3936 6348
114 332 239 430 tos

1475 322 2031 421 .rnOLsconsxs.

3283 329 3396 417 ira

113 490 277 563 idem
302 489 478 563 ipsum
505 504 647 554 esse,
674 503 781 558 quo
811 483 1133 567 Viennensis
1181 478 1570 557 Martyrologus
1618 452 1711 535 ad?
1741 479 1786 542 Α
1889 454 2109 549 sumptu
2146 488 2443 575 procurata
2501 475 2734 575 fuerunt.
2793 456 2979 547 Capita
3035 450 3126 532 hic
3154 456 3412 575 nomian

106 583 277 654 intus
303 592 408 648 est,
439 583 547 639 imo
569 573 655 638 ex
673 596 782 652 quo
809 580 1094 652 plerosque
1118 591 1335 634 sanctos
1369 593 1496 632 suos
1526 573 1715 634 diebus

112 671 361 746 singulis
384 671 641 728 extraxit.
670 669 806 724 Cum
831 678 1011 724 autem
1035 669 1288 739 deinceps
1313 666 1591 739 probaturi
1642 666 1713 722 si-

115 779 278 832 mus,
302 761 611 821 Usuardum
640 769 751 815 toto
776 775 873 815 suo
898 760 1061 830 Opere
1109 758 1314 814 Adonis
1365 757 1713 828 compendia-

121 866 310 910 torem
364 859 874 923 contractoremque
931 850 1118 916 fuisse,
1144 850 1426 922 perspicue
1469 846 1714 907 concludi

117 945 355 1016 poterit,
378 943 680 1000 Romanum
706 951 861 997 vetus
891 957 985 996 seu
1014 957 1264 1013 parvum,
1295 939 1526 996 Usuardi
1556 956 1714 995 avum

119 1051 277 1101 esse,
301 1034 545 1091 Adonem
572 1031 691 1104 ejus
734 1043 975 1103 patrem;
1032 1033 1086 1087 id
1142 1032 1286 1102 quod
1332 1018 1508 1103 capite
1557 1032 1718 1087 tertio

119 1129 243 1185 erit
266 1112 699 1200 petractandum.
729 1122 847 1193 Quo
875 1124 1095 1191 deinde,
1125 1125 1286 1197 longo
1307 1125 1497 1181 ordine
1518 1140 1712 1194 seque-

123 1230 227 1276 tur
264 1226 378 1275 tota
396 1214 637 1274 Usuardi
673 1216 984 1288 progenies,
1030 1233 1124 1273 seu
1167 1217 1383 1272 codices
1404 1216 1483 1270 illi
1509 1215 1714 1271 Usuar-

123 1308 252 1364 dini
281 1322 495 1371 omnes,
516 1322 586 1363 ex
613 1305 811 1378 quibus
838 1306 1129 1376 genuinum
1178 1305 1297 1375 ejus
1352 1305 1716 1378 Martyrologii

125 1407 373 1465 textum,
395 1398 664 1468 simulque
693 1396 947 1452 Auctaria
984 1397 1211 1452 seorsim
1232 1396 1456 1452 collecta
1504 1398 1717 1453 desum-

125 1488 364 1560 psimus.
392 1487 516 1543 Haec
547 1474 722 1557 prima
754 1483 954 1550 fronte,
985 1500 1054 1540 ex
1085 1485 1201 1557 ipsa
1234 1501 1412 1541 rerum
1445 1485 1717 1557 plerisque

127 1581 506 1653 ignoratarum
570 1578 736 1634 nimia
806 1578 1088 1645 varietate,
1150 1577 1395 1634 nonnihil
1461 1570 1715 1645 obscura,

130 1680 255 1727 toto
293 1671 627 1744 praefationis
668 1673 921 1739 decursu,
954 1671 1125 1740 clare,
1151 1680 1211 1728 ut
1262 1671 1495 1739 confido,
1555 1680 1718 1742 atque

130 1762 373 1835 dilucide
415 1762 756 1818 evolvenlur.

559 1858 847 1928 CAPUT
876 1857 1273 1927 .PBIMUM.

130 1961 755 2049 Martyrologiorum
773 1970 1177 2049 antiquorum
1198 1970 1361 2030 inter
1376 1988 1442 2031 se
1467 1987 1542 2032 ac
1572 1987 1716 2032 cum

318 2045 603 2109 Πειλαὲάο
634 2045 1081 2127 propinquitas
1116 2056 1170 2108 et
1204 2049 1537 2110 connexio.

208 2144 475 2200 ilJlulta
522 2145 730 2215 pridem
775 2161 808 2201 a
852 2144 1089 2211 Molauo,
1137 2146 1391 2212 Baronio,
1434 2147 1713 2212 Bollando,

132 2233 498 2300 llenscheuio,
524 2235 914 2306 Papebrocbio,
956 2236 1290 2294 Florentinio
1344 2239 1573 2310 aliisque
1624 2241 1715 2297 do-

133 2327 395 2383 ctissimis
415 2327 546 2383 viris
572 2327 835 2398 praeclare
873 2327 1143 2399 disputata
1174 2337 1301 2386 sunt
1327 2329 1394 2386 de
1443 2329 1713 2401 Martyru-

137 2422 405 2493 logiornm
430 2423 659 2495 origine,
685 2424 1015 2493 primordiis,
1041 2434 1098 2483 et
1119 2426 1498 2493 incrementis;
1538 2428 1715 2499 deque

140 2527 334 2566 eorum
363 2512 686 2577 diversitate,
721 2523 886 2584 prout
910 2532 941 2571 a
968 2517 1138 2574 variis
1187 2518 1544 2587 scriptoribus
1597 2520 1712 2590 pri-

137 2620 296 2658 mum
321 2603 547 2660 conﬂata
574 2605 801 2661 fuerant.
829 2606 1012 2663 Crevit
1029 2624 1220 2665 earum
1243 2625 1426 2665 rerum
1477 2609 1714 2678 penitius

129 2695 626 2766 iuvestigandarum
650 2696 911 2764 studium,
942 2710 1288 2757 accrescente
1312 2701 1569 2771 paulatim
1595 2715 1709 2759 mae

124 2786 231 2851 reri
261 2785 403 2850 lucc,
433 2798 718 2857 poSanam
740 2788 1045 2859 antiquiora
1068 2789 1449 2862 Martyrologis
1469 2805 1502 2845 e
1522 2788 1714 2846 biblio-e

128 2879 415 2934 thecarum
441 2879 656 2936 scriniis
675 2878 888 2943 educta,
911 2890 1158 2952 typorum
1182 2881 1447 2941 beneﬂcio
1466 2883 1711 2939 monium

126 2972 385 3030 manibus
413 2974 511 3029 teri
535 2983 838 3044 ceperunt.
868 2971 1013 3030 Nihil
1050 2974 1140 3031 hic
1158 2976 1232 3032 ad
1255 2991 1356 3032 nos
1401 2976 1596 3034 attinet
1645 2992 1712 3033 ca

128 3074 402 3134 repetere,
430 3080 551 3134 qtae
570 3081 600 3118 a
628 3065 948 3122 clarissimis
971 3065 1078 3123 iliis
1126 3067 1538 3138 uotissiutisque
1578 3068 1714 3124 scri-

127 3155 401 3225 ptoribus,
424 3155 730 3226 praesertim
757 3172 787 3210 a
816 3165 1003 3211 nostro
1029 3156 1288 3213 Bollando
1316 3156 1488 3223 clare,
1514 3157 1616 3214 dist
1627 3158 1711 3214 in-
1739 3181 1786 3244 ρ

123 3256 218 3302 cte
237 3255 302 3302 et
325 3246 537 3302 erudite
557 3245 826 3316 explicata
852 3256 998 3302 sunt.
1026 3244 1204 3303 Unum
1228 3257 1339 3313 est,
1385 3248 1439 3303 in
1466 3263 1575 3319 quo
1621 3250 1717 3305 de-

128 3339 327 3392 fecisse
345 3353 557 3403 omnes,
589 3338 660 3392 sit
688 3336 854 3393 verbo
879 3338 1062 3402 venia,
1099 3339 1153 3393 in
1180 3354 1308 3409 quo,
1349 3339 1595 3409 inquam,
1618 3338 1716 3395 de-

125 3428 331 3485 fecisse
357 3429 502 3498 ipsos
532 3429 927 3495 animadverto,
981 3429 1257 3495 nimirum,
1302 3431 1448 3500 quod
1477 3430 1716 3501 singulo:

127 3532 252 3572 rum
274 3516 778 3589 Hartyrologiorum
814 3526 1091 3584 auctores,
1144 3527 1360 3576 aetatem
1410 3526 1469 3575 et
1518 3519 1715 3595 chara-3

122 3616 316 3671 cteres
340 3609 552 3679 aliquos
572 3610 746 3666 solum
788 3611 1171 3677 describendo,
1200 3626 1267 3667 eo
1287 3621 1573 3682 penetrare
1618 3627 1716 3683 ne:

122 3698 424 3767 glexerint,
458 3700 597 3756 unde
619 3702 841 3757 eosdem
866 3703 1012 3759 inter
1027 3718 1097 3760 'se
1147 3706 1542 3776 componendo,
1605 3725 1712 3766 una

120 3789 525 3857 explorassent,
549 3806 672 3861 quae
710 3792 1032 3864 primigenia
1079 3793 1584 3870 Martyrologiorum
1624 3816 1718 3856 ca-

123 3881 268 3951 pita,
298 3898 421 3952 qua:
436 3883 678 3952 qualisve
704 3895 1025 3941 cteterorum
1047 3902 1113 3943 ex
1141 3889 1413 3959 prioribus
1451 3891 1719 3950 derivatio

127 3982 232 4026 aut
257 3974 493 4045 genesis,
525 3990 753 4046 quasque
775 3977 1001 4046 proinde
1026 3978 1171 4035 inter
1193 3979 1584 4054 Martyrologos
1600 3998 1719 4040 om-

129 4074 235 4115 nes
282 4059 612 4129 coniunctio,
667 4066 955 4130 connexio,
999 4068 1398 4139 propinquitas,
1462 4072 1715 4137 afﬁnitas,

128 4149 224 4205 vel
248 4153 708 4224 consanguinitas.
733 4153 923 4212 Liceat
951 4158 1083 4215 mihi
1120 4161 1267 4217 hisce
1293 4163 1372 4218 uti
1419 4165 1717 4233 vocabulis,

125 4241 204 4295 ad
232 4255 347 4297 rem
400 4242 660 4301 hactenus
702 4246 991 4316 implexam
1044 4258 1100 4304 et
1150 4250 1467 4320 involutam,
1515 4265 1718 4325 quanta

125 4343 329 4403 potem
358 4337 740 4406 perspicuitate
765 4338 1157 4396 illustrandam.
1196 4342 1316 4399 Jam
1339 4343 1716 4417 Martyrologia

124 4424 321 4480 omnia
350 4426 597 4493 classica,
644 4446 738 4486 seu
791 4448 912 4502 qua:
967 4433 1315 4505 antiquorum
1362 4440 1716 4509 praerogativa

1818 566 2195 641 Martyrologia
2229 570 2335 634 illa,
2368 584 2487 641 qua:
2513 570 2686 639 prima
2745 583 2839 625 seu
2890 568 3223 638 autographa
3265 566 3406 641 ceu:-

1816 659 1923 715 seri
1949 636 2166 726 debent,
2197 636 2528 731 utpote-quae—
2548 673 2613 713 ex
2644 656 2788 714 nullo
2818 636 3221 723 altero,saltem
3248 636 3392 733 quod

1816 748 1975 804 modo
1999 749 2251 820 supersit,
2284 749 2631 817 transcripta,
2664 745 2843 803 fontes
2865 748 2978 819 ipsa
3004 747 3222 813 fuerint,
3252 748 3397 833 und,

1816 841 2110 912 scriptores
2149 839 2488 912 Martyrologi
2516 840 2605 894 alii
2660 854 2785 895 suas
2836 857 3003 911 aquas
3032 836 3033 839 “
3059 841 3393 897 derivarunt.

1820 933 1895 988 Ex
1924 935 2006 990 his
2033 935 2288 1003 primum,
2318 933 2667 1004 praecipuum,
2697 943 2752 989 et
2771 934 3196 989 vetustissimum
3230 950 3399 1007 agno-

1818 1026 2041 1092 scimus,
2071 1025 2215 1097 quod
2244 1026 2344 1081 sub
2368 1025 2581 1081 Eusebii
2607 1025 2692 1079 vel
2714 1026 2894 1097 potius
2921 1025 3259 1098 Hieronymi,
3310 1026 3397 1093 vel

1818 1120 2103 1189 utriusque
2174 1120 2391 1175 nomine
2443 1117 2844 1186 circumfertur,
2898 1118 3012 1175 sive
3082 1119 3211 1174 illud
3269 1106 3399 1175 vere
3466 1132 3477 1136 ‘

1817 1209 1886 1265 ab
1913 1209 2045 1281 ipsis
2091 1210 2365 1265 conditum
2391 1208 2577 1274 fuerit,
2608 1209 2722 1267 sive
2750 1224 2779 1263 a
2808 1209 3042 1280 posteris
3082 1209 3218 1265 falso
3262 1209 3397 1280 ipsis

1816 1303 2136 1373 ascriptum,
2178 1303 2243 1359 de
2289 1317 2397 1373 quo
2416 1292 2577 1374 paulo
2608 1310 2731 1373 post
2756 1303 3027 1372 copiosius
3052 1303 3397 1358 tractandum

1816 1391 1941 1446 erit.
1966 1389 2166 1447 Locum
2196 1390 2264 1446 ab
2292 1391 2396 1446 hoc
2434 1391 2735 1463 proximum
2764 1401 2911 1447 tenet
2938 1391 3151 1448 celebre
3179 1392 3322 1448 aliud
3360 1407 3394 1455 a

1821 1480 2123 1538 Venerabili
2147 1481 2290 1537 Beda
2317 1484 2695 1555 compositum,
2727 1499 2834 1538 non
2858 1482 2969 1554 jam
2991 1484 3395 1554 supposititium

1819 1574 1947 1631 illud
1976 1590 2007 1629 a
2035 1574 2285 1630 Plautino
2320 1574 2546 1640 editum,
2578 1576 2670 1630 sed
2693 1576 2984 1646 genuinum
3023 1577 3218 1646 ipsum,
3250 1575 3397 1646 quod

1820 1682 1851 1721 a
1880 1665 2039 1723 Floro
2061 1665 2492 1722 nominatissimo
2535 1665 2910 1737 Lugdunensis
2954 1666 3217 1722 Ecclesia:
3266 1668 3397 1723 sub-

1820 1757 2051 1813 diacono
2084 1765 2301 1813 auctum
2334 1756 2525 1823 fuisse,
2564 1757 2712 1814 clare
2757 1767 2813 1813 ct
2857 1759 3059 1814 diserte
3087 1758 3157 1814 ab
3209 1758 3401 1839 Adone

1741 1832 1789 1894 Β
1819 1856 2097 1915 testatum,
2127 1857 2313 1920 postea
2350 1850 2714 1906 ostendemus.
2764 1850 3007 1906 Tertium
3042 1866 3205 1921 porro
3258 1832 3396 1906 dici;

1816 1953 1958 2000 mus.
1990 1938 2163 2010 ipsum
2191 1938 2341 2004 illud,
2367 1939 2508 2010 quod
2538 1938 2792 2011 praefatus
2825 1939 2944 1995 Ado
2993 1939 3265 1996 Ravenna:
3311 1926 3398 1996 re-

1813 2038 2047 2100 portum.
2077 2040 2135 2087 et
2157 2047 2188 2087 a
2218 2031 2469 2103 religioso
2489 2029 2681 2097 fratre,
2712 2030 2812 2086 sibi
2846 2032 3168 2100 praestitum,
3198 2031 3397 2105 ibidem

1816 2123 2225 2194 transcriptum,
2258 2124 2309 2178 in
2333 2124 2514 2193 capite
2563 2121 2926 2194 Martyrologii
2954 2124 3037 2178 sui
3086 2124 3396 2192 ponendum

1815 2215 2041 2284 putavit,
2076 2214 2218 2285 quod
2244 2213 2530 2285 Rosweydi
2584 2215 2753 2272 nostri
2807 2231 2938 2270 cura
2988 2216 3219 2286 primum
3271 2233 3396 2283 cum

1815 2306 2003 2363 Adone
2027 2307 2084 2362 iu
2104 2307 2277 2363 lucem
2306 2307 2507 2378 prodiit
2536 2322 2677 2362 anno
2703 2307 2857 2373 1615,
2891 2309 3142 2379 quodque
3168 2324 3199 2362 a
3258 2309 3397 2362 mul-

1819 2398 1888 2453 tis
1921 2398 2148 2454 subinde
2174 2398 2472 2465 laudatum,
2521 2399 2616 2455 sed
2642 2414 2675 2453 a
2705 2398 2948 2470 pluribus
2994 2398 3261 2455 acerrime
3302 2415 3398 2472 0p:

1815 2498 2133 2561 pugnatum,
2159 2499 2275 2547 toto
2297 2492 2545 2562 sequenti
2573 2491 2755 2563 capite
2786 2490 3165 2547 vindicandum
3211 2507 3397 2548 susce-

1816 2580 1996 2653 pimus
2210 2658 2213 2665 η

1888 2694 1986 2749 15.ο
2013 2693 2128 2751 Hos
2153 2709 2255 2766 ego
2283 2694 2573 2765 primarius
2607 2695 2822 2767 stipites
2847 2712 2943 2754 seu
2990 2697 3192 2768 stirpes
3232 2714 3395 2764 vom,

1815 2784 1959 2839 unde
1994 2785 2045 2840 in
2083 2795 2196 2842 tres
2222 2787 2564 2858 potissimum
2590 2789 2814 2853 classes,
2857 2791 3054 2856 tribus,
3087 2807 3184 2846 seu
3237 2792 3400 2847 fami.

1813 2875 1916 2933 lias
1929 2876 2277 2948 primigenias
2294 2887 2402 2933 tota
2425 2876 2557 2934 Mart
2565 2881 2928 2953 ymlogiornm
2942 2883 3191 2953 prosapia
3211 2884 3399 2939 distri-

1773 3002 1776 3004 η
1816 2969 2033 3039 buatur.
2063 2967 2145 3025 Ex
2174 2970 2261 3026 bis
2286 2985 2418 3026 vero
2442 2972 2720 3043 primaria,
2744 2983 2805 3028 ut
2846 2974 3040 3030 iterum
3087 2975 3288 3043 dicam,
3341 2987 3400 3033 et

1817 3062 1988 3133 magis
2012 3061 2120 3120 late
2154 3072 2345 3134 patens
2366 3065 2524 3120 radix
2549 3066 2885 3135 prndicanda
2913 3075 2997 3125 est
3024 3068 3401 3147 Hieronymia-

1816 3169 1967 3221 num,
2015 3164 2075 3211 ut
2108 3158 2351 3211 omnium
2393 3158 2852 3228 antiquissimum,
2902 3160 2977 3214 ita
3032 3160 3400 3231 feracissimus

1821 3243 2040 3310 fundus,
2071 3245 2122 3300 in
2150 3260 2259 3317 quo
2284 3255 2426 3302 nata:
2473 3247 2698 3303 arbores
2748 3248 2801 3303 in
2829 3263 3046 3306 omnem
3068 3260 3278 3321 partem
3312 3267 3401 3307 ra-

1817 3349 1934 3390 mos
1991 3336 2377 3399 ostenderint;
2439 3346 2569 3408 puta
2616 3338 3008 3412 Martyrologos
3056 3342 3194 3397 alios
3231 3358 3401 3414 prope

1815 3439 2007 3482 omnes
2030 3440 2099 3481 ex
2128 3426 2245 3495 ipso
2271 3426 2361 3482 illo
2383 3427 2663 3497 primario,
2715 3429 2769 3484 in
2798 3444 2957 3503 _0pus
3002 3447 3158 3487 suum
3197 3434 3401 3503 aliquid

1817 3514 2201 3593 transfudisse.
2236 3515 2420 3571 Visum
2454 3532 2489 3572 a
2537 3516 2683 3573 Beda
2720 3517 3034 3592 Hieronymi
3081 3522 3403 3596 Martyrolo-

1816 3604 1983 3677 gium,
2012 3621 2077 3660 ex
2107 3605 2389 3675 ipsiusmet
2409 3607 2590 3662 verbis
2606 3606 2753 3663 infra
2773 3608 3007 3666 citandis
3027 3611 3217 3667 deduci
3243 3628 3402 3681 pos~e

1816 3697 2061 3761 videtur,-
2081 3698 2190 3755 imo
2217 3713 2416 3771 negare
2462 3699 2553 3756 vix
2603 3699 2798 3768 ausim,
2859 3701 3039 3772 aliqua
3086 3716 3398 3776 sanctorum

1817 3791 2037 3847 nomina
2069 3791 2475 3849 verosimillime
2500 3807 2569 3848 ex
2592 3807 2701 3849 uno
2718 3792 2949 3851 alterum
2975 3795 3276 3851 transiisse.
3317 3796 3397 3851 An

1820 3880 1963 3936 idem
1984 3881 2050 3937 de
2072 3878 2322 3955 Romano
2360 3882 2547 3939 veteri.
2562 3898 2657 3939 seu
2712 3898 2885 3955 parvo
2936 3898 3092 3955 aeque
3138 3884 3400 3951 allirmari

1819 3971 2008 4043 possit,
2043 3971 2223 4028 fateor.
2248 3973 2380 4029 mihi
2434 3975 2664 4031 necdum
2714 3977 3073 4048 undequaque
3123 3986 3398 4040 constare,

1820 4062 2220 4134 tametsilonga
2261 4070 2317 4119 et
2345 4064 2528 4120 sedula
2542 4066 2934 4136 disquisitione
2957 4066 3013 4122 id
3032 4067 3247 4138 assequi
3285 4075 3398 4121 stu.

1819 4153 2126 4210 diosissime
2169 4162 2397 4210 conatus
2417 4153 2633 4210 fuerim.
2686 4154 3047 4213 Nihilominus
3101 4166 3157 4213 et
3193 4156 3400 4219 Bedai‘o

1820 4244 2307 4316 Martyrologorum
2332 4254 2494 4314 caput
2517 4247 2826 4312 statuimus,
2855 4248 3018 4319 idque
3046 4248 3187 4304 adeo
3221 4251 3400 4317 maxiv

1814 4351 1930 4411 _me,
1959 4336 2229 4406 quoniam
2246 4334 2508 4408 singulari
2557 4337 2747 4392 ordine
2787 4347 2843 4392 et
2891 4337 3031 4415 sty'lo
3082 4337 3401 4409 Martyrolo-

1820 4430 1968 4501 gium
1991 4430 2292 4499 proprium,
2321 4438 2381 4486 ut
2401 4438 2463 4485 ut
2485 4430 2871 4500 incompletum
2899 4431 3208 4498 adornavit,
3254 4437 3399 4503 quod

121 4524 190 4569 et
218 4518 543 4574 auctoritate
586 4521 842 4590 gaudent,
891 4523 1005 4579 suis
1061 4525 1369 4582 nominibus
1412 4525 1712 4598 appellavi;
1744 4543 1795 4603 Β
1822 4521 2057 4592 primum
2080 4537 2111 4575 a
2142 4520 2324 4585 Floro,
2354 4522 2478 4577 inde
2500 4521 2569 4578 ab
2588 4523 2976 4590 aliisauctum,
3002 4537 3141 4595 pene
3160 4524 3399 4581 dicerem

128 4605 550 4677 Hieronymiana
579 4626 794 4682 nempe,
844 4612 1066 4680 Bedam,
1118 4614 1363 4682 Florum,
1410 4616 1715 4677 Romanum
1822 4612 2202 4677 deformatum,
2236 4612 2462 4684 vestigia
2492 4621 2669 4671 tamen
2717 4612 2896 4685 aliqua
2912 4631 3175 4689 semper.
3195 4628 3401 4683 servat,

126 4710 388 4764 parvum,
404 4695 710 4767 Rabanum,
735 4700 1203 4770 Wandalbcrtum,
1228 4705 1493 4775 Adonem,
1516 4709 1714 4769 Usuar—

130 4789 265 4843 dum
301 4798 358 4845 et
392 4789 705 4848 Notkerum.
740 4792 1011 4863 Quaeritur
1049 4798 1138 4855 hic
1171 4786 1423 4870 quisnam
1464 4802 1608 4859 inter
1654 4805 1719 4858 ilo

129 4878 217 4933 los
240 4880 393 4941 ordo,
421 4881 595 4951 dicam
618 4899 688 4938 an
725 4885 1138 4954 subordinatio,
1159 4889 1250 4958 qui
1274 4891 1481 4960 proavi,
1507 4894 1598 4962 qui
1624 4909 1720 4962 pa-

130 4978 277 5035 tres,
300 4971 390 5039 qui
414 4971 537 5040 filii,
564 4974 657 5043 qui
688 4977 935 5046 cognati;
966 4976 1135 5035 verba
1159 4979 1356 5047 dicam,
1413 4997 1522 5053 quo
1542 4998 1602 5039 se
1658 4984 1713 5038 in

134 5060 311 5121 vicem
335 5062 753 5135 propinquitatis
780 5068 950 5138 gradu
983 5069 1339 5140 contingant?
1490 5134 1495 5137 _
1698 5118 1701 5125 .

211 5150 298 5204 l2.
329 5152 444 5225 Ego
463 5152 542 5209 sic
581 5156 869 5223 existimo,
905 5158 983 5225 ad
1000 5161 1100 5216 tria
1122 5160 1469 5231 potissimum
1517 5166 1716 5235 capita,

132 5240 374 5305 radices,
406 5243 657 5317 stipites,
687 5261 784 5307 seu
825 5247 1021 5305 fontes.
1063 5251 1249 5307 reduci
1281 5254 1503 5309 ouinino
1561 5268 1720 5324 posse

131 5330 526 5410 Martyrologos
549 5352 874 5404 omnes,.seu
898 5342 1083 5411 potius
1107 5358 1296 5400 eorum
1320 5344 1719 5417 Martyrologia,

126 5440 371 5501 quorum
402 5429 640 5494 surculi,
658 5431 931 5498 rami,.vel
951 5433 1121 5491 rivali.
1136 5435 1242 5491 dici
1263 5435 1520 5502 debeant,
1562 5447 1723 5508 quot-

126 5526 271 5588 quot
295 5518 403 5575 buc
452 5535 641 5592 usque,
689 5523 893 5596 saltem.
947 5523 1175 5598 alicuius
1221 5527 1459 5584 nominis
1507 5528 1722 5600 vulgata

122 5620 287 5687 sunt,
302 5610 410 5681 vel
430 5600 1117 5686 manuscriptacxstantjn
1138 5616 1304 5673 variis
1355 5616 1723 5686 bibliothecis,

126 5722 202 5772 es
225 5704 425 5779 quibus
450 5710 779 5791 apograpba,
806 5710 875 5768 ad
892 5709 1429 5793 ﬁumttntmostntm
1459 5713 1529 5769 ab
1582 5714 1723 5770 ami-

127 5801 219 5858 cis
250 5802 593 5871 transmissa,
618 5811 756 5859 auta
785 5804 1080 5872 maioribus
1096 5803 1296 5861 nostris
1317 5820 1512 5876 magno
1538 5805 1740 5863 laboro-

1819 4717 1888 4757 ex
1916 4702 2114 4772 quibus
2134 4703 2203 4758 ab
2230 4701 2350 4758 aliis
2370 4703 2628 4773 distingui
2646 4705 2929 4774 .possit,ut
2953 4715 3219 4767 anteme.
3235 4722 3399 4764 accur

1820 4803 1939 4849 rate
1982 4782 2367 4850 ‘ohservarunt
2415 4789 2787 4856 Henschenius
2818 4806 2916 4853 .et
2977 4797 3402 4870 Papebrocbius,

1822 4886 1948 4940 dum
2000 4884 2131 4941 illud
2191 4895 2289 4940 aut
2339 4895 2697 4956 purumhaut
2743 4904 2881 4959 puro
2928 4884 3236 4961 proximum
3290 4893 3406 4949 edis-

1822 4977 1955 5031 dere
1985 4985 2113 5031 ante
2138 4984 2344 5034 tomum
2372 4976 2419 5033 ll
2440 4975 2618 5034 Martii
2642 4979 2724 5037 .de
2740 4980 2909 5036 ‘Actis
2928 4991 3243 5039 sanctorum
3259 4998 3406 5039 anno

1823 5065 1983 5122 1668.
2022 5067 2204 5138 Atque
2231 5068 2348 5127 hac
2390 5070 2587 5127 iterum
2611 5071 2788 5128 obiter
2811 5073 2971 5131 dicta.
2991 5084 3138 5140 sunt,
3171 5075 3407 5145 propriis

1818 5156 1956 5223 locis
1982 5158 2038 5213 in
2067 5156 2227 5227 hujus
2249 5160 2444 5236 capitis
2460 5160 2946 5222 decursuuberius
2969 5167 3326 5238 explananda.
3374 5202 3383 5215 ρ

1820 5294 1831 5315 η.
1896 5248 1991 5303 lt.
2020 5247 2119 5305 Est
2146 5248 2310 5320 igitur
2331 5260 2519 5306 nostra
2568 5248 3001 5312 fundamentalis
3037 5256 3290 5321 assertio,
3331 5250 3404 5313 ab

1824 5341 1913 5398 bis
1940 5339 2115 5397 tribus
2133 5340 2616 5413 Martyrologorum
2643 5344 3040 5413 quodammodo
3053 5347 3403 5415 patriarchis,

1827 5432 2067 5509 reliquos
2078 5445 2271 5488 omnes
2283 5430 2522 5504 legitima
2542 5432 2886 5489 successione
2900 5435 3253 5509 descendere;
3270 5422 3408 5507 qua.

1826 5523 1905 5580 les
1932 5533 2059 5580 sunt
2081 5523 2358 5597 Rabanus,
2377 5523 2525 5591 .Ado,
2548 5521 2844 5592 Usuardus,
2877 5524 3162 5591 Notkerus,
3205 5538 3263 5583 et
3288 5533 3407 5600 qui.

1819 5634 2042 5693 .ounque
2071 5619 2162 5675 alii
2197 5618 2267 5674 ab
2296 5619 2463 5687 hisee,
2530 5628 2785 5689 tanquam
2813 5621 3085 5692 stipitibus
3140 5623 3407 5681 subalter~

1826 5712 1934 5777 nis,
1954 5726 2063 5773 sua
2090 5710 2459 5781 desumpsisse
2486 5712 2978 5783 deprehenduntur.
3039 5714 3121 5771 Ex
3144 5705 3253 5787 qua
3282 5727 3395 5788 pro,

1827 5807 1943 5878 prie
1990 5805 2171 5863 radice
2215 5804 2533 5876 proﬂuxerit
2585 5806 2840 5864 mctricus
2881 5804 2965 5863 illc
3018 5807 3431 5881 Martyrologus.
