3936 6348
510 322 653 401 te":

1464 336 1837 395 USUAHDUS
1872 334 2248 429 MONACHUS
2276 338 2935 433 SANGEHMMNENSIS.

3716 344 3827 402 ιεε

528 450 994 517 ηῖνειηάειηιαωῑ,
1041 461 1192 508 certo
1250 451 1586 520 exploratum
1639 465 1744 504 non
1797 422 1988 505 habeo.
2047 450 2125 505 Ex
2154 455 2201 528 Α
2230 451 2437 522 pridem
2465 424 2697 507 firmiter
2737 452 3051 518 invaluertt,
3087 458 3580 526 .nreteravcritque
3636 459 3826 528 opinio

545 543 689 600 Beda
712 552 993 613 acceptum
1018 541 1258 597 nonnulli
1310 540 1569 594 volucre:
1620 539 1736 608 ipse
1787 554 1845 595 se
1896 538 2122 595 subsidii

546 634 782 707 primum
828 648 861 688 a
909 632 1071 688 Floro
1107 630 1359 686 habuiSse
1392 628 1614 684 fatetur.
1661 628 1774 698 Ego
1825 628 2123 699 ﬂorilegum

552 734 711 796 puto.
745 721 841 794 qui
865 723 994 778 hinc
1023 721 1146 776 inde
1176 720 1322 773 varia
1351 728 1661 775 sanctorum
1694 719 1933 783 nomina,
1983 717 2125 773 forte

547 816 799 872 versibus
822 811 1029 885 aptiora
1056 810 1404 881 decerpserit,
1451 808 1538 863 de-
1565 824 1672 878 quo
1726 808 1971 880 pluribus
2025 822 2123 864 suo

542 904 667 964 loco
688 895 1350 967 dicam.Atcertum'est,
1402 901 1683 956 Habanum
1735 915 1800 955 ex
1840 898 1986 954 Beda
2029 897 2124 983 de-

543 1000 834 1071 scriptum,
868 1012 933 1053 ex
957 996 1289 1068 Hieronymo
1315 1003 1556 1059 auctum,
1586 1001 1641 1048 et
1668 991 1939 1048 nonnullis
1969 989 2124 1045 addi-

545 1090 618 1145 tis
639 1100 734 1144 aut
764 1089 936 1143 fusius
958 1087 1223 1145 deductis.
1252 1085 1322 1140 ab
1347 1094 1569 1139 auctore
1597 1082 1923 1152 completum
1977 1094 2119 1136 esse.

542 1192 660 1246 Ade
709 1184 1007 1260 genitorem
1061 1202 1219 1242 suum
1273 1185 1445 1257 digito
1492 1181 1954 1244 commonstravit.
1996 1180 2123 1235 dum

543 1282 844 1337 Romanum
870 1294 1099 1351 parvum
1138 1278 1288 1348 operi
1338 1276 1588 1348 praefixit,
1631 1284 1687 1329 et
1711 1273 1902 1329 diebus
1956 1286 2125 1344 prope

540 1373 767 1445 singulis
797 1386 859 1427 ex
888 1387 954 1427 co
975 1378 1192 1425 sanctos
1215 1384 1344 1425 suos
1377 1366 1780 1422 evidentissime
1802 1362 2123 1433 desumpsit.

538 1458 650 1517 Nec
689 1461 869 1516 minus
889 1469 1099 1515 certum
1127 1466 1211 1513 est
1240 1466 1406 1512 totum
1429 1455 1660 1513 Usuardi
1682 1452 2123 1526 Martyrologium
2168 1480 2171 1483 -

537 1564 605 1603 ex
620 1548 809 1605 Adone
829 1555 1168 1603 contractum
1191 1561 1333 1610 esse,
1349 1545 1556 1600 sanctis
1574 1544 1902 1615 martyribus
1921 1542 2125 1598 Cordu-

539 1639 1573 1712 bensibus,nonnullisllieronymianis,
1601 1638 1872 1692 nonnullis
1899 1636 2123 1709 popula-

540 1732 718 1798 ribus,
746 1748 810 1788 ac
834 1732 1022 1803 paucis
1041 1730 1255 1785 aliunde
1286 1729 1507 1784 unitatis
1536 1737 1995 1800 coagmentatum.
2028 1727 2123 1782 Be-

2179 521 2190 541 ’
2226 521 2664 614 Martyrologium
2692 540 2908 612 aliquod
2937 544 3006 599 ab
3038 554 3228 600 sancto
3266 521 3611 619 Hieronymo
3665 521 3821 604 corn-

2222 634 2457 704 positum
2488 632 2678 690 fuisse.

2295 732 2385 789 l6.
2407 732 2514 789 Pro
2537 734 2810 805 opinionis
2824 734 2943 804 jam
2968 736 3129 792 dicta:
3153 746 3421 794 vetustate
3442 739 3700 810 abusque
3730 757 3823 797 sa:-

2222 826 2347 882 culo
2378 834 2532 882 sexto
2552 836 2662 883 stat
2702 826 3009 883 Cassiodori
3062 830 3383 896 auctoritas,
3441 846 3507 887 ex
3558 829 3713 885 libro
3758 832 3822 887 de

2223 916 2560 973 institutione
2588 916 2892 973 divinarum
2936 917 3283 986 Lectionum,
3311 936 3432 989 cap.
3453 921 3551 986 52,
3609 936 3643 974 a
3700 919 3817 975 Bol—

2223 1008 2387 1066 lando
2411 1009 2634 1065 recitata
2659 1025 2792 1081 ;pro
2820 1008 3017 1066 szeculo
3037 1011 3269 1082 septimo
3312 1018 3419 1067 stat
3464 1010 3819 1065 notissimu-

2223 1098 2383 1179 Bedae
2418 1100 2812 1167 testimonium,
2839 1099 3246 1156 Rctractatione
3275 1101 3328 1156 in
3346 1102 3519 1157 Vetus
3543 1101 3816 1171 apostolo-

2225 1205 2367 1255 rum,
2391 1205 2511 1261 cap.
2542 1191 2567 1246 l
2602 1209 2615 1244 :
2649 1209 2668 1242 ι
2700 1190 2907 1258 Quibus
2933 1191 3311 1262 adstipulatur,
3344 1192 3547 1263 inquit,
3605 1202 3667 1247 et
3690 1192 3818 1259 liber

2225 1281 2613 1354 Martyrologii,
2638 1283 2731 1352 qui
2766 1283 2907 1337 beati
2933 1281 3245 1355 Hieronymi
3279 1284 3499 1338 nomine
3550 1299 3618 1337 ac
3674 1299 3808 1353 pra.

2227 1370 2428 1426 latione
2448 1371 2774 1437 attitulatur,
2800 1371 3049 1440 quamvis
3079 1371 3219 1428 idem
3246 1373 3615 1447 Hieronymus
3669 1374 3813 1429 illius

2226 1461 2349 1516 libri
2372 1476 2479 1515 non
2502 1469 2715 1527 auctor,
2752 1462 2846 1516 sed
2868 1462 3160 1534 interpres,
3191 1463 3457 1519 Eusebius
3487 1472 3685 1520 autem
3728 1481 3814 1519 au-

2225 1562 2346 1608 ctor
2374 1553 2651 1610 exstitisse
2694 1563 2987 1609 narretur:
3029 1575 3049 1606 ι
3084 1554 3322 1611 Manavit
3353 1556 3559 1612 deinde
3616 1558 3679 1612 in
3727 1573 3813 1627 po-

2227 1652 2402 1698 steros
2430 1642 2653 1714 praefata
2682 1644 2885 1714 opinio,
2922 1660 2951 1698 a
2979 1644 3283 1701 Walafrido
3320 1645 3593 1703 Strabone
3622 1658 3689 1703 et
3708 1648 3811 1721 ple.

2227 1736 2410 1804 risque
2431 1736 2612 1791 szcculi
2648 1737 2772 1790 noni
2797 1736 3190 1809 Martyrologis,
3214 1737 3591 1795 disertissimis
3635 1741 3810 1795 verbis

538 1822 664 1877 dam
692 1821 855 1876 etiam
886 1828 1131 1876 secutum
1151 1833 1212 1874 se
1237 1810 1409 1874 fuisse
1431 1826 1663 1872 testatur
1691 1817 1989 1880 Usuardus,
2040 1816 2116 1871 id—
2145 1817 2191 1877 Β
2218 1825 2562 1890 conﬁrmata,
2610 1828 2934 1898 duravilque
2958 1830 3242 1893 hactenus,
3268 1831 3482 1884 ιτιιιιειεὶ
3509 1845 3608 1899 per
3656 1830 3808 1885 [nulla

539 1928 651 1984 que
694 1913 749 1968 in
795 1912 1266 1969 observationibus
1311 1912 1531 1975 nostris,
1576 1913 1702 1965 dum
1752 1909 1962 1965 locutus
2015 1916 2118 1975 est,

536 1992 725 2062 sedulo
743 2004 1078 2059 adnotamus.
1099 2004 1478 2059 Verumtamen
1499 2003 1737 2057 Adonem
1758 2011 1965 2073 patrem
1981 2000 2120 2069 ejus,

538 2096 633 2150 'seu
662 2111 849 2150 verum
872 2095 1074 2151 fontem
1100 2094 1456 2159 declaramus,
1492 2108 1559 2148 ex
1587 2109 1695 2164 quo
1737 2101 1905 2148 totum
1954 2093 2121 2148 ferme

541 2184 982 2258 Martyrologium
1018 2184 1140 2255 ejus
1166 2185 1468 2241 dimanasse
1496 2184 1852 2239 indubitatum
1885 2185 2119 2239 arbitra-

536 2291 682 2332 mur.
712 2272 980 2329 Notkcrus
1001 2274 1234 2344 denique
1270 2275 1540 2344 praecipua
1560 2289 1786 2342 qua:th
1804 2289 1870 2329 ex
1903 2273 2123 2327 laudato

537 2364 723 2420 Adone
760 2364 1033 2425 transtulit
1060 2405 1075 2426 ,
1106 2380 1414 2434 nonpauca
1452 2379 1516 2419 ex
1549 2362 1773 2420 Habano
1820 2379 1917 2419 sua
1966 2363 2116 2429 fecit,

536 2453 722 2509 multis
745 2468 812 2509 ex
841 2453 1168 2526 Hieronymo
1195 2455 1265 2510 ad
1281 2453 1633 2524 complendos
1653 2453 1985 2524 singulorum
2007 2453 2119 2532 die-_

538 2546 661 2600 rum
692 2543 958 2600 indiculos
984 2545 1241 2600 corrasis.
1268 2543 1443 2615 Atque
1470 2545 1555 2599 hie
1580 2544 1804 2600 totidem
1867 2544 2119 2616 proposi-

536 2636 714 2693 tiones
738 2646 886 2703 sunt,
913 2645 1099 2692 nostra
1122 2637 1224 2692 hac
1254 2637 1589 2708 praefatione,
1638 2638 1813 2706 quoad
1859 2651 1948 2692 res
2001 2636 2119 2693 exi-

536 2723 636 2792 sit,
660 2732 807 2781 auta
837 2722 1213 2783 decessoribus
1260 2722 1471 2782 nostris
1502 2720 1618 2797 jam
1658 2726 1957 2796 prastitum
2008 2741 2117 2783 non

536 2813 666 2881 fuit,
695 2816 951 2874 distincte
972 2826 1028 2875 et
1044 2818 1237 2875 ordine
1263 2817 1718 2874 demonstranda.

1077 2918 1472 2975 ARTICULUS
1509 2919 1551 2974 ι.

639 3009 721 3064 De
748 3007 1115 3081 Martyrologii
1167 3008 1572 3080 Hieronymiam’
1606 3009 2008 3081 exemplaribus.

588 3108 618 3174 ς
641 3109 679 3162 1.
701 3135 764 3149 --
785 3111 863 3162 De
886 3111 1148 3175 majoribus
1170 3113 1232 3161 ab
1255 3112 1468 3162 Acberio
1490 3123 1540 3161 et
1562 3111 1869 3164 Florentiuio
1882 3114 2047 3165 editis.

2225 1914 2419 1969 saecula
2444 1915 2624 1970 nullus
2652 1917 2908 1987 deinceps
2940 1917 3417 1989 de'Martyrologio
3463 1920 3573 1974 isto
3623 1921 3807 1974 melli-

2222 2004 2388 2069 nerit,
2411 2019 2512 2059 nec
2546 2004 2835 2070 Baronius,
2867 2007 3109 2071 adhibita
3164 2009 3455 2078 quantavis
3500 2010 3800 2080 diligentia,

2224 2095 2491 2166 integrum
2515 2110 2743 2167 usquam
2770 2096 3011 2166 reperire
3042 2099 3313 2168 potuerit;
3349 2100 3530 2154 donec
3566 2101 3746 2170 ipsum
3776 2117 3805 2155 e

2221 2185 2468 2240 Cartusia
2498 2185 2806 2240 Trevirensi
2864 2185 3095 2241 feliciter
3139 2190 3359 2243 tandem
3388 2191 3535 2243 emit
3553 2191 3812 2261 γεωπεῖ-

2223 2276 2325 2329 dus
2356 2284 2562 2340 noster,
2588 2275 2961 2331 vetustissimo
2980 2278 3296 2332 charactere
3323 2288 3635 2343 exaratum,
3652 2278 3805 2348 quale

2223 2365 2398 2420 media
2443 2364 2561 2422 fere
2614 2378 2770 2437 parte
2806 2369 2974 2423 :eneis
3015 2368 3230 2423 laminis
3277 2386 3598 2442 expressum
3659 2372 3804 2427 habe

2220 2470 2363 2520 ntus,
2393 2457 2731 2527 autographa
2767 2456 2889 2528 ipso
2929 2459 2998 2511 ad
3032 2458 3492 2528 Epternaeeuses,
3514 2460 3609 2528 qui
3666 2462 3803 2514 eodi~

2219 2560 2337 2606 cem
2360 2561 2516 2601 suum
2546 2547 2892 2617 repetierant,
2923 2562 3065 2602 anno
3092 2548 3310 2602 demum
3367 2548 3512 2604 1668
3556 2551 3798 2604 remisse.

2219 2635 2380 2693 Hisce
2414 2638 2537 2693 addi
2558 2647 2782 2709 posstutt
2801 2653 2922 2709 qua:
2952 2639 3004 2693 in
3038 2639 3259 2709 prologo
3283 2640 3349 2693 ad
3391 2640 3593 2694 Bedam
3648 2642 3803 2695 disse.

2222 2730 2330 2785 ruit
2366 2730 2802 2802 Papebrochius;
2858 2744 2961 2787 nos
3003 2731 3093 2786 llic
3143 2730 3460 2785 Bollanduin
3509 2733 3798 2801 sequimur,

2218 2819 2373 2889 cujus
2399 2822 2515 2876 haec
2543 2822 2715 2877 verba
2744 2821 2977 2878 describi
3006 2832 3307 2876 merentur.

2290 2924 2375 2978 l7.
2420 2941 2440 2974 α
2474 2923 2623 2978 Folia
2669 2922 2874 2994 aliquot
2905 2915 3102 2979 excusa
3142 2932 3203 2978 ut
3240 2924 3374 2979 vidit
3413 2926 3486 2978 ad
3526 2941 3590 2980 se
3640 2942 3673 2979 a
3700 2924 3801 2979 Hoc

2220 3023 2338 3070 rcto
2368 3015 2542 3086 (cujus
2571 3017 2807 3086 emensis
2831 3016 2995 3070 codex
3037 3015 3128 3070 ille
3168 3017 3225 3069 in
3254 3032 3325 3070 ira
3355 3018 3519 3070 incidi
3553 3016 3802 3086 (teperet)

2219 3105 2387 3160 missa
2431 3104 2858 3161 Bartbolomteus
2901 3104 3194 3163 Gavantus.
3226 3105 3571 3174 provincialis
3599 3120 3804 3175 ιιι-προσ

610 3201 699 3256 15.
726 3202 782 3256 1η
802 3200 1019 3258 laudata
1039 3201 1348 3273 nuperrime
1372 3199 1683 3275 praefatione
1708 3203 1966 3275 generali,
1992 3219 2042 3258 e.
2064 3202 2120 3272 l,
2150 3204 2195 3266 C
2227 3196 2366 3251 Sims
2430 3196 2865 3268 congregationis
2914 3194 3246 3251 Clericorum
3315 3194 3671 3266 Regularinm
3745 3195 3806 3248 5.

541 3302 712 3350 totum
778 3303 1030 3365 quartum
1083 3296 1481 3367 paragraplutm
1546 3296 1771 3352 insumit
1823 3295 2114 3353 Bollandus

539 3383 885 3451 elucidando,
923 3385 1066 3456 quod
1104 3386 1207 3442 sub
1236 3383 1450 3440 Eusebii
1477 3393 1534 3440 et
1556 3383 1866 3457 Hieronymi
1898 3384 2118 3440 nomine

539 3474 704 3539 venit,
729 3473 1142 3547 Martyrologio;
1169 3474 1261 3530 ubi
1295 3473 1527 3545 primum
1553 3473 1774 3540 fatetur,
1823 3489 1932 3530 non
1984 3470 2119 3530 satis

536 3566 776 3638 probari,
805 3567 948 3638 quod
970 3566 1075 3623 tale
1109 3565 1550 3640 Martyrologium
1599 3565 1668 3622 ab
1720 3566 1967 3623 Eusebio
2017 3554 2117 3622 un;

517 3654 698 3729 ‘quam
739 3660 999 3730 scriptum
1027 3658 1206 3725 fuerit,
1232 3672 1334 3714 nec
1385 3658 1438 3712 id
1482 3673 1550 3715 ex
1599 3657 1824 3729 epistola
1870 3658 2119 3729 Gregorii

537 3749 605 3804 ad
619 3746 902 3822 Eulogium
922 3759 1109 3820 aperte
1135 3749 1349 3805 deduci.
1366 3748 1598 3812 Rursus,
1623 3766 1725 3804 nec
1747 3758 1955 3806 martum
1996 3763 2118 3807 esse

537 3840 902 3897 Eusebianum
953 3854 1051 3895 seu
1077 3837 1519 3911 Martyrologium
1554 3855 1646 3895 seu
1691 3841 1759 3895 de
1792 3840 2120 3911 martyribus

514 3931 1015 3992 commentarium,
1046 3930 1114 3984 ab
1165 3928 1493 4001 Hieronymo
1512 3945 1749 3996 versum,
1773 3939 1865 3985 aut
1882 3930 2024 3984 aliud
2051 3933 2118 3987 ab

536 4030 732 4077 sancto
745 4022 967 4077 doctore
981 4022 1239 4091 scriptutu
1266 4020 1452 4086 fuisse,
1467 4021 1724 4092 quidquid
1737 4023 1789 4076 id
1809 4023 1973 4092 aliqui
1985 4038 2117 4078 con-

542 4112 633 4167 tlci
650 4111 1584 4183 existimentex‘famosaChromatii
1610 4128 1676 4171 ac
1706 4113 1973 4169 Heliodori
1999 4113 2117 4184 epi-

539 4217 828 4274 scoporum
856 4205 922 4261 ad
949 4204 1329 4278 Hieronymum
1356 4207 1603 4277 epistola,
1626 4215 1680 4261 et
1705 4208 1872 4262 altera
1887 4208 1952 4262 ad
1976 4207 2122 4277 ipsos

541 4293 856 4368 Hieronymi
884 4297 1256 4365 responsoria;
1304 4306 1490 4368 utpote
1541 4313 1663 4353 cum
1694 4305 1980 4368 utramque
2015 4296 2121 4352 Ba-

542 4391 733 4444 ronius
795 4387 983 4445 solidis
1035 4390 1369 4460 argumentis
1425 4390 1849 4446 commentitiam
1899 4391 2123 4447 demon-

2218 3287 2394 3352 Pauli,
2421 3295 2477 3343 et
2493 3302 2663 3344 sacra
2689 3287 2950 3343 Romana:
2972 3285 3194 3342 Rituum
3223 3286 3649 3358 congregationis
3666 3301 3809 3341 con-

2218 3378 2412 3445 sultor,
2435 3379 2667 3437 mirifice
2690 3378 2961 3452 probavit,
2993 3378 3319 3450 scripsitque
3346 3380 3411 3434 de
3440 3378 3522 3433 illo
3546 3377 3627 3431 ad
3650 3392 3812 3431 cum-

2219 3474 2342 3528 dem
2374 3472 2639 3528 Moretum
2674 3472 2859 3543 plures
2886 3469 3160 3543 epistolas,
3187 3486 3323 3541 quas
3357 3469 3490 3541 legi;
3517 3468 3671 3524 alias
3692 3470 3806 3539 opi-

2217 3564 2339 3620 nari
2378 3579 2458 3629 se,
2490 3563 2714 3634 reliquis
2761 3561 2971 3633 collegii
3018 3561 3165 3617 illius
3206 3563 3323 3617 sive
3363 3562 3804 3631 congregationis

2219 3654 2636 3724 sapientissimis
2655 3654 2789 3710 viris
2809 3652 3247 3725 Martyrologium
3266 3652 3395 3707 illud
3414 3666 3597 3707 utne
3632 3667 3800 3708 rua-

2222 3750 2447 3810 au'nmt;
2480 3742 2617 3798 alias
2654 3757 2877 3798 SENTIRE
2906 3756 3241 3803 PEHITIORES,
3284 3756 3444 3799 urite
3468 3756 3615 3797 ron:
3652 3741 3803 3796 Clll-

2220 3847 2426 3894 srusa:
2473 3846 2823 3888 ltlttHlBLlCl.
2854 3831 2960 3887 Alii
3003 3847 3220 3903 quoque
3246 3831 3346 3886 viri
3396 3831 3604 3886 eruditi
3654 3834 3805 3887 rebe-

2218 3934 2439 3979 meuter
2470 3925 2521 3979 id
2551 3923 2862 3989 laudarunt,
2890 3931 2950 3976 ut
2995 3923 3315 3993 prmelarum
3346 3936 3512 3976 sacra:
3569 3924 3804 3991 antiqui.

2220 4015 2350 4070 tatis
2388 4023 2819 4070 monumentum.
2853 4033 2872 4066 ι
2913 4013 2991 4068 Tu
3035 4014 3159 4068 vide
3199 4014 3271 4069 ibi
3316 4013 3549 4080 reliqua,
3584 4030 3714 4083 qua:
3758 4014 3804 4066 in

2221 4107 2431 4178 praefati
2489 4108 2693 4163 codicis
2741 4105 3263 4162 commendationem
3322 4105 3579 4181 pluribus
3651 4105 3806 4158 nitide

2220 4198 2513 4254 Bollandus
2551 4198 2915 4269 prosequitur.
2944 4197 3002 4250 lu
3031 4195 3259 4251 Gavauti
3290 4195 3652 4265 Bollandique
3696 4212 3804 4250 sca-

2224 4288 2449 4344 tentiam
2478 4288 2626 4343 ivcre
2653 4287 2907 4357 deinceps
2932 4286 3129 4342 eruditi
3157 4302 3364 4351 euntes,
3387 4287 3594 4341 saltem
3627 4288 3806 4342 ortho-

2222 4381 2369 4445 doxi,
2401 4380 2452 4435 si
2489 4394 2692 4450 paucos
2720 4378 2981 4448 excipias,
3029 4379 3145 4448 qui,
3179 4378 3599 4433 contradicendi
3651 4378 3806 4451 genio

543 4481 830 4547 straverit;
876 4481 1017 4537 unde
1045 4481 1090 4537 si
1122 4495 1246 4536 vera
1279 4497 1516 4551 unquam
1546 4482 1849 4538 istiusmodi
1888 4483 2119 4553 epistola
2225 4470 2396 4535 ἀυειίν
2430 4470 2565 4526 Πεει·
2585 4484 2699 4525 rem
2729 4470 2901 4540 ipsam
2931 4469 3239 4550 improbare
3258 4468 3484 4523 οππιίηο
3508 4484 3622 4525 που
3646 4470 3808 4523 “de”

541 4587 573 4626 a
596 4546 919 4627 CaSsiodoro
960 4568 1122 4627 citata
1168 4571 1351 4637 fuerit,
1375 4546 1507 4626 .eam
1561 4572 1898 4628 intercidisse
1921 4546 2120 4628 laten-

2226 4571 2370 4627 rent,
2397 4562 2609 4617 titulum
2647 4561 2903 4616 arroderc
2931 4546 3173 4631 aggressi
3218 4568 3374 4623 sunt;
3409 4559 3554 4614 lbrte
3581 4559 3714 4628 quia
3741 4558 3807 4612 ibi

538 4655 671 4716 dum
693 4670 795 4717 est.
825 4662 892 4716 Et
914 4662 1026 4717 bare
1057 4662 1270 4733 quidem
1298 4662 1636 4718 communior
1659 4652 1818 4718 bodic
1836 4664 2117 4719 doctorum

545 4753 787 4807 virorum
834 4753 1122 4820 sententia,
1156 4752 1242 4808 cui
1274 4762 1454 4807 tamen
1482 4753 1777 4808 contradici
1809 4767 1989 4823 posse,
2035 4754 2118 4809 di-

538 4851 769 4913 ctasque
792 4843 1049 4913 epistolas
1093 4858 1124 4897 a
1168 4842 1534 4914 suppositione
1584 4852 1854 4913 utcunque
1895 4843 2117 4908 salvari,

540 4931 791 5001 operosis
819 4931 1263 4987 atinotationibus
1295 4931 1587 4986 ostendere
1629 4940 1861 4988 conatur
1896 4932 2120 4989 Floren-

545 5024 714 5081 tinius
743 5041 924 5096 apag.
950 5025 1038 5079 57.
1087 5023 1354 5079 Caeterum
1394 5026 1659 5099 pendente
1704 5025 2008 5083 adhucdum
2054 5041 2119 5082 ea

442 5128 445 5133 '
536 5117 662 5182 lite,
689 5132 755 5170 ex
788 5115 1101 5172 Cassiozlori
1149 5114 1457 5172 testimonio
1502 5116 1554 5170 id
1590 5118 1851 5187 consequi
1898 5116 2123 5183 omnino

544 5207 1101 5271 videtur,indieulum
1152 5204 1385 5277 aliquem
1434 5218 1529 5260 seu
1572 5203 1767 5262 Festos
1817 5206 1885 5263 ab
1933 5205 2121 5261 Hiero-

542 5310 711 5369 nymo
735 5295 1108 5360 concinnatus,
1131 5295 1244 5351 sive
1277 5294 1377 5349 sub
1404 5294 1662 5364 epistolae,
1713 5296 1826 5350 sive
1852 5298 1952 5351 sub
2012 5295 2119 5375 alio

532 5388 744 5461 quovis.
768 5387 943 5452 titulo,
967 5385 1254 5458 descriptis
1280 5385 1513 5443 fortasse
1560 5401 1747 5442 eorum
1793 5385 2116 5443 Sanctorum

543 5479 872 5542 nominibus,
929 5491 1157 5548 quorum
1212 5477 1264 5532 in
1307 5473 1526 5533 Eusebii
1569 5476 1910 5542 collectione,
1964 5476 2120 5546 cuius

547 5563 814 5621 Eusebius
840 5566 953 5636 ipse
978 5564 1070 5619 lib.
1098 5578 1173 5627 tv,
1200 5578 1322 5635 cap.
1352 5563 1438 5625 ll.
1467 5572 1524 5618 et
1548 5563 1639 5618 lib.
1667 5578 1723 5627 ν,
1776 5578 1897 5632 cap.
1922 5563 2012 5626 20,
2065 5572 2123 5619 et

545 5656 615 5708 ad
637 5655 951 5725 Gregorium
970 5654 1226 5727 Eulogius
1248 5653 1572 5719 meminere;
1599 5667 1852 5724 quorum,
1877 5653 2119 5724 inquam,

545 5744 620 5802 ibi
656 5745 796 5800 Acta
820 5745 1125 5809 exstabant,
1148 5744 1268 5802 aliis
1289 5743 1356 5803 de
1389 5756 1490 5801 suo
1511 5743 1898 5817 superadditis,
1919 5760 1986 5799 ex
2011 5759 2121 5815 quo

2225 4655 2471 4727 agnoscit
2492 4653 2801 4719 Bollandus,
2823 4653 3026 4708 nullum
3049 4663 3258 4707 certum
3284 4661 3670 4722 argumentum
3698 4666 3812 4718 snp-

2225 4753 2432 4815 petere,
2448 4758 2559 4814 quo
2573 4742 3009 4815 Martyrologium
3031 4743 3100 4797 ab
3121 4750 3311 4798 sancto
3332 4740 3667 4812 Hieronymo
3690 4755 3814 4795 rere

2225 4848 2348 4890 esse
2369 4836 2727 4903 compositum
2753 4834 2887 4890 satis
2908 4832 3123 4889 suaderi
3153 4841 3339 4902 queat,
3362 4840 3419 4886 et
3437 4831 3567 4901 quia
3588 4829 3815 4890 fatetur.

2225 4935 2290 4980 ut
2334 4927 2677 4981 verissimum
2726 4936 2831 4992 est,
2877 4925 3045 4982 multa
3092 4925 3366 4980 recentius
3416 4921 3651 4990 adjecta,
3696 4934 3817 4991 qut

2226 5015 2559 5088 Hieronymo
2583 5017 2817 5073 adscribi
2856 5030 3082 5087 prorsus
3131 5022 3426 5084 nequeant,
3452 5013 3820 5082 quemadmo-

2226 5107 2353 5161 dum
2384 5122 2452 5162 ει
2475 5105 2962 5176 εῃθοίηιίηῶιιςίὺί
2990 5103 3573 5175 appositisciarissime
3592 5102 3817 5157 elucea-

2224 5196 2811 5254 citVerumeniinvero
2836 5195 2966 5267 quid
2986 5196 3207 5251 demum
3238 5193 3637 5264 rempublicam
3666 5192 3814 5249 litte»

2222 5288 2449 5354 rariam,
2475 5296 2571 5343 aut
2589 5287 2751 5343 fidem
2771 5285 3106 5343 Catholicam
3129 5285 3819 5356 detrimentiaceepturan

2222 5379 2506 5435 credidere
2531 5378 2632 5432 viri
2665 5378 2739 5433 illi
2769 5376 3093 5439 doctissimi,
3120 5390 3191 5431 ex
3220 5391 3290 5433 eo
3313 5376 3463 5446 quod
3483 5374 3818 5449 Hieronymi

2225 5483 2425 5525 nomen
2451 5469 2503 5525 ei
2540 5467 2922 5540 Martyrologio
2955 5466 3250 5537 ascriptum
3294 5472 3637 5536 paterentur,
3691 5480 3819 5522 om

2220 5563 2533 5634 impedituri
2596 5578 2872 5634 nunquam
2920 5562 3052 5627 sint,
3081 5561 3376 5632 quominus
3415 5569 3544 5631 post
3590 5557 3823 5615 Cassio-

2212 5653 2445 5717 dorum,
2477 5652 2709 5716 Bedam,
2739 5650 3096 5708 Walafridum
3117 5692 3134 5716 ,
3163 5650 3431 5715 Adonem,
3476 5642 3827 5711 Usuardum.

2221 5741 2518 5800 Nutkerum
2551 5754 2607 5800 et
2636 5744 2796 5809 alios,
2830 5742 3310 5813 Hieronymianum
3360 5749 3626 5811 perpetuo
3672 5754 3822 5794 aun-
