3936 6348
155 362 196 414 4
207 362 282 415 n9

1501 358 1678 414 PROL
1687 356 2083 416 EOGOMENA.

3338 366 3445 423 170

149 483 416 545 cupetur.
453 472 583 529 Haec
613 473 950 544 paucissimis
975 482 1028 530 et
1075 475 1274 530 cursim
1306 474 1514 542 delibo;
1547 476 1640 544 qui
1687 474 1754 530 de
1784 478 1832 538 Α
1859 475 2031 560 cisum
2062 477 2150 541 iri,
2182 476 2458 532 codicibus
2507 475 2639 545 ipsis
2683 475 2985 540 tribuendo,
3027 489 3162 546 quae
3195 491 3238 531 ai.
3258 479 3440 548 primo

154 568 258 644 his
300 565 600 636 longiorem
642 577 953 619 sermonem
1005 564 1299 630 desiderat,
1330 566 1488 620 adeat
1532 565 1757 620 Floren-
1859 574 2080 621 auctore
2099 567 2401 622 certissime
2419 566 2744 625 removenda
2765 575 2911 620 sunt.
2935 566 3014 621 En
3037 567 3196 624 modo
3221 566 3420 626 Floren

158 657 365 729 tinium
395 655 450 709 in
489 653 963 710 Admonitionibus
989 655 1236 725 praeviis,
1263 655 1563 727 przesertim
1603 655 1662 720 '5,
1699 654 1757 720 5,

153 755 225 800 et
255 746 312 809 ϐ,
337 757 473 815 quas
499 743 590 799 hic
632 743 966 807 describere,
998 751 1092 797 aut
1120 744 1176 799 in
1204 745 1583 813 compendium
1628 759 1760 799 con-

156 835 391 887 trahere
415 847 514 888 nec
532 842 712 898 vacat,
735 847 836 888 nec
865 833 1085 888 omnino
1116 831 1263 887 lubet
1283 832 1349 887 de
1376 847 1505 887 voce
1533 841 1751 887 conten-

157 926 366 980 tiosius
397 924 726 995 disceptare.

1852 654 2082 709 tinianae
2103 653 2491 711 lucubrationis
2517 654 2804 725 aliqualem
2830 654 3084 725 elligiem.

1925 744 2018 799 20.
2057 743 2204 800 Inter
2237 745 2414 805 varias
2441 745 2838 800 admonitiones
2864 745 3126 815 praevias,
3149 755 3302 802 sexta
3346 763 3442 803 or-

1857 833 1984 888 dine
2013 842 2122 888 tota
2158 832 2273 888 fere
2321 834 2612 889 insumitur
2638 833 2994 904 depingendis
3035 833 3247 891 duobus
3283 839 3439 892 codi-

1857 925 2010 980 cibus
2056 924 2510 995 Hieronymianis,
2541 924 2699 982 Luca
2725 933 2818 978 aut
2848 925 2902 979 in
2928 925 3142 981 vicinia.
3167 928 3426 998 repertis,

241 1017 330 1072 18.
372 1015 547 1071 Unum
576 1017 697 1070 novi
734 1015 1054 1084 scriptorem
1081 1016 1429 1081 catholicum,
1457 1017 1548 1084 qui
1578 1015 1754 1071 dedita
1853 1019 1946 1085 qui
1976 1018 2062 1072 vel
2107 1031 2173 1074 ex
2204 1017 2376 1072 Gallia
2424 1032 2491 1072 eo
2521 1016 2703 1080 allati,
2733 1016 2818 1070 vel
2853 1031 2919 1071 ex
2964 1017 3160 1087 aliquo:
3193 1018 3435 1074 ctenobii

151 1122 332 1178 Opera
384 1106 848 1177 Martyrologium,
880 1122 986 1175 quo
1015 1106 1080 1161 de
1112 1107 1343 1178 agimus,
1372 1107 1632 1175 impetere
1660 1121 1744 1160 au-

1855 1108 2285 1165 Fontanellensis
2337 1108 2649 1179 apographo
2692 1107 2948 1178 descripti
2997 1106 3250 1175 fuerant,
3280 1117 3432 1166 certe

155 1215 263 1258 sus
289 1198 476 1261 fuerit,
508 1197 798 1252 llenricum
853 1197 1126 1251 Valesiani
1148 1236 1162 1259 ,
1195 1195 1452 1266 singulari
1497 1196 1755 1251 disserta-
1855 1199 1928 1254 ita
1957 1208 2115 1255 erant
2154 1200 2378 1265 similes,
2411 1208 2470 1254 ut
2495 1199 2583 1254 vel
2609 1213 2676 1253 ex
2726 1199 2918 1254 eodem
2955 1199 3249 1269 exemplari
3279 1215 3436 1255 acce-

153 1291 314 1345 tionc
342 1291 454 1344 suis
487 1290 540 1343 in
568 1287 862 1343 Eusebium
889 1289 1360 1344 observationibus
1389 1289 1596 1344 adnexa
1629 1304 1748 1360 pag.

149 1381 293 1443 513,
318 1381 406 1434 ubi
433 1380 763 1432 subditiuum
805 1378 996 1432 librum
1031 1387 1211 1442 vocat,
1239 1379 1329 1450 qui
1374 1379 1510 1449 falso
1557 1378 1751 1434 Hiero-

151 1486 318 1540 nymo
345 1469 659 1524 ascn’batur.
691 1468 806 1524 Hoc
835 1479 1016 1523 autem
1047 1469 1185 1524 duce
1213 1469 1406 1537 fretus,
1431 1472 1486 1526 in
1507 1487 1748 1538 onmem,

150 1570 223 1616 ut
251 1560 330 1626 fit,
373 1562 702 1616 orthodoxos
751 1560 1046 1631 scriptores
1071 1562 1356 1632 sugillandi
1411 1564 1750 1620 occasionem

151 1653 404 1707 intentus
430 1652 683 1707 Matthias
704 1650 900 1721 aliquis
930 1649 1251 1709 Frcdericus
1285 1642 1536 1722 Beckius,
1561 1655 1613 1710 in
1651 1671 1748 1711 suo

153 1745 225 1800 ad
255 1745 442 1800 nescio
468 1744 612 1816 quod
659 1743 1040 1799 Kalendarium
1073 1745 1456 1802 Germanicum
1506 1747 1670 1819 (quod
1695 1748 1745 1801 ei

1846 1297 1996 1359 ptos,
2023 1289 2106 1343 vel
2139 1289 2369 1344 alterum
2417 1303 2484 1342 ex
2513 1288 2687 1342 altero
2716 1287 3052 1357 descriptum
3096 1302 3217 1344 esse
3267 1302 3433 1357 opor-

1854 1387 2015 1434 teret.
2046 1379 2154 1438 Hos
2185 1380 2302 1450 ipse
2339 1388 2553 1443 nactus,
2587 1387 2646 1432 ut
2694 1386 2815 1433 erat
2842 1378 2924 1432 vir
2963 1394 3146 1433 rerum
3174 1379 3439 1435 ecclesia-

1853 1471 2112 1526 sticarum
2155 1472 2508 1542 antiquarum
2534 1470 3005 1533 studiosissimus,
3037 1472 3436 1528 communicato

1847 1576 1974 1616 cum
2006 1561 2068 1616 ν.
2100 1560 2162 1616 C.
2195 1561 2337 1615 Luca
2366 1561 2646 1616 llolstenio
2667 1559 3145 1628 aliisque‘eruditis
3181 1559 3434 1626 consilio,

1852 1660 2078 1720 accepto
2126 1651 2352 1706 subinde
2406 1665 2435 1704 a
2485 1649 2784 1718 majoribus
2839 1649 3081 1712 nostris,
3139 1649 3430 1718 aliquando

1850 1741 1992 1810 apud
2043 1741 2218 1810 ipsum
2249 1740 2560 1810 hospitalis,
2592 1739 2948 1795 vetustissimi
2999 1739 3144 1796 illius
3196 1740 3434 1796 An‘tuer—

139 1835 335 1905 placet
361 1834 801 1907 Martyrologium
827 1835 1122 1907 appellare)
1144 1837 1532 1892 commentario
1560 1853 1590 1891 a
1616 1851 1738 1908 pag.
1770 1859 1818 1919 Β
1851 1832 2054 1901 picusis
2081 1847 2175 1886 seu
2203 1830 2642 1901 Epternacensis,
2669 1830 2770 1885 sub
2798 1830 3014 1885 initium
3041 1830 3226 1887 saeculi
3253 1830 3432 1888 octavi

150 1927 246 1990 11,
282 1925 448 1979 multa
469 1925 734 1995 congerit,
759 1939 866 1994 quo
896 1924 1126 1992 majores
1157 1933 1374 1980 nostros
1398 1933 1598 1979 temere
1623 1940 1743 1980 car-
1843 1923 2034 1992 scripti
2088 1923 2381 1992 ecgrapho,
2426 1921 2743 1976 instructus.
2777 1932 3042 1991 praeterea
3088 1920 3430 1978 Corbeieusis

147 2015 354 2085 pendo,
388 2010 662 2068 laudatum
700 2012 1139 2084 MartyroIOgium
1169 2014 1502 2085 Hieronymo
1539 2030 1743 2084 nequa-

145 2121 319 2174 quam
360 2105 743 2160 ascribendum
786 2103 1068 2170 ostendat;
1102 2103 1263 2174 idque
1285 2118 1353 2158 ex
1379 2102 1586 2160 cavillis
1607 2119 1742 2161 non-

145 2195 338 2259 nullis,
361 2209 500 2264 quos
530 2194 657 2248 hinc
685 2191 809 2248 inde
833 2206 901 2248 ex
932 2191 1250 2248 Florentinii
1283 2192 1624 2262 aliorumque
1651 2193 1743 2249 du-

149 2286 511 2343 bitationibus
533 2285 745 2340 sincere
769 2285 1089 2353 propositis,
1122 2283 1321 2339 acriori
1350 2284 1467 2354 ipse
1501 2291 1558 2340 et
1597 2297 1742 2337 mor-

153 2376 362 2430 daeiori
393 2373 504 2428 sale
529 2373 812 2442 inspergit.
841 2373 911 2426 At
937 2372 1078 2427 tanti
1105 2373 1209 2426 hoc
1235 2386 1343 2426 non
1366 2379 1470 2437 est,
1496 2379 1556 2426 ut
1580 2386 1740 2442 arguo

160 2465 488 2521 tatiunculas
528 2465 643 2534 ejus
669 2480 862 2520 omnes
891 2474 985 2520 aut
1009 2464 1366 2527 excutiamus,
1402 2471 1498 2517 aut
1524 2461 1740 2518 convelo

159 2557 371 2622 lamus;
393 2557 524 2612 satis
549 2557 704 2612 nobis
729 2556 854 2621 erit,
881 2555 926 2610 si
945 2569 1010 2610 ex
1041 2555 1317 2610 communi
1345 2553 1738 2610 catholicorum

155 2663 432 2705 consensu
481 2647 789 2719 Hieronymi
814 2660 1010 2701 nomen
1039 2643 1300 2716 praeferre
1349 2648 1544 2716 possit,
1575 2654 1737 2714 atque

148 2739 296 2795 adeo
326 2738 804 2811 Hieronymianum
860 2747 975 2793 tuto
1013 2737 1350 2808 nuncupari,
1381 2737 1592 2793 tametsi
1625 2753 1741 2791 mo-

147 2839 414 2886 numenta
443 2830 642 2895 desint,
670 2830 868 2900 quibus
917 2829 1093 2898 ipsum
1125 2829 1470 2885 sanctissimo
1517 2827 1737 2884 Doctori

144 2930 306 2978 certo
333 2921 686 2977 vindicemus.
733 2921 812 2978 Ita
852 2935 1114 2977 censuere
1164 2921 1396 2992 Majores
1441 2919 1632 2988 nostri,
1662 2922 1736 2976 ita

147 3013 316 3069 hodie
342 3015 544 3084 passim
571 3013 864 3083 loquuntur
885 3013 1084 3069 eruditi
1117 3014 1414 3069 universim
1442 3028 1653 3078 omnes,
1683 3023 1738 3071 et

143 3118 250 3158 nos
283 3112 398 3160 toto
432 3117 600 3174 opere
630 3112 817 3158 nostro
857 3101 1197 3174 Hieronymi,
1231 3103 1312 3158 vel
1359 3101 1737 3175 Hieronymia-

146 3207 346 3248 norum
400 3191 764 3262 appellatione
815 3205 1034 3259 semper
1080 3192 1339 3249 utendum
1393 3194 1732 3250 existimavi-
1762 3215 1806 3279 ρ

145 3301 295 3341 tuus.

221 3380 312 3435 l9.
353 3379 487 3437 Rem
518 3389 711 3458 totam,
732 3391 794 3436 ut
815 3379 1285 3451 di.ri,profundius
1311 3380 1591 3436 examinat
1621 3379 1738 3435 lau-

137 3473 312 3526 datus
337 3513 352 3538 ,
379 3470 788 3545 laudandusqne
832 3472 989 3530 nobis
1037 3473 1238 3543 saepius
1276 3471 1636 3538 clarissimus,
1679 3480 1738 3527 et

143 3562 534 3620 decessoribus
559 3563 776 3628 nostris,
801 3564 930 3619 dum
949 3563 1544 3630 viveret,amlcissimus
1565 3562 1738 3620 Franc

141 3653 330 3708 ciscus
379 3653 545 3709 Maria
591 3654 996 3722 Florentinius,
1043 3653 1242 3710 nobilis
1291 3653 1590 3718 Lucensis,
1639 3651 1733 3722 qui

140 3744 436 3800 vindicatis
479 3745 694 3801 Eusebii
729 3744 1170 3811 collectionibus,
1199 3744 1351 3800 libris
1397 3755 1488 3800 seu
1539 3742 1733 3799 libellis

143 3848 473 3908 martyrum,
506 3854 610 3894 non
658 3837 831 3894 solum
882 3837 1208 3903 Palaestina,
1239 3837 1333 3894 sed
1377 3847 1431 3892 et
1461 3836 1728 3900 aliorum;

145 3943 280 3999 pag.
314 3928 399 3991 15,
453 3928 552 3983 sub
581 3928 744 3984 linem
788 3936 935 3983 recte
965 3936 1116 3982 notat
1146 3945 1166 3980 ο
1204 3925 1449 3981 sufficere
1482 3939 1626 3979 nilne
1663 3924 1732 3980 de

145 4018 516 4091 llartyrologii
545 4019 762 4090 proprie
803 4019 932 4074 dicti
961 4028 1183 4074 auctore
1217 4016 1508 4071 allirmare.
1542 4053 1558 4069 .
1594 4053 1611 4069 .
1639 4030 1732 4070 ve-

148 4112 351 4166 tustius
380 4111 508 4165 illud
537 4125 659 4167 esse
703 4112 759 4165 in
790 4111 1115 4180 scriptorum
1160 4107 1421 4163 memoria
1467 4105 1732 4177 δίει-ιντο·

145 4203 394 4273 legium,
447 4203 590 4273 quod
638 4202 872 4258 Eusebio
923 4201 1234 4266 ascribltur,
1280 4199 1363 4254 vel
1405 4199 1528 4254 divo
1554 4199 1745 4280 potius;

139 4293 476 4364 Hieronymo
523 4310 592 4350 ex
641 4293 1051 4349 collectionibus
1095 4291 1332 4346 Eusebii.
1391 4308 1412 4342 ι
1471 4288 1728 4358 Sequenti

140 4384 344 4438 deinde
383 4399 509 4454 pag.
556 4383 648 4449 14,
697 4384 906 4438 erudite
933 4383 1127 4452 probat
1167 4379 1480 4452 Hieronymi
1525 4388 1734 4449 marty-

137 4476 408 4546 rologium
435 4493 470 4530 ιι
487 4490 547 4532 se
573 4476 782 4539 datum.
813 4477 982 4542 notis,
1013 4493 1043 4531 a
1081 4484 1272 4532 sancto
1297 4489 1434 4545 papa
1460 4473 1734 4545 Gregorio.

1839 2012 2075 2076 codicis,
2107 2013 2176 2066 ab
2209 2011 2445 2067 Acbcrio
2477 2010 2751 2082 Spicilegii
2802 2019 2951 2068 tome
3000 2009 3068 2066 ιν
3098 2027 3242 2069 anno
3288 2012 3419 2068 1661

1842 2099 2043 2171 vulgati
2071 2139 2087 2161 .
2137 2101 2527 2172 manuscriptis
2568 2101 2920 2171 fragmentis,
2954 2101 3196 2157 animum
3232 2102 3433 2174 adjecit

1838 2190 1910 2245 ad
1958 2181 2359 2259 procu'randam
2390 2198 2499 2245 tam
2527 2192 2891 2261 pretiosorum
2923 2192 3264 2248 cimeliorum
3314 2195 3430 2251 edi-

1843 2279 2064 2344 tionem,
2089 2294 2318 2348 eamque
2346 2294 2446 2350 pro
2472 2295 2568 2334 sua
2599 2279 2926 2344 eruditione,
2949 2296 3057 2350 qua
3083 2290 3266 2350 posset
3296 2297 3426 2338 cura

1839 2378 1898 2424 et
1939 2369 2120 2426 studio
2167 2370 2561 2426 illustrandum.
2616 2369 2860 2441 Cumque
2902 2369 3018 2440 jam
3065 2386 3203 2442 opus
3248 2372 3422 2430 ferme

1839 2462 1988 2532 prelo
2036 2472 2284 2532 paratum
2327 2463 2586 2524 haberet,
2614 2463 2884 2533 contigit,
2918 2473 2977 2520 ut
3020 2463 3423 2523 illustrissimus

1839 2550 1973 2606 baro
2001 2552 2066 2608 de
2115 2551 2270 2608 Blum
2321 2552 2566 2608 codicem
2616 2552 2783 2607 alium
2833 2551 3414 2626 Weissenburgensem

1839 2655 1962 2696 cum
1985 2639 2323 2696 Henschenio
2344 2649 2400 2696 et
2417 2641 2786 2711 Papebrocbio
2809 2643 3256 2710 communicaret,
3273 2647 3418 2714 quod

1839 2729 1915 2785 illi
1945 2730 2202 2786 continuo
2234 2729 2437 2800 Lucam
2459 2731 2715 2786 destinari
2744 2741 3028 2799 curarunt,
3049 2735 3185 2789 satis
3219 2744 3420 2804 tempe

1841 2821 1983 2876 stive
2002 2861 2018 2884 ,
2047 2831 2105 2875 ut
2147 2836 2270 2876 cum
2312 2821 2436 2876 aliis
2479 2821 2758 2879 codicibus
2789 2821 3128 2882 conferretur
3152 2863 3167 2889 ,
3195 2821 3420 2894 ejusque

1843 2912 2117 2968 variantes
2163 2929 2195 2966 a
2228 2911 2454 2983 reliquis
2480 2911 2763 2977 lectiones,
2788 2914 2857 2968 ad
2899 2913 3106 2970 calcem
3150 2913 3420 2970 Florenti-

1840 3002 1991 3058 niani
2018 3003 2200 3074 operis
2238 3002 2712 3084 subjungerentug.
2741 3001 2868 3057 Haec
2892 3002 2958 3058 ad
2985 3002 3210 3060 brevem
3246 3004 3421 3060 liisto-o

1841 3093 1937 3148 ria:
1982 3092 2281 3164 synopsim,
2310 3107 2475 3162 quam
2521 3091 2693 3161 siquis
2721 3091 2988 3164 integram
3028 3101 3081 3150 et
3119 3093 3294 3150 fusius
3324 3096 3417 3151 de-

1840 3184 2100 3256 scriptam
2127 3185 2388 3254 requirat,
2415 3185 2575 3239 adeat
2600 3182 2996 3241 Florentinium
3019 3187 3216 3256 ipsum,
3244 3187 3412 3260 totius

1841 3274 1924 3330 sui
1959 3273 2173 3330 consilii
2203 3282 2258 3329 et
2300 3273 2555 3345 vulgandi
2602 3275 2786 3345 operis
2826 3276 3087 3348 propositi
3146 3277 3412 3333 rationem

1839 3367 2156 3422 reddentem
2183 3405 2202 3432 ,
2233 3365 2601 3422 admonitione
2628 3369 2806 3438 prima
2831 3407 2846 3434 ,
2874 3369 2962 3424 cui
3013 3368 3277 3426 Holstenii
3305 3371 3421 3442 epi-

1837 3456 1976 3514 Stola
2004 3458 2286 3523 atteritur,
2318 3472 2382 3512 ex
2413 3459 2605 3529 potiori
2635 3468 2792 3530 parte
2834 3461 3157 3532 reproducta
3189 3478 3220 3516 a
3247 3461 3420 3534 Pape-

1836 3549 2063 3608 brocbio
2100 3549 2154 3604 in
2183 3548 2671 3620 Responsionibus,
2705 3554 3005 3623 appendice
3027 3556 3097 3610 ad
3125 3563 3232 3615 art.
3262 3556 3350 3622 18,
3383 3572 3416 3612 a

1836 3655 1994 3700 nutu.
2019 3639 2111 3696 49.
2140 3639 2218 3696 De
2252 3642 2440 3698 codice
2472 3657 2596 3709 suo,
2624 3643 2739 3701 sive
2771 3645 2952 3709 unico,
2976 3645 3093 3702 sive
3118 3647 3268 3712 bino,
3303 3657 3421 3704 tra-

1835 3743 1946 3790 ctat
1973 3734 2066 3792 ille
2092 3751 2158 3792 e1
2183 3736 2618 3807 professocitata
2653 3738 3024 3794 admonitione
3053 3739 3108 3808 6,
3133 3756 3165 3796 a
3193 3757 3298 3814 pag
3345 3742 3419 3799 30

1833 3826 2307 3898 deAntuerpiensi
2335 3837 2393 3884 et
2435 3827 2852 3886 Corbeicnsibus
2871 3828 3188 3900 fragmentis
3226 3835 3420 3890 admo-

1835 3921 2041 3979 nitione
2070 3921 2128 3988 7,,
2157 3937 2280 3993 qua:
2326 3923 2510 3982 omnia
2541 3925 2612 3981 ibi
2643 3924 2748 3996 legi
2797 3925 2961 3992 malo,
2990 3941 3154 3998 quam
3197 3929 3288 3984 hic
3326 3939 3423 3986 ta-

1832 4012 1986 4069 diose
2015 4011 2220 4073 referre
2238 4051 2269 4081 ,.
2287 4029 2410 4070 cum
2441 4015 2512 4072 ad
2562 4015 2870 4072 institutum
2901 4026 3146 4077 nosu'um
3189 4026 3419 4078 eatenus

1833 4103 2010 4159 solum
2028 4114 2300 4176 spectent,
2318 4117 2586 4177 quatenus
2610 4109 2794 4166 rudem
2839 4109 3030 4166 saltem
3063 4110 3237 4168 ideam
3278 4109 3420 4166 Mar-

1834 4195 2218 4268 tyrologium-uin
2268 4196 2586 4268 plerumque
2646 4199 2922 4270 archetypi
2947 4239 2962 4266 ,
3010 4215 3109 4257 seu
3161 4209 3417 4275 protopa-

1831 4289 2006 4344 rentis
2057 4290 2320 4346 adumbra
2355 4292 2706 4348 revoluimus.

1903 4385 1995 4440 2|.
2035 4384 2134 4444 llic
2182 4386 2412 4445 verbulo
2435 4387 2722 4443 inserenda
2751 4399 2836 4445 est
2881 4405 2987 4443 non
3016 4389 3192 4446 otiosa
3230 4389 3419 4448 obser-

1833 4477 1979 4534 vatio
2008 4477 2395 4548 receptissimm
2416 4493 2447 4538 a
2471 4478 2986 4548 majoribusnostris
3007 4478 3301 4552 opinionis,
3317 4495 3418 4552 per

141 4571 320 4626 codici
368 4585 469 4628 suo
497 4572 806 4639 attributis,
859 4574 1186 4628 adamussim
1233 4573 1541 4628 convenire.
1590 4573 1725 4628 Cum
1758 4563 1808 4624 D
1835 4567 2103 4622 Actorum
2149 4575 2460 4624 nostrorum
2511 4569 2932 4626 commentarios
2978 4568 3086 4626 late
3125 4572 3415 4642 vagantis,

141 4662 312 4732 igitur
360 4660 800 4736 Martyrologium
856 4664 1019 4721 toties
1069 4663 1436 4735 appellatum,
1489 4663 1728 4719 collectis

142 4753 388 4825 plur-ibus
430 4754 546 4825 ejus
576 4755 902 4828 apograpliis
943 4773 1086 4813 anno
1133 4757 1290 4822 1668,
1347 4757 1545 4828 publici
1590 4755 1728 4826 juris

142 4847 372 4913 fecerit,
395 4859 563 4920 atque
605 4850 994 4905 eruditissimis
1034 4850 1178 4905 notis
1207 4890 1224 4916 ,
1253 4849 1727 4906 observationibus

143 4948 202 4992 et
249 4939 734 4996 exercitationibus
762 4939 1112 4996 illustraverit
1166 4940 1308 4996 idem
1341 4941 1456 5011 ipse
1507 4940 1730 4995 Floren-

139 5029 332 5095 tinins,
360 5032 426 5086 ad
453 5029 750 5102 pleniorem
781 5031 947 5088 totius
989 5032 1067 5087 rei
1113 5033 1387 5096 notitiam,
1413 5040 1470 5086 et
1494 5031 1562 5086 de
1607 5029 1724 5100 ejus

139 5121 443 5186 codicilnts,
473 5131 534 5178 et
569 5123 637 5178 de
663 5123 784 5179 aliis
810 5123 879 5178 ad
930 5120 1413 5194 Hieronymianum
1450 5120 1726 5191 pertinen-

139 5213 312 5277 tibus,
339 5213 596 5269 nonnulla
621 5214 937 5284 explicanda
965 5222 1112 5268 sunt.
1151 5212 1261 5270 Nec
1287 5214 1456 5268 verbo
1483 5213 1726 5271 indicare

135 5303 500 5373 neglexerim,
528 5320 626 5361 cur
650 5315 709 5361 et
730 5305 819 5359 hic
840 5314 896 5359 et
925 5305 977 5357 in
1008 5313 1122 5358 toto
1149 5304 1377 5359 decursu
1403 5302 1590 5374 operis
1612 5317 1728 5360 ηιμ

135 5394 338 5449 luerim
388 5394 647 5450 adhibere
699 5395 1246 5465 Hieronymianorum
1270 5433 1285 5457 ,
1319 5408 1482 5463 quam
1528 5391 1721 5448 Hiero-

133 5487 297 5559 ιιμί
320 5485 489 5558 ipsius
511 5487 854 5544 vocabulum.
890 5485 1095 5558 Nempe
1140 5501 1265 5541 cum
1318 5485 1490 5542 sancti
1534 5484 1727 5540 Hiero-

132 5577 295 5652 nymi
318 5578 690 5650 qualecunque
712 5593 848 5655 opus
871 5579 1180 5648 ignoretur;
1210 5577 1517 5650 apographa
1542 5585 1724 5632 autem

133 5685 199 5726 es
241 5662 412 5724 multa
443 5678 502 5725 et
545 5669 914 5726 diversissime
965 5677 1120 5724 aucta
1169 5677 1228 5723 et
1269 5673 1547 5723 contracta
1591 5668 1720 5728 sint,

136 5764 326 5835 putavi
351 5763 708 5820 communiori
751 5778 882 5818 voce
912 5763 1348 5818 cavillationibus
1372 5775 1559 5816 ansam
1587 5765 1723 5832 prae-

1833 4673 1946 4728 qua.
1981 4659 2084 4714 sibi
2124 4672 2443 4727 persuasum
2481 4659 2742 4725 habuere,
2781 4661 3020 4718 codicem
3047 4661 3413 4734 Epternacen-

1833 4767 1969 4816 sem,
2001 4751 2144 4806 inter
2173 4750 2626 4824 Hieronymianos
2675 4753 3027 4823 praecipuum,
3067 4752 3413 4824 anglicanutn

1831 4843 2001 4900 fuisse
2025 4883 2041 4909 ,
2071 4852 2236 4913 atque
2260 4845 2329 4898 ab
2360 4845 2476 4912 ipso
2521 4843 2580 4898 S.
2612 4843 2984 4901 Willibrordo..
3010 4860 3090 4902 ex.
3121 4845 3322 4916 Anglia
3357 4847 3417 4906 in

1831 4933 2100 5004 Belgium,
2123 4950 2221 4992 seu
2270 4935 2560 4992 Manciam
2589 4935 2832 4998 allatum.
2863 4936 3096 4994 Pronum
3123 4947 3271 4995 certe
3296 4944 3416 5000 erat

1833 5025 1998 5080 talem
2027 5025 2397 5094 conjecturam
2431 5026 2640 5092 facere,
2661 5037 2717 5084 at
2742 5030 2870 5084 mihi
2902 5031 3117 5098 quidem
3142 5045 3248 5085 non
3279 5030 3414 5094 satis

1830 5118 2053 5172 fundata
2097 5119 2334 5181 videtur,
2367 5133 2688 5190 mecumque
2727 5123 2970 5180 sentient
2996 5121 3410 5194 Martyrologiu-

1829 5209 1966 5281 phil‘t
2015 5224 2246 5274 omnes,
2276 5211 2323 5265 si
2369 5211 2675 5278 advertant,
2720 5228 2756 5268 ι
2801 5214 3070 5272 Kalendas
3120 5212 3279 5277 Julii,
3308 5227 3412 5271 seu.

1827 5317 1942 5358 xxn
1989 5299 2138 5359 Junii
2183 5304 2236 5358 in
2271 5303 2922 5376 laudato'Epternaeensi.
2953 5306 3294 5378 praetermitti
3320 5305 3408 5361 iu-

1827 5393 2185 5464 clytissimum
2225 5395 2434 5466 Angliae
2482 5408 2940 5471 protomartme
2967 5398 3228 5456 Albanum
3278 5412 3408 5461 cum

1829 5485 1994 5544 sociis
2031 5483 2314 5556 plusquam
2348 5487 2696 5557 octingentis,
2729 5489 2820 5556 qui
2853 5495 3034 5548 tamen
3062 5487 3115 5543 in
3145 5486 3267 5544 aliis
3311 5503 3406 5547 co-

1830 5575 2039 5632 dicibus
2086 5593 2115 5631 a
2148 5577 2483 5633 Florentinio
2511 5579 2670 5640 editis
2712 5578 3010 5636 clarissime
3057 5578 3409 5648 exprimitur.

1829 5665 1960 5732 Quis
2012 5668 2200 5722 credat
2254 5666 2414 5722 talem
2476 5674 2726 5724 sanctum
2775 5668 2828 5722 in
2875 5666 3062 5722 codice
3107 5665 3411 5738 Anglicano

1789 5757 2247 5825 prmlermissum
2301 5757 2414 5810 iri?
2461 5754 2676 5814 Addunt
2724 5753 2924 5811 laudati
2977 5754 3211 5828 majores
3265 5772 3405 5829 pra»-
