3936 6348
520 339 621 397 471

523 459 702 514 fatum
748 457 990 515 codicem
1044 455 1098 512 in
1131 455 1302 512 Gallia
1355 466 1574 512 auctum
1607 473 1622 521 ε
1657 457 1760 512 hoc
1787 469 1912 510 vere
1957 472 1971 508 :

525 549 670 607 idem
699 549 770 608 de
817 551 1070 607 omnibus
1092 549 1212 604 aliis
1251 549 1411 620 plane
1437 547 1827 604 admittendum
1876 552 1980 612 est.
2005 546 2108 603 nisi

527 641 756 697 velimus
777 657 806 696 a
829 642 888 696 S.
920 642 1245 713 llieronymo
1288 638 1491 696 obitum
1520 637 1579 693 S.
1607 637 1816 694 Paulini
1842 653 1953 698 ιλιι
1981 635 2108 700 Julii

526 732 837 803 consignari
879 733 1134 803 potuisse.
1165 731 1293 786 Haec
1314 731 1493 786 obiter
1521 720 1588 785 de
1630 729 1816 785 codice
1842 728 2111 797 Eptema-

528 828 700 882 censi.
739 826 899 881 Plura
931 827 997 879 ad
1038 826 1180 880 hunc
1205 833 1262 878 et
1285 823 1421 878 alios
1450 823 1502 878 in
1535 820 2008 879 observationibus
2034 819 2111 876 di-

528 929 745 974 cuntur.
779 918 961 972 Redeo
990 919 1131 971 unde
1153 915 1425 987 digressus
1448 932 1590 971 sum.
1657 956 1662 962 .

599 1009 688 1062 22.
728 1014 907 1077 Atque
932 1016 991 1061 ut
1029 1007 1224 1062 iterum
1262 1015 1525 1075 repetam,
1553 1007 1620 1061 ad
1662 1005 2109 1076 disceptationem

527 1097 674 1153 illam
705 1113 926 1167 prorsus
956 1113 1061 1153 non
1109 1097 1404 1168 regredior,
1433 1112 1538 1166 qua
1571 1097 1638 1152 de
1685 1112 1814 1153 vero
1842 1095 2111 1166 Hierony-

527 1186 695 1241 miani
719 1186 1083 1258 Martyrologii
1111 1198 1336 1244 auctore
1352 1187 1668 1257 inquiritur,
1689 1187 1803 1242 sive
1825 1186 1872 1241 is
1894 1186 2112 1242 demqu

520 1279 666 1334 alius
691 1279 761 1333 ab
801 1278 859 1334 S.
894 1278 1243 1351 Hieronymo,
1277 1279 1394 1335 sive
1421 1280 1536 1348 ipse
1579 1279 1964 1350 Hieronymus,
1993 1279 2110 1348 pri-

525 1385 651 1426 mus
670 1369 892 1426 indiculi
921 1370 1254 1425 architectus
1274 1368 1476 1431 fuerit;
1506 1384 1630 1424 nam
1655 1368 1901 1439 quisquis
1924 1367 1973 1425 is
2005 1375 2108 1432 est,

525 1461 870 1518 aut'szeculo
912 1469 1068 1518 sexto
1102 1460 1405 1530 antiquior,
1435 1469 1530 1517 aut
1557 1474 1622 1516 eo
1667 1459 1864 1515 saltem
1915 1459 2114 1516 sarculo

523 1555 728 1612 vixisse
766 1554 1026 1610 dicendus
1053 1560 1157 1609 est.
1189 1552 1245 1609 ω
1272 1553 1431 1608 nobis
1471 1550 1990 1609 indubitatissimum
2028 1550 2114 1606 vi-

527 1646 688 1700 detur
713 1643 817 1700 tale
847 1643 1287 1715 Martyrologium
1315 1659 1348 1699 a
1385 1651 1575 1699 sancto
1611 1641 1874 1713 Gregorio
1919 1641 2114 1714 Magno

527 1735 890 1807 designatum,
918 1735 1045 1789 dum
1080 1735 1150 1789 ad
1178 1733 1458 1804 Eulogium
1489 1732 1913 1798 Alexandrinum
1937 1731 2029 1787 lib.
2055 1733 2107 1798 7,

1447 333 1822 396 USUAIKDUS
1853 337 2104 394 MONACI

2209 343 2230 396 5
2271 343 2914 401 SANGER‘JANENSIS.
3708 345 3822 400 I71

2017 454 2112 508 sed
2143 456 2188 516 A
2217 457 2314 510 stri
2345 458 2666 526 posuerint,
2707 460 2995 515 ostendunt
3039 460 3338 530 quotidiani
3388 463 3812 530 commentarii.

2201 546 2304 615 .qui
2341 547 2393 601 in
2415 561 2486 602 eo
2515 549 2608 602 toti
2654 559 2800 613 sunt,
2826 557 2885 603 ut
2929 564 2998 603 ex
3029 549 3209 607 dubiis
3232 559 3406 620 certa,
3437 567 3510 608 ex
3561 552 3819 608 confusis

2215 634 2383 701 clara,
2415 653 2482 692 ex
2524 637 2664 692 male
2694 638 3008 708 compositis
3056 640 3340 718 simplicia,
3372 657 3446 697 ex
3476 642 3708 698 luxatis.
3730 643 3817 698 in-

2215 733 2362 794 tegra
2389 765 2404 791 ,
2435 735 2548 782 tum
2583 727 2958 797 palscstrarum
2988 770 3004 796 ,
3038 739 3152 786 tum
3176 792 3182 797 ,
3207 719 3452 803 ipsorum
3501 741 3813 806 martyrum

2212 817 2430 872 nomina
2461 816 2832 877 etl‘ormentur.
2873 819 3142 876 Caeterum
3177 824 3534 893 antiquorum
3563 824 3810 880 omnium

2212 907 2457 964 codicum
2490 910 2790 979 praesertim
2820 910 3110 977 usualium,
3140 923 3198 968 ut
3225 925 3352 968 sunt
3384 914 3804 988 Martyrologia,

2212 998 2516 1053 communis
2544 1009 2628 1054 est
2651 1013 2794 1064 sors,
2825 1009 2886 1063 ut
2913 1001 3334 1058 describentium
3357 1004 3445 1060 vel
3472 1005 3808 1070 temeritate,

2213 1087 2297 1142 vel
2335 1087 2628 1160 imperitia,
2653 1089 2727 1144 ita
2759 1090 2958 1145 sensim
2987 1091 3365 1162 deturpentur,
3392 1103 3455 1148 ut
3490 1108 3638 1164 saepe
3681 1094 3808 1148 ditii-

2214 1181 2472 1236 cillimum
2497 1181 2566 1236 sit
2585 1182 2746 1251 primi
2767 1185 3325 1256 autographivestigia
3347 1185 3400 1240 in
3421 1188 3810 1256 transsumptis

2214 1269 2648 1340 deprehendere;
2675 1272 2810 1327 adeo
2852 1281 2912 1326 ut
2937 1288 3062 1329 cum
3101 1273 3411 1330 Castellano
3448 1277 3806 1331 vehementer

2214 1359 2447 1415 miratus
2470 1359 2594 1424 sim,
2617 1361 2670 1414 in
2693 1360 2940 1416 Romano
2963 1377 3152 1433 parvo,
3177 1378 3272 1419 seu
3298 1372 3488 1420 vetere
3515 1363 3802 1436 Bosweydi

2214 1448 2395 1503 omnia
2425 1458 2533 1504 tam
2581 1450 2868 1516 concinna,
2903 1459 3014 1506 tam
3048 1452 3235 1520 nitida,
3266 1463 3376 1508 tam
3410 1455 3674 1510 ordinata
3717 1471 3805 1524 per

2217 1545 2296 1592 tot
2323 1537 2519 1597 saecula
2545 1540 2750 1595 servari
2777 1541 3041 1610 potuisse,
3071 1541 3126 1596 in
3166 1558 3274 1612 quo
3296 1552 3451 1599 certe
3476 1544 3586 1599 hoc
3611 1543 3802 1616 Marty-

2216 1629 2502 1700 rologium,
2535 1638 2743 1687 tantum
2791 1640 3014 1702 superat
3053 1632 3477 1708 Hieronymiana
3503 1677 3520 1701 ,
3549 1649 3804 1708 quantum

2219 1719 2334 1776 hac
2383 1730 2655 1777 vetustate
2709 1723 3075 1789 antecedunt,
3108 1726 3254 1795 quod
3297 1727 3577 1798 sequenti,
3611 1738 3679 1782 ut
3700 1729 3803 1798 jam

523 1841 612 1894 ep,
643 1805 738 1891 ἐξ),
766 1825 841 1881 ξω
882 1825 1207 1896 rescripsit;
1241 1841 1262 1877 ε
1297 1823 1406 1880 Nos
1454 1833 1636 1881 autem
1685 1839 1824 1895 ρειιο
1865 1823 2106 1881 omnium
2137 1805 2186 1867 Β
2215 1829 2325 1869 non
2366 1813 2536 1868 semel
2565 1813 2835 1881 diximus,
2865 1815 3043 1887 capite
3071 1816 3246 1874 fusius
3275 1819 3384 1874 erit
3425 1819 3802 1877 demonstran-

522 1923 847 1987 martyrum,
876 1915 1155 1970 distinctis.
1179 1929 1279 1987 per
1317 1915 1556 1986 singulos
1595 1917 1711 1970 dies
1737 1915 2106 1985 passionihus,

523 2004 748 2060 collecta
779 2005 836 2059 in
867 2020 972 2059 uno
1002 2005 1188 2061 codice
1212 2005 1431 2060 nomina
1455 2004 1745 2069 habemus;
1777 2015 1941 2074 atque
1974 2021 2110 2075 quo-

523 2095 745 2152 tilianis
775 2097 966 2153 diebus
1003 2097 1056 2152 in
1088 2113 1276 2153 eorum
1307 2097 1658 2152 veneratione
1681 2098 1970 2152 missarum
2020 2113 2109 2152 so-

524 2187 720 2242 lemnia
743 2189 972 2260 agimus.
1003 2188 1118 2244 Non
1145 2197 1321 2244 tamen
1353 2189 1409 2244 in
1441 2191 1630 2244 eodem
1658 2189 1948 2254 volumine,
1986 2189 2110 2258 quis

523 2279 758 2348 qualiter
777 2281 849 2336 sit
869 2295 1062 2352 passus
1080 2281 1366 2345 indicatur,
1385 2282 1478 2336 sed
1495 2284 1868 2340 tantummodo
1888 2298 2104 2351 nomen,

521 2367 676 2424 locus
695 2377 754 2434 et
777 2371 894 2425 dies
920 2370 1190 2440 passionis
1215 2372 1453 2441 ponitur.
1484 2371 1636 2427 Unde
1663 2373 1724 2427 lit
1760 2382 1818 2426 ut
1853 2373 2006 2427 multi
2037 2389 2106 2430 ex

519 2459 756 2516 diversis
778 2461 940 2518 terris
965 2472 1135 2532 atque
1157 2464 1462 2534 provinciis
1481 2479 1579 2532 per
1606 2465 1745 2522 dies.
1774 2475 1835 2519 ut
1857 2466 2102 2536 praedixi,

519 2552 766 2624 singulos
791 2563 1188 2626 cognoscantur
1225 2557 1486 2627 martyrio
1520 2557 1784 2612 coronati.
1835 2558 1942 2612 Sed
1989 2558 2104 2614 haec

519 2645 726 2700 habere
776 2661 872 2703 vos
916 2647 1262 2704 beatissimos
1319 2649 1613 2704 credimus.
1677 2669 1700 2702 ι
1748 2648 1862 2704 Non
1909 2665 2106 2722 magno

518 2729 722 2804 studio,
753 2737 1000 2804 solertia,
1022 2748 1118 2795 am
1141 2738 1328 2795 labore
1345 2754 1482 2810 opus
1511 2749 1598 2796 est
1618 2779 1640 2807 ,
1671 2749 1734 2796 ut
1754 2741 2106 2800 characteres

517 2827 576 2884 lii
604 2843 794 2884 omnes
824 2843 857 2883 a
882 2827 941 2884 S.
973 2829 1240 2900 Gregorio
1261 2838 1372 2884 tam
1402 2830 1548 2886 clare
1573 2832 1840 2901 expressi,
1869 2833 1922 2887 in
1952 2834 2102 2890 codi-

523 2925 682 2980 cibus
724 2921 1184 2996 H-ieronymianis,
1223 2941 1254 2978 a
1284 2923 1620 2978 Florentinio
1648 2925 1809 2980 editis
1832 2965 1846 2987 ,
1879 2925 2107 2996 aliisque

521 3013 640 3078 eius
690 3013 906 3085 generis
956 3022 1144 3083 aperte
1186 3013 1702 3082 deprehendantur,
1734 3030 1907 3084 eoque
1947 3024 2106 3084 pacto

519 3107 841 3176 frequentes
891 3105 1334 3176 interpolationes
1364 3121 1393 3159 a
1424 3106 1591 3161 veteri
1620 3115 1768 3161 textu
1817 3107 2105 3178 sejungan-

2214 1905 2365 1961 dum.

2211 2046 2213 2048 .
2279 1998 2368 2053 24.
2413 1998 2700 2072 Reliquum
2735 2011 2820 2057 est
2848 2010 2908 2057 ut
2939 2003 3006 2058 de
3044 2003 3324 2061 codicibus
3355 2005 3563 2062 nostris
3608 2005 3795 2064 Hiero-

2209 2092 2503 2163 nymianis,
2527 2094 2758 2149 necdum
2781 2095 2944 2151 editis
2963 2105 3018 2150 et
3043 2096 3215 2152 ferme
3237 2097 3585 2161 abbreviatis,
3621 2115 3798 2169 [rauca

2208 2181 2262 2236 in
2313 2184 2652 2251 singulorum
2712 2186 2990 2255 specimen
3043 2188 3328 2258 subjiciam
3357 2229 3374 2254 ,
3422 2191 3468 2244 si
3520 2190 3657 2246 forte
3704 2192 3804 2246 ali-

2207 2274 2422 2344 quando
2450 2289 2630 2345 operm
2669 2276 2905 2347 pretium
2943 2279 3017 2332 sit
3060 2280 3174 2348 ipsa
3208 2279 3376 2334 etiam
3423 2280 3626 2350 publici
3672 2279 3802 2348 juris

2207 2363 2416 2432 facere,
2440 2365 2508 2420 ad
2536 2367 2678 2436 quod
2699 2419 2702 2422 ,
2725 2381 2810 2421 me
2837 2365 3150 2436 frequenter
3192 2369 3594 2439 impensissime
3645 2380 3799 2439 atque

2207 2457 2590 2527 urgentissime
2633 2456 2954 2512 adhortatus
3003 2467 3085 2513 est
3134 2474 3278 2528 saepe
3330 2460 3460 2514 mihi
3511 2460 3603 2515 hic
3639 2463 3797 2516 nomi-

2210 2547 2439 2613 nandus,
2469 2561 2749 2618 nunquam
2783 2561 2890 2616 pro
2908 2549 3101 2604 merito
3127 2547 3454 2613 laudandus,
3485 2558 3604 2603 tum
3629 2551 3798 2619 opai:

2205 2634 2386 2706 hujus,
2420 2647 2537 2697 tum
2562 2638 2873 2709 grandioris
2899 2639 3074 2693 nostri
3099 2639 3410 2696 indefessus
3451 2639 3704 2707 adiutor,
3731 2642 3786 2696 ἵ.

2206 2729 2270 2788 C.
2301 2730 2559 2786 Claudius
2597 2730 2978 2794 Castellanus,
3009 2731 3335 2788 Parisimisis
3382 2732 3452 2786 ad
3501 2731 3561 2786 Β.
3625 2732 3794 2788 Mari:

2206 2818 2521 2883 canonicus,
2555 2834 2769 2875 summo
2810 2826 2997 2874 nostro
3024 2819 3210 2876 dolore
3240 2831 3296 2874 et
3343 2821 3550 2892 ingenti
3598 2822 3793 2892 Hart;-

2208 2912 2536 2982 rologiorum
2567 2911 2780 2978 jactura
2808 2926 2841 2966 e
2867 2912 3006 2968 vivis
3035 2921 3254 2982 ereptus
3282 2915 3380 2968 sub
3407 2912 3634 2968 initium
3683 2913 3796 2968 anni

2211 3004 2368 3058 ΠΗ.
2412 3003 2484 3058 Ea
2539 3013 2658 3057 erat
2705 3002 3036 3073 perillustris
3080 3003 3184 3057 viri
3234 3003 3538 3067 sententia,
3581 3014 3653 3057 ut
3703 3018 3799 3056 non

2213 3096 2384 3152 solum
2421 3094 2784 3151 Usuardinam
2822 3095 3194 3154 recensionem
3223 3097 3340 3150 orbi
3373 3096 3651 3152 litterario
3683 3113 3801 3163 gra-

525 3159 640 3254 tur:
668 3197 858 3267 Neque
885 3159 1251 3261 enim‘nudos,
1277 3196 1550 3266 simplices
1578 3205 1632 3254 et
1660 3159 1900 3267 integros
1925 3159 2107 3254 Hiero-
2134 3159 2179 3222 C
2213 3187 2624 3245 tissimamiore
2663 3195 2936 3252 censeret,
2967 3187 3063 3242 sed
3093 3187 3336 3243 eruditos
3365 3203 3547 3242 omnes
3585 3187 3646 3241 id
3680 3186 3808 3256 jure

522 3289 830 3362 nymianos,
862 3299 951 3344 aut
979 3287 1342 3360 Gregorianos
1367 3289 1582 3344 codices
1611 3305 1710 3345 nos
1744 3289 1944 3346 habere
1979 3305 2108 3361 pro-

523 3385 771 3450 ﬁtemur;
804 3398 926 3438 cum
957 3381 1107 3436 multi
1157 3396 1298 3452 saepe
1337 3381 1526 3438 Sancti
1581 3392 1913 3448 recurrant,
1969 3397 2107 3454 quos

520 3487 644 3551 post
677 3477 736 3534 S.
765 3477 1011 3550 Gregorii
1054 3487 1295 3547 tempora
1332 3477 1552 3543 vixisse,
1602 3486 1697 3532 aut
1742 3477 1936 3532 saltem
1983 3476 2104 3546 ejus

523 3581 767 3642 tempore
806 3577 1120 3625 sanctorum
1156 3569 1503 3624 veneratione
1544 3567 1776 3625 donatos
1802 3584 1907 3624 non
1937 3567 2107 3624 fuisse

520 3662 800 3718 evidenter
826 3669 1057 3717 constet.
1089 3660 1162 3715 De
1204 3660 1398 3728 quibus
1442 3661 1638 3716 iterum
1668 3659 1837 3714 videri
1881 3665 2107 3728 possunt

517 3751 842 3817 Bollandus,
872 3761 926 3808 et
961 3754 1142 3808 citata:
1188 3752 1504 3806 Florentinii
1558 3750 1978 3807 admonitiones.
2035 3747 2105 3804 Ut

519 3845 688 3901 semel
709 3845 908 3911 dicam,
925 3845 978 3899 id
1001 3846 1314 3915 quaerimus,
1333 3844 1388 3898 id
1409 3845 1676 3911 volumus,
1701 3844 1755 3899 id
1778 3843 2096 3907 asserimus,

517 3937 963 4012 Martyrologium
1004 3938 1170 4002 istud,
1201 3938 1342 4007 quod
1394 3936 1870 4008 literonymianum
1915 3936 2104 4008 appel-

517 4029 729 4094 lamus,
765 4031 1012 4086 omnium
1053 4029 1290 4097 primum
1320 4069 1334 4092 ,
1377 4028 1620 4082 omnium
1675 4026 2102 4083 vetustissimum

518 4134 684 4185 esse,
719 4121 826 4175 imo
881 4120 1122 4188 Gregorii
1186 4117 1358 4189 Magni
1409 4118 1744 4189 temporibus
1805 4118 2100 4183 vetustius,

517 4211 957 4283 quandoquidem
991 4212 1234 4265 incitata
1273 4210 1520 4280 cpistola,
1551 4225 1660 4265 non
1689 4210 1756 4265 de
1802 4225 1945 4265 novo
1971 4225 2107 4280 quo-

516 4309 642 4361 dam
675 4304 972 4376 Martyrum
1003 4302 1257 4366 indiculo,
1288 4310 1380 4355 aut
1425 4302 1670 4372 catalogo
1697 4342 1711 4366 ,
1741 4301 1836 4357 sed
1866 4301 1932 4356 de
1958 4299 2105 4354 anti-

513 4410 623 4466 quo
655 4394 986 4451 mentionem
1017 4391 1238 4456 inferat,
1267 4407 1426 4461 quem
1461 4404 1653 4460 nempe
1681 4399 1792 4446 toto
1836 4391 1968 4445 orbe
2015 4404 2107 4444 ca-

511 4488 716 4544 tholico
745 4496 1023 4556 receptum
1045 4492 1102 4540 et
1127 4484 1314 4538 tritum
1340 4483 1702 4548 existimaret,
1729 4482 1857 4536 dum
1881 4480 2102 4538 conclu~
2127 4515 2181 4578 Β

512 4581 594 4636 dit
623 4598 636 4634 :
668 4578 774 4636 Sed
798 4579 910 4633 han:
936 4576 1126 4631 habere
1153 4591 1242 4630 vos
1273 4574 1596 4630 beatissimos
1641 4573 1921 4627 credimus.

586 4669 678 4724 2'5.
714 4668 772 4722 In
801 4676 911 4723 tam
939 4666 1169 4722 vetustis
1201 4664 1479 4720 codicibus
1503 4704 1522 4729 ,
1557 4662 1717 4719 toties
1759 4661 1828 4717 a-l)
1855 4663 2096 4717 oscitan-

512 4759 659 4814 tihus
701 4764 758 4812 et
790 4755 1024 4812 indoctis
1051 4753 1288 4809 librariis
1317 4752 1625 4822 descriptis,
1657 4751 1858 4806 frustra
1907 4751 2101 4806 distin-

509 4858 631 4904 ctas
653 4855 963 4904 sanctorum
990 4847 1183 4910 series,
1214 4844 1483 4900 discretos
1519 4843 1757 4899 studiose
1783 4843 2096 4907 laterculos,

511 4955 768 5012 expressa
788 4951 932 4996 recte
955 4941 1199 5003 nomina,
1219 4946 1462 4992 servatas
1487 4937 1552 4990 ad
1584 4944 1756 4990 artem
1783 4935 2098 4992 bonaelocu-

511 5032 675 5089 tionis
701 5031 933 5102 regulas,
963 5040 1056 5085 aut
1085 5036 1312 5084 exactos
1361 5041 1542 5082 rerum
1591 5025 1776 5096 apices
1830 5025 1954 5096 quis
2003 5041 2094 5080 re-

508 5126 691 5195 quirat
719 5143 734 5182 :
767 5125 988 5179 omnino
1018 5121 1298 5176 fatendum
1351 5128 1436 5174 est
1481 5133 1734 5190 magnam
1765 5118 2006 5174 locorum
2040 5125 2097 5173 et

507 5217 788 5274 nominum
813 5230 909 5285 per
926 5212 1265 5283 coniunctas,
1287 5217 1383 5265 aut
1406 5209 1552 5265 male
1568 5209 1808 5265 divulsas
1831 5209 2092 5282 syllabas,

507 5323 712 5379 easque
736 5306 934 5376 saepius
973 5313 1251 5359 truncatas
1279 5312 1336 5358 et
1373 5303 1662 5366 distortas,
1692 5300 2090 5366 confusionem,

507 5400 817 5456 barbariem
844 5405 901 5452 et
941 5395 1281 5452 frustraneas
1308 5394 1655 5465 repetitioncs
1687 5392 1880 5448 diebus
1921 5407 2093 5463 prope

512 5492 737 5564 singulis
755 5504 1053 5553 recurrere,
1076 5487 1274 5559 quibus
1293 5500 1512 5556 quoquo
1537 5485 1696 5541 modo
1719 5484 2094 5550 restituendis,

511 5583 882 5653 explicandis,
935 5579 1350 5645 combinandis,
1404 5574 1839 5644 distinguendis,
1898 5573 2096 5627 mirum

511 5681 770 5742 quantum
795 5672 994 5742 passim
1022 5670 1230 5726 laboret
1249 5665 1613 5722 Florentinius
1638 5682 1651 5718 :
1680 5674 1942 5734 quantum
1967 5678 2096 5720 vero

512 5777 712 5836 operm,
752 5763 1023 5833 studiique
1054 5762 1105 5816 in
1152 5757 1304 5816 hisce
1335 5755 1697 5813 eruderandis
1725 5753 1962 5824 majores
1997 5771 2096 5812 no-

2209 3276 2442 3346 quodam
2478 3292 2510 3331 a
2548 3277 2704 3332 nobis
2729 3275 3004 3346 postulare
3032 3275 3244 3342 aiebat,
3275 3286 3337 3331 ut
3378 3276 3566 3346 reliqua
3601 3287 3803 3332 nostra

2209 3366 2630 3441 Hieronymiana
2652 3369 2988 3440 apographa,
3011 3383 3110 3425 seu
3135 3369 3369 3440 integra,
3392 3384 3480 3425 seu
3506 3377 3804 3424 contracta

2207 3459 2711 3530 etcompendiata,
2742 3459 2799 3514 in
2852 3458 3124 3530 publicam
3175 3459 3354 3514 lucem
3403 3459 3803 3516 emittet-emus.
3863 3522 3873 3539 ο

2211 3547 2375 3620 Spem
2404 3547 2508 3605 feci
2537 3550 2658 3606 viro
2697 3549 3064 3615 amicissimo,
3096 3549 3150 3604 id
3197 3549 3486 3618 aliquando
3514 3548 3801 3611 futurum,

2209 3641 2516 3713 praesertim
2562 3641 2609 3696 si
2661 3647 2892 3697 conatus
2921 3650 3142 3708 nostros
3185 3638 3241 3694 in
3289 3641 3654 3711 expurgando
3689 3643 3794 3695 illu-

2209 3732 2542 3803 strandoque
2591 3731 2838 3788 Usuardo
2866 3771 2884 3798 ,
2913 3732 3056 3802 quod
3089 3740 3219 3787 tunc
3253 3731 3565 3786 meditabar
3592 3773 3610 3796 ,
3644 3734 3797 3787 iidem

2209 3827 2310 3896 ipsi
2337 3824 2851 3900 Martyrologiophili
2905 3825 3018 3880 suis
3045 3822 3318 3895 suilragiis
3345 3823 3710 3892 probassent,
3743 3839 3800 3878 eo

2208 3929 2366 3993 pacto
2393 3921 2605 3976 animos
2633 3918 2892 3979 addituri,
2924 3925 2983 3971 ut
3025 3917 3519 3985 manuscriptorum
3586 3927 3799 3988 nostri?

2209 4028 2331 4068 rum
2361 4011 2606 4068 codicum
2651 4009 2893 4066 omnium
2944 4007 3214 4078 generalis
3247 4007 3387 4061 ratio
3442 4006 3800 4070 redderetur,

2207 4119 2330 4175 quae
2356 4104 2410 4158 in
2433 4103 2624 4158 ordine
2645 4103 2712 4157 ad
2735 4101 3158 4156 commentarios
3184 4111 3423 4165 nostros,
3451 4109 3511 4153 ut
3539 4116 3717 4171 supra
3740 4101 3801 4153 de

2208 4192 2529 4249 Usuardinis
2585 4192 2827 4247 dicebam
2852 4232 2866 4255 ,
2911 4190 3438 4246 desideratissimam
3481 4190 3800 4246 lectoribus

2209 4285 2387 4342 lucem
2432 4284 2670 4340 afferret.
2705 4283 2816 4339 Nec
2845 4299 2978 4340 sane
3006 4299 3036 4337 a
3068 4283 3352 4352 promissis
3395 4282 3615 4348 rcsilio,
3647 4293 3801 4352 atque

2209 4377 2347 4431 adeo
2372 4385 2431 4430 ut
2461 4390 2642 4429 rerum
2694 4373 2998 4441 hujusmodi
3029 4373 3335 4428 amantium
3361 4372 3620 4443 palatum
3673 4389 3803 4428 non-

2209 4463 2347 4518 nihil
2380 4462 2610 4528 titillem,
2635 4463 2856 4517 brevem
2883 4462 2970 4516 hic
2990 4462 3225 4531 aliquam
3251 4460 3803 4532 Hieronymianorum

2205 4564 2515 4623 nostrorum
2541 4554 2788 4608 codicum
2839 4552 3255 4629 delineatio‘ncm
3288 4550 3487 4606 lubens
3537 4552 3794 4615 adnecto,

2202 4647 2382 4718 plura,
2412 4648 2458 4703 si
2497 4647 2740 4716 licuerit,
2764 4645 2892 4702 olim
2916 4707 2919 4711 η
2941 4643 3430 4716 pracstiturus,ubi
3477 4644 3673 4700 varios
3705 4642 3805 4698 lla-

2202 4738 2564 4810 giophilorum
2591 4745 2779 4806 gustus
2807 4735 3179 4806 cxploravcro.

2231 4864 2342 4930 §ll.
2364 4865 2520 4914 -—De
2550 4867 2560 4912 ἱ
2592 4866 2941 4925 ierouymianis
2957 4862 3242 4930 minoribus,
3274 4863 3779 4926 tum'mnscriﬂis.

2749 4935 2852 4974 tum
2881 4928 3012 4988 typis
3033 4927 3255 4975 excusis.

2207 5067 2210 5073 -
2273 5029 2366 5086 2:3.
2393 5029 2511 5086 Sub
2537 5027 2696 5085 tinem
2726 5029 2880 5084 citati
2903 5043 3078 5099 nuper
3105 5027 3134 5096 ᾗ
3158 5026 3445 5096 ὤρενίιίει
3466 5027 3814 5097 praelationis

2203 5125 2494 5197 generalis,
2525 5125 2638 5195 agit
2661 5124 2952 5180 Bollandus
2975 5124 3043 5178 de
3071 5123 3368 5194 exemplari
3395 5123 3585 5193 aliquo
3611 5122 3814 5180 Hiero-

2201 5217 2458 5288 nymiano
2483 5215 2794 5277 Hibernico,
2825 5213 2980 5284 cujus
3006 5213 3235 5269 lacinias
3255 5213 3462 5283 aliquot
3485 5229 3593 5270 seu
3616 5223 3812 5270 extra-

2202 5318 2288 5365 cta
2334 5324 2364 5363 a
2408 5307 2607 5363 celebri
2661 5307 2721 5361 P.
2767 5306 3002 5377 Colgano
3049 5307 3348 5371 submissa,
3405 5305 3813 5376 posterioribus

2202 5399 2449 5455 Januarii
2467 5400 2634 5455 nostri
2657 5400 2724 5453 de
2750 5398 2904 5454 Actis
2921 5405 3236 5453 sanctorum
3257 5397 3450 5452 diebus
3469 5397 3810 5459 inseruerat,

2202 5493 2306 5548 sub
2329 5490 2546 5546 nomine
2567 5489 2735 5560 blarty
2745 5489 2933 5560 rologii
2959 5487 3364 5560 Hieronymiani
3395 5487 3811 5542 Tamlactensis.

2202 5580 2284 5634 An
2309 5579 2702 5649 autograpbum
2721 5578 2892 5647 ipsum
2918 5579 3326 5645 rnembraneum
3351 5588 3587 5645 unquam
3602 5574 3817 5630 viderit

2205 5667 2516 5732 Bollandus,
2545 5667 2766 5722 dubium
2794 5665 2947 5729 facit,
2977 5666 3122 5735 quod
3155 5664 3536 5722 'l‘amlactense
3559 5663 3722 5718 istud
3744 5665 3817 5717 si-

2210 5757 2339 5816 mile
2365 5757 2753 5828 llptcrnacensi
2774 5756 3068 5822 existimet,
3097 5769 3223 5812 cum
3253 5769 3380 5811 vere
3405 5752 3575 5810 solum
3599 5747 3816 5822 Marty-
