3936 6348
108 336 235 404 475

1509 337 2042 399 PROLEGOMENA.

3289 343 3393 401 ὅτι

109 465 319 538 mlogii
342 459 570 531 alicujus
589 458 992 530 Hieronymiani
1018 458 1374 528 fragmentum
1397 455 1501 511 dici
1523 455 1709 526 possit.
1738 451 1787 520 λ
1817 455 1999 510 terris.
2044 452 2208 509 Folia'
2228 461 2352 509 sunt
2405 454 2662 510 tredecim
2719 454 3071 517 membranrc,
3110 453 3162 507 iu
3215 453 3392 510 forma

109 556 179 612 ιιι
214 555 346 610 mihi
375 553 532 624 plane
555 549 820 614 constitit,
851 550 978 604 dum
1015 548 1405 619 autograpbum
1439 547 1611 617 ipsum
1641 545 1706 599 Ii.

109 644 187 699 P.
224 643 402 699 Liviui
424 641 490 696 de
515 639 716 709 Meyer,
746 638 847 692 viri
889 639 957 692 de
981 637 1252 707 republica
1293 635 1555 690 litteraria
1581 650 1715 705 prte-

115 733 434 788 clarissime
477 730 675 789 meriti.
716 737 845 782 tunc
890 727 1099 798 collegii
1145 725 1317 781 nostri
1364 724 1716 779 Lovaniensis

118 824 365 880 rectoris
392 819 782 884 benevolentia,
799 833 829 872 a
851 817 966 872 RR.
989 816 1094 872 PP.
1119 815 1498 872 Franciscauis
1522 814 1716 869 Hiber-

120 917 220 970 nis
265 915 635 985 impetratum,
666 910 891 965 otiosius
937 917 993 963 et
1036 907 1345 979 diligentius
1391 905 1637 962 evolvere
1662 913 1718 958 et

119 1015 396 1063 excutere
423 1004 591 1059 licuit.
617 1003 695 1058 Eo
718 1018 830 1073 prae
855 1001 1066 1057 caeteris
1092 1016 1179 1055 me
1209 999 1494 1071 impulerat
1511 996 1718 1052 Castel-

119 1099 243 1152 lani
280 1096 589 1160 curiositas,
620 1094 714 1164 qui
743 1093 1118 1148 Tamlactense
1146 1090 1582 1162 Martyrologium
1613 1089 1715 1144 ali-

123 1189 350 1258 quoties
407 1188 458 1242 in
491 1185 644 1241 Actis
668 1185 912 1249 citatum,
959 1185 1066 1239 imo
1107 1183 1379 1238 laudatum
1413 1178 1714 1250 inveniens,

126 1281 452 1333 thesaurum
499 1276 767 1347 ingentem
813 1274 1034 1329 Lovanii
1068 1273 1234 1328 latere
1259 1274 1357 1328 sibi
1404 1273 1562 1344 plane
1592 1289 1714 1343 per-

125 1375 398 1424 suaserat.
447 1367 558 1437 Ego
601 1381 748 1428 vero,
776 1373 897 1434 post
923 1376 1229 1419 accuratum
1259 1379 1504 1421 examen.
1561 1362 1717 1418 facile

125 1457 495 1513 animadverti
550 1455 790 1510 codicem
840 1454 987 1508 illum
1018 1453 1174 1524 longe
1201 1469 1361 1525 supra
1395 1455 1643 1508 meritum
1685 1470 1714 1509 a

128 1547 431 1619 majoribus
453 1545 670 1606 nostris,
698 1543 894 1614 quibus
915 1543 1026 1598 sola
1053 1554 1316 1605 extracta.
1343 1552 1401 1597 ut
1421 1544 1549 1598 Inibi
1574 1559 1718 1612 szrpe

132 1647 368 1694 testatus
391 1645 475 1692 est
513 1634 931 1705 Papebrochius,
965 1651 994 1687 a
1024 1633 1128 1687 PP.
1182 1634 1284 1688 illis
1331 1632 1596 1686 Minoritis
1624 1633 1715 1687 Hi-~

125 1729 340 1794 bernis,
366 1743 460 1783 seu
489 1742 520 1781 a
551 1726 790 1795 Colgano
818 1726 980 1780 missa
1011 1725 1244 1789 fuerant,
1267 1724 1464 1778 elatum
1495 1733 1548 1778 et
1571 1740 1717 1778 com-

1814 556 2003 604 octava
2056 546 2299 616 majore,
2353 547 2476 601 boni
2526 545 2796 615 priscique
2844 546 3194 610 ebaracteris,
3247 547 3393 616 ipsas

1817 639 2174 710 diphthongos
2217 639 2362 693 clare
2409 638 2784 709 exprimentis.
2828 636 2944 692 Non
2997 637 3138 691 male
3185 638 3398 712 censuit

1816 730 1990 794 Vitas,
2027 731 2375 800 fragmentum
2409 731 2506 783 hoc
2557 745 2712 784 suum
2753 727 3040 783 exaratum
3073 728 3236 796 fuisse
3277 738 3396 798 post

1816 823 1925 876 dies
1959 822 2129 876 sancti
2171 819 2410 892 Gregorii
2442 820 2645 892 Magni,
2689 831 2736 875 et
2765 831 2879 889 post
2926 819 3106 874 Caroli
3140 819 3325 890 Magni
3377 835 3398 875 :

1818 929 1936 968 nam
1963 915 2019 967 in
2045 912 2156 977 illo,
2190 912 2385 981 inquit,
2408 913 2519 966 suis
2544 922 2676 965 recte
2710 911 2838 964 locis
2877 910 2990 980 lego
3021 910 3154 979 festa
3195 909 3400 964 Natiri-

1816 1005 1940 1057 tatis
1996 1003 2158 1057 beata:
2217 1000 2442 1072 Virginis
2481 1011 2527 1055 et
2571 1001 2924 1055 Exaltationis
2971 1011 3167 1055 sancta!
3204 1001 3397 1055 crucis.

1817 1091 1893 1148 De
1915 1101 2111 1148 czetero
2137 1107 2262 1146 vere
2284 1091 2761 1162 Iiieronymianum
2791 1106 2932 1156 esse,
2963 1106 3059 1146 seu
3103 1105 3170 1145 ex
3199 1089 3244 1144 Η
3255 1091 3397 1144 iero-

1817 1185 2072 1256 nymiano
2102 1193 2426 1249 extractum,
2458 1184 2602 1238 clare
2631 1184 2886 1238 evincunt
2919 1182 3155 1237 exhibita
3204 1199 3234 1236 a
3280 1181 3401 1236 Bul-

1817 1278 1976 1333 lando
2005 1277 2321 1347 specimina,
2347 1294 2411 1330 ac
2440 1277 2750 1347 quotidiana
2773 1278 2876 1332 alia
2909 1277 3101 1332 diebus
3123 1279 3401 1347 sequenti-

1817 1371 1936 1425 bus.
1989 1369 2165 1424 Uuum
2212 1370 2567 1438 superaddam
2595 1385 2660 1424 ex
2705 1386 2721 1423 ι
2752 1368 2875 1422 Julii
2904 1368 3228 1438 exemplum,
3259 1369 3402 1439 quod

1818 1460 2070 1530 deinceps
2099 1475 2194 1529 per
2222 1459 2402 1513 omnia
2424 1469 2672 1514 secutura
2701 1461 3010 1531 apograpba
3052 1469 3232 1515 nostra
3281 1461 3405 1514 llie-

1819 1549 2157 1620 ronymiauia
2182 1565 2314 1604 mss.
2347 1551 2650 1619 vagabitur.
2680 1549 2837 1615 Puta,
2865 1567 2950 1605 mc
2984 1559 3161 1605 textus
3189 1567 3403 1618 omnes,

1820 1656 1836 1696 ι
1865 1639 1988 1694 Julii
2015 1640 2064 1694 in
2088 1641 2366 1695 codicibus
2389 1641 2508 1695 istis
2538 1650 2770 1706 notatos,
2804 1656 2926 1695 cum
2961 1650 3108 1694 textu
3135 1639 3402 1711 Hierony-

1820 1734 2000 1789 miano
2027 1733 2237 1804 integro
2260 1733 2497 1801 ejusdem
2530 1734 2632 1788 diei
2664 1735 3005 1789 collaturum.
3393 1721 3398 1730 ’

131 1823 448 1877 mendatum
477 1834 616 1875 esse.
667 1818 880 1873 Etenim
917 1827 1113 1887 przeter
1149 1819 1380 1872 admista
1427 1817 1712 1873 llibernica

1887 1825 1975 1880 28.
2018 1801 2297 1880 Pneinitto
2324 1826 2410 1880 bic
2435 1826 2614 1894 itaque
2643 1841 2707 1879 ex
2737 1826 2907 1896 prima
2936 1823 3060 1878 Julii
3090 1831 3258 1877 totum
3284 1811 3404 1877 lex;

131 1915 390 1984 propria,
438 1913 682 1983 pluribus
731 1910 1126 1966 recentioribus
1171 1910 1555 1964 additamentis
1610 1926 1716 1964 non

131 2015 307 2070 caret,
331 2004 507 2075 qualia
544 2012 669 2058 sunt
693 2002 886 2057 festum
917 2003 1090 2057 sancti
1111 2001 1328 2071 Joseph,
1354 2001 1719 2059 Revelationis

135 2095 414 2151 Michaelis
436 2094 768 2163 archangeli.
799 2091 1050 2148 Omnium
1101 2093 1445 2157 Sanctorum,
1489 2103 1543 2146 et
1567 2095 1719 2164 plura

137 2187 464 2257 huiusmodi.
481 2185 710 2241 Aliuznle
736 2200 866 2239 vero
893 2199 959 2239 ex
983 2185 1266 2240 duodecim
1292 2187 1417 2240 anni
1445 2189 1720 2243 mensibus

135 2276 310 2330 solum
341 2275 578 2345 Aprilem
599 2274 761 2330 habet
789 2274 1078 2344 integrum.
1103 2274 1180 2329 En
1208 2274 1397 2346 paucis
1420 2285 1582 2330 totam
1603 2277 1720 2347 ejus

139 2367 424 2438 analysim.

213 2460 308 2513 26.
362 2456 620 2514 Ρηεῐειιιιε
672 2457 837 2511 codex
894 2457 1079 2513 decem
1126 2457 1252 2512 folia
1309 2458 1722 2512 membranaeea

149 2550 392 2604 continet
417 2547 945 2618 grandioris‘formze,
970 2548 1130 2603 simili
1164 2548 1270 2602 alio
1295 2547 1421 2602 folio
1445 2559 1721 2618 cooperta,

144 2643 238 2696 ubi
263 2644 318 2697 in
348 2642 524 2697 fronte
551 2641 835 2696 recentiOri
860 2657 1019 2696 manu
1050 2642 1338 2711 apponitur
1363 2659 1374 2694 :
1413 2640 1724 2709 Martyrolo-

139 2737 286 2806 gium
321 2734 690 2801 Tamlactense,
721 2746 769 2790 et
797 2735 1046 2807 opuscula
1083 2735 1144 2790 S.
1180 2734 1456 2804 zEngussii
1488 2732 1719 2786 Keledei.

139 2825 198 2880 lu
239 2842 334 2881 ora
366 2825 545 2880 inﬁma
569 2827 756 2896 prima:
781 2825 991 2896 pagina:
1021 2825 1218 2897 legitur
1251 2843 1266 2878 :
1303 2823 1388 2877 Ad
1407 2839 1558 2877 usum
1594 2840 1721 2876 con-

141 2928 321 2972 ventus
347 2916 738 2987 Dungallensis,
763 2926 818 2971 et
845 2932 1035 2972 rursus
1064 2916 1128 2970 ad
1159 2915 1361 2970 calcem
1385 2914 1594 2985 pagina:
1620 2923 1726 2967 ter-

142 3011 269 3063 tiae:
300 3006 384 3063 Ex
414 3008 562 3062 libris
575 3016 852 3061 conuentus
873 3004 1262 3076 Dungallensis.
1287 3003 1724 3075 Martyrologium

141 3106 318 3173 ipsum
346 3119 445 3159 nec
477 3104 612 3158 bene
637 3102 927 3172 depictum,
977 3115 1078 3155 nec
1108 3102 1241 3156 satis
1291 3100 1536 3157 ordinate
1575 3098 1724 3170 dige-

140 3205 324 3257 stum,
366 3193 554 3248 decem
602 3193 862 3247 duntaxat
911 3191 1136 3261 paginas
1175 3205 1298 3245 cum
1347 3189 1458 3244 fere
1500 3188 1722 3242 dimidia

139 3282 548 3352 complectitur,
574 3282 756 3336 multis
779 3281 980 3350 ubique
1000 3281 1307 3335 nominibus
1319 3280 1407 3332 vix
1424 3275 1727 3348 legibilibus

143 3373 444 3443 impletum.
469 3371 658 3426 Deficit
683 3387 711 3425 a
737 3385 790 3425 ιν
818 3369 936 3424 Kal.
966 3370 1244 3424 Februarii
1273 3368 1338 3422 ad
1371 3367 1566 3422 nvidus
1587 3365 1728 3420 Mar-

145 3464 232 3528 tii,
262 3465 501 3532 adeoque
523 3477 622 3517 nec
649 3460 938 3516 Januarius
969 3473 1070 3514 nec
1096 3459 1318 3512 Martius
1344 3456 1538 3526 integri
1567 3463 1725 3520 sunt;

146 3555 411 3622 deestque
437 3560 582 3607 totus
611 3549 956 3606 Februarius.
986 3548 1105 3604 Jam
1149 3548 1261 3603 dixi
1290 3546 1462 3602 solum
1489 3544 1728 3616 Aprilem

148 3644 369 3716 plenum
396 3656 536 3698 esse.
571 3640 744 3696 Maius
781 3655 950 3711 usque
981 3641 1046 3695 ad
1093 3639 1235 3694 diem
1263 3639 1606 3703 vicesimum,
1633 3651 1729 3693 seu

146 3747 252 3788 xm
281 3731 398 3786 Kal.
422 3731 565 3786 Junii
591 3731 850 3786 decurrit.
879 3731 1089 3785 Absunt
1107 3730 1298 3786 Junius
1316 3738 1372 3784 et
1398 3729 1592 3784 Julius.
1617 3729 1729 3782 Au-

150 3831 345 3895 gustus
363 3820 555 3890 incipit
573 3835 602 3874 a
623 3835 677 3875 tv
700 3818 898 3885 Nonas,
916 3819 1069 3888 cujus
1088 3819 1281 3890 reliqui
1305 3821 1420 3874 dies
1440 3821 1729 3895 habentur.

148 3915 212 3970 In
233 3912 537 3983 Septembri
565 3913 761 3968 desunt
783 3927 882 3974 χιι.
911 3928 964 3966 xi
987 3921 1043 3967 et
1067 3927 1102 3966 x
1127 3911 1245 3966 Kal.
1269 3910 1536 3967 Octobris.
1569 3911 1733 3968 Octo.
1768 3937 1770 3939 >

147 4010 252 4063 her
274 4006 514 4061 decurrit
534 4020 702 4074 usque
730 4005 797 4059 ad
821 4019 877 4059 ιιι
903 4004 1022 4059 Kal.
1047 4003 1384 4059 Novembris.
1407 4004 1576 4059 Abest
1592 4011 1736 4060 totus

151 4097 480 4161 November,
509 4096 805 4151 December
833 4110 964 4150 vero
1005 4096 1291 4149 inchoatur
1332 4111 1362 4149 a
1392 4111 1458 4148 xv
1504 4095 1732 4150 Kalend.

150 4190 417 4248 Januarii.
451 4188 604 4245 Patet
636 4189 804 4258 igitur
845 4189 1271 4257 manuscriptum
1302 4188 1457 4258 plane
1485 4186 1738 4258 imperfe-

155 4289 306 4338 ctum
332 4297 474 4347 esse,
506 4296 682 4351 neque
709 4282 845 4334 adeo
871 4281 1091 4352 dignum
1123 4282 1266 4350 quod
1292 4281 1436 4335 inter
1477 4278 1739 4349 Hierony-

156 4376 369 4430 mianos
421 4376 635 4431 codices
689 4382 1128 4430 connumeretur.
1183 4373 1314 4428 Post
1366 4371 1739 4442 qualecunque

158 4465 618 4537 Martyrologium,
643 4465 1080 4534 sequiturnescio
1094 4479 1214 4534 qua:
1236 4462 1412 4517 tabula
1436 4461 1737 4526 nominum,

157 4561 211 4613 ni
243 4559 416 4622 fallor,
452 4557 881 4621 Ilibernieorum,
913 4571 1011 4624 per
1061 4556 1160 4608 tria
1208 4553 1355 4617 folia,
1412 4568 1476 4607 ac
1523 4554 1739 4607 demum

156 4647 416 4718 upuscula
447 4647 560 4702 sive
597 4646 976 4717 Opusculorum
1003 4645 1321 4715 fragmenta,
1377 4659 1443 4698 eo
1490 4658 1740 4699 sermone

158 4754 321 4808 quem
351 4756 436 4795 me
456 4739 632 4794 fateor
669 4753 892 4810 prorsus
937 4755 1042 4793 non
1076 4738 1395 4809 intelligere.
1421 4739 1600 4809 Atque
1625 4739 1741 4794 haec

159 4832 228 4885 de
256 4830 616 4885 Tatulactensi
639 4830 776 4885 satis
799 4831 943 4884 dicta
970 4838 1152 4884 sunto.

231 4922 323 4976 27.
353 4919 581 4990 Subjicit
605 4921 893 4975 Bollandus
918 4921 1188 4990 specimen
1219 4919 1598 4975 contractioris
1617 4919 1740 4975 Hie.

160 5013 490 5086 rony‘rniani,
514 5013 656 5083 quod
685 5013 814 5067 olim
840 5011 1214 5066 Rhinowiensis
1245 5012 1328 5067 vel
1351 5011 1736 5074 Rhinoviensis,

153 5108 315 5180 juxta
344 5106 604 5162 Basileam
635 5104 890 5170 cenobii,
920 5103 1043 5170 fuit,
1073 5112 1345 5174 repertum
1369 5105 1422 5158 in
1456 5102 1739 5173 Rosweydi

157 5198 398 5258 scliedis.
427 5197 518 5266 qui
543 5196 670 5251 illud
704 5211 847 5251 anno
879 5196 1022 5251 1625
1045 5204 1329 5266 acceperat
1365 5211 1398 5250 a
1418 5205 1603 5251 nostro
1622 5195 1744 5251 Steo

157 5295 348 5363 phano
372 5289 516 5355 Vito,
531 5291 621 5345 hic
640 5290 709 5346 ab
730 5290 849 5360 ipso
869 5289 1099 5346 emnobii
1123 5289 1742 5355 Rhinoviensismbbate,

156 5395 224 5439 ut
254 5386 528 5440 testantur
549 5383 868 5453 superstites
893 5381 1111 5448 litterae,
1141 5380 1577 5452 Martyrologium
1603 5380 1743 5435 istud

158 5485 318 5532 recte
338 5485 597 5531 vocantes
625 5467 1005 5546 fragmentum,
1037 5487 1160 5527 cum
1188 5473 1366 5529 desint
1391 5471 1516 5527 folia
1543 5473 1610 5527 ab
1643 5486 1743 5526 vnt

161 5567 289 5624 Kal.
326 5566 605 5622 Februarii
629 5567 698 5621 ad
725 5581 816 5619 xlv
846 5565 964 5620 Kal.
984 5565 1203 5647 Aprilis,
1225 5574 1281 5619 et
1307 5579 1338 5619 a
1363 5563 1643 5629 vicesimo,
1664 5578 1747 5618 ses

159 5653 352 5731 ptimo
383 5659 470 5713 die
495 5657 848 5730 Septembris,
900 5671 1070 5727 usque
1111 5656 1178 5710 ad
1214 5655 1526 5711 Decembris
1559 5655 1750 5711 vicesi-

165 5768 320 5808 mum
347 5761 617 5823 quartum.
648 5751 838 5822 Incipit
885 5767 915 5807 a
961 5751 1047 5806 die
1104 5750 1267 5806 natali
1313 5745 1438 5805 Jesu
1467 5747 1666 5806 Christi
1693 5743 1746 5806 in

1819 1925 1931 1971 tum
1982 1933 2049 1972 ex
2116 1916 2656 1988 IIieronymiauorum
2714 1917 2954 1970 omnium
3008 1909 3404 1979 vetustissimo,

1818 2008 2198 2078 Antuerpiensi
2245 2025 2338 2063 seu
2378 2008 2782 2077 Epternaccnsi.
2816 2007 2932 2061 Erit
2989 2007 3204 2061 lectoris
3232 2007 3406 2084 citan-t

1819 2100 1916 2154 dos
1958 2099 2094 2152 infra
2125 2088 2350 2153 aliorum
2381 2099 2624 2153 codicum
2659 2097 2923 2152 iudiculos
2975 2098 3251 2152 breviores
3279 2095 3402 2150 cum

1819 2191 1922 2245 hoc
1942 2205 2284 2260 componere.
2302 2190 2394 2244 Sic
2423 2189 2584 2244 habet
2609 2207 2623 2243 :
2651 2187 2776 2242 Kal.
2794 2187 2948 2242 Julii.
2975 2187 3041 2241 In
3067 2187 3402 2250 Nicomedia,

1819 2280 1980 2336 Zoili.
2013 2282 2202 2347 Roma,
2248 2282 2502 2352 depositio
2534 2279 2634 2335 Gai
2669 2282 2915 2353 episcopi.
2971 2279 3184 2335 Natalis
3229 2269 3407 2334 Lucitc

1820 2375 2035 2444 uirginis
2057 2384 2103 2427 et
2130 2373 2334 2427 Aureia:
2367 2374 2518 2442 regis,
2559 2389 2677 2426 cum
2704 2371 2824 2426 aliis
2865 2388 2981 2425 vni.
3028 2370 3164 2426 Item
3203 2369 3405 2435 Romtr,‘

1822 2468 1972 2532 Isici,
2012 2465 2275 2528 Processi,
2308 2465 2554 2532 Marium,
2592 2466 2860 2526 Antonini,
2892 2463 3092 2528 Sereni,
3147 2457 3406 2526 Victoris:

1823 2558 1934 2610 Zeli
1964 2575 2081 2611 cum
2127 2557 2247 2610 aliis
2279 2566 2414 2609 octo.
2461 2554 2695 2618 Orionis,
2734 2565 2781 2607 et
2824 2553 3049 2606 aliorum
3095 2568 3292 2606 cCLXII.
3337 2549 3406 2604 In

1822 2647 2119 2712 Antiochia,
2155 2645 2442 2710 Seueriani,
2495 2643 2664 2710 Zoeli,
2698 2644 2847 2698 Pasi.
2907 2643 3176 2712 Depositio
3218 2625 3410 2696 Μοηεί

1823 2753 1940 2790 cum
1968 2737 2114 2805 ﬁliis.
2137 2733 2538 2806 Augustoduno,
2562 2735 2814 2805 depositio
2845 2733 3048 2788 Leontii
3067 2734 3314 2805 episcopi.
3339 2735 3410 2790 In

1824 2831 2068 2898 Persida,
2101 2829 2200 2885 SS.
2233 2829 2588 2901 apostolorum
2609 2829 2839 2884 Simonis
2869 2827 3121 2882 Canamei
3145 2837 3192 2881 et
3214 2826 3400 2893 Judtc,

1825 2920 2008 2992 fratris
2039 2920 2274 2974 Jacobi.
2329 2919 2554 2974 Paululo
2600 2919 2842 2973 auctiora
2887 2927 3010 2973 sunt
3059 2916 3326 2972 Lucensia
3357 2925 3414 2973 et

1826 3013 2206 3078 Corbeiensia;
2248 3012 2432 3082 priora
2463 3012 2608 3066 enim
2648 3012 2978 3065 interscrunt
3024 3010 3401 3080 depositioaem

1828 3105 2025 3171 Aaron,
2046 3105 2376 3174 adduntque,
2405 3102 2693 3174 Egolisma.
2715 3102 2927 3171 Eparci.
2952 3099 3258 3156 Posteriora
3281 3115 3412 3156 vero

1829 3200 2048 3272 insuper
2099 3198 2359 3268 adjiciunt
2397 3196 2769 3266 depositionem
2831 3191 3076 3263 Karileﬁ.
3133 3192 3239 3248 Sed
3290 3207 3414 3259 nos,

1828 3307 1953 3347 cum
1982 3289 2268 3354 Bollando,
2321 3289 2563 3343 codicem
2593 3287 2741 3342 illum
2790 3295 3056 3352 nostrum,
3081 3287 3293 3343 czeteris
3321 3302 3418 3341 ve-

1830 3377 2112 3437 tustiorem
2145 3379 2707 3450 praestantioremquc,
2739 3387 2799 3432 ut
2843 3379 3196 3449 archetypum
3225 3393 3418 3448 seque-

1829 3489 1971 3528 mur.
2005 3471 2161 3525 Nunc
2212 3469 2596 3524 Rhinoviensis
2645 3468 2935 3537 fragmenti
2964 3469 3129 3524 verba
3159 3470 3414 3525 attende:

1830 3561 1958 3616 Kal.
1988 3560 2140 3615 Julii.
2171 3559 2233 3614 In
2258 3559 2591 3626 Nicomedia,
2630 3557 2798 3624 Zoeli,
2840 3559 3043 3623 Roma‘,
3083 3555 3216 3628 (ἕαῃὶ
3244 3576 3416 3629 papas.

1831 3651 2009 3706 Luciaz
2039 3651 2272 3721 virginis.
2298 3649 2540 3703 Processi
2565 3658 2615 3702 et
2638 3647 2854 3702 Marini.
2872 3647 3034 3702 Forte
3055 3663 3154 3717 pro
3168 3647 3417 3702 Marine.

1832 3743 2053 3799 Collatis
2081 3743 2360 3811 utriusque
2391 3740 2587 3795 tabula:
2609 3739 2808 3804 verbis,
2839 3740 2927 3794 vix
2953 3739 3156 3811 syllaba
3182 3741 3420 3810 reperie-

1835 3846 1924 3891 tur
1941 3850 2059 3906 qua}
2083 3851 2147 3890 ex
2173 3833 2362 3904 majori
2385 3831 2645 3888 laterculo
2677 3840 2898 3901 accepta
2929 3839 2984 3885 et
3012 3831 3282 3900 descripta
3316 3846 3419 3884 non

1834 3929 1923 3984 sit.
1956 3927 2072 3983 Jam
2099 3927 2165 3982 ad
2196 3926 2330 3981 alios
2370 3925 2584 3981 codices
2606 3933 2846 3990 nostros,
2868 3923 3184 3995 plerumaue
3227 3923 3391 3978 libera

1834 4021 2018 4085 liores,
2047 4019 2460 4074 descendamus.

1845 4117 1848 4119 λ
1906 4112 1997 4168 29.
2039 4111 2145 4166 Eos
2175 4111 2318 4165 inter
2347 4111 2398 4163 in
2433 4109 2585 4164 Actis
2617 4109 2822 4163 nostris
2848 4107 3313 4162 nominatissimus
3345 4119 3424 4159 est

1839 4203 2261 4259 Richenoviensis
2291 4200 2404 4256 sive
2434 4201 2617 4270 Augiw
2644 4199 2832 4254 Divitis
2861 4215 3028 4269 prope
3050 4199 3418 4252 Constantius:

1840 4295 1891 4350 in
1924 4293 2239 4357 Germania,
2269 4291 2424 4361 cujus
2452 4290 2778 4360 ecgrapbum
2825 4289 3084 4344 habemus
3117 4289 3282 4341 nitide
3327 4289 3418 4340 tle-

1839 4385 2098 4454 ‘scriptum
2141 4384 2194 4438 in
2242 4380 2414 4437 forma
2445 4392 2636 4449 quarta
2671 4380 2897 4442 minore,
2931 4377 3168 4446 illudque
3210 4376 3424 4430 invenio

1766 4508 1817 4568 ι)
1844 4495 1942 4532 nos
1965 4477 2196 4547 primum
2242 4474 2519 4544 accepisse
2549 4487 2692 4525 anno
2728 4470 2886 4525 1651.
2935 4469 3008 4524 De
3045 4468 3247 4568 codicis
3275 4478 3421 4522 aulo-

1846 4569 2031 4640 grapbi
2058 4567 2230 4623 forma
2260 4574 2352 4618 aut
2377 4573 2536 4619 aetate
2562 4563 2690 4616 nihil
2720 4571 2960 4616 notatum
2995 4579 3007 4615 :
3038 4560 3228 4632 videor
3251 4576 3421 4614 recur.

1845 4658 1960 4711 dari
1992 4655 2389 4711 lienscbenium
2417 4654 2481 4708 de
2502 4654 2568 4707 iis
2593 4651 2785 4707 alicubi
2812 4651 2982 4706 fusius
3004 4651 3213 4722 egisse;
3241 4666 3426 4705 verum

1845 4762 2088 4817 qurerere
2114 4745 2456 4818 supersedeo,
2473 4759 2594 4799 cum
2618 4744 2831 4798 aliunde
2856 4744 2989 4799 satis
3009 4756 3072 4813 pa
3085 4751 3192 4797 teat
3211 4743 3427 4812 Optimae

1845 4849 1990 4894 natm
2031 4853 2174 4903 esse,
2228 4848 2303 4902 et,
2353 4837 2456 4890 nisi
2501 4835 2726 4890 multum
2778 4834 2953 4901 fallar,
2997 4835 3329 4898 Gcllonensi,
3361 4837 3429 4890 ab

1846 4933 2080 4989 Acberio
2113 4919 2382 5000 Spicilegii
2432 4936 2576 4983 tomo
2606 4925 2720 4979 XIII
2749 4925 2915 4990 edito,
2964 4925 3121 4998 longe
3165 4927 3353 4996 purius
3377 4936 3432 4979 et

1841 5023 2202 5095 praestantius,
2256 5018 2464 5074 tametsi
2495 5025 2676 5072 careat
2715 5017 2992 5071 Breviario
3038 5016 3426 5088 apostolorum,

1844 5113 1984 5184 quod
2015 5112 2068 5167 in
2115 5109 2420 5164 Gellonensi
2463 5107 2847 5180 Martyrologio
2878 5109 3246 5178 praemittitur.
3278 5105 3425 5160 Edu-

1844 5222 2033 5264 camus
2055 5204 2142 5260 bic
2167 5203 2444 5272 utriusque
2478 5210 2682 5255 textum
2708 5219 2721 5255 ι
2751 5199 2901 5265 Julii,
2933 5216 3055 5256 cum
3082 5198 3272 5266 majori
3305 5197 3430 5252 Ilie-

1847 5298 2165 5371 ronymiano
2197 5297 2309 5368 jam
2354 5295 2626 5364 descripto
2672 5293 3078 5349 conferendum.
3125 5289 3217 5345 Sic
3268 5289 3434 5344 habet

1849 5391 2280 5447 Richenoviense
2329 5406 2342 5442 :
2402 5385 2629 5440 Kalend.
2709 5386 2776 5440 In
2845 5382 3196 5447 Nicomedia,
3259 5379 3431 5436 Zoeli.

1854 5480 2062 5543 limam,
2096 5479 2227 5549 (ἔτισί
2251 5495 2422 5550 papar,
2456 5475 2632 5531 Lucia'
2654 5476 2888 5545 virginis,
2919 5470 3175 5531 Processi,
3209 5469 3432 5524 Marini.

1854 5570 1918 5624 In
1953 5569 2246 5633 Antiochia,
2281 5567 2568 5622 Seueriani.
2594 5564 2658 5618 1η
2683 5573 2853 5616 monte
2884 5560 3018 5625 lior,
3048 5560 3303 5630 depositio
3333 5557 3434 5610 Aa-

1853 5649 1948 5714 ron
1993 5659 2296 5714 sacerdotis.
2347 5657 2744 5728 Augustiduno,
2802 5653 3004 5708 Leontii
3054 5653 3301 5721 episcopi.
3353 5648 3430 5736 Ad

1853 5749 2066 5806 oculum
2130 5764 2314 5803 rursus
2395 5757 2542 5817 patet
2595 5745 3008 5816 Hieronymiana
3081 5759 3204 5800 esse
3251 5747 3430 5800 omnia

2958 5862 3000 5892 /
