3936 6348
498 336 606 399 4ἷὸ

1416 320 1784 382 CSUARDUS
1815 315 2193 381 MONACHUS
2235 316 2883 374 SANGEMIANENSIS.

3678 320 3795 376 ἢῗϐ

499 460 663 521 atque
682 464 750 505 ex
792 446 998 519 majore
1025 444 1211 507 codice
1237 450 1513 511 excerpta,
1541 440 1628 496 cui
1658 437 1892 501 Ausonis
1916 436 2080 505 depo-
2107 436 2157 497 Δ
2282 431 2535 491 Germani
2558 435 2624 490 de
2653 432 2831 491 Pratis
2852 435 2956 505 ipsi
2992 435 3235 491 cidiznns.
3264 433 3470 495 Locum
3510 438 3575 493 in
3606 437 3792 510 ερίά-

498 541 645 606 sitio,
674 540 741 595 dc
764 553 870 609 qua
892 550 1053 607 supra
1082 533 1340 597 diximus,
1373 531 1606 587 inunista
1633 531 1745 601 jam
1777 538 1916 589 erat.
1940 526 2083 589 Audi

499 633 662 691 modo
689 630 1012 694 Gellonense
1026 642 1096 683 os
1120 628 1355 687 editione
1377 624 1616 679 Acberii.
1652 621 1907 679 Kalendis
1926 618 2083 676 Julii.

503 719 696 785 Roma,
719 716 863 782 Gaii,
893 717 1095 782 anim,
1121 714 1269 771 Isici.
1302 712 1440 768 Alibi
1485 711 1722 777 Orionis,
1750 708 1921 778 Criliﬁ
1963 725 2089 767 con.—

499 809 738 882 fessoris,
793 806 961 872 Zoeli.
1013 807 1303 862 Seueriani.
1356 803 1424 858 In
1473 812 1647 857 monte
1686 798 1782 865 0r,
1835 797 2087 870 depositio

501 902 681 955 Aaron
704 899 1013 955 sacerdotis.
1041 896 1110 951 In
1138 894 1386 960 Persida,
1414 891 1645 948 Simonis
1673 900 1720 946 et
1763 888 1924 944 ludia
1961 904 2089 960 apo-

496 991 641 1048 stoli.
684 989 1083 1061 Augustodnno,
1125 987 1332 1042 Leonti.
1382 984 1693 1055 Ingolisma,
1743 980 1939 1052 Eparci
1982 980 2090 1048 epi-

499 1084 663 1154 scopi.
705 1080 865 1138 Vides
903 1083 991 1138 bic
1012 1079 1203 1151 Gajum
1226 1093 1416 1151 papam
1446 1075 1672 1133 confuse
1696 1074 1952 1144 positum,
1984 1071 2089 1128 Ca-

501 1172 717 1229 rilelum
747 1187 876 1227 vero
901 1172 1045 1237 aliis,
1085 1171 1257 1241 iisque
1309 1166 1656 1240 martyribus,
1688 1165 1866 1234 inepte
1911 1162 2093 1217 immi-

499 1274 672 1327 stnm;
730 1263 1081 1332 additumque
1112 1262 1164 1316 in
1215 1260 1323 1315 line
1371 1258 1707 1328 Eparchum,
1763 1255 1830 1310 de
1885 1269 1993 1324 quo
2035 1259 2093 1306 et

498 1353 732 1409 Carilel‘o
789 1352 955 1407 codex
1006 1349 1451 1407 Ricbenoviensis
1517 1364 1624 1402 non
1696 1344 1965 1409 meminit,
2031 1353 2093 1398 ut

500 1444 727 1515 proinde
755 1443 845 1498 bic
866 1442 1041 1498 altero
1066 1442 1185 1498 lucc
1236 1441 1450 1512 dignior
1476 1440 1566 1503 sit,
1596 1436 1738 1508 quod
1766 1435 2012 1506 pluribus
2036 1440 2093 1489 et

500 1534 836 1591 continuatis
862 1532 1122 1602 exemplis
1149 1532 1287 1588 forte
1309 1530 1446 1584 alias
1469 1527 1951 1583 demonstrabitnr.
1977 1523 2095 1579 Ca:-

504 1637 678 1686 terum
702 1638 992 1697 utrumque
1015 1625 1476 1698 Martyrologium,
1498 1632 1610 1677 tum
1637 1621 2090 1685 Ricbenovieuse,

504 1728 617 1775 tum
643 1717 986 1784 Gelloncnse,
1017 1733 1217 1772 annum
1258 1717 1545 1771 ordiuntur
1572 1730 1603 1767 a
1648 1713 1821 1768 Natali
1852 1711 2090 1776 Domini,

2189 520 2329 592 legio
2376 523 2689 583 merebatur
2739 533 2848 578 tam
2903 525 3185 595 antiquum
3236 537 3687 593 monumentum,
3739 538 3795 583 κ

2182 602 2329 683 forte
2348 611 2580 669 credidit
2606 614 2692 673 vir
2716 615 3140 685 eruditissimus,
3172 631 3204 669 a
3232 616 3391 673 nullis
3434 633 3510 672 ex
3544 617 3792 687 amigra-

2187 703 2296 773 pho
2325 717 2449 758 cum
2477 702 2599 760 aliis
2627 704 2756 761 olim
2789 705 3078 772 edendum,
3108 707 3253 777 quod
3304 714 3415 763 tam
3460 708 3790 763 ardes-mins

2187 792 2330 848 votis
2352 791 2484 848 clar.
2507 792 2873 851 Castellanum
2893 795 3236 855 desiderasse
3257 813 3423 869 supra
3442 801 3786 857 monuimus.

2186 884 2245 943 In
2267 900 2333 941 eo
2363 885 2452 941 hic
2480 886 2651 944 codex
2697 903 2729 943 a
2755 889 3013 960 proxime,
3031 890 3346 961 prtegressis
3387 889 3595 955 (παθη,
3642 893 3786 960 quod

2185 974 2556 1049 liartyrologii
2588 977 2836 1034 ordinem
2866 980 3085 1035 inchoet
3123 980 3193 1035 ab
3220 996 3316 1036 vnt
3356 980 3481 1039 Kal.
3513 980 3786 1047 Januarii.

2189 1080 2284 1139 seu
2319 1082 2351 1121 a
2401 1065 2614 1123 Domini
2650 1067 2945 1125 Saluatoris
2993 1068 3307 1126 Naticitate.
3367 1072 3581 1131 Toxlus
3620 1073 3786 1129 habs

2190 1171 2408 1228 semper
2445 1157 2823 1225 brevissimos,
2852 1170 2908 1217 et
2939 1161 3255 1231 plerumque
3297 1164 3458 1218 unica
3493 1165 3786 1223 annuntia-

2192 1247 2360 1313 tione,
2390 1262 2533 1319 saepe
2568 1250 2728 1305 unico
2751 1261 2940 1307 Sancto
2969 1251 3432 1322 circtnnscriptos,
3464 1254 3554 1309 sic
3579 1263 3780 1317 tamen.

2190 1347 2251 1393 ut
2278 1347 2538 1409 appareat
2564 1355 2633 1396 ex
2684 1340 2867 1411 aliquo
2908 1341 3332 1414 llieronymiano
3360 1345 3560 1407 codice
3602 1346 3780 1401 omnis

2191 1427 2362 1485 fuisse
2386 1429 2692 1503 desumpta.
2751 1433 2953 1489 Demus
3001 1434 3194 1488 iterum
3224 1436 3368 1490 diem
3397 1437 3450 1491 in
3472 1439 3780 1506 exempla

2190 1523 2475 1591 selectum,
2500 1526 2589 1582 hic
2625 1526 2786 1597 paulo
2825 1528 3054 1596 longiori
3087 1537 3234 1582 textu
3281 1529 3572 1598 praeditum
3600 1550 3617 1584 ε
3663 1529 3779 1585 Kal.

2189 1616 2343 1671 Julii.
2371 1615 2568 1679 Romw,
2599 1616 2719 1671 Gaii
2743 1635 2913 1688 poplo,
2935 1630 2984 1672 et
3006 1619 3202 1673 natalis
3230 1630 3541 1675 sanctorum
3571 1619 3779 1690 Luc}:

2192 1707 2431 1773 virginis,
2470 1717 2519 1762 et
2542 1709 2756 1779 Aucejrc
2797 1713 2947 1779 regis.
2979 1708 3049 1762 In
3090 1708 3334 1772 Persida,
3360 1712 3542 1779 passio
3571 1721 3779 1766 uncto-

502 1820 693 1869 eontra
721 1827 883 1882 quam
910 1809 1109 1866 faciant
1132 1810 1376 1881 plerique
1396 1807 1486 1861 alii
1520 1805 1659 1861 infra
1684 1803 1911 1869 cilandi,
1941 1803 2032 1875 qui
2054 1817 2087 1855 a
2120 1786 2164 1845 Β
2191 1814 2309 1853 rum
2336 1801 2692 1871 apostolorum
2716 1800 2947 1857 Simonis
2983 1801 3241 1857 Canana-i
3263 1813 3313 1856 et
3339 1801 3507 1857 lude
3548 1802 3775 1868 Ζιιοιιιι,

502 1902 758 1959 Kalendis
794 1900 1035 1959 Januarii
1061 1901 1381 1972 principium
1417 1899 1728 1953 desumunt.

574 1998 665 2052 30.
697 1995 832 2050 Bina
855 1996 961 2051 alia
1001 1993 1420 2066 Hicronymiana
1464 1990 1772 2062 apographa
1804 1989 2088 2051 habemus,

505 2103 627 2157 qua:
670 2101 794 2141 cum
844 2086 1012 2140 citato
1052 2083 1359 2141 Gellonensi
1410 2082 1584 2154 magis
1629 2080 1979 2143 conveniunt,
2032 2084 2093 2133 ut

506 2176 651 2232 facta
678 2176 1002 2248 diligentiori
1030 2174 1317 2230 collatione
1341 2173 1524 2228 didici.
1556 2171 1797 2226 Alterum
1825 2167 2093 2240 Papebro-

507 2270 616 2326 cbii
648 2284 810 2325 manu
841 2268 894 2322 in
931 2267 1128 2321 minori
1156 2265 1324 2321 forma
1360 2280 1423 2320 ex
1456 2263 1650 2334 potiori
1694 2270 1848 2331 parte
1889 2259 2094 2315 descri-

509 2368 681 2430 ptum,
728 2366 951 2412 vocatur
1004 2355 1446 2427 Martyrologium
1501 2352 1869 2423 Augustalium
1922 2350 2093 2405 sancti

511 2448 751 2507 Udalrici
788 2458 1062 2521 postrema
1102 2455 1257 2518 parte
1284 2445 1552 2509 mutilum,
1605 2458 1799 2512 nempe
1839 2456 1870 2498 a
1908 2457 1962 2496 vr
1994 2439 2095 2496 No-

508 2541 747 2599 vembris
766 2540 833 2594 ad
860 2538 1021 2593 linem
1042 2537 1190 2592 anni.
1215 2535 1457 2591 Alterum
1480 2535 1748 2605 integrum
1765 2540 1868 2597 est,
1891 2529 2092 2586 Labbei

509 2629 685 2691 nostri
710 2629 935 2691 donum,
963 2627 1180 2699 Βειείσο
1205 2625 1522 2681 charactere
1552 2624 1606 2678 in
1639 2621 1768 2679 folio
1787 2629 2091 2677 exaratum.

513 2721 814 2790 Utrumque
832 2717 1031 2789 incipit
1049 2733 1080 2772 a
1106 2713 1365 2771 Kalendis
1388 2710 1653 2775 Januarii.
1679 2711 1759 2769 Ne
1784 2711 1941 2767 tmdio
1967 2710 2093 2777 sint,

509 2811 685 2873 solum
721 2823 908 2863 rursus
959 2806 1103 2862 diem
1145 2822 1161 2860 ι
1195 2804 1321 2859 Julii
1356 2805 1407 2859 in
1453 2801 1760 2874 exemplum
1806 2800 2100 2857 adducam.

512 2900 608 2956 Sic
661 2900 825 2955 habet
872 2898 1241 2969 Augustalium
1274 2910 1288 2950 :
1322 2893 1447 2951 Kal.
1493 2893 1661 2950 Junii.
1692 2892 1895 2957 ‘llontw,
1936 2888 2097 2961 Cagi,

513 2995 714 3063 Luciw,
743 2993 892 3048 lsici.
931 2991 996 3046 Al
1060 2991 1233 3063 (alibi)
1286 2987 1449 3044 Urion
1473 3030 1487 3051 ,
1527 2988 1723 3060 Arileﬁi
1758 2987 1901 3057 conf.
1958 2982 2096 3050 Zeli,

515 3086 806 3143 Seueriani.
828 3084 895 3138 In
936 3093 1108 3139 monte
1139 3081 1273 3147 Hor,
1297 3080 1551 3152 depositio
1580 3082 1760 3133 Aaron
1786 3078 2092 3134 sacerdotis.

2189 1905 2288 1965 pro
2312 1889 2531 1949 Zelotis.
2562 1892 2621 1947 In
2669 1895 3023 1963 sequentibus
3049 1895 3239 1949 eadem
3281 1904 3368 1949 est
3390 1896 3601 1956 codicis
3628 1897 3773 1952 ratio.

2190 1979 2457 2037 Caeterum
2478 1998 2671 2053 magna
2693 1983 2812 2054 ejus
2830 1983 3070 2040 brevitas
3113 1999 3219 2039 non
3243 1985 3471 2055 impedit
3496 1988 3779 2056 quoniam

2190 2072 2514 2143 quandoque
2527 2074 2739 2145 propria
2755 2073 3156 2130 Corbeiensitun
3180 2076 3589 2143 interserantur,
3610 2088 3674 2132 ut
3682 2092 3782 2147 pa-

2195 2170 2274 2217 tet
2302 2177 2371 2217 ex
2396 2177 2428 2215 ν
2462 2161 2584 2217 Kal.
2608 2164 2750 2234 Aug.
2774 2179 2868 2219 seu
2894 2179 3062 2219 xsvm
3082 2163 3232 2230 Julii,
3256 2165 3348 2220 ubi
3380 2167 3622 2235 ponitur:
3650 2166 3783 2221 Cos.

2193 2249 2310 2309 bcia
2335 2253 2674 2319 monasterio,
2697 2252 2957 2308 dedicatio
2987 2253 3219 2309 basilica
3254 2256 3425 2310 sancti
3467 2253 3617 2311 Petri
3651 2274 3777 2326 opo-

2192 2344 2337 2399 stoli.

2265 2437 2358 2492 '52.
2412 2435 2727 2508 Sequuntur
2748 2436 3063 2495 Casinensia
3109 2438 3214 2494 duo
3233 2441 3569 2510 apograpba.
3622 2456 3774 2497 nam

2195 2526 2380 2583 ltalica
2411 2528 2708 2600 descripta,
2756 2529 2825 2585 de
2850 2530 3045 2602 quibus
3095 2530 3149 2584 in
3192 2528 3425 2602 Prologo
3468 2532 3539 2586 ad
3584 2532 3774 2589 Beda-

2196 2621 2443 2678 meminit
2469 2621 2872 2691 Papebrocbius
2895 2638 3044 2677 num.
3067 2622 3123 2676 5.
3144 2619 3363 2679 Utinam
3387 2622 3775 2683 distinctionis

2198 2712 2436 2785 aliquam
2475 2712 2892 2784 explicationem
2926 2722 3021 2769 aut
3071 2713 3209 2783 ipse,
3249 2723 3344 2768 aut
3380 2713 3779 2778 Busche-ius.

2200 2804 2291 2875 qui
2338 2820 2404 2860 ea
2453 2805 2742 2862 transcribi
2781 2812 3086 2871 curarunt,
3137 2805 3479 2877 adjecissent.
3533 2806 3775 2865 Primus

2198 2895 2373 2952 altero
2416 2897 2636 2953 brevius
2674 2905 2777 2962 est,
2809 2912 2910 2953 nec
2935 2893 3130 2967 purum
3168 2898 3655 2971 llieronymianum
3679 2897 3783 2956 diei

2199 2996 2400 3060 potest,
2423 3003 2548 3044 cum
2577 2997 2796 3045 sanctos
2820 2988 3027 3045 inserat
3051 2988 3268 3046 aliunde
3295 2998 3563 3060 acceptos.
3599 2990 3786 3048 Blesi-

2203 3087 2312 3133 tate
2334 3093 2457 3134 cum
2492 3079 2614 3134 aliis
2635 3078 3073 3152 Hieronymianis
3096 3082 3393 3137 contractis
3415 3083 3552 3139 satis
3575 3098 3781 3140 conre-

512 3177 583 3233 ln
612 3174 847 3241 Perside,
885 3173 1111 3237 Simonis
1139 3149 1410 3228 Citananei
1433 3183 1479 3227 et
1507 3171 1681 3239 Ικιίιυη
1707 3169 1924 3225 Ζειοιιε.
1958 3171 2095 3240 Aug.
2124 3149 2173 3215 (ἶ
2203 3169 2314 3235 nit;
2340 3179 2504 3241 atque
2527 3170 2657 3226 item
2684 3170 2829 3242 quod
2843 3149 2967 3227 sola
2982 3178 3305 3227 Sanctorum
3336 3180 3390 3228 et
3405 3173 3786 3243 palaestram

516 3267 719 3331 Leonti,
753 3265 947 3337 Eparci
994 3265 1239 3336 episcOpi.
1285 3264 1486 3329 Fallor,
1532 3265 1577 3318 si
1606 3263 1710 3318 ulla
1742 3264 1913 3334 major
1957 3263 2099 3319 inter

513 3356 681 3413 Gello!
704 3372 913 3423 ensem,
938 3365 995 3415 et
1036 3358 1179 3413 hunc
1211 3356 1584 3428 Augustalium
1618 3355 1971 3417 coniormitas
2014 3372 2099 3412 re-

516 3449 678 3520 periri
703 3447 893 3520 possit,
921 3464 1042 3521 quae
1074 3449 1197 3504 aliis
1222 3448 1412 3504 diebus
1434 3448 1638 3519 passim
1666 3458 1722 3502 et
1746 3448 1944 3518 ubique
1983 3447 2098 3502 elu-

515 3523 623 3607 cet,
659 3524 848 3603 vocula
880 3540 1008 3595 hinc
1045 3539 1170 3601 inde
1191 3540 1520 3609 intermista,
1542 3550 1820 3610 corrupta.
1852 3548 2100 3612 transpoo

516 3635 643 3699 sita,
675 3641 770 3689 aut
796 3631 1123 3695 abbreviata.
1160 3631 1268 3693 Nec
1301 3632 1474 3703 major
1518 3640 1603 3687 est
1637 3632 1689 3686 in
1723 3632 1909 3688 codice
1959 3632 2100 3696 ιρι).

515 3726 695 3785 beano
747 3724 1130 3799 discrepantia.
1188 3723 1279 3779 Sic
1308 3723 1435 3778 item
1492 3721 1761 3778 Kalendas
1787 3721 1925 3777 Julii
1949 3722 2104 3794 legit,

517 3819 737 3873 turbato
766 3817 1013 3885 nonnihil
1044 3816 1323 3887 scriptoris
1356 3815 1644 3873 oscitantia
1701 3815 1978 3870 norninum
2008 3830 2099 3875 or-

516 3909 643 3964 dine
686 3926 700 3964 :
745 3906 942 3972 Romae,
990 3906 1122 3969 Zeli,
1179 3906 1470 3971 Seueriani,
1522 3904 1706 3970 Usicii,
1748 3904 1986 3959 Arilcsaz.
2036 3902 2101 3961 In

521 4007 694 4052 monte
708 3995 802 4059 Or,
818 3997 1069 4067 depositio
1097 3995 1272 4050 Anton
1303 3994 1610 4050 sacerdotis.
1641 3994 1709 4049 In
1739 3991 1978 4059 Perside,
2008 3993 2100 4049 Si-

522 4087 716 4148 monis,
754 4085 913 4140 Juda!
962 4086 1074 4163 Apl.
1132 4086 1423 4155 Augustali.
1472 4083 1675 4145 Leonti.
1728 4085 1795 4141 In
1848 4085 2102 4149 Eclisma,

524 4176 740 4247 Eparcii
762 4176 1004 4247 episcopi.
1037 4175 1186 4249 liajtr
1218 4174 1389 4241 Unon,
1412 4176 1609 4231 aniaz.
1648 4176 1872 4250 Corrige
1920 4176 2103 4233 luxata

524 4268 763 4334 nomina,
814 4276 871 4321 et
916 4268 1015 4321 tria
1062 4267 1246 4323 ultima
1296 4267 1412 4321 loco
1446 4269 1688 4339 proprio,
1734 4276 1853 4336 pttsl
1902 4265 2102 4331 Romae,

525 4358 742 4429 repone,
765 4366 1023 4428 exsurget
1054 4357 1192 4412 idem
1218 4366 1396 4414 textus
1419 4374 1580 4428 quem
1606 4373 1671 4413 ex
1701 4357 2009 4413 Gcllonensi
2047 4366 2103 4411 et

522 4452 833 4525 Augustano
854 4448 967 4520 jam
999 4448 1270 4512 dedimus,
1300 4448 1558 4525 neglectis
1603 4449 1843 4503 minutiis
1885 4465 2023 4519 quas
2048 4448 2103 4504 in

522 4541 761 4612 antiquis
787 4540 1168 4609 tuanuscriptis
1203 4556 1307 4593 non
1347 4539 1641 4611 saepissime
1669 4554 1952 4601 recurrere
1978 4540 2107 4613 ady-

522 4642 685 4686 naton
708 4644 827 4686 esse
849 4640 1049 4687 norunt
1069 4630 1157 4700 qui
1191 4631 1243 4684 in
1287 4630 1354 4685 iis
1378 4630 1785 4702 perscrutandis
1804 4628 1887 4684 vel
1929 4631 2108 4687 until-

523 4724 632 4779 lam
661 4738 883 4795 operam
927 4739 1177 4795 posuere.
1202 4722 1432 4777 Possent
1455 4722 1759 4792 bujusmodi
1795 4723 2012 4779 codices
2042 4723 2109 4779 iis

526 4815 897 4878 annumerari,
931 4831 1065 4886 quos
1095 4815 1361 4874 Acberius
1389 4829 1511 4870 cum
1561 4813 1869 4870 Gcllonensi
1915 4824 2107 4871 contu-

523 4908 605 4975 lit.
638 4908 896 4969 lectiones
915 4924 987 4975 ex,
1008 4908 1075 4963 iis
1105 4910 1377 4965 variantes
1406 4905 1720 4977 subjiciens.

596 4998 685 5055 5i.
722 4997 839 5055 Jatn
862 4998 1036 5055 dictos
1062 4999 1195 5055 duos
1215 4998 1430 5056 codices
1451 4997 1503 5051 iu
1529 5008 1711 5052 nostra
1733 4996 2107 5068 Ilicronymia-

524 5106 720 5151 norum
750 5090 1068 5147 collectione
1097 5089 1351 5160 praecedit
1378 5089 1745 5158 apograpbum
1769 5086 1913 5142 aliud
1940 5088 2113 5145 multo

525 5183 780 5248 brevius,
798 5182 1029 5263 eleganti
1058 5183 1376 5239 charactere
1405 5177 1614 5234 Gallico
1648 5178 1702 5233 in
1748 5177 1879 5234 folio
1901 5178 2111 5234 deseri-

523 5287 703 5349 ptum,
728 5275 819 5335 cui
844 5274 942 5329 bas
972 5281 1126 5333 notas
1164 5271 1437 5343 appositas
1476 5270 1594 5339 lego
1627 5289 1642 5324 :
1675 5269 2111 5342 Martyrologium

525 5369 914 5440 perantiquum,
965 5364 1030 5419 ab
1072 5364 1193 5420 hinc
1247 5363 1436 5418 saltem
1487 5363 1641 5419 annis
1682 5363 1988 5434 octingentis
2015 5380 2109 5418 θεέ

529 5470 762 5525 aratum,
782 5451 1102 5528 descriptum
1127 5474 1193 5512 ea:
1213 5456 1559 5511 vetustissimo
1586 5455 1810 5512 abbatia:
1833 5453 2113 5512 Corbeien-

531 5554 628 5616 sis,
679 5569 851 5608 mense
876 5550 1144 5608 Deccmbri
1175 5565 1390 5606 uocent.
1438 5547 1497 5604 lu
1549 5548 1653 5604 line
1697 5556 1879 5605 autem
1918 5547 2116 5618 adjecit

533 5642 933 5716 Papebrocbius
964 5664 977 5700 :
1015 5646 1163 5700 Dono
1203 5645 1343 5699 udm.
1382 5644 1445 5698 Il.
1495 5643 1562 5699 Β.
1606 5643 1761 5698 ιηεω
1793 5641 2022 5707 Dacerii,
2052 5658 2115 5697 es

536 5753 637 5791 ms.
700 5723 998 5793 corlreiensi
1050 5738 1459 5809 antiquissimo,
1510 5736 1649 5807 quod
1696 5737 1751 5789 in
1808 5730 2113 5791 bibliotheca

2200 3265 2421 3325 nomina
2468 3267 2774 3338 consignet.
2804 3267 2861 3323 ln
2898 3266 3147 3337 exemplo
3172 3282 3290 3324 rem
3337 3277 3491 3327 totam
3506 3266 3781 3323 exhibeo.

2201 3354 2294 3417 Sic
2322 3356 2485 3417 habet
2516 3374 2531 3411 :
2562 3355 2792 3414 Kalend.
2835 3357 2988 3413 Julii.
3022 3357 3217 3417 Octava
3260 3357 3317 3415 S.
3346 3357 3563 3417 Ioannis
3596 3356 3787 3426 Bapti-

2200 3458 2314 3502 sttc.
2347 3447 2418 3502 Et
2462 3448 2639 3502 natale
2665 3449 2835 3507 sancti
2884 3447 3179 3509 Domitiani
3214 3448 3437 3506 abbatis.
3466 3447 3661 3504 Prima
3689 3465 3785 3505 att-

2201 3539 2470 3605 nuntiatio
2494 3554 2560 3601 ex
2591 3539 2776 3609 aliquo
2798 3538 3221 3610 Hieronymiano
3247 3538 3573 3609 interpolato
3602 3554 3787 3609 proco-

2200 3629 2301 3699 dit,
2326 3629 2487 3700 quale
2504 3637 2589 3686 est
2613 3629 2743 3691 illud
2789 3627 3164 3700 Sangallense,
3204 3630 3275 3689 ab
3305 3629 3538 3689 Achaia
3557 3630 3778 3700 sobius.

2201 3732 2350 3785 ctum
2371 3720 2681 3785 Gelloneusi
2709 3739 2723 3779 :
2751 3721 2923 3781 altera
2953 3720 3240 3779 manifeste
3265 3720 3554 3777 Adonis-3.
3596 3732 3711 3785 est,
3734 3729 3786 3775 at

2202 3812 2325 3869 vide
2373 3813 2427 3875 iu
2470 3821 2655 3871 nostra
2702 3813 2770 3870 ad
2801 3811 3105 3873 Usuardttm
3157 3812 3247 3867 illo
3272 3812 3362 3870 die
3381 3812 3783 3868 olmervatisne.

2204 3903 2287 3965 Ad
2311 3904 2728 3975 Hieronymiana
2755 3904 2977 3975 propius
2999 3904 3215 3963 accedit
3235 3904 3535 3961 Casinum:
3562 3906 3786 3961 sltem

2205 3996 2364 4071 paulo
2392 3996 2587 4064 majus,
2617 3997 2685 4053 de
2709 4010 2819 4066 quo
2851 4005 2995 4055 reste
3028 3994 3430 4065 Papebrochius
3467 3997 3653 4053 citato
3674 4012 3790 4067 pro-

2207 4088 2352 4151 xime
2379 4102 2527 4143 num.
2569 4086 2607 4141 5
2644 4103 2659 4139 :
2716 4104 2736 4139 ι
2771 4086 3017 4142 Fuerunt
3055 4086 3223 4142 etiam
3267 4085 3539 4150 ecclesia,
3597 4089 3783 4159 inquit.

2205 4180 2404 4249 quibus
2448 4178 2584 4245 satis
2629 4177 2730 4234 fuit
2756 4178 2934 4233 nudus
2981 4177 3387 4251 llierouyntiani
3424 4179 3789 4251 Martyroth

2208 4279 2515 4333 contextus,
2548 4269 2618 4325 ad
2645 4269 2931 4339 pauciores
2955 4277 3177 4325 sanctos
3201 4277 3566 4336 contractus;
3608 4282 3666 4325 et
3688 4272 3788 4327 tale

2208 4359 2651 4435 Martyrologium
2678 4359 2910 4415 alterum
2937 4359 3122 4417 Casini
3151 4359 3482 4431 reperimus,
3508 4363 3599 4416 uti
3636 4363 3788 4417 etiam

2212 4459 2603 4525 pervelustum,
2630 4461 2686 4509 et
2710 4451 2836 4507 huic
2855 4451 3194 4507 simillimum
3222 4451 3413 4509 licata:
3444 4451 3498 4505 in
3526 4452 3688 4507 ducis
3704 4453 3792 4506 Al-

2214 4544 2408 4614 tempsi
2432 4543 2784 4599 celeberrima
2814 4542 3160 4598 bibliotheca.
3194 4566 3218 4597 s
3258 4543 3484 4600 Factam
3515 4545 3793 4613 utriusth

2209 4634 2553 4697 collationem
2596 4635 2839 4693 indicant
2867 4642 3067 4691 notata
3091 4634 3300 4700 sedulo,
3333 4634 3420 4690 vel
3444 4635 3688 4692 mittis-3
3714 4652 3795 4690 n-

2210 4729 2472 4784 riationes
2516 4744 2680 4784 manu
2719 4728 2835 4798 ipsa
2888 4724 3271 4797 Papebrocbii.
3337 4726 3617 4793 Quantum
3671 4743 3796 4783 vero

2212 4819 2384 4888 majus
2414 4818 2516 4872 hoc
2542 4818 2838 4873 Casinonse
2859 4818 3017 4873 alteri
3049 4818 3247 4875 minori
3272 4817 3809 4887 prmﬁerondnlnjit.

2211 4923 2278 4963 ex
2301 4904 2460 4963 solito
2480 4905 2729 4977 exetuplo
2751 4906 2934 4964 licebit
2952 4914 3232 4965 statuere:
3263 4906 3391 4967 Kal.
3411 4907 3575 4964 Julii.
3598 4908 3795 4971 Rome.

2212 4998 2342 5070 Cagi
2365 5015 2543 5070 papae.
2592 4997 2663 5052 Et
2697 5009 3001 5057 sanctarum
3028 4998 3237 5057 Luccia
3267 5001 3486 5072 virginis
3505 5013 3563 5057 es
3598 5001 3799 5057 Acad:

2214 5093 2368 5164 regis,
2410 5108 2530 5160 cunt
2585 5092 2718 5148 aliis.
2755 5101 2891 5147 octo.
2941 5089 3013 5148 Et
3051 5093 3109 5148 in
3151 5105 3329 5150 monte
3351 5094 3491 5160 Hor,
3542 5096 3801 5165 deposiis

2213 5186 2417 5250 Aaron,
2459 5183 2617 5254 primi
2663 5183 2973 5239 sacerdotis.
3039 5183 3208 5242 Vides
3252 5185 3454 5255 ubique
3495 5185 3801 5256 spballnata

2214 5274 2522 5346 scriptorio,
2567 5272 2913 5330 librariorum
2956 5274 3230 5345 imperitia
3267 5277 3594 5341 commissa;
3619 5283 3805 5331 sextus

2220 5374 2397 5421 auten:
2438 5381 2537 5437 pro
2574 5364 2727 5421 vario
2772 5365 3183 5423 amanuensium
3233 5365 3500 5430 arbitrio,
3547 5374 3647 5421 aut
3696 5372 3811 5420 m4

2221 5460 2327 5530 gis,
2351 5466 2444 5514 aut
2464 5456 2644 5514 minus
2663 5466 2934 5514 extensos
2953 5456 3259 5530 Utrumque
3280 5457 3475 5529 incipit
3494 5473 3526 5514 ι
3548 5457 3806 5516 Κιιωϋι

2219 5550 2484 5606 Januarii.
2560 5556 2569 5567 '

2292 5643 2381 5698 55.
2420 5642 2507 5699 Es.
2519 5642 2704 5699 codice
2722 5643 3139 5699 membranaceo
3150 5642 3268 5698 Em.
3296 5643 3587 5698 canlinalis
3604 5640 3809 5699 Barba

2222 5734 2332 5793 riui
2382 5734 2437 5788 in
2449 5732 2653 5823 .t'orma.
2679 5732 2738 5798 είς
2783 5733 2997 5802 signate
3048 5749 3201 5815 num.
3236 5732 3395 5798 l852,
3440 5734 3632 5789 electa
3676 5747 3809 5789 sua.
