3936 6348
150 361 268 416 ιτ]

1509 355 2017 416 PROLEGOMENA
2028 397 2040 411 .

3326 365 3431 422 ιτε

144 477 475 548 autographa
504 476 625 530 bina
653 475 775 539 alia,
798 476 920 529 ~sed
961 473 1303 542 incompleta,
1335 489 1564 542 quorum
1615 471 1746 532 alter
1775 474 1823 534 Λ
1851 478 2142 531 servatum,
2173 471 2412 526 indidem
2437 472 2720 527 transcribi
2753 473 2998 528 fecimus.
3031 475 3274 531 Alterum
3305 494 3426 533 mo-

144 585 282 622 rum
329 567 617 635 descripsit
659 566 1080 637 Papebrochius,
1113 566 1406 622 secundum
1445 565 1742 629 inchoavit,

141 658 256 712 sed
283 655 575 726 complexu
595 670 795 713 manus
819 655 1033 718 eadem,
1065 671 1093 708 a
1122 670 1225 723 qua
1253 653 1503 708 suntduo
1529 651 1743 714 laudata

121 747 497 803 ‘Casinensia.
523 745 763 800 Primum
793 760 822 798 a
845 742 1069 798 Kalend.
1101 742 1343 796 Januarii
1394 751 1610 812 sumpto
1645 741 1744 800 ini.-

141 839 259 902 tio,
292 837 476 894 deﬁcit
523 837 576 892 in
612 852 651 891 ιι
681 834 862 889 Nonas
888 849 981 890 seu
1023 850 1078 887 vt
1109 833 1254 886 Maii.
1307 831 1589 888 Unil‘orme
1636 845 1742 884 non

141 936 264 993 est,
293 943 421 982 nam
444 926 614 997 elogia
648 926 774 980 binc
801 925 925 980 inde
950 924 1169 979 exhibet
1191 923 1448 978 clausulis
1487 922 1586 977 sibi
1616 936 1741 990 pro-

145 1021 314 1091 priis,
349 1029 428 1081 ut,
454 1019 603 1080 verbi
627 1018 820 1087 gratia,
853 1019 918 1071 de
952 1016 1220 1071 Genorefa
1276 1030 1336 1070 ιιι
1359 1015 1480 1070 Jan.
1513 1031 1524 1066 :
1576 1013 1741 1082 Cujus

145 1109 394 1179 reliquiis
439 1109 685 1162 honorem
734 1107 962 1160 debitum
999 1105 1369 1171 impendimus,
1418 1103 1652 1158 missales
1693 1112 1739 1156 et

142 1200 422 1256 orationes
446 1195 804 1267 persolvimus.
831 1197 1075 1251 Januarii
1101 1214 1153 1260 κ,
1180 1198 1246 1251 de
1268 1196 1433 1250 Paulo
1466 1197 1692 1250 eremita
1722 1211 1735 1248 :

149 1286 308 1342 Nam
338 1297 387 1342 et
408 1280 549 1357 apud
577 1303 668 1339 nos
693 1287 765 1352 ita
790 1286 1031 1349 habetur,
1067 1296 1112 1339 et
1143 1287 1375 1353 reliquae
1405 1295 1736 1343 venerantur.

141 1377 279 1433 Jan.
329 1394 443 1443 XVI,
471 1379 538 1433 de
578 1377 822 1432 Priscilla
857 1395 870 1430 :
903 1377 1067 1447 Cujus
1096 1378 1382 1448 gloriosum
1406 1396 1500 1448 pro
1532 1378 1739 1440 Christo

145 1484 398 1540 agonem,
430 1484 546 1522 cum
569 1468 872 1530 patrociniis
887 1468 1042 1537 digne
1066 1483 1392 1530 veneramur,
1412 1468 1738 1537 ofﬁciumque

144 1563 428 1623 diurnum,
457 1571 510 1614 ut
537 1558 642 1615 SS.
679 1557 797 1614 PP.
839 1570 1148 1622 sanxerunt,
1185 1559 1548 1625 persolvimus.
1599 1559 1738 1613 Rur-

147 1667 250 1706 sus
289 1651 361 1706 ibi
387 1650 455 1708 de
475 1651 679 1705 Furseo
704 1667 717 1704 :
754 1648 920 1718 Cujus
944 1651 1048 1704 vita
1073 1649 1227 1718 plena
1276 1651 1552 1704 virtutibus
1575 1649 1737 1719 reful-

147 1753 255 1812 get,
282 1752 329 1797 et
350 1757 537 1812 corpus
567 1740 854 1795 venerabile
883 1742 1254 1794 monasterium
1275 1757 1366 1809 per
1385 1739 1624 1794 Romana
1651 1755 1732 1792 re-

1845 562 2066 616 nasterii
2098 561 2154 616 S.
2185 560 2394 632 Cyr-iaci
2427 563 2478 616 in
2504 563 2772 626 Thermis,
2802 565 2944 634 quod
2969 567 3125 620 unice
3151 583 3430 621 commea-

1847 653 1992 706 davit
2016 653 2366 722 adhibuitque
2391 654 2654 715 Batonius
2677 655 2732 709 in
2757 658 3086 711 recensendo
3111 658 3431 728 digerendo-

1844 758 1948 812 que
1981 745 2220 798 Romano
2248 744 2652 815 Martyrtdogio,
2684 746 2936 816 quodque
2958 763 3024 801 ex
3051 747 3426 812 Vallicellana,

1846 829 2068 886 Patrum
2111 832 2347 887 Oratorii
2397 834 2717 888 bibliotheca
2764 845 3044 904 acceptum
3071 876 3088 901 ,
3119 835 3326 905 pridem
3358 838 3427 897 ad

1845 937 1944 975 nos
1969 923 2133 988 misit,
2161 924 2460 977 studiorum
2490 934 2797 978 nostrorum
2821 926 3117 980 aestimator
3143 926 3427 997 [aliterque

1844 1012 2246 1071 sincerissimos
2289 1013 2346 1065 S.
2396 1012 2463 1066 R.
2509 1013 2570 1066 E.
2603 1013 2908 1068 Cardiualis
2951 1015 3144 1072 Petrus
3177 1016 3430 1086 Aluysins

1842 1100 2071 1156 Carall‘a.
2104 1102 2343 1156 Tertium
2374 1118 2440 1155 ex
2481 1102 2899 1157 eminentissimi
2931 1103 3208 1161 Frttllt'lSCi
3251 1105 3429 1158 cardi-

1843 1193 2036 1247 dinalis
2083 1193 2358 1247 liarberini
2409 1194 2822 1248 instructissima
2867 1195 3201 1271 acodicibus
3234 1212 3428 1250 tuanu-

1841 1286 2060 1355 scriptis
2084 1284 2408 1340 bibliotheca
2435 1285 2766 1352 accepimus,
2796 1287 3112 1356 accphalum
3153 1287 3280 1340 illud
3307 1289 3428 1356 qui-

1841 1378 1961 1431 dem
1995 1393 2163 1446 usque
2193 1379 2258 1430 ad
2283 1377 2412 1431 ldus
2445 1377 2686 1440 Martias,
2717 1385 2772 1430 et
2794 1387 3058 1446 quantum
3089 1393 3155 1443 ex
3191 1380 3427 1434 transla-

1841 1466 1986 1520 tione
2008 1467 2180 1521 sancti
2221 1467 2518 1530 Benedicti,
2544 1485 2594 1521 Iv
2617 1468 2740 1521 ldus
2781 1468 3119 1537 Septembris
3144 1470 3424 1539 inscripta.

1838 1558 2068 1628 aliisque
2092 1560 2305 1615 indiciis
2326 1561 2577 1628 colligere
2602 1560 2769 1624 licuit,
2790 1576 2855 1615 ex
2880 1561 3058 1631 aliquo
3075 1562 3427 1618 Benedictino

1839 1649 1891 1704 in
1915 1650 2084 1705 Gallia
2119 1653 2447 1706 monasterio
2471 1652 2696 1706 Bonnam
2735 1654 3018 1708 advectum
3046 1671 3059 1707 :
3085 1654 3180 1708 sed
3202 1654 3422 1723 optimae

1838 1739 1959 1794 lidei
1986 1781 2000 1804 ,
2042 1754 2215 1809 neque
2257 1742 2329 1794 ita
2370 1749 2578 1795 temere
2612 1743 2979 1811 mendoseque
3008 1753 3101 1798 aut
3133 1759 3296 1813 parce
3319 1783 3333 1807 ,
3367 1753 3425 1798 ut

147 1835 300 1888 tinet.
328 1832 422 1886 Die
450 1833 694 1901 sequenti
718 1847 828 1886 xvu
855 1830 1120 1894 Januarii,
1150 1832 1217 1885 de
1264 1831 1494 1902 Sulpitio
1538 1830 1736 1886 Bituri-
1765 1826 1810 1886 B
1838 1833 2020 1898 priora
2055 1831 2159 1886 duo
2187 1871 2200 1893 ,
2243 1831 2335 1885 sed
2371 1831 2583 1884 ﬁdelius
2608 1873 2622 1894 ,
2655 1831 3028 1902 prolixiusque
3075 1833 3378 1902 suppletum
3405 1872 3421 1898 ,

149 1925 303 1979 censi
328 1925 618 1993 episcopo:
657 1921 822 1992 Cujus
853 1923 1008 1976 vitam
1034 1931 1290 1987 tenemus,
1335 1931 1383 1975 et
1429 1921 1736 1991 patrociniis

151 2019 422 2086 fulcimur.
470 2016 627 2071 Tales
674 2030 774 2086 ego
821 2015 1117 2084 elogiormu
1170 2013 1430 2068 t‘ornmlas
1476 2013 1529 2068 in
1577 2013 1736 2068 nullis

152 2111 416 2166 hactenus
460 2108 860 2179 Martyrologiis
913 2107 1152 2176 reperire
1203 2105 1444 2167 memini,
1499 2112 1558 2158 ut
1604 2104 1737 2160 satis

153 2207 357 2270 pateat,
390 2197 796 2267 compilatorcm
822 2197 965 2250 hunc
993 2195 1213 2265 proprio
1233 2195 1393 2265 genio
1426 2193 1732 2256 indulsisse.

149 2288 442 2359 lnreliquis
457 2299 506 2344 ta
516 2303 635 2343 men
659 2288 874 2344 brevior
897 2297 998 2350 est,
1019 2288 1297 2357 magisque
1317 2287 1458 2358 stylo
1476 2286 1736 2357 Hierony-

154 2382 334 2438 miano
361 2397 482 2437 sese
507 2381 900 2437 accommodat.

225 2471 318 2526 54.
354 2472 796 2529 Barberinianum
828 2470 1125 2525 secundum
1153 2471 1311 2541 longe
1343 2471 1514 2540 majus
1544 2481 1598 2530 et
1628 2471 1732 2528 dif-

161 2562 335 2616 fusius
358 2570 473 2628 est,
500 2563 684 2632 primis
729 2571 907 2617 tamen
942 2559 1152 2616 duobus
1180 2562 1458 2616 mensibus
1487 2577 1609 2616 cum
1648 2562 1730 2616 di-

155 2654 325 2708 midio
354 2654 632 2720 mutilum,
678 2670 798 2708 cum
838 2655 1068 2724 primum
1096 2655 1237 2708 diem
1269 2656 1534 2724 integrum
1561 2655 1735 2723 signet

150 2741 333 2797 Idibus
357 2742 530 2797 Martii
564 2761 577 2797 :
611 2744 826 2798 lllustre
853 2743 1286 2814 Martyrologium
1319 2744 1610 2798 identidem
1638 2759 1733 2814 ap-

150 2835 369 2906 pellavit
391 2835 786 2898 llensehenius;
811 2836 1057 2906 quamvis
1077 2837 1405 2905 singularem
1429 2835 1573 2890 illam
1597 2851 1729 2905 prae-

149 2931 447 2998 rogativam
471 2946 580 2985 non
602 2946 794 3002 magno
819 2931 976 2984 titulo
994 2930 1042 2984 ei
1067 2916 1304 2985 debitam
1328 2930 1732 3000 deprehendere

147 3021 418 3090 potuerim
443 3062 458 3082 ,
489 3023 682 3077 saltem
711 3038 820 3093 quo
847 3021 1169 3091 pueleratur
1198 3021 1407 3076 duolms
1440 3021 1561 3077 aliis
1606 3037 1726 3078 mox

147 3112 441 3172 secuturis,
471 3126 662 3180 nempe
692 3109 865 3166 codici
899 3109 1338 3181 llyeronymiano
1366 3111 1646 3174 Vaticano,
1672 3117 1728 3166 et

1835 1921 2034 1992 partim
2079 1936 2142 1974 ex
2176 1920 2598 1991 llieronymiano
2642 1922 3065 1993 Martyrologio,
3111 1925 3309 1992 partim
3356 1939 3422 1977 ex

1837 2011 2069 2082 propriis
2103 2013 2408 2068 diceeeseon
2443 2011 2844 2068 Gallicanarum
2873 2013 3102 2069 Fastis.»
3139 2013 3217 2070 Ita
3244 2015 3420 2084 Pape-

1837 2101 2092 2155 brochius
2127 2102 2180 2155 in
2211 2102 2402 2156 ordine
2435 2103 2500 2154 ad
2532 2103 2764 2166 licdam,
2797 2104 3040 2158 codicem
3074 2105 3216 2157 hunc
3243 2103 3422 2165 elTert,

1837 2193 2026 2262 in'quo
2069 2201 2247 2247 tamen
2275 2195 2561 2250 advertere
2589 2196 2763 2263 potuit
2808 2197 3110 2249 recentiora
3137 2196 3240 2248 alia
3275 2194 3424 2264 adje-

1835 2284 1988 2339 ctitia
2019 2297 2158 2346 esse,
2187 2293 2245 2336 ut
2268 2293 2353 2337 est
2380 2286 2678 2353 Assumptio
2705 2285 2771 2338 B.
2809 2285 2884 2338 Μ.
2927 2285 3011 2345 ι’..
3036 2286 3276 2356 ejusdem
3299 2287 3423 2354 vigi-

1835 2373 1908 2428 lia
1927 2413 1940 2438 ,
1971 2383 2150 2426 octava
2171 2413 2184 2438 ,
2215 2383 2378 2443 atque
2409 2375 2534 2430 hinc
2563 2375 2685 2430 inde
2717 2375 2819 2430 alia
2839 2417 2852 2441 ,
2884 2392 3003 2448 qua:
3036 2393 3134 2430 nec
3161 2376 3424 2447 l-liemny-

1835 2479 1984 2518 mum
2029 2478 2130 2518 nec
2173 2464 2366 2520 Bedam
2410 2465 2646 2534 sapiunt.
2697 2466 2892 2520 Demus
2927 2465 3040 2534 jam
3071 2465 3417 2534 prteiatorum

1837 2553 1998 2607 tri-un
2023 2552 2274 2606 codicum
2303 2567 2366 2606 ex
2399 2541 2726 2624 praesignem
2751 2555 2835 2607 die
2866 2556 3182 2624 spccimiua.

1905 2642 1992 2694 56.
2036 2641 2103 2696 Ut
2133 2659 2161 2694 a
2199 2650 2502 2711 postremo,
2545 2642 2939 2698 Barberiniano
2972 2645 3096 2709 illo,
3125 2645 3378 2713 incipiam
3402 2684 3418 2707 ,

1834 2733 1912 2788 sic
1941 2733 2068 2803 legit
2101 2752 2114 2786 :
2145 2732 2278 2786 Kal.
2310 2733 2509 2787 Julius.
2547 2733 2756 2798 Iiomw,
2789 2736 2962 2790 natale
2987 2746 3290 2790 sanctarum
3315 2737 3420 2789 Lu-

1833 2824 1928 2876 cia:
1950 2824 2180 2893 virginis,
2208 2834 2256 2876 et
2285 2824 2508 2878 Ancente
2531 2826 2725 2894 regina:
2748 2842 2866 2880 cum
2896 2827 3015 2880 aliis
3045 2843 3157 2886 xxi.
3187 2824 3420 2879 Anisola:

1834 2913 2181 2978 monasterio,
2213 2913 2468 2983 depositio
2500 2914 2669 2967 sancti
2705 2912 2969 2984 Carileplti
3013 2915 3317 2984 presbyteri.
3349 2911 3418 2967 In

1831 3012 2005 3055 monte
2028 3001 2124 3065 0r,
2148 3002 2402 3070 depositio
2440 3001 2617 3056 Aaron
2654 3005 2965 3060 sacerdotis.
3006 3003 3073 3059 In
3113 3003 3415 3072 Mesopota-

1833 3093 1961 3156 mia,
1993 3089 2106 3146 Zeli
2135 3109 2250 3145 cum
2279 3091 2400 3146 aliis
2427 3109 2536 3146 sex.
2565 3091 2779 3146 Orionis
2806 3110 2925 3147 cum
2948 3093 3067 3147 aliis
3091 3109 3167 3157 Ix,
3210 3103 3257 3147 et
3277 3092 3414 3148 alio-

144 3203 304 3258 alteri
330 3202 503 3257 codici
533 3201 592 3255 S.
621 3201 854 3272 Cyriaci,
884 3217 990 3271 quo
1021 3217 1152 3256 usus
1180 3210 1266 3255 est
1294 3201 1590 3256 cardinalis
1618 3201 1727 3255 Ba-

1833 3200 1948 3238 rum
1986 3184 2332 3238 ducentorum
2368 3185 2702 3255 septuaginta
2731 3200 2980 3256 quatuor.
3015 3185 3416 3255 Augustoduno,

145 3293 362 3357 ronius;
387 3310 517 3356 non,
547 3293 788 3364 inquam,
819 3295 990 3355 video,
1014 3309 1112 3349 cur
1141 3295 1223 3348 his
1255 3293 1600 3362 praeferatur,
1626 3294 1728 3352 nisi

143 3384 272 3452 quia
302 3383 425 3439 hinc
445 3383 569 3438 inde
590 3384 810 3438 liberius
827 3394 882 3439 et
908 3383 1190 3453 prolixius,
1219 3393 1329 3436 tum
1351 3392 1591 3448 sanctos,
1615 3392 1726 3440 tum

143 3475 320 3545 elogia
346 3475 552 3539 inserit,
577 3484 636 3529 ut
660 3490 885 3530 numero
909 3475 1154 3546 sequenti
1183 3491 1249 3530 ex
1281 3473 1507 3543 Prologo
1537 3476 1605 3530 ad
1627 3474 1729 3530 Bc-

143 3565 272 3618 dam
302 3564 675 3634 intelligemus.
703 3563 865 3620 Certe
894 3565 1009 3624 haec
1033 3565 1140 3619 duo
1170 3565 1469 3634 posteriora
1498 3565 1727 3634 praecel-

142 3657 300 3720 lunt,
334 3657 478 3725 quod
510 3657 650 3726 stylo
680 3656 1103 3727 Hieronymiano
1131 3657 1463 3726 proximiora
1495 3657 1638 3722 sint;
1672 3657 1725 3711 in

143 3747 254 3802 hac
298 3756 477 3801 autem
525 3762 647 3801 cum
677 3747 1068 3802 Barberiniauo
1095 3749 1431 3808 concordant
1459 3788 1474 3812 ,
1501 3748 1645 3818 quod
1673 3756 1728 3804 et

143 3837 264 3907 ipsa
290 3851 356 3892 ex
380 3837 568 3891 eodem
590 3836 1015 3908 Hieronymiano
1041 3846 1322 3892 contracta
1352 3839 1574 3902 iuerint,
1604 3840 1726 3894 sub-

141 3926 277 3980 inde
316 3942 443 3982 νει-ο
483 3937 639 3982 aucta
677 3929 868 3997 elogiis
898 3929 1169 3986 nonnullis
1206 3945 1272 3984 ex
1303 3930 1440 3984 Beda
1468 3930 1721 3999 acceptis.

135 4017 322 4086 Atque
367 4018 452 4076 his
495 4019 667 4072 tribus
693 4019 1008 4088 applicanda
1037 4029 1152 4082 est,
1183 4036 1287 4074 non
1318 4020 1599 4084 infundata
1627 4019 1725 4080 Par

137 4108 422 4177 pebrochii
456 4109 636 4177 opinio
661 4149 676 4172 ,
709 4125 858 4164 num.
888 4109 924 4163 2
949 4109 1030 4166 sui
1059 4111 1128 4165 ad
1153 4111 1353 4166 Bedam
1398 4113 1602 4182 prologi
1629 4126 1724 4167 ex-

137 4213 337 4267 pressa
361 4238 376 4262 ,
409 4215 512 4268 qua
555 4215 614 4254 sc
660 4215 978 4269 persuasum
1024 4200 1226 4256 fatetur
1252 4242 1268 4262 ,
1314 4221 1332 4253 ι
1371 4203 1424 4262 in
1453 4203 1724 4272 plerisque

137 4290 406 4350 Romanis
451 4292 689 4348 basilicis
716 4333 731 4356 ,
777 4295 1039 4362 abrogato
1069 4291 1477 4365 Hieronymiani
1507 4301 1723 4364 (nempe

137 4381 388 4451 majoris)
420 4381 784 4454 Martyrologii
812 4399 911 4439 usu
934 4423 950 4448 ,
980 4392 1034 4440 et
1063 4383 1154 4439 illo
1173 4423 1187 4448 ,
1217 4385 1359 4453 quod
1387 4383 1721 4454 Aquileiensi

133 4472 396 4542 episcopo
423 4488 453 4525 a
492 4473 745 4542 pontiﬁce
782 4473 1005 4529 missum
1050 4487 1211 4542 supra
1240 4473 1582 4538 monuimus,
1611 4473 1720 4528 ior-

135 4561 306 4616 tassis
343 4563 558 4617 nonnisi
589 4563 642 4617 in
672 4562 977 4628 Laterano,
1002 4563 1231 4632 aliisque
1266 4564 1453 4634 paucis
1475 4564 1721 4621 ecclesiis

134 4660 382 4722 recepto,
411 4653 484 4707 ita
509 4654 794 4724 probatum
820 4653 941 4710 aliis
968 4654 1165 4710 Bedam
1196 4653 1386 4718 fuisse,
1413 4662 1472 4708 ut
1499 4669 1564 4709 eo
1589 4670 1720 4710 con-

132 4742 422 4800 venienter
433 4753 612 4807 aucto,
632 4746 889 4799 utendum
905 4744 1085 4814 plures
1097 4745 1199 4800 sibi
1215 4745 1720 4816 putaverint,usque

133 4833 267 4891 dum
301 4833 578 4890 Usuardus
602 4837 752 4891 visus
780 4845 868 4891 est
885 4836 1270 4892 ecclesiasticis
1295 4836 1484 4892 usibus
1511 4851 1721 4893 accomsv

132 4927 427 4982 modstior.
441 4946 460 4979 ι
487 4925 690 4996 Nempe
714 4929 829 4984 haec.
845 4929 1154 4998 apographa
1173 4927 1240 4983 ad
1259 4927 1458 4983 Bedam
1483 4927 1717 4988 retulere

132 5015 513 5074 ﬂenschenius
552 5029 607 5075 et
643 5019 1048 5088 Papebrochius
1071 5061 1085 5085 ,
1115 5021 1370 5090 quoniam
1398 5019 1575 5089 elogia
1597 5018 1714 5090 ejus

129 5105 573 5178 liierenymianis
593 5109 1095 5164 annuntiatinnibus
1118 5110 1353 5164 immista
1376 5118 1713 5178 repererunt,

127 5196 248 5256 Nec
267 5202 726 5268 praetermittenda
748 5211 1008 5272 suntquae
1028 5203 1082 5258 in
1104 5218 1220 5258 rem
1242 5213 1501 5262 nostram,
1521 5215 1718 5272 netiipa

127 5291 203 5358 ad
253 5293 417 5348 trium
461 5293 805 5363 pnel'atorum
849 5294 1098 5352 codicum
1151 5295 1584 5358 distinctionem,
1630 5308 1716 5350 se-

125 5383 323 5452 quenti
363 5385 608 5454 proxime
637 5399 864 5440 numero
892 5386 958 5440 12
985 5387 1230 5457 suggerit
1257 5387 1507 5442 laudatus
1534 5385 1718 5453 Pape-

124 5471 410 5527 brochius.
442 5472 515 5536 lta
548 5475 743 5545 pergit.

203 5560 297 5617 35.
341 5582 358 5612 ι
397 5561 534 5617 Sunt
564 5573 746 5622 autem
776 5565 886 5636 tria
910 5566 1044 5630 haec,
1081 5585 1098 5617 ι
1135 5565 1554 5636 Hieronymiana
1582 5580 1714 5636 apo-

126 5654 338 5722 ετεψιη
362 5652 734 5726 Bedm‘elogiis
761 5655 921 5722 farta,
958 5675 980 5706 ι
1005 5657 1240 5727 primum
1267 5657 1512 5726 ecclesia:
1540 5657 1714 5714 sancti

129 5743 283 5799 Petri
315 5745 365 5797 in
391 5744 676 5810 Vaticano,
705 5746 850 5823 quod
875 5747 1136 5804 hactenus
1163 5748 1485 5805 in-archirio
1511 5748 1710 5805 ibidem

1829 3276 2083 3347 depositio
2114 3275 2320 3331 Leontii
2362 3277 2610 3347 episcopi,
2649 3287 2697 3332 et
2733 3278 2901 3332 sancti
2945 3277 3237 3343 Quintiani.
3271 3275 3417 3330 Satis

1828 3375 1976 3437 patet
2005 3366 2226 3420 indiculi
2261 3364 2420 3433 hujus
2451 3367 2791 3438 corruptela,
2826 3369 3126 3439 aliquorum
3159 3366 3414 3423 nontmlla

1829 3457 2075 3521 nmtatio,
2109 3472 2319 3518 necnon
2359 3459 2492 3522 satis
2538 3459 2781 3514 liberalis
2815 3460 3182 3531 interpolatio,
3211 3459 3413 3530 quibus

1829 3556 2016 3612 caret,
2045 3547 2234 3618 purius
2269 3546 2751 3618 Hieronymiauum
2785 3549 3026 3604 referens
3062 3550 3228 3603 codex
3259 3547 3414 3602 Vati-

1826 3656 2024 3702 canus,
2056 3640 2184 3694 dum
2229 3639 2310 3694 sic
2333 3639 2654 3695 lalcrculum
2682 3655 2839 3694 smun
2871 3639 3070 3695 format
3102 3656 3114 3692 :
3152 3638 3278 3693 Kal.
3310 3639 3412 3692 Ju-

1826 3730 1904 3784 lii.
1944 3728 2163 3794 Romw,
2207 3727 2305 3783 Gai
2356 3745 2526 3800 paper.
2581 3728 2895 3784 Sanctorum
2944 3728 3072 3781 Luci
3121 3729 3331 3798 virginis
3361 3737 3411 3782 es

1824 3821 2038 3890 Acccga:
2068 3822 2226 3891 regis,
2251 3837 2370 3875 cum
2397 3821 2516 3874 aliis
2544 3831 2675 3876 octo.
2710 3820 2776 3874 Et
2809 3822 2860 3874 in
2887 3830 3058 3874 monte
3091 3819 3222 3882 Hor,
3251 3820 3412 3890 depo-

1824 3912 1945 3966 sitio
1995 3910 2173 3964 Aaron
2202 3911 2489 3966 saccrdotis
2515 3912 2690 3982 primi.
2735 3911 2986 3982 Eptsdcm
3017 3910 3172 3982 plane
3204 3911 3409 3968 tenoris

1825 4001 1935 4056 imo
1980 4001 2227 4062 nonnihil
2260 4002 2573 4076 castigatior
2613 4011 2692 4058 est
2739 4006 2905 4057 codex
2939 4003 2996 4056 S.
3030 4002 3240 4072 Cyriaci
3266 4044 3280 4066 ,
3329 4005 3408 4060 sic

1825 4093 2013 4166 legens
2041 4113 2054 4148 :
2087 4092 2213 4156 Kal.
2241 4094 2397 4148 Julii.
2435 4093 2632 4158 Rontw,
2666 4093 2797 4165 (iugi
2826 4093 3004 4164 Papa),
3032 4106 3077 4148 et
3103 4104 3406 4152 sanctorum

1823 4186 2030 4242 Luccia:
2062 4187 2192 4257 virg.
2233 4197 2281 4244 et
2327 4187 2526 4242 Acceiaz
2571 4188 2727 4257 regis,
2773 4198 2895 4241 aunt
2918 4187 3038 4241 aliis
3067 4198 3204 4242 octo.
3247 4186 3314 4241 Et
3352 4189 3407 4244 in

1821 4290 1996 4335 monte
2028 4278 2176 4346 llor,
2225 4280 2479 4350 depositio
2527 4281 2737 4344 Aaron,
2780 4279 3040 4333 sacerdoti
3079 4279 3255 4348 primi.
3289 4277 3406 4334 Non

1823 4390 2018 4444 magna
2062 4373 2398 4444 perspicacia
2447 4387 2618 4442 opus,
2667 4380 2726 4425 ut
2769 4371 2918 4426 clare
2971 4369 3408 4438 deprehendatur

1824 4466 2000 4536 major
2041 4465 2272 4520 duorum
2319 4472 2720 4534 postremorum
2767 4461 3015 4540 codicum
3064 4461 3206 4514 inter
3245 4474 3306 4513 se
3350 4467 3408 4515 et

1822 4575 1945 4615 cum
1979 4557 2424 4628 llicronymiano,
2454 4571 2614 4625 quam
2645 4569 2768 4612 cum
2797 4551 3178 4606 Barberiniano
3204 4549 3405 4604 unifor-

1822 4649 2006 4714 mitas,
2038 4647 2289 4718 quamvis
2313 4646 2382 4701 ad
2413 4644 2743 4701 lleuschenii
2767 4652 2822 4698 et
2843 4641 3195 4711 Papcbrochii
3229 4640 3405 4695 inten-

1822 4748 1936 4796 tum
1965 4740 2102 4796 satis
2125 4747 2302 4801 esset,
2331 4738 2475 4808 quod
2508 4745 2841 4809 postremum
2859 4774 2877 4801 ,
2905 4734 3064 4790 Beda:
3089 4733 3265 4807 elogia
3293 4732 3404 4787 lor-

1821 4840 1966 4888 tasse
1994 4833 2183 4903 purius
2205 4831 2455 4888 referret.

1891 4926 1981 4982 5'1.
2020 4925 2156 4980 Cum
2185 4925 2358 4980 tribus
2394 4921 2764 4993 superioribus
2791 4917 3214 4982 Barberiniano,
3243 4914 3395 4970 Vati-

1820 5035 1959 5076 cano
1983 5030 2039 5074 et
2069 5017 2130 5074 S.
2162 5017 2406 5090 (Syriaci,
2438 5017 2607 5071 citato
2635 5013 2840 5086 prologi
2876 5029 3028 5070 num.
3065 5011 3167 5077 12,
3211 5009 3398 5064 laudat

1821 5107 2224 5182 Papebrochins
2250 5125 2270 5160 ι
2299 5106 2723 5162 vetustissimum
2744 5105 3172 5174 praeclarumque
3199 5100 3398 5172 reginae

1823 5202 2031 5257 Suecia:
2065 5200 2490 5269 manuscriptum
2517 5239 2531 5262 ,
2562 5197 2706 5268 quod
2732 5197 2921 5270 quanti
2947 5194 3136 5252 fecerit
3167 5192 3248 5246 vir
3273 5205 3398 5246 eru-

1821 5291 2123 5348 ditissimus
2146 5289 2322 5345 Lucas
2347 5287 2679 5351 llolstenius,
2707 5287 2987 5344 declarant
3007 5284 3177 5353 ipsius
3199 5281 3265 5336 ad
3290 5281 3397 5341 Ro-

1821 5398 2040 5440 manum
2062 5381 2500 5454 Martyrologium
2523 5381 2929 5441 Animadversa,
2956 5378 3082 5433 hinc
3105 5375 3220 5430 fere
3243 5389 3396 5429 acce-

1820 5484 1933 5547 pta,
1968 5484 2022 5529 et
2045 5484 2167 5545 post
2211 5473 2358 5528 illius
2386 5482 2617 5528 mortem
2651 5468 2791 5543 typis
2820 5470 3056 5540 vulgata.
3086 5467 3141 5522 lu
3172 5467 3392 5526 hoc“...

1817 5569 1982 5624 etiam
2032 5567 2232 5622 Bcdam
2280 5566 2634 5638 agnovimus,
2669 5582 2686 5614 ι
2742 5560 2916 5633 inquit.
2960 5557 3392 5628 Papebrorhius.

1823 5677 1845 5709 r
1867 5659 1962 5714 sed
1985 5657 2174 5728 closiis
2199 5671 2344 5725 saepe
2373 5653 2882 5710 contractioribus.)
2917 5649 3197 5719 Quidquid
3230 5649 3300 5713 sit
3329 5648 3394 5710 de

1819 5748 1986 5804 Bedte
2020 5746 2244 5816 elogiis,
2272 5746 2491 5802 omnino
2522 5744 2796 5800 fallendum
2829 5751 2912 5798 est
2955 5740 3396 5814 Martyrologium
