3936 6348
513 359 616 413 ιτιι

1415 354 1784 412 USUARDUS
1821 349 2198 409 MONACl‘iUS
2237 351 2881 408 SANGERMANENSIS.

3682 353 3784 411 ιω

515 478 619 530 hoc
643 517 658 539 ,
707 473 847 543 quod
889 473 1016 528 olim
1067 474 1165 528 fuit
1209 473 1270 529 S.
1313 472 1580 528 Columba!
1623 463 1763 541 apud
1815 470 2090 535 Senones;
2111 473 2170 531 Α
2197 483 2339 534 sum,
2369 469 2422 523 in
2445 484 2552 538 quo
2575 483 2689 540 pra:
2713 469 2932 539 reliquis
2958 469 3168 533 diebus,
3194 472 3443 540 copiosus
3464 477 3556 526 est
3586 488 3601 525 ι
3629 470 3782 534 Julii,

497 565 790 620 fatendum
818 607 833 626 .
865 567 1124 637 inquam,
1176 568 1315 621 inter
1355 567 1645 622 illustriora
1690 552 2089 635 Hieroiiyiuiani

519 656 880 728 Martyrologii
927 665 1202 711 contracta
1236 658 1541 728 apographa
1590 658 1784 711 merito
1821 657 2088 712 recenseri

516 763 696 817 posse.
746 746 893 802 Habe
923 748 1009 801 bic
1039 746 1155 815 ejus
1189 755 1393 802 textum
1429 762 1444 801 :
1474 747 1597 802 Kal.
1635 747 1791 803 Julii.
1827 748 1893 802 In
1931 748 2092 801 Nico-

520 838 689 892 media
717 878 732 902 ,
781 837 953 891 natale
997 839 1162 892 sancti
1206 836 1362 891 Zoili.
1412 837 1631 904 Romae,
1674 839 1926 908 depositio
1958 831 2091 910 (iugi

520 943 692 995 papte.
732 925 798 981 In
821 938 992 981 monte
1015 927 1148 990 Hor,
1175 929 1429 997 depositio
1451 931 1627 984 Aaron
1649 931 1953 984 sacerdotis.
1980 930 2090 984 Au-

519 1015 822 1086 gustiduno,
846 1018 1099 1086 depositio
1118 1017 1318 1072 Leontii
1337 1004 1579 1089 episcopi.
1599 1019 1796 1075 Confer
1811 1037 1932 1075 cum
1958 1021 2093 1091 prte-

518 1105 855 1172 cedentibus,
883 1117 937 1162 et
966 1124 1061 1178 per
1087 1119 1140 1163 te
1169 1118 1376 1164 statues
1402 1111 1533 1164 nihil
1561 1112 1781 1181 propius
1808 1112 1873 1166 ad
1904 1111 2094 1167 Hiero-

519 1197 772 1266 nymiana
801 1198 1080 1253 accedere.
1115 1196 1226 1253 Hoc
1256 1199 1496 1253 dolemus
1518 1238 1534 1264 ,
1585 1201 1794 1255 nonnisi
1845 1201 2090 1256 mutilum

519 1295 788 1354 repertum
831 1287 1034 1352 fuisse,
1080 1297 1264 1358 utpote
1307 1290 1358 1342 in
1407 1306 1516 1360 quo
1554 1291 1730 1345 desint
1753 1292 1931 1345 omnia
1973 1300 2094 1362 post

516 1392 591 1430 vn
636 1379 758 1432 ldus
784 1419 798 1443 ,
847 1395 939 1434 seu
971 1377 1206 1450 ‘septim'o
1233 1382 1316 1435 die
1344 1380 1697 1452 Septembris.
1733 1383 1996 1439 Nonnulla
2027 1387 2092 1439 de

519 1471 623 1524 hoc
641 1481 697 1525 et
711 1473 776 1526 de
799 1473 856 1527 S.
873 1474 1084 1546 Cyriaei
1111 1477 1492 1549 Martyrologio
1510 1480 1662 1534 valde
1684 1480 1906 1536 confuse
1929 1483 2093 1538 lecto-

521 1577 635 1616 rem
664 1564 879 1619 edocuit
905 1566 1245 1624 Castellanus
1265 1611 1280 1634 ,
1307 1572 1372 1624 ad
1404 1573 1636 1642 primum
1667 1573 1964 1640 Bimestre,
1998 1573 2092 1628 Ja-

521 1652 768 1707 nuarium
820 1671 1010 1728 nempe
1051 1669 1104 1712 et
1145 1660 1494 1734 Februarium
1521 1704 1536 1727 ,
1580 1663 1941 1736 Manyrologii
1987 1667 2091 1732 sui,

519 1756 641 1795 cum
668 1745 1048 1802 eruditissimis
1078 1751 1217 1804 uotis
1237 1752 1389 1816 editi,
1414 1768 1569 1822 pagg.
1602 1752 1693 1817 26,
1717 1755 1786 1808 27
1813 1765 1867 1809 et
1886 1755 1955 1810 28
1987 1775 2000 1810 :
2027 1758 2094 1810 de

521 1833 717 1901 quibus
743 1851 772 1888 a
805 1853 890 1892 me
917 1839 1089 1894 amice
1118 1843 1370 1906 monitus,
1401 1846 1792 1900 correctionem
1822 1847 2092 1902 sinceram
2123 1823 2166 1882 Β

521 1925 792 1994 pollicitus
839 1938 962 1993 est,
1013 1932 1391 2000 prolixissimis
1438 1934 1632 1992 litteris
1688 1939 2097 2010 gratiarumque

519 2016 848 2085 plenissimis
873 2061 888 2085 ,
935 2022 1078 2076 datis
1109 2041 1163 2078 Ix
1193 2023 1431 2081 Januarii
1465 2028 1620 2084 l709.
1660 2028 1792 2084 Cum
1823 2047 1952 2086 vero
1985 2032 2099 2088 haec

521 2105 702 2158 omnia
727 2145 744 2172 ,
771 2109 1018 2176 proximo
1044 2111 1158 2180 ejus
1189 2111 1436 2169 Bimestri
1461 2156 1475 2180 ,
1505 2115 1646 2172 forte
1675 2118 1825 2173 brevi
1856 2120 2063 2174 edendo
2081 2161 2096 2186 ,

524 2199 838 2268 corrigenda
863 2217 1072 2272 sperem
1102 2244 1116 2268 ,
1165 2206 1231 2259 iis
1279 2205 1560 2277 sigillatim
1603 2211 1986 2265 enumerandis
2011 2210 2100 2265 hic

524 2291 868 2358 supersedeo.

593 2383 682 2436 58.
723 2383 793 2438 At
823 2400 928 2438 non
953 2386 1026 2440 ita
1054 2390 1468 2456 prietermittere
1497 2391 1621 2447 licet
1653 2392 1940 2448 nonnullas
1965 2393 2098 2449 alias

522 2470 809 2527 clarissimi
838 2475 935 2530 viri
964 2477 1392 2546 allucinatioues,
1423 2482 1618 2551 quibus
1646 2483 1861 2538 codices
1884 2483 2099 2554 aliquos

525 2559 1067 2634 llieronymianorum
1111 2569 1269 2624 classi
1314 2586 1596 2641 perperam
1643 2573 1850 2628 inserit.
1893 2572 2002 2628 Has
2034 2590 2100 2629 eo

525 2652 707 2709 animo
737 2655 825 2710 hic
848 2673 1078 2728 expono,
1101 2677 1206 2729 quo
1235 2662 1368 2732 ipse,
1392 2664 1811 2720 humanissimas
1833 2675 1884 2720 et
1907 2667 2101 2722 corda-

525 2745 759 2803 tissimas
779 2752 980 2821 gratias
1005 2754 1267 2820 referens,
1289 2759 1504 2812 easdem
1532 2760 1631 2814 sibi
1657 2761 1926 2816 exhibitas
1947 2777 2100 2816 acce-

523 2838 620 2906 pit.
669 2838 850 2911 Itaque
893 2845 1071 2901 citatte
1115 2849 1546 2916 prinmonitiouis
1571 2852 1635 2904 ad
1665 2852 1895 2920 primum
1943 2869 2097 2906 suum

525 2927 787 2986 Bimestre
829 2947 950 3003 pag.
978 2935 1062 2988 l7.
1097 2934 1529 3008 l‘lieronyniianis
1559 2939 1898 2995 brevioribus
1929 2957 2100 2994 annu-

527 3029 729 3085 merat,
764 3023 819 3076 l°
851 3023 1250 3081 Marchianense
1281 3029 1330 3082 in
1361 3030 1644 3096 Flantlria;
1673 3033 1733 3086 2·
1764 3031 2014 3087 Ltetiease
2047 3033 2098 3087 in

527 3109 844 3178 Ilannonia;
877 3115 935 3168 3°
974 3115 1032 3169 S.
1068 3116 1331 3172 Lamberti
1367 3128 1422 3173 et
1457 3119 1514 3174 S.
1541 3119 1814 3175 Laurentii
1841 3121 2101 3177 Leodien-

529 3201 639 3267 sia;
663 3202 721 3255 4ο
745 3201 801 3256 S.
830 3177 1050 3259 Martini
1071 3205 1447 3275 Tornacense;
1474 3211 1532 3264 5°
1555 3210 1618 3266 3.
1643 3210 1849 3265 Gudilte
1876 3209 2101 3266 Bruxel—
2129 3177 2173 3241 c

525 3289 710 3357 lense;
747 3308 974 3362 quorum
1018 3297 1220 3350 nullum
1269 3300 1335 3353 ad
1383 3299 1924 3372 Hieronymiauorum
1956 3303 2102 3357 ordi-

531 3397 654 3437 nem
681 3385 935 3453 pertinet.
973 3385 1039 3442 Ut
1065 3403 1094 3442 a
1138 3399 1412 3459 postremo
1436 3392 1688 3462 incipiam
1715 3435 1730 3458 ,
1762 3403 1845 3449 est
1873 3394 2002 3448 illud
2034 3395 2103 3450 ab

532 3471 966 3547 Hieronymianis
995 3486 1102 3532 tam
1131 3490 1414 3547 remotum,
1441 3499 1601 3553 quam
1632 3484 1740 3540 sint
1764 3486 1879 3540 Ado
1909 3486 2022 3557 ipse
2048 3497 2103 3542 et

533 3561 808 3619 Usuardus
834 3606 852 3632 ,
895 3576 954 3621 ut
979 3584 1096 3637 cap.
1126 3569 1160 3624 5
1184 3586 1248 3625 ex
1286 3571 1706 3628 Usuardinorum
1753 3576 1894 3630 serie
1929 3577 2100 3631 maui-

530 3651 666 3708 feste
691 3658 976 3712 constabit.
1011 3659 1352 3719 Tornacensc
1377 3665 1548 3719 sancti
1579 3664 1790 3719 Martini
1821 3668 1955 3721 satis
1981 3657 2106 3722 con-

529 3743 676 3797 venit
714 3762 836 3800 cum
864 3747 1111 3804 Ltetiensi
1139 3792 1154 3815 ,
1185 3764 1244 3805 ut
1271 3751 1398 3806 olim
1438 3756 1780 3809 conservavit
1818 3742 2105 3812 Bollandus

530 3833 867 3893 meationis
893 3841 1162 3908 generalis
1182 3857 1303 3911 pag.
1330 3859 1479 3906 xuix,
1508 3853 1797 3914 utrumque
1821 3845 2106 3902 conferens

529 3941 651 3979 cum
683 3943 812 3981 mss.
844 3929 1224 4001 Autuerpiensi
1252 3943 1306 3987 et
1331 3933 1614 3990 Leodiensi
1641 3935 1697 3989 S.
1723 3935 2105 4002 Lamberti,ex

531 4016 726 4083 quibus
764 4017 956 4086 conjici
1002 4032 1218 4090 potest,
1261 4033 1523 4091 quantum
1564 4025 1632 4080 ab
1674 4025 2107 4098 llieronymianis

533 4105 838 4161 deﬂectunt.
873 4109 1057 4164 Priora
1093 4114 1197 4168 duo
1221 4155 1236 4178 ,
1278 4131 1469 4185 nempe
1511 4117 1780 4172 Lmtiensc
1809 4128 1865 4174 et
1893 4120 2103 4175 Torna-

533 4211 713 4259 cense,
743 4199 807 4252 ad
838 4200 1031 4274 "cdam
1059 4204 1222 4258 relata
1243 4216 1369 4259 sunt
1398 4225 1410 4260 ε
1437 4207 1842 4264 Lambertinum
1872 4211 2106 4266 Adonia-

526 4285 620 4340 Itis
664 4287 832 4343 ferme
877 4293 1210 4363 ascriptum:
1242 4295 1657 4366 Antuerpiense,
1678 4302 1820 4370 quod
1847 4318 1943 4356 nos
1967 4302 2104 4357 infra

533 4380 705 4448 majus
739 4383 1080 4447 vocabimus,
1116 4387 1181 4440 ad
1229 4387 1528 4442 Usuardina
1577 4390 1736 4460 plane
1785 4392 2103 4447 trahendum

531 4480 634 4524 est.
666 4471 1084 4532 Laurentianum
1118 4477 1412 4535 Leodiense
1452 4481 1606 4536 abest
1637 4484 1705 4537 ab
1733 4483 2104 4556 llierouyniia-

2197 564 2284 617 ubi
2314 565 2392 618 sic
2425 555 2550 631 legit
2576 582 2588 618 :
2616 563 2741 617 Kal.
2769 562 2925 618 Julii.
2960 563 3027 617 In
3063 575 3233 618 monte
3258 563 3351 628 0r,
3384 566 3652 636 depositio
3682 565 3784 617 Aa-

2196 669 2311 706 ron.
2349 650 2538 707 Passio
2564 662 2862 706 sanctorum
2889 652 3244 723 apostolorum
3274 652 3512 708 Simonis
3541 652 3782 707 Canenti

2194 756 2240 798 et
2270 745 2440 800 ludas
2471 743 2683 799 Zelotis.
2711 744 2882 798 Remis
2909 745 3136 805 civitate,
3160 745 3412 814 depositio
3440 745 3619 799 sancti
3643 743 3780 797 Teii-

2193 837 2354 890 derici
2374 836 2674 907 presbyteri.
2698 837 2809 891 Hoc
2841 837 3084 890 ultimum
3109 836 3342 891 Rbemos
3365 837 3528 907 plane
3549 825 3779 901 redolet,

2193 939 2249 982 et
2297 929 2658 982 Rbemensem
2700 927 3030 998 provinciam
3081 927 3187 981 late
3229 919 3365 981 'olim
3393 926 3657 980 diffusam
3688 939 3705 978 :
3731 935 3780 979 et

2185 1019 2666 1089 'similiaiexempla
2691 1061 2705 1085 ,
2739 1019 2817 1073 vel
2861 1019 2961 1072 levi
2992 1017 3152 1073 oculo
3176 1059 3190 1083 ,
3221 1018 3419 1073 ibidem
3443 1059 3459 1083 ,
3493 1017 3635 1073 locis
3679 1033 3777 1071 non

2194 1108 2351 1180 longe
2379 1111 2598 1164 remotis
2619 1150 2633 1173 ,
2666 1124 2955 1164 occurrere
2979 1109 3237 1172 observo;
3279 1117 3338 1162 ut
3378 1108 3564 1162 Idibus
3586 1106 3736 1163 Junii
3761 1125 3773 1159 :

2196 1197 2370 1252 Remis
2393 1199 2614 1262 ciuitate,
2641 1215 2796 1269 super
2813 1199 2971 1268 ﬂuuio
2993 1197 3198 1262 Vetula,
3217 1198 3442 1252 dedicat.
3471 1196 3574 1252 See
3597 1196 3774 1250 Cens-

2195 1289 2302 1359 fefa
2337 1291 2462 1358 virg.
2489 1290 2555 1344 Et
2575 1307 2630 1344 xI
2662 1290 2782 1344 Kal.
2808 1289 3141 1359 Septembris
3165 1306 3180 1344 :
3212 1289 3385 1344 Remis
3407 1290 3646 1350 ciuitate,
3672 1299 3773 1341 nat.

2195 1379 2302 1434 SS.
2331 1379 2586 1434 Thimotei
2608 1390 2654 1434 et
2680 1381 2999 1451 Apolinaris.
3020 1380 3194 1452 Jungo
3215 1381 3314 1435 bic'
3330 1380 3773 1450 Martyrologium

2194 1486 2354 1525 manu
2383 1470 2561 1526 Italica
2585 1481 2976 1543 transumptum
3009 1489 3074 1527 ex
3117 1483 3262 1528 tomo
3285 1471 3407 1527 XXI
3429 1471 3772 1527 bibliotnecz

2197 1563 2558 1619 Vallicellana:
2587 1564 2691 1620 PP.
2723 1565 2958 1621 Oratorii
2986 1565 3208 1629 Reum,
3237 1565 3304 1618 de
3337 1564 3498 1634 cujus
3517 1572 3684 1617 etate
3707 1561 3773 1614 nil

2195 1654 2321 1710 licet
2347 1663 2606 1711 statuere.
2632 1656 2837 1710 Auctor
2858 1655 3054 1728 styium
3087 1656 3566 1727 Hieronymianuin
3595 1652 3773 1707 brevi-

2200 1756 2307 1802 tate
2327 1763 2421 1802 sua
2443 1749 2708 1818 sequitur,
2731 1749 2826 1802 sed
2848 1748 3063 1802 aliunde
3084 1748 3265 1817 plures
3287 1755 3505 1801 sanctos
3524 1743 3775 1805 contulit,

2197 1847 2255 1893 ut
2281 1849 2406 1893 sunt
2450 1840 2727 1910 propheta:
2761 1839 2969 1894 Veteris
2997 1837 3330 1894 Testamenti
3357 1877 3372 1903 ,
3399 1851 3538 1906 quos
3567 1851 3640 1890 ex
3681 1833 3774 1887 Bo-

2191 1929 2358 1984 mano
2385 1945 2550 2008 parvo
2576 1970 2590 1993 ,
2623 1937 2716 1983 aut
2755 1945 2822 1984 ex
2851 1929 3036 1984 Adone
3062 1969 3076 1991 ,
3122 1937 3217 1983 aut
3259 1928 3396 1982 forte
3437 1941 3504 1981 ex
3532 1924 3771 1980 Usuarde

2198 2020 2514 2090 desumpsit.
2549 2021 2627 2074 Ex
2653 2019 2822 2074 Gallia
2854 2019 3078 2074 Romam
3109 2019 3393 2074 advectum
3422 2019 3641 2071 censuit
3681 2013 3774 2068 Pa-

2197 2109 2554 2178 pebrocbius,
2597 2110 2789 2180 opinor
2812 2149 2826 2171 ,
2867 2110 2991 2179 quia
3023 2109 3074 2163 in
3101 2123 3166 2163 eo
3194 2108 3395 2177 reperit
3421 2123 3438 2162 :
3466 2122 3496 2159 v
3519 2105 3650 2158 Idas
3676 2119 3771 2158 seu

2198 2213 2254 2252 xI
2282 2191 2452 2263 Julii’,
2493 2200 2890 2252 translationem
2929 2197 2987 2252 S.
3017 2197 3316 2259 Benedicti,
3347 2206 3402 2251 et
3429 2211 3483 2250 ιι
3513 2193 3638 2248 Kal.
3670 2195 3776 2247 AI-

2199 2291 2338 2361 gusti
2364 2330 2379 2355 ,
2419 2305 2515 2345 seu
2542 2303 2655 2343 1in
2697 2287 2822 2342 Julii
2862 2303 2878 2341 :
2907 2287 3227 2340 Monasterio
3254 2284 3554 2340 Fontinella
3583 2323 3600 2348 ,
3630 2283 3773 2351 depo-

2200 2380 2318 2434 sitio
2357 2380 2418 2436 S.
2467 2378 2804 2435 Cunadresili
2841 2376 2961 2450 [pro
2998 2375 3396 2448 Wandregisili]
3439 2375 3770 2445 confessoris.

2199 2469 2531 2538 Adjiciamus
2560 2470 2646 2524 hic
2679 2470 2730 2522 in
2761 2462 2976 2522 Solitum
3019 2467 3288 2536 specimen
3309 2505 3326 2530 ,
3353 2465 3596 2535 primum
3640 2478 3770 2532 saepe

2205 2561 2463 2614 nominati
2497 2560 2696 2614 mensis
2719 2559 2884 2611 diem.
2913 2555 3038 2609 Kal.
3063 2555 3216 2609 Julii.
3243 2553 3310 2608 In
3330 2564 3507 2607 monte
3529 2552 3676 2614 Hor.
3700 2555 3770 2606 tle-

2200 2651 2388 2720 positio
2421 2635 2596 2703 Aaron
2615 2689 2630 2713 ,
2658 2647 2942 2702 sacerdotis
2968 2647 3146 2716 primi.
3184 2643 3252 2698 In
3277 2646 3542 2699 territorio
3575 2643 3772 2713 Lugdo-

2203 2743 2372 2806 nensi,
2401 2742 2652 2812 depositio
2682 2743 2970 2813 Domitiani
2991 2742 3212 2796 abbatis.

2273 2832 2361 2886 40.
2402 2832 2528 2887 Post
2555 2833 2656 2888 hoc
2685 2833 2931 2902 sequitur
2950 2832 3411 2903 Martyrologium,
3437 2831 3590 2901 quod
3621 2831 3772 2884 nostri

2205 2932 2401 2976 vocant
2449 2921 2752 2977 Treverense
2798 2925 2965 2976 sancti
3009 2922 3270 2987 Martini,
3312 2921 3582 2990 scriptum
3629 2934 3772 2973 manu

2202 3014 2435 3086 Belgica,
2457 3016 2706 3070 immistis
2725 3015 2975 3082 rubricis,
2992 3030 3112 3086 qua:
3131 3014 3289 3070 modo
3304 3014 3593 3072 oculorum
3615 3015 3772 3068 aciem

2204 3110 2374 3165 ferme
2417 3109 2694 3181 eﬂ‘ugiunt.
2742 3109 2817 3164 De
2851 3109 2954 3164 hoc
2999 3118 3147 3164 recte
3171 3108 3485 3163 observavit
3516 3106 3779 3175 Papebro—

2206 3202 2390 3265 chius,
2419 3217 2483 3254 ex
2514 3201 2678 3255 variis
2704 3201 2986 3255 collectum
3023 3214 3174 3265 esse,
3207 3199 3438 3270 ejusque
3465 3198 3777 3266 compilata-

2205 3307 2319 3347 rem
2365 3308 2476 3363 prie
2503 3293 2675 3348 oculis
2715 3291 2915 3347 Bedam
2964 3292 3255 3357 habuisse;
3290 3306 3396 3346 nec
3441 3291 3644 3345 invenio
3686 3289 3774 3342 cui

2205 3383 2400 3438 melius
2437 3384 2703 3454 quadrent
2737 3385 2902 3440 verba
2938 3384 2990 3437 in
3021 3383 3245 3453 prologo
3283 3399 3437 3436 num.
3476 3383 3537 3436 tl
3570 3381 3732 3435 relata
3762 3401 3777 3432 :

2210 3493 2228 3525 ι
2262 3474 2337 3528 lta
2369 3474 2526 3528 Bedaa
2551 3489 2780 3544 quoque
2808 3472 3192 3544 Martyrologio
3218 3488 3349 3527 usus
3375 3483 3460 3527 est
3484 3488 3586 3541 pro
3609 3472 3779 3526 Trevi-

2205 3565 2349 3620 rensi
2377 3564 2616 3620 Ecclesia
2639 3605 2652 3630 ,
2677 3564 2923 3634 quisquis
2952 3562 3041 3617 ille
3067 3571 3381 3617 sanctorum
3422 3563 3641 3625 Fusios,

2205 3676 2324 3714 rum
2354 3659 2613 3714 habemus
2655 3658 2932 3727 exemplar
2959 3672 3062 3711 ms.
3109 3657 3472 3726 composuit.»
3513 3655 3773 3709 Facillime

2205 3750 2452 3818 equidem
2480 3749 2778 3814 credidero,
2811 3748 2966 3819 plane
2988 3747 3055 3801 ad
3087 3764 3242 3802 usum
3270 3747 3538 3801 Ecclesia:
3567 3744 3778 3812 alicujus

2207 3851 2295 3894 aut
2327 3841 2663 3895 Trevirensis
2699 3849 2791 3894 aut
2820 3840 2984 3893 etiam
3026 3837 3254 3906 Belgica;
3294 3838 3555 3907 primitus
3584 3836 3781 3890 concin-

2206 3941 2389 3986 natum
2428 3931 2624 3994 fuisse,
2656 3946 2776 3985 cum
2807 3930 2860 3985 in
2895 3931 3010 4000 ipso
3036 3929 3304 4000 principio
3337 3944 3389 3982 Iv
3417 3927 3664 3981 Januarii
3700 3943 3780 3980 oc-

2206 4032 2395 4078 currat
2426 4038 2440 4076 :
2472 4021 2711 4076 Gandavi
2731 4062 2745 4085 ,
2793 4017 3134 4073 Pliaraltiltlis
3161 4019 3398 4088 virginis.
3453 4017 3534 4072 Ut
3569 4034 3637 4072 ex
3687 4032 3786 4069 uno

2207 4129 2394 4169 mense
2437 4113 2900 4168 verosimilliniani
2947 4110 3114 4165 facias
3163 4110 3592 4179 coajectumm;
3626 4110 3784 4163 habes

2207 4216 2242 4255 χ
2268 4201 2423 4256 Julii.
2448 4202 2764 4271 Amelbergte
2791 4201 3026 4269 virginis.
3055 4215 3167 4264 Iuv,
3194 4198 3506 4252 Marrhelmi
3523 4239 3540 4262 ,
3564 4199 3785 4252 censorii

2207 4295 2374 4347 sancti
2409 4292 2636 4345 Libuini.
2671 4307 2793 4356 xVI,
2837 4290 3097 4360 Minulplii
3126 4301 3174 4344 et
3213 4289 3488 4356 Cundulﬁ.
3533 4306 3647 4344 xin
3671 4329 3687 4350 ,
3729 4287 3785 4340 Ιιι

2207 4383 2511 4448 Rlandinio,
2535 4383 2910 4454 Wandregisili
2930 4383 3152 4436 abbatis.
3181 4382 3247 4437 Ut
3269 4382 3404 4436 alios
3427 4392 3662 4442 taceam,
3689 4395 3784 4434 non

2165 4517 2168 4522 .
2211 4478 2437 4530 multum
2470 4485 2736 4541 remotos;
2780 4485 2863 4530 est
2889 4491 2960 4528 vII
2990 4473 3138 4540 Julii,
3164 4473 3477 4529 Willibaldi.
3512 4490 3608 4528 vIII
3633 4515 3650 4537 ,
3689 4471 3788 4542 K9-

533 4561 618 4614 nis
647 4563 954 4634 longissime
978 4607 992 4632 ,
1023 4578 1105 4623 est
1133 4571 1276 4624 enim
1321 4573 1486 4626 codex
1510 4587 1729 4628 crassus
1763 4582 1816 4627 et
1858 4541 2066 4644 amplus
2088 4615 2102 4638 ,
2134 4541 2182 4600 ί)
2208 4569 2360 4623 liani.
2391 4585 2512 4631 xm,
2546 4567 2827 4621 Mildrade.
2853 4583 2961 4631 Inv,
2994 4566 3295 4620 Plecltclmi.
3325 4583 3482 4629 xxiii,
3513 4541 3788 4618 Liboriiis

530 4651 770 4707 Adonem
809 4656 980 4725 ipsum
1027 4659 1195 4716 ferme
1224 4678 1504 4731 superans.
1549 4663 1685 4730 Quid
1720 4666 1933 4718 demum
1979 4655 2109 4718 velit

532 4759 630 4812 per
656 4745 1130 4819 Hieronymiannm
1162 4752 1569 4808 Marchianense
1595 4796 1608 4817 ,
1641 4755 1796 4824 plane
1829 4771 1912 4807 nio
1945 4754 2102 4819 latet;

533 4833 601 4886 de
632 4832 948 4906 fragmentis
978 4839 1296 4897 Usuardinis
1321 4885 1335 4907 ,
1364 4860 1427 4898 ex
1465 4860 1530 4898 eo
1553 4847 1800 4899 cmnobio
1829 4847 2102 4916 acceptis,

533 4939 754 4993 agemus
799 4945 896 4985 suo
922 4932 1068 4997 loco,
1116 4936 1206 4989 ubi
1237 4937 1399 4989 etiam
1439 4937 1799 4991 Centulensem
1828 4937 2066 4994 codicem
2091 4977 2106 5005 ,

535 5014 692 5070 l’eda:
721 5022 934 5077 nomine
957 5023 1094 5080 falso
1120 5027 1528 5095 prietituiatum.
1562 5040 1616 5084 et
1641 5045 1668 5083 a
1701 5030 1954 5086 Bollando
1981 5046 2103 5102 pag.

537 5121 704 5161 xI.vIII
753 5109 895 5165 inter
922 5113 1079 5168 Beda:
1122 5115 1497 5190 Martyrol‘ogia
1528 5129 1933 5190 computatum,
1968 5136 2108 5176 verat

532 5210 645 5250 suae
671 5199 828 5254 classi
865 5205 1231 5262 restituemus.
1279 5207 1383 5263 Sei-l
1423 5211 1638 5266 codices
1669 5212 1804 5266 alios
1846 5211 2108 5283 Hierony-

533 5284 764 5354 IIIiantis,
788 5301 881 5346 aut
901 5293 978 5347 eis
1005 5295 1195 5350 saltem
1223 5297 1467 5356 alicunde
1494 5301 1680 5356 afﬁnes
1702 5317 2102 5371 percurramus.

607 5376 698 5434 39.
737 5380 1118 5463 Apographum
1145 5387 1405 5445 habemus
1433 5391 1588 5445 valde
1612 5400 1948 5446 contractum
1970 5431 1985 5455 ,
2017 5391 2103 5445 cui

536 5479 665 5556 pars
706 5469 972 5528 Breviculi
1000 5476 1376 5556 Apostolorum
1406 5481 1726 5552 prreligitur,
1751 5497 1910 5534 manu
1941 5480 2008 5534 ll.
2043 5480 2102 5535 Ρ.

534 5554 826 5618 Alexandri
848 5563 1148 5634 Wiltbeim,
1171 5554 1352 5641 operis
1367 5574 1492 5627 olim
1513 5574 1681 5628 nostri
1705 5573 2106 5640 studiosissimi,

535 5665 600 5705 ex
635 5668 736 5708 ms.
773 5656 1082 5717 Trevirensi
1124 5662 1183 5716 S.
1215 5663 1490 5719 Maximini
1525 5666 1854 5734 descriptum
1881 5705 1895 5726 ,
1944 5674 1997 5718 et
2040 5665 2108 5718 ab

537 5746 725 5800 eodem
755 5749 912 5806 Patre
959 5752 1336 5822 Luxemburgo
1374 5757 1438 5809 ad
1483 5755 1794 5810 Bollandum
1828 5755 2106 5810 transmis-

2211 4656 2535 4713 Puderborn.
2564 4675 2692 4722 xxv,
2717 4657 3200 4723 Clodesindtv,.etc.
3229 4657 3306 4711 De
3334 4669 3534 4711 cetero
3563 4657 3789 4710 brevita-

2210 4755 2242 4802 t’:
2265 4763 2316 4802 m
2350 4749 2826 4821 llieronymianam
2857 4753 3057 4818 passim
3091 4758 3350 4809 sectatur,
3380 4763 3556 4816 eoque
3577 4747 3793 4817 potissio

2210 4849 2357 4894 mam
2392 4841 2546 4894 titulo
2572 4841 2638 4893 ad
2666 4855 2853 4894 eorum
2879 4839 3108 4896 classem
3139 4840 3422 4895 reductum
3452 4847 3558 4892 est.
3590 4837 3654 4893 Si
3692 4854 3788 4908 qua

2210 4929 2383 4999 elogia
2411 4944 2476 4982 ex
2517 4928 2655 4984 Beda
2689 4939 2780 4982 aut
2815 4929 3032 4982 aliunde
3071 4929 3431 4982 intercurrunt
3454 4967 3468 4989 ,
3501 4943 3563 4980 ea
3601 4928 3791 4993 paucis

2209 5021 2614 5092 circumscripta
2663 5030 2806 5075 sunt.
2859 5019 2993 5075 Cum
3042 5018 3390 5074 Vallicellano
3437 5018 3700 5072 convenit
3744 5017 3792 5067 in

2209 5111 2510 5167 referendis
2539 5111 2818 5182 prophetis
2856 5111 3064 5165 Veteris
3089 5108 3442 5164 Testamenti.
3471 5108 3550 5160 Ex
3576 5123 3592 5160 I
3626 5105 3791 5166 Julii,

2209 5203 2414 5258 nullum
2457 5203 2588 5258 satis
2615 5211 2821 5256 certum
2853 5201 3111 5255 indicium
3148 5200 3376 5254 eruitur.
3409 5197 3500 5253 Sic
3545 5199 3791 5252 habent:

2211 5293 2337 5347 Kal.
2366 5293 2522 5348 Julii.
2554 5293 2748 5355 Roma’,
2782 5292 2904 5347 Caii
2946 5307 3096 5362 papa:
3122 5301 3172 5345 ot
3198 5291 3445 5360 martyris
3464 5329 3480 5353 ,
3508 5299 3557 5342 et
3585 5286 3793 5348 Lscitr,

2214 5384 2388 5450 Fidei,
2423 5385 2679 5440 Karitatis
2703 5385 2935 5454 uirginis,
2961 5394 3006 5438 et
3039 5381 3270 5452 Sophim,
3301 5383 3482 5436 matris
3512 5398 3723 5434 eorum.

2285 5475 2373 5530 bl.
2411 5475 2624 5529 Nullum
2653 5475 2765 5530 fere
2793 5477 2844 5528 in
2877 5483 2988 5528 tota
3021 5483 3211 5530 nostra
3245 5473 3776 5544 Hieronymianomn

2214 5569 2532 5625 collectione
2553 5569 3013 5625 characteristicis
3037 5569 3151 5624 suis
3175 5569 3352 5640 magis
3371 5569 3690 5624 distinctum
3709 5577 3794 5643 est

2215 5677 2372 5732 quam
2409 5663 2534 5717 illud
2565 5663 2706 5732 quod
2748 5677 3004 5716 vocamus
3046 5659 3359 5715 Coloniense
3397 5659 3454 5714 S.
3501 5658 3698 5714 Maria-
3725 5659 3794 5709 ad

2215 5751 2446 5817 Gradus,
2476 5771 2503 5807 ιι
2535 5753 2590 5807 Ρ.
2621 5751 2830 5807 Joanne
2850 5751 3166 5816 Gamansio’,
3190 5752 3244 5806 in
3273 5748 3424 5806 Actis
3450 5749 3650 5805 nostris
3677 5757 3797 5816 tuer-
