3936 6348
122 327 239 382 481

1499 317 1868 376 Ριιοιβϐωι
1879 319 2010 374 ENA
2022 359 2037 373 .

3286 327 3396 382 432’.

116 437 332 498 celebri
357 477 374 505 ,
405 433 473 492 ad
519 433 836 490 Bollandum
882 432 1106 490 missum
1139 445 1281 486 anno
1311 428 1446 485 Μῖὖὸ
1477 446 1541 483 ex
1585 443 1712 499 apo-
1743 434 1789 492 Α
1822 429 1843 481 l
1877 426 2022 481 Julii.
2068 428 2367 482 Rounanum
2425 445 2648 500 parvum
2695 445 2759 484 eo
2807 430 2915 496 die,
2957 432 3116 487 unico
3164 437 3393 490 articulo

119 528 339 600 grapho
364 524 424 580 P.
455 523 622 579 Marci
653 522 954 579 Cartusiani
986 520 1344 583 Coloniensis,
1375 521 1466 590 qui
1498 519 1716 589 propria

120 634 298 674 manu
343 619 484 674 hanc
530 615 865 670 notationem
913 613 1164 684 apposuit
1215 603 1242 666 ε’
1281 610 1717 684 Martyrologium

118 725 385 779 perquam
409 709 718 777 antiquum,
753 705 892 775 quod
922 705 995 772 ad,
1030 700 1238 757 Gradus
1271 701 1458 756 Maria:
1486 700 1719 756 Colonia:

119 807 448 862 reservatur,
479 798 676 852 incerto
698 806 912 850 auctore
929 833 945 861 ,
981 795 1035 846 in
1065 809 1167 863 quo
1186 793 1414 862 plurima
1441 792 1716 858 habentur,

118 905 250 959 qua:
270 890 325 943 in
350 885 592 943 Usuardo
613 885 1003 940 desiderantur.
1030 883 1196 937 Recte
1219 883 1472 938 observat
1496 881 1554 936 P.
1587 881 1723 934 Mar-

123 993 252 1044 cus,
283 976 378 1032 sed
406 977 606 1032 addere
635 975 834 1045 potuit,
863 973 1097 1044 plurima
1128 972 1179 1025 in
1206 972 1308 1026 hoc
1339 971 1720 1043 Martyrologio

123 1067 433 1124 desiderari
479 1081 600 1135 qua:
647 1064 790 1133 apud
822 1063 1124 1118 Usuardum
1170 1070 1224 1116 et
1268 1062 1403 1116 alios
1445 1062 1714 1132 leguntur.

125 1141 621 1212 Annuntiationum
642 1172 830 1210 norma
853 1158 1012 1226 plane
1031 1167 1113 1210 est
1135 1157 1572 1228 llieronymiana,
1592 1159 1719 1215 solis

127 1246 379 1302 locorum
398 1255 454 1300 et
466 1256 776 1300 sanctorum
801 1247 1110 1302 nominibus
1125 1249 1422 1317 expressis,
1447 1249 1549 1304 nisi
1575 1251 1720 1320 quod

129 1340 439 1403 rarissime,
467 1346 559 1392 aut
584 1338 648 1392 de
681 1338 966 1392 tormentis
993 1338 1262 1407 perpessis
1280 1378 1293 1401 ,
1325 1346 1420 1391 aut
1448 1339 1514 1390 de
1540 1339 1721 1408 sepul-

130 1443 261 1486 tura
289 1432 488 1487 cursim
535 1431 628 1485 ﬁat
675 1431 895 1485 mentio.
949 1429 1040 1484 Sic
1082 1430 1320 1498 loquitur
1351 1447 1364 1483 :
1392 1428 1518 1498 Kal.
1561 1429 1717 1484 Julii.

133 1522 344 1585 Roma’,
382 1531 494 1574 nat.
524 1519 584 1576 S.
619 1518 736 1574 Gaii
767 1536 946 1590 papae,
991 1529 1038 1573 et
1069 1519 1131 1575 S.
1162 1518 1378 1590 Carileﬁ
1411 1521 1719 1590 presbyteri,

129 1629 180 1672 et
225 1615 286 1672 S.
338 1614 684 1684 Monegundis
722 1615 955 1684 virginis.
1008 1611 1244 1678 Viennte,
1283 1615 1451 1670 sancti
1499 1613 1719 1669 Martini

131 1708 387 1778 episcopi.
423 1705 713 1759 Domitiani
747 1705 866 1758 abb.
897 1703 1092 1772 Liquet
1117 1713 1335 1758 sanctos
1363 1703 1572 1773 aliquos
1596 1703 1721 1758 llie~

1821 528 2026 574 textum
2064 505 2374 575 concludit:
2403 520 2468 575 In
2512 531 2684 576 monte
2717 521 2852 586 Hor,
2901 525 3078 577 Aaron
3106 526 3392 580 sacerdotis

1817 611 1972 681 primi
2000 612 2054 665 in
2085 610 2235 682 Lege.
2264 611 2460 668 Confer
2483 613 2640 668 modo
2668 613 3200 672 Romano-Gallicum
3227 635 3240 671 :
3265 617 3398 676 Kal.

1817 702 1972 756 Julii.
2007 701 2208 764 Romae,
2232 705 2286 756 in
2317 714 2489 757 monte
2513 702 2646 770 "or,
2677 705 2929 773 depositio
2951 707 3130 760 Aaron
3155 709 3390 762 sacerdoo

1820 793 1886 848 tis
1906 794 2084 863 primi.
2122 793 2254 847 Item
2279 803 2474 848 sanctte
2498 793 2843 864 Monegundis
2866 795 3098 863 virginis.
3127 795 3397 867 Lugduni,

1820 884 2110 937 Domitiani
2133 885 2356 938 abbatis.
2390 883 2754 954 Supplcndum
2789 886 3000 940 videtur
3023 895 3143 955 post
3189 886 3396 954 Romae,

1822 970 1944 1026 Gaii
1961 988 2130 1042 papae.
2163 972 2292 1039 Quae
2321 973 2430 1037 hic,
2458 975 2702 1036 obsecro,
2733 971 2872 1028 inter
2901 983 3188 1042 utrumque
3216 973 3394 1030 amni-

1825 1065 1950 1119 tas?
1984 1063 2041 1118 lu
2090 1065 2194 1118 boc
2245 1064 2546 1133 multiplex,
2602 1065 2654 1118 in
2704 1064 2872 1120 altero
2921 1075 3008 1120 est
3057 1067 3397 1122 annuntiatio

1823 1153 2002 1206 unica.
2039 1151 2120 1217 Si,
2157 1153 2284 1222 quid
2313 1154 2566 1216 sentiam,
2604 1154 2818 1222 aperire
2843 1153 3002 1209 liceat
3029 1170 3137 1210 non
3168 1155 3399 1212 multum

1821 1245 2050 1299 verebor
2089 1259 2352 1308 asserere,
2387 1253 2498 1298 tum
2544 1245 2646 1302 hoc
2677 1245 3237 1311 Romano-Gallicum,
3290 1258 3402 1304 tum

1823 1334 2070 1404 superius
2100 1333 2155 1389 S.
2191 1335 2373 1390 Maria:
2398 1335 2467 1390 ad
2509 1334 2745 1401 Gradus,
2791 1335 2994 1391 Adonis
3038 1337 3122 1392 vel
3171 1337 3403 1394 Usuardi

1822 1441 1888 1482 ex
1921 1441 2114 1498 magna
2143 1437 2296 1498 parte
2320 1427 2636 1498 compendia
2666 1442 2807 1492 esse,
2840 1442 2938 1497 pro
2965 1430 3114 1484 vario
3142 1411 3403 1502 compila-

1824 1528 1999 1574 torum
2042 1519 2292 1574 brevitati
2343 1519 2675 1574 studentiqu
2701 1529 2860 1590 gustu
2889 1521 3232 1576 concinnata.
3274 1521 3403 1577 Pro-

1824 1607 1947 1662 inde
1972 1617 2188 1680 rogatos
2211 1608 2300 1663 hic
2341 1608 2498 1663 velim
2527 1607 2754 1664 Romani
2793 1610 2943 1678 parvi
2976 1610 3400 1682 impugnatorcs,

1824 1717 1960 1772 quos
1985 1702 2235 1772 sequenti
2281 1703 2458 1771 capite
2488 1702 2828 1766 conveniam,
2859 1712 2918 1756 ut
2961 1703 3052 1772 qui
3085 1714 3193 1758 tam
3225 1705 3401 1759 conli-

136 1777 475 1870 roIiymianis
504 1795 897 1864 superadditos.
934 1793 1230 1848 Nonnullos
1265 1809 1392 1848 vero
1432 1794 1721 1866 populares
1753 1777 1797 1836 Β
1823 1794 2014 1848 denter
2041 1809 2104 1848 ex
2150 1793 2344 1864 insigni
2380 1794 2471 1849 illo
2504 1803 2559 1848 et
2609 1793 2978 1850 vetustissimo
3025 1795 3407 1867 Martyrologio

135 1902 236 1947 aut
270 1892 482 1946 vicinos
520 1888 780 1958 adjectos,
815 1887 1005 1957 collige
1034 1902 1100 1941 ex
1132 1902 1184 1940 Iv
1210 1885 1368 1947 Julii.
1406 1887 1494 1941 ubi
1531 1887 1718 1956 ponit:

137 1983 452 2039 Woltltarici
475 1982 724 2052 episcopi,
745 1996 774 2034 a
799 1979 954 2034 titulo
967 1980 1134 2034 sancti
1154 1987 1246 2032 aut
1267 1978 1402 2032 beati
1421 1979 1718 2033 abstinens.

138 2093 214 2132 vn
241 2076 365 2132 Julii
396 2076 627 2130 habetur
669 2092 682 2126 :
731 2073 795 2126 In
829 2072 1030 2143 Bongia
1055 2111 1070 2134 ,
1113 2070 1288 2124 natale
1323 2071 1490 2124 sancti
1533 2067 1721 2123 Goaris

139 2166 470 2234 confessoris.
496 2179 614 2226 vm,
648 2160 694 2215 Κ
700 2162 870 2226 iliani,
901 2170 1007 2216 etc.
1033 2176 1185 2219 xvnl.
1226 2159 1524 2212 Translatio
1549 2158 1721 2212 sancti

142 2254 349 2322 Arnul/i
375 2253 641 2307 Metensis.
661 2268 818 2317 XXIII,
850 2251 1044 2305 Liborii
1068 2251 1312 2320 episcopi.
1341 2249 1722 2320 Apographum

147 2345 522 2415 imperfectum
550 2354 656 2406 est,
686 2344 946 2397 deﬁciens
973 2358 1026 2396 Ix
1059 2341 1330 2405 Octobris,
1355 2357 1463 2410 quo
1486 2340 1571 2393 die
1600 2341 1723 2394 Dio-

148 2437 361 2505 niysum
385 2449 503 2488 cum
532 2435 696 2489 sociis
719 2435 858 2504 apud
879 2432 1115 2486 Parisios
1137 2432 1437 2500 consignat.
1462 2430 1722 2500 Martyro-

164 2527 290 2596 logii
319 2525 477 2596 hujus
500 2525 816 2596 compilator
834 2525 1136 2580 Romanum
1162 2537 1386 2592 parvum
1411 2538 1509 2576 nec
1530 2538 1723 2577 constt-

148 2617 334 2682 luisse,
369 2633 468 2672 nec
496 2618 841 2686 descripsisse
866 2617 973 2671 ullo
997 2625 1154 2684 pacto
1186 2615 1416 2668 videtur.

212 2709 305 2762 42.
349 2708 601 2764 Ultimum
633 2710 809 2762 locum
839 2709 891 2761 in
920 2717 1108 2761 nostro
1138 2705 1324 2760 codice
1342 2713 1570 2775 occupat
1595 2719 1723 2774 apo-

144 2800 442 2871 graphum,
476 2815 636 2853 manu
669 2799 876 2867 Belgica
906 2799 1167 2868 scriptum
1187 2837 1200 2861 ,
1235 2796 1584 2866 antiquissimi
1621 2795 1725 2848 Ec-

144 2890 313 2943 clesia:
362 2885 850 2942 Romano-Gallica:
901 2885 1310 2956 Martyrologii,
1367 2884 1511 2954 quod
1561 2899 1722 2954 supra

143 2980 394 3034 laudatus
432 2979 695 3035 Acherius
722 2994 845 3033 cum
874 2975 1169 3046 majoribus
1201 2975 1401 3030 nostris
1424 2974 1726 3029 communi-

143 3071 287 3124 cavit
317 3087 407 3124 an.
436 3070 594 3124 l663.
628 3069 704 3124 De
738 3070 840 3124 hoc
866 3079 921 3123 et
949 3067 1196 3136 proxime
1229 3066 1492 3136 superiori
1529 3065 1723 3136 Marty-

145 3161 352 3231 rologio
379 3161 458 3214 sic
489 3160 541 3214 in
573 3159 792 3230 prologo
827 3157 896 3212 ad
926 3157 1148 3219 Bedam,
1183 3172 1334 3209 num.
1365 3156 1420 3218 ὅ,
1455 3153 1724 3224 Papebro-
1751 3127 1796 3188 (ἶ

143 3252 300 3305 chius
342 3251 600 3320 scriptum
641 3250 857 3318 reliquit
897 3262 912 3301 :
966 3266 984 3298 ι
1017 3245 1170 3314 Quod
1197 3245 1338 3300 idem
1366 3244 1634 3315 (loquitur
1659 3244 1725 3297 de

142 3341 393 3398 Romano
413 3357 579 3411 parvo
597 3340 914 3412 Rosweydi)
938 3338 1146 3393 modice
1161 3347 1398 3401 auctum,
1425 3351 1545 3390 cum
1570 3335 1726 3388 nobis

142 3449 210 3488 es
243 3433 635 3504 antiquissimis
665 3430 995 3485 membranis
1019 3428 1402 3497 transcriptum
1425 3423 1728 3480 communi-

142 3533 300 3579 caret
325 3523 501 3578 Lucas
545 3522 865 3585 Dacbcrius,
915 3521 1160 3576 Romano
1185 3519 1450 3576 Gallicum
1495 3515 1728 3572 intitula—

144 3627 302 3674 verat
332 3635 345 3672 :
378 3617 504 3672 olim
528 3626 707 3672 autem
733 3616 897 3670 etiam
922 3613 1160 3669 Coloniae
1189 3613 1242 3666 in
1272 3609 1501 3667 ecclesia
1528 3621 1730 3664 sanctae

144 3710 334 3764 Mariae
367 3710 434 3765 ad
469 3709 680 3764 Gradus
715 3710 815 3778 legi
851 3708 1067 3763 solitum
1088 3748 1104 3772 ,
1144 3705 1359 3776 probari
1391 3711 1602 3774 potest,
1633 3717 1730 3772 per

144 3804 294 3857 illius
330 3803 690 3872 ecgrapbum,
729 3802 852 3855 inde
893 3799 1267 3854 transmissum
1313 3813 1343 3851 a
1392 3794 1600 3850 Joanne
1627 3793 1730 3849 Ga-

143 3895 362 3949 nransio
390 3904 598 3954 nostro.
629 3909 696 3947 ex
723 3892 950 3962 alicujus
973 3889 1320 3946 Cartbusiani
1345 3888 1560 3943 schedis
1586 3905 1598 3940 :
1627 3885 1730 3940 nisi

143 3990 330 4057 potius
355 4002 492 4041 nova
515 3987 630 4041 haec
651 3986 755 4039 dici
779 3984 1088 4054 compilatio
1110 3985 1336 4048 debeat,
1360 3997 1426 4036 ex
1451 3981 1618 4051 priori
1642 3981 1733 4035 illo

141 4087 198 4130 et
242 4076 352 4130 alio
393 4076 731 4144 posteriori.»
768 4075 846 4129 Ita
887 4073 1289 4144 Papebrochius
1333 4071 1570 4126 nondum
1601 4071 1734 4124 satis

141 4171 456 4222 examinata
487 4165 990 4237 Martyrologiorum
1013 4165 1202 4234 stirpe,
1232 4163 1509 4234 progenie,
1540 4170 1732 4215 natura

143 4271 202 4316 et
253 4260 588 4329 singulorum
638 4257 1078 4330 proprietatibus.
1111 4255 1355 4310 Admitto
1403 4269 1528 4308 cum
1573 4267 1735 4308 vene-

144 4349 323 4404 rando
351 4349 612 4416 magistro
637 4363 778 4411 meo,
812 4356 1102 4416 utrumque
1130 4343 1259 4398 illud
1288 4339 1732 4412 Martyrologium

1821 1887 2024 1942 Adonis
2052 1886 2434 1942 Kalendarium
2462 1885 2689 1950 faciunt,
2717 1887 2866 1942 bisee
2897 1895 2991 1941 aut
3015 1888 3285 1942 similibus
3311 1903 3404 1957 ῃυο

1824 1978 1929 2032 tius
1977 1986 2330 2048 occupentur,
2377 1976 2444 2031 ad
2469 1992 2588 2046 qua:
2617 1978 3057 2047 compendiorum
3086 1988 3178 2034 aut
3219 1989 3404 2034 extra-

1822 2076 2031 2121 ctorum
2056 2067 2460 2121 Adonianorum
2499 2067 2972 2123 characteristicas
2990 2060 3405 2124 'convenientius

1824 2157 2106 2214 transferri
2139 2174 2298 2228 posse
2319 2159 2716 2214 existimamus.

1890 2251 1980 2305 44.
2024 2250 2119 2306 His
2143 2251 2420 2314 omnibus,
2457 2251 2648 2305 saltem
2681 2266 2776 2320 pro
2813 2251 2992 2320 aliqua
3019 2258 3194 2320 parte,
3235 2266 3406 2306 annu-

1823 2341 2024 2397 merari
2049 2341 2213 2395 etiam
2245 2351 2466 2410 possent
2489 2341 2706 2396 codices
2736 2341 2843 2399 alii,
2884 2342 3080 2410 quibus
3111 2344 3163 2394 in
3195 2342 3406 2396 edendo

1823 2431 1965 2488 Beda
1986 2432 2068 2486 usi
2099 2441 2227 2485 sunt
2257 2431 2630 2486 llenscbenius
2652 2442 2708 2486 et
2734 2431 3242 2500 Papebrocbius:ex
3270 2447 3408 2500 quo-

1826 2539 1945 2578 rum
1971 2524 2284 2578 recensione
2307 2522 2556 2587 observo,
2599 2523 2668 2576 ad
2716 2522 3256 2594 llierouymianorum
3296 2534 3406 2595 sty-

1825 2615 1934 2670 lutu
1975 2615 2108 2668 satis
2145 2614 2404 2668 accedere
2454 2613 2894 2684 Martyrologiqu
2943 2615 3401 2684 Aquisgranense,

1825 2707 1891 2761 ad
1917 2721 2073 2762 usum
2112 2705 2256 2759 illius
2304 2703 2559 2760 Ecclesia:
2605 2704 2910 2769 collectum,
2954 2707 3406 2774 quemadmodum

1823 2812 1981 2867 supra
2011 2797 2079 2850 de
2109 2795 2415 2852 Trevirensi
2445 2797 2617 2851 sancti
2657 2795 2872 2850 Martini
2899 2797 3152 2850 diximus.
3184 2795 3408 2851 Profero

1825 2902 2015 2942 rursus
2058 2887 2201 2942 diem
2243 2888 2475 2957 primum
2539 2885 2706 2942 Julii:
2744 2886 2956 2950 Itomw,
3001 2889 3256 2955 depositio
3307 2886 3408 2943 Gai

1826 2976 2069 3046 episcopi,
2097 2987 2144 3031 et
2173 2988 2472 3031 sanctarum
2503 2979 2760 3048 virginum
2790 2975 2967 3042 Fidei,
3001 2976 3125 3046 Spti
3151 2987 3196 3031 et
3225 2976 3408 3032 Chari-

1827 3071 1972 3122 tatis.
2009 3068 2153 3122 Nova
2182 3067 2308 3124 hinc
2338 3068 2461 3124 inde
2505 3069 2834 3133 inseruntur,
2861 3078 2920 3122 ut
2947 3084 3000 3123 tv
3041 3067 3165 3122 Julii
3195 3085 3210 3123 :
3251 3068 3413 3122 Nati-

1829 3163 1958 3216 vitas
1988 3161 2161 3216 sancti
2207 3161 2480 3217 Hodelrici
2525 3163 2751 3232 episcopi
2790 3171 2839 3216 et
2880 3163 3214 3231 confessoris.
3264 3161 3409 3218 Idem

1827 3254 1967 3308 forte
1995 3263 2077 3308 est
2102 3269 2262 3324 quem
2292 3253 2612 3309 Coloniense
2645 3268 2804 3323 supra
2832 3255 3044 3308 vocavit
3069 3253 3410 3310 Woltltarici.

1829 3358 1900 3398 vn
1940 3343 2066 3398 Julii
2105 3355 2190 3398 est
2237 3344 2560 3399 Willebaldi.
2606 3360 2724 3410 vnI,
2776 3343 2978 3399 Kiliani
3029 3355 3076 3398 et
3123 3347 3407 3401 sociorum.

1829 3447 1949 3494 xm,
1995 3431 2214 3486 Henrici
2255 3433 2606 3503 imperatoris.
2649 3449 2740 3496 xv,
2774 3431 3022 3501 Gondnl/i
3060 3445 3108 3487 et
3159 3434 3407 3504 Monulﬁ.

1828 3539 1941 3585 va,
1973 3521 2244 3576 Dedicatio
2276 3521 2338 3577 S.
2372 3522 2562 3576 Maria:
2588 3523 2927 3592 Aquisgrani.
2959 3539 3128 3588 xxvu,
3161 3523 3203 3576 Τ
3208 3525 3410 3578 ransla-

1831 3619 1901 3671 tio
1936 3617 2105 3670 sancti
2136 3614 2336 3669 Caroli.
2370 3615 2436 3670 Et
2471 3613 2776 3682 bujusmodi
2822 3615 2946 3676 alia,
2978 3631 3097 3684 qua:
3125 3625 3407 3686 praetereo.

1832 3710 2056 3764 Demum
2096 3705 2438 3760 annumerari
2463 3706 2628 3760 etiam
2657 3707 2857 3775 poterit
2882 3705 3019 3759 alter
3053 3706 3219 3759 codex
3263 3705 3410 3760 basi-

1831 3802 1948 3857 licae
1971 3800 2142 3855 sancti
2171 3798 2314 3852 Petri
2345 3797 2552 3864 Romae,
2585 3799 2728 3852 inter
2765 3797 2922 3852 Beda-
2965 3798 3272 3868 apographa
3325 3797 3415 3852 iti—

1833 3893 1953 3948 dem
1986 3889 2274 3959 repositus,
2297 3888 2543 3958 quamvis
2571 3887 2816 3942 videatur
2846 3887 3132 3942 arbitrario
3155 3887 3415 3942 collectus

1831 3990 1887 4037 et
1919 3989 2248 4041 contractus,
2283 3988 2340 4033 ut
2386 3979 2586 4048 patebit
2612 3995 2678 4034 ex
2709 3995 2724 4033 ι
2767 3979 2855 4033 die
2881 3977 3026 4041 Julii,
3063 3993 3170 4047 quo
3206 3971 3413 4032 textum

1833 4075 1912 4130 sic
1937 4073 2136 4128 format
2163 4087 2176 4125 :
2209 4071 2274 4124 In
2304 4081 2473 4124 monte
2503 4070 2642 4136 Hor,
2675 4071 2930 4139 depositio
2961 4070 3140 4123 Aaron
3173 4069 3418 4124 sacerdo-

1835 4169 1901 4222 tis
1939 4167 2114 4236 primi.
2145 4165 2213 4220 Iu
2247 4163 2507 4218 territorio
2547 4162 2904 4234 Lugdunensi,
2934 4161 3188 4230 depositio
3233 4159 3419 4213 Domi-

1837 4259 1981 4313 ciuni
2008 4257 2230 4310 abbatis.
2291 4255 2358 4308 Et
2405 4254 2575 4308 sancti
2628 4252 2912 4318 Quinciani
2957 4251 3226 4319 martyris.
3273 4249 3418 4315 Idem

1837 4348 1980 4404 forte
2011 4347 2116 4404 dici
2165 4345 2366 4416 poterit
2411 4345 2478 4399 de
2508 4343 2732 4412 reliquis
2776 4340 3050 4408 codicibus
3095 4340 3236 4394 inter
3265 4338 3422 4393 Beda:

143 4452 201 4497 et
231 4439 293 4496 S.
332 4439 512 4530 Maria!
552 4439 620 4493 ad
647 4438 898 4530 GradllS._
917 4447 972 4530 gl
997 4433 1528 4530 Βοωθηφξίὲδηίευ-ιη
1557 4445 1735 4530 mng
1766 4471 1812 4530 ι)
1839 4441 2095 4498 Auctaria
2125 4439 2328 4494 citatis.
2378 4437 2485 4492 Sed
2521 4438 2587 4491 de
2613 4435 2868 4492 omnibus
2914 4433 3001 4488 his
3035 4432 3422 4502 manuscriptis

143 4529 563 4599 compilationes
605 4544 758 4594 esse;
788 4536 846 4581 at
873 4526 982 4581 falli
1011 4526 1143 4580 mihi
1174 4525 1419 4586 videtur,
1451 4523 1577 4575 dum
1618 4521 1732 4590 ipsa

144 4636 278 4676 cum
304 4618 553 4676 Romano
577 4635 744 4690 parvo
769 4618 1084 4687 componit,
1113 4622 1206 4669 aut
1248 4615 1365 4669 hinc
1392 4628 1459 4667 ex
1497 4611 1588 4666 illo
1613 4626 1736 4666 cou-

143 4713 278 4766 ﬂata
319 4713 614 4767 existimat.
649 4711 820 4766 Habet
869 4709 1112 4778 profecto
1159 4707 1465 4763 Romanum
1511 4720 1736 4775 parvum

144 4806 500 4861 characteres
519 4819 646 4857 suos
664 4802 932 4871 proprios,
954 4801 1152 4871 quibus
1171 4809 1223 4854 et
1251 4815 1280 4852 a
1303 4797 1548 4867 proxime
1571 4795 1737 4851 citato

143 4904 204 4950 et
231 4894 301 4948 ab
330 4894 436 4948 hoc
458 4893 765 4948 Acberiano
793 4893 1106 4963 planissime
1133 4892 1495 4947 discernatur.

221 4985 315 5040 ιδ.
358 4983 535 5040 Unum
577 4994 662 5039 est
692 4985 744 5038 in
771 4999 879 5053 quo
909 4992 1124 5038 tenuem
1151 4981 1390 5052 aliquam
1427 4977 1734 5036 similitudi-

145 5091 276 5132 nem
324 5077 467 5130 inter
501 5074 1040 5130 Romano-Gallicum
1069 5080 1124 5128 et
1160 5071 1462 5127 Romanum
1510 5084 1734 5140 parvum

142 5169 422 5232 advertas
435 5167 578 5238 quod
592 5167 646 5221 in
671 5165 760 5220 illo
779 5166 942 5221 etiam
972 5165 1316 5221 inveniantur
1331 5163 1608 5232 propheta:
1625 5159 1736 5214 Ve-

146 5259 288 5314 teris
319 5256 672 5321 Testamenti,
699 5269 890 5324 nempe
915 5269 978 5308 ex
1008 5255 1193 5309 Adone
1210 5252 1293 5308 vel
1326 5251 1594 5316 Usuardo,
1613 5266 1736 5305 cum

148 5349 384 5421 reliquis
399 5349 716 5420 plerumque
733 5347 960 5416 accepti.
977 5347 1049 5402 At
1072 5362 1234 5417 quam
1255 5343 1442 5416 procul
1461 5346 1513 5398 in
1528 5345 1740 5399 caeteris

149 5442 344 5506 distet,
384 5442 508 5497 inde
538 5442 748 5513 collige,
777 5439 920 5511 quod
959 5438 1322 5494 Acberianum
1355 5436 1542 5491 diebus
1570 5434 1740 5513 ferme

148 5533 386 5602 singulis
415 5534 624 5589 auctius
655 5534 743 5587 sit.
795 5533 1022 5595 Rursus,
1056 5529 1285 5585 Romani
1322 5526 1474 5598 parvi
1507 5525 1739 5596 phrasis,

1839 4533 2044 4590 nostris
2072 4531 2141 4586 ad
2168 4529 2610 4599 Hieronymiana,
2639 4541 2732 4582 seu
2761 4527 2989 4593 integre,
3031 4538 3127 4579 seu
3165 4539 3232 4579 ex
3265 4531 3421 4593 parte

1841 4624 2211 4697 spectantibus
2236 4621 2370 4683 satis
2394 4621 2595 4676 dictum
2623 4619 2716 4681 sit.
2739 4635 2804 4672 eo
2831 4617 2947 4673 solo
2976 4617 3201 4680 intuitu,
3225 4626 3284 4672 ut
3327 4616 3419 4686 qui

1842 4725 2150 4770 sanctorum
2187 4713 2338 4768 Actis
2381 4721 2437 4766 et
2480 4711 2888 4770 commentariis
2941 4709 3146 4769 nostris
3175 4709 3420 4779 legendis

1843 4804 2198 4866 delectantur,
2228 4800 2440 4856 facilius
2486 4799 2814 4869 perspiciant
2854 4813 2974 4869 qua:
3003 4807 3057 4852 et
3085 4797 3422 4868 qualiafsint

1845 4891 2226 4963 Martyrologia
2250 4907 2318 4946 ex
2353 4891 2550 4960 quibus
2575 4899 2886 4945 sanctorqu
2921 4889 3162 4959 ipsorum
3201 4886 3420 4942 nomina

1840 4992 2084 5040 extracta
2112 4983 2334 5038 fuerint.

2388 5109 2779 5168 ARTICULUS
2829 5111 2892 5166 ll.

1846 5227 1923 5282 De
1954 5225 2112 5280 Beda:
2149 5235 2197 5279 et
2244 5223 2398 5278 Flori
2456 5223 2848 5296 Martyrologiis
2895 5243 3038 5279 nova:
3083 5225 3420 5295 conjectum.

1911 5341 2004 5396 45.
2022 5340 2096 5394 De
2117 5338 2200 5393 his
2221 5335 2618 5407 Martyrologis,
2649 5351 2741 5391 seu
2759 5352 2944 5392 eorum
2966 5336 3193 5400 duobus,
3209 5351 3304 5390 seu
3328 5349 3425 5406 po-

1847 5435 1958 5510 tius
1987 5448 2094 5486 uno
2131 5431 2413 5499 utriusque
2448 5427 2852 5498 Martyrologio,
2883 5435 3110 5481 eatenus
3143 5426 3233 5480 hic
3262 5439 3424 5496 agen-

1850 5528 1977 5581 dum
2008 5535 2091 5580 est
2117 5532 2381 5593 quatenus
2409 5521 2548 5576 Beda
2583 5536 2706 5576 cum
2737 5520 2924 5574 Adone
2950 5527 3110 5588 atque
3136 5519 3270 5571 adeo
3299 5531 3425 5571 cum

149 5625 483 5697 quandoque
509 5625 756 5687 uberior;
791 5621 1258 5678 Romano-Gallici
1287 5633 1497 5686 semper
1527 5619 1596 5676 ad
1627 5617 1748 5674 Hie-
1853 5617 2124 5678 Usuardo,
2176 5630 2280 5668 nou
2333 5613 2554 5667 minima
2608 5613 2822 5684 generis
2871 5607 3248 5678 conjunctione
3293 5623 3427 5662 con-

152 5721 603 5792 ronymianorum
633 5738 876 5797 normam
908 5727 1204 5776 contracta.
1251 5715 1328 5771 Eu
1359 5715 1664 5786 exemplum
1693 5713 1744 5767 in

1855 5710 2124 5770 nectitur;
2154 5714 2206 5758 ut
2239 5712 2418 5775 pateat
2441 5703 2596 5767 ordo,
2629 5703 2796 5758 series
2823 5710 2874 5756 et
2901 5699 3298 5771 quodammodo
3340 5713 3406 5769 ge
