3936 6348
527 338 635 396 485

1416 333 1786 390 USUARDUS
1828 326 2205 390 MONACIIUS
2244 314 2899 381 SANGEBMANENSIS.

3696 321 3808 377 ιιι

530 454 798 526 nealogia,
822 466 983 525 quam
1012 468 1173 525 supra
1198 452 1509 508 dicebamus
1544 467 1611 504 ex
1645 423 2110 521 llicrouymianis,
2131 450 2178 510 Α
2209 442 2349 498 titt‘m‘
2383 442 2436 495 in
2473 426 2714 495 tenebris
2748 439 2880 494 mihi
2928 429 3145 509 semper
3188 430 3365 496 visum
3399 434 3508 504 est,
3541 436 3809 510 etqua-

530 546 672 605 Beda
698 556 754 603 et
795 545 1040 602 Romano
1084 558 1270 614 parvo,
1302 544 1369 598 ad
1416 542 1552 598 alios
1595 541 1766 610 magis
1799 539 1884 595 vel
1930 539 2107 594 minus

531 640 830 711 propinque
849 635 1192 693 descendere.
1208 633 1585 690 Prmmitteuda
1609 639 1735 687 sunt
1755 628 1915 686 Beda:
1941 628 2107 699 ipsius

532 730 699 789 verba
727 730 780 785 in
807 729 912 784 line
941 727 1234 798 Epitumes,
1257 724 1452 793 quibus
1479 731 1710 778 testatur
1740 736 1802 776 se
1824 719 2107 789 scripsisse

536 818 970 891 Martyrologium
990 818 1055 871 de
1077 816 1338 887 nataliciis
1365 823 1667 869 sanctorum
1697 813 1899 875 diebus,
1924 811 1977 865 in
2004 827 2107 881 quo

532 912 871 977 omnesque:
886 904 1111 959 invenire
1131 903 1321 975 potuit,
1359 920 1461 958 non
1481 903 1652 957 solum
1687 918 1791 955 uua
1810 899 1913 960 die.
1929 915 2107 955 verum

530 998 690 1055 etiam
725 1010 827 1067 quo
848 1007 1034 1065 genere
1059 984 1378 1058 Certaminis,
1405 993 1481 1048 vel
1516 1002 1613 1047 suo
1632 1007 1734 1063 quo
1749 990 1931 1061 judice
1956 1006 2110 1043 mrtuo

529 1086 656 1141 dum
690 1078 924 1149 uicerim,
956 1082 1233 1152 diligenter
1269 1082 1523 1137 adnotare
1551 1068 1770 1136 studuit.
1804 1078 1917 1134 Hoc
1942 1080 2107 1135 Bedze

529 1172 965 1249 Martyrologium
983 1175 1224 1247 praefatio
1238 1174 1478 1229 Bollantli
1495 1185 1548 1229 et
1564 1171 2111 1245 prolegusl’apebro-

527 1266 641 1321 cbii
667 1267 739 1320 ita
762 1265 1071 1335 depinxerc,
1102 1266 1177 1319 ita
1209 1265 1275 1321 de
1309 1262 1469 1320 Floro
1508 1266 1578 1320 ab
1613 1273 1844 1334 iitroque
1872 1256 2111 1332 disputa-

528 1352 754 1419 tum,ita
770 1357 892 1425 pust
914 1356 1058 1425 ipsos
1077 1353 1165 1409 alii
1189 1356 1337 1409 varia
1360 1354 1427 1409 atl
1456 1355 1599 1424 ipsos
1629 1354 1926 1424 spectantia
1948 1355 2111 1420 expei

528 1443 734 1509 (livere,
771 1452 830 1498 ut
854 1444 906 1498 in
931 1441 1121 1499 eadem
1154 1442 1256 1499 hac
1290 1443 1399 1498 vela
1425 1444 1717 1498 retexenda
1738 1456 1958 1513 operam
1987 1455 2109 1511 per-

526 1534 659 1589 dere
681 1533 850 1589 videri
875 1532 1225 1604 possem,nisi
1246 1534 1460 1590 assidua
1487 1544 1543 1588 et
1576 1534 1767 1589 horum
1797 1542 1854 1588 et
1879 1533 2109 1587 aliorum

529 1624 1028 1697 Martyrologiorum
1064 1623 1385 1691 collatione,
1419 1624 1675 1679 nonnulla
1718 1623 2105 1688 occurrissent,

527 1715 778 1787 quaeipso
800 1718 1128 1772 assentiente
1152 1727 1208 1772 et
1231 1714 1497 1787 probante
1510 1718 1634 1772 vivo
1654 1713 1830 1770 adhuc
1848 1714 2109 1785 magistro

2207 549 2369 605 quam
2395 546 2661 603 majorum
2689 530 2926 603 placitis,
2955 534 3281 590 auctoritate
3320 532 3525 589 ductus
3552 537 3806 604 acquiesp

2205 626 2386 681 cerem
2412 664 2429 688 ,
2480 639 2547 680 ex
2606 637 2719 694 quo
2768 619 3208 679 illustrandomm
3268 623 3531 679 Actorum
3586 629 3803 695 suscepi

2206 715 2564 786 provinciam,
2631 718 2910 784 nunquam
2939 713 3115 769 induci
3141 715 3291 785 potui
3317 723 3377 770 ut
3404 722 3602 770 verum
3628 716 3805 784 ipsum

2207 804 2263 862 et
2288 806 2581 877 genuinum
2619 803 2763 859 Flori
2789 818 2927 874 opus
2954 805 3027 859 ah
3052 804 3395 861 lienseheuio
3436 806 3751 877 meum,
3774 820 3803 861 ι

2207 899 2573 970 Papebrochio
2604 897 2878 969 vulgatum
2914 900 3067 954 certo
3103 897 3407 955 crederem.

2279 989 2531 1046 48.8mm
2557 998 2684 1045 sunt
2717 991 2863 1046 circa
2890 988 3037 1045 Flot‘i
3063 988 3507 1063 Martyrologium
3538 990 3802 1061 capitales

2209 1080 2571 1148 diﬂ‘tcultates,
2602 1094 2738 1152 quas
2782 1096 2886 1138 nec
2909 1080 3338 1154 Papebrochius,
3370 1096 3473 1138 nec
3506 1084 3799 1153 quisquam

2209 1174 2370 1239 alius,
2400 1182 2496 1229 aut
2519 1176 2655 1229 satis
2682 1172 2948 1229 hactenus
2976 1172 3132 1241 vidit,
3164 1182 3280 1239 aut,
3313 1170 3454 1228 slent
3484 1174 3797 1242 oportebat,

2209 1267 2470 1329 dissolvit,
2501 1278 2746 1337 quasque
2790 1281 2890 1322 nos
2939 1266 3034 1322 hic
3069 1265 3139 1322 ad
3168 1262 3304 1322 duas
3353 1264 3798 1336 quaestionum-

2209 1358 2476 1413 ducimus.
2513 1356 2695 1412 Prima
2725 1373 2741 1410 :
2771 1356 3032 1424 Quaenam
3059 1370 3125 1412 ea
3153 1354 3370 1411 demum
3411 1364 3510 1412 aut
3543 1356 3661 1412 sint
3712 1364 3797 1411 aut

2209 1462 2336 1502 vere
2383 1446 2770 1516 dici‘possint,
2800 1445 2995 1517 quibus
3037 1446 3480 1517 Martyrologium
3524 1449 3585 1500 in
3626 1447 3795 1502 tam

2208 1540 2430 1595 Domini
2461 1539 2619 1594 Beda!
2639 1541 3022 1612 Composittmr,
3049 1538 3433 1606 Flori'stcdio,
3465 1550 3532 1596 ut
3560 1542 3794 1613 loquitur

2206 1628 2323 1687 Ado
2346 1672 2362 1697 ,
2411 1632 2727 1697 decreverit,
2779 1647 3011 1702 quicque
3055 1643 3279 1688 sanctus
3327 1632 3422 1689 ille
3474 1632 3794 1690 “conﬁsi:

2207 1724 2510 1793 episcopus,
2544 1723 2597 1776 in
2629 1717 3010 1794 Martyrologio
3054 1724 3371 1779 adornanda
3392 1763 3409 1787 ,
3451 1738 3517 1778 se
3545 1724 3793 1780 hab-issi

529 1816 652 1860 meo
679 1804 1423 1876 Papebrocltio,eruillt0rum
1443 1805 1645 1875 judicia
1671 1822 1781 1861 non
1803 1804 2101 1873 defugiant.
2138 1799 2181 1860 Β
2208 1815 2513 1887 proﬁtetur.
2547 1806 2700 1881 Quod
2728 1823 2814 1870 est
2843 1829 3108 1885 quaerere,
3140 1814 3271 1885 quid
3318 1815 3431 1869 Sint
3462 1814 3669 1869 latiora
3712 1815 3787 1871 illa

527 1893 684 1949 Beda:
714 1908 846 1949 aetas
877 1897 1037 1951 hodie
1078 1896 1447 1966 receptissima
1496 1900 1610 1963 cst;
1660 1895 1836 1952 lucem
1878 1897 2107 1951 sortitus

528 1998 672 2039 anno
708 1984 815 2039 67%
852 1986 919 2039 all
972 1990 1144 2055 usque
1193 1992 1396 2041 annum
1444 1978 1550 2042 135
1598 1986 1763 2040 vitam
1815 1987 2103 2057 protraxit;

528 2076 673 2131 Flori
702 2078 830 2132 item
871 2078 1216 2132 characteres
1252 2077 1390 2133 adeo
1428 2077 1811 2133 veroSimiliter
1836 2076 2106 2132 stabilitos

526 2166 799 2231 existimo,
829 2178 891 2220 ut
916 2167 1047 2221 nihil
1077 2175 1402 2238 magnopere
1428 2166 1576 2221 dubii
1601 2167 1817 2221 videam
1846 2166 1976 2237 (lein
2004 2165 2106 2220 tto-

530 2256 704 2328 ruerit
751 2256 1140 2326 Lugduni,«et
1182 2256 1622 2328 Martyrologium
1678 2268 1873 2319 suum,
1935 2255 2107 2325 magis

530 2326 864 2400 nominatum
904 2360 1065 2415 quam
1111 2326 1334 2413 notum,
1382 2326 1660 2417 scripserit
1705 2345 1850 2399 circa
1903 2354 2105 2400 annuit!

524 2436 654 2493 830.

600 2529 690 2585 ιϐ.
722 2529 841 2587 Non
871 2531 978 2587 erit
1026 2532 1124 2586 abs
1155 2545 1216 2585 re
1262 2530 1518 2586 lectorem
1562 2530 1857 2595 eruditum,
1891 2530 2105 2585 tametsi

526 2624 667 2679 forte
689 2625 801 2696 jam
829 2624 997 2694 probe
1030 2624 1374 2687 instructum,
1423 2622 1511 2678 hic
1542 2622 1718 2677 denuo
1744 2635 2108 2692 praemonere,-

525 2715 989 2789 hlartyrologium,
1002 2717 1225 2787 przclixo
1242 2716 1401 2770 Bedzc
1417 2715 1635 2769 nomine
1660 2730 1695 2768 ιι·
1712 2714 2104 2784 Christophoro

523 2806 774 2863 Plautino
803 2807 1076 2878 vulgatum
1122 2822 1266 2861 anno
1298 2807 1453 2872 1564,
1482 2807 1630 2861 ιιιιΙΙο
1680 2818 1840 2878 pacto
1870 2817 1900 2860 a
1934 2807 2098 2870 Beda,

523 2897 618 2951 sed
651 2913 680 2951 a
724 2899 910 2952 nescio
956 2911 1095 2966 quo,
1150 2898 1436 2953 ex‘Adone
1485 2897 1712 2967 aliisque
1755 2897 2100 2967 compilatum

526 2989 712 3051 fuisse,
747 2997 857 3041 tam
904 3002 1024 3043 esse
1071 2990 1311 3052 evidens,
1365 3004 1527 3058 quam
1570 2979 1721 3059 quod
1756 2990 2100 3045 evidentissi-

526 3090 698 3143 mum,
727 3089 888 3150 atque
937 3080 1040 3135 hoc
1089 3089 1330 3149 tempore
1378 3081 1767 3145 indubitatum,
1817 3097 1939 3136 cum
1985 3081 2100 3152 jam

525 3169 726 3240 passim
769 3186 875 3224 non
920 3170 1024 3226 alio
1052 3172 1273 3225 nomine
1303 3172 1502 3238 veniat,
1529 3189 1691 3243 quam
1734 3158 1889 3228 Bédte
1936 3174 2103 3244 spurii
2132 3154 2177 3216 ο

524 3266 621 3313 aut
649 3259 997 3328 supposititii.
1044 3259 1177 3330 Ego,
1208 3261 1443 3315 vitatnhe
1471 3261 1673 3316 odiosa:
1700 3262 1852 3318 vocis
1904 3264 2100 3334 gratia,

531 3349 933 3406 Plautinianum
962 3352 1158 3406 Bedam
1188 3354 1488 3423 simplicius
1509 3354 1779 3424 appellare
1813 3356 1999 3410 malui.
2037 3355 2106 3411 ll-

526 3440 747 3496 lustrior
782 3444 870 3495 est
899 3448 956 3495 et
983 3442 1050 3496 ab
1095 3442 1225 3496 orbe
1260 3446 1535 3507 universo,
1570 3445 1869 3513 praesertim
1899 3462 1928 3500 a
1961 3445 2105 3501 litteé

526 3532 679 3595 rutis,
714 3546 835 3586 cum
877 3531 1066 3602 plausu
1095 3542 1338 3603 accepto,
1367 3535 1636 3588 recentior
1659 3542 1715 3588 et
1741 3535 1898 3604 longe
1945 3546 2105 3590 aecus

524 3626 694 3679 ratior
713 3626 878 3680 editio
905 3625 1111 3690 altera,‘
1129 3640 1272 3679 anno
1295 3625 1431 3680 1668
1456 3636 1583 3681 ante
1618 3636 1820 3681 tomum
1854 3627 1896 3682 ll
1922 3616 2101 3683 Martii

523 3718 591 3771 ah
621 3717 962 3771 Henschouio
985 3726 1039 3773 et
1061 3716 1429 3787 Papchrochio
1458 3727 1884 3787 procurata,qua
1917 3719 2105 3787 genui-

524 3823 652 3862 num
682 3807 838 3863 Bedzc
885 3816 1088 3863 textum
1120 3808 1190 3862 ab
1217 3808 1358 3863 Flori
1388 3810 1648 3865 auclariis
1692 3810 2103 3881 diligentissime

523 3907 879 3976 pxpurgatum
935 3908 1098 3967 atque
1158 3898 1514 3964 distinctum,
1573 3901 1634 3955 sc
1677 3902 1962 3957 tradidisse
1994 3918 2098 3957 non

524 3991 861 4044 dubitarunt.
895 3990 1130 4060 Fuitque
1182 3990 1233 4045 id
1284 3993 1421 4048 adeo
1471 3995 1539 4048 ab
1588 3995 1746 4050 annis
1777 3995 1889 4066 jam
1932 3994 2101 4050 ferme

525 4083 914 4153 quinquaginta
962 4093 1071 4138 tam
1102 4084 1508 4150 incunctanter,
1562 4094 1672 4141 tam
1721 4086 2103 4143 universaliter

525 4172 595 4225 ab
622 4172 873 4227 omnibus
898 4173 1191 4227 admissum
1214 4215 1230 4238 ,
1283 4182 1343 4229 ut
1378 4176 1468 4244 qui
1514 4175 1684 4231 solide
1728 4178 2101 4233 contradicere

525 4267 621 4314 aut
649 4260 826 4325 vellet,
856 4270 949 4315 aut
972 4270 1185 4332 posset,
1217 4263 1498 4329 hactenus,
1530 4264 1669 4334 quod
1696 4268 1863 4320 sciam
1882 4306 1897 4331 ,
1945 4282 2103 4321 nemo

432 4356 435 4359 λ
526 4363 773 4420 repertus
825 4352 913 4407 sit.
969 4352 1150 4407 Solam
1202 4365 1513 4410 sanctorum
1556 4357 1794 4412 omnium
1841 4358 2103 4415 festivita-

524 4449 665 4504 tem,
710 4450 770 4494 ut
792 4441 1051 4497 additiani
1084 4445 1495 4514 expungendam
1535 4445 1698 4516 aliqui
1728 4462 2008 4503 censuere.

599 4529 683 4583 Π.
715 4530 830 4585 Non
867 4533 1015 4602 potui
1043 4549 1146 4587 non
1178 4536 1558 4606 magistrorum
1581 4551 1824 4594 meorum
1850 4557 2099 4596 consum-

476 4690 483 4695 _
525 4630 685 4675 mata:
731 4620 784 4675 in
834 4622 918 4677 his
965 4623 1127 4679 rebus
1167 4628 1514 4696 experientiae
1554 4636 1611 4682 et
1662 4628 2101 4687 doctissimorum

524 4709 755 4764 aliorum
789 4711 1027 4766 virorum
1066 4714 1336 4785 sull'ragiis
1382 4731 1561 4770 meum
1611 4717 1881 4787 adjicere,
1934 4730 2100 4791 atque

524 4799 662 4854 adeo
690 4800 742 4854 in
788 4808 898 4856 tota
927 4802 1029 4856 hac
1065 4802 1293 4861 Usnardi
1330 4809 1665 4871 recensione,
1696 4810 1772 4864 ita
1816 4810 2014 4865 Bedam
2044 4821 2100 4867 et

525 4890 746 4946 Florum
781 4893 1084 4964 appellare,
1137 4899 1592 4965 quemadmodum
1647 4901 1717 4956 ab
1764 4902 1892 4971 ipsis
1942 4905 2095 4969 editi,

523 4982 686 5039 divisi
730 4992 784 5038 ct
813 4985 1028 5041 discreti
1059 4996 1204 5042 sunt.
1237 4988 1597 5045 Nihilominus
1618 4992 1731 5062 jam
1767 4993 1822 5048 in
1859 4995 2096 5050 terendis

523 5071 921 5146 Martyrologiis
949 5077 1081 5132 satis
1110 5077 1200 5132 diu
1248 5090 1525 5142 versatus.
1573 5082 1870 5153 symbolam
1914 5092 1968 5137 et
1998 5100 2098 5151 ego

522 5164 762 5236 aliquam
787 5166 893 5223 huc
922 5166 1110 5235 affero,
1156 5184 1277 5239 quae
1308 5170 1435 5226 licet
1459 5172 1886 5243 Papebrochiani
1917 5178 2099 5245 operis

521 5255 868 5313 fundamenta
918 5262 1308 5330 quadamtenus
1353 5262 1623 5330 sull‘odiat,
1656 5275 1717 5320 ut
1743 5276 1827 5322 est
1854 5268 2100 5324 veritatis

520 5359 736 5405 amator
757 5350 1374 5417 candidissimus,voluit
1404 5355 1535 5426 ipse,
1554 5369 1869 5427 argumenta
1900 5374 2098 5429 propo-

521 5453 731 5506 nerem,
760 5456 882 5512 quas
927 5442 993 5497 ad
1041 5457 1198 5510 rem,
1247 5447 1474 5503 necdum
1532 5449 1690 5519 plane
1747 5450 2095 5517 elucidatam,

520 5529 749 5588 ulterius
790 5532 1186 5592 discutiendam
1214 5538 1719 5611 explanandamqne
1765 5541 2095 5599 conformant.

522 5621 603 5676 Ad
636 5622 854 5679 Florum
883 5636 1093 5697 spectat
1114 5637 1232 5684 tota
1263 5631 1592 5701 disquisitio,
1627 5633 1779 5702 cujus
1826 5632 2098 5706 Martyro-

522 5710 724 5785 logium
752 5714 1242 5791 quantumcunque
1269 5732 1323 5779 ct
1350 5722 1753 5794 qualecunque,
1780 5740 1909 5782 vere
1936 5742 2097 5797 nego-

2206 1900 2271 1958 ct
2287 1904 2445 1959 toties
2482 1902 2766 1959 decantata
2800 1905 2990 1958 latiora
3021 1903 3172 1960 Flori
3220 1904 3289 1959 ad
3314 1904 3519 1959 Beda‘tn

2206 1994 2387 2051 Altera
2418 2013 2434 2049 :
2472 1996 2611 2062 Quid
2643 1997 2714 2050 sit
2735 1995 2975 2064 ejusdem
3020 1994 3169 2052 Flori
3192 1998 3326 2052 liber
3340 2000 3635 2063 «candus,
3662 2015 3780 2068 quo.

2208 2092 2406 2155 praeter
2455 2085 2644 2141 latiora
2689 2086 2935 2159 vestigia,
2971 2102 3032 2144 se
3060 2102 3217 2143 usum
3256 2102 3380 2145 esse
3434 2096 3543 2146 t‘aui
3582 2091 3787 2147 diserte

2205 2176 2403 2230 asserit
2442 2174 2742 2234 Usuardus.
2776 2174 2926 2234 lianc.
2960 2188 3289 2250 postremam
3320 2175 3546 2247 alicubi,
3568 2182 3619 2238 si
3640 2193 3791 2238 rem

2208 2267 2453 2333 memini,
2484 2268 2665 2340 attigit
2707 2269 3074 2334 Castellattus,
3126 2266 3360 2326 feliciter
3407 2268 3687 2338 divinans,
3714 2291 3785 2327 u—

2205 2357 2435 2411 cltndum
2466 2356 2614 2412 Flori
2657 2359 2873 2422 librum,
2900 2361 3033 2415 nihil
3063 2358 3208 2416 aliud
3259 2374 3383 2419 esse
3410 2379 3600 2433 posse,
3632 2380 3781 2435 quam

2207 2446 2382 2517 ipsum
2402 2462 2595 2519 purum
2621 2458 2808 2520 putum
2837 2450 3043 2507 Adonis
3065 2450 3506 2524 Martyrologium
3525 2495 3541 2518 ,
3572 2463 3638 2507 ut
3666 2470 3784 2525 pr:-

2205 2537 2424 2599 l‘ationis
2469 2536 2626 2607 hujus
2656 2539 2819 2593 tertio
2862 2539 3037 2611 capite
3090 2543 3364 2611 copiosius
3412 2543 3782 2597 demonstran

2204 2626 2553 2692 conabimur;
2576 2627 2720 2683 unde
2734 2630 3115 2697 corrigendum
3138 2633 3245 2687 erit
3271 2633 3641 2688 inveteratum
3665 2650 3779 2706 prx-

2199 2714 2481 2785 judicium,
2508 2718 2668 2772 toties
2689 2733 2719 2772 a
2751 2717 3041 2789 Maioribus
3081 2722 3283 2776 nostris
3305 2763 3322 2787 ,
3371 2724 3531 2778 toties
3567 2728 3649 2779 ab
3681 2725 3781 2778 aliis

2204 2813 2327 2875 post
2354 2806 2497 2876 ipsos
2542 2807 2891 2875 inculcatum,
2923 2811 3153 2883 necdum
3184 2813 3387 2869 scilicet
3414 2826 3646 2885 reperta
3676 2832 3781 2872 esse

2203 2899 2437 2954 Secunda
2467 2897 2611 2955 Flori
2646 2903 2906 2966 auctaria,
2939 2903 3021 2957 vel
3048 2902 3155 2959 alio
3197 2907 3435 2971 nomine,
3482 2913 3778 2965 secundum

2204 2987 2350 3043 Flori
2405 2989 2475 3043 ad
2508 2990 2709 3046 Bedatn
2758 2992 2975 3059 librum,
3028 3009 3123 3050 seu
3181 2997 3633 3054 additamentum.
3688 3001 3782 3055 Hoc

2206 3078 2372 3149 igitur
2395 3081 2611 3152 proprie
2634 3092 2693 3137 et
2718 3084 2874 3139 unice
2907 3094 3118 3154 spectat
3142 3088 3253 3142 sola
3297 3088 3447 3158 prior
3475 3088 3781 3147 diﬂicultas.

2207 3170 2275 3225 de
2315 3172 2492 3242 primo
2537 3187 2709 3243 eoque
2737 3191 2867 3230 vero
2914 3190 3079 3247 opere
3127 3180 3272 3249 quod
3316 3179 3462 3235 Flori
3502 3185 3693 3237 studio
3730 3186 3783 3238 in

2207 3259 2363 3317 Betim
2388 3263 2573 3320 labore
2604 3268 2907 3321 accrevisse
2940 3270 3209 3325 novimus.

2276 3352 2367 3407 49.
2400 3352 2509 3407 Sed
2542 3354 2648 3410 erit
2689 3356 2779 3424 qui
2806 3372 2929 3411 eam
2970 3374 3001 3412 a
3033 3358 3403 3430 Papebrochio
3434 3361 3654 3418 abunde
3676 3365 3781 3418 dis-

2206 3440 2437 3497 solutam
2483 3444 2741 3501 continuo
2790 3448 3104 3514 existimet,
3160 3451 3431 3506 diStinctis
3484 3452 3599 3509 illis
3652 3454 3781 3510 ῆιιὶ

2205 3530 2413 3602 elogiis,
2445 3549 2566 3604 quae
2594 3550 2623 3589 a
2655 3533 2812 3592 Beda:
2858 3540 3098 3594 testibus
3138 3550 3248 3595 tant
3292 3555 3555 3598 accurate
3586 3560 3776 3599 remota

2204 3630 2260 3676 ct
2289 3624 2526 3694 scjuncta
2568 3638 2713 3681 sunt.
2755 3628 2953 3684 lterum
2987 3632 3199 3689 sincere
3248 3642 3457 3705 repeto,
3503 3653 3605 3693 me
3638 3637 3774 3706 Πήιο-

2208 3729 2324 3767 rum
2357 3732 2491 3784 opus
2516 3720 2865 3775 vehementer
2890 3723 3185 3792 suspicere,
3203 3739 3267 3779 ac
3293 3739 3437 3795 serpe
3462 3729 3778 3784 admiratum

2205 3819 2324 3859 esse
2352 3815 2460 3860 tam
2487 3807 2819 3864 fortunatum
2842 3826 3032 3867 eorum
3062 3815 3535 3881 inventum,tlum,
3554 3830 3619 3874 ut
3640 3835 3781 3890 supra

2204 3898 2476 3961 dicebam,
2500 3915 2566 3953 ex
2599 3911 2707 3954 tam
2736 3903 2901 3957 variis
2927 3906 3226 3972 codicibus,
3251 3915 3363 3961 tum
3386 3906 3596 3965 Bedatn
3626 3912 3782 3981 ipsum

2206 3992 2457 4059 tanquam
2508 3993 2832 4061 genuinum,
2887 4004 2999 4049 tum
3035 3996 3182 4055 Flori
3221 3998 3531 4056 additiones
3568 4013 3679 4059 tam
3706 4019 3783 4058 so-

2204 4080 2370 4137 lerter
2395 4098 2426 4137 a
2456 4082 2612 4138 Bedae
2639 4085 2851 4151 verbis,
2897 4096 2953 4142 et
3002 4088 3142 4160 stylo
3181 4090 3569 4147 discreverint.
3604 4095 3781 4151 Verum

2204 4181 2408 4241 perstat
2455 4174 2701 4229 molestia
2740 4177 2871 4231 mihi
2925 4180 3147 4233 subdrta
3194 4195 3260 4235 ex
3306 4190 3583 4252 perpetua
3629 4186 3779 4241 colla-

2205 4262 2351 4316 tione
2381 4263 2555 4327 Bedae,
2595 4267 2664 4320 ab
2719 4265 3062 4324 llenschenio
3099 4279 3155 4325 et
3203 4271 3593 4342 Papebrocltio
3629 4280 3781 4338 editi.

2202 4367 2326 4408 cum
2372 4353 2617 4419 Babano,
2662 4357 2849 4413 Adone
2890 4376 2954 4415 ac
2999 4360 3267 4418 Usuardo.
3317 4366 3373 4419 In
3401 4366 3507 4421 hoe
3556 4372 3785 4425 situst-st

2203 4444 2370 4498 cardo
2413 4445 2525 4510 rei,
2554 4449 2697 4517 quod
2727 4449 2846 4504 Atio
2877 4449 2931 4504 in
2965 4452 3282 4523 praefatione
3321 4472 3419 4513 sua
3453 4458 3711 4525 afﬁrmet,
3731 4477 3785 4515 eo

2207 4550 2267 4591 se
2300 4537 2455 4594 Beda
2486 4538 2867 4614 Martyrologio
2890 4560 3047 4600 usum
3070 4588 3086 4612 ,
3120 4549 3266 4618 quod
3290 4549 3438 4605 Fluri
3467 4558 3788 4610 venerantis

2208 4632 2385 4686 studio
2434 4633 2489 4685 in
2550 4632 2734 4688 labore
2782 4635 2969 4692 domui
3024 4636 3183 4694 Beda:
3235 4656 3557 4700 accreverat
3589 4690 3606 4711 ,
3662 4650 3787 4702 unde

2206 4722 2510 4777 certissime
2533 4723 2821 4780 dicendum
2849 4736 2953 4794 est,
2969 4728 3215 4787 Adonem
3242 4734 3411 4804 ipsius
3440 4735 3617 4801 Flori,
3637 4756 3786 4811 quem

2205 4811 2272 4866 de
2298 4812 2435 4867 facie
2457 4813 2671 4869 novisse
2703 4818 2894 4885 potuit,
2916 4821 3244 4891 completum
3274 4834 3331 4878 et
3361 4826 3641 4898 integrum
3666 4845 3787 4900 opus

2205 4902 2479 4969 habuisse,
2499 4904 2642 4973 quod
2670 4920 2737 4960 ex
2761 4907 3007 4965 Romano
3028 4926 3198 4981 parvo
3218 4923 3275 4968 et
3301 4915 3524 4972 aliunde
3546 4918 3789 4990 supplere

2205 4994 2651 5065 aggrediebatur,
2693 4999 2833 5053 adeo
2873 5009 2935 5055 ιιι
2966 5018 3074 5058 non
3106 5004 3279 5060 solum
3308 5008 3550 5078 primum
3584 5013 3717 5065 illud
3741 5020 3789 5063 rt

2203 5086 2358 5141 Valde
2402 5086 2779 5159 imperfectum
2832 5092 2988 5150 Beda:
3020 5094 3465 5171 Martyrologium
3513 5102 3786 5166 habuerit.

2203 5177 2297 5231 scd
2343 5178 2504 5233 simul
2550 5182 2767 5248 omnia,
2811 5199 2932 5254 qua:
2974 5195 3087 5240 tum
3116 5203 3147 5241 a
3175 5187 3371 5256 Floro,
3413 5178 3531 5246 t'urn
3565 5210 3598 5248 a
3655 5194 3787 5249 Beda

2202 5272 2518 5341 composita,
2539 5273 2591 5327 in
2613 5290 2778 5329 unum
2796 5278 3195 5346 quodammodo
3221 5297 3422 5355 corpus
3447 5288 3787 5355 coaluerant,

2202 5376 2434 5432 quorum
2462 5365 2689 5434 proinde
2731 5365 2963 5425 Sanctus
2989 5373 3156 5429 verba
3199 5383 3256 5429 et
3284 5376 3457 5447 elogia
3502 5377 3559 5433 in
3589 5396 3787 5436 novum

2204 5472 2362 5512 suum
2392 5457 2829 5532 Martyrologium
2856 5465 3166 5522 indistincte
3194 5468 3460 5537 retulerit,
3475 5480 3573 5526 aut
3592 5472 3788 5529 saltem

2202 5547 2409 5603 referre
2435 5552 2691 5620 potuerit.

2274 5640 2362 5696 50.
2381 5640 2694 5701 Clarissima
2719 5644 2773 5700 in
2791 5662 2904 5702 rem
2924 5656 3166 5707 nostram
3184 5662 3312 5707 sunt
3336 5653 3623 5724 ipsiusmct
3647 5656 3793 5710 Ado-

2200 5730 2287 5785 nis
2311 5731 2489 5797 verba,
2526 5734 2723 5802 quibus
2749 5735 2803 5791 in
2836 5737 3154 5808 praefatione
3193 5748 3533 5808 testatur,'se
3558 5746 3789 5813 imperio
