3936 6348
120 329 235 386 885

1478 319 2016 390 enoeeconsus.

3279 328 3386 386 ‘86

120 461 188 498 ac
219 442 457 514 jussione
484 451 782 494 randarum
822 439 1047 492 virorum
1075 435 1520 506 Martyrologium
1549 449 1705 489 com-
1738 441 1783 498 Α
1811 446 2022 506 ceptum
2055 452 2190 492 esse.
2237 437 2312 493 En
2355 439 2572 496 nodum.
2611 440 2697 496 cui
2743 441 2996 496 solvendo
3023 441 3162 495 viam
3195 445 3382 498 hacte-

119 538 344 608 pilasse,
379 547 437 589 ut
467 533 828 603 supplerentur
871 532 1002 594 dies,
1038 533 1126 601 qui
1172 532 1367 600 absque
1399 530 1696 583 nominibus

118 640 414 702 martyrum
433 628 488 683 in
512 625 889 696 Martyrologio
911 625 1070 695 (quod
1092 624 1395 678 venerabilis
1413 622 1562 676 Fieri
1585 633 1703 676 un-

122 723 218 777 dio
245 722 299 774 in
321 721 500 773 labore
521 717 719 771 domini
746 715 905 770 Beda:
926 725 1216 768 decreverat
1248 715 1266 783 )
1301 725 1502 768 tantum
1532 713 1699 768 notati

118 823 296 867 erant.
321 811 508 866 Cmeus
529 811 600 865 sit
618 815 832 878 oportet
854 807 944 876 qui
988 807 1075 860 hic
1099 821 1201 859 non
1227 805 1404 859 videat
1427 807 1505 859 sic
1546 806 1702 860 Bedte

120 901 565 974 Martyrologium
591 900 660 952 ab
681 897 866 952 Adone
887 895 1118 965 depingi,
1146 904 1204 949 ut
1228 894 1279 948 in
1305 909 1369 948 eo
1392 893 1549 948 simul
1573 909 1702 948 con-

119 995 308 1048 iuncta
325 990 483 1046 simul
502 997 757 1045 conserta
789 987 989 1040 fuerint
1013 1000 1343 1054 quzeeunque
1360 983 1504 1038 Flori
1523 985 1701 1038 studio

119 1087 178 1137 in
208 1079 584 1152 llartyrologio
611 1077 768 1131 Bedzc
801 1084 956 1129 aucta
998 1085 1053 1130 et
1101 1073 1424 1143 ampliﬁcata
1459 1072 1694 1126 fuerant.

116 1173 242 1228 lam
261 1189 388 1228 vero
416 1169 546 1225 nihil
567 1177 650 1223 est
676 1166 1013 1221 manifestius
1034 1182 1195 1236 quam
1223 1166 1362 1235 quod
1393 1165 1510 1219 Αᾶο
1539 1164 1698 1219 Beda:

120 1265 350 1336 vestigia
380 1262 812 1320 constantissime
841 1271 1071 1332 premat,
1100 1260 1214 1326 ejus
1247 1270 1462 1315 sanctos
1492 1260 1691 1330 paSsim

117 1360 372 1423 asciscat,
426 1358 598 1428 elogia
635 1357 806 1412 ferme
849 1354 1053 1420 omnia,
1087 1353 1262 1423 quoad
1320 1353 1397 1407 rei
1444 1354 1700 1407 substan-

117 1452 274 1515 tiam,
307 1464 687 1518 nonnunquam
742 1448 1006 1500 verbatim
1057 1445 1350 1508 describat,
1398 1444 1556 1513 idque
1585 1452 1696 1496 tam

117 1543 284 1604 clare,
315 1551 422 1597 tam
457 1555 733 1608 expresse.
763 1547 821 1590 ut
858 1537 1053 1590 Bedam
1086 1537 1138 1590 in
1184 1536 1369 1590 Adone
1412 1535 1696 1604 perspicue

118 1648 408 1705 agnoscas.
448 1631 504 1686 Si
531 1647 660 1700 ergo
692 1630 1016 1684 Viennensis
1041 1629 1329 1698 cpiscopus
1364 1629 1509 1682 illum
1538 1628 1695 1683 Beda:

115 1724 357 1778 laborem
385 1739 494 1792 pra:
528 1721 700 1775 oculis
727 1720 935 1782 habuit,
962 1719 1054 1788 qui
1093 1719 1274 1773 studio
1322 1717 1468 1772 Flori
1512 1734 1696 1772 accre-

1807 545 1909 586 nus
1962 538 2166 583 rectam
2219 540 2274 583 et
2324 545 2568 584 securam
2622 545 2728 584 non
2790 534 2985 600 reperi,
3044 533 3146 588 nisi
3197 533 3377 605 elogia

1804 620 1985 675 omnia
2013 635 2045 673 a
2089 619 2386 689 majoribus
2443 622 2642 677 nostris
2690 622 2850 677 Floro
2878 624 3136 694 ascripta,
3165 627 3214 680 ei
3260 643 3380 684 om-

1805 711 1933 765 nino
1960 707 2350 777 abjndiccntur.
2389 711 2615 775 Rursus,
2647 720 2708 765 ut
2735 721 2946 767 certum
2977 729 3241 784 suppono,
3270 715 3384 771 Ra-

1803 801 2022 863 banum,
2053 810 2368 870 perpetuum
2401 801 2556 856 Beda:
2587 803 3008 871 descriptorcm,
3049 806 3138 860 tali
3178 805 3384 879 Marty-

1802 891 1994 959 rologii
2039 892 2196 948 Beda:
2230 894 2526 963 exemplari
2567 911 2741 959 usum,
2791 898 2934 966 quod
2981 907 3036 952 et
3082 899 3256 968 ipsum
3285 917 3384 972 per

1804 982 1946 1036 Flori
1990 998 2182 1037 manus
2228 986 2536 1044 transierit:
2587 987 2734 1055 atqui
2766 1003 2869 1042 nec
2907 995 3017 1043 toto
3065 989 3155 1045 illo
3203 991 3384 1048 Raba-

1802 1074 1947 1127 niani
1975 1073 2336 1145 Martyrologii
2365 1074 2613 1139 decursu,
2648 1077 2766 1130 talis
2790 1077 2978 1134 Florus
3006 1095 3234 1150 usquam
3279 1096 3377 1138 oc-

1799 1163 1993 1228 currit,
2050 1163 2262 1233 qualem
2314 1163 2686 1221 lienselienins
2721 1177 2774 1222 et
2823 1168 3225 1238 Papebrocbius
3264 1173 3379 1228 edi-

1799 1254 1956 1320 dere;
2001 1266 2083 1311 est
2129 1257 2295 1326 igitur
2348 1269 2439 1313 aut
2503 1260 2679 1313 nullus
2735 1260 2948 1328 Florus,
3001 1271 3097 1319 aut
3151 1265 3370 1322 aliunde

1799 1349 2032 1401 eruenda
2089 1357 2214 1402 sunt
2263 1364 2326 1403 ea
2380 1351 2576 1420 quibus
2624 1352 2778 1406 Beda:
2819 1368 2956 1422 opus
3001 1355 3374 1426 amplificavit.

1802 1439 1949 1493 lianc
1973 1437 2338 1493 difficultatem
2376 1457 2403 1494 a
2435 1441 2582 1494 nullo
2612 1445 2874 1497 hactenus
2901 1445 3242 1500 observatam
3271 1463 3377 1503 tne-

1801 1528 1952 1592 rniui,
1983 1529 2264 1598 ncqnidem
2291 1546 2320 1582 a
2364 1530 2617 1585 Bollando
2643 1542 2735 1585 aut
2781 1532 3141 1602 l-lenscbenio,
3169 1537 3378 1594 sedulis

1801 1618 2300 1690 Martyrologiorum
2343 1622 2733 1690 evolutoribus,
2771 1639 2870 1680 nec
2894 1642 2924 1680 a
2975 1626 3374 1698 Papebrocbio,

1799 1710 2072 1779 praecipuo
2122 1711 2351 1767 Bedana:
2395 1713 2648 1768 editionis
2705 1717 3112 1774 concinnatore.
3166 1719 3375 1776 Nodum

114 1823 289 1875 verat,
343 1791 620 1870 evidenter
653 1809 1000 1877 consequitur
1039 1808 1209 1877 elogia
1257 1808 1420 1862 etiam
1470 1808 1558 1862 illa
1603 1809 1696 1862 de-
1728 1791 2090 1853 Bscrulando
2139 1810 2193 1854 et
2250 1803 2571 1857 ruminando
2628 1805 2836 1875 pridem
2891 1807 3376 1879 deprehenderam,

117 1902 420 1974 scripsisse,
451 1917 572 1971 qua:
615 1901 794 1955 studio
840 1898 1008 1961 Flori,
1062 1898 1232 1952 labori
1279 1897 1437 1952 Beda:
1484 1898 1693 1967 adjecta

118 1994 346 2050 fuerant.
379 1993 538 2063 Atqui
573 2003 750 2047 tamen
797 2000 910 2044 toto
959 1989 1047 2043 illo
1091 1989 1314 2053 Adonis,
1346 1989 1693 2058 quantumvis

117 2085 327 2150 diffuso,
360 2084 740 2154 Martyrologio
772 2081 972 2136 nullum
1012 2094 1235 2150 prorsus
1273 2079 1503 2149 elogium
1535 2095 1690 2148 repe-

125 2177 264 2233 ritur
299 2193 364 2232 ex
393 2176 480 2238 iis,
517 2190 632 2244 qua:
687 2175 740 2228 in
789 2173 1029 2226 editione
1089 2179 1273 2225 nostra
1317 2169 1478 2224 Floro
1526 2171 1694 2224 ascri-

119 2271 356 2325 buntur:
385 2268 513 2323 hinc
541 2266 705 2337 igitur
735 2264 977 2319 concludi
1015 2271 1189 2332 potest
1216 2261 1429 2315 Florum
1465 2276 1493 2314 a
1533 2261 1696 2331 majo-

120 2362 272 2417 ribus
293 2358 815 2428 nostrisvulgatum,
844 2372 948 2408 non
975 2368 1094 2408 esse
1122 2353 1411 2421 genuinum
1447 2352 1689 2416 Florum,

121 2464 229 2504 non
271 2463 410 2512 esse,
435 2449 672 2516 inquam,
724 2459 859 2512 opus
897 2443 1025 2497 illud
1068 2444 1210 2510 quod
1250 2443 1429 2496 studio
1462 2440 1604 2496 Flori
1637 2442 1689 2495 in

123 2537 306 2591 labore
364 2534 516 2591 Beda:
559 2542 886 2597 accreverat,
945 2533 1187 2602 adeoque
1225 2541 1319 2586 aut
1375 2531 1506 2585 nihil
1558 2532 1693 2584 scri-

119 2629 295 2698 psisse
336 2627 548 2682 Florum
578 2667 594 2691 ,
648 2635 742 2681 aut
787 2627 830 2680 si
857 2625 986 2696 quid
1026 2625 1264 2696 scripsit,
1317 2625 1444 2679 alibi
1475 2625 1694 2679 investi-

110 2721 364 2792 gandunn

180 2813 269 2868 5i.
302 2814 690 2883 Argumentum
732 2827 836 2865 non
865 2809 1043 2866 minus
1073 2825 1269 2881 urgens
1302 2809 1603 2865 desumitur
1623 2825 1690 2863 ex

110 2903 492 2974 Martyrologio
521 2901 770 2965 Usuardi,
812 2901 954 2972 quod
979 2917 1046 2958 ex
1097 2901 1285 2957 Adone
1315 2902 1531 2970 quidem
1562 2918 1691 2956 con-

110 3005 346 3049 tractum
403 2997 620 3057 scimus,
681 2995 774 3048 sed
819 2996 891 3049 ita
940 3005 1000 3049 ut
1047 2995 1213 3049 variis
1263 2993 1394 3050 locis
1437 2995 1688 3048 nonnulla

106 3087 279 3156 elogia
305 3102 371 3142 ex
402 3087 542 3142 Beda
581 3085 947 3155 descripserit,
981 3085 1122 3140 unde
1149 3093 1330 3156 pateat
1356 3084 1514 3139 Beda:
1557 3084 1689 3139 lllar-

1795 1891 1890 1944 sed
1950 1905 2155 1946 cuneus
2202 1893 2408 1959 deerat,
2458 1909 2554 1964 per
2597 1897 2714 1950 avia
2757 1906 2809 1950 et
2870 1898 3024 1953 devia
3085 1900 3175 1956 diu
3233 1900 3396 1956 mulp.

1795 1991 2015 2053 tumque
2035 1985 2326 2054 qumsimus
2355 2004 2368 2040 :
2411 2002 2479 2041 an
2519 1999 2764 2060 repertus
2802 1990 2893 2057 sit,
2921 2006 2988 2046 ex
3019 1993 3370 2062 sequentibus

1791 2077 1994 2145 poterit
2032 2077 2348 2146 coniectari.

1859 2168 1947 2224 53.
1990 2171 2066 2230 Ex
2095 2172 2277 2229 citatis
2298 2189 2464 2244 supra.
2485 2173 2644 2229 Beda:
2667 2175 2866 2242 verbis,
2898 2193 2927 2234 a
2955 2178 3235 2244 Bollando,
3270 2179 3375 2236 Pa-

1793 2261 2088 2330 pebrocbio
2111 2272 2166 2316 et
2188 2263 2308 2317 aliis
2337 2265 2538 2333 passim
2572 2264 2763 2320 referri
2795 2267 2988 2333 solitis,
3015 2269 3375 2326 indubitatum

1791 2359 1894 2413 est,
1937 2349 2376 2422 Martyrologium
2425 2354 2641 2424 aliquod
2667 2372 2699 2409 a
2730 2359 3021 2413 venerabili
3076 2369 3131 2415 et
3185 2371 3377 2417 sancto

1792 2441 2057 2520 scriptore
2094 2446 2472 2513 compositum,
2497 2461 2599 2500 nec
2627 2446 2810 2502 minus
2840 2458 3069 2514 certum,
3107 2450 3262 2506 valde
3286 2452 3374 2507 in-

1791 2531 2115 2601 completnm
2146 2532 2312 2589 fuisse
2340 2553 2353 2588 :
2386 2543 2599 2589 certum
2630 2546 2918 2606 pmterea,
2946 2555 2976 2593 a
3003 2539 3149 2596 nullo
3179 2541 3372 2598 hacte-

1791 2639 1892 2676 nus
1913 2625 2231 2694 primigenia
2263 2627 2472 2694 pbrasi,
2512 2626 2578 2681 de
2604 2643 2711 2696 qua
2733 2630 2955 2685 omnino
2978 2641 3215 2699 constet,
3258 2633 3374 2690 edi-

1793 2722 1904 2768 tum
1929 2713 2112 2769 fuisse.
2147 2713 2341 2771 Nostra
2364 2718 2530 2772 editio
2567 2718 2634 2772 ad
2665 2719 2946 2774 veritatem
2975 2723 3220 2792 proxime
3248 2725 3372 2794 qni-

1790 2806 1910 2860 dem
1942 2806 2167 2871 accedit,
2191 2807 2286 2862 sed
2309 2823 2431 2863 cum
2460 2807 2656 2862 festum
2676 2811 2999 2866 Sanctorum
3015 2811 3268 2870 Omnium
3282 2830 3375 2869 an-

1791 2896 2024 2960 nuntiet,
2049 2911 2145 2966 pro
2177 2897 2471 2954 universali
2521 2899 2761 2955 Ecclesia
2792 2911 3033 2974 tempore
3059 2902 3216 2960 Beda:
3244 2921 3373 2961 nec-

1789 2986 1916 3041 dum
1947 2987 2214 3054 institum,
2244 3006 2311 3046 ex
2338 2991 2498 3046 unico
2519 2993 2819 3059 eoindicio,
2849 3004 2907 3048 ut
2933 3005 3126 3052 cetera
3143 3006 3372 3061 taceam.

1744 3131 1757 3159 ὲ
1790 3080 2113 3151 colligimus,
2148 3098 2339 3150 purum
2364 3083 2523 3153 plane
2549 3095 2604 3139 et
2634 3085 2902 3156 integrum
2931 3087 3038 3142 dici
3067 3104 3172 3144 non
3190 3103 3371 3159 posse.

109 3177 430 3247 tyrologinm
479 3177 750 3240 habuisse,
799 3190 904 3230 non
944 3184 1004 3230 ut
1037 3173 1268 3246 primum
1298 3193 1327 3229 a
1355 3176 1496 3230 Beda
1539 3192 1688 3230 com-
1716 3157 1761 3218 C
1793 3171 1912 3226 Jam
1941 3188 2094 3236 vero,
2123 3173 2341 3228 aliunde
2370 3190 2435 3229 ex
2473 3175 2661 3231 Adone
2694 3179 3066 3247 patentissime
3094 3157 3376 3247 docemur,

109 3268 373 3336 positum,
424 3268 518 3322 sed
547 3276 658 3322 uta
705 3267 867 3321 Floro
917 3277 1130 3321 aucttun
1182 3265 1375 3330 fuerat,
1404 3266 1559 3336 cujus
1609 3268 1684 3322 rei

106 3357 588 3412 luculentissimnm
618 3357 982 3412 testimonium
1005 3357 1208 3426 przcbet
1243 3356 1519 3431 Usuardns
1552 3357 1684 3425 ipse,

105 3450 189 3504 sic
216 3449 268 3504 in
292 3449 607 3518 praefatione
633 3464 728 3503 sua
757 3449 1028 3504 disserens
1050 3449 1115 3502 de
1143 3448 1528 3502 vetustioribus
1553 3447 1690 3501 Mar-

106 3541 395 3612 tyrologiis
439 3556 559 3612 qua:
589 3539 654 3594 ad
699 3556 855 3594 suum
900 3541 1331 3596 concinnandum
1362 3541 1501 3593 viam
1550 3557 1689 3609 pra:-

103 3639 545 3686 monstraverant
573 3645 587 3684 :
623 3649 641 3681 ‹
672 3629 1072 3685 Venerabilium
1125 3627 1438 3698 llieronymi
1472 3629 1686 3684 scilicet

109 3738 180 3778 ac
225 3721 384 3777 Beda:
421 3723 859 3793 presbyterorum
892 3721 1016 3790 piis,
1072 3720 1318 3790 quamvis
1369 3721 1683 3784 succinctis,

105 3828 278 3884 super
335 3813 439 3868 hoc
498 3815 834 3883 provocabar
883 3812 1189 3882 descriptis.
1240 3811 1480 3877 Quorum
1540 3811 1688 3879 prior

102 3905 362 3961 brevitati
409 3907 651 3967 studens,
684 3905 820 3958 alter
861 3919 990 3958 vero
1022 3903 1371 3974 quamplures
1426 3903 1690 3958 Kalenda-

107 4014 232 4052 rum
286 3997 402 4052 dies
453 3997 683 4052 intactos
741 3997 1070 4067 relinquens,
1125 3997 1291 4051 multa
1343 3997 1688 4052 inveniuntur

99 4089 270 4160 hujus
301 4089 480 4157 operis
509 4089 833 4157 pneteriisse
859 4088 1165 4144 necessaria
1185 4106 1198 4142 :
1218 4104 1353 4158 quos
1382 4096 1560 4142 tamen
1594 4102 1684 4142 se-

99 4188 285 4244 cutus,
313 4179 499 4233 censui
530 4187 585 4233 et
627 4177 769 4232 Flori
801 4177 1164 4232 memorabilis
1195 4178 1298 4231 viri
1329 4177 1518 4231 latiora
1569 4177 1682 4246 jam

99 4269 158 4322 in
189 4285 258 4322 eo
282 4268 396 4338 ipso
428 4269 639 4338 negotio
673 4269 824 4338 sequi
875 4268 1122 4338 vestigia,
1171 4267 1473 4337 priesertim
1515 4267 1568 4320 in
1597 4283 1688 4321 se-

100 4359 286 4415 cundo
344 4361 586 4432 ejusdem
627 4361 782 4416 libro.
819 4381 836 4412 ι
872 4361 948 4416 De
991 4361 1092 4414 huc
1121 4360 1358 4414 secundo
1395 4360 1534 4414 libro
1577 4359 1694 4412 dixi

97 4453 154 4506 in
180 4453 284 4505 hac
300 4451 612 4520 pnefatione
634 4451 898 4521 agendum
930 4451 1108 4520 capite
1132 4451 1312 4504 tertio.
1339 4449 1420 4504 Ad
1449 4464 1688 4519 przesens

1793 3264 2118 3332 ipsissimum
2145 3265 2302 3320 Beda:
2334 3266 2774 3338 Martyrologium
2807 3268 2950 3324 Flori
2975 3272 3156 3325 studio
3184 3287 3373 3328 accre-

1793 3357 1954 3420 vissc,
1994 3371 2255 3426 nusquam
2295 3367 2474 3411 autem
2508 3358 2767 3412 traditum
2809 3368 2907 3421 est,
2935 3360 3211 3429 peculiare
3237 3378 3376 3432 opus

1791 3448 2131 3516 (secundum
2181 3447 2375 3502 librum
2423 3448 2528 3503 alio
2583 3451 2932 3520 remisimus)
2961 3468 2990 3506 a
3016 3453 3178 3509 Floro
3208 3454 3376 3512 fuisse

1791 3537 2168 3607 compositum,
2197 3539 2338 3606 quod
2384 3537 2542 3594 Beda:
2572 3541 3028 3610 superaddiderit,
3056 3544 3139 3599 vel
3189 3547 3374 3613 singu-

1791 3628 1888 3683 lari
1921 3630 2100 3693 modo,
2131 3630 2268 3701 stylo
2296 3639 2350 3684 et
2377 3632 2566 3685 ordine
2594 3633 2661 3685 ab
2698 3647 2764 3685 co
2793 3633 3115 3702 sejonxerit,
3153 3647 3249 3691 aut
3289 3638 3375 3692 di-

1791 3719 2073 3773 screverit.
2119 3719 2506 3790 Snbiititaque
2556 3722 2817 3792 cogitare,
2877 3740 2982 3780 non
3035 3725 3373 3782 infundatam

1791 3809 2160 3878 conjecturam
2207 3810 2343 3876 fore,
2375 3814 2418 3866 si
2447 3813 2569 3884 quis
2619 3814 2957 3883 opinaretur,
3010 3825 3180 3872 totum
3218 3817 3375 3874 Beda:

1793 3903 2253 3974 Martyrologium,
2278 3905 2358 3959 vel
2387 3907 2566 3976 potius
2582 3905 2948 3980 Martyrologii
2971 3907 3088 3978 ejus
3107 3910 3375 3968 elementa

1793 3995 1863 4048 ita
1898 3995 1948 4047 in
1975 3994 2120 4050 Flori
2157 4012 2292 4064 Opus
2334 3995 2626 4062 transfusa,
2664 3999 2738 4052 ita
2773 4001 3054 4071 utriusque
3092 4003 3378 4058 conamina

1793 4085 1845 4138 in
1879 4101 2042 4138 unum
2075 4086 2321 4154 idemque
2348 4101 2484 4154 opus
2506 4086 2760 4153 conﬂata,
2787 4097 2846 4143 ut
2871 4088 3071 4144 frustra
3097 4090 3380 4146 laborave-

1793 4179 1900 4230 rint
1925 4177 2294 4234 llenscbenius
2322 4189 2376 4234 et
2398 4179 2820 4249 Papebrocbius,
2864 4199 2972 4253 quo
3001 4183 3041 4236 F
3048 4185 3147 4238 lori
3180 4185 3378 4257 stylum

1793 4284 1822 4320 a
1850 4269 2030 4337 pbrasi
2059 4267 2234 4332 Bedte,
2259 4284 2367 4338 quo
2431 4268 2597 4334 Flori,
2648 4270 2888 4341 inquam,
2938 4273 3181 4327 auctaria
3202 4289 3232 4327 a
3257 4289 3380 4344 pro-

1794 4359 1927 4428 priis
1954 4359 2108 4413 Bedac
2139 4361 2372 4416 testibus
2401 4373 2776 4432 segregarem.

1862 4449 1951 4503 54.
1993 4449 2120 4505 Mihi
2155 4460 2302 4504 certe
2340 4451 2496 4522 longe
2542 4452 2892 4521 probabilius,
2930 4455 3039 4508 imo
3064 4455 3185 4526 plus
3213 4471 3377 4526 quam

97 4551 485 4612 argumentum
535 4542 667 4596 satis
698 4548 872 4595 estex
908 4541 1010 4594 hoc
1061 4539 1178 4594 loco
1226 4539 1346 4593 luce
1391 4541 1686 4594 meridiana
1725 4519 1769 4579 θ
1799 4541 2088 4596 verisimile
2140 4551 2245 4604 est,
2278 4541 2495 4596 Florum
2527 4542 2598 4596 ita
2628 4542 2959 4599 locutionem
3018 4561 3172 4602 suam
3220 4546 3379 4602 Beda:

95 4637 310 4690 clarius
333 4643 632 4704 patescere,
663 4632 812 4688 Flori
840 4633 1190 4688 memorabilis
1214 4633 1313 4686 viri
1339 4633 1532 4686 latiora
1568 4633 1690 4702 jam-

92 4727 149 4780 in
185 4743 251 4780 eo
283 4727 396 4796 ipso
443 4728 650 4796 negotio
680 4726 914 4795 vestigia,
965 4737 1059 4780 seu
1102 4725 1282 4778 donmi
1329 4722 1488 4778 Bedre
1534 4721 1682 4775 labo-

91 4836 234 4878 rem,
263 4819 357 4888 qui
389 4819 563 4871 studio
603 4815 756 4870 Fieri
795 4827 1107 4880 accreremt,
1138 4817 1319 4875 verbo,
1357 4814 1681 4884 ipsissimnm

87 4903 263 4964 Beda:
293 4906 760 4979 Martyrologium,
787 4923 816 4960 a
859 4906 1020 4961 Floro
1058 4907 1111 4961 in
1160 4907 1408 4961 latiorem
1458 4903 1682 4956 formam

83 4999 421 5064 deductum,
446 5000 749 5054 certissime
773 5007 1016 5054 secutum
1043 5013 1163 5053 esse
1200 4997 1522 5052 Usuardum.

165 5101 266 5157 5'2.
304 5101 418 5173 Age
457 5118 602 5166 vero,
638 5111 806 5158 totum
863 5099 1092 5156 Usuardi
1146 5097 1611 5168 Martyrologium,
1659 5109 1691 5149 a

84 5196 288 5264 capite
339 5197 406 5248 ad
446 5195 647 5250 calcem
693 5193 878 5248 evolve
920 5200 976 5248 et
1009 5201 1222 5256 excute,
1271 5191 1462 5245 viceris
1513 5191 1556 5244 si
1606 5188 1693 5241 vel

85 5285 333 5340 unicum
364 5285 598 5354 elogium
647 5284 916 5354 repereris
961 5299 1027 5337 ex
1068 5283 1134 5338 iis
1177 5283 1428 5338 omnibus
1471 5296 1590 5351 qua:
1636 5281 1691 5334 in

85 5367 351 5432 editidne
402 5375 840 5447 Papebrocltiana
891 5375 1051 5430 Floro
1085 5377 1415 5438 tribuuntur,
1457 5383 1548 5427 aut
1579 5373 1691 5427 sal-

87 5476 216 5521 tem
268 5479 397 5520 vere
427 5465 499 5519 illi
530 5466 1014 5537 quomodocunque
1049 5466 1212 5522 tribui
1265 5475 1509 5537 possunt.
1565 5464 1691 5518 Seio

82 5557 361 5628 equidem
392 5573 555 5613 unum
583 5567 677 5613 aut
704 5558 932 5614 alterum
977 5573 1083 5614 non
1115 5558 1362 5613 absimile
1400 5572 1543 5621 esse,
1595 5554 1690 5612 sed

87 5651 238 5707 illud
272 5651 618 5723 probavimus
644 5667 674 5705 a
717 5650 861 5706 Flori
900 5651 1057 5707 istius
1085 5649 1295 5706 artilice
1319 5665 1384 5704 ex
1443 5649 1691 5706 Usuardo

88 5739 465 5809 descriptum,
519 5755 582 5796 ac
611 5741 664 5811 ip
697 5742 784 5795 ius
808 5740 1039 5796 lisuardi
1070 5741 1208 5812 stylo
1244 5741 1528 5808 verbisque
1565 5754 1694 5794 con-

1797 4633 2034 4688 scrmoni
2073 4642 2486 4702 attemperasse,
2536 4643 2594 4688 ut
2620 4633 2765 4689 nulla
2789 4637 2923 4691 satis
2964 4647 3059 4692 aut
3114 4638 3378 4693 industria

1799 4735 1892 4780 aut
1941 4727 2161 4780 solertia
2212 4726 2467 4797 distingui
2498 4727 2728 4797 possint.
2769 4725 2922 4795 Quod
2971 4729 3064 4798 qui
3112 4730 3376 4784 acciderit

1799 4816 1900 4872 bac
1932 4833 2034 4870 una
2062 4818 2268 4872 ratione
2309 4818 2401 4872 tibi
2433 4816 2684 4872 facillime
2715 4821 3073 4889 persuaseris.
3099 4819 3201 4888 Qui
3228 4820 3381 4876 Beda:

1798 4908 2234 4980 lllartyrologinm
2277 4917 2494 4972 norunt,
2526 4910 2710 4979 utique
2740 4911 2988 4981 ignorare
3038 4926 3258 4980 prorsus
3291 4926 3382 4965 ne-

1798 5013 2026 5072 queunt,
2053 5013 2147 5056 aut
2172 5003 2328 5057 modo
2357 5001 2754 5070 suuplicissimo
2776 5013 2991 5058 sanctos
3013 5004 3120 5058 illic
3146 5019 3382 5058 connuec-

1799 5097 2022 5160 morari,
2053 5103 2147 5148 aut
2176 5094 2506 5166 longiuscula
2531 5096 2854 5166 quandoque
2894 5097 3208 5152 eornmdem
3254 5111 3379 5149 san-

1799 5193 2008 5239 ctorum
2036 5184 2208 5255 elogia
2239 5184 2449 5239 referri.
2480 5184 2620 5252 Quid
2644 5186 2803 5242 Floro
2836 5186 2934 5241 fuit
2956 5188 3188 5249 facilius,
3212 5201 3376 5255 quam

1800 5277 2106 5348 lmjusmodi
2146 5279 2410 5332 rationem
2445 5279 2717 5334 scribendi
2749 5281 2986 5334 imitari?
3015 5279 3156 5334 Beda
3189 5279 3240 5332 in
3269 5278 3379 5332 Ana

1798 5370 1902 5440 glia
1923 5386 1986 5425 ex
2015 5370 2166 5424 Actis
2187 5370 2271 5424 vel
2300 5371 2640 5441 passionibns
2668 5381 2966 5440 martyrum
2999 5378 3206 5438 partem
3252 5369 3376 5422 hinc

1801 5463 1925 5519 inde
1948 5463 2179 5532 aliquam
2209 5464 2576 5532 decerpserat,
2605 5477 2767 5532 quam
2812 5476 2909 5516 nos
2941 5462 3158 5516 brevem
3207 5472 3376 5529 pauco

1796 5553 1990 5627 gyrim,
2018 5551 2276 5621 elogium,
2305 5551 2693 5614 laudationem,
2722 5559 2817 5605 aut
2861 5550 3169 5606 encominm
3196 5547 3379 5618 appelo

1796 5645 1909 5700 lare
1935 5645 2343 5701 consuevimus.
2378 5642 2638 5698 Eamdem
2690 5642 3000 5696 metbodum
3055 5649 3272 5696 secutus
3321 5638 3376 5692 in

1796 5737 1967 5792 Gallia
1997 5735 2209 5800 Florus,
2257 5743 2314 5788 ut
2365 5743 2484 5788 erat
2531 5733 2770 5809 antiquis
2823 5732 3205 5796 monumentis,
3240 5739 3377 5788 testo
