3936 6348
531 342 634 397 487

1421 330 1796 391 USUARD'US
1828 331 2201 403 Messeniis
2241 330 2890 389 ssxosnaasssms.

3702 333 3817 389 483

530 449 937 509 Waudalberto.
971 449 1125 503 satis
1157 446 1639 513 histructus,-alias
1667 447 1969 519 passiones,
2002 446 2110 523 alia
2145 451 2191 509 Α
2219 446 2439 504 confero
2462 463 2650 504 versus
2669 464 2735 503 ex
2764 444 2992 505 metrico
3030 448 3272 522 ejusdem
3327 450 3554 517 mensis,
3600 451 3709 525 qui
3736 451 3815 512 ita

529 544 665 599 Acta
684 540 978 606 consuluit,
1001 540 1136 596 alios
1164 540 1388 611 proinde
1442 550 1664 594 sanctos
1702 539 1923 609 reperit,
1973 553 2113 608 quos

532 645 588 688 et
617 634 733 702 ipse
753 631 977 704 paribus
1002 633 1225 687 omnino
1275 631 1466 701 elogiis
1505 639 1830 694 exornaret;
1882 631 2116 697 servatis

533 722 678 777 idem
705 719 1051 792 praefatorum
1078 718 1388 790 passionum
1420 719 1596 785 veris,
1617 720 1704 775 vel
1731 719 1909 775 dubiis
1928 735 2118 787 narra-

536 813 795 879 tionibus,
824 827 1121 882 earumque
1147 812 1481 883 compendiis
1508 812 1798 882 adoptatis.
1845 811 1913 868 Ut
1931 813 2118 882 paucis

533 920 650 960 rem
704 913 872 959 totam
919 902 1269 974 complectar,
1299 902 1380 957 sic
1426 902 1583 958 Beda:
1607 902 1845 957 laborem
1887 913 1942 957 et
1971 902 2115 957 Flori

534 995 941 1065 studiuminter
987 1008 1047 1050 se
1089 993 1355 1059 coaluisse
1399 994 1678 1056 existimo,
1709 1004 1901 1051 utnec
1935 995 2116 1061 modo,

532 1104 634 1144 nec
654 1086 865 1152 ordine,
889 1102 990 1143 nec
1019 1086 1158 1157 ston
1189 1087 1351 1140 unius
1377 1088 1923 1153 comtuemorationes
1945 1087 2015 1142 ab
2036 1086 2118 1142 al-

532 1178 705 1237 terius
755 1173 1388 1239 commemorationihus,
1419 1178 1502 1232 vel
1551 1179 1619 1233 ah
1670 1175 1787 1247 ipso
1823 1179 2009 1234 Adone
2029 1177 2116 1233 di-

530 1267 726 1340 gnosci
764 1275 861 1321 aut
899 1266 1129 1340 disjungi
1175 1269 1467 1338 potuerint,
1530 1269 1836 1340 unicunque
1891 1270 2118 1340 proinde

534 1359 937 1429 nuncupaverit
956 1358 1114 1415 Beda:
1149 1358 1616 1432 Martyrologium,
1652 1362 1797 1432 quod
1823 1360 1863 1416 F
1867 1361 1967 1417 lori
1997 1369 2115 1417 stu-

529 1449 621 1504 dio
656 1459 989 1507 accreverat.

736 1582 850 1640 Hoc
885 1585 1022 1654 pede
1049 1595 1199 1642 recte
1227 1585 1353 1647 fixo.
1381 1586 1483 1642 alia
1536 1588 1621 1642 via
1672 1588 1962 1644 sternenda
2016 1586 2120 1645 fuit

534 1673 606 1727 ad
656 1674 1016 1746 indagandum
1070 1674 1337 1746 ‘quantum
1392 1692 1572 1748 opera1
1631 1679 1807 1745 Beda,
1856 1689 2117 1749 quantum

540 1760 733 1819 Florus
761 1766 815 1819 in
846 1766 1145 1837 colligendo
1197 1766 1576 1841 Martyrologio
1613 1770 1897 1839 posuerint
1929 1784 2119 1824 :cnm-

533 1871 641 1925 que
695 1855 914 1913 aliunde
961 1852 1301 1915 notissimum
1355 1863 1549 1918 scirem
1583 1863 1743 1919 Bedze
1785 1863 2003 1918 nomine
2033 1866 2111 1919 in-

534 1951 794 2029 scriptum
818 1965 937 2007 esse
961 1951 1400 2025 Martyrologium
1428 1955 1646 2025 aliquod
1673 1954 1981 2023 metricum,
2016 1972 2114 2012 seu

532 2039 774 2094 carmine
802 2040 1119 2096 hexametro
1148 2042 1538 2112 conscriptum,
1566 2059 1673 2099 non
1712 2042 2118 2101 Wandalberti—

536 2144 664 2183 num
692 2128 839 2195 illud,
865 2140 922 2185 ut
950 2131 1115 2201 aliqui
1140 2132 1276 2187 falso
1302 2134 1403 2188 sibi
1423 2135 1751 2209 induxerunt
1772 2135 1826 2189 in
1848 2135 2135 2201 animum,

534 2212 678 2289 quod
706 2221 866 2275 totius
896 2222 1021 2275 anni
1046 2220 1313 2278 Kalendas
1338 2224 1579 2278 decurrit
1611 2238 1626 2277 :
1657 2224 1754 2279 sed
1795 2223 1958 2294 longe
1988 2225 2116 2280 bre-

537 2312 677 2376 vius,
703 2312 899 2366 multos
925 2313 1089 2367 etiam
1120 2312 1487 2368 Kalendarum
1532 2316 1648 2369 dies
1674 2316 1910 2371 intactos
1951 2314 2117 2372 relin-

535 2415 743 2471 quens;
788 2403 968 2473 putavi
997 2418 1065 2458 ex
1122 2405 1293 2481 ipsius
1318 2420 1439 2459 cum
1468 2408 1715 2475 prosaico
1740 2423 1769 2462 a
1794 2407 1949 2464 nobis
1975 2409 2120 2464 edito

535 2492 842 2557 collatione,
876 2492 1017 2549 forte
1044 2493 1244 2564 aliquid
1294 2494 1515 2551 luminis
1560 2496 1933 2563 accessurum,
1977 2498 2121 2556 unde

535 2600 642 2639 nou
685 2584 1151 2652 inverosimiliter,
1197 2586 1355 2642 Bedes
1396 2596 1705 2645 sanctorum
1741 2588 2053 2662 compilatio
2088 2605 2122 2646 a

536 2683 679 2738 Flori
701 2684 1099 2740 accretionibus
1127 2684 1410 2741 commode
1434 2686 1599 2740 dividi
1634 2694 1689 2742 et
1716 2687 1959 2759 separari
1993 2701 2121 2759 pos-

536 2783 641 2829 set.
675 2776 852 2845 Atque
877 2791 1087 2840 eccum,
1133 2775 1420 2830 metricum
1471 2775 1601 2831 illud
1653 2785 1955 2847 Opportune
1988 2776 2121 2832 mihi

536 2867 903 2934 suppeditavit
924 2865 1141 2921 Acherii
1168 2865 1513 2936 Spicilegium
1536 2874 1682 2936 temo
1705 2865 1773 2933 Χ,
1796 2881 1827 2922 a
1847 2883 1968 2939 pag.
1994 2865 2121 2934 120,

535 2964 645 3023 quo
668 2954 722 3008 in
746 2955 1061 3024 praefatione
1081 2971 1201 3026 pag.
1236 2955 1327 3019 l4,
1354 2955 1531 3011 editor
1552 2956 1775 3023 indicat,
1791 2948 2122 3028 exscriptum

535 3061 659 3102 esse
682 3062 710 3101 a
736 3047 1022 3102 Mabilione
1048 3066 1066 3098 ι
1099 3062 1164 3102 ex
1218 3048 1452 3102 cocuobii
1487 3038 1660 3104 sancti
1709 3048 1935 3119 Remigii
1974 3048 2121 3106 Bhe-

537 3138 744 3192 mensls
788 3139 1121 3209 apographo,
1154 3147 1379 3194 exarato
1425 3155 1588 3195 manu
1614 3139 1902 3212 Bertigarii
1930 3157 2119 3197 mona-

539 3226 650 3294 chi,
676 3226 894 3282 Ebbone
913 3229 1337 3300 archiepiscopo,
1358 3230 1719 3302 praaferreque
1731 3231 1887 3288 Beda!
1904 3247 2125 3301 nomen,

540 3333 607 3374 ac
659 3320 887 3383 titulum,
931 3318 1010 3373 uti
1063 3333 1180 3386 nos,
1209 3321 1398 3391 inquit,
1431 3322 1484 3376 in
1531 3330 1678 3376 textu
1727 3323 2065 3380 exhibemus.
2101 3342 2121 3379 ι

544 3409 729 3482 Pergit
766 3410 1009 3481 pluribus
1037 3416 1324 3469 ostendere
1376 3414 1510 3469 nihil
1541 3426 1680 3480 esse,
1708 3417 1997 3486 quominus
2020 3416 2126 3473 Be-

538 3501 623 3556 da:
653 3516 780 3557 vere
827 3503 1133 3558 ascribatur
1178 3506 1463 3560 metricum
1516 3508 1620 3562 hoc
1658 3506 2124 3581 Martyrologium,

541 3593 757 3647 tametsi
794 3593 850 3648 in
881 3595 1050 3650 citato
1077 3610 1240 3667 supra
1279 3599 1589 3655 testimonio
1618 3600 1684 3655 de
1712 3599 1828 3657 solo
1876 3603 2125 3672 prosaico

536 3697 845 3739 sermonem
877 3684 1161 3741 instituere
1196 3687 1464 3755 videatur,
1498 3704 1670 3761 neque
1692 3691 1747 3745 in
1776 3690 1953 3749 indice
1992 3707 2124 3764 ορθ-

538 3790 659 3830 rum
689 3790 910 3831 suorum
942 3779 1227 3834 metricum
1269 3781 1412 3835 istud
1456 3781 1890 3856 Martyrologium
1932 3801 2127 3842 recen-

538 3875 679 3922 seat.
710 3866 766 3922 ltl
797 3869 942 3923 enim
986 3869 1183 3926 mirum
1211 3871 1382 3925 videri
1406 3887 1510 3927 non
1541 3875 1719 3940 debet,
1741 3890 1864 3931 cum
1913 3891 1980 3931 ex
2009 3877 2126 3947 ipso

538 3972 706 4030 Opere
731 3969 944 4015 constet
983 3961 1083 4017 sub
1107 3960 1268 4016 linem
1294 3963 1417 4017 vita:
1444 3967 1798 4034 compositum
1823 3966 2010 4033 fuisse,
2042 3978 2123 4022 ut-

540 4056 667 4118 pote
684 4065 809 4104 cum
838 4049 892 4104 in
918 4065 1005 4116 eo,
1029 4067 1214 4108 mense
1234 4051 1424 4124 Aprili,
1447 4055 1608 4110 etiam
1638 4055 2128 4128 Walfriduajunior

542 4150 1022 4206 commemoretur,
1065 4142 1174 4208 cui,
1238 4159 1383 4200 anno
1407 4144 1513 4199 722
1554 4147 1662 4201 vita
1701 4145 1906 4213 functo,
1953 4149 2125 4205 tribus

550 4233 728 4289 solum
757 4236 917 4291 anuis
941 4234 1084 4292 Beda
1127 4239 1506 4308 supervixerit.
1547 4239 1670 4296 Ilaec
1693 4240 1862 4297 ferme
1907 4242 2122 4297 Acbcrii

540 4326 809 4382 sententia
843 4346 856 4383 :
885 4343 1006 4399 qua:
1045 4328 1090 4384 si
1117 4343 1247 4385 vera
1275 4337 1380 4397 est,
1410 4346 1475 4387 ac
1497 4320 1625 4387 vere
1661 4332 1799 4405 Beda
1836 4333 2123 4402 postremis

540 4417 667 4473 vita:
696 4420 852 4475 annis
871 4420 1308 4495 Martyrologium
1336 4438 1493 4479 suum
1544 4425 1919 4496 qualecunque
1940 4442 2007 4482 ex
2032 4443 2121 4482 so-

542 4509 657 4615 luta
682 4506 929 4617 aratione
951 4512 1277 4622 adligatam
1332 4516 1687 4583 transtulerit,
1719 4534 1783 4609 ac
1818 4517 1957 4575 forte
1996 4535 2122 4574 san-
2144 4502 2198 4579 Π
2442 4502 3811 4622 'qh'aﬁﬁiﬁiaein-

541 4602 647 4657 ctis
676 4596 1074 4661 recentioribus
1103 4598 1313 4664 modice
1334 4610 1570 4676 auxerit,
1601 4602 1781 4665 inveni
1809 4611 1899 4666 ubi
1930 4612 2122 4682 pedem

542 4692 775 4748 alterum
797 4692 977 4767 figam,
1010 4704 1066 4750 et
1088 4697 1194 4754 nisi
1215 4698 1568 4756 vehementer
1593 4698 1768 4764 fallor.
1795 4710 1881 4767 ea,
1908 4716 2015 4772 qua
2066 4703 2121 4756 in

543 4778 832 4863 hisce‘lieri
860 4792 1038 4854 potest
1085 4778 1584 4855 verosimilitudine,
1622 4789 1862 4846 laborem
1911 4790 2053 4846 Flori
2088 4807 2119 4845 a

544 4874 735 4944 primis
780 4875 937 4934 Beda:
989 4872 1331 4934 lineamentis
1374 4879 1706 4950 distinguere
1749 4881 1975 4937 valeam.
1999 4880 2121 4937 Jam

543 4980 687 5022 nunc
720 4965 952 5025 fortasse
979 4978 1216 5026 mentem
1245 4986 1419 5026 meam
1444 4956 1767 5043 perceperis.

611 5099 700 5155 56.
738 5099 817 5156 Ea
844 5107 950 5169 est,
979 5108 1040 5157 ut
1089 5101 1389 5173 composito
1438 5102 1582 5159 inter
1607 5118 1668 5159 se
1695 5112 1922 5175 utroque
1966 5104 2124 5165 Beda:

541 5189 941 5265 Martyrologio,
973 5195 1222 5264 prosaico
1246 5209 1461 5266 nempe,
1482 5202 1543 5251 ut
1582 5196 1652 5250 ab
1689 5195 2032 5252 Henschenio
2068 5206 2124 5253 et

539 5281 908 5352 P..pehrochio
955 5285 1156 5341 editum
1213 5294 1318 5351 est,
1357 5302 1481 5360 cum
1521 5287 1750 5343 metrico
1788 5286 2118 5355 Acheriano,

540 5376 662 5435 illbs
715 5393 906 5436 omnes
947 5390 1165 5436 sanctos
1208 5389 1265 5435 et
1290 5390 1604 5435 sanctorum
1637 5378 1807 5450 elogia
1839 5379 1995 5435 Beda:
2025 5381 2122 5436 tri-

540 5466 727 5531 buam,
754 5480 985 5536 quorum
1025 5468 1079 5523 in
1121 5469 1349 5524 metrico
1378 5469 1496 5540 ipse
1544 5468 1883 5539 meminerit;
1921 5476 2119 5526 caetera

541 5558 721 5612 omnia
748 5556 909 5615 Floro
937 5559 1258 5631 relinquam.
1285 5557 1357 5615 Ut
1381 5557 1629 5629 exemplo
1662 5572 1751 5613 res
1782 5566 1983 5629 pateat,
2010 5560 2120 5630 pri-

543 5660 691 5700 mum
742 5661 981 5703 mensem
1036 5650 1263 5721 accipio,
1300 5649 1392 5719 qui
1430 5647 1579 5702 mihi
1634 5646 1833 5705 Bedam
1871 5656 2116 5706 nostrum

546 5734 804 5803 aperienti
835 5741 1092 5807 occurrit,
1123 5756 1314 5811 nstnpc
1343 5741 1663 5810 Augustum,
1696 5745 1748 5793 et
1776 5752 1898 5794 cum
1925 5739 2114 5796 eodem

2214 542 2353 596 anud
2379 541 2673 597 Acherium
2702 551 3196 612 reprazsentautur:

2306 652 2555 716 Machahel
2578 654 2783 716 Augusti
2800 665 3100 704 coronantur
3121 658 3306 709 mensis
3324 658 3374 706 in
3399 664 3512 708 oue
3534 669 3551 707 :

2308 715 2637 776 sanctumque
2660 715 2712 765 et
2733 715 2927 765 XValu'ﬂ
2950 718 3129 767 octavis
3152 726 3291 767 tenet
3315 719 3476 768 idibus
3495 718 3711 773 almum.

2307 775 2394 825 Bis
2417 779 2544 827 binis
2562 775 2717 826 victor
2740 785 2942 837 superat
2968 777 3259 829 Laurentius
3281 781 3464 832 hostes.

2307 839 2482 888 Sane-ta
2508 839 2596 887 Del
2617 839 2837 889 (ienitrix
2864 853 3012 891 senas
3033 849 3110 890 ter
3127 849 3319 891 constat
3335 844 3471 893 adire

2314 900 2576 963 ᾼηεξζὶοιῄε
2602 909 2739 963 vecta
2761 903 3070 952 interemtus
3094 902 3243 963 Virgo
3259 901 3519 954 Kalendas.

2314 959 2433 1029 inde
2450 961 2771 1029 'l‘liimotheua
2792 963 3101 1029 undecimam
3123 959 3264 1013 tenet
3280 965 3453 1015 ordine
3475 966 3643 1029 digno

2310 1023 2472 1085 Atque
2490 1023 2631 1072 simul
2655 1033 2840 1081 martyr
2862 1027 3061 1072 sui-titur
3085 1027 3479 1085 Symphorianul.

2310 1088 2517 1134 Uctonas
2536 1093 2731 1132 sanctus
2753 1088 2950 1134 sortitur
2969 1085 3359 1136 Barlholmnams.

2311 1145 2394 1195 Bis
2412 1146 2538 1194 binis
2563 1159 2734 1207 passus
2760 1146 2935 1196 colitur
2960 1149 3170 1209 Baptista
3194 1146 3425 1199 Joannes.

2217 1250 2316 1306 Hic
2340 1263 2557 1307 sanctos
2577 1260 2700 1307 octo
2727 1267 3005 1315 numeras,
3035 1268 3172 1322 quos
3200 1254 3251 1308 in
3287 1263 3472 1308 nostra
3514 1254 3807 1324 hypothesi

2217 1357 2343 1398 vere
2368 1359 2397 1396 a
2424 1342 2564 1396 Beda
2589 1343 2830 1413 signatos
2863 1343 3147 1397 dicendum
3174 1343 3294 1397 erit.
3329 1342 3468 1398 Sunt
3511 1352 3707 1398 autem
3758 1345 3806 1398 ia

2217 1434 2358 1489 Beda
2383 1444 2567 1489 nostro
2597 1436 2763 1489 notati
2795 1450 2859 1490 eo
2892 1450 3073 1489 mense
3123 1435 3314 1494 sancti.
3355 1451 3447 1491 seu
3480 1436 3674 1506 potius
3721 1454 3807 1490 ao-

2218 1526 2583 1580 nuntiationes
2629 1533 2752 1580 octo
2777 1534 2832 1579 et
2862 1526 3084 1596 viginti;
3117 1526 3223 1579 erit
3266 1541 3398 1597 ergo
3423 1542 3660 1582 necesse
3691 1528 3805 1583 hinc

2217 1615 2499 1685 consequi,
2567 1625 2625 1670 ut
2693 1617 3239 1671 commemorationcs
3307 1616 3535 1672 circiter
3595 1618 3801 1688 viginti.

2219 1723 2405 1763 mense
2457 1708 2718 1779 Augusto,
2751 1708 2908 1763 Beda:
2935 1725 2965 1762 a
2996 1697 3156 1763 Floro
3207 1710 3590 1780 superadditas
3646 1710 3803 1764 fuisse

2149 1806 2193 1867 Β
2219 1797 2506 1854 fateamur.

2286 1890 2379 1947 57.
2423 1893 2479 1946 lu
2515 1892 2620 1946 alia
2651 1892 2739 1947 hic
2761 1908 3045 1948 versamur
3067 1892 3369 1965 Lypothesi,‘
3397 1893 3660 1949 videlicet
3691 1910 3802 1950 vere

2217 1983 2285 2037 ad
2306 1981 2464 2038 Beda!
2486 1981 2952 2055 Martyrologium,
2982 1985 3124 2052 quod
3148 1982 3187 2037 F
3193 1982 3292 2038 lori
3317 1983 3501 2037 studio
3538 1985 3800 2048 accrevit,

2219 2076 2491 2146 pertinere
2519 2076 2699 2131 omnia
2751 2090 2872 2146 quae
2899 2072 3270 2132 lienschenius
3297 2084 3354 2128 et
3400 2073 3803 2144 Papebrochius

2222 2177 2476 2238 tauquam
2500 2167 2568 2225 ad
2602 2167 2864 2238 genuinos
2887 2164 3046 2221 Bedte
3099 2173 3278 2220 textus
3310 2167 3607 2236 spectantia
3651 2176 3803 2220 retu-

2219 2258 2418 2315 lerunt.
2444 2259 2566 2315 Alia
2597 2274 2819 2331 prorsus
2852 2273 3027 2328 eaque
3054 2258 3426 2328 scrupulosior
3448 2258 3803 2328 questiomo—

2219 2359 2461 2416 veretur,
2487 2360 2666 2406 utrum
2690 2351 2847 2407 Beda:
2867 2359 2923 2406 et
2945 2348 3091 2406 Flori
3128 2366 3265 2421 opus
3292 2349 3523 2406 subinde
3571 2351 3802 2422 interpo-

2220 2432 2391 2499 latum
2416 2452 2513 2498 ant
2538 2443 2881 2498 decurtatum
2911 2458 3016 2498 non
3043 2441 3242 2497 fuerit?
3263 2441 3469 2497 Verum
3500 2442 3615 2497 hoc
3636 2444 3702 2497 ad
3723 2460 3799 2496 ar-

2221 2542 2537 2605 gumentum
2592 2532 2735 2604 quod
2765 2533 2852 2590 hic
2877 2540 3172 2588 tractamus
3204 2533 3495 2604 peregrina
3526 2543 3681 2588 sunt.
3712 2532 3801 2586 Ant

2219 2640 2438 2699 purum,
2470 2633 2565 2679 aut
2588 2637 2726 2695 puro
2753 2621 3061 2692 proximum
3079 2636 3199 2676 esse
3221 2632 3468 2675 nostrum
3489 2620 3655 2676 Beda
3675 2620 3798 2674 Mar-

2223 2717 2568 2790 tyrologium,
2599 2713 2847 2785 idemque
2898 2728 3141 2784 prorsus,
3171 2728 3279 2778 quo
3307 2727 3369 2768 se
3397 2727 3565 2767 usum
3606 2711 3798 2767 fatetur

2222 2808 2361 2874 Ado,
2402 2815 2600 2878 praeter
2640 2804 2845 2877 prologi
2893 2802 3321 2881 Papehrochiani
3372 2802 3645 2867 rationes,
3687 2802 3798 2856 satis

2224 2898 2510 2956 manifeste
2535 2898 2729 2968 probat
2754 2895 3026 2966 Adoipse,
3062 2896 3189 2949 dum
3235 2902 3409 2949 totum
3436 2893 3574 2949 illud
3627 2893 3798 2963 Marty-

2226 2991 2486 3062 rologium
2516 2989 2572 3044 in
2594 3004 2754 3044 suum
2791 2985 3085 3043 transtulit.
3112 2985 3310 3040 Totum
3341 2984 3515 3040 dicoa
3536 2985 3799 3056 potissima

2225 3089 2282 3135 et
2306 3080 2572 3151 praecipua
2592 3088 2745 3149 parte
2772 3094 2787 3144 ;
2816 3093 2941 3133 nam
2969 3078 3013 3132 si
3033 3077 3157 3147 quis
3177 3075 3382 3131 Bedam
3406 3085 3659 3131 nostrum
3683 3089 3799 3129 cam

2149 3153 2195 3218 (ἶ
2228 3170 2451 3226 Rabano
2490 3179 2545 3226 et
2590 3169 2780 3226 Adone
2815 3167 3083 3234 conferat,
3127 3164 3386 3221 nonnulla
3422 3166 3553 3221 hinc
3578 3165 3701 3220 inde
3731 3180 3803 3217 re

2226 3269 2451 3318 current
2475 3261 2673 3332 quibus
2693 3258 2762 3317 ad
2795 3257 3128 3315 exactiorem
3172 3255 3407 3314 formam
3438 3254 3570 3311 Beda
3619 3263 3806 3309 noster

2228 3354 2395 3425 redigi
2420 3352 2575 3408 facile
2599 3350 2871 3422 queat.At
2889 3350 3034 3406 enim
3057 3365 3162 3404 non
3184 3348 3343 3405 video
3371 3357 3482 3402 tam
3500 3345 3807 3415 scrupulose

2224 3442 2605 3499 excutiendum
2637 3440 2859 3507 Bedam,
2882 3438 3008 3495 licet
3038 3437 3272 3492 fortasse
3299 3436 3553 3490 minutiis
3588 3434 3804 3487 nonnul-

2225 3536 2293 3592 lis
2314 3544 2553 3599 auctum,
2582 3534 2706 3589 dum
2740 3540 2847 3587 tam
2890 3530 3228 3599 confidenter
3269 3527 3691 3598 Hieronymum
3732 3526 3803 3576 di-

2225 3629 2421 3692 cimus,
2465 3642 2585 3696 qua:
2636 3625 2703 3680 ad
2753 3622 3139 3695 Hieronymum
3204 3620 3519 3675 nullatenus
3575 3631 3799 3689 spectare

2226 3734 2402 3790 posse,
2432 3719 2571 3789 apud
2600 3732 2789 3774 omnes
2810 3717 2865 3772 in
2893 3714 3144 3783 confesso
3167 3722 3273 3770 est.

2294 3820 2384 3875 58.
2422 3820 2644 3875 Frustra
2682 3818 2847 3873 etiam
2873 3832 3115 3887 oppones
3144 3816 3389 3870 futurum
3435 3829 3505 3870 eo
3549 3826 3709 3884 pacto
3754 3820 3803 3864 ut

2226 3915 2404 3984 potior
2456 3928 2581 3984 pars
2624 3909 2966 3968 celeberrimi
3010 3907 3404 3980 Martyrologii,
3440 3923 3471 3962 a
3530 3905 3808 3974 Maioribus

2227 4006 2429 4061 nostris
2470 4019 2593 4059 cum
2650 4011 2798 4058 tanta
2853 4001 3011 4056 laude
3032 4001 3190 4055 Beda:
3218 3998 3510 4062 vindicati,
3544 3997 3808 4053 mensibus

2225 4095 2452 4167 singulis
2479 4094 2635 4150 Beda:
2655 4091 3015 4161 alijudicetur.
3034 4088 3245 4145 Etenim
3274 4104 3401 4144 cum
3430 4088 3808 4142 hactenusnoa

2226 4188 2403 4244 minus
2431 4185 2545 4242 fere
2566 4183 2787 4242 dubium
2809 4183 2975 4238 fuerit
3001 4181 3131 4252 qmd
3160 4196 3228 4235 ex
3253 4180 3412 4235 Beda:
3431 4176 3807 4249 Martyrologio

2223 4279 2382 4336 Bedze
2403 4280 2681 4350 proprium
2715 4276 2789 4331 sit
2822 4290 2985 4346 quam
3009 4290 3075 4329 ex
3130 4269 3578 4342 Bieronymianis
3631 4267 3810 4323 Biem-

2224 4370 2403 4443 nymi,
2418 4386 2516 4427 seu
2540 4368 2684 4424 illius
2707 4368 2800 4439 qui
2828 4367 3006 4438 primo
3031 4364 3516 4435 llieronymianum
3547 4361 3808 4432 Many»

2221 4461 2424 4534 legium
2442 4458 2766 4529 designavit,
2797 4474 2904 4514 non
2926 4457 3183 4529 exiguum
3206 4464 3355 4511 certe
3378 4467 3563 4524 opera
3580 4449 3809 4522 pretium

2226 4657 2333 4713 que
2366 4642 2608 4707 demum,
2631 4640 2843 4695 auctori
2871 4653 2969 4695 suo
3020 4653 3130 4692 non
3155 4634 3451 4692 infundatis
3474 4631 3811 4704 argumentis

2223 4733 2525 4798 restituam,
2552 4730 2767 4787 caeteris
2793 4728 2956 4807 Floro
3006 4736 3100 4783 aut
3144 4727 3266 4783 aliis
3300 4724 3303 4727 “
3330 4723 3811 4795 interpolator-ibas

2221 4822 2517 4880 derelictis.
2558 4820 2824 4893 Equidem
2847 4827 2971 4890 post
3005 4816 3223 4888 longam
3260 4813 3812 4886 etdiligentissiman

2221 4929 2468 4984 operam,
2496 4920 2696 4984 quanta
2721 4910 2870 4983 potui
2896 4925 3027 4965 cura
3054 4917 3110 4964 et
3143 4907 3322 4965 studio
3358 4905 3693 4971 adhibitam,
3740 4904 3816 4958 ni-

2226 5005 2302 5061 hil
2324 5006 2433 5061 huc
2459 5018 2631 5074 usque
2657 5001 2833 5072 reperi
2860 5000 3004 5071 quod
3027 4999 3094 5055 ad
3124 4998 3493 5055 omnimodam
3520 4990 3814 5053 vet-osini-

2225 5093 2505 5152 litudinem
2536 5092 2759 5165 prepius
2779 5089 3024 5146 accedat.
3054 5089 3234 5160 Atque
3263 5090 3363 5144 has
3389 5094 3615 5143 nostras
3644 5084 3813 5139 ratio-

2222 5202 2341 5249 nes,
2372 5201 2465 5242 seu
2507 5184 2678 5240 mavis
2713 5182 3075 5253 conjecturas,
3107 5179 3439 5236 eruditorum
3465 5175 3732 5233 censuris
3766 5183 3817 5229 et

2216 5273 2437 5343 judiciis
2485 5262 2751 5344 tantisper
2800 5286 3105 5343 proponere
3156 5284 3263 5324 non
3328 5258 3723 5331 formidamus,
3774 5261 3815 5317 si

2225 5362 2367 5421 forte
2408 5364 2653 5419 clarioris
2704 5362 2838 5418 lucis
2866 5360 3067 5432 aliquid
3122 5359 3336 5415 aliunde
3384 5354 3671 5427 allulgeat,
3715 5370 3818 5427 quo

2227 5440 2446 5510 tandem
2502 5453 2689 5519 tutius,
2720 5452 2966 5508 securius
2995 5459 3051 5506 et
3076 5450 3297 5513 certius,
3326 5447 3494 5519 ipsius
3521 5444 3700 5502 Beda:
3729 5462 3819 5518 pa-

2226 5562 2320 5603 rus
2348 5556 2406 5602 et
2437 5546 2709 5619 genuinus
2737 5545 2858 5601 fons
2885 5546 2955 5600 ab
2996 5543 3347 5600 inﬂuentibus
3376 5549 3430 5599 et
3452 5540 3722 5596 ascititiis
3752 5540 3822 5595 ri-

2223 5636 2362 5694 vulis
2381 5645 2728 5709 expurgetur.
3812 5630 3819 5639 ’

2294 5739 2384 5796 59.
2426 5739 2644 5795 Interim
2671 5753 2801 5796 vero
2841 5737 3142 5799 monendus
3182 5739 3271 5795 hic
3300 5737 3494 5791 iterum
3528 5734 3714 5789 lector
3739 5747 3823 5787 me
