3936 6348
126 333 222 389 489

1470 321 2008 378 PROLEGOMENA.

3266 319 3370 372 ζετο

123 458 233 502 tota
273 445 443 499 ferme
501 433 787 498 Usua'rdin‘i
842 440 1203 513 Martyrologii
1254 438 1567 493 recensione
1616 435 1694 490 sic
1721 441 1772 497 Α
1799 436 2012 490 bentur.
2036 435 2146 490 Nec
2177 450 2322 499 vero,
2347 435 2508 488 etiam
2533 449 2625 502 0pc
2651 442 2697 485 et
2721 431 2950 485 subsidio
2976 429 3124 484 Flori
3155 429 3370 498 Lugdu-

125 549 333 605 setuper
351 531 549 588 Bedam
578 542 634 586 et
655 531 874 586 Florum
913 533 1111 586 citasse
1131 540 1288 600 prout
1321 529 1396 583 ab
1435 527 1751 605 Heuscbe-;.

122 627 212 681 nio
260 633 317 679 et
358 623 726 692 Papebrochio
777 622 1050 677 distinctis
1103 624 1242 692 typis
1297 620 1498 691 vulgati
1553 628 1698 687 sunt,

123 715 567 786 quemadmodum
585 707 1002 784 Hieronymiana
1023 717 1348 784 apographa,
1377 730 1470 770 seu
1487 714 1702 769 codices

120 800 570 874 Hieronym‘iauos
608 802 837 873 appello,
865 812 1000 871 Quos
1025 804 1395 860 Florentinius
1442 813 1496 858 et
1520 805 1698 858 Ache-

124 896 232 950 rius
259 894 502 955 edidere,
534 902 627 946 aut
650 893 792 960 apud
839 907 939 946 nos
968 895 1324 962 manuscripti
1354 903 1585 955 exstant,
1615 901 1699 946 ta-

124 986 280 1040 metsi
305 985 391 1038 alii
432 984 553 1038 aliis
601 983 872 1038 auctiores
918 984 1051 1047 sint,
1080 984 1160 1038 vel
1208 986 1379 1056 magis
1405 997 1498 1040 aut
1525 986 1702 1040 minus

125 1074 449 1144 interpolati.
477 1072 535 1127 Si
558 1087 770 1142 quaeras
801 1074 888 1127 cui
941 1074 1264 1128 ascribenda
1311 1076 1420 1128 sint
1447 1075 1617 1140 elogia
1645 1075 1699 1128 in

123 1173 306 1218 nostra
357 1163 594 1216 editione
626 1163 786 1217 Floro
822 1164 1104 1227 attributa,
1136 1165 1349 1218 sincere
1390 1164 1600 1220 fatebor
1647 1165 1701 1219 id

124 1269 205 1308 me
243 1267 463 1322 prorsus
493 1253 759 1322 ignorare.
804 1252 1093 1318 Caeterum,
1145 1269 1268 1308 cum
1316 1256 1403 1309 hic
1427 1256 1480 1310 in
1521 1255 1702 1324 conje-

124 1343 314 1396 cturali
339 1342 564 1396 scientia
595 1357 908 1406 versemur,
929 1343 1068 1411 'quid
1098 1353 1242 1396 vetat
1271 1344 1701 1413 probabilissime

124 1445 367 1485 asserere
397 1431 641 1500 singulos
688 1432 959 1493 codicum,
986 1446 1053 1485 ex
1083 1433 1281 1502 quibus
1304 1443 1527 1504 accepta
1553 1443 1699 1500 sunt,

125 1519 503 1588 compilatores
552 1519 752 1572 Bedam
783 1527 840 1572 et
891 1520 1109 1574 Florum
1143 1521 1403 1586 imitatos,
1451 1538 1548 1592 pro
1603 1539 1702 1579 suo

124 1625 384 1678 quemque
407 1610 622 1679 ingenio
646 1611 938 1674 addidisse,
965 1626 1086 1679 qua:
1109 1627 1175 1666 ex
1195 1613 1588 1682 passionalibus
1611 1622 1702 1668 aut

123 1701 336 1754 aliunde
363 1700 614 1769 decerpta
643 1700 883 1754 testibus
903 1701 1014 1755 suis
1039 1709 1162 1770 apte
1187 1704 1478 1757 convenire
1517 1719 1701 1759 cense-

1805 526 2008 591 nensis,
2049 534 2159 581 tam
2211 535 2355 581 certa
2402 525 2498 593 ipsi
2533 524 2632 578 ftiit
2661 523 2969 578 solemnfum
2998 522 3197 574 dierum
3231 538 3372 574 com-

1803 615 2097 684 prehensio,
2125 624 2186 669 ut
2232 630 2337 669 non
2390 630 2559 684 stupe,
2593 621 2778 668 contra
2809 612 3202 681 apertissimum
3232 611 3375 664 anti-

1804 683 2054 774 quiorum
2090 683 2574 773 Martyrologornm
2603 703 2948 766 sententiam,
2984 714 3079 769 pro
3102 714 3198 754 suo
3228 688 3375 755 arbi.

1801 793 1908 845 trio
1933 791 2048 846 dies
2077 793 2280 860 aliquot
2305 792 2714 861 tranSposuerit.
3083 802 3088 807 ‘

1875 885 1964 938 6|.
2008 885 2137 952 Qua:
2162 886 2250 941 hic
2281 885 2524 939 Bollandi
2556 885 2896 954 praefationi,‘
2935 885 3269 955 aliorumque
3313 888 3379 942 de

1803 974 2187 1029 Wandalberto
2215 974 2616 1030 narrationibus
2673 975 3123 1044 superadtlimus;
3159 991 3224 1031 eo
3254 992 3377 1046 spc-

1803 1071 1953 1119 ‘ctant
1981 1067 2216 1120 maxime
2245 1074 2305 1120 ut
2351 1066 2644 1135 specimina
2673 1067 3048 1130 exhibeamus,
3091 1081 3158 1120 ex
3186 1068 3382 1136 quibus

1804 1165 2059 1225 appareat
2109 1155 2274 1210 multa
2304 1171 2401 1224 pro
2430 1170 2528 1210 suo
2554 1156 2706 1208 libitu
2739 1155 3183 1210 Wandalbertum
3207 1157 3382 1226 diges-

1802 1248 1955 1301 sisse.
1991 1247 2246 1314 Quaerant
2270 1247 2359 1300 alii
2388 1247 2604 1315 quinam
2633 1246 2670 1300 ii
2699 1245 2899 1300 fuerint
2925 1245 3044 1300 libri
3072 1247 3381 1310 authentici,

1803 1352 1867 1391 ac
1894 1347 2082 1391 veteres
2105 1336 2367 1390 emendati
2389 1336 2613 1400 codices,
2646 1336 2788 1391 unde
2829 1334 3058 1390 Sanctos
3099 1351 3225 1390 suos
3270 1351 3379 1390 me—

1805 1429 1904 1482 tris
1929 1429 2211 1498 illigandos
2264 1426 2682 1482 Wandulbcrtus
2748 1428 3059 1502 acceperit;
3091 1442 3190 1496 ego
3237 1436 3384 1480 certe

1803 1517 1989 1572 dubito
2022 1534 2089 1572 an
2120 1521 2236 1574 haec
2261 1520 2438 1574 omnia
2479 1535 2586 1574 non
2613 1521 2784 1590 magis
2806 1505 3023 1584 ornate,
3055 1535 3216 1589 quam
3253 1533 3383 1574 vere

1803 1607 2187 1676 praedicentur.
2217 1609 2437 1671 Bedam,
2483 1617 2543 1662 tit
2583 1625 2612 1663 a
2652 1621 2832 1664 sancto
2873 1621 2921 1663 et
2965 1611 3382 1663 nominatissimo

1806 1695 1969 1750 Floro
1990 1709 2180 1753 auctus
2204 1699 2398 1761 fuerat,
2430 1715 2542 1769 prae
2567 1701 2740 1754 oculis
2773 1701 3024 1756 habuisse
3066 1701 3208 1754 ttltro
3261 1715 3383 1754 con-

122 1791 268 1844 bant.
292 1789 348 1844 ld
378 1799 530 1844 certe
559 1791 954 1844 admittendum
970 1791 1024 1844 in
1050 1792 1326 1847 codicibus
1364 1793 1700 1859 Usuardinis,
1731 1796 1777 1855 B
1805 1787 2066 1852 cedimus»,
2091 1788 2302 1842 tametsi
2325 1789 2376 1841 in
2407 1802 2472 1842 eo
2502 1787 2870 1858 scrupulosior
2900 1787 3068 1843 fuisse
3096 1803 3201 1842 non
3221 1802 3384 1857 appa-

124 1894 175 1946 5n
198 1894 334 1948 quos
358 1878 968 1947 tantainterpolatorum
996 1879 1218 1935 libertas
1243 1891 1487 1950 grassata
1516 1891 1621 1946 est,
1645 1891 1704 1934 ut

125 1971 359 2024 auctaria
385 1976 441 2022 et
465 1969 827 2024 additamenta
859 1968 903 2022 si
929 1970 1110 2023 omnia
1152 1969 1565 2041 conjungantur,
1597 1973 1704 2026 sin-

124 2057 259 2123 gulis
301 2071 467 2126 prope
516 2055 728 2120 diebus,
761 2054 966 2110 textum
1000 2057 1178 2126 ipsum
1209 2057 1577 2113 Usuardinum
1604 2058 1703 2112 du-

123 2146 229 2215 plo,
245 2147 424 2216 triplo,
450 2161 591 2216 saepe
613 2147 934 2216 quadruplo,
961 2147 1071 2203 imo
1094 2149 1380 2219 quintuplo
1394 2158 1450 2204 et
1472 2150 1702 2220 amplius

123 2246 462 2306 exsuperent.
522 2235 646 2291 Haec
698 2237 767 2290 de
813 2236 953 2292 Beda
985 2247 1041 2293 et
1077 2237 1260 2293 Floro.
1307 2237 1460 2294 Nunc
1490 2240 1556 2294 ad
1591 2248 1703 2294 tres

125 2328 260 2382 alios
285 2328 552 2397 antiquos,
583 2342 676 2382 seu
723 2327 977 2383 classicos
1025 2329 1413 2401 martyrologos
1441 2341 1702 2400 propere-

129 2432 272 2471 ιηιιε.

648 2501 1044 2563 ARTICULUS
1070 2505 1159 2562 III.

201 2613 276 2669 De
329 2617 490 2670 tribus
515 2617 631 2671 aliis
662 2616 1056 2687 Martyrologiis
1092 2617 1325 2671 Usuardi
1373 2620 1625 2690 cognatis.

451 2749 478 2812 §
512 2750 548 2800 l.
574 2777 632 2786 —
660 2749 733 2800 De
760 2750 1096 2801 \Vaudalberti
1127 2753 1357 2802 metrico.

189 2858 628 2933 ﬂieronymiana,
654 2861 849 2916 Bedam
877 2872 932 2917 et
953 2861 1193 2925 Florum,
1213 2863 1351 2918 inter
1371 2861 1554 2918 Gallos
1567 2863 1705 2919 Mar-

118 2953 407 3023 tyrologos,
423 2963 582 3008 aetate
595 2953 1580 3024 proximussequiturWandalbertus,
1598 2973 1708 3012 mo-

117 3042 322 3096 nachus
356 3041 686 3097 Prumiensis
715 3044 767 3096 in
796 3043 1017 3098 dimcesi
1052 3043 1385 3108 Trevirensi,
1436 3046 1529 3115 qui
1564 3045 1705 3100 Mar-

117 3132 440 3202 :yrologium
463 3149 642 3196 suum,
661 3142 722 3186 ut
745 3133 984 3187 ostendit
1003 3133 1293 3188 Bollandus
1317 3151 1440 3206 pag.
1463 3152 1557 3198 LII,
1574 3138 1708 3192 scri-
1737 3161 1781 3222 ρ
1814 3142 1858 3176 δί
1879 3129 2006 3190 «N9-

117 3223 227 3289 psit
253 3237 395 3275 anno
408 3222 531 3287 842,
559 3223 698 3277 male
720 3226 788 3278 ab
803 3238 1023 3292 operum
1045 3223 1197 3277 Beda:
1209 3226 1504 3282 editoribus
1526 3229 1705 3283 tomol

117 3308 534 3387 insertum,_sub
563 3309 719 3363 titulo
743 3309 1149 3378 Ephemeridum
1176 3309 1357 3377 Bedte,
1413 3328 1536 3368 cum
1590 3331 1705 3369 me-

115 3397 315 3451 tricum
341 3399 499 3467 hujus
525 3399 987 3470 Martyrologium,
1030 3399 1096 3454 de
1120 3415 1227 3470 quo
1253 3401 1480 3457 articulo
1506 3418 1704 3472 praece-

115 3487 266 3541 denti
307 3490 543 3558 egimus,
574 3491 952 3544 brevissimum
991 3490 1084 3554 sit,
1133 3501 1284 3546 certe
1325 3491 1483 3547 Beda;
1507 3494 1704 3548 ascribi

115 3575 274 3630 nefas
299 3577 391 3641 sit,
426 3578 524 3630 nisi
554 3577 887 3647 quamplures
940 3577 1298 3633 Kalendarum
1330 3581 1440 3634 dies
1479 3583 1703 3638 intactos

113 3666 401 3734 relinquat,
429 3667 518 3720 ubi
549 3667 759 3721 interim
785 3676 1029 3722 nostrum
1046 3669 1150 3722 hoc
1170 3667 1699 3737 Wandalbertinum,

109 3770 218 3825 per
247 3766 418 3810 totum
445 3758 570 3811 anni
591 3758 875 3822 circulum,
908 3775 1077 3812 unum
1112 3759 1305 3814 saltem
1339 3775 1586 3817 sanetum
1621 3780 1705 3818 re-

110 3845 224 3901 fert
252 3847 443 3902 diebus
473 3848 716 3919 singulis.
749 3847 858 3903 Sed
887 3849 952 3903 de
980 3865 1108 3905 vero
1134 3860 1359 3906 auctore
1387 3868 1546 3907 nemo
1589 3855 1702 3924 jam

109 3948 198 3994 est
222 3939 320 4008 qui
349 3940 593 4006 dubitet;
627 3950 681 3995 tu
711 3941 832 3995 vide
887 3942 1028 4010 apud
1082 3941 1246 3996 Bulla:
1270 3943 1398 3997 dum
1432 3946 1705 4014 praefatio-

110 4046 242 4086 nem
276 4030 442 4100 ipsius
471 4031 862 4096 Wandalberti,
897 4048 962 4086 ex
989 4049 1094 4102 qtta
1126 4035 1193 4088 ad
1224 4049 1338 4088 rem
1360 4046 1600 4091 nostram
1625 4037 1705 4091 fa-

109 4122 276 4174 ciunt
303 4121 578 4190 sequentia
605 4124 769 4176 verba
801 4139 815 4174 :
859 4141 877 4173 ‹
906 4122 963 4176 In
999 4138 1107 4191 quo
1135 4138 1319 4192 opere,
1346 4126 1472 4193 quia
1505 4126 1703 4180 solem-

107 4210 274 4264 nium
304 4210 510 4264 dierum
561 4212 864 4266 certissima
904 4213 1319 4281 comprehensio
1371 4230 1478 4269 non
1513 4214 1705 4271 leviter

106 4315 220 4355 nec
254 4298 411 4354 facile
445 4316 544 4371 pro
583 4301 843 4355 librorum
877 4303 1140 4374 varietate
1200 4304 1474 4370 obstabat,
1519 4322 1618 4377 ope
1651 4317 1706 4362 et

100 4390 361 4444 subsidio
380 4392 645 4460 praecipue
675 4407 802 4446 usus
829 4407 947 4446 sum
999 4394 1173 4468 sancti
1204 4402 1260 4448 et
1287 4395 1702 4450 nominatissimi

1803 1889 1942 1934 reat.
1968 1879 2046 1933 Ex
2066 1881 2338 1935 codicibus
2363 1879 2796 1951 Hieronymianis
2822 1890 3038 1935 sanctos
3062 1881 3266 1950 aliquot
3290 1881 3384 1934 de-

1805 1969 2090 2039 cerpsisse,
2141 1984 2293 2038 teque
2360 1979 2567 2023 certum
2624 1979 2744 2034 est;
2777 1977 2834 2023 at
2894 1979 3154 2040 praeterea
3215 1969 3380 2030 alios.

1804 2058 2019 2114 aliunde
2046 2061 2358 2125 accersitos,
2386 2074 2486 2128 pro
2526 2067 2738 2126 suamet
2775 2061 3100 2114 auctoritate
3129 2061 3211 2114 eis
3240 2058 3387 2127 adje-

1805 2151 1967 2215 cisse,
2022 2149 2322 2205 luculenter
2375 2151 2736 2205 demonstrari
2772 2157 2970 2219 potest.
3003 2151 3082 2204 En
3110 2164 3284 2219 pauca
3317 2151 3384 2204 de

1804 2242 1987 2296 multis
2007 2241 2269 2310 exempla.
2298 2242 2390 2297 Sic
2419 2243 2616 2297 habet:

1805 2345 1884 2379 xvi
1903 2329 2070 2380 tFebr.
2096 2330 2450 2392 llissenumque
2474 2333 2602 2379 diem
2627 2331 2862 2380 Martialis
2880 2337 3074 2380 sanctus
3093 2331 3317 2380 honorat.

1805 2403 1888 2440 ικί
2094 2391 2354 2450 Victoriae,
2374 2391 2468 2442 tuo
2493 2405 2648 2442 nonus
2668 2394 2732 2442 de
2758 2394 2948 2454 nomine
2975 2394 3144 2454 fulget.

1805 2466 1903 2500 xxv
2083 2454 2256 2516 Quinta
2280 2454 2658 2516 diesCresceinti
2683 2467 2890 2516 augetur
2916 2452 3062 2501 laude
3078 2455 3227 2503 beati.

1804 2517 1837 2560 ιι
1860 2516 2025 2574 Mart.”
2084 2515 2228 2574 Senis
2246 2527 2354 2561 mox
2379 2515 2526 2562 Nonis
2547 2515 2784 2563 Heraclus
2810 2517 2906 2562 Pau
2930 2527 3084 2574 usque
3107 2518 3348 2567 coluntur.

1739 2589 1748 2595 ν
1806 2589 1871 2623 xx
1885 2573 2046 2636 April.
2080 2573 2324 2638 Festaque
2349 2576 2540 2638 Syrtesii
2561 2575 2868 2624 celebrantur
2889 2573 3108 2638 martyris
3129 2576 3264 2638 almi,
3287 2607 3300 2613 -

2084 2637 2326 2684 l‘untlticus
2350 2635 2549 2695 tumulo,
2574 2638 2788 2684 doctrina
2807 2646 2858 2683 et
2882 2635 3040 2684 morte
3061 2637 3208 2687 beati.

1809 2711 1890 2746 xm
1914 2697 2022 2748 Jul.
2077 2697 2273 2745 Tertius
2305 2697 2562 2758 {Egyptum
2590 2705 2854 2757 praesentat
2878 2698 3129 2757 Serapioni
3148 2735 3165 2759 ,

1803 2788 1808 2792 -
2083 2759 2276 2808 Attalus
2298 2769 2350 2805 et
2373 2772 2418 2806 tn
2434 2765 2554 2817 nrtyr
2578 2759 2763 2807 caelesti
2789 2759 2908 2806 llore
2934 2761 3148 2807 nitescit.

2084 2820 2145 2870 Et
2165 2829 2352 2868 ternatn
2373 2822 2547 2868 deuam
2571 2818 2868 2868 l’hiltbertus
2888 2829 3083 2866 sanctus
3105 2819 3322 2871 adornat.

2081 2881 2191 2930 Mox
2215 2894 2462 2928 nonsm....
2488 2878 2657 2938 Atluils
2688 2889 2739 2927 et
2761 2879 2925 2927 Niceta
2949 2888 3213 2930 sacrarunt.

2090 2945 2303 3002 Quatuor
2320 2941 2458 2990 habet
2476 2953 2640 2990 versus
2656 2943 2719 2988 de
2733 2953 2914 2993 (antea:
2929 2939 3083 2990 atione
3101 2939 3269 2992 altaris
3283 2955 3312 2991 α
3327 2945 3385 2994 ς.

2145 3001 2388 3070 Stephano
2412 3013 2555 3070 papa,
2573 3002 2773 3063 aliisque
2787 3015 2844 3052 eo
2866 3003 3178 3064 speaatuibus
3200 3007 3261 3054 de
3283 3007 3391 3067 qui-

2155 3062 2241 3113 bus
2253 3062 2374 3119 'ulibi
2397 3062 2536 3111 nihil.

2091 3124 2258 3187 Idibus
2276 3127 2475 3182 octavis,
2501 3132 2707 3173 mortem
2733 3137 2928 3186 passura
2950 3137 3245 3187 crucemque

2088 3186 2262 3251 (‘Jltristi
2278 3193 2440 3251 διηφίει
2454 3199 2584 3251 caro,
2601 3188 2866 3251 tetllereain
2882 3188 3015 3235 dedit
3027 3195 3138 3238 ante
3153 3186 3370 3251 ligurum.

1806 2878 1923 2930 ἰιιν

1809 2957 1960 2992 XXVIII

1809 3262 1930 3298 χχιιι
2091 3247 2265 3297 Lucius
2289 3257 2340 3296 et
2367 3247 2654 3298 Ptolomaeus
2675 3248 2849 3295 denam
2873 3254 3052 3297 virtute
3077 3247 3326 3298 coronant.

1803 3322 1872 3358 xx
1883 3324 1956 3359 vui
2088 3308 2192 3370 llsc
2212 3321 2410 3370 quoque
2431 3308 2686 3369 Pelagium
2706 3308 2812 3365 [uso
2830 3322 2918 3369 pro
2933 3312 3173 3369 sanguine
3187 3310 3388 3361 clatum.

1807 3385 1822 3416 ι
1855 3374 1991 3433 Sept.
2083 3369 2189 3433 ᾖδε
2213 3369 2264 3418 et
2283 3369 2494 3433 veneras
2520 3370 2718 3433 rutilant
2741 3371 2972 3418 solemnia
2996 3381 3192 3422 sanctae.

1809 3445 1857 3480 χι
1921 3430 1931 3433 ⁷
2090 3430 2354 3478 Hassitnul
2377 3438 2426 3478 et
2452 3431 2588 3478 Felix
2617 3431 2746 3480 felici
2774 3439 2929 3479 morte
2948 3433 3156 3480 dicavit:

1803 3501 1807 3508 '
2090 3492 2322 3552 Martyrio
2343 3490 2542 3553 ιιρευιω
2564 3500 2728 3540 sancto
2755 3493 3037 3553 pariterque
3056 3493 3232 3541 beata.

1803 3568 1855 3604 XI
1877 3557 2001 3606 Nov.
2210 3555 2334 3602 votis
2357 3552 2580 3608 festoque
2604 3561 2796 3600 vocatur
2820 3552 3014 3609 eodem,

2082 3613 2337 3676 Exsilium,
2366 3611 2571 3674 ﬂagella.
2598 3615 2767 3672 minas,
2789 3620 3327 3676 torui-entanecemque

2084 3675 2180 3725 Pro
2199 3675 2387 3727 Christo
2410 3687 2643 3737 perpessa
2666 3675 2811 3724 simul
2830 3673 3078 3724 Domicilla
3102 3673 3387 3739 triumphat.

1806 3779 1993 3834 Plures
2051 3778 2355 3849 bujusmodi
2412 3777 2582 3833 sancti
2638 3779 2693 3832 in
2752 3777 3140 3836 Wandalbcrto
3195 3796 3384 3836 recur-

1805 3879 1957 3932 runt,
2005 3885 2139 3938 quos
2189 3869 2328 3938 apud
2389 3869 2524 3924 alios
2588 3868 3014 3940 Martyrologos,
3065 3871 3257 3926 saltem
3310 3873 3390 3927 sic

1802 3959 2009 4029 positos
2064 3960 2270 4015 frustra
2332 3959 2629 4029 quaesieris.
2691 3959 3153 4026 Quemadmodum
3207 3971 3385 4017 autem

1800 4048 1973 4106 libere
2013 4059 2228 4105 sanctos
2265 4051 2462 4105 multos
2506 4050 2737 4118 signavit
2789 4051 2909 4106 aliis
2950 4053 3274 4122 incognitas,
3306 4055 3387 4109 sic

1805 4158 1912 4197 non
1950 4143 2143 4196 minori
2181 4142 2470 4208 libertate,
2510 4150 2606 4196 aut
2645 4143 3012 4198 Kalendarum
3052 4145 3170 4199 dies
3207 4156 3388 4201 trans-

1804 4231 2013 4302 posuit,
2054 4241 2146 4287 aut
2201 4232 2380 4303 aliqua
2436 4232 2698 4297 inseruit,
2739 4249 2859 4302 qua:
2914 4236 3054 4305 apud
3113 4236 3387 4309 antiquio-

1805 4324 1910 4374 res'
1951 4321 2345 4392 tuartyrologos
2409 4336 2518 4376 non
2590 4332 2886 4390 repet-erat.
2948 4322 3121 4378 Lubet
3190 4324 3383 4380 iterum

1799 4405 2064 4480 exemplis
2111 4411 2357 4482 pauculis
2414 4427 2529 4467 rem
2586 4411 2877 4468 elucidare.
2935 4411 3027 4469 Sic
3075 4414 3235 4470 habet
3293 4432 3382 4470 χλι

101 4479 146 4535 F
152 4479 289 4545 lori,
324 4480 691 4553 Lugdunensis
740 4481 982 4575 ecclesia:
1021 4483 1358 4575 subdiaconi,
1386 4483 1479 4575 qui
1512 4493 1570 4538 ut
1598 4499 1698 4540 no-
1724 4495 1776 4556 1)
1803 4503 2019 4575 Αριιῃίε,

102 4582 235 4626 tum
265 4581 530 4641 tempore,
561 4587 747 4626 revera
775 4570 1034 4642 singulari
1061 4574 1241 4628 studio
1269 4582 1326 4628 et
1358 4574 1693 4638 assiduitate,

103 4660 164 4713 in
220 4659 430 4714 Divina
478 4661 774 4731 Scriptura:
821 4664 1048 4717 scientia
1073 4663 1294 4733 pollere,
1336 4665 1408 4718 ita
1437 4664 1697 4723 librorum

99 4751 580 4815 authenticorum,
617 4767 721 4807 non
775 4752 1035 4808 mediocri
1067 4754 1220 4824 c0pia
1267 4763 1324 4809 et
1357 4755 1585 4809 veritate
1613 4770 1698 4811 co-

97 4840 401 4910 gnoscitur
437 4841 732 4897 abundare.
758 4842 969 4900 Abhoc
1018 4858 1142 4914 ego,
1171 4845 1398 4913 sumptis
1426 4845 1699 4901 veteribus

93 4932 525 5003 emendatisque
580 4933 877 4998 codicibus,
927 4933 1367 5006 Martyrologium
1426 4936 1622 4992 librum
1665 4954 1696 4993 a

94 5021 374 5077 Kalendis
420 5021 662 5078 Januarii
690 5038 860 5094 usque
883 5026 951 5080 ad
979 5027 1142 5080 tinent
1167 5027 1316 5092 anni,
1345 5042 1442 5096 per
1487 5029 1694 5084 dierum

88 5113 454 5184 singulorum
504 5124 853 5169 occurrentes
903 5114 1222 5171 festivitates
1275 5129 1450 5173 metro
1477 5119 1639 5174 edidi.
1674 5139 1692 5170 ι

88 5199 368 5256 Orawrie
397 5202 483 5257 hic
540 5201 683 5273 loqui
736 5204 953 5257 videtur
987 5203 1444 5270 Waudalbertus;
1485 5223 1611 5261 natn
1651 5208 1695 5262 sl

89 5305 229 5344 rem
261 5292 437 5359 ipsam
467 5290 776 5362 diligentius
801 5292 1172 5362 inspiciamus,
1212 5311 1544 5367 quaecunque
1579 5299 1696 5366 ipse

85 5397 170 5434 ex
204 5380 362 5432 libris
387 5381 494 5436 illis
523 5382 851 5446 autltentt'cis,
883 5384 1137 5436 veteribus
1158 5395 1206 5437 et
1245 5387 1528 5440 emendatis
1551 5388 1695 5440 codi-

84 5473 259 5524 cibus
299 5471 471 5525 scitur
499 5473 880 5552 desumpsisse,
909 5473 974 5527 ad
1004 5491 1165 5529 unam
1219 5475 1690 5545 Kalendariorum,

81 5561 454 5632 Hieronymi,
479 5561 634 5617 Beda:
663 5574 719 5618 et
742 5563 886 5619 Flori
914 5564 1446 5636 Martyrologiorunt,
1473 5578 1527 5622 et
1557 5569 1693 5624 forte

76 5651 501 5722 passionalium
531 5653 732 5724 aliquot
783 5655 1166 5722 supellcctilem
1196 5657 1447 5712 facillime
1477 5671 1692 5715 contra-

437 5746 713 5808 I’s'rttOL.
756 5747 1043 5808 CXXIII.

1932 4593 2197 4646 Undecima
2215 4596 2362 4647 Gaius
2387 4600 2572 4660 pariter
2594 4599 2893 4664 Slmeonque
2910 4599 3150 4652 coluntur.

1805 4698 1922 4753 Non
1963 4708 2140 4770 potest
2166 4717 2286 4757 esse
2315 4703 2452 4759 alius
2477 4705 2568 4760 hic
2609 4705 2772 4761 Caius
2800 4721 2962 4777 quam
2993 4723 3150 4779 papa,
3199 4712 3289 4780 qui
3319 4713 3382 4769 ad

1727 4837 1732 4842 .
1806 4791 1946 4845 diem
1997 4803 2312 4862 sequentem
2360 4793 2614 4863 pertinet.
2651 4796 2693 4851 A
2725 4798 2948 4868 proprio
2991 4799 3078 4855 die
3116 4802 3382 4886 remotior

1805 4890 1910 4948 est,
1935 4897 2101 4951 quum
2125 4898 2190 4939 ex
2215 4880 2474 4941 Januario
2498 4886 2578 4941 sic
2605 4887 2752 4942 canit
2775 4903 2865 4943 xvr
2891 4887 3018 4954 Maii
3044 4893 3058 4943 :‘
3116 4880 3119 4892 ⁵

1924 4993 2139 5064 Septima
2158 4994 2445 5064 [instituens
2466 5009 2573 5045 cum
2597 4997 2725 5045 deus
2753 5000 2950 5064 nomine
2971 4999 3120 5064 lucet,

1926 5055 2151 5107 Veridica
2177 5056 2352 5106 Paulus
2367 5061 2529 5106 docuit
2549 5071 2698 5120 quem
2725 5072 2840 5110 voce
2859 5063 3048 5111 beatus.

1801 5135 1892 5193 Sic
1920 5153 1971 5192 vr
2001 5137 2144 5192 Junii
2172 5137 2318 5192 illum
2346 5139 2549 5208 posuit,
2576 5139 2668 5210 qui
2699 5142 2765 5196 ad
2789 5157 2865 5197 vn
2893 5151 3101 5212 spectat
3126 5158 3140 5195 :

1921 5226 2128 5294 Qetavas
2148 5226 2261 5294 ldus
2280 5227 2485 5294 (lentus
2511 5229 2769 5294 episcopus
2786 5241 2946 5294 ornat,

1927 5287 2111 5339 Urbem
2133 5293 2217 5351 qui
2241 5291 2371 5339 fulsit
2395 5287 2624 5340 Gratiano
2645 5287 2916 5354 a'priucipe
2930 5287 3126 5342 'dictam.

1803 5391 2013 5446 Rursus
2060 5409 2128 5447 xx
2170 5392 2314 5447 Junii
2350 5393 2580 5448 Vitalem
2628 5393 2878 5458 collocat,
2923 5395 3075 5464 quasi
3125 5396 3215 5450 hic
3255 5406 3378 5467 post

1802 5480 1940 5536 lilios
1965 5480 2284 5538 Gervasium
2313 5489 2369 5536 et
2405 5481 2707 5536 Protasium
2757 5483 2845 5536 die
2892 5484 3136 5551 sequenti
3183 5499 3375 5553 passus

1799 5571 1892 5633 sit,
1920 5572 1985 5624 de
2017 5587 2126 5640 quo
2153 5573 2242 5628 alii
2289 5581 2450 5642 agunt
2482 5588 2647 5626 xxvnt
2699 5571 2915 5641 Aprilis.
2949 5572 3022 5627 En
3060 5574 3176 5642 ejus
3206 5575 3375 5630 versi-

1799 5662 1977 5718 culum
2011 5680 2024 5717 :

2904 5759 2976 5816 16
