3936 6348
81 401 92 409 _
144 321 259 381 493

1513 320 2040 378 PROLEGOMENA.

3287 329 3393 382 494

144 435 259 492 cbo
281 433 534 506 Fuldensi
569 431 970 506 archiepiscopo
1005 405 1314 506 Moguntina
1337 432 1716 504 compositum,
1746 435 1798 494 Α
1823 433 1948 489 licet
1973 449 2134 491 causa
2184 436 2325 506 quod
2369 438 2527 492 ambo
2565 452 2631 492 ex
2674 435 3128 513 Hicronymianjs,
3164 437 3309 514 Beda
3340 451 3394 494 et

144 525 298 592 quod
369 524 600 580 fortasse
654 540 762 581 non
829 526 1100 580 immerito
1153 524 1510 594 appellaretur
1567 523 1724 579 Bedae

144 611 587 683 Martyrologium
636 612 814 666 studio
852 611 998 666 Flori
1041 621 1097 666 et
1131 613 1341 667 Rabani
1387 610 1722 681 suppletum;

143 703 227 756 ita
257 702 512 756 Rabanus
536 702 766 756 fideliter
791 710 849 757 et
873 701 1072 772 passim
1103 703 1283 758 omnia
1313 702 1508 770 elogia,
1537 703 1590 755 in
1624 701 1725 754 Pa-

142 790 431 861 pebnochii
459 793 695 847 editione
721 791 879 847 Beda:
920 794 1177 861 ascripta,
1217 807 1328 847 suie
1359 792 1725 860 compilationi

144 883 396 945 inseruit,
429 891 488 936 ut
532 883 614 936 vel
645 899 712 938 ex
758 880 874 937 solo
903 884 1006 938 hoc
1040 883 1420 955 Martyrologio
1455 883 1726 938 recenseri

143 972 241 1026 illa
264 981 319 1024 et
346 972 485 1028 forte
512 973 636 1026 hinc
665 973 792 1027 inde
818 975 1094 1028 emendari
1125 983 1327 1043 posset.
1357 975 1599 1029 Credidit
1625 974 1728 1028 Pa-

141 1060 474 1130 pebrochius
515 1062 571 1114 in
613 1060 841 1131 Prologo
887 1075 1006 1128 suo,
1043 1079 1192 1117 num.
1226 1064 1310 1124 ll,
1346 1065 1536 1118 eodem
1587 1073 1724 1119 tem-

141 1162 282 1217 pore
310 1147 588 1204 Rabanum
617 1150 671 1204 in
700 1149 989 1206 Germania
1022 1153 1216 1206 Bedam
1242 1153 1593 1222 supplevisse,
1619 1169 1726 1223 quo

142 1239 203 1293 id
232 1239 290 1293 in
319 1239 546 1295 Francia
575 1242 868 1310 praestabat
917 1241 1128 1305 Florus,
1159 1241 1402 1312 adeoque
1431 1244 1576 1298 circa
1630 1259 1728 1298 an-

142 1345 282 1383 num
317 1330 454 1396 830;
499 1340 556 1383 at
593 1331 750 1386 nobis
780 1330 938 1401 longe
983 1332 1341 1386 verosimilior
1386 1333 1599 1386 videtur
1626 1332 1727 1388 Ca-

143 1420 362 1475 stellani
405 1422 743 1490 conjectura,
775 1422 1108 1490 praefationis
1145 1439 1256 1478 sua:
1302 1423 1369 1477 ad
1414 1423 1726 1479 tBimestrc

143 1525 273 1582 pag.
321 1511 426 1576 20,
477 1511 570 1565 ubi
620 1511 904 1566 Babanum
960 1513 1234 1567 existimat
1289 1513 1726 1585 Martyrologium

144 1602 433 1672 scripsisse
461 1601 604 1656 circa
640 1617 842 1655 annum
887 1602 1012 1667 845,
1059 1613 1170 1656 tum
1216 1618 1430 1673 nempe,
1471 1618 1595 1658 cum
1631 1604 1725 1657 de-

144 1693 318 1748 missa
363 1707 505 1747 anno
531 1693 639 1748 842
668 1693 899 1748 abbatis:
925 1693 1210 1748 Fuldensis
1242 1693 1584 1763 praefectura,
1616 1693 1727 1762 pri-

1825 521 2008 587 Floro,
2045 539 2146 593 pro
2181 523 2374 592 majori
2418 525 2499 581 vel
2531 527 2726 582 minori
2768 534 2922 596 parte
2955 528 3221 597 progeniti
3264 527 3394 591 sint,

1827 627 1950 668 cum
1980 613 2084 668 bac
2110 614 2502 670 notabilissima
2537 617 2869 681 diversitate,
2899 617 3041 686 quod
3068 616 3184 673 Ado
3219 617 3399 690 fecun-

1827 702 2083 758 dissimus
2133 701 2295 758 fuerit
2351 705 2578 759 aliorum
2627 705 3129 777 Martyrologiorum
3174 723 3395 778 parens,

1829 789 2082 846 Babanus
2106 807 2236 847 vero
2268 808 2433 862 prope
2459 798 2612 856 ᾶπαις
2642 795 2853 854 obierit,
2884 795 3056 849 solum
3084 796 3252 851 ferme
3278 797 3399 850 Nut-

1826 875 2014 931 kerum
2053 894 2337 949 sequacem
2411 882 2647 948 habens,
2690 898 2758 937 ex
2802 897 2908 952 quo
2953 883 3184 938 fortasse
3233 877 3401 954 magis

1826 980 1992 1036 quam
2037 984 2106 1023 ex
2160 970 2276 1039 ipso
2313 969 2521 1024 Rabani
2575 970 2743 1037 fonte,
2791 971 3018 1041 paucula
3060 962 3132 1026 in
3188 974 3402 1028 codices

1829 1052 2162 1111 Usuardinos
2214 1058 2486 1112 auctiores
2543 1058 2781 1113 derivata
2839 1068 3000 1124 sunt,
3044 1070 3104 1114 ut
3149 1076 3398 1116 nonnun-

1828 1160 1989 1214 quam
2041 1147 2096 1201 in
2143 1147 2414 1204 Auctarits
2468 1149 2668 1204 nostris
2726 1151 3071 1205 indicandum
3134 1151 3252 1206 fuit.
3300 1137 3403 1220 Qui

1826 1237 2129 1307 plusculum
2185 1239 2440 1308 temporis
2472 1239 2864 1312 Martyrologiis
2901 1241 2984 1296 his
3026 1242 3278 1296 omnibus
3316 1227 3406 1298 ac-

1827 1328 2068 1382 curatius
2137 1328 2280 1383 inter
2326 1343 2385 1384 se
2429 1330 2816 1399 componendis
2873 1331 3182 1399 impendere
3219 1332 3402 1386 volue—

1827 1419 1928 1484 rit,
1959 1418 2216 1474 facillime
2246 1435 2456 1475 mecum
2507 1421 2748 1476 advertet
2791 1422 2933 1488 quod
2977 1422 3021 1476 si
3064 1438 3149 1487 ea,
3177 1437 3296 1491 quae
3338 1440 3404 1476 ex

1829 1508 2276 1581 Hieronymianis,
2308 1509 2450 1565 Beda
2481 1521 2534 1564 et
2568 1512 2748 1577 Floro,
2788 1513 3044 1569 Babanus
3074 1514 3367 1586 desumpsit
3387 1556 3404 1584 ,

1828 1615 1858 1652 a
1889 1600 2114 1670 reliquis
2145 1599 2515 1672 sejuttgantur,
2546 1617 2715 1672 pauca
2751 1604 3094 1673 superfutura
3150 1607 3258 1660 sint
3287 1623 3405 1676 quas
3456 1592 3476 1600 ’

1828 1689 2035 1745 Babani
2066 1692 2282 1760 propria
2326 1691 2432 1746 dici
2463 1693 2714 1748 debeant.
2761 1694 2851 1749 Sic
2897 1696 3057 1759 item,
3107 1698 3151 1750 si
3207 1696 3406 1752 Notke-

143 1791 307 1837 vagus
336 1783 408 1838 ibi
456 1783 710 1854 degeret,
757 1797 898 1836 anno
933 1781 1036 1838 847
1086 1783 1152 1837 ad
1198 1784 1721 1853 archiepiscopatum
1757 1769 1799 1828 Β
1829 1794 1947 1832 rum
1996 1778 2448 1850 llieronymianis,
2481 1780 2835 1848 Rabanianis,
2881 1794 2936 1838 et
2981 1785 3277 1840 Adonianis
3305 1778 3403 1841 ex;

144 1869 518 1942 lloguntinum
541 1879 869 1940 assumptus.
897 1870 990 1926 Sic
1015 1878 1139 1941 apte
1159 1871 1346 1926 divisis
1371 1872 1724 1941 temporibus,

145 1961 429 2016 commode
497 1961 813 2031 intelligitur
872 1961 1018 2018 Flori
1081 1961 1320 2017 laborem
1375 1963 1428 2016 in
1482 1966 1727 2034 augendo

149 2053 292 2107 Beda
332 2055 642 2124 pervenisse
671 2055 726 2108 in
757 2068 948 2109 manus
1001 2053 1232 2118 Rabani,
1261 2070 1420 2124 quem
1454 2055 1501 2109 is
1544 2069 1613 2110 ex
1641 2071 1728 2112 co-

148 2143 266 2197 dice
309 2145 492 2214 aliquo
520 2144 940 2217 Hieronymiano
985 2146 1212 2216 aliisque
1251 2148 1334 2216 (ut
1353 2157 1482 2202 erat
1515 2150 1599 2202 vir
1627 2151 1725 2205 do-

143 2233 441 2303 ctissimus)
467 2234 684 2289 aliunde
711 2236 1012 2304 acquisitis,
1046 2252 1143 2306 per
1177 2245 1346 2292 totum
1389 2240 1514 2292 anui
1552 2240 1726 2293 circu-

152 2321 261 2374 lum
294 2323 616 2391 impleverit,
655 2323 724 2377 iis
751 2324 1157 2395 superadjectis,
1185 2341 1305 2395 quae
1334 2327 1401 2380 ad
1434 2327 1728 2385 Fuldenses

150 2413 376 2466 seorsim
399 2414 751 2484 pertinerent,
778 2422 838 2468 ut
857 2427 1001 2470 esset
1028 2415 1462 2488 Martyrologium
1491 2419 1724 2474 ρωποι)Ῐί

156 2502 303 2557 illius
332 2504 658 2559 celeberrimi
707 2504 892 2560 usibus
937 2508 1434 2570 accommodatum,
1464 2509 1726 2577 quidquid

151 2590 554 2662 Papebrochius
592 2612 740 2650 nuru.
788 2597 855 2651 14
895 2606 1168 2662 autumet,
1202 2614 1308 2652 non
1352 2613 1418 2652 eo
1458 2598 1725 2670 Martyro-

148 2681 294 2752 logio
324 2698 452 2738 usus
478 2683 792 2749 Fuldenses,
833 2686 926 2740 sed
966 2686 1072 2740 alio
1118 2687 1171 2740 in
1206 2689 1480 2743 codicibus
1527 2689 1727 2758 regina

145 2769 362 2829 Sueciae
397 2783 634 2843 reperto,
661 2775 802 2845 quod
833 2791 898 2830 ex
929 2776 1117 2831 Adone
1153 2786 1486 2832 contractum
1525 2778 1722 2833 fuerat.

143 2861 254 2917 Sed
306 2862 446 2920 forte
504 2867 786 2921 monachis
840 2867 1002 2922 etiam
1054 2867 1158 2923 illis
1229 2868 1492 2937 placuerit
1549 2873 1724 2941 magis

143 2951 447 3010 Usuardina
489 2958 810 3024 methodus,
859 2959 1016 3030 longe
1075 2961 1253 3028 aptior
1311 2958 1498 3016 Ofﬁcio
1544 2962 1719 3017 eccle-

136 3044 385 3101 siastico.

216 3134 308 3190 65.
355 3135 622 3193 Pravenit
665 3139 846 3209 itaque
900 3140 1156 3194 Rabanus
1214 3150 1400 3196 noster
1439 3142 1716 3208 Adonem,
1746 3109 1792 3171 ϐ

139 3225 240 3294 qui
270 3241 368 3296 per
410 3228 550 3283 idem
595 3238 806 3298 tempus
834 3229 1273 3300 Martyrologium
1314 3232 1460 3287 aliud
1487 3234 1715 3288 medita-

137 3315 329 3382 batur,
365 3318 433 3372 de
459 3333 566 3388 quo
606 3319 776 3375 fusius
823 3320 1173 3389 sequentibus
1220 3322 1426 3376 duobus
1455 3324 1722 3391 capitibus

133 3411 412 3478 agendum
439 3410 563 3463 erit.
597 3408 832 3480 Uterque
859 3412 1050 3466 eodem
1089 3411 1302 3466 laborat
1345 3413 1494 3476 vitio,
1527 3428 1720 3483 nempe

129 3499 352 3552 enormi
428 3499 518 3552 illa
576 3499 973 3568 inaequalitate,
1021 3516 1127 3569 qua
1189 3501 1378 3556 diebus
1447 3503 1720 3558 nonnullis

133 3605 287 3644 unus
332 3601 426 3659 aut
468 3591 605 3645 alter
650 3601 869 3647 sati-ctus
915 3592 1069 3646 valde
1111 3591 1296 3662 jejune
1340 3595 1713 3659 annuntiatur,

131 3681 236 3734 alii
267 3695 396 3736 vero
423 3681 597 3752 longis
639 3682 827 3752 elogiis
874 3682 1088 3748 referti,
1136 3685 1202 3738 ad
1247 3699 1504 3740 nauseam
1547 3683 1718 3740 ferme

127 3773 339 3841 prolixi
378 3784 522 3828 sunt.
564 3773 858 3830 Praeiverat
899 3775 1156 3831 ambobus
1202 3775 1379 3840 Beda,
1426 3777 1716 3846 praeiverat

128 3862 372 3928 Florus;
403 3874 492 3919 ast
517 3862 794 3920 Usuardus
821 3866 1151 3936 singulorum
1181 3868 1391 3923 dierum
1429 3868 1716 3926 laterculos

127 3952 579 4022 compendiosius
611 3953 944 4023 complexus,
974 3956 1184 4025 priores
1227 3973 1418 4014 carnes
1455 3958 1718 4031 Martyro-

121 4043 297 4114 logos
335 4043 410 4098 ita
449 4044 785 4109 antecelluit,
826 4055 886 4100 ut
933 4048 1132 4117 ubique
1175 4059 1440 4120 receptus,
1487 4051 1714 4106 aliorum

120 4135 461 4192 memoriam
483 4135 870 4191 obliteraverit.
894 4135 967 4192 Ut
995 4139 1062 4192 ad
1091 4138 1370 4194 Rabanum
1397 4141 1711 4209 redeamus,

121 4225 280 4280 nihil
325 4225 379 4279 in
420 4238 486 4279 eo
531 4225 801 4294 peculiare
840 4227 1080 4282 occurrit
1107 4229 1248 4297 quod
1287 4230 1342 4283 in
1369 4229 1730 4288 0bservatio—.

119 4315 305 4369 nibus
332 4314 534 4370 nostris
581 4314 715 4369 satis
743 4325 996 4372 accurate
1043 4326 1289 4372 notatum
1331 4334 1438 4373 non
1479 4321 1567 4374 sit.
1600 4321 1716 4376 Hoc

115 4403 630 4508 nempefingulari
656 4419 786 4460 cura
825 4406 1150 4474 studuimus,
1177 4415 1240 4463 ut
1277 4423 1376 4479 per
1398 4411 1710 4467 continuam
1733 4446 1792 4508 Β

114 4493 290 4548 illam
316 4492 818 4567 Martyrologiorum
858 4497 1098 4553 omnium
1129 4498 1274 4554 inter
1309 4513 1370 4556 se
1392 4510 1491 4555 aut
1512 4516 1712 4560 conve-

113 4584 425 4649 nientiam,
465 4593 563 4639 aut
607 4583 990 4654 differentiam,
1035 4596 1131 4643 aut
1165 4590 1580 4659 oppositionem,
1610 4594 1711 4648 sub

110 4688 304 4726 unum
354 4684 631 4743 aspectum
679 4675 945 4745 positam,
989 4677 1321 4748 singulorum
1375 4680 1535 4734 simul
1582 4697 1709 4753 pro-

103 4763 729 4835 prietatesllagiophili
771 4765 1165 4837 dignoscerent.
1197 4767 1342 4822 Inter
1381 4779 1579 4825 caatera
1628 4772 1713 4826 in-

105 4854 460 4908 sinuanduru
509 4856 611 4909 fuit
660 4853 869 4911 Rabani
922 4856 1358 4928 Martyrologium
1410 4859 1712 4915 Germania:

103 4945 339 4999 limites
369 4960 475 4999 non
503 4959 626 5001 esse
669 4955 1060 5017 trangressum,
1093 4957 1152 5001 ut
1179 4957 1304 5016 pote
1335 4951 1478 5018 quod
1517 4950 1634 5005 Ado
1660 4960 1714 5007 et

105 5035 418 5092 Usuardus
444 5037 600 5103 plane
634 5053 740 5092 non
783 5041 1065 5104 noverint;
1098 5038 1367 5095 Notkerus
1413 5053 1616 5108 autem,
1646 5044 1712 5098 de

97 5143 244 5197 quo
273 5142 396 5181 mox
430 5128 728 5197 loquemur,
759 5138 928 5184 totum
959 5131 1324 5200 descripserit,
1353 5133 1588 5196 auxerit,
1619 5143 1715 5188 aut

97 5219 490 5296 contraxerit.

197 5305 300 5360 66.
355 5305 425 5362 Ut
468 5316 648 5362 autem
697 5317 987 5379 assumptae
1043 5310 1289 5378 superius
1343 5309 1715 5381 generationis

95 5397 469 5465 metaphora:
505 5399 828 5453 inhaerentes
848 5439 863 5464 ,
908 5399 1406 5470 Martyrologiorum
1459 5399 1708 5468 genealo-

93 5484 280 5556 giam
304 5492 668 5553 pertexamus,
685 5501 750 5544 eo
770 5488 1254 5557 consanguinitatis
1273 5487 1443 5558 gradu
1463 5488 1707 5542 Adonem

91 5574 306 5643 tangit
341 5573 612 5641 Babanus,
649 5592 746 5632 seu
791 5578 968 5647 potius
996 5591 1182 5632 eorum
1220 5576 1617 5648 Martyrologia,
1647 5583 1709 5630 ut

88 5666 536 5748 quodammodo
572 5668 813 5737 germani
853 5668 1047 5730 fratres
1074 5667 1178 5723 dici
1208 5669 1436 5738 possint,
1466 5684 1526 5724 ca
1557 5668 1706 5724 vitle-

1826 1869 2053 1938 spolies,
2103 1871 2171 1925 ad
2213 1871 2443 1926 nihilum
2501 1888 2670 1944 prope
2716 1876 2966 1930 redibunt
3017 1893 3138 1946 quae
3179 1893 3246 1932 ex
3290 1878 3405 1947 ejus

1826 1957 2204 2030 Martyrologio
2236 1971 2397 2016 erunt
2439 1962 2677 2033 reliqua;
2713 1975 3071 2035 praeterquam
3101 1969 3244 2038 quod
3272 1955 3404 2026 locis

1825 2050 2097 2105 nonnullis
2140 2052 2391 2107 mutilum
2432 2063 2548 2119 est,
2592 2064 2654 2109 ut
2698 2058 2880 2111 statim
2924 2059 3083 2128 paulo
3134 2061 3404 2132 copiosius

1825 2141 2235 2214 explicabimus.
2297 2214 2300 2217 ι

2159 2299 2188 2363 §
2209 2299 2292 2351 ιιι.
2310 2327 2372 2339 -
2388 2300 2464 2354 De
2481 2301 2825 2368 Martyrologio
2849 2305 3064 2358 Notkeri.

1895 2415 1984 2470 67.
2016 2414 2129 2470 Hoc
2149 2415 2586 2487 Martyrologium
2611 2419 2792 2472 native
2814 2419 3103 2473 deliueavit
3127 2419 3402 2489 Papebro—,

1823 2506 1980 2561 chius
2029 2507 2082 2560 in
2128 2507 2349 2576 prologo
2376 2508 2444 2562 ad
2479 2508 2708 2567 Bedam.
2758 2525 2904 2562 num.
2942 2509 3028 2573 t4,
3061 2509 3144 2564 his
3183 2511 3398 2565 verbis:

1831 2613 1851 2648 ‹
1877 2595 2126 2650 Praedicti
2157 2597 2362 2651 Adonis
2390 2597 2728 2666 synchronus
2767 2599 2864 2650 fuit
2892 2598 2952 2651 B.
2978 2597 3264 2664 Notkerus,
3295 2614 3404 2653 mo.

1825 2686 2049 2740 nasterii
2093 2687 2264 2740 sancti
2311 2685 2447 2741 Galli
2503 2688 2798 2741 monachus
2842 2703 2984 2743 anno
3030 2688 3229 2743 Christi
3273 2689 3398 2753 870,

1824 2776 2040 2844 quando
2070 2775 2186 2829 Ado
2236 2776 2410 2829 eidem
2461 2780 2789 2831 monasterio
2829 2779 3246 2833 communicavit
3273 2779 3402 2833 reli-

1825 2863 1983 2933 quias
2028 2865 2202 2918 sancti
2247 2864 2526 2928 Desiderii,
2568 2867 2804 2936 episcopi
2845 2877 2899 2921 ct
2943 2869 3195 2939 martyris
3235 2870 3399 2925 Vien-

1825 2953 2032 3017 nensis,
2069 2969 2101 3006 x
2139 2952 2256 3006 Kal.
2284 2951 2426 3008 Junii
2463 2955 2756 3019 recolendi,
2801 2959 3254 3027 quemadmodum
3288 2961 3401 3030 ipse

1825 3043 1894 3096 ad
1919 3043 2119 3098 dictum
2149 3044 2288 3098 diem
2315 3053 2544 3098 testatur
2580 3046 2633 3100 in
2675 3062 2773 3101 suo
2818 3047 3218 3120 Martyrologio,
3255 3055 3396 3121 quod

1821 3132 2032 3187 videtur
2078 3132 2280 3188 Adonis
2335 3135 2581 3204 exemplo
2633 3137 2951 3206 scripsisse,
2997 3138 3207 3211 integra
3258 3158 3401 3212 saepe

1820 3222 1993 3292 elogia
2017 3236 2083 3276 ex
2123 3237 2188 3276 eo
2235 3223 2561 3279 verboteuus
2605 3227 2906 3295 accipiens;
2956 3239 3200 3284 mortuus
3249 3248 3394 3286 anno

1819 3315 1943 3378 912,
1967 3315 2043 3369 uti
2071 3315 2215 3369 clare
2239 3315 2728 3371 demonstrabimus
2765 3334 2950 3374 mense
2981 3320 3152 3390 Aprili
3178 3323 3244 3375 ad
3280 3324 3401 3393 ejus

1821 3407 1961 3461 diem
2001 3405 2250 3459 natalem.
2279 3405 2479 3460 Frater
2506 3406 2708 3460 Adonis
2731 3405 3190 3480 Martyrologium
3222 3414 3398 3482 (cujus

1819 3495 2098 3566 exemplar
2146 3495 2406 3550 credibile
2453 3505 2538 3551 est
2604 3497 2895 3566 ipsummet
2953 3498 3398 3569 Sangallensibus

1819 3585 2053 3656 misisse)
2080 3584 2266 3639 habuit
2293 3586 2458 3640 etiam
2502 3585 2768 3641 Notkerus
2802 3603 2913 3656 pra:
2936 3588 3106 3644 oculis
3133 3589 3398 3660 Martyro-

1817 3674 2019 3744 logium
2049 3673 2285 3738 Rabani,
2327 3674 2393 3729 de
2436 3688 2543 3744 quo
2591 3689 2751 3744 supra
2796 3675 3025 3744 egimus,
3054 3686 3110 3731 et
3136 3692 3201 3731 eo
3229 3679 3394 3734 etiam

1818 3763 2105 3834 plurimutu
2145 3779 2275 3818 usus
2305 3773 2420 3828 est,
2467 3765 2603 3819 adeo
2635 3774 2692 3818 ut.
2738 3765 2904 3819 videri
2949 3767 3122 3834 possit
3159 3783 3322 3823 unum
3361 3786 3394 3823 e

1817 3855 2025 3910 duobus
2072 3853 2341 3909 coniicere
2387 3854 2641 3910 voluisse.
2669 3875 2688 3908 ι
2745 3854 3039 3918 Verissitna
3092 3858 3206 3913 lucc
3274 3875 3392 3915 esse

1817 3945 1975 4016 plane
2045 3945 2334 4014 perspiciet
2382 3945 2630 4014 quisquis
2682 3954 2794 4000 tres
2838 3946 2957 4001 illos
3005 3945 3392 4019 Martyrologos

1817 4036 2086 4104 inspicere
2125 4043 2180 4087 et
2219 4037 2479 4088 attentius
2524 4036 2868 4092 considerare
2897 4037 3223 4107 dignabitur,
3250 4041 3391 4110 quod

1816 4128 1871 4181 in
1901 4125 2379 4181 Observationibus
2403 4127 2602 4182 nostris
2633 4126 2951 4183 Usuardinis
2985 4143 3250 4187 annotare
3285 4147 3390 4188 nou

1815 4217 2290 4286 praetermisimus,
2332 4217 2700 4286 quotidianam
2748 4218 2920 4274 ferme
2975 4209 3401 4292 Martyrologlo-l

1816 4322 1934 4361 rum
1965 4307 2310 4361 classicorum
2353 4307 2720 4376 genealogiam
2752 4319 3220 4378 reprmsentantes,
3254 4328 3388 4381 quo-
3492 4355 3498 4360 .

1816 4413 1937 4452 rum
1973 4405 2276 4466 postremus
2303 4405 2388 4452 est
2415 4397 2526 4462 hic,
2549 4411 2658 4466 quo
2693 4397 2760 4452 de
2795 4398 3086 4466 loquimur,
3122 4399 3391 4456 Notkenis

1815 4488 2100 4554 Balbulus;
2131 4501 2289 4558 quem
2339 4487 2386 4543 si
2428 4501 2752 4559 pernoscere
2793 4488 2977 4558 cupiat
3021 4488 3270 4545 curiosus
3314 4489 3390 4545 le-

1813 4588 1950 4644 ctor,
1978 4579 2138 4634 adeat
2164 4577 2516 4647 Papebrochii
2545 4579 2993 4635 commentarium
3037 4595 3091 4634 vi
3129 4580 3330 4652 Aprilis
3357 4598 3390 4637 α

1812 4685 1936 4742 pag.
1968 4669 2095 4733 576,
2122 4670 2210 4722 ubi
2241 4669 2384 4724 hunc
2423 4683 2453 4722 a
2497 4669 2656 4724 variis
2697 4669 2820 4725 aliis
2851 4668 3100 4727 Nutkeris
3137 4683 3390 4729 accurate

1813 4761 2112 4828 distinguit.
2137 4759 2472 4814 Castellanus
2500 4760 2819 4828 compendio
2858 4763 3038 4816 omnia
3081 4761 3296 4834 collegit
3335 4763 3388 4818 in

1813 4851 2030 4907 laudata
2059 4850 2253 4920 saepius
2279 4849 2617 4920 praefatione,
2644 4863 2699 4919 p.
2727 4851 2818 4907 25.

1887 4945 1975 5000 68.
2025 4909 2194 5000 Pori-0
2240 4909 2354 5011 jam
2407 4909 2615 5000 dictum
2645 4909 2880 5000 INotlteri
2946 4909 3386 5018 Digrtyrologium

1816 5035 2022 5104 primus
2062 5048 2130 5086 ex
2174 5031 2510 5104 Sangallensi
2558 5031 2884 5088 bibliotheca
2933 5035 3104 5096 eruit,
3147 5044 3203 5090 et
3245 5037 3387 5104 typis

1815 5123 2050 5194 vulgavit
2080 5122 2220 5175 inter
2249 5121 2502 5192 antiquas
2531 5118 2791 5177 lectiones
2816 5120 3078 5177 Henricus
3113 5121 3384 5186 Canisius,

1815 5215 1947 5269 locis
1975 5213 2242 5282 aliquibus
2266 5213 2533 5277 mutilum,
2564 5221 2625 5268 ut
2651 5229 2685 5268 a
2722 5227 2799 5267 xu
2839 5212 2986 5268 Junii
3014 5212 3081 5267 ad
3113 5228 3238 5275 xix,
3269 5229 3298 5266 a
3327 5229 3386 5300 xi

1810 5305 1938 5360 Julii
1965 5305 2033 5359 ad
2066 5319 2137 5358 vtt
2159 5342 2174 5368 ,
2202 5319 2233 5358 a
2258 5318 2390 5358 xvm
2421 5303 2652 5374 Augusti
2677 5302 2747 5358 ad
2773 5317 2921 5357 xxvii
2945 5317 2958 5368 ;
3007 5302 3379 5371 imperfectum

1811 5408 1942 5449 vero
1967 5409 1998 5448 a
2021 5408 2148 5447 xxvr
2176 5393 2427 5449 Octobris
2453 5408 2624 5464 usque
2650 5392 2720 5448 ad
2747 5392 2872 5448 anni
2910 5391 3090 5447 finem.
3129 5392 3190 5446 In
3221 5390 3382 5446 Cani-

1813 5484 1965 5543 siana
1994 5483 2086 5538 illa
2114 5484 2348 5543 editione
2380 5484 2524 5540 hunc
2549 5482 2769 5554 praefert
2790 5481 3044 5551 titulum:
3072 5480 3139 5552 In
3173 5481 3380 5535 nomine

1812 5575 2058 5639 Domini,
2112 5574 2292 5644 incipit
2333 5574 2768 5644 Martyrologium
2827 5589 2918 5641 per
2961 5573 3087 5625 anni
3125 5572 3382 5625 circulum

1815 5664 1872 5719 S.
1909 5663 1972 5717 ι’.
2015 5663 2088 5717 Ν.
2127 5662 2363 5730 Notkeri,
2406 5670 2739 5734 cognomento
2772 5660 3002 5731 Balbuli,
3036 5663 3274 5717 monachi
3321 5660 3378 5718 S.
