3936 6348
664 339 770 398 8113

1577 342 1946 398 USUARDUS
1989 343 2364 398 MONACIIU’S
2407 301 3043 404 SANGERMANENSIS.
3690 368 3748 424 lilii

657 452 820 508 Galli.
871 449 993 507 Non
1039 451 1212 508 'i'nisse
1263 453 1395 510 adeo
1452 460 1727 522 receptum
1781 453 1896 520 ejus
1950 463 2220 524 tempore,
2255 455 2298 512 Λ
2330 465 2545 509 sanctus
2584 457 2668 509 ille
2699 459 3012 514 Viennensis
3041 459 3416 531 episcOptts,ad
3444 472 3747 531 ροιιρῖηηεηίιηη,

658 559 862 600 annum
895 544 1338 598 Erelesiasticum
1379 560 1409 599 a
1439 543 1728 598 Nativi‘tate
1757 546 1992 609 Domini,
2025 556 2116 598 attt
2160 548 2226 598 ab

659 637 777 706 ejus
805 635 980 707 vigilia
1005 636 1258 704 incipere,
1285 645 1338 689 et
1361 635 1460 687 hoc
1486 644 1538 687 et
1563 633 1768 687 Rabani
1794 633 2224 704 Martyrologium

655 725 909 795 probant,
932 740 1052 778 cum
1077 725 1234 778 ambo
1254 739 1283 776 a
1312 723 1567 777 Kalendis
1592 724 1831 777 Januarii
1855 725 2224 777 exordiantur.

655 817 802 873 Nihil
838 817 1169 874 Florentinio
1206 817 1261 869 in
1300 815 1666 870 notationibus
1713 817 1778 869 ad
1810 815 2227 884 Hieronytniana

655 907 995 968 familiarius,
1039 917 1198 973 quam
1241 903 1541 958 Notkerum
1582 904 1876 960 identidem
1926 905 2225 973 appellare,

655 1011 760 1050 non
789 994 1032 1050 consulto
1071 993 1239 1057 fonte,
1282 994 1421 1048 unde
1449 994 1564 1062 ipse
1593 1009 1688 1048 sua
1714 994 1895 1048 omnia
1928 994 2227 1049 clarissime

654 1085 938 1147 derivavit,
978 1086 1120 1153 quod
1158 1086 1292 1140 satis
1343 1100 1465 1139 sero
1504 1085 1949 1140 animadvertisse
1991 1088 2224 1153 videtur,

652 1177 1016 1244 dum‘nemp’e
1054 1188 1124 1227 xv
1165 1173 1418 1229 Octobris
1454 1189 1577 1244 pag.
1622 1174 1726 1229 920
1770 1175 1984 1227 tandem
2030 1173 2228 1229 fatetur

651 1264 963 1327 Notkerum,
998 1263 1281 1331 tlurimum
1307 1279 1370 1317 ea:
1395 1265 1576 1317 Adone
1597 1265 1848 1331 accipere.

720 1357 808 1412 69.
835 1355 956 1410 «Sed
981 1356 1044 1409 de
1071 1357 1156 1410 his
1176 1354 1620 1410 Observationum
1651 1365 1955 1409 nostrarum
1983 1355 2224 1425 pluribus

649 1449 782 1502 locis
811 1445 976 1500 locuti
1019 1459 1222 1499 sumus.
1255 1444 1520 1498 Caeterum
1559 1459 1625 1498 ex
1673 1443 1832 1498 dictis
1879 1444 2222 1499 manifestum

647 1546 733 1591 est
756 1551 917 1604 quam
946 1545 1098 1588 arcto
1136 1535 1620 1602 consanguinitatis
1649 1535 2073 1604 martyrologicaz
2101 1535 2222 1587 vin-

646 1629 770 1686 culo
796 1627 1062 1683 Notkerus
1089 1642 1210 1680 cum
1239 1626 1463 1680 Rabano
1484 1636 1539 1680 et
1564 1626 1751 1680 Adone
1777 1624 2100 1693 cunjunctus
2130 1626 2220 1679 sit.

645 1720 821 1786 Atque
850 1717 963 1770 ltaac
983 1715 1198 1784 quidem
1223 1715 1485 1769 hactenus
1513 1715 1578 1768 de
1603 1715 1999 1785 martyrologis,
2028 1728 2145 1782 qua:
2167 1714 2220 1767 in

2334 543 2766 618 Martyt'OIOgium
2791 562 2967 616 suum,
2985 567 3042 605 se
3071 571 3088 602 ι
3112 553 3340 620 adjutun't
3370 556 3538 612 fatetur
3557 570 3746 623 venerabili

2331 648 2384 690 et
2424 641 2740 707 pet-antiquo
2785 640 3164 713 MarterIOgio
3191 683 3203 706 ,
3248 646 3312 698 ab
3346 649 3463 702 urbe
3494 650 3623 705 Roma
3653 657 3746 725 Aqui-

2330 726 2508 790 leiam,
2549 729 2761 782 cuidam
2793 740 2981 783 sancto
3019 732 3268 800 episcopo
3305 747 3331 784 a
3358 737 3568 802 pontiﬁce
3597 738 3746 798 Romani

2334 821 2568 887 directo;
2601 841 2619 873 ι
2654 823 2781 876 hinc
2821 823 2960 876 idem
2987 823 3436 879 Eminentissimus
3458 828 3591 882 citato
3609 835 3747 900 capites

2331 909 2530 964 inferre
2561 927 2664 965 non
2698 913 3000 966 dubitavit:
3036 930 3054 962 α
3093 911 3204 966 Hoc
3229 911 3392 980 ipsum
3430 916 3607 984 simplex
3630 923 3745 990 ΩΙιδῳτο

2330 997 2434 1052 alio
2459 1000 2830 1054 additamento
2849 999 3152 1054 Romanum
3175 1000 3580 1071 Martyrologium,
3596 1008 3745 1076 idemque

2328 1087 2607 1156 perbreve,
2650 1090 2704 1143 in
2742 1104 2849 1158 quo
2889 1098 3097 1144 tantum
3143 1091 3350 1144 nomina
3392 1092 3641 1164 Martyrum,
3664 1099 3743 1152 locus

2329 1191 2393 1228 ac
2414 1177 2527 1231 dies
2553 1178 2821 1244 passionis
2848 1179 3007 1248 positi
3030 1180 3375 1245 haberentur,
3395 1194 3497 1236 csse
3516 1184 3616 1239 illud
3630 1187 3741 1254 ipsum,

2329 1263 2482 1332 cujus
2514 1267 2762 1321 meminit
2785 1267 2919 1321 Ado.
2957 1287 2976 1319 ι
3004 1268 3081 1322 lta
3114 1266 3386 1323 Batonius.

2405 1355 2490 1408 71.
2534 1355 2638 1410 Sed
2671 1372 2803 1426 pace
2832 1358 3000 1426 ipsius
3026 1358 3214 1412 dixero
3242 1374 3373 1412 :non
3396 1359 3508 1412 satis
3535 1364 3740 1415 conveniunt

2325 1457 2387 1496 ea
2431 1458 2551 1512 quae
2581 1445 2874 1515 Gregorius
2917 1449 2970 1500 in
3001 1447 3230 1516 epistola
3271 1449 3334 1501 ad
3379 1449 3604 1518 Eulogium
3625 1454 3666 1505 de
3690 1471 3740 1506 suo

2327 1533 2618 1605 Martyrum
2675 1537 2854 1591 libello
2906 1539 3208 1608 praedicat,
3264 1553 3380 1593 cum
3428 1541 3738 1596 characteristicis

2326 1621 2695 1692 Martyrologii
2725 1623 2995 1679 Ravennae
3035 1626 3233 1694 reperti
3279 1627 3344 1680 ab
3369 1626 3530 1682 Adone
3555 1629 3737 1688 delinealis.

2325 1719 2386 1764 ut
2421 1713 2700 1780 utriusque
2744 1715 2908 1768 verba
2964 1715 3267 1770 conferenti
3300 1717 3364 1770 ad
3403 1719 3578 1772 oculum
3599 1722 3734 1788 patebit;

643 1809 786 1863 linea
815 1808 1016 1861 directa
1049 1804 1128 1859 vel
1160 1805 1470 1860 immediata
1509 1803 1755 1860 Usuardo
1792 1813 1898 1856 tam
1935 1803 2219 1873 propinqui
2251 1789 2294 1846 Β
2322 1816 2495 1870 neque
2535 1803 2678 1856 enim
2706 1803 2822 1858 Ado
2861 1819 3088 1873 usquam
3141 1806 3422 1861 insinuavit
3448 1809 3736 1879 Martyrologium

637 1913 750 1954 non
775 1906 920 1961 sunt,
951 1910 1258 1965 quanquam
1287 1903 1344 1948 et
1388 1895 1504 1964 ipse
1535 1909 1918 1962 nonnunquam
1958 1893 2220 1962 Hierony-

642 1988 823 2042 miana
870 1994 925 2040 et
973 1984 1174 2040 Bedam
1229 2001 1259 2037 a
1313 1984 1470 2038 Flore
1531 1985 1834 2054 suppletum
1886 1983 2217 2038 consuluisse

643 2077 1098 2150 deprehendatur.
1146 2075 1299 2131 Nunc
1341 2076 1408 2130 ad
1445 2075 1774 2144 praecipuum
1817 2073 1935 2142 ejus
1979 2072 2211 2135 familiae,

641 2185 738 2225 seu
761 2166 1119 2240 genealogiczzc
1147 2166 1361 2220 arboris
1377 2165 1614 2234 stipitem
1639 2163 2037 2218 descendimus.
2064 2153 2214 2216 Illum

639 2274 770 2315 vero
798 2257 1084 2314 statuimus
1112 2255 1413 2310 Romanum
1458 2253 1590 2308 illud
1640 2263 1819 2317 vetus,
1851 2268 1881 2306 a
1915 2252 2214 2322 Rosweydo

637 2358 826 2405 nostro
845 2348 1050 2419 pridem
1074 2347 1302 2410 editum,
1329 2345 1398 2399 ab
1419 2343 1604 2398 Adone
1624 2341 1894 2398 Ravennae
1918 2351 2211 2411 repertum,

637 2440 712 2494 ibi
751 2440 818 2494 ab
867 2439 984 2507 ipso
1023 2437 1373 2506 descriptum,
1405 2435 1458 2489 in
1504 2434 1678 2503 capite
1719 2431 2087 2503 Martyrologii
2128 2432 2211 2487 sui

633 2529 915 2602 positum,
967 2539 1025 2584 et
1071 2530 1125 2583 in
1172 2528 1313 2582 istud
1359 2528 1517 2597 plane
1571 2524 1918 2581 transfusum.
1975 2525 2055 2579 Ex
2104 2539 2210 2595 quo

634 2622 822 2676 videas
855 2620 1155 2674 Romanum
1206 2618 1348 2672 istud
1397 2627 1572 2680 vetus,
1601 2616 1745 2684 quod
1788 2631 1888 2669 nos
1915 2614 2209 2668 Romanum

631 2727 850 2782 parvum
899 2711 1147 2773 dicimus,
1191 2724 1311 2762 cum
1345 2707 1484 2761 Beda
1528 2722 1558 2759 a
1593 2705 1752 2759 Floro
1795 2714 1975 2767 aucto,
2006 2703 2209 2758 Adonis

631 2814 844 2872 patrem
871 2816 1030 2870 posse
1068 2799 1391 2869 nuncupari,
1419 2797 1573 2867 cujus
1599 2811 1757 2849 avum
1789 2793 2207 2864 llieronymiana

635 2908 742 2947 non
771 2893 950 2962 inepte
978 2889 1351 2960 appellaveris.
1384 2888 1520 2941 Tum
1543 2902 1692 2951 vero,
1722 2901 1787 2940 ex
1814 2887 1998 2940 Adone
2024 2885 2210 2940 imme-

633 2983 934 3039 diatissime
983 2980 1275 3050 procedere
1323 2977 1628 3032 Usuardum
1677 2976 1852 3044 capite
1907 2977 1940 3029 5
1988 2975 2210 3029 demon-

631 3072 915 3127 strabitur.
965 3070 1065 3123 Hic
1109 3066 1479 3137 praunittenda
1508 3074 1589 3118 est
1635 3065 1812 3134 gravis
1865 3065 1931 3119 de
1965 3063 2207 3118 Romano

631 3162 740 3215 isto
787 3174 953 3230 parvo
1000 3159 1143 3213 inter
1185 3158 1428 3212 eruditos
1481 3155 1880 3219 controversia;
1929 3156 2114 3223 paucis
2153 3156 2205 3210 id
2233 3123 2277 3184 Ο

631 3250 896 3304 hactenus
927 3257 985 3301 ut
1004 3245 1295 3316 genuinum
1324 3253 1379 3298 et
1411 3245 1690 3312 antiquum
1722 3242 2025 3297 Romanum
2054 3251 2208 3297 tuen-

632 3342 800 3405 tibus,
825 3340 1070 3410 pluribus
1105 3338 1226 3392 aliis
1252 3336 1451 3392 obnixe
1498 3346 1687 3390 contra
1729 3335 2076 3398 certantibus,
2108 3319 2213 3389 nec

633 3442 810 3497 vetus,
837 3446 936 3486 nec
962 3429 1288 3493 Romanum,
1319 3442 1419 3483 nec
1438 3442 1565 3482 vere
1601 3426 2037 3497 Martyrologium
2065 3441 2205 3492 esse,

629 3522 727 3578 sed
756 3521 935 3591 potius
968 3519 1372 3581 Kalendarium,
1420 3527 1514 3571 aut
1543 3524 1878 3572 contractum
1912 3531 1977 3569 ex
2019 3515 2208 3570 Adone

626 3613 1005 3681 compendium
1033 3628 1048 3677 ;
1074 3610 1196 3664 aliis
1229 3611 1468 3673 demum,
1498 3616 1752 3677 tanquam
1794 3622 1968 3660 scenae
1995 3617 2209 3675 specta-

629 3706 878 3766 toribus,
935 3702 1138 3757 nullam
1201 3701 1256 3756 in
1305 3699 1568 3754 utramvis
1617 3707 1826 3767 partem
1888 3696 2206 3750 sententiam

626 3798 946 3852 ferentibus.
987 3793 1112 3848 Hice
1141 3792 1388 3860 proximo
1416 3789 1590 3860 capite
1639 3791 1706 3843 ab
1749 3803 1852 3843 ovo
1893 3788 2204 3856 repetenda,

630 3900 689 3946 et
710 3887 1022 3958 diligentius
1060 3883 1381 3939 excutienda
1411 3882 1752 3950 suscipimus.

989 4023 1283 4095 CAPUT
1341 4017 1815 4088 SECUNDUM

629 4150 715 4209 De
746 4144 1211 4236 Martyrologio
1262 4139 1428 4221 quod
1471 4137 2208 4236 velpsnllopmnuunap—

696 4214 962 4306 pellaci:
1011 4214 1374 4306 primast-lue
1429 4215 1622 4306 edidit
1655 4214 2015 4273 Heribertus
2043 4214 2209 4272 Ros-

650 4337 654 4340 -
696 4297 974 4382 Ttoea/dus,
997 4297 1112 4362 nos
1135 4297 1444 4374 tantisper
1465 4297 1791 4354 Romanum
1823 4310 2075 4352 PABVUM
2101 4309 2210 4351 vo-

704 4383 842 4443 cari
866 4399 1052 4459 posse
1081 4393 1414 4439 censemus.

697 4501 788 4556 70.
841 4496 1316 4554 Eminentissimus
1378 4493 1668 4548 Annalium
1713 4491 2204 4546 ecclesiasticorum

627 4591 874 4649 conditor
901 4587 1202 4645 Cardinalis
1251 4585 1516 4640 Baronius
1540 4624 1556 4650 ,
1600 4584 1654 4638 in
1682 4583 2085 4653 Proleg'otnenis
2138 4581 2208 4635 ad

626 4692 780 4738 suam
812 4678 1174 4750 Martyrologii
1199 4675 1432 4732 Romani
1455 4691 1577 4729 cum
1601 4671 1980 4728 Notationibus
2017 4672 2209 4726 editio-

566 4775 584 4807 ι’
625 4786 774 4834 nem,
797 4768 1097 4838 praesertim
1126 4767 1301 4837 capite
1323 4774 1542 4830 octavo,
1573 4773 1718 4818 totus
1735 4772 1819 4818 est
1840 4763 1894 4816 in
1917 4765 2208 4832 qumrendo

627 4861 854 4929 antiquo
892 4856 1271 4946 Mawrologio
1296 4850 1566 4919 Romano,
1597 4852 1752 4921 cujus
1798 4854 2022 4923 vestigia
2062 4852 2207 4907 haud

626 4953 856 5006 obscura
907 4944 1186 5019 repererat
1239 4947 1294 5001 in
1351 4946 1550 5001 celebri
1605 4944 1850 5016 Gregorii
1907 4945 2081 5012 Magni
2133 4945 2202 4998 ad

626 5041 910 5113 Eulogium
922 5037 1346 5095 Alexandrinum
1363 5039 1677 5108 episcopum
1690 5035 1938 5107 epistola,
1956 5036 2203 5103 superius

625 5152 656 5188 a
679 5135 834 5188 nobis
863 5132 1102 5186 laudata.
1148 5129 1390 5200 Cumque
1418 5129 1711 5185 relatorum
1751 5143 1782 5181 a
1821 5129 1976 5182 nobis
2001 5143 2203 5197 prtece-

624 5223 772 5286 denti
805 5222 981 5292 capite
1002 5220 1265 5290 majorum
1296 5216 1839 5290 Hieronymianorum
1892 5217 2201 5286 apographa

625 5318 682 5372 in
701 5314 818 5384 ejus
847 5323 939 5369 aut
968 5311 1285 5381 cujusquam
1315 5309 1560 5373 alterius,
1586 5307 1652 5360 ad
1677 5306 1910 5361 Romani
1941 5304 2206 5374 Martyro-

623 5410 750 5480 logii
791 5405 1232 5462 reformationem
1267 5403 1528 5470 deputati,
1574 5400 1823 5454 notitiam
1871 5413 1976 5452 non
2007 5413 2203 5467 pervc-

624 5501 852 5560 nissent,
885 5509 1060 5566 neque
1092 5495 1226 5548 adeo
1267 5489 1708 5560 Martyrologium
1754 5487 1921 5541 ullum
1954 5487 2198 5552 vidisset,

626 5589 711 5642 cui
743 5588 1009 5657 descripta
1057 5599 1087 5638 a
1129 5582 1393 5653 Gregorio
1422 5581 1687 5635 elementa
1729 5576 2035 5631 omnitnode
2076 5591 2208 5631 con-

626 5677 813 5730 venire
859 5686 1102 5746 possent;
1144 5675 1285 5742 lecta
1340 5672 1538 5728 Adonis
1594 5669 1927 5741 prmfatione,
1979 5668 2036 5724 in
2093 5685 2198 5739 qua

2231 4455 2285 4514 D

2319 1905 2350 1944 a
2381 1889 2625 1944 Romano
2663 1891 2917 1961 pontiﬁce
2955 1893 3260 1962 Aquileiam
3311 1896 3502 1948 cuidam
3533 1907 3657 1950 sancto
3677 1899 3733 1963 cpio

2317 1997 2478 2052 scopo
2499 1982 2784 2048 directum,
2821 1995 2912 2038 aut
2934 1987 3173 2054 perbreve
3199 2002 3337 2051 esse,
3364 1998 3448 2042 aut
3474 1991 3561 2043 sola
3587 1992 3736 2044 duntaxat

2317 2073 2528 2126 nomina
2573 2071 2870 2142 Martyrum
2915 2076 3220 2140 continere,
3266 2085 3357 2130 aut
3393 2078 3540 2130 solum
3570 2079 3670 2130 locum
3697 2096 3734 2129 ac

2322 2163 2459 2217 diem
2479 2164 2738 2232 passionis
2770 2179 3000 2232 ponere;
3035 2180 3155 2233 qua:
3182 2166 3358 2220 omnia
3385 2166 3611 2236 Gregorius
3627 2167 3736 2219 desito

2317 2259 2426 2306 tam
2494 2251 2637 2306 clare
2697 2261 2752 2306 et
2825 2263 2933 2306 tam
2999 2254 3272 2308 distinctis
3333 2257 3546 2310 terminis
3585 2257 3732 2309 asseruit.

2315 2341 2579 2398 Caeterum
2618 2345 2876 2414 quidquid
2919 2346 3035 2413 ejus
3083 2349 3175 2412 sit,
3223 2358 3564 2417 praeconcepta:
3596 2348 3732 2416 opinioni

2310 2434 2570 2490 insistens
2613 2436 2910 2502 Baronius,
2973 2438 3107 2492 satis
3157 2438 3351 2492 ibidem
3400 2439 3601 2507 patefacit
3630 2439 3732 2504 ingens

2312 2523 2554 2593 ejusdem
2586 2524 2740 2578 istius
2774 2525 3163 2596 Martyrologii,
3200 2542 3308 2596 quo
3337 2529 3589 2588 tenebatur,
3618 2524 3732 2578 deside-

2312 2614 2476 2678 rium,
2517 2615 2642 2668 dum
2692 2617 2763 2669 ita
2796 2616 3072 2685 loquitur:
3115 2635 3132 2666 ι
3178 2618 3347 2672 Porro
3393 2619 3440 2671 in
3475 2618 3655 2670 omnibus
3674 2627 3731 2680 qn:

2309 2705 2536 2758 viderim
2586 2705 2982 2778 Martyrologiis
3029 2708 3238 2762 Adonis
3292 2708 3535 2775 impressis
3558 2709 3644 2773 (non
3675 2702 3730 2754 scio

2311 2795 2446 2850 alias
2495 2797 2762 2852 editiones
2799 2807 2927 2852 tunc
2975 2799 3252 2864 exstitisse
3286 2809 3466 2866 praeter
3499 2792 3731 2862 imperiorum

2311 2886 2592 2955 Lipomani
2641 2896 2693 2941 et
2743 2889 2905 2942 aliam
2953 2888 3251 2959 Mosandri)
3301 2887 3420 2941 illttd
3469 2887 3600 2953 ipsum
3638 2878 3730 2931 Roma

2312 2986 2591 3046 acceptum
2644 2979 3001 3034 desideratur.
3059 2979 3346 3050 Egregiam
3397 2986 3546 3038 certe,
3586 2987 3628 3024 ac
3662 2968 3733 3019 viris

2311 3067 2538 3121 eruditis
2564 3068 2778 3136 dignam
2823 3079 3174 3137 optatatnque
3223 3076 3459 3122 navasset
3498 3075 3648 3132 operam
3673 3057 3733 3109 llo-

2312 3158 2526 3218 sander,
2575 3159 2618 3211 si
2663 3157 2967 3225 hujusmodi
3008 3158 3221 3213 illustre
3253 3155 3512 3212 vetustatis
3546 3159 3737 3206 monumen-

2312 3255 2446 3312 tum,
2468 3247 2609 3315 quod
2634 3249 2685 3301 in
2711 3263 2810 3302 suo
2833 3248 3201 3319 manuscripto
3221 3247 3402 3301 Adone
3425 3243 3568 3299 haberi
3585 3244 3732 3291 testatur.

2311 3351 2417 3389 una
2453 3349 2577 3390 cum
2612 3336 2728 3404 ipso
2767 3335 3148 3406 Martyrologio
3174 3336 3392 3397 Adonis,
3436 3332 3551 3403 quod
3577 3334 3652 3398 post
3675 3320 3736 3374 Suo

2309 3426 2447 3480 rium
2477 3427 2543 3480 ad
2569 3427 2856 3495 septimum
2889 3437 3090 3482 tomum
3116 3426 3363 3482 Vitarum
3393 3434 3629 3480 sanctorum
3655 3412 3736 3478 Idl?

2309 3517 2406 3580 cit,
2436 3517 2716 3572 edidisset.
2753 3537 2771 3568 ι

2379 3605 2470 3658 72.
2509 3605 2641 3659 Tam
2670 3605 2927 3676 praeclaro
2965 3608 3252 3677 purpurati
3290 3607 3461 3661 Patris
3490 3591 3731 3656 desideriola-

2308 3700 2495 3747 cturus
2550 3693 2682 3747 satis
2731 3693 3044 3748 Heribertus
3105 3705 3294 3750 noster
3341 3690 3640 3760 Rosmydus,
3671 3691 3736 3733 ωλι

2308 3799 2502 3838 novam
2541 3784 2811 3838 Adoniani
2845 3765 3239 3856 Martyrologii,
3287 3769 3738 3843 exactioremquePll‘"

2309 3870 2462 3925 ribus
2512 3872 2804 3927 editionem
2852 3875 3243 3939 meditaretur,
3310 3887 3459 3927 curas
3504 3867 3739 3922 mox-011105

2310 3961 2564 4027 intendit,
2593 3971 2652 4016 ut
2677 3963 2916 4018 codicem
2949 3964 3124 4032 ipsum
3150 3963 3547 4030 manuscriptum
3569 3953 3611 4007 S.
3629 3950 3738 4032 Panta-

2308 4052 2502 4118 leonis,
2553 4069 2620 4108 ex
2667 4069 2774 4123 quo
2818 4031 2980 4108 suam,
3018 4054 3226 4107 Adonis
3274 4051 3537 4106 editionem
3575 4031 3740 4128 Maeandri

2309 4153 2684 4214 expresserat,
2750 4145 2990 4199 nancisci
3034 4153 3259 4213 posset;
3320 4154 3480 4209 eoque
3522 4154 3547 4188 a
3599 4130 3741 4184 Cum“

2307 4232 2607 4288 Coloniensi
2668 4234 2976 4304 perbem'gne
3027 4233 3318 4295 submisso,
3370 4230 3496 4284 idem
3541 4218 3637 4276 illud
3667 4221 3740 4264 κω

2311 4320 2609 4374 Romanum
2641 4321 3100 4390 Martyrologium,
3129 4329 3192 4374 ut
3233 4320 3346 4389 ipse
3387 4322 3545 4374 vocat.
3583 4304 3742 4375 (ιυθάίδο

2310 4411 2763 4481 Adoprzellxerat,
2782 4427 2974 4481 magno
2992 4411 3236 4464 virorum
3259 4404 3564 4464 eruditorum
3575 4393 3741 4481 apphugt

2312 4518 2415 4556 una
2442 4479 2568 4556 cum
2599 4501 2784 4555 Adone
2824 4479 3064 4570 vulgavit
3101 4516 3248 4573 anno
3280 4497 3430 4560 1615,
3468 4490 3576 4548 nihil
3599 4479 3746 4573 (inlinisi.

2311 4591 2441 4659 quin
2491 4592 2666 4659 ipsum
2723 4591 2854 4644 illud
2904 4559 3347 4661 Martyrologium
3407 4559 3638 4653 ἐερετίεεεί
3670 4559 3744 4661 αυρδ

2313 4654 2440 4736 olim
2467 4654 2762 4752 Gregorius
2785 4682 3010 4752 Magnus
3037 4654 3106 4736 ad
3134 4654 3414 4748 Eulogium
3435 4673 3630 4730 scribens
3645 4654 3746 4752 δήθ’

2282 4780 2486 4843 ‘verat.
2529 4744 2689 4824 Jtivat
2716 4744 3073 4840 Rosweydum
3105 4744 3294 4838 ipsuni
3328 4766 3597 4832 loquentem
3622 4744 3746 4843 audiitj

2314 4861 2368 4914 in
2389 4876 2488 4914 sua
2510 4861 2578 4914 ad
2596 4860 2818 4914 Paulum
2841 4861 2884 4915 V
2910 4839 3222 4930 pontiﬁcem
3248 4855 3523 4910 maximum
3541 4839 3749 4930 dedicalolﬁ

2309 4947 2532 5018 epistola
2585 4966 2598 5000 :
2654 4967 2672 4998 ι
2717 4949 2855 5003 Fero
2903 4929 3044 5002 nunc
3076 4987 3090 5012 ,
3143 4947 3357 5016 inquit,
3409 4941 3470 4995 ad
3520 4929 3749 5018 Sanctia”:

2309 4999 2579 5100 Vrestram,
2611 5045 2767 5090 vetus
2792 5037 2893 5091 hoc
2918 4999 3235 5090 Romanum:
3262 4999 3750 5097 Martyrologium.(imd

2308 5127 2600 5196 Gregorius
2629 5126 2866 5195 pontifex
2904 5126 3174 5179 maximus
3219 5125 3287 5177 ad
3325 5118 3575 5188 Eulogium
3607 5104 3750 5196 Mem:

2310 5218 2522 5272 drinum
2571 5217 2882 5286 episcOpum
2923 5216 3187 5278 scribens,
3218 5228 3315 5284 per
3349 5210 3518 5265 orbem
3554 5193 3750 5286 unus???

2312 5272 2620 5378 dispersum
2659 5316 2713 5360 et
2753 5272 2960 5377 optavit
3007 5314 3063 5360 et
3095 5272 3346 5359 credidit.
3389 5299 3513 5353 Fero
3559 5283 3663 5359 quod

2312 5360 2468 5453 annis
2493 5398 2689 5453 abhinc
2729 5360 3078 5468 ocitingentis,
3125 5395 3264 5448 tanti
3303 5391 3447 5453 fecit,
3471 5394 3523 5441 ut
3551 5360 3750 5469 venerabili

2310 5497 2365 5543 et
2399 5488 2782 5557 perantiquum
2812 5467 3049 5549 duxerit,
3073 5484 3305 5554 sibique,
3331 5479 3466 5533 velut
3491 5472 3628 5544 prima

2311 5547 2416 5634 sui.
2439 5547 2765 5630 lineamenta
2817 5547 3132 5638 adumbrata
3182 5547 3519 5641 preposuerit,
3561 5547 3664 5624 quod
3692 5547 3754 5594 5""

2312 5684 2501 5726 rursus
2544 5667 2821 5724 coloribus
2856 5669 3122 5738 pingeret,
3155 5665 3296 5719 lucis
3325 5657 3576 5731 splendore
3611 5641 3754 5697 illustn-
3802 5673 3803 5742 1
