3936 6348
108 347 235 405 497
1006 334 1056 352 *θ
1080 330 1098 357 ³

1494 333 2027 394 PBOLEGOMENA.

3278 331 3393 387 ἀοι

110 468 234 513 ret.
281 454 422 512 Fero
455 450 597 524 quod
643 450 711 509 ad
745 450 891 507 hunc
933 462 1105 520 usque
1135 447 1278 503 diem
1311 446 1466 509 latuit
1509 443 1702 512 :cujus
1736 447 1785 506 Α
1809 441 1961 498 laetus
2001 443 2067 498 de
2117 444 2334 499 invento
2383 459 2414 498 a
2465 458 2534 498 se
2566 444 2842 507 thesauro,
2900 442 3248 511 redditoque,
3294 445 3383 499 cui

111 547 403 605 desiderio
457 553 737 615 tautOpere
783 540 1047 614 ﬁagrabat
1090 537 1380 594 cardinalis
1420 536 1708 601 Baronius,

112 649 190 696 ut
213 636 384 707 animi
411 636 495 692 sui
538 642 706 690 testes
734 631 946 688 tabulas
970 637 1190 687 exstare
1230 626 1479 689 voluerit.
1511 627 1709 696 quibus

113 731 398 789 editorem
426 726 715 789 excitaret,
755 731 809 781 et
835 722 1065 795 gratiam
1097 727 1224 775 ante
1258 719 1584 774 beneﬁcium
1616 732 1706 773 re-

111 829 385 895 poneret.
427 817 541 874 Hoc
567 817 751 887 igitur
788 810 1228 884 Martyrologium
1260 817 1408 864 tanto
1457 808 1708 863 ﬁdentius

114 918 199 974 ad
259 915 616 972 Sanctitatem
668 910 916 963 Vestram
967 904 1174 969 defero,
1229 911 1430 972 quanto
1462 900 1708 969 plurium

116 1004 582 1077 gravissimon
622 996 863 1054 virorum
909 990 1572 1066 patrocinio-comitatum
1618 1002 1710 1044 ve-

118 1095 234 1148 nit.
272 1112 292 1146 s

200 1184 296 1240 73.
336 1183 413 1240 lta
447 1179 782 1252 Rosweydus
803 1176 1078 1248 splendide
1103 1190 1169 1231 ac
1191 1174 1469 1244 eleganter
1490 1188 1707 1239 manus,

117 1274 219 1331 vel
255 1282 494 1344 partum,
522 1281 583 1327 ut
611 1274 685 1327 ita
731 1271 931 1333 dicam,
962 1283 1122 1323 suum
1150 1266 1423 1324 communi
1469 1265 1708 1320 ﬁdelium

120 1364 285 1420 Patri
317 1363 498 1419 verbis
538 1377 755 1424 ornare,
796 1376 863 1416 ac
905 1359 1173 1430 religiose,
1218 1372 1325 1412 non
1356 1356 1707 1421 Thrasonice,

120 1464 191 1509 ut
223 1456 398 1526 garrit
439 1453 687 1517 Beekius,
721 1453 988 1516 modeste,
1014 1451 1257 1520 inquam,
1301 1458 1575 1504 ostentare
1603 1463 1708 1502 non

122 1544 421 1605 dubitavit,
454 1558 631 1612 neque
683 1552 810 1597 tunc
864 1556 987 1597 cum
1037 1540 1131 1595 illo
1157 1539 1477 1594 dubitabant
1511 1538 1711 1594 eruditi

124 1635 553 1706 gravissimique
604 1633 748 1697 viri,
793 1647 1024 1703 quorum
1076 1631 1380 1700 patrocinio
1424 1630 1713 1685 comitatus

124 1725 412 1790 veniebat,
441 1726 573 1794 quin
619 1738 749 1779 vere
778 1722 1217 1795 Martyrologium
1270 1720 1339 1776 ab
1368 1729 1555 1776 sancto
1577 1720 1710 1777 Gre-

1810 533 2170 602 eompetebat,
2186 533 2432 602 Domino,
2448 533 2788 598 Heribertus,
2813 540 2965 588 certe
2983 533 3217 589 eximius
3241 534 3379 605 ipse,

1808 621 1936 677 solis
1991 623 2267 692 sapientia:
2314 622 2517 689 radius,
2571 622 2680 678 vivi
2739 621 2864 685 ﬁdei
2922 620 3090 677 fontis
3145 610 3383 687 rivulus,

1806 711 2034 768 virentis
2071 709 2298 779 justitiaa
2338 712 2539 782 stipitis
2591 724 2794 775 ramus,
2817 708 3043 780 jamque
3090 709 3215 766 coeli
3259 707 3403 780 pul-.

1807 801 1998 856 chrum
2030 816 2095 855 ac
2129 811 2389 857 aeternum
2415 802 2587 857 sidus.
2619 821 2638 853 ι

1878 888 1968 943 75.
2008 889 2214 960 Ecquid
2257 891 2466 946 diceres
2494 890 2853 962 Rosweydum
2900 889 2987 946 hic
3027 905 3061 945 a
3112 888 3388 962 Saussayo

1806 976 1978 1047 ferme
2018 980 2295 1050 apotheosi
2341 981 2637 1035 donatum?
2669 979 2777 1036 Sed
2807 982 2934 1036 faxo
2977 980 3129 1036 brevi
3174 995 3385 1037 versam

1806 1068 2087 1141 eytharam
2118 1070 2405 1141 intelligas.
2432 1071 2534 1139 Qui
2562 1071 2651 1125 hic
2674 1080 2782 1125 tam
2813 1069 3104 1141 magniﬁce
3125 1069 3387 1142 Roswey-

1806 1160 1935 1214 dum
1985 1159 2209 1230 ejusque
2254 1161 2497 1216 oblatum
2541 1159 2787 1215 Pontiﬁci
2842 1175 3040 1217 munus
3086 1161 3157 1215 ad
3205 1160 3384 1215 sidera

1808 1263 1979 1318 usque
2005 1249 2234 1315 extollit,
2261 1249 2402 1305 idem
2440 1250 2558 1320 ipse
2589 1251 2716 1311 alibi
2745 1249 3028 1320 praefatum
3069 1249 3387 1321 Martyrolo-

1808 1339 1978 1409 gium,
2001 1341 2388 1410 praeconceptis
2427 1340 2541 1395 suis
2567 1340 2635 1394 de
2675 1340 3000 1410 Areopagita
3030 1355 3103 1395 es.
3129 1339 3387 1396 Hilduino

1809 1428 2153 1497 opinionibus
2172 1429 2453 1485 adversari
2480 1429 2794 1487 observans.
2825 1431 2978 1499 quasi
3015 1440 3185 1485 (nstro
3212 1429 3390 1499 perci-

1811 1522 1935 1580 tus,
1997 1517 2146 1573 diras
2205 1518 2602 1588 quodammodo
2657 1519 2713 1573 in
2775 1519 2951 1588 ipsum
3015 1520 3392 1588 editoremqus

1810 1608 2029 1670 evomit.
2060 1609 2291 1678 turpiter
2332 1618 2621 1664 rerantans
2645 1625 2767 1680 qua:
2790 1610 2843 1664 in
2872 1610 3154 1680 utriusque
3170 1610 3387 1667 laudent

1814 1705 1920 1752 tam
1969 1698 2203 1769 gloriose
2236 1700 2529 1764 cecinerat,
2565 1709 2623 1753 ut
2669 1698 2915 1770 pluribus
2945 1709 3214 1756 memorat
3258 1701 3386 1756 Flea-

129 1817 293 1884 gorio
329 1788 761 1871 commendatum
811 1788 1057 1870 Romano
1075 1788 1341 1882 *ροηιίἣοί
1393 1812 1710 1882 porrigeret.

1817 1788 2086 1843 rentinius
2114 1789 2168 1843 in
2217 1790 2680 1845 admonitionibus
2725 1789 2839 1844 suis
2865 1790 3110 1860 praeviis,
3144 1790 3386 1860 pag..l7,

133 1878 336 1958 Merum
367 1903 484 1957 inec
536 1912 859 1972 pramature
893 1900 1038 1955 dicta
1079 1878 1409 1955 crediderim
1431 1878 1715 1970 agnovisse
1812 1892 2017 1972 “Ps?!”
2058 1878 2219 1972 υεξξξιο
2245 1879 2411 1972 fma.
2456 1880 2678 1972 υζγετῑιξε
2719 1881 3088 1937 mmmam“
3132 1880 3213 1938 me
3257 1897 3387 1972 "’9

130 1992 363 2047 subinde
408 1991 766 2063 Rosweydum
821 1992 1018 2060 ipsum.
1069 1990 1368 2053 Nimirum,
1413 1991 1540 2043 dum
1596 1990 1714 2045 haec

131 2084 420 2146 scriberet,
476 2083 712 2139 nondum
774 2082 985 2137 illustre
1041 2082 1183 2137 istud
1234 2081 1711 2152 llicronymianum

133 2171 559 2241 Epternacense,
600 2170 671 2225 de
698 2186 807 2240 quo
850 2171 1019 2240 priori
1064 2171 1242 2241 capite
1288 2186 1410 2225 cum
1451 2169 1711 2226 Bollando

134 2261 384 2329 egimus,
434 2275 467 2315 e
513 2260 790 2315 carthusia
832 2259 1140 2315 Trevirensi
1191 2260 1419 2315 feliciter
1471 2265 1707 2314 eruerat.

135 2348 370 2413 Etenim,
398 2364 471 2403 es
491 2350 793 2419 utriusque,
820 2359 947 2418 puta
970 2349 1372 2421 Hierunymiaui
1396 2360 1453 2405 et
1479 2349 1711 2405 Romani

140 2437 297 2506 parvi
323 2438 719 2505 comparatione
739 2479 754 2502 ,
786 2436 943 2493 facile
968 2439 1278 2508 agnovisset
1314 2437 1398 2490 vir
1435 2438 1713 2506 perspica-

143 2524 425 2589 cissimus,
454 2542 558 2582 non
582 2526 712 2582 huic
753 2536 860 2582 tam
891 2528 1106 2597 proprie
1146 2541 1306 2595 quant
1347 2525 1505 2580 alteri
1534 2525 1711 2594 aptari

139 2630 308 2689 posse
352 2615 523 2686 Magni
572 2615 821 2685 Gregorii
864 2617 1318 2688 descriptionem,
1372 2631 1478 2685 qua
1526 2617 1712 2686 utique

136 2705 411 2760 indicatur
455 2705 888 2778 Martyrologium
939 2705 1452 2777 Hieronymianum,
1504 2706 1561 2760 in
1607 2722 1710 2776 quo

136 2804 342 2848 tantum
379 2797 591 2850 nomina
654 2808 974 2866 martyrum,
1024 2796 1170 2850 locus
1216 2804 1264 2850 et
1310 2795 1421 2850 dies
1451 2796 1711 2866 passionis

131 2885 296 2953 positi
315 2886 647 2961 haberentur.
681 2888 831 2952 Quod
854 2886 1094 2958 perbreve
1119 2887 1249 2942 velit
1273 2900 1394 2942 esse
1425 2887 1721 2954 Baronius,-

136 2991 247 3029 non
283 2987 365 3030 est
407 2991 475 3030 ex
524 2986 706 3035 mente
735 2977 1007 3049 Gregorii,
1056 2994 1180 3033 cum
1236 2979 1290 3033 in
1328 2978 1496 3048 ipsius
1534 2979 1714 3036 libello

134 3065 291 3119 multi
332 3082 397 3120 ea:
436 3067 653 3122 diversis
705 3069 869 3135 terris.
911 3079 1064 3140 atque
1107 3071 1421 3139 provinciis,
1466 3086 1558 3141 per
1599 3070 1713 3125 dies

133 3154 372 3224 singulos
396 3166 776 3225 cognoscantur
802 3159 1056 3229 martyrio
1094 3160 1350 3233 coronati,
1396 3161 1488 3229 qui
1516 3160 1711 3216 chara-

1738 3128 1787 3193 ο

134 3252 262 3299 cter
310 3245 742 3318 Hieronymianis
795 3249 1043 3319 proprius
1092 3258 1204 3315 est;
1259 3248 1503 3304 Romano
1545 3264 1725 3319 parvo-

136 3350 253 3389 non
285 3336 435 3399 item,
465 3345 524 3391 ut
550 3335 699 3391 brevi
741 3337 941 3393 clarius
969 3338 1255 3394 elucescet.
1301 3337 1426 3394 Haec
1453 3341 1634 3394 omnia
1665 3340 1713 3395 si

133 3428 435 3483 observare
466 3429 730 3498 potuisset
758 3428 1112 3501 Rosweydus,
1148 3430 1293 3485 baud
1336 3429 1556 3485 dubium
1580 3431 1713 3500 quin

133 3528 298 3573 vetus
324 3534 483 3574 suum
527 3534 648 3573 cum
675 3518 1005 3590 Gregoriano
1033 3522 1253 3575 minime
1279 3520 1714 3578 confundendum

131 3619 402 3682 putasset.
448 3609 556 3666 Nec
599 3626 728 3666 vero
755 3613 878 3667 inde
926 3613 1178 3682 splendor
1217 3613 1597 3686 Martyrologio
1624 3614 1715 3669 isti

132 3703 317 3773 gratis
351 3702 743 3773 quodammodo
772 3705 1132 3761 accersendus
1159 3715 1297 3770 erat,
1347 3721 1469 3760 cum
1500 3707 1715 3762 aliunde

133 3797 292 3851 veris
318 3795 431 3850 suis
451 3794 791 3865 propriisque
814 3811 921 3849 non
945 3804 1133 3851 careat
1156 3795 1426 3861 laudibus,
1456 3812 1592 3867 quas
1614 3797 1714 3866 ipsi

135 3894 203 3939 ut
235 3883 479 3947 meritas,
506 3891 563 3941 ut
591 3883 802 3938 debitas
826 3891 940 3937 toto
963 3884 1067 3939 hoc
1096 3885 1272 3954 capite
1299 3885 1712 3940 vindieabinms.

216 3973 309 4027 74.
368 3974 634 4033 Caeterum
695 3980 836 4043 quod
897 3973 1056 4028 modo
1114 3972 1288 4029 aiebat
1350 3973 1714 4047 Rosweydus,

135 4062 375 4135 plurium
403 4062 825 4132 gravissimorum
853 4061 1080 4116 virorum
1104 4064 1393 4131 patrocinio
1414 4066 1716 4119 comitatum

138 4154 321 4209 uenire
365 4153 626 4219 Romam,
678 4168 834 4208 suum
895 4152 1024 4208 illud
1070 4161 1224 4209 vetus
1279 4154 1718 4227 Martyrologium

137 4245 489 4300 verissimum
512 4245 786 4309 existimo,
816 4246 1029 4300 tametsi
1066 4246 1224 4299 modo
1253 4255 1559 4316 promptum
1586 4246 1717 4301 mihi

141 4352 262 4395 non
285 4336 356 4390 sit
381 4336 619 4389 virormn
646 4336 858 4390 illorum
881 4334 1133 4407 suﬁ‘ragia
1159 4337 1429 4405 colligere.
1463 4337 1545 4392 Sit
1566 4336 1721 4391 nobis

139 4428 241 4481 hic
267 4441 408 4479 unus
430 4427 673 4479 omnium
700 4425 869 4479 instar
902 4424 1146 4479 Andreas
1175 4423 1493 4495 Saussayus,
1526 4425 1580 4479 in
1619 4424 1719 4481 hac

139 4517 343 4573 saltem
372 4526 525 4587 parte
563 4517 787 4573 minime
821 4525 1102 4587 suspectus
1129 4516 1411 4589 Rosweydi
1445 4518 1717 4574 encomia-

140 4617 282 4662 stes.
312 4607 653 4663 Laudaverat
678 4608 794 4677 ipse
823 4623 930 4663 non
953 4624 1061 4662 uno
1086 4607 1204 4662 loco
1227 4616 1515 4677 apparatus
1544 4610 1627 4663 sui
1650 4607 1718 4665 ad

139 4695 589 4767 Martyrologium
609 4696 966 4758 Gallicanum,
991 4705 1333 4768 procuratam
1354 4698 1554 4752 veteris
1576 4698 1717 4754 illius

140 4786 515 4858 Martyrologii
535 4789 849 4855 editionem,
875 4789 971 4844 sed
996 4803 1117 4858 cap.
1148 4787 1215 4842 l9
1244 4788 1514 4856 dispersos
1537 4789 1718 4845 radios

141 4875 433 4946 colligens,
482 4878 597 4931 lnec
642 4877 785 4933 inter
828 4877 933 4933 alia
963 4877 1030 4932 de
1074 4876 1375 4949 Rosweydo
1417 4878 1712 4948 praedicat:

146 4985 170 5019 α
209 4965 649 5038 Martyrologium
680 4974 837 5021 vetus
869 4966 1196 5031 Romanum,
1228 4975 1305 5020 tot
1334 4965 1546 5021 saeculis
1566 4966 1719 5021 abdi-

139 5069 287 5121 tum,
323 5067 473 5111 tanto
512 5066 646 5113 testu
677 5072 706 5110 a
752 5056 984 5112 Baronio
1025 5055 1409 5121 desideratum,
1449 5057 1722 5125 multoque

139 5149 350 5203 sudore
391 5161 422 5200 a
471 5162 530 5202 se
568 5147 956 5217 perquisitum,
1004 5146 1218 5201 tandem
1273 5147 1454 5202 divino
1501 5161 1722 5203 munere

141 5236 375 5306 reperit,
424 5250 490 5289 ac
532 5244 804 5305 repertum
852 5235 1083 5304 primum
1129 5234 1183 5289 in
1230 5233 1407 5290 lucem
1443 5236 1720 5305 produxit,

144 5325 540 5381 notatiunculis
566 5340 662 5380 sua
681 5325 983 5381 eruditione
1008 5326 1184 5395 dignis
1212 5326 1554 5391 instructum,
1577 5329 1721 5397 quod

143 5415 322 5470 Paulo
354 5413 395 5467 V
434 5415 674 5485 pontiﬁci
710 5416 964 5480 maximo,
1002 5415 1331 5487 pereleganti
1378 5416 1601 5487 epistola
1631 5417 1724 5472 de-

143 5506 380 5572 dicavit;
407 5515 466 5561 ut
490 5507 559 5563 ad
584 5506 773 5572 solem,
801 5507 1259 5577 quemadmodum
1276 5507 1369 5571 ait,
1404 5508 1609 5573 radius,
1651 5507 1722 5562 ad

148 5597 359 5652 fontem
391 5597 616 5663 rivulus,
645 5598 713 5653 ad
744 5598 980 5668 stipitem
1012 5613 1217 5661 ramus,
1247 5598 1312 5653 ad
1342 5598 1538 5653 coelum
1570 5597 1719 5654 sidus

145 5690 375 5754 rediret,
421 5700 526 5746 etc.
563 5689 640 5745 lta
681 5688 936 5760 praefatur
964 5689 1030 5745 ad
1070 5689 1380 5760 pontiﬁcem
1427 5704 1719 5754 summum,

1730 4448 1797 4532 ὐ

1808 1966 2052 2036 pluribus
2081 1967 2200 2023 aliis
2244 1968 2553 2041 Rosweydi,
2601 1969 2829 2039 ejusque
2861 1978 3161 2038 procurata:
3187 1971 3389 2027 veteris

1808 2056 2038 2112 Romani
2066 2057 2434 2131 Martyrologii
2476 2058 2730 2114 editionis
2759 2057 3126 2116 laudatoribus
3160 2059 3387 2131 conqui-

1810 2147 1992 2202 rendis
2035 2154 2247 2216 tempus
2292 2155 2484 2214 teram,
2520 2159 2615 2205 aut
2658 2150 2844 2207 lectori
2873 2167 3055 2210 ereem
3083 2154 3383 2222 fastidium,

1809 2252 1975 2293 unum
2024 2237 2316 2315 producam
2357 2240 2574 2311 egregie
2626 2241 2867 2308 doctum,
2917 2244 3205 2315 magnique
3245 2245 3390 2301 inter

1809 2326 2051 2382 eruditos
2086 2328 2321 2382 nominis
2369 2330 2569 2397 virum,
2616 2330 2910 2388 Henricum
2964 2332 3263 2401 Yalesium,
3330 2335 3385 2390 in

1809 2417 2194 2474 dissertatione
2219 2419 2365 2474 brevi
2393 2419 2755 2485 discutienda,
2783 2423 2888 2477 hoc
2914 2422 2993 2479 de.
3013 2424 3096 2479 sui
3125 2426 3385 2494 temporis

1810 2511 2171 2581 scriptoribus
2216 2512 2583 2568 testimonium
2630 2511 2940 2568 ferentem:
2969 2532 2989 2565 ς
3031 2517 3388 2585 persuasisse.

1810 2601 2094 2665 nimirum,
2145 2602 2321 2657 doctis
2389 2602 2698 2658 hominibus
2748 2602 3143 2674 Rosweydum,
3201 2614 3262 2660 ut
3317 2606 3387 2660 ab

1809 2690 2060 2747 omnibus
2109 2690 2337 2747 diversae
2389 2691 2554 2746 etiam
2624 2693 3021 2748 communionis
3082 2693 3219 2749 viris
3281 2694 3395 2749 hoc

1812 2778 2252 2852 Martyrologium
2281 2794 2383 2851 pro
2403 2789 2584 2836 vetere
2604 2779 2851 2837 Romano
2875 2782 3192 2852 accipiatur,
3234 2781 3386 2852 ejus-

1813 2886 1919 2941 que
1942 2872 2267 2928 auctoritate
2296 2886 2362 2927 ac
2388 2871 2697 2927 testimonio
2718 2886 2910 2928 omnes
2930 2873 3132 2942 passim
3159 2873 3217 2928 in
3237 2871 3391 2930 libris

1815 2961 1928 3016 suis
1956 2968 2196 3016 utantur.
2229 2980 2251 3015 ι

1886 3048 1974 3105 76.
2019 3048 2135 3106 Non
2178 3058 2263 3107 est
2312 3050 2530 3107 insolita
2575 3051 2792 3108 Valesio
2828 3054 3085 3125 grandior
3130 3055 3392 3123 auxesis;

1814 3158 1990 3216 neque
2045 3145 2190 3200 enim
2237 3145 2309 3200 ita
2364 3154 2488 3216 post
2544 3146 2900 3217 Rosweydum
2955 3149 3204 3205 abierunt
3251 3148 3396 3204 docti

1815 3234 2071 3300 homines,
2102 3243 2161 3290 ut
2188 3235 2368 3291 nullus
2391 3245 2520 3292 ante
2556 3235 2831 3293 Valesium
2859 3238 3222 3311 Martyrologii
3251 3240 3393 3295 illius

1815 3338 2153 3400 oppugnatur
2183 3328 2369 3385 fuerit.
2398 3330 2625 3387 Novisse
2651 3338 2867 3400 poterat
2892 3347 3199 3398 censorem,
3234 3331 3393 3403 plane

1816 3419 2115 3485 liberalem,
2162 3420 2226 3475 V.
2266 3420 2329 3474 C.
2374 3418 2636 3476 Joannem
2684 3421 3038 3489 Frontonem,
3083 3421 3391 3477 Kalendarii

1817 3508 2045 3577 Romani
2090 3509 2375 3574 editorem,
2408 3524 2517 3579 quo
2567 3524 2728 3564 nemo
2765 3510 3005 3575 brevius,
3050 3526 3210 3567 nemo
3253 3510 3397 3566 forte

1817 3600 1999 3658 acrius
2039 3608 2232 3656 contra
2267 3586 2583 3656 insurrexit.
2624 3600 2732 3657 Sed
2773 3602 2919 3657 hunc
2956 3600 3097 3657 infra
3137 3616 3235 3657 suo
3274 3600 3395 3656 loco

1819 3691 2160 3747 conveniam.
2188 3688 2375 3761 Neque
2403 3691 2707 3761 ignorabat,
2752 3691 2964 3761 opinor,
3003 3689 3249 3746 Valesius
3270 3689 3395 3744 Bol—

1818 3782 1963 3839 landi
1990 3781 2467 3852 prudentissimum
2493 3781 2561 3836 de
2603 3781 2792 3836 eodem
2840 3779 3221 3852 Martyrologio
3242 3779 3391 3848 judi-

1819 3879 1984 3941 cium,
2027 3876 2169 3946 quod
2213 3876 2530 3946 priusquam
2578 3874 2719 3928 ultra
2760 3874 3155 3944 progredimur,
3196 3874 3284 3930 hic
3324 3887 3395 3928 ex

1818 3964 2132 4036 praefatione
2174 3965 2451 4036 generali,
2516 3981 2635 4034 cap.
2688 3964 2763 4028 4.
2818 3963 2845 4035 ς
2893 3964 2962 4026 5,
3017 3963 3397 4034 compendiose

1819 4054 2188 4125 subjiciemus.
2244 4053 2408 4109 Plura
2462 4055 2713 4123 equidem
2764 4053 2838 4109 ibi
2888 4052 3139 4117 offendo,
3190 4052 3245 4108 in
3292 4052 3397 4109 hoc

1819 4156 2004 4202 nostro
2056 4142 2240 4216 dpere,
2287 4152 2380 4200 aut
2422 4145 2672 4201 restituta
2718 4152 2814 4200 aut
2866 4143 3067 4199 clarius
3107 4143 3394 4213 exposita;

1820 4250 2009 4291 verum
2029 4237 2171 4305 quod
2193 4235 2261 4290 ad
2285 4236 2442 4290 toties
2459 4234 2571 4303 jam
2597 4232 2931 4298 nominatum
2955 4234 3395 4307 Martyrologium

1821 4326 2035 4391 attinet,
2065 4324 2212 4379 clare
2240 4325 2313 4379 ibi
2360 4323 2648 4380 Bollandus
2688 4325 2957 4388 edisserit,
2988 4344 3011 4377 s
3063 4340 3171 4381 non
3199 4337 3321 4379 esse
3364 4338 3396 4377 a

1821 4414 2123 4484 Rosweydo
2161 4415 2366 4468 editum
2392 4413 2520 4469 illud
2551 4414 2693 4483 quod
2718 4424 2838 4468 erat
2873 4415 2933 4468 S.
2962 4413 3207 4485 Gregorii
3232 4420 3394 4468 aetate

1824 4504 2287 4577 Martyrologium.
2317 4524 2337 4556 ι
2366 4504 2684 4574 Rursusque
2704 4513 2828 4574 post
2847 4504 3101 4560 nonnulla
3124 4504 3249 4568 alia,
3272 4516 3397 4558 oeu-

1822 4601 2087 4657 latissimo
2111 4609 2305 4654 caetera
2343 4598 2604 4654 Bollando
2633 4613 2738 4653 non
2769 4599 2901 4656 satis
2937 4607 3064 4653 tunc
3092 4604 3394 4668 perspecta,

1821 4693 1895 4747 ita
1925 4691 2276 4762 pronuntiat:
2306 4709 2325 4741 ι
2356 4690 2491 4746 Illud
2527 4700 2707 4745 tamen
2749 4689 2951 4760 liquido
2994 4696 3250 4745 constare
3275 4688 3365 4742 esi

1823 4783 2002 4850 stimo,
2035 4799 2141 4838 non
2172 4798 2311 4849 esse,
2359 4784 2501 4853 quod
2529 4783 2791 4838 describit
2834 4791 3081 4838 sanctus.
3106 4780 3400 4852 Gregorius

1824 4874 1955 4929 illud
1987 4875 2131 4944 quod
2174 4883 2261 4929 est
2306 4890 2336 4928 a
2378 4873 2685 4946 Rosweydo
2721 4874 3023 4945 vulgatum.
3078 4871 3264 4944 Neque
3311 4881 3395 4928 ta-

1827 4978 1975 5028 men,
2006 4983 2026 5016 »
2084 4963 2314 5018 subdit:
2351 4981 2370 5014 ι
2403 4963 2504 5018 hoc
2552 4963 2879 5021 cuicuimodi
2927 4963 3018 5027 sit,
3069 4961 3393 5032 respuimus.

1825 5050 2046 5107 Utinam
2071 5052 2251 5122 plures
2268 5051 2470 5107 similia
2492 5052 2834 5122 antiquitatis
2852 5061 3229 5119 .monumenta,
3254 5050 3397 5119 quod

1823 5152 2091 5212 possunt,
2150 5151 2423 5199 eruerent.
2455 5163 2496 5197 ι.
2549 5143 2703 5199 Mitto
2757 5143 3103 5214 scrupulum,
3159 5156 3267 5213 quo
3322 5142 3397 5197 ibi

1823 5233 2112 5289 Bollandus
2156 5233 2405 5300 laborat,
2436 5248 2531 5290 sne
2581 5233 2790 5291 scilicet
2832 5231 3303 5305 Martyrologium,
3365 5250 3396 5286 a

1822 5323 2131 5396 Rosweydo
2142 5324 2368 5388 editum,
2397 5322 2697 5378 Rontanum
2721 5325 2895 5378 minus
2914 5330 3201 5392 nuncupat,
3229 5339 3249 5372 ι
3268 5320 3394 5389 quia

1814 5429 1890 5470 .eo
1921 5414 2075 5471 titulo
2113 5414 2365 5485 (Romani
2385 5416 2591 5485 veteris)
2619 5414 2822 5471 editum
2852 5429 2885 5468 a
2911 5413 3030 5469 viro
3056 5410 3392 5475 doctissimo,

1823 5521 1994 5577 eaque
2033 5508 2172 5578 apud
2214 5508 2456 5563 eruditos
2490 5507 2717 5563 invaluit
2755 5503 3138 5561 nomenclatio.
3169 5519 3190 5555 ι
3221 5500 3393 5558 Nemo

1823 5613 1964 5669 aegre
1992 5597 2131 5655 feret
2164 5613 2352 5655 vocem
2382 5608 2522 5653 vetus
2548 5612 2654 5652 non
2693 5596 2767 5651 ita
2801 5594 3209 5651 convenientem
3236 5606 3268 5647 a
3309 5605 3397 5648 me

1826 5689 1881 5742 in
1910 5704 2126 5760 parvum
2152 5697 2433 5754 mutatam,
2464 5696 2521 5742 ut
2564 5686 3081 5757 contradistinguam
3100 5684 3178 5739 ’ab
3202 5683 3394 5740 Hiero-
