3936 6348
619 346 726 399 499

1525 347 1896 403 υευΑιωυδ
1923 343 2298 400 uouscnus
2337 344 2972 406 SANGERMANENSIS.
3670 362 3737 417 δυο

623 457 880 524 nyinia'no
904 471 1126 525 majore,
1153 458 1300 526 quod
1337 458 1602 513 lucturum
1632 458 1798 512 fuisse
1837 458 2193 528 Rosweydum
2221 459 2272 517 Α
2299 468 2531 530 ctorum,
2585 462 2884 516 innumeris
2940 460 3074 515 locis
3136 472 3422 519 recurrunt.
3475 464 3578 523 llaec
3619 485 3734 529 autem

621 543 800 613 ipsum
840 545 998 615 plane
1025 546 1274 601 existimo
1293 586 1307 608 .
1337 547 1381 600 si
1409 554 1520 599 tum
1558 547 1799 600 codicem
1828 544 2197 615 Hieronymia—

624 652 755 690 num
799 637 958 707 longe
997 637 1346 693 vetustiorem
1397 637 1638 703 vidisset,
1681 653 1803 693 cum
1852 639 2030 692 minus
2066 637 2194 692 illud

622 739 782 782 suum
833 728 1155 792 Romanum,
1202 743 1307 782 non
1351 737 1458 781 tam
1503 738 1678 794 vetus,
1717 728 1867 799 prelo
1909 742 2197 784 commune

623 818 879 872 reddidit.

644 925 648 930 δ
697 908 781 960 77.
813 907 909 963 Est
933 909 1110 977 itaque
1141 924 1266 964 vera
1307 909 1547 966 Bollandi
1587 921 1643 967 et
1685 921 1868 966 nostra
1899 910 2191 976 sententia,

625 997 969 1053 characteres
1007 1013 1036 1052 a
1078 999 1135 1053 S.
1177 999 1440 1071 Gregorio
1485 1003 1539 1057 in
1582 1003 1779 1057 celebri
1821 1003 1886 1056 ad
1913 1001 2192 1070 Eulogium

623 1094 674 1137 et
704 1099 844 1153 saepe
879 1083 992 1152 jam
1023 1085 1236 1140 laudata
1274 1088 1501 1158 epistola
1530 1089 1818 1154 exhibitos,
1852 1089 1905 1142 in
1933 1088 2194 1157 Martyro-

622 1175 821 1243 logium
861 1190 891 1228 a
936 1175 1237 1247 Rosweydo
1277 1179 1480 1232 editum
1532 1180 1802 1248 quadrare
1849 1193 2192 1248 nequaquam

619 1279 816 1334 posse;
847 1281 968 1320 cum
1009 1267 1099 1320 ille
1125 1267 1428 1322 indiculum
1449 1269 1668 1332 indicet,
1699 1270 1752 1323 in
1791 1284 1898 1338 quo
1926 1285 2053 1338 pene
2082 1285 2194 1322 om-

622 1353 765 1405 nium
789 1364 1107 1423 martyrum,
1136 1356 1396 1410 distinctis
1421 1373 1514 1426 per
1537 1355 1770 1426 singulos
1796 1357 1906 1410 dies
1933 1357 2193 1424 passioni-

621 1442 735 1504 lms,
772 1442 988 1496 collecta
1027 1446 1242 1498 nomina
1269 1445 1631 1511 habebantur,
1661 1447 1801 1514 quod
1837 1447 2192 1517 Rosweydino

621 1529 1004 1602 Martyrologio
1034 1541 1141 1586 tam
1177 1542 1260 1588 est
1305 1544 1513 1589 certum
1559 1550 1662 1589 non
1691 1538 2000 1601 convenire,
2029 1553 2189 1606 quam

620 1629 829 1674 certum
870 1623 943 1675 sit
969 1623 1086 1676 dies
1131 1623 1204 1677 ibi
1247 1623 1454 1692 aliquot
1493 1639 1693 1679 vacuos
1720 1626 1970 1694 reperiri,
2017 1626 2190 1694 pluri-

620 1725 758 1774 mos,-
787 1719 964 1765 aulem
990 1712 1079 1766 ubi
1107 1713 1298 1768 unicus
1328 1729 1434 1766 uno
1465 1713 1551 1767 die
1576 1715 1922 1783 consignatur
1950 1725 2188 1772 sanctus.

2297 551 2479 604 omnia
2519 566 2643 606 cum
2693 553 2916 606 veritate
2968 566 3075 606 non
3131 553 3387 609 cohaerere
3429 553 3734 620 Observationes

2294 647 2493 694 nostrae
2520 640 2708 694 diebus
2728 641 2956 712 singulis
2976 640 3142 695 textui
3174 641 3456 700 Usuardiuo
3479 647 3653 716 adjecta
3663 654 3732 709 sole

2293 729 2591 784 meridiano
2624 729 2824 786 clarius
2853 730 3287 785 manifestabunt.

2361 821 2450 876 79.
2497 820 2652 877 Prior
2695 831 2874 877 autem
2923 821 3247 879 difﬁcultatis
3299 838 3434 891 pars,
3475 829 3589 896 quod
3622 831 3734 899 plum

2291 911 2453 964 multo
2487 922 2692 965 sanctos
2713 913 2902 966 habent
2929 914 3044 967 Ado
3071 915 3125 968 in
3148 930 3242 968 suo
3269 911 3612 985 Hartyrologio,
3631 938 3733 990 qua

2292 999 2382 1069 qui
2400 1000 2455 1052 in
2479 1001 2668 1054 minori
2694 999 2926 1055 Romano
2954 1005 3314 1066 continentur;
3346 1005 3561 1073 quodque
3587 1010 3734 1076 proinde

2291 1105 2478 1157 parum
2522 1089 2591 1142 ad
2620 1091 2830 1143 modum
2875 1106 2939 1143 ea:
2969 1090 3060 1145 illo
3089 1092 3301 1145 subsidii
3338 1092 3524 1146 haurire
3552 1095 3732 1162 potuisset,

2291 1193 2423 1247 pace
2447 1178 2686 1232 Bollandi
2717 1179 2925 1244 dixero,
2957 1178 3207 1235 facillime
3233 1180 3528 1244 dissolvitur,
3550 1197 3645 1236 nam
3663 1185 3731 1238 Ado

2293 1283 2555 1337 nusquam
2583 1268 2818 1322 insinuat
2851 1284 2909 1324 se
2930 1285 3120 1325 omnes
3145 1279 3356 1325 sanctos
3374 1285 3485 1325 suos
3515 1285 3570 1324 ex
3597 1288 3732 1325 venero-

2292 1357 2382 1410 bili
2402 1367 2449 1410 et
2469 1359 2774 1427 perantiquo
2806 1357 3185 1428 Martyrologio
3221 1359 3562 1428 desumpsisse,
3593 1360 3730 1414 sedad-

2283 1449 2461 1518 jutum
2488 1464 2546 1503 se
2567 1463 2632 1502 eo
2653 1449 2874 1513 fatetur,
2905 1459 2959 1502 ut
2996 1449 3105 1504 dies
3127 1459 3425 1520 martyrum,
3451 1451 3529 1519 qui
3547 1450 3691 1517 confusi
3701 1454 3730 1503 in

2292 1538 2554 1594 Kalendis.
2573 1542 2702 1594 satis
2730 1540 2952 1594 inveniri
2980 1539 3228 1603 solerent,
3254 1541 3492 1594 serissime
3511 1550 3727 1592 notarentur.

2291 1629 2346 1683 Id
2375 1645 2592 1698 nempe,
2620 1630 2725 1683 nisi
2751 1630 3098 1684 vehementer
3123 1628 3298 1693 fallor,
3339 1639 3534 1684 sanctus
3562 1629 3730 1698 Martyro-
3826 1628 3827 1692 Ῐ

2291 1717 2445 1788 logus
2466 1719 2660 1782 innuit,
2692 1721 2958 1788 reperisse
2985 1734 3048 1774 se
3076 1719 3131 1772 in
3155 1735 3220 1774 eo
3249 1719 3730 1788 Martyrologio,distin-
3826 1725 3827 1774 ἢ

618 1798 861 1862 Accedit,
911 1799 1055 1867 quod
1093 1813 1158 1852 ex
1207 1801 1400 1854 eodem.
1445 1799 1690 1871 Gregorii
1723 1804 2031 1857 testimonio
2065 1819 2190 1858 con-
2220 1792 2261 1850 Β
2289 1816 2431 1860 ctam
2471 1808 2677 1862 dierum
2715 1823 2806 1861 seu
2833 1806 3195 1864 Kalendarum
3224 1809 3430 1871 seriem,
3470 1823 3566 1876 qua:
3589 1809 3627 1861 in
3657 1808 3729 1861 Hie-

619 1899 744 1954 stet,
775 1891 830 1945 in
853 1893 1042 1946 eodem
1093 1892 1360 1946 volumine
1404 1908 1510 1947 non
1541 1894 1788 1958 indicari,
1820 1896 1934 1965 quis
1964 1896 2193 1965 qualiter

620 1981 688 2033 sit
728 1996 933 2049 passus,
962 1981 1054 2035 sed
1095 1983 1452 2035 tantummodo
1493 1999 1698 2047 nomen,
1752 1983 1921 2036 locum
1963 1994 2011 2037 et
2053 1985 2189 2038 diem

619 2073 876 2139 passionis
922 2072 1086 2141 poni;
1133 2080 1186 2124 at
1239 2071 1472 2125 Romani
1517 2073 1670 2141 parvi
1717 2082 1904 2128 auctor
1942 2075 2095 2142 plura
2137 2082 2193 2128 et

621 2162 956 2218 distinctiora
1009 2163 1236 2227 addidit,
1279 2179 1376 2232 per
1422 2178 1544 2232 quas
1596 2164 1984 2234 Gregorianum
2035 2165 2192 2234 longe

621 2260 858 2320 superat,
895 2268 1001 2307 non
1045 2253 1261 2322 quidem
1311 2261 1491 2317 (etate,
1548 2254 1641 2307 sed
1680 2254 1874 2318 nitore,
1919 2254 2189 2318 claritate,

621 2351 677 2396 et
697 2350 889 2396 exacto
914 2357 1093 2397 rerum
1121 2342 1329 2397 ordine.
1365 2343 1586 2396 Demum
1612 2342 1914 2396 Romanum
1945 2352 2190 2396 nostrum

620 2430 867 2497 pluribus
902 2430 1036 2485 locis
1067 2429 1194 2483 talia
1231 2430 1408 2500 signat
1441 2446 1560 2499 quae
1591 2429 1852 2500 Gregorio
1891 2430 2190 2499 posteriora

621 2527 764 2580 sunt,
797 2530 856 2572 ut
891 2525 1020 2589 puta
1047 2534 1144 2577 xm
1192 2517 1316 2572 Maii
1343 2517 1540 2572 festum
1572 2517 1630 2573 S.
1664 2519 1853 2572 Maria:
1893 2518 1962 2571 ad
1988 2517 2192 2589 Marty-

621 2623 736 2672 res;
783 2623 872 2664 xlv
920 2608 1274 2678 Septembris,
1330 2609 1528 2678 lignum
1575 2609 1907 2677 salutiferam
1954 2611 2122 2664 crucis
2158 2627 2193 2663 a

622 2694 808 2766 Sergio
831 2713 966 2767 papa
995 2699 1278 2760 inventum,
1309 2709 1438 2761 etc.;
1468 2714 1484 2751 ι
1511 2697 1845 2761 Novembris,
1866 2698 2060 2753 festum
2089 2715 2196 2752 om-

622 2787 766 2840 nium
801 2799 1100 2842 sanctorum
1127 2788 1312 2842 Roma:
1352 2788 1676 2854 institutum,
1725 2789 1938 2857 aliaque
1966 2790 2033 2843 ab
2068 2805 2193 2844 eru-

625 2881 735 2933 dito
773 2879 971 2935 lectore
1021 2879 1177 2934 facile
1219 2879 1573 2940 observanda,
1605 2895 1724 2948 quae
1769 2880 2009 2934 codicem
2053 2879 2194 2933 Ros~

623 2969 928 3038 wcydinum
989 2971 1055 3024 ad
1111 2969 1363 3022 saeculum
1426 2977 1674 3021 octavum
1734 2967 2005 3036 rejiciuut.
2068 2967 2197 3023 Hmc

625 3062 680 3111 in
710 3058 954 3112 Bollandi
1002 3058 1281 3113 sententias
1321 3058 1682 3112 omnimodam
1729 3057 2192 3112 confirmationem

623 3147 914 3202 sufficiant.

695 3247 784 3302 78.
814 3247 992 3302 Unum
1026 3255 1109 3301 est
1146 3245 1286 3316 quod
1332 3261 1439 3300 non
1466 3247 1594 3301 satis
1623 3247 1899 3317 perspexit
1935 3260 2195 3301 veneran-

627 3338 728 3392 dus
749 3338 1006 3408 magister
1032 3346 1234 3400 noster,
1261 3337 1387 3390 dum
1415 3352 1605 3406 nempe
1642 3338 1695 3390 in
1723 3337 1963 3405 ambiguo
1993 3337 2191 3407 posuit,

629 3436 803 3480 utrum
843 3444 908 3481 ex-
961 3429 1040 3481 his
1090 3437 1300 3482 sanctus
1338 3427 1453 3479 Ado
1511 3427 1784 3490 habuerit,
1840 3429 2011 3480 minus
2060 3425 2195 3480 illud

629 3515 1049 3587 Rosweydinum,
1083 3533 1150 3570 an
1199 3522 1294 3570 hoc
1324 3515 1519 3584 majus,
1565 3516 1773 3572 scilicet
1817 3516 2194 3586 Hieronymia-

626 3625 785 3675 num;
831 3609 959 3663 mihi
990 3611 1131 3664 enim
1183 3611 1544 3664 certissimum
1583 3610 1796 3664 videtur
1832 3611 2074 3664 Adonem
2116 3610 2197 3664 sic

627 3701 797 3769 loqui,
827 3708 885 3754 ut
921 3709 1027 3755 tota
1056 3700 1173 3770 ejus
1197 3702 1370 3755 oratio
1392 3700 1694 3755 Romanum
1735 3715 1961 3770 parvum
2011 3707 2194 3768 aperte

629 3792 889 3860 designet,
918 3805 1035 3844 nec“
1057 3791 1221 3843 ullum
1265 3792 1406 3845 aliud
1441 3791 1875 3861 Martyrologium
1912 3789 2197 3860 designare

627 3879 818 3946 possit.
845 3878 914 3930 At
947 3879 1117 3945 inquit
1145 3877 1452 3940 Bollandus,
1494 3897 1512 3928 ‹
1545 3879 1728 3946 plures
1769 3877 1938 3932 multo
1979 3886 2197 3932 sanctos

628 3969 793 4022 habet
822 3968 940 4020 Atto
969 3967 1021 4020 in
1051 3982 1146 4021 suo
1171 3966 1570 4036 Martyrologio,
1591 3982 1753 4036 quam
1793 3968 1884 4036 qui
1914 3968 1967 4021 in
2003 3967 2197 4022 minori

628 4061 874 4114 Romano
895 4060 1268 4123 continentur;
1301 4059 1412 4113 imo
1443 4075 1631 4128 parum
1676 4059 1960 4114 admodum
1999 4073 2067 4113 ex
2109 4059 2199 4112 illo

631 4151 853 4204 haurire
889 4149 1108 4203 subsidii
1160 4149 1442 4218 potuisset,
1471 4164 1594 4204 cum
1637 4149 1936 4218 praesertim
1971 4147 2198 4203 Usuardi

627 4241 858 4296 haberet
904 4239 1362 4310 Martyrologium,
1391 4241 1531 4309 quod
1589 4247 1645 4294 et
1692 4239 1898 4292 natales
1927 4239 2200 4292 indicabat

625 4333 960 4404 singulorum
990 4341 1153 4400 atque
1193 4331 1352 4384 etiam
1393 4331 1690 4399 plurium...
1727 4348 1746 4381 ι
1797 4329 1963 4384 Recte
2002 4329 2201 4383 fatetur

625 4421 916 4477 Bollandus
937 4421 1023 4475 Itic
1050 4421 1149 4476 sibi
1173 4437 1362 4490 aquam
1387 4421 1585 4474 Ita'rere
1611 4434 1626 4471 :
1655 4435 1792 4489 opus
1824 4419 1969 4474 enim
2005 4418 2198 4473 fuisset

623 4513 977 4579 plurimorum
1002 4528 1265 4567 annorum
1297 4511 1500 4574 labore,
1526 4512 1760 4581 plurium
1791 4513 2200 4583 Martyrologio-

623 4618 749 4656 rum
779 4604 1188 4672 diligentissima
1217 4606 1356 4658 inter
1379 4619 1438 4659 se
1459 4605 1765 4668 collatione,
1797 4607 1864 4658 ad
1897 4603 2198 4672 hujusmodi

635 4692 830 4746 nodum
861 4693 1280 4756 dissolvendum,
1321 4691 1476 4760 cujus
1505 4708 1630 4761 pars
1676 4693 1944 4761 posterior
1976 4693 2067 4747 vix
2109 4695 2201 4748 de-

633 4797 780 4836 mum
829 4791 967 4850 post,
1003 4783 1388 4851 quinquaginta
1433 4791 1486 4837 et
1531 4782 1760 4850 amplius
1803 4781 1872 4834 ab
1922 4796 2082 4851 opere
2133 4783 2199 4836 de

630 4875 780 4928 Actis
810 4883 1122 4928 sanctorum
1151 4873 1400 4927 inchoato
1430 4889 1600 4926 annos
1624 4863 1666 4925 a'
1691 4873 2058 4942 Papebrocbio
2098 4873 2196 4926 ob-

623 4971 844 5017 servata
877 4971 959 5016 est
1003 4970 1148 5016 tomo
1179 4959 1217 5013 V
1244 4960 1410 5024 Junii,
1441 4977 1564 5032 pag.
1599 4961 1726 5026 250,
1774 4961 1876 5017 col.
1909 4963 1932 5015 l
1969 4962 2022 5014 in
2072 4961 2196 5014 fine.

633 5054 897 5107 Nimirum
917 5059 1242 5122 praepostere
1256 5067 1285 5104 a
1301 5051 1592 5120 majoribus
1611 5052 1810 5106 nostris
1824 5067 2035 5121 semper
2046 5053 2200 5108 citari

633 5145 822 5199 solitos
855 5143 1156 5199 Usuardum
1183 5151 1239 5198 et
1265 5143 1528 5209 Adonem,
1558 5159 1875 5213 semperque
1908 5145 1961 5198 in
1987 5158 2050 5198 ea
2076 5160 2201 5214 sup-

631 5238 901 5306 positione
937 5236 1078 5306 quod
1109 5235 1197 5289 ille
1228 5235 1328 5289 hoc
1355 5245 1501 5289 esset
1534 5236 1830 5304 antiquior,
1868 5245 2030 5305 atque
2063 5236 2198 5292 adeo

621 5331 874 5382 Adonem
910 5342 1004 5381 sua
1030 5343 1095 5381 ex
1131 5325 1377 5380 Usuardo
1395 5326 1692 5394 accepisse,
1723 5335 1815 5379 aut
1851 5327 2044 5381 saltem
2066 5326 2204 5382 acci-

633 5437 762 5491 pere
782 5423 1056 5492 potuisse;
1084 5419 1190 5482 vel,
1215 5427 1274 5471 ut
1299 5419 1348 5472 in
1376 5419 1593 5488 prologo
1615 5420 1681 5472 ad
1710 5418 1909 5473 Bedam
1935 5433 2082 5472 num.
2112 5418 2202 5482 11,

621 5513 717 5566 vel
747 5521 892 5567 torno
921 5510 990 5567 IV
1011 5510 1176 5568 Junii,
1214 5524 1336 5578 pag.
1368 5509 1495 5572 482,
1522 5509 1660 5562 infra
1693 5509 1752 5570 Β,
1777 5507 2036 5576 arguebat
2082 5505 2198 5560 lau-

617 5603 792 5656 9datus
822 5590 1238 5672 Papehrochius,
1275 5597 1404 5650 nihil
1429 5598 1649 5651 alterunt
1682 5597 1890 5650 sciuisse
1920 5594 1984 5647 de
2015 5593 2199 5648 altera.

626 5693 842 5757 Quibus
872 5692 1064 5748 similia
1099 5706 1195 5758 per
1222 5688 1405 5757 viginti
1448 5695 1555 5741 tres
1595 5696 1764 5742 tomos
1790 5684 1855 5739 de
1892 5683 2039 5739 Actis
2069 5683 2202 5738 Sau-

2291 1896 2627 1965 ronymiano,
2668 1911 2776 1965 quo
2817 1897 2982 1950 etiam
3007 1897 3309 1951 certissime
3332 1912 3450 1950 usus
3473 1905 3559 1959 est,
3579 1897 3726 1958 turbato,
3826 1901 3827 1968 ζ

2290 1985 2476 2040 luxato
2500 1995 2554 2039 et
2575 1986 2800 2041 confuso
2817 1987 3024 2051 ordine,
3066 1987 3246 2041 adhuc
3284 1985 3451 2051 hodie,
3487 1995 3579 2056 post
3607 1986 3727 2040 ﬂlllllo-
3826 1999 3827 2008 ‘

2292 2089 2413 2128 rum
2439 2074 2772 2130 eruditorum
2799 2075 3264 2144 diligentissimam
3297 2088 3517 2143 operam,
3537 2087 3726 2142 represen-
3826 2091 3827 2102 ι

2291 2173 2456 2220 tatur.
2486 2166 2661 2235 Atque
2698 2166 2806 2221 huc
2835 2165 3010 2222 refero
3035 2169 3095 2222 τὸ
3124 2166 3381 2220 verissime
3403 2174 3648 2224 notarentur,
3662 2165 3726 2216 hoc
3826 2235 3827 2242 γ

2292 2266 2377 2312 est
2415 2257 2679 2322 distincte,
2732 2273 2856 2311 nam
2887 2257 3252 2327 Martyrologii
3289 2257 3436 2310 istius
3459 2263 3620 2316 auctor,
3640 2253 3727 2319 quis

2291 2348 2414 2417 quis
2452 2345 2650 2412 fuerit,
2704 2347 2838 2401 nihil
2893 2348 3072 2402 minus
3114 2361 3335 2402 curasse
3369 2345 3550 2399 videtur
3570 2357 3676 2412 quam
3694 2351 3728 2393 ut
3826 2345 3827 2408 ξ

2292 2437 2358 2490 ad
2383 2450 2543 2491 veros
2561 2436 2746 2490 obitus
2774 2443 2868 2490 aut
2894 2436 3143 2506 martyrii
3177 2435 3291 2490 dies
3333 2433 3487 2489 sancti
3519 2432 3728 2486 reduceren-

2293 2536 2410 2590 tur;
2434 2527 2568 2582 satis
2597 2542 2656 2581 se
2677 2527 2865 2581 fecisse
2892 2526 3228 2589 existimans,
3259 2525 3301 2578 si
3327 2538 3451 2593 quos
3469 2521 3571 2575 hinc
3589 2519 3670 2572 inde
3691 2532 3728 2569 ex

2293 2616 2474 2672 Veteri
2504 2618 2866 2681 Testamento,
2911 2632 3064 2686 atque
3096 2633 3162 2671 ac
3195 2632 3266 2671 ex
3286 2614 3443 2677 Novo,
3481 2612 3557 2667 sed
3587 2609 3730 2664 maxime

2294 2723 2361 2763 ex
2389 2707 2589 2762 Rutino
2623 2707 2908 2778 colligebat
2933 2715 3172 2771 sanctos,
3206 2707 3364 2761 certis
3389 2705 3561 2763 diebus,
3595 2711 3731 2770 prosuo

2290 2798 2406 2854 fere
2434 2799 2683 2863 arbitrio,
2730 2799 3044 2853 innecteret.
3087 2799 3264 2868 Atque
3315 2798 3424 2851 [nec
3463 2794 3594 2848 altera
3619 2799 3728 2843 nostra

2293 2887 2599 2942 observatio
2644 2895 2750 2946 est.
2792 2901 2890 2956 per
2919 2886 3159 2955 singulos
3193 2887 3358 2941 ferme
3387 2885 3490 2939 dies
3512 2882 3729 2936 discurram

2293 2993 2414 3047 quae
2438 2978 2669 3046 majores
2696 2987 2910 3033 nosuos
2935 2978 3199 3032 hactenus
3229 2977 3466 3038 latuerat,
3487 2981 3729 3042 quequenon

2296 3067 2399 3120 nisi
2422 3065 2686 3120 indefessa
2715 3075 2768 3119 et
2793 3065 3103 3120 continuata
3133 3063 3586 3136 Martyrologiorum
3605 3065 3728 3109 nostro

2220 3131 2264 3193 (ἶ
2300 3171 2417 3210 rum
2448 3156 2869 3225 perscrutatione
2908 3155 3046 3218 erui,
3079 3131 3290 3226 digeri,
3318 3163 3373 3209 et
3416 3131 3648 3208 conﬁrmari
3667 3159 3725 3212 po-

2300 3246 2419 3299 tuit.
2452 3244 2535 3298 Ad
2576 3244 2709 3299 duas
2761 3244 3153 3312 propositiones
3198 3260 3310 3299 rem
3362 3251 3507 3297 totam
3545 3235 3727 3293 urntraho;

2297 3350 2526 3404 quarum
2557 3335 2672 3389 hac
2705 3335 2876 3404 prima
2909 3352 2922 3388 ε
2950 3334 3066 3388 Ado
3096 3335 3152 3388 in
3199 3331 3492 3389 adornaudo
3528 3322 3729 3395 litorali).

2298 3426 2386 3496 gio
2411 3440 2510 3480 suo
2534 3439 2665 3478 usus
2685 3433 2769 3479 est
2788 3424 3031 3480 Romano
3058 3440 3228 3494 parvo
3257 3421 3517 3491 Rosweydi
3535 3459 3547 3482 ,
3573 3425 3734 3481 ιαικιιιιιιι

2298 3517 2551 3580 stamine,
2587 3517 2632 3570 si
2655 3517 2728 3570 ita
2767 3515 2912 3585 loqui
2937 3515 3079 3577 licet,
3109 3524 3389 3584 totumque
3426 3512 3566 3566 ferme
3597 3505 3732 3558 adt-er-

2297 3605 2425 3660 bum
2462 3605 2762 3674 descripsit.
2821 3603 2946 3659 Haec
2997 3603 3170 3658 altera
3222 3621 3236 3658 :
3284 3601 3536 3658 Usuartlus
3566 3595 3734 3648 Adonem.

2298 3710 2456 3765 quem
2498 3695 2538 3748 F
2544 3694 2641 3749 lori
2689 3693 2882 3748 librum
2909 3693 3207 3748 secundum
3231 3688 3514 3762 appellavit,
3537 3686 3592 3738 ita
3615 3681 3651 3734 in
3666 3691 3733 3729 om-

2298 3790 2458 3845 nibus
2486 3796 2702 3842 secutus
2735 3795 2839 3851 est,
2868 3796 2928 3840 ut
2949 3801 3137 3840 verum
3166 3785 3270 3841 dici
3293 3784 3452 3855 possit
3470 3776 3625 3832 Adonis
3648 3781 3736 3824 com-

2297 3879 2572 3949 pendium.
2605 3875 2710 3930 Sed
2733 3877 2797 3931 de
2819 3876 2922 3930 hac
2945 3876 3334 3945 propositione,
3363 3881 3417 3924 ut
3429 3870 3523 3938 jam
3543 3876 3660 3932 supra
3671 3869 3736 3910 ωο-

2299 3971 2539 4034 nuimus,
2561 3984 2677 4039 cap.
2709 3968 2743 4021 3
2778 3967 2948 4022 fusius
2979 3967 3342 4021 tractandum.

2368 4059 2458 4114 80.
2489 4058 2581 4112 His
2597 4035 2662 4111 ad
2679 4064 2991 4126 sequentem
3008 4056 3436 4111 dissertationem
3461 4035 3740 4117 quodammodo

2300 4150 2686 4222 praerequisitis
2709 4157 2762 4202 et
2788 4146 3151 4217 praecognitis,
3188 4144 3406 4201 Romani
3443 4138 3583 4211 parvi,
3606 4130 3740 4222 ρὶξιειιυε

2299 4220 2522 4297 editoris
2559 4238 2844 4308 Rosweydi
2883 4236 3242 4306 patrocinium
3273 4235 3360 4290 hic
3404 4232 3470 4285 ita
3509 4220 3740 4288 suscipimus

2301 4343 2362 4388 ut
2386 4333 2509 4386 licet
2533 4347 2654 4386 cum
2699 4327 2978 4392 Bollando,
3023 4327 3075 4381 in
3106 4343 3173 4382 eo
3201 4327 3354 4397 plane
3397 4332 3579 4377 errasse
3608 4319 3741 4402 crassa

2304 4439 2444 4486 mus,
2470 4421 2609 4490 quod
2633 4418 3065 4488 Martyrologium
3100 4432 3260 4471 suum
3298 4413 3423 4470 illud
3452 4423 3554 4465 esse
3572 4400 3744 4473 putarent

2306 4516 2371 4570 de
2406 4531 2512 4583 quo
2536 4511 2827 4582 Gregorius
2867 4509 2936 4564 ad
2981 4507 3262 4576 Eulogium
3299 4497 3656 4560 Alexandrinum

2303 4579 2480 4670 minit,
2511 4606 2610 4668 sic,
2647 4579 2885 4671 inquam,
2915 4600 3032 4669 ejus
3065 4598 3419 4668 patrocinium
3438 4579 3747 4655 suscipimus"!

2304 4705 2492 4750 contra
2529 4693 2724 4748 multos
2765 4692 3160 4748 obtrectatores
3189 4698 3502 4744 asseramus,
3535 4675 3747 4750 πινῶδες

2253 4780 2262 4791 ’
2304 4745 3070 4848 neraliile:et‘perantiquum
3128 4772 3543 4844 Martyrologium
3580 4771 3680 4816 esse.
3712 4745 3747 4797 ⁸⁸

2305 4875 2430 4929 urbe
2453 4873 2618 4926 Roma
2648 4869 2960 4939 Aquileiam,
2999 4867 3208 4920 cuidam
3230 4873 3403 4918 sancto
3424 4860 3620 4929 episcopo
3635 4863 3656 4898 α
3672 4853 3750 4910 Ρ⁰¹⁴

2307 4964 2447 5031 tiﬁce
2473 4960 2705 5014 Romano
2735 4959 3008 5020 directum,
3038 4965 3094 5010 et
3116 4955 3289 5009 Adoni
3312 4945 3608 5022 postmodum
3629 4951 3652 4986 α
3676 4940 3749 5031 (μζ

2472 5012 2711 5119 religioso
2734 5012 3116 5121 fratre_aliquot
3145 5012 3326 5098 diebus
3351 5035 3602 5110 prastitum
3621 5044 3632 5078 :
3652 5012 3750 5121 σιειεῆ

2477 5102 2746 5208 diligenti
2781 5109 2919 5188 cura.
2948 5102 3544 5201 transcriptum,'positus
3581 5109 3681 5182 αραά
3697 5102 3754 5208 ll"

2297 5247 2545 5294 renuant,
2571 5205 2624 5282 in
2647 5227 2813 5294 capite
2834 5225 2914 5280 sui
2944 5223 3112 5294 operis
3131 5231 3419 5291 ponendum
3439 5207 3633 5282 putarit:
3651 5205 3754 5294 qui?

2293 5289 2468 5390 'iquam
2507 5283 2612 5372 non
2653 5283 2987 5371 dilfrteamur'
3016 5310 3448 5380 interpolationes
3475 5300 3643 5390 aliqua?

2306 5380 2424 5466 etas
2452 5407 2641 5470 fuisse,
2672 5405 2869 5474 quibus
2902 5402 3104 5458 nullum
3133 5401 3393 5455 hactenus
3429 5380 3756 5474 Martyrologi“nl

2307 5516 2534 5556 vacuum
2588 5497 2825 5568 reperire
2884 5495 3172 5566 potuimus.
3240 5491 3362 5545 llaec
3406 5487 3626 5542 adversus
3657 5469 3757 5568 Silis:

2307 5607 2519 5662 sayum.
2571 5559 2922 5650 Frontonem,
2971 5581 3396 5640 Florentinium,
3440 5559 3758 5662 et

2311 5651 2445 5741 alios
2495 5677 2719 5734 Romani
2751 5677 2901 5746 parvi
2951 5671 3292 5743 adversarios
3319 5645 3757 5738 propugnandssunl-
