3936 6348
130 367 260 426 SOI

1454 330 1456 332 ’
1511 363 2047 422 PROLEGOMENA.

3310 370 3438 426 ὀῖ’

131 487 417 543 Alterum
447 477 602 536 nobis
635 489 766 537 cum
814 476 1047 534 Henrico
1076 476 1291 534 Valesio
1319 479 1613 548 negotium,
1646 478 1740 547 qui
1768 482 1817 540 Α
1846 479 2014 533 multo
2043 481 2222 539 minus
2249 482 2314 535 ad
2330 479 2574 547 iuniores
2595 478 2986 552 Martyrolngos
3026 481 3243 547 referri,
3271 483 3414 543 haud

135 573 385 628 titulum
433 571 608 640 potius
659 583 822 636 quam
868 568 1236 638 Martyrologii
1284 567 1452 637 ipsius
1491 569 1742 622 substan-

135 664 300 714 tiam
329 672 698 729 aggressurum,
725 655 946 709 citatam
995 656 1428 710 dissertationem
1480 656 1743 725 deprope-

143 752 330 818 ravit,
373 748 684 802 Eusebiana:
715 747 938 800 editioni
987 746 1053 799 ad
1091 745 1292 801 calcem
1319 761 1437 816 pag.
1466 744 1570 798 315
1617 746 1744 800 sub-

139 854 388 902 nexam,
415 852 577 907 quam
603 836 691 891 hic
719 836 951 904 primum
1001 836 1397 889 excutiendam
1425 835 1738 904 arripimus,

145 938 243 990 ut,
291 926 440 980 salvo
467 925 662 995 capite,
693 924 960 993 reliquum
1008 939 1203 993 corpus
1231 922 1441 978 facilius
1482 932 1738 978 tutemur.

715 1037 1110 1102 ARTICULAUS
1159 1044 1200 1099 1.

149 1135 403 1193 Parvum
449 1135 717 1208 Roswfeydi
761 1137 1324 1208 Martyrologium__non
1347 1138 1628 1208 incongrue
1654 1143 1739 1194 ινοέ

231 1209 351 1261 cari
389 1223 538 1277 posse
584 1205 920 1271 Romanum,
946 1217 1128 1260 contra
1189 1205 1458 1262 Valesium
1501 1205 1552 1263 et
1611 1208 1738 1264 Flo«

235 1279 521 1330 reutiuium
552 1277 820 1330 statuitur.

229 1388 326 1442 8l.
345 1387 609 1440 Henricus
629 1385 875 1440 Valesius
892 1400 1052 1455 supra
1077 1383 1347 1453 laudatus,
1371 1387 1626 1458 singulari
1648 1389 1736 1445 illa

145 1498 267 1536 sua
315 1479 699 1534 dissertatione
721 1519 737 1544 ,
803 1494 909 1549 qua
963 1478 1246 1549 Rosweydi
1303 1479 1736 1551 Martyrologium

150 1583 333 1642 atque
367 1586 477 1625 una
509 1569 982 1640 Hieronymianum
1013 1571 1342 1640 aggreditur,
1368 1573 1602 1642 primum
1637 1589 1735 1644 pu-

151 1671 315 1728 gnat,
381 1668 506 1712 ante
549 1657 762 1712 Sixtum
813 1658 856 1712 V
883 1657 1083 1712 nullum
1120 1659 1175 1713 in
1204 1659 1444 1714 Ecclesia
1495 1659 1734 1716 Romana

149 1750 332 1803 fuisse
377 1748 650 1818 pectdiare
694 1747 1152 1820 Martyrologium.
1193 1751 1372 1821 Ipsum
1407 1751 1730 1808 audiamus:

1843 565 2064 621 dubium
2093 570 2222 636 quin
2259 571 2324 624 de
2349 569 2610 634 Romano,
2656 570 2768 624 sive
2789 585 3006 639 magno.
3037 581 3130 624 aut
3153 571 3416 646 llicrony-

1843 658 2045 722 miano,
2070 661 2183 714 sive
2202 662 2268 715 de
2296 672 2475 716 vetere
2500 661 2785 733 Rosvveydi
2815 671 2871 716 et
2907 677 3074 730 parvo
3099 663 3407 734 intelligan-

1843 756 1950 801 tur.
1982 747 2145 804 Refer
2179 765 2286 820 quo
2329 752 2580 816 volucris,
2611 752 2950 808 convincitur
3000 753 3242 809 Valesius
3288 767 3418 829 ante

1842 835 1979 892 Sixti
2026 837 2070 891 V
2138 847 2377 908 tempora
2436 842 2902 898 Mtnrrnomcmu
2959 843 3226 900 Romam:
3286 861 3416 902 vere

1840 931 2136 984 exstitisse.
2161 931 2460 986 Conveniat
2485 936 2598 1004 ipse
2642 935 2800 988 modo
2827 951 2949 990 cum
2990 935 3027 989 F
3035 936 3330 992 lorcutinio.
3346 939 3416 994 de

1838 1037 1902 1078 ea
1933 1025 2307 1094 appellatione.
2335 1027 2768 1098 llicronymianis
2789 1029 3170 1091 abscribenda,
3203 1045 3305 1100 ego
3345 1033 3414 1085 ad

1839 1127 2063 1182 parvum
2108 1123 2351 1169 nostrum
2399 1117 2617 1178 accedo,
2649 1117 3024 1186 contendoque
3051 1127 3104 1172 et
3132 1118 3232 1187 ipsi
3278 1135 3412 1173 con-

1838 1202 2132 1257 cedendam
2179 1219 2299 1259 esse
2351 1204 2576 1258 Romani
2615 1205 2996 1277 Hartgrologii,
3047 1208 3144 1263 sed
3189 1209 3412 1265 minoris

1837 1307 1932 1347 seu
1953 1295 2100 1360 parvi
2129 1295 2612 1350 nomenclaturam.

1907 1381 1996 1437 83.
2022 1381 2120 1436 Hic
2150 1399 2274 1438 cum
2314 1395 2545 1454 utroque
2580 1386 2698 1440 viro
2745 1385 3047 1440 clarissimo
3091 1388 3410 1444 certandum

1837 1482 1939 1529 est.
1980 1473 2188 1545 Negant
2228 1477 2389 1530 ambo
2417 1475 2700 1548 Rosweydi
2749 1477 3186 1550 Martyrologium
3217 1479 3414 1536 Roma-

1837 1577 1960 1616 uum
1985 1561 2089 1616 dici
2119 1577 2296 1632 posse,
2322 1564 2416 1618 sed
2445 1565 2776 1634 argumentis
2802 1564 2960 1634 plane
3002 1568 3252 1622 diversis.
3280 1567 3410 1624 Flo-

1836 1654 2102 1709 rentinius
2131 1656 2297 1718 enim,
2328 1663 2388 1709 ut
2414 1654 2554 1709 infra
2580 1657 2780 1711 clarius
2804 1658 3031 1727 patebit,
3067 1669 3223 1728 putat
3261 1659 3407 1715 Mar-

1838 1743 2155 1813 tyrologium
2182 1759 2213 1797 a
2246 1742 2543 1814 Rosweydo
2565 1746 2788 1809 editum,
2826 1761 2929 1799 non
2967 1761 3090 1802 esse
3115 1749 3241 1804 illud
3264 1751 3410 1818 quod

159 1858 184 1889 ι
227 1839 339 1908 Ego
363 1853 493 1893 vero
518 1847 711 1892 contra
741 1838 978 1904 aliirmo,
1017 1841 1221 1909 inquit,
1257 1843 1458 1896 tuillum
1498 1861 1721 1914 unquam

1835 1833 1952 1888 Aao
1997 1834 2145 1904 operi
2191 1850 2288 1890 suo
2317 1835 2565 1903 pnelixit,
2611 1835 2706 1890 sed
2755 1836 2932 1904 potius
2969 1845 3310 1892 contractum
3338 1853 3408 1894 ex

153 1928 330 1982 fuisse
358 1929 631 1998 proprium
658 1943 722 1982 ac
748 1929 1015 1998 peculiare
1032 1931 1465 2002 Martyrologium
1487 1935 1736 1990 Ecclesiae

155 2021 441 2081 Romanae,
471 2029 598 2074 ante
623 2019 750 2072 illud
772 2024 912 2088 quod
921 2021 1076 2090 jussu
1092 2022 1245 2092 Xysti
1268 2022 1308 2076 V
1327 2025 1594 2092 pontiﬁcis
1621 2041 1733 2081 mae

155 2110 291 2163 ximi
315 2108 517 2164 editum
546 2118 631 2164 est
678 2110 778 2164 hoc
806 2109 981 2172 titulo.
1016 2126 1083 2164 ac
1117 2113 1332 2167 Baronii
1372 2115 1734 2170 natationibus

155 2197 510 2252 illustratum.
562 2219 581 2250 ι
614 2197 785 2252 Alfert
815 2199 1008 2254 deinde
1042 2215 1240 2255 causas
1267 2216 1387 2270 qua:
1435 2202 1610 2271 ipsum
1661 2203 1730 2258 ad

155 2287 233 2341 ita
264 2287 600 2342 sentiendum
629 2288 961 2358 impulerint,
988 2290 1079 2344 sed
1111 2307 1340 2360 quarum
1365 2293 1636 2362 pleneque
1661 2295 1730 2350 ad

158 2391 368 2430 meram
412 2377 477 2430 de
520 2377 736 2431 nomine
783 2379 1136 2447 quaestionem
1187 2380 1458 2445 recidunt,
1502 2389 1561 2434 ut
1595 2383 1730 2438 bene

161 2466 401 2519 ostendit
445 2466 828 2530 Florentinius,
878 2469 1246 2523 admonitione
1293 2470 1346 2531 5,
1384 2479 1547 2524 totam
1585 2471 1728 2524 illam

167 2553 370 2609 Valesii
395 2556 688 2609 machinam
730 2557 958 2612 feliciter
981 2567 1253 2612 evertens.
1282 2559 1532 2614 Omnium
1562 2563 1729 2615 mani-

158 2644 268 2700 bus
293 2653 532 2700 teruntur
551 2661 612 2701 ea
633 2662 816 2716 opera,
841 2657 901 2702 ut
927 2649 1153 2717 proinde
1176 2649 1265 2704 hic
1297 2649 1460 2703 telam
1485 2661 1728 2706 retexere

151 2753 297 2806 opus
334 2753 438 2790 non
461 2739 550 2792 sit.
583 2737 799 2804 Probat,
834 2752 889 2794 et
921 2751 1090 2806 recte,
1124 2741 1508 2807 Florentinius,
1541 2742 1729 2798 Hieroc

153 2827 470 2895 nymianum
509 2842 540 2881 a
589 2843 649 2882 se
678 2829 949 2898 vulgatum
971 2869 986 2894 ,
1022 2831 1164 2900 quod
1199 2831 1450 2886 vetustius
1487 2833 1726 2887 occiden-

148 2919 280 2973 talis
332 2919 579 2975 Ecclesia:
625 2921 1056 2992 Martyrologium
1114 2923 1446 2989 intitulavit,
1503 2925 1725 2981 omnino

149 3008 458 3078 nuncupari
505 3024 660 3078 posse
686 3008 1000 3077 Romanum,
1045 3026 1138 3067 seu
1177 3010 1434 3066 Romanae
1474 3013 1725 3069 Ecclesia:

150 3097 616 3170 Martyrologium,
653 3101 866 3156 tametsi
897 3117 963 3157 eo
1001 3102 1240 3169 nomine,
1272 3117 1373 3158 nec
1413 3118 1441 3156 a
1491 3102 1548 3158 S.
1588 3103 1723 3160 Gre-

1831 1923 2018 1978 Adone
2041 1924 2437 1992 compendium,
2467 1923 2664 1979 saeculo
2686 1925 2968 1980 undecimo
2984 1940 3088 1980 non
3105 1927 3402 1984 vetustius:

1833 2012 2056 2067 Romani
2093 2015 2504 2084 appellationem
2547 2015 2959 2084 haudquaquam
2998 2026 3321 2086 negaturus,
3357 2020 3410 2077 si

1829 2117 1957 2158 vere
1987 2101 2116 2157 illud
2152 2117 2273 2159 esse
2299 2105 2577 2170 crederet,
2621 2106 2761 2174 quod
2796 2123 2827 2159 «ι
2869 2105 3105 2162 [tantane
3137 2110 3402 2179 pontiﬁce,

1830 2195 2035 2250 cuidam
2062 2206 2244 2250 sancto
2270 2198 2506 2267 episcOpo
2531 2197 2823 2268 Aquileiam
2847 2199 3127 2264 directum,
3155 2211 3318 2272 atque
3333 2203 3409 2259 ab

1827 2287 2014 2344 Adone
2042 2289 2312 2344 Ravennae
2358 2299 2628 2360 repertum
2656 2299 2711 2344 et
2737 2291 3063 2362 descriptum
3091 2303 3196 2348 est.
3228 2293 3403 2350 Nimi-

1827 2394 1947 2433 rum
1989 2380 2130 2434 male
2171 2381 2422 2450 supponit
2458 2382 2542 2436 vir
2579 2382 2922 2438 doctissimus
2949 2398 3054 2438 non
3085 2384 3228 2442 aliud
3267 2385 3408 2443 Mar-

1827 2468 2148 2538 tyrologium
2176 2467 2447 2524 Ravennae
2489 2471 2757 2539 reperisse
2786 2479 2842 2524 et
2868 2471 3218 2542 descripsisse
3257 2474 3403 2531 Ado-

1825 2569 1970 2617 nem,
1997 2572 2158 2626 quam
2207 2558 2682 2629 Hieronymianum
2731 2560 2926 2630 ipsum,
2953 2562 3112 2631 quale
3144 2579 3202 2618 se
3226 2565 3401 2620 Adoni

1823 2645 2191 2714 conjunctum,
2216 2648 2268 2702 in
2291 2664 2399 2703 uno
2435 2657 2529 2703 aut
2555 2648 2726 2704 altero
2754 2651 3404 2720 codiee,,deprehendisse

1825 2746 2074 2794 testatur.
2131 2738 2468 2794 Florentinio
2519 2740 2832 2794 destinatur
2873 2741 3120 2810 proxime
3167 2757 3402 2812 sequens

1824 2827 2105 2891 articulus,
2145 2829 2225 2883 sic
2273 2837 2334 2883 ut
2373 2829 2551 2892 modo,
2580 2844 2701 2882 cum
2735 2828 2850 2882 solo
2901 2827 3116 2884 Valesio
3157 2833 3398 2902 supersit

1823 2916 2232 2981 controversia;
2272 2917 2364 2986 qui
2417 2926 2699 2986 postquam
2752 2916 2973 2971 Romam
3028 2919 3396 2989 Martyrologii

1822 3004 2140 3060 vocabulum
2175 3003 2364 3073 majori
2409 3006 2483 3060 illi
2523 3015 2577 3061 et
2615 3007 2896 3062 vetustiori
2919 3046 2934 3071 ,
2973 3023 3004 3062 a
3041 3009 3098 3061 S.
3132 3005 3397 3080 Gregorio

1824 3105 2143 3163 memorato,
2189 3096 2404 3165 eripere
2438 3097 2638 3154 frustra
2675 3100 2922 3163 tentavit,
2963 3099 3043 3155 sic
3071 3100 3287 3154 dennun
3323 3102 3394 3156 ad

147 3168 328 3255 goria,
362 3168 465 3242 nec
490 3205 520 3242 a
551 3189 714 3254 Beda,
746 3191 954 3256 Adone,
977 3201 1071 3247 aut
1099 3168 1344 3248 Usuardo
1385 3194 1721 3266 designatum
1749 3168 1795 3230 ο
1827 3187 2243 3258 Rosweydinum
2271 3189 2588 3244 descendit:
2633 3207 2653 3241 ι
2682 3190 2749 3244 Et
2787 3190 2902 3254 haec
2937 3192 3156 3260 quidem
3201 3191 3268 3248 ad
3315 3192 3398 3246 lo-

145 3277 337 3331 Iuerit.
391 3278 445 3332 Id
493 3289 641 3336 certe
686 3282 885 3338 mirum
934 3284 1149 3339 videtur
1200 3283 1474 3340 Valesium
1529 3301 1725 3356 nempe

145 3383 448 3437 agnoscere
495 3370 837 3428 characteres
897 3389 1085 3429 omnes
1129 3389 1160 3428 a
1205 3373 1264 3429 S.
1320 3374 1583 3446 Gregorio
1613 3378 1723 3433 dis-

145 3463 353 3515 tinctos
397 3461 772 3534 Martyrologio
822 3466 1242 3537 Hieronymiano
1291 3468 1534 3538 apprime
1595 3485 1723 3526 con-

143 3551 366 3617 venire;
406 3554 532 3618 imo,
569 3556 738 3610 dicere
766 3554 1072 3628 Gregorium
1116 3559 1400 3630 Magnum,
1432 3562 1621 3616 habere
1667 3580 1721 3618 se

147 3641 616 3713 Martyrologium,
658 3647 714 3698 in
756 3663 858 3716 quo
890 3647 1172 3702 multorum
1218 3650 1376 3703 simul
1425 3649 1720 3722 Martyrum

141 3731 382 3794 nomina,
418 3741 545 3796 etc.,
585 3743 898 3791 constanter
926 3745 1104 3791 tamen
1147 3739 1386 3793 abnuere
1429 3737 1718 3794 Romanum

143 3816 585 3888 Martyrologium
613 3839 645 3875 a
687 3821 936 3892 Gregorio
987 3825 1178 3895 Magno
1217 3843 1328 3880 esse
1370 3829 1716 3897 nominatum,

139 3920 239 3962 aut
268 3909 700 3984 Martyrologium
721 3916 853 3970 illud
892 3920 1158 3987 proprium
1185 3935 1248 3973 ac
1276 3921 1537 3988 peculiare
1558 3923 1719 3992 fuisse

139 4002 398 4058 Ecclesia:
438 4005 708 4062 Romamn.
746 4008 908 4074 Quasi
936 4010 1080 4065 aliud
1110 4011 1270 4066 hodie
1298 4013 1369 4066 sit
1401 4013 1717 4084 Martyrolo-

139 4092 291 4160 gium
324 4093 621 4149 Romanum
667 4113 828 4166 quam
854 4100 997 4167 quod
1021 4117 1294 4156 commune
1331 4112 1406 4157 est
1444 4121 1562 4158 cum
1597 4106 1718 4159 reli-

136 4180 260 4249 quis
295 4183 536 4239 ecclesiis
563 4188 990 4244 occidentalibus.

208 4268 300 4326 82.
367 4272 495 4328 Tale
559 4285 737 4330 autem
803 4277 1240 4350 Martyrologium
1301 4282 1458 4337 anuis
1515 4285 1713 4342 abhinc

137 4361 290 4416 mille
316 4371 530 4417 exstare
556 4365 822 4430 debuisse,
856 4378 916 4422 ut
943 4369 1107 4424 etiam
1133 4371 1380 4426 terminis
1406 4374 1534 4443 ipsis
1556 4377 1712 4429 cedat

137 4452 422 4518 Valesius,
481 4455 902 4514 luculentissimo
953 4461 1262 4525 testimonio
1325 4464 1592 4519 evincitur
1641 4482 1708 4522 ex

1823 3297 1947 3338 cum
1985 3280 2231 3352 Gregorii
2263 3281 2440 3353 Magni
2468 3283 2602 3338 satis
2633 3282 2741 3337 sint
2792 3282 2954 3346 dicta.
2995 3281 3146 3350 Quod
3185 3292 3394 3354 spectat

1824 3371 1892 3428 ad
1921 3371 2289 3428 testimonium
2318 3371 2524 3428 Adonis
2548 3371 2890 3436 Viennensis,
2928 3388 3034 3428 non
3057 3371 3285 3429 dilIicilis
3311 3383 3396 3434 est

1823 3459 2121 3528 responsio.
2149 3458 2284 3513 Nam
2313 3471 2673 3530 prteterquam
2697 3460 2841 3530 quod
2863 3463 3132 3526 recentior
3151 3471 3234 3517 est
3251 3463 3391 3527 Ado.

1822 3565 1925 3607 nec
1969 3551 2035 3604 ad
2085 3559 2249 3606 tanta:
2277 3553 2566 3606 vetustatis
2614 3563 3016 3608 monumentum
3067 3555 3394 3615 conﬁrman-

1821 3643 1944 3697 dum
1976 3642 2107 3696 satis
2136 3641 2379 3706 idoneus,
2409 3656 2480 3698 ex
2505 3641 2622 3711 ejus
2646 3643 2826 3697 verbis
2873 3644 3006 3698 nihil
3034 3645 3156 3704 elici
3192 3654 3389 3713 potem,

1819 3748 1927 3802 quo
1945 3734 2202 3803 probetur
2226 3733 2392 3788 fuisse
2415 3734 2578 3788 ullum
2603 3733 3038 3805 Martyrologium
3061 3735 3386 3797 Romanum.

1819 3823 1911 3877 Ait
1956 3823 2102 3877 enim
2153 3823 2271 3878 Ado
2321 3824 2748 3880 vetustissimum
2803 3824 3240 3897 Martyrologium
3282 3827 3388 3884 sibi

1819 3913 2075 3968 traditum
2106 3911 2273 3969 fuisse
2322 3930 2354 3969 a
2397 3917 2647 3984 quodam,
2705 3918 2848 3985 quod
2891 3918 3020 3972 olim
3060 3934 3091 3973 a
3129 3918 3391 3976 Pontifice

1816 4003 2061 4060 Romano
2095 4006 2316 4060 missum
2365 4016 2511 4063 esset
2558 4009 2880 4078 Aquileiam.
2927 4009 3042 4065 Non
3091 4011 3222 4066 dicit
3247 4010 3388 4077 Ado,

1817 4094 2248 4166 Martyrologium
2273 4097 2435 4153 fuisse
2457 4097 2781 4165 Romanum;
2806 4101 2898 4156 sed
2929 4111 3137 4157 tantum
3161 4103 3387 4158 missum

1815 4201 1846 4240 a
1882 4185 2142 4242 Pontiﬁce
2187 4187 2428 4244 Romano
2469 4189 2794 4259 Aquileiam.
2846 4192 3046 4246 Verum
3094 4193 3389 4251 monachus

1814 4277 1924 4342 ille,
1950 4279 2038 4347 qui
2081 4278 2184 4335 hoc
2233 4279 2407 4333 Adoni
2456 4278 2779 4345 all‘trmabat,
2809 4281 2858 4334 ei
2904 4281 3161 4350 imposuit
3191 4284 3384 4351 procul

1812 4366 1996 4430 dubio,
2027 4376 2087 4423 nt
2117 4367 2377 4435 majorem
2395 4370 2568 4424 codici
2605 4385 2704 4423 suo
2738 4370 3117 4424 auctoritatem
3161 4385 3384 4441 compa-

1811 4469 1977 4523 raret,
1999 4468 2055 4513 ct
2080 4475 2276 4513 munus
2304 4475 2482 4523 suum,
2511 4474 2574 4513 ac
2602 4458 2936 4514 describendi
2957 4459 3379 4529 copiam,quam

135 4544 370 4598 concilio
419 4544 875 4614 Cloveshoviensi,
911 4564 1054 4605 anno
1101 4550 1202 4604 747
1244 4553 1345 4606 sub
1387 4552 1705 4620 Cuthberto,
1739 4535 1786 4592 D
1810 4551 1980 4603 Adoni
2014 4549 2238 4614 fecerat.
2291 4550 2611 4605 venditaret.
2651 4548 2766 4605 Non
2813 4550 2957 4602 enim
3015 4548 3222 4615 Romae.
3286 4551 3381 4605 sed

135 4634 558 4691 Doroberniensi
609 4639 1054 4708 archiepiscopo,
1120 4639 1354 4708 capitulo
1403 4643 1506 4706 l5,
1568 4645 1707 4712 apud

135 4726 526 4794 Spclmannum
576 4736 722 4785 tomo
770 4731 823 4797 l,
870 4747 991 4803 pag.
1048 4732 1183 4799 249;
1245 4734 1385 4803 apud
1435 4735 1706 4792 Labbeum

134 4827 288 4870 tomo
329 4815 415 4880 Vl,
456 4818 561 4872 col.
620 4820 775 4883 1577,
807 4821 898 4874 ubi
948 4821 1066 4876 haec
1116 4820 1498 4886 formalissima
1543 4826 1708 4879 verba

130 4907 339 4960 diserte
367 4907 742 4974 exprimuntur
775 4926 789 4963 :
833 4907 1068 4980 Itemque
1105 4919 1162 4964 ut
1204 4926 1296 4978 per
1322 4927 1507 4981 gyrum
1549 4914 1707 4967 totius

129 4998 282 5056 arari,
339 4998 580 5055 natalitia
611 5011 910 5055 sanctorum
948 5018 1053 5054 uno
1079 5002 1361 5070 eodemque
1404 5004 1509 5067 die,
1544 5004 1706 5073 juxta

128 5086 572 5160 Martyrologium
605 5091 838 5160 ejusdem
866 5091 1124 5147 Romanae
1151 5093 1426 5157 Ecclesiae,
1464 5111 1580 5147 cum
1607 5096 1705 5149 sibi

130 5181 455 5235 convenienti
484 5181 779 5250 psalmodia
808 5202 897 5238 seu
938 5185 1198 5240 cantilena
1231 5197 1552 5241 venerentur.
1595 5188 1704 5244 Nec

130 5268 283 5322 aliud
347 5285 466 5325 esse
534 5274 709 5341 potuit
778 5273 1216 5346 Martyrologium
1283 5278 1425 5346 quod
1485 5277 1705 5333 abbates

131 5356 400 5425 Francize,
444 5361 499 5415 in
548 5374 814 5417 conventu
854 5364 1274 5436 Aquisgraueusi
1325 5381 1468 5420 anno
1495 5366 1599 5420 817
1646 5367 1701 5421 in

130 5449 305 5504 choro
339 5451 669 5506 recitandum
701 5455 1148 5524 prmscripserunt
1175 5455 1408 5524 capitulo
1431 5455 1520 5521 69,
1561 5456 1704 5525 apud

131 5538 408 5594 Labbeum
433 5551 576 5597 tomo
604 5543 708 5604 Vll,
732 5545 834 5599 col.
863 5545 1018 5609 15H,
1048 5545 1132 5600 his
1152 5546 1334 5601 verbis
1359 5564 1371 5600 :
1406 5543 1477 5599 Ut
1518 5547 1587 5599 ad
1614 5563 1702 5600 ea.

130 5629 354 5698 pitulum
383 5634 621 5697 primitus
661 5633 1098 5704 Martyrologium
1145 5634 1366 5705 legatur.
1406 5633 1538 5701 Quae
1578 5649 1700 5690 cum

127 5718 197 5769 de
232 5718 543 5784 imperfecto
569 5719 722 5774 Beda:
746 5735 922 5794 opera:
953 5721 1123 5792 accipi
1155 5736 1375 5792 prorsus
1404 5732 1696 5792 nequeant,

1808 4638 2067 4705 Aquileiae
2094 4639 2452 4708 compositum
2481 4649 2566 4694 est
2593 4639 2722 4694 illud
2750 4637 3211 4709 Martyrologium.
3236 4641 3383 4710 quod

1810 4727 1928 4781 A‘do
1975 4727 2354 4799 Martyrologio
2388 4744 2486 4784 suo
2513 4728 2748 4798 pnetixit
2771 4769 2786 4792 ,
2817 4743 2882 4783 ac
2920 4729 3254 4801 Rosweydus
3281 4745 3382 4801 pro

1808 4827 1991 4873 vetere
2015 4819 2261 4873 Romano
2291 4820 2446 4874 nobis
2474 4829 2666 4888 postea
2688 4819 2878 4875 edidit.
2915 4838 2932 4870 ι
3080 4881 3084 4884 η

1829 4963 1832 4966 .
1878 4908 1968 4963 84.
2001 4909 2167 4965 Multa
2188 4910 2278 4966 hic
2309 4912 2498 4979 paucis
2519 4925 2620 4979 pro
2643 4911 2970 4966 auctoritate
2992 4911 3125 4966 satis
3145 4913 3378 4970 retunde

1812 5007 1868 5052 et
1899 4997 2232 5053 conﬁdenter
2280 5000 2467 5056 deﬁnit
2507 4999 2772 5066 Valesius,
2803 5016 3054 5071 quorum,
3098 5012 3159 5058 ut
3202 5019 3233 5057 a
3269 5003 3378 5058 line

1808 5090 2080 5158 incipiam,
2119 5100 2388 5160 postrema
2420 5092 2526 5145 duo
2578 5091 2651 5145 illi
2705 5101 2892 5161 aperte
2921 5093 3380 5164 inlicior,_nempe

1807 5182 2126 5234 monachum
2151 5181 2322 5234 Adoni
2347 5181 2688 5248 imposuisse,
2716 5186 2859 5250 quod
2887 5183 3036 5238 valde
3071 5192 3294 5248 temere,
3321 5193 3379 5239 et

1805 5269 2241 5340 Martyrologium
2267 5269 2524 5338 Aquileia:
2545 5274 2900 5342 compositum
2920 5285 3062 5335 esse,
3095 5271 3234 5339 quod
3265 5287 3374 5327 non

1806 5361 2000 5418 minori
2050 5360 2270 5416 levitate
2315 5361 2608 5425 astruitur;
2659 5375 2759 5416 nec
2795 5361 2939 5415 enim
2967 5361 3250 5430 vestigium
3283 5379 3376 5432 ap-

1803 5459 1958 5520 paret
1985 5451 2196 5519 uspiam
2233 5466 2340 5520 quo
2378 5452 2550 5520 magis
2577 5451 2836 5519 Aquileiae
2879 5465 3037 5518 quam
3070 5451 3374 5526 Hierosoly-

1804 5544 1906 5597 mis
1937 5542 2291 5613 compositum
2338 5543 2555 5599 dicatur
2583 5540 2868 5612 Rosweydi
2903 5539 3370 5611 Martyrologium,

1803 5648 1904 5690 nec
1945 5634 1996 5687 id
2023 5631 2165 5700 juris
2207 5632 2444 5706 Valesiio
2500 5633 2760 5690 tributum
2811 5630 3085 5685 credimus
3136 5639 3194 5684 ut
3254 5631 3373 5689 sine

1804 5738 1985 5787 causa,
2030 5724 2204 5779 virum
2236 5723 2544 5798 religiosum
2587 5715 2843 5776 audactéi'
2871 5717 3130 5776 mendacii
3157 5731 3367 5794 arguat.
