3936 6348
99 389 257 445 sos
1004 381 1012 385 ·
1510 365 2036 441 rnowconsm.
3295 383 3436 444 me”

107 501 296 554 (ilice
323 500 584 578 directum
615 539 627 562 ,
662 495 805 565 quod
835 493 1115 561 religiosus
1140 496 1307 548 frater
1329 535 1343 554 .
1375 496 1566 564 inquit,
1593 496 1722 549 inibi
1752 503 1799 558 Α
1827 506 2002 556 erant,
2034 497 2262 564 aliisque
2297 499 2743 563 circumstantiis;
2763 470 2893 568 qua:
2925 502 3104 556 omnia
3132 517 3397 572 perappo-

107 590 358 658 aliquot
403 589 591 643 diebus
624 586 868 657 praestitit
895 627 910 651 ,
948 585 1196 654 quodque
1239 587 1376 654 apud
1411 585 1720 640 Ravennam
1824 583 1928 638 site
1964 585 2016 637 in
2047 585 2218 639 veteri
2245 585 2606 656 R‘osweydino
2633 590 3025 656 exprimuntur.
3055 592 3225 657 Quid,
3251 595 3400 660 quod

106 683 364 758 positus
409 675 739 744 transcripsi.
774 672 906 740 Quis
940 673 1196 727 credibile
1233 671 1394 727 faciat
1421 674 1727 728 Romanum
1825 673 2084 728 credibile
2124 675 2216 738 sit,
2250 675 2377 728 illud
2427 678 2598 744 ipsum
2649 691 2770 732 esse
2822 676 3258 748 Martyrologium
3290 682 3397 735 Ro-

109 769 460 840 pontilicem
495 766 634 820 aliud
661 763 1093 834 Martyrologium
1109 761 1408 817 Romanum
1422 763 1722 832 Aquileiam

118 859 455 919 direxisse,
486 869 646 924 quam
688 854 830 923 quod
873 853 1058 907 Romae
1106 861 1233 906 tunc
1278 855 1533 923 temporis
1584 865 1726 908 esset

117 945 452 1000 usitatum?
486 962 507 996 ι
845 945 848 948 ’

216 1034 313 1089 89.
353 1053 371 1083 ε
406 1035 477 1086 At
509 1043 639 1086 vero
665 1029 977 1102 (Castellani
1000 1047 1200 1098 semper
1225 1031 1376 1084 verba
1408 1032 1550 1101 sunt)
1581 1032 1724 1100 quod

120 1125 351 1193 probat
404 1120 737 1176 manifestius
769 1120 1203 1190 Martyrologium
1250 1121 1302 1172 in
1359 1123 1533 1188 capite
1580 1122 1723 1174 Ado-

125 1213 304 1266 niani
326 1210 524 1280 operis,
555 1209 692 1278 apud
741 1209 910 1263 sancti
957 1208 1299 1262 Pantaleouis
1347 1210 1583 1263 Colonia:
1634 1226 1722 1263 re-

127 1314 394 1367 feci-tum,
439 1301 736 1356 certissime
778 1314 898 1353 esse
943 1299 1218 1368 antiquum
1265 1297 1564 1352 Romanum
1597 1342 1609 1360 ,
1657 1301 1725 1354 ad

127 1408 315 1447 usum
369 1389 621 1445 Ecclesiae
670 1388 925 1442 Romanae
956 1426 971 1450 ,
1018 1401 1306 1453 verumque
1355 1388 1723 1456 ap’ograpbum

132 1480 322 1544 illius,
349 1478 489 1546 quod
516 1477 792 1531 Romanus
814 1473 1050 1544 pontifex
1070 1473 1368 1544 Aquileiam
1410 1477 1680 1530 direxerat
1704 1493 1729 1542 ς’

138 1586 267 1624 non
295 1569 470 1623 solum
499 1567 620 1620 inde
649 1567 878 1620 sumitur
906 1605 920 1629 ,
966 1565 1106 1632 quod
1147 1565 1314 1619 sancti
1344 1566 1421 1620 ibi
1449 1568 1726 1634 reperian-

138 1675 248 1718 tur
293 1662 548 1717 Romanae
577 1660 699 1714 urbi
741 1658 939 1729 proprii
998 1668 1054 1711 et
1089 1655 1516 1728 Hieronymianis
1570 1658 1726 1727 plane

139 1752 438 1821 incogniti,
471 1759 531 1804 ut
580 1749 834 1813 Martius,
871 1747 1118 1811 Dafrosa,
1155 1745 1349 1817 Papias
1393 1757 1447 1802 et
1486 1747 1720 1810 Maurus,

1827 779 1998 818 manas
2045 765 2334 828 Ecclesiae,
2379 776 2493 822 toto
2527 768 2818 822 Occidente
2843 770 3116 839 cognitum
3157 771 3224 824 ab
3253 788 3396 826 anno
3474 837 3479 840 ξ

1826 852 1946 911 747.
1988 869 2103 922 quo
2123 855 2175 908 in
2205 855 2394 924 Anglia
2425 857 2666 912 habitum
2694 865 2778 912 est
2805 859 3088 912 concilium
3111 859 3400 913 Clovesbo—

1824 943 2011 996 viense
2030 983 2044 1005 ,
2092 943 2244 1012 cujus
2264 960 2433 998 canon
2470 946 2534 1000 l5
2560 947 2673 1000 bare
2698 947 2858 1000 verba
2885 946 3162 1000 delhiitiva
3191 947 3366 1002 submi

1827 1034 2144 1087 nistrat....i
2187 1035 2362 1090 Habes
2389 1052 2547 1104 supra
2576 1053 2725 1092 num.
2757 1039 2845 1093 8|.
3246 1086 3253 1094 .

1895 1122 1981 1175 91.
2013 1122 2188 1192 Pergit
2219 1124 2552 1179 Castellanus
2597 1127 2881 1181 ostendere
2906 1169 2920 1190 ,
2967 1127 3230 1192 Adonem,
3270 1130 3396 1182 dum

1802 1210 1968 1263 -circa
2021 1227 2219 1264 annum
2254 1211 2356 1265 858
2387 1212 2820 1283 Martyrologium
2869 1215 3132 1269 scriberet
3157 1255 3172 1279 ,
3207 1217 3400 1270 merito

1826 1299 2102 1352 ductorem
2167 1315 2322 1354 suum
2370 1301 2627 1371 Aquileiae
2661 1311 2981 1371 repertum,
3032 1305 3400 1372 perantiqnum

1825 1402 1978 1456 aeque
2007 1404 2071 1442 ac
2103 1390 2396 1443 venerabile
2435 1392 2703 1460 appellare
2743 1394 2998 1461 potuisse.
3039 1393 3148 1448 Nec
3175 1394 3274 1447 sibi
3305 1395 3401 1447 ob-

1819 1474 2012 1543 jectari
2060 1479 2263 1546 patitur
2285 1481 2508 1548 pauenti
2549 1481 2773 1535 Romani
2809 1483 2958 1550 parvi
2987 1482 3352 1536 additamenta
3381 1523 3397 1546 ,

1826 1579 1886 1624 ut
1919 1569 2277 1634 Erminonem,
2309 1587 2404 1626 seu
2432 1573 2708 1626 Erntinum
2727 1572 3028 1628 Labienum
3051 1588 3160 1628 xxv
3176 1574 3398 1643 Aprilis;

1825 1659 2171 1713 inventionem
2200 1661 2624 1731 reliquiarum-in
2651 1660 2932 1726 Stabeteto,
2961 1661 3201 1726 eiusdem
3247 1678 3400 1716 men-

1828 1749 1903 1804 sis
1930 1765 2000 1803 χι
2035 1759 2127 1804 aut
2165 1751 2541 1804 dedicationem
2575 1751 3111 1805 Malmundariensein
3147 1768 3256 1806 xvii
3291 1751 3399 1804 {No-

141 1846 270 1899 solo
304 1857 489 1897 mense
532 1839 787 1895 Januario
805 1855 826 1903 ;⁸
854 1853 1023 1908 neque
1062 1853 1130 1891 ex
1162 1853 1227 1892 eo
1266 1838 1408 1907 quod
1455 1837 1722 1893 Catliedra
1755 1828 1806 1886 Β
1827 1838 2092 1902 vembris;
2126 1853 2246 1892 cum
2274 1839 2408 1892 satis
2434 1849 2632 1907 pateat,
2663 1839 2857 1892 similia
2881 1855 2912 1892 a
2939 1841 3202 1894 ctenobiis
3227 1879 3241 1902 ,
3267 1855 3402 1908 quo-

142 1935 326 1992 Sancti
360 1932 508 1986 Petri
535 1930 752 2001 proprio
774 1929 858 1982 die
881 1929 1144 1997 signetur,
1177 1928 1244 1982 ab
1271 1927 1605 1982 Antiocliena
1643 1944 1727 1983 re-

146 2026 398 2079 ctissime
429 2023 710 2084 distincta;
763 2034 947 2074 verum
972 2019 1134 2072 etiam
1160 2059 1174 2083 ,
1205 2021 1348 2088 quod
1380 2019 1522 2075 inter
1549 2021 1728 2075 varias

144 2115 501 2170 ecclesiarum
551 2112 910 2165 Romanarum
968 2110 1350 2175 dedicationes,
1393 2109 1478 2164 iﬂa
1515 2125 1727 2181 quoque

148 2213 427 2268 occurrat,
458 2218 578 2272 qua)
617 2212 701 2256 est
728 2199 909 2255 sacelli
945 2198 1061 2264 alti,
1095 2200 1258 2254 castri
1290 2201 1459 2254 sancti
1489 2201 1675 2270 Angeli
1705 2240 1722 2265 ,

146 2309 407 2365 expressa
452 2309 546 2363 per
579 2291 834 2346 terminos
862 2307 1024 2346 INTER
1063 2307 1255 2356 ausas,
1289 2293 1538 2363 quodque
1587 2293 1725 2349 festo

157 2386 335 2441 sancti
367 2385 690 2448 Sebastiani,
713 2384 922 2455 legatur
939 2382 1055 2452 ejus
1085 2384 1356 2453 sepultura
1387 2401 1441 2439 IN
1463 2401 1725 2441 VESTIGIIS

159 2489 560 2537 APOSTOLOBUI,
594 2473 925 2544 designando
955 2489 1052 2543 per
1083 2473 1196 2528 haec
1237 2475 1401 2528 verba
1440 2474 1724 2532 Catacum-

157 2567 283 2629 bas,
323 2565 584 2633 inquibus
622 2575 930 2618 sanctorum
958 2565 1099 2619 Petri
1125 2572 1178 2618 et
1204 2563 1351 2619 Pauli
1375 2580 1599 2635 corpora
1633 2566 1728 2620 ali-

156 2653 399 2722 quandiu
424 2653 757 2721 quieverunt.
787 2653 854 2707 Et
890 2651 1178 2722 quomodo,
1222 2653 1418 2722 inquit,
1447 2664 1568 2724 post
1609 2654 1738 2710 haec

151 2745 408 2799 moderni
435 2744 598 2814 aliqui
637 2746 956 2815 scriptores,
991 2754 1172 2799 mutua
1207 2753 1440 2801 terentes
1477 2748 1722 2818 vestigia,

149 2839 277 2893 ausi
301 2846 424 2892 sunt
462 2853 704 2894 asserere
742 2838 1174 2910 Martyrologium
1207 2854 1236 2892 a
1275 2837 1576 2910 Rosweydo
1613 2838 1726 2894 edi-

151 2940 271 2983 tum.
313 2944 416 2982 non
444 2942 563 2983 esse
593 2937 746 2984 vetus
774 2929 1094 2992 Romanum,
1128 2929 1220 2982 sed
1249 2931 1428 2999 potius
1460 2929 1724 3004 Hierony-

148 3019 318 3075 miani
343 3019 702 3090 Martyrologii
728 3021 1131 3092 apographum?
1158 3020 1358 3090 Ecquid
1386 3021 1510 3076 inde
1534 3022 1722 3091 liquet,

148 3113 302 3166 viros
326 3111 444 3166 illos
466 3152 483 3178 ,
533 3113 796 3181 siquidem
841 3111 1275 3183 Martyrologium
1306 3113 1434 3167 illud
1467 3114 1717 3182 inspexe-

147 3204 290 3265 rint,
320 3217 424 3258 non
456 3203 556 3258 nisi
587 3203 686 3258 levi
724 3203 878 3258 oculo
924 3202 1234 3257 lectitasse?
1274 3203 1483 3257 Etenim
1525 3213 1721 3273 praeter

146 3309 242 3356 ea,
282 3308 401 3361 quae
429 3291 495 3346 de
521 3294 723 3347 sanctis
757 3293 1047 3357 Romanis,
1084 3302 1138 3346 et
1164 3293 1525 3348 Romanarum
1551 3294 1722 3348 cccle-

145 3383 358 3437 siarum
407 3383 768 3453 singularibus
816 3384 1241 3439 dedicationibus
1282 3385 1394 3454 jam
1450 3385 1721 3452 diximus,

146 3473 374 3527 minima
403 3474 604 3543 qumvis
631 3475 855 3528 attentio
869 3475 1262 3545 autapplicatio
1277 3484 1526 3544 patenter
1551 3484 1727 3530 osten-

148 3565 259 3628 dit,
289 3548 458 3618 totuin
487 3565 829 3636 Rosweydini
877 3564 1236 3638 Martyrologii
1283 3573 1630 3630 contextum,
1656 3565 1724 3618 ab

147 3657 409 3711 omnibus
450 3655 850 3727 Hieronymiani
905 3655 1268 3732 Martyrologii
1321 3656 1551 3725 cognitis
1597 3671 1726 3725 apo—
1765 3691 1768 3694 ~

146 3746 377 3816 graphis
399 3746 822 3801 diversissimam
849 3760 988 3800 esse.
1025 3766 1050 3797 ι

219 3836 310 3890 90.
336 3834 460 3889 Huic
490 3835 668 3892 omnia
717 3851 745 3888 a
784 3833 1088 3889 Castellano
1115 3835 1412 3889 reetissime
1441 3834 1724 3889 observata

147 3934 300 3987 sunt,
336 3926 486 3994 plura
517 3926 657 3980 haud
689 3927 848 3980 dubie
877 3926 1108 3988 dicturo,
1147 3926 1193 3980 si
1218 3928 1392 3981 adhuc
1419 3928 1574 3998 paulo
1598 3945 1728 3997 pro-

151 4016 374 4070 fundius
425 4014 653 4070 Romani
703 4015 852 4085 parvi
896 4030 1092 4069 arcana
1136 4015 1410 4080 rimasset,
1455 4033 1573 4086 qua:
1617 4025 1726 4070 toto

150 4107 262 4160 hoc
299 4119 463 4174 opere
508 4103 708 4157 clarius
745 4105 813 4158 ob
848 4103 1032 4159 oculos
1057 4105 1228 4176 posita
1257 4117 1402 4160 sunt.
1431 4106 1726 4160 Audiamus

151 4207 338 4250 tamen
364 4195 560 4251 iactam
588 4196 656 4249 ab
680 4211 744 4250 eo
775 4195 931 4249 Parvi
956 4196 1124 4249 nostri
1155 4211 1274 4251 cum
1300 4195 1729 4266 Hieronymianis

147 4287 614 4355 comparationem
654 4303 667 4339 :
713 4306 730 4336 ‹
768 4287 824 4340 lu
857 4287 1213 4357 Rosweydino
1253 4289 1371 4341 dies
1399 4290 1550 4341 vacui
1580 4288 1726 4341 inve-

145 4379 397 4441 niuntur,
462 4378 516 4432 in
559 4378 991 4451 llicronymianis
1031 4381 1503 4449 quantumcunque
1534 4379 1726 4433 abbre-

149 4467 337 4530 viatis,
368 4483 554 4524 omnes
582 4468 695 4521 dies
719 4467 857 4540 pleni
899 4476 1040 4524 sunt.
1074 4466 1278 4521 liursus
1317 4467 1369 4520 in
1398 4467 1488 4520 illo
1510 4481 1724 4536 compo-

147 4558 254 4610 sita
285 4558 465 4612 omnia
504 4568 558 4610 et
589 4557 856 4622 ordinata,
884 4557 935 4611 in
969 4557 1114 4610 hisce
1151 4555 1396 4608 confusio
1433 4555 1625 4624 ingens
1653 4556 1721 4610 ab

149 4647 308 4700 varia
355 4649 619 4716 ccgrapba
648 4649 842 4718 saepius
889 4655 1239 4714 tranSumpta.
1273 4647 1326 4698 lu
1365 4644 1727 4718 Rosweydino

147 4737 338 4808 plures
364 4737 573 4792 Veteris
589 4731 918 4796 Testamenti
936 4733 1213 4809 propheta:
1244 4737 1540 4808 consignati
1570 4748 1714 4805 sunt,

149 4828 209 4880 in
243 4827 647 4898 llieronymiani
688 4830 1069 4883 vetustioribus
1094 4829 1417 4899 apograpbis
1443 4829 1636 4883 nullus.
1661 4829 1720 4884 In

149 4917 246 4972 illo
276 4926 539 4987 martyres
565 4926 619 4971 et
649 4917 820 4973 sancti
858 4919 943 4973 alii
975 4921 1047 4971 ex
1068 4918 1260 4972 ltulino
1284 4919 1514 4988 accepti,
1538 4929 1594 4972 at
1614 4935 1721 4972 non

149 5007 578 5078 Lugdunenses;
619 5010 670 5064 in
713 5010 832 5064 istis
872 5009 1258 5080 Lugdunenses
1297 5019 1420 5064 sunt
1469 5019 1524 5064 et
1565 5009 1719 5077 pauci

147 5101 268 5162 alii,
299 5101 430 5155 adeo
462 5111 519 5155 ut
545 5101 818 5157 latendum
861 5103 932 5158 sit
979 5101 1397 5174 Rosweydinum
1445 5111 1598 5157 vetus
1623 5117 1720 5156 au-

147 5192 472 5259 tograpbum
504 5206 654 5255 esse,
697 5207 891 5262 magno
941 5193 1120 5248 studio
1165 5193 1528 5256 elaboratum,
1575 5190 1722 5246 nullo

149 5287 331 5332 autem
390 5280 546 5334 modo
584 5296 646 5334 ex
688 5281 793 5334 alio
835 5282 1196 5351 desumptum.
1256 5279 1394 5334 Hinc
1432 5279 1722 5349 prudenter

147 5365 458 5432 conjicitur,
491 5369 760 5424 ltoiiianos
785 5370 1210 5441 Hieronymiani,
1239 5370 1289 5424 in
1313 5386 1428 5440 quo.
1441 5371 1552 5424 sola
1578 5385 1720 5423 mar-

152 5467 329 5526 tyrum
369 5460 580 5514 nomina
634 5469 690 5514 et
727 5458 992 5534 palaestrae"
1025 5463 1378 5526 notabantur,
1417 5470 1671 5531 pertaesos
1701 5503 1716 5527 ,

149 5547 295 5602 aliud
321 5560 667 5620 praeoptasse,
695 5553 748 5606 in
775 5569 891 5620 quo
920 5552 1104 5607 selecti
1143 5560 1200 5606 et
1228 5552 1350 5607 novi
1387 5553 1578 5614 sancti,
1607 5545 1719 5607 Iuni

152 5650 442 5709 martyres,
467 5651 575 5695 tum
608 5624 717 5703 alii,
753 5643 956 5698 minori
989 5657 1219 5697 numero
1243 5643 1717 5705 annuntiarentur,

151 5732 396 5800 ascriptis
420 5731 830 5800 imperatoribus
853 5731 1207 5800 judicibusve,
1233 5731 1332 5787 sub
1349 5732 1541 5801 quibus
1571 5733 1712 5802 passi

1827 1945 1946 1984 rum
1967 1929 2019 1984 id
2042 1941 2132 1982 aut
2160 1929 2335 1984 simile
2349 1931 2774 2000 manuscriptum
2799 1931 2926 1985 olim
2950 1930 3131 1994 fuerit,
3149 1931 3400 1985 facillime

1827 2018 1986 2088 adjici
2022 2019 2281 2087 potuisse,
2309 2021 2759 2088 quemadmodum
2788 2020 3043 2084 Quirinus
3057 2019 3401 2089 xxxAprilis,

1827 2109 1964 2162 addo
2003 2108 2228 2177 vigiliam
2267 2108 2629 2177 Apostolorum
2669 2110 2860 2164 eodem
2894 2109 2981 2163 die
3009 2148 3026 2173 ,
3078 2118 3171 2163 aut
3215 2108 3400 2176 hujus-

1827 2200 1970 2253 modi
2020 2200 2278 2254 minutias
2323 2200 2477 2263 alias,
2521 2216 2657 2268 quas
2705 2200 2965 2255 Romanis
3017 2200 3249 2255 fatemur
3297 2215 3404 2253 non

1825 2290 2120 2344 convenire
2145 2307 2158 2343 :
2189 2304 2253 2343 ex
2282 2289 2402 2343 aliis
2427 2289 2572 2344 enim
2598 2289 2844 2357 plurimis
2868 2289 3268 2359 apertissimum
3297 2297 3401 2350 est,

1825 2381 2064 2451 singulas
2091 2397 2330 2450 quasque
2359 2381 2543 2435 ltomie
2569 2381 2812 2450 proprias
2839 2379 3208 2434 solemnitates
3235 2380 3306 2434 ita
3335 2378 3404 2432 ab

1823 2469 2010 2524 Adone
2055 2471 2355 2538 descriptas
2386 2511 2401 2534 ,
2457 2481 2515 2523 nt
2561 2470 2970 2540 antesignanum
3001 2484 3156 2523 suum
3189 2483 3404 2537 semper

1825 2560 1979 2629 quasi
2008 2559 2172 2628 digito
2200 2568 2596 2628 praemonstret.
2624 2559 2699 2612 De
2724 2568 2938 2620 caetero,
2967 2559 3162 2612 mirum
3188 2557 3404 2611 videtur

1823 2646 2146 2709 Castellano,
2190 2655 2246 2701 et
2279 2647 2482 2700 mirum
2535 2647 2728 2716 cuique
2757 2645 2928 2701 videri
2951 2646 3131 2708 debet,
3165 2653 3274 2698 tam
3306 2659 3402 2697 an-

1827 2741 2030 2809 tiquum
2062 2740 2334 2803 codicem,
2367 2749 2474 2793 tam
2515 2739 2784 2808 integrum
2823 2739 2890 2794 ad
2941 2745 3124 2792 nostra
3159 2747 3400 2806 tempora

1824 2829 2155 2900 pervenisse.
2208 2828 2376 2882 Porro
2421 2843 2488 2882 an
2533 2827 2732 2882 festum
2783 2826 3021 2880 omnium
3073 2825 3396 2880 Sanctorum

1826 2921 1968 2974 inter
1992 2920 2330 2975 accessiones
2356 2920 2568 2974 censeri
2599 2919 2811 2983 debeat,
2856 2933 2954 2972 suo
2987 2917 3103 2972 loeo
3131 2918 3394 2970 dicemus.

1825 3009 2050 3064 Fatetur
2097 3019 2274 3064 autem
2327 3025 2424 3079 per
2467 3007 2730 3072 errdl'em,
2779 3023 2809 3061 a
2859 3006 3222 3078 Martyrologii
3259 3004 3401 3060 illius

1826 3109 2048 3155 auctore
2071 3140 2086 3164 ,
2135 3101 2385 3155 Rufinum
2418 3100 2578 3154 nimis
2613 3113 2753 3154 etece
2781 3106 2968 3152 secuto
2992 3137 3007 3159 ,
3063 3096 3399 3151 Theodotum

1825 3189 2184 3244 Laodicennni
2215 3188 2486 3257 adjectum
2510 3187 2693 3251 fuisse,
2723 3187 2796 3240 de
2809 3199 2917 3255 quo
2942 3201 3042 3238 nos
3065 3185 3215 3255 plura
3245 3183 3397 3238 alibi.

1825 3280 1943 3334 Alia
1978 3279 2287 3341 Castellani,
2331 3294 2428 3348 pro
2467 3277 2764 3342 antlientia,
2795 3284 3060 3331 vetustate
3084 3283 3137 3328 et
3168 3274 3402 3330 auctori-

1827 3379 1934 3424 tate
1959 3369 2186 3424 Romani
2235 3371 2381 3436 parvi
2420 3376 2734 3438 argumenta
2785 3366 3014 3436 sparsim
3058 3366 3402 3432 reperiuntur

1827 3469 1938 3514 toto
1983 3461 2157 3529 primo
2221 3460 2490 3524 bimestri,
2545 3460 2612 3511 ab
2646 3460 2762 3526 ipso
2811 3473 2932 3513 cum
2988 3457 3216 3526 egregiis
3261 3456 3402 3512 notis

1825 3549 2077 3618 vulgato,
2127 3547 2280 3616 cuius
2329 3549 2511 3618 operis
2546 3547 3000 3616 complementum
3045 3549 3248 3602 utinam
3298 3547 3398 3600 ali-

1824 3638 2040 3708 quando
2070 3638 2251 3692 videre
2278 3637 2465 3692 liceat!
2517 3637 2622 3691 Sed
2658 3634 2770 3704 iam
2809 3636 2974 3699 dicta,
3011 3637 3153 3690 ultra
3179 3651 3397 3691 mensu-

1825 3744 1964 3791 ram,
1992 3728 2048 3781 ni
2078 3726 2258 3792 fallor,
2284 3727 2551 3782 sulliciunt
2577 3767 2592 3791 ,
2621 3737 2680 3782 ut
2708 3725 2908 3782 Valesii
2937 3727 3272 3797 aliorumque
3299 3728 3398 3782 ob-

1817 3815 1960 3885 jecta
1989 3818 2202 3886 penitus
2231 3817 2622 3871 convellantur.

1895 3931 1983 3988 92.
2013 3931 2108 3986 ilic
2132 3933 2297 3984 verbo
2344 3929 2641 3985 monendus
2684 3930 2854 3985 lector
2895 3931 3036 3986 inter
3062 3928 3398 3984 adversarios

1826 4023 1955 4077 mibi
2005 4037 2340 4091 nequaquam
2398 4020 2759 4090 obiiciendum
2816 4023 3179 4077 venerandum
3227 4021 3396 4091 magi-

1824 4122 1993 4169 strum
2044 4128 2218 4166 meum
2273 4111 2543 4166 Danielem
2592 4111 3016 4182 Papebrocbium
3044 4153 3059 4177 ,
3112 4113 3236 4167 dum
3281 4112 3398 4167 haec

1825 4203 2022 4266 scribo,
2061 4201 2125 4255 ad
2160 4202 2403 4256 laborum
2429 4216 2684 4255 coronam
2714 4242 2738 4264 ν
2773 4203 2925 4256 senio
2953 4211 3008 4256 et-
3035 4203 3246 4256 meritis
3275 4218 3397 4272 gra-

1827 4307 1944 4347 vem
1974 4333 1992 4356 ,
2044 4308 2074 4346 a
2107 4292 2334 4346 Domino
2353 4332 2374 4356 ,
2401 4292 2476 4344 uti
2510 4292 2668 4360 plane
2698 4291 3018 4346 confidimus
3041 4331 3057 4356 ,
3091 4302 3392 4346 evocatum.

1826 4381 1962 4446 Non,
1995 4383 2237 4453 inquam,
2270 4383 2360 4436 ille
2391 4383 2532 4434 inter
2557 4381 2895 4435 adversarios
2947 4380 3036 4434 hic
3085 4381 3215 4434 mihi
3261 4380 3396 4449 obji-

1826 4475 2018 4536 ciatur,
2044 4473 2252 4526 tametsi
2278 4472 2442 4524 variis
2466 4471 2614 4530 locis,
2645 4471 2702 4523 in
2729 4483 2926 4538 magno
2952 4476 3138 4522 nostro
3159 4469 3225 4521 de
3243 4467 3395 4521 Actis

1827 4556 2143 4617 Sanctorum
2169 4575 2352 4629 opere,
2385 4562 2477 4613 sed
2507 4560 2771 4629 praecipue
2813 4568 2960 4611 tomo
2995 4557 3220 4620 V‘Junii,
3260 4572 3385 4626 pag.

1823 4651 1948 4715 550,
1978 4652 2078 4704 litt.
2109 4650 2170 4715 C,
2209 4650 2508 4718 oppositam
2547 4649 2869 4704 sententiam
2892 4663 2957 4702 ex
2989 4648 3239 4702 incidenti
3270 4662 3394 4716 pro-

1822 4748 2040 4812 pugnet.
2072 4739 2284 4792 Pridem
2313 4748 2368 4793 et
2395 4754 2536 4810 saepe
2560 4737 2738 4794 fassus
2765 4748 2868 4799 est,
2901 4753 2960 4792 se
2995 4739 3047 4792 in
3079 4752 3264 4792 eorum
3302 4738 3392 4792 hic

1824 4843 2050 4883 numero
2077 4843 2218 4892 esse,
2245 4844 2380 4898 quos
2407 4830 2648 4898 proxime
2673 4829 2846 4883 aiebat
2867 4828 3220 4892 Castellanus,
3249 4829 3394 4883 viros

1824 4933 2017 4976 uetera
2049 4921 2466 4982 eruditissimos,
2498 4936 2555 4973 re
2577 4935 2683 4974 non
2709 4921 2840 4974 satis
2865 4920 3168 4974 examinata
3188 4961 3203 4983 ,
3257 4919 3392 4974 alios

1825 5011 2250 5079 transcripsisse.
2280 5020 2441 5078 atque
2465 5009 2598 5063 adeo
2633 5010 2699 5063 de
2744 5009 2986 5063 Romano
3013 5018 3196 5063 nostro
3227 5023 3392 5076 parvo

1823 5116 1929 5154 non
1973 5101 2207 5154 sensisse
2250 5115 2348 5169 pro
2399 5099 2613 5153 merito.
2670 5097 2754 5153 Ibi
2799 5107 2946 5153 certe
2993 5098 3392 5166 Papebrocbius

1822 5190 2138 5245 Florentinii
2155 5191 2460 5261 opinionem
2478 5189 2667 5260 paucis
2686 5190 2866 5245 verbis
2895 5197 3059 5243 totam
3082 5187 3390 5257 complexus

1823 5287 1939 5345 est;
1972 5280 2066 5335 scd
2101 5280 2296 5334 auditis
2347 5279 2571 5334 subinde
2622 5279 2962 5334 solidioribus
2999 5278 3265 5331 rationum
3293 5293 3391 5329 no-

1824 5380 2060 5426 strarum
2091 5371 2378 5427 momentis
2400 5410 2414 5432 ,
2474 5369 2795 5439 iniquiorem
2833 5368 2974 5422 illam
3002 5380 3306 5429 censuram,
3335 5377 3392 5421 et

1823 5479 1888 5534 eo
1913 5464 2030 5518 loco
2057 5472 2110 5520 et
2135 5475 2454 5532 quocunque
2500 5460 2605 5513 alio
2659 5459 2712 5513 in
2763 5458 2910 5513 Actis
2938 5457 3268 5526 ad0ptatam,
3301 5456 3387 5508 in-

1823 5554 1943 5608 duci
1974 5568 2196 5624 prorsus
2223 5561 2278 5606 et
2301 5550 2448 5606 eradi
2492 5549 2676 5604 voluit.
2725 5547 2893 5602 Porro
2938 5553 3047 5598 tum
3091 5545 3238 5598 citati
3268 5543 3389 5598 Flo-

1823 5644 2062 5708 rentinii,
2093 5653 2205 5698 tum
2235 5650 2550 5696 ctetcrorum
2594 5636 2818 5691 Romani
2864 5634 3010 5704 parvi
3053 5633 3390 5704 impugnato—

1825 5749 1938 5786 rum
1980 5740 2312 5801 argumenta,
2361 5743 2463 5781 non
2504 5727 2679 5780 minus
2708 5739 2869 5793 quam
2901 5722 3206 5787 Valesiana,
3231 5720 3388 5790 longe
