3936 6348
638 337 743 389 5117

1543 333 1912 389 USUARDUS
1951 332 2323 388 MONACHUS
2359 334 2994 390 SANGERMANENSIS.

3688 352 3752 409 508

636 463 664 498 a
697 461 859 514 scopo
884 446 1158 511 aberrare,
1186 461 1283 501 nec
1308 444 1412 500 ullo
1436 455 1594 513 pacto
1621 442 1928 498 venerabilis
1953 452 2001 498 et
2023 459 2209 513 peran-
2231 445 2282 504 Α
2309 457 2428 498 esse
2457 443 2755 498 Romanum
2781 485 2796 508 ,
2835 443 2928 499 sed
2982 453 3224 501 tenemur
3263 464 3374 518 qua:
3409 467 3518 507 rera
3550 470 3645 512 sunt
3673 479 3750 530 μω.

635 535 765 602 tiqui
803 533 1144 604 Rosweydini
1193 532 1559 604 Martyrologii
1605 531 1980 586 auctoritatem
2006 529 2206 584 infrin-

635 638 788 693 gere,
809 623 925 693 jam
955 625 1117 679 etiam
1144 625 1568 678 demonstratum
1596 632 1698 676 est.

1172 740 1562 797 ARTICCLUS
1599 740 1660 794 ll.

634 832 861 886 Frustra
918 834 1154 886 nituntur
1217 833 1503 885 adversarii
1546 834 1814 887 ostendere
1844 875 1858 898 ,
1909 833 2202 888 Romanum

703 919 920 971 parvum
947 902 1080 955 illud
1120 903 1290 970 ipsum
1338 919 1443 954 non
1472 919 1583 955 esse
1618 902 2202 971 Martyrologiumuquo

708 989 759 1024 se
783 971 1022 1042 adjutum
1052 971 1246 1038 fatetur
1269 971 1405 1035 Atla,
1434 972 1672 1042 quodque
1701 971 2076 1042 Martyrologio
2102 989 2199 1026 suo

706 1058 761 1093 se
787 1041 1072 1108 prwﬁxisse
1100 1050 1380 1092 asseverat.

631 1146 657 1208 ς
685 1145 719 1194 l.
748 1146 1132 1196 —llefelluntur
1153 1148 1371 1198 Andreas
1392 1150 1665 1210 Saussayus
1687 1157 1738 1198 et
1764 1149 1979 1198 Joannes
2003 1150 2200 1198 Fronto.

698 1251 770 1306 93
789 1251 910 1306 Jam
931 1266 996 1306 ex
1016 1251 1322 1306 Castellano
1341 1253 1640 1307 audivimus
1652 1253 1948 1307 neotericos
1962 1252 2194 1306 nonnul-

628 1343 729 1406 los,
758 1358 817 1397 re
839 1343 1059 1397 minime
1086 1359 1366 1412 perpensa,
1397 1344 1758 1413 descriptores
1787 1351 2017 1405 mutuos,
2041 1358 2203 1397 ausos

628 1431 979 1488 nihilominus
1029 1448 1273 1488 asserere
1314 1432 1613 1487 Romanum
1659 1442 1898 1486 nostrum
1937 1447 2199 1500 parvum,

631 1538 662 1577 a
689 1523 992 1594 Rosweydo
1024 1524 1320 1594 vulgatum,
1369 1539 1435 1578 ex
1475 1521 1662 1590 majori
1692 1532 1747 1576 et
1774 1523 2046 1576 retustiori
2092 1523 2200 1576 Ro-

631 1628 812 1677 mano,
846 1614 1003 1682 vulgo
1044 1613 1461 1683 Hieronymiano
1483 1652 1499 1675 ,
1540 1621 1877 1666 contractum
1905 1628 2023 1666 esse
2052 1627 2199 1666 com-

629 1702 903 1770 pendium.
934 1701 1092 1756 Tales
1110 1716 1210 1772 ego
1235 1716 1434 1770 paucos
1470 1702 1704 1770 reperire
1727 1701 1972 1764 memini;
2004 1717 2194 1755 verum

2311 532 2472 588 ferre.
2518 552 2536 586 ι
2577 531 2888 600 llujusntodi
2932 534 3212 588 ratiocinio
3261 541 3478 607 argutari
3523 547 3620 610 quis
3649 548 3748 606 {ar-31¢

2307 631 2488 691 posset
2512 663 2528 686 ,
2564 623 2915 692 Menologium
2937 621 3178 678 Grzncum
3203 641 3230 678 a
3254 627 3491 683 cardinali
3514 631 3667 689 Sirleto
3684 638 3747 693 Ls-

2308 713 2418 767 tine
2447 713 2733 776 redditum,
2774 728 2878 766 non
2915 728 3036 767 esse
3059 731 3086 766 a
3111 713 3335 770 Baronio
3355 717 3402 770 in
3422 718 3746 795 Martyrologium

2306 802 2606 856 Romanum
2637 803 2991 866 translatum,
3034 805 3124 856 sed
3154 805 3318 873 ipsum
3353 806 3467 861 illud
3493 807 3746 884 Menologium

2305 909 2372 949 ex
2409 893 2652 948 Romano
2673 894 2930 947 moderno
2957 902 3252 947 extractum
3277 895 3446 951 fuisse.

2376 983 2465 1038 95.
2501 983 2660 1038 Certe
2703 983 2887 1053 paucis
2924 984 3010 1037 hic.
3058 984 3220 1037 multa
3261 987 3488 1056 transigit
3519 989 3588 1042 vir
3618 992 3744 1049 doctis

2303 1074 2494 1136 simus,
2549 1089 2660 1137 rem
2709 1087 2816 1125 una
2866 1074 3229 1136 conlecturus,
3277 1075 3320 1128 si
3359 1076 3520 1131 solidis
3553 1087 3744 1138 momentis

2302 1177 2586 1215 censuram
2627 1161 2940 1216 fulcivisset.
2990 1161 3046 1216 Si
3076 1177 3174 1231 ego
3199 1162 3320 1216 flatu
3343 1165 3483 1218 unico
3503 1174 3631 1220 totam
3656 1169 3741 1224 illam

2302 1255 2630 1322 periocliam,
2682 1269 2790 1306 non
2837 1253 3008 1307 solum
3059 1254 3354 1314 incertam,
3397 1255 3480 1308 sed
3525 1255 3740 1322 levem,sed

2301 1341 2491 1396 falsam
2518 1342 2953 1412 pronuntiarem,
2988 1359 3136 1396 nemo
3169 1343 3354 1397 merito
3388 1344 3566 1405 dixerit,
3596 1363 3740 1399 aeron-

2291 1431 2516 1499 jecturis
2557 1431 2847 1500 indulgere,
2884 1446 3004 1485 cum
3046 1431 3188 1487 dicta
3234 1432 3484 1502 sigillalim
3523 1433 3738 1502 prcbaturus

2302 1523 2424 1576 sim.
2464 1520 2587 1576 Non
2626 1523 2792 1592 magis
2831 1539 2944 1576 mea
2987 1523 3166 1591 refert,
3200 1537 3352 1592 quam
3393 1523 3642 1588 Frontonis,
3662 1527 3737 1577 illul

2304 1613 2734 1684 Martyrologium
2781 1631 2891 1668 esse
2931 1613 3006 1668 vel
3036 1631 3137 1668 non
3181 1631 3290 1668 esse
3322 1613 3599 1678 Romanum;
3629 1620 3688 1669 sed
3705 1619 3735 1670 .si

2301 1713 2554 1768 tenemur,
2579 1721 2696 1773 qua:
2725 1721 2842 1758 vera
2880 1713 2998 1758 sunt
3032 1704 3282 1774 proferre,
3323 1705 3493 1759 eadem
3526 1705 3643 1773 plane
3662 1707 3734 1758 reli-

628 1791 935 1860 qnicnnque
964 1791 1000 1845 ii
1025 1792 1151 1856 sint,
1182 1806 1260 1845 nae
1293 1790 1410 1844 illos
1437 1791 1491 1844 in
1519 1788 1821 1860 huiusmodi
1851 1791 2008 1844 rebus
2030 1791 2197 1860 impe-
2228 1784 2274 1843 Β
2302 1793 2458 1862 gioue
2505 1802 2770 1859 tenemur,
2841 1809 2960 1864 qua:
3011 1792 3170 1860 falsa,
3199 1793 3290 1848 aut
3342 1801 3456 1848 sunt
3503 1803 3577 1847 aut
3620 1795 3734 1848 saltem

631 1880 920 1935 ritissimos
957 1894 1078 1936 esse
1124 1889 1367 1949 oportet,
1394 1880 1486 1950 qui
1514 1894 1580 1935 ex
1606 1881 1764 1934 unius
1789 1879 1954 1934 solius
1978 1881 2197 1944 mensis,

630 1973 740 2026 imo
758 1988 1050 2042 paucorum
1073 1972 1279 2027 dierum
1321 1973 1460 2026 facta
1490 1973 1630 2026 inter
1659 1973 1873 2027 codices
1891 1972 2199 2038 collatione,

631 2063 971 2130 apertissime
1028 2063 1272 2117 convinci
1321 2072 1583 2132 possunt,
1641 2063 2002 2134 Martyrologii
2059 2064 2200 2119 illius

633 2161 905 2208 auctorem
952 2161 1060 2208 tam
1083 2167 1204 2208 esse
1239 2155 1310 2208 ab
1343 2154 1770 2226 Hieronymianis
1795 2167 2059 2210 remotum
2085 2196 2099 2219 ,
2142 2165 2196 2210 ut

631 2241 904 2312 plerisque
933 2242 1123 2296 diebus
1165 2258 1233 2296 ne
1279 2259 1443 2297 unum
1482 2245 1696 2313 quidem
1737 2261 1928 2299 nomen
1957 2245 2200 2312 referat,

631 2337 775 2405 quod
825 2335 880 2389 in
923 2334 1334 2406 Hieronymanis
1368 2336 1693 2392 inveniatur.
1739 2337 1944 2392 Censeo
1977 2337 2154 2406 itaque
2178 2377 2195 2402 ,

633 2426 769 2481 tales
795 2427 1132 2480 adversarios
1170 2441 1269 2481 nec
1307 2426 1625 2483 refutatione
1647 2429 1834 2498 dignos
1859 2441 1996 2482 esse.
2031 2426 2198 2495 Majns

631 2513 905 2569 facessunt
926 2515 1218 2585 negotium,
1250 2515 1341 2583 qui
1371 2515 1623 2570 exteriori
1653 2517 1882 2584 quadam
1913 2515 2197 2585 fallacique

632 2602 941 2656 similitudis
969 2603 1198 2672 imagine
1229 2602 1420 2668 delusi,
1459 2604 1561 2658 sibi
1607 2605 1936 2659 induxerunt
1979 2605 2032 2658 in
2082 2605 2198 2658 ani-

629 2708 799 2759 mum,
853 2694 1288 2766 Martyrologium
1323 2706 1564 2750 nostrum
1607 2712 1868 2765 parvum,
1917 2712 2022 2750 non
2052 2697 2196 2750 aliud

627 2797 769 2847 esse,
800 2799 960 2854 quam
987 2801 1173 2856 puram
1201 2796 1384 2854 putam
1421 2787 1623 2842 Adonis
1665 2789 1954 2856 epitomen,
1988 2787 2196 2842 duobus

630 2872 908 2928 minimum
961 2875 1171 2929 stet-alis
1220 2875 1334 2944 ipso
1379 2875 1566 2931 Adone
1621 2877 1995 2945 posteriorem.
2052 2877 2197 2930 Inter

630 2962 730 3017 bos
755 2965 1007 3033 praecipui
1053 2972 1178 3018 sunt
1217 2965 1547 3034 laudati1am
1577 2982 1737 3034 supra
1759 2965 2008 3020 Andreas
2030 2965 2195 3020 Sans-

636 3066 819 3120 sayus,
846 3053 899 3106 in
938 3053 1191 3120 opere‘de
1221 3053 1570 3121 scriptoribus
1599 3053 1838 3124 mysticis
1863 3069 1894 3107 a
1921 3053 2190 3108 Florenti-

2299 1884 2456 1953 plaue
2497 1887 2746 1940 videntur
2781 1900 3094 1955 coarguere.
3133 1885 3353 1948 Amabo,
3390 1885 3502 1954 quid
3531 1900 3580 1939 ex
3608 1885 3664 1938 bis
3689 1901 3736 1938 se

2298 1977 2500 2044 quitur,
2528 1977 2678 2030 habet
2705 1976 2884 2029 eadem
2912 1985 3113 2039 errata,
3136 1975 3284 2028 habet
3313 1975 3476 2028 cadent
3493 1991 3598 2042 sape
3617 1976 3735 2027 mla!

2295 2066 2379 2120 An
2402 2067 2542 2134 quod
2571 2066 2869 2120 Romanum
2905 2081 3130 2136 parvum
3171 2081 3238 2120 ex
3278 2063 3482 2116 Adone?
3507 2078 3560 2115 an
3585 2077 3650 2115 non
3667 2063 3733 2114 eri-

2298 2157 2532 2221 dentius,
2563 2158 2704 2226 quod
2725 2157 2842 2210 Ado
2864 2171 2931 2210 ex
2957 2156 3199 2210 Romano
3226 2170 3383 2223 parvo
3417 2154 3634 2223 acceperit.
3660 2153 3730 2221 ipso

2297 2247 2593 2316 praesertim
2617 2255 2724 2300 tam
2751 2246 3046 2300 luculenter
3081 2253 3328 2304 testante,
3357 2243 3445 2296 sibi
3471 2242 3582 2309 apud
3606 2239 3730 2292 Ratir-

2297 2353 2418 2390 nam
2443 2338 2630 2404 posito,
2662 2353 2694 2390 (ι
2720 2337 2945 2406 quodam
2981 2334 3222 2404 religioso
3249 2333 3401 2402 fratre
3439 2332 3595 2400 aliquot
3624 2329 3729 2380 diem

2295 2426 2605 2494 prazstitum,
2635 2443 2667 2478 a
2695 2442 2750 2478 se
2777 2425 3010 2494 diligenti
3040 2440 3168 2476 cura
3193 2422 3548 2490 transcriptum.
3578 2429 3611 2470 et
3636 2418 3730 2468 inra-

2295 2513 2398 2581 pite
2420 2514 2588 2582 operis
2617 2514 2699 2566 sui
2727 2512 2991 2582 positum?
3027 2509 3149 2565 Sint
3190 2510 3260 2564 ibi
3288 2518 3451 2562 errata
3487 2506 3642 2566 eadem,
3671 2503 3730 2556 sint

2295 2604 2486 2658 eadem
2506 2605 2668 2658 verba
2691 2604 2891 2667 omnia,
2917 2603 3023 2656 sint
3042 2601 3202 2655 iidem
3225 2601 3422 2670 apiees;
3443 2598 3558 2668 quis,
3575 2597 3727 2650 obsecro.

2298 2692 2441 2746 aliud
2469 2695 2590 2748 inde
2618 2694 2830 2756 educat,
2854 2708 3014 2761 quam
3039 2691 3188 2745 illum
3217 2689 3592 2758 transeripsisse,
3618 2683 3675 2752 qui
3698 2697 3728 2734 se

2297 2780 2653 2838 disertissime
2694 2781 3097 2849 transcripsisse
3140 2777 3448 2850 profitetur?
3481 2777 3537 2828 At
3561 2788 3631 2827 nec
3649 2782 3726 2824 rem

2295 2881 2392 2932 est,
2411 2886 2506 2924 nec
2528 2871 2838 2924 Romanum.
2859 2869 3195 2923 Postremum
3214 2869 3415 2924 abunde
3431 2867 3726 2920 demonstratum

2295 2970 2398 3022 est,
2423 2971 2476 3013 et
2498 2975 2657 3029 porro
2683 2959 3158 3022 demonstrabitur,
3191 2975 3289 3014 nec
3317 2959 3538 3012 miserum
3565 2967 3603 3006 is
3624 2951 3727 3004 Pisas

2295 3065 2415 3106 eum
2442 3053 2593 3106 nobis
2618 3052 2830 3106 titulum
2853 3052 3064 3122 eripiet,
3092 3052 3158 3105 de
3177 3067 3282 3121 quo
3301 3049 3506 3105 videnda
3522 3044 3728 3100 Observato

631 3139 722 3192 nio
747 3141 946 3194 citatus
973 3161 986 3194 :
1010 3140 1242 3194 Joannes
1267 3141 1488 3205 Fronto,
1541 3151 1953 3212 pi-tenotatorum
1980 3143 2046 3196 ad
2087 3143 2192 3198 κδ-
2220 3133 2265 3194 C
2297 3142 2361 3194 ad
2393 3144 2616 3195 citatum
2646 3141 2786 3194 diem
2820 3156 2908 3193 xw
2929 3139 3196 3194 Januarii.
3219 3140 3292 3193 De
3325 3143 3553 3192 vetustate
3571 3132 3619 3185 ita
3639 3126 3726 3181 brevi

635 3226 932 3281 lendarium
954 3272 968 3294 ,
1015 3245 1156 3283 anno
1198 3229 1335 3282 1652
1378 3231 1578 3284 editum
1601 3271 1614 3292 ,
1647 3230 1729 3302 §8
1748 3271 1764 3296 ,
1793 3240 1846 3286 et
1870 3231 2192 3289 Franciscus

633 3316 799 3370 Maria
839 3317 1201 3372 Florentinius
1224 3359 1239 3383 ,
1267 3321 1333 3374 ad
1363 3320 1794 3392 Martyrologium
1825 3323 2194 3397 llierouymia-

630 3423 758 3461 num
807 3409 1168 3465 admonitione
1196 3413 1390 3479 prarvia
1433 3413 1467 3466 4
1504 3423 1557 3468 et
1583 3414 1638 3468 5.
1669 3415 1712 3467 A
1742 3414 2013 3471 Frontone
2059 3417 2194 3472 inci-

631 3497 793 3566 piam,
823 3498 976 3566 cujus
1006 3503 1371 3571 parrgrapbus
1398 3518 1464 3557 eo
1506 3502 1716 3560 facilius
1743 3507 2022 3571 evertitur,
2049 3508 2190 3576 quod

629 3591 856 3644 rotunda
884 3589 1002 3660 ejus
1020 3600 1074 3646 et
1096 3593 1235 3645 nulla
1270 3593 1476 3649 ratione
1502 3595 1726 3650 subnixa
1765 3595 2066 3661 afﬁrmatio,
2097 3613 2191 3667 per

627 3681 929 3750 oppositam
959 3683 1296 3750 negationem
1318 3699 1468 3753 teque
1497 3687 1745 3749 rotunde,
1774 3686 1932 3756 plane
1958 3696 2014 3743 et
2039 3704 2192 3757 pror-

629 3784 720 3823 sus
744 3769 992 3824 elidatur.
1038 3771 1368 3842 Paragraplii
1412 3774 1577 3842 ipsius
1632 3775 1818 3829 titulus
1863 3783 1949 3829 est
1989 3793 2002 3828 :
2051 3777 2190 3841 Quid

627 3860 937 3914 censendum
989 3862 1052 3914 de
1090 3861 1462 3934 Martyrologio
1513 3863 1750 3920 Romano
1797 3877 2002 3931 retere,
2051 3869 2189 3936 quod

627 3951 786 4004 edidit
843 3951 1151 4022 Rosweydue
1178 3955 1203 4006 ?
1263 3955 1572 4010 Decretoria
1621 3966 1706 4012 est
1750 3960 2062 4028 responsio;
2109 3969 2191 4013 at-

629 4043 810 4096 tende.

703 4135 793 4188 94.
829 4153 847 4186 ‹
883 4135 1313 4206 Martyrologium
1367 4139 1492 4194 illud
1537 4158 1639 4197 non
1671 4151 1753 4197 est
1801 4143 1902 4198 nisi
1956 4144 2189 4213 epitome

628 4223 988 4296 Martyrologii
1013 4227 1232 4290 Adonis,
1269 4237 1324 4280 ttt
1352 4230 1504 4283 facile
1535 4242 1808 4301 agnoscet,
1836 4231 1924 4300 qui
1949 4233 2188 4287 conferet

627 4320 800 4387 ipsum
824 4336 839 4371 :
867 4320 1027 4374 habet
1045 4321 1234 4375 eadem
1260 4331 1459 4385 errata,
1500 4324 1660 4378 habet
1686 4327 1872 4381 eadem
1902 4342 2039 4395 smpe
2069 4344 2187 4382 ver-

625 4406 722 4470 ba;
766 4409 1016 4462 nonnulla
1056 4408 1205 4464 fuere
1261 4411 1436 4465 addita
1489 4429 1503 4466 :
1552 4413 1783 4483 denique
1833 4416 1978 4469 nullo
2026 4419 2184 4471 modo

624 4495 922 4551 Ruinanum
969 4506 1069 4562 est,
1119 4515 1220 4552 nec
1255 4510 1423 4553 vetus.
1467 4501 1532 4554 Et
1568 4503 1709 4570 quod
1756 4518 1859 4556 non
1888 4504 2140 4557 sit-vetus
2164 4544 2178 4566 ,

621 4589 1023 4642 demonstratur
1071 4604 1136 4642 ex
1189 4604 1254 4642 eo
1295 4590 1434 4657 quod
1486 4589 1877 4645 solemnitatem
1931 4592 2182 4647 Omnium

623 4679 945 4733 Sanctorum
973 4680 1238 4742 inscribit,
1263 4696 1423 4749 quam
1465 4691 1668 4736 certum
1711 4693 1795 4736 est
1841 4699 1944 4736 non
1973 4693 2182 4738 antece-

619 4771 749 4823 dere
779 4777 1018 4838 tempora
1052 4767 1296 4839 Gregorii
1343 4769 1426 4832 ιιι,
1457 4769 1547 4838 qui
1593 4771 1731 4825 sedit
1764 4786 1904 4825 anno
1929 4769 2053 4835 731,
2085 4778 2181 4825 aut

617 4859 793 4914 Caroli
819 4857 1019 4928 Magni,
1048 4859 1137 4928 qui
1161 4859 1389 4912 decessit
1429 4875 1572 4912 anno
1593 4860 1718 4922 8l5,
1741 4869 1799 4912 ut
1820 4861 2180 4918 demonstravi

615 4951 682 5005 ad
715 4967 731 5005 ι
761 4951 900 5006 diem
941 4949 1276 5004 Novembris.
1307 4950 1606 5003 llonianum
1634 4960 1866 5013 nonest,
1896 4966 2018 5002 nam
2055 4966 2176 5020 cum

613 5039 680 5092 de
718 5048 907 5094 saneto
932 5037 1110 5092 Felice
1139 5037 1372 5105 loquitur
1405 5053 1490 5090 xiv
1521 5035 1783 5101 Januarii,
1821 5053 1912 5092 seu
1937 5053 2024 5091 xxx
2056 5037 2174 5092 Kal.

611 5125 935 5189 Februarii,
976 5125 1056 5180 sic
1097 5125 1322 5178 scribit:
1354 5124 1526 5188 Nalm,
1552 5123 1742 5178 Felicis
1780 5125 2080 5194 presbyteri,
2124 5127 2178 5179 in

615 5216 794 5272 Pincis
818 5218 1025 5286 sepulti.
1055 5218 1122 5272 Et
1147 5217 1268 5288 quis
1305 5218 1476 5271 nescit
1514 5233 1679 5271 νικας
1717 5232 1836 5271 esse
1875 5215 2047 5270 locum
2085 5218 2174 5286 qui

615 5308 797 5362 Romae
820 5317 922 5372 est,
950 5325 1054 5362 non
1086 5323 1214 5362 vero
1253 5305 1418 5370 Nola},
1455 5314 1513 5359 ut
1545 5305 1904 5359 demonstravi
1934 5305 2000 5358 ad
2028 5303 2177 5359 illum

610 5397 786 5449 diem?
832 5396 946 5454 Hoc
974 5406 1151 5452 autem
1180 5404 1414 5450 erratum
1459 5411 1564 5448 non
1604 5395 1746 5448 cadit
1791 5395 1842 5448 in
1875 5395 2174 5448 Romanum

611 5485 951 5554 scriptorem,
985 5485 1080 5540 sed
1118 5483 1264 5539 venit
1306 5498 1374 5537 ex
1425 5483 1627 5538 Adone.
1683 5481 1849 5538 Nemo
1890 5483 2035 5537 dicat
2089 5497 2175 5536 me

612 5575 700 5630 llic
735 5576 1062 5646 coniecturis
1111 5575 1407 5647 indulgere,
1453 5590 1540 5630 res
1587 5584 1734 5630 certa
1773 5583 1874 5628 est.
1920 5572 2171 5643 Alioquin

613 5681 731 5731 mea
756 5682 864 5723 non
887 5663 1070 5733 refert,
1103 5665 1537 5736 Martyrologium
1580 5665 1709 5722 illud
1755 5680 1903 5730 esse,
1937 5663 2017 5720 vel
2062 5680 2166 5720 non

2295 3239 2612 3293 statuemus,
2632 3238 2689 3282 ut
2713 3245 2774 3283 ex
2799 3227 3090 3284 festivitate
3111 3229 3421 3284 Sanctorum
3441 3224 3630 3280 omnium.
3644 3215 3726 3270 nihil

2293 3320 2551 3374 Frontoni
2580 3321 2799 3375 subsidii
2828 3322 2898 3374 sit
2929 3335 3271 3375 accessurum
3297 3338 3310 3373 :
3339 3319 3420 3373 hic
3453 3316 3574 3370 modo
3597 3310 3724 3362 adtcm

2293 3422 2534 3465 nostram
2583 3412 2714 3465 satis
2755 3421 2869 3477 est,
2924 3422 3030 3464 tam
3089 3420 3245 3465 vetus
3291 3425 3441 3470 esse,
3482 3414 3527 3459 ut
3557 3399 3668 3456 Adoni
3695 3397 3726 3447 in

2292 3505 2600 3559 alornando
2625 3503 3002 3576 Martyrologio
3023 3519 3120 3558 suo
3140 3519 3268 3558 vere
3293 3501 3546 3571 praelucere
3566 3489 3724 3562 pomerii-

2361 3595 2448 3648 96.
2493 3595 2791 3664 Supersunt
2834 3594 2942 3647 bini
2972 3594 3288 3656 adversarii,
3335 3591 3586 3656 Saussayus
3602 3590 3637 3634 et
3663 3576 3727 3630 fle

2292 3687 2576 3750 rentinius,
2603 3701 2831 3754 quorum
2863 3702 2966 3738 non
2994 3684 3412 3744 definitionibus,
3439 3679 3516 3734 sed
3537 3669 3726 3764 rationibus

2291 3777 2715 3848 respondendum
2744 3785 2844 3830 est.
2881 3776 3182 3831 Rettulimus
3205 3790 3307 3830 non
3331 3775 3396 3827 ita
3420 3770 3584 3841 pridem
3604 3773 3728 3848 mittil!-

2291 3845 2395 3922 lica
2435 3867 2685 3937 SanSSayi
2730 3867 2778 3919 in
2827 3866 3208 3935 Roswcydunt,
3241 3865 3308 3918 ob
3345 3859 3521 3915 veteris
3542 3853 3642 3943 illius
3670 3845 3728 3943 llo-

2288 3961 2433 4014 mani
2493 3957 2852 4028 Martyrologii
2909 3955 3351 4026 publicationem,
3396 3947 3574 4019 profusa
3610 3939 3726 4035 cingi-“-

2289 4053 2488 4108 Verum
2541 4061 2823 4122 congestas
2867 4049 3048 4104 laudes
3103 4049 3228 4102 alibi
3272 4048 3322 4100 in
3366 4038 3586 4110 rituperia
3616 4037 3724 4084 fl’rlll,

2287 4159 2406 4212 quae
2431 4160 2552 4198 cum
2575 4143 2714 4212 apud
2743 4141 3132 4197 Florentinium
3162 4139 3438 4199 inveniam,
3461 4136 3505 4188 in
3524 4129 3632 4184 fonte
3646 4135 3728 4189 ηειν-

2288 4249 2407 4287 rere
2451 4233 2793 4302 supersedeo.
2840 4230 2995 4285 Hunc.
3031 4229 3192 4300 igitur
3237 4229 3507 4287 audiemus,
3543 4227 3584 4272 et
3614 4223 3726 4306 presso

2285 4326 2418 4394 pede
2444 4339 2732 4392 sequemur
2752 4322 2816 4375 ad
2847 4321 3072 4387 singula.
3111 4320 3243 4374 Erat
3270 4317 3431 4388 primo
3464 4311 3725 4395 δςιυεεθῐξδξη

2285 4389 2372 4475 eo,
2400 4389 2539 4481 quod
2565 4408 2842 4482 Rosweydi
2871 4409 3106 4482 codicem
3135 4423 3256 4462 cum
3298 4405 3441 4459 Betim
3465 4389 3727 4482 Martyrololio

2285 4509 2628 4570 componens,
2661 4500 2880 4554 ridicule
2909 4506 3132 4562 asserat,
3161 4513 3284 4552 esse
3309 4509 3488 4550 merum
3519 4476 3726 4551 Μαηςΐοίίν

2283 4592 2354 4662 gii
2383 4590 2540 4645 Bedrc
2562 4591 2782 4644 indicem
2799 4607 2818 4655 ;
2851 4589 2988 4643 forte
3014 4589 3103 4658 qui
3135 4589 3298 4642 alium
3329 4585 3502 4638 Bedam
3527 4592 3608 4631 non
3629 4579 3726 4623 now

2284 4687 2370 4731 rat
2416 4687 2609 4747 prseter
2665 4676 3082 4739 Plantiniannm,
3141 4693 3207 4730 ex
3261 4674 3434 4728 Adone
3460 4666 3572 4723 male
3604 4667 3723 4750 constt-

2284 4775 2418 4830 tum,
2477 4766 2632 4821 facile
2681 4766 2860 4820 induci
2907 4767 3097 4834 potuit,
3140 4774 3200 4817 ut
3227 4763 3444 4816 alterum
3470 4751 3725 4837 alteriusf’Pl'

2283 4866 2461 4910 tomeu
2505 4855 2722 4919 faceret,
2753 4853 3201 4924 quemadmodum
3239 4845 3565 4906 Florentinius
3599 4834 3726 4924 Atio“is

2276 4946 2544 5014 epitomen
2575 4945 2804 5007 censuit,
2836 4944 2961 4996 dum
2995 4945 3166 5012 ipsum
3199 4955 3317 4996 cum
3341 4937 3507 4991 Adone
3531 4922 3725 5014 conferre!-

2277 5006 2346 5086 A-t
2404 5032 2654 5101 Pllpillam
2714 5006 2853 5086 oculi
2919 5006 3186 5104 Satissayo
3235 5029 3434 5082 laeserat
3481 5006 3725 5079 Roswryilus.

2279 5121 2514 5175 llilduini
2540 5123 2604 5175 de
2626 5119 2883 5191 Dionysio
2905 5119 3098 5187 placita
3121 5135 3186 5171 ex
3211 5132 3304 5170 suo
3325 5111 3492 5168 codice
3510 5106 3727 5191 ἰιῐιβυὲῗξηῖ

2280 5215 2368 5267 tio.
2401 5211 2534 5266 Ilinc
2562 5213 2799 5265 acriores
2829 5211 2930 5263 illa:
2954 5211 3003 5262 in
3031 5207 3373 5277 Rosweydnm
3398 5185 3729 5283 invectivahlm

2286 5303 2372 5357 illa
2407 5303 2636 5371 plurium
2685 5309 3118 5371 argumentorum
3165 5298 3345 5356 series,
3381 5306 3472 5361 qua
3508 5287 3639 5352 ipsum
3672 5284 3728 5324 'm'

2283 5401 2489 5462 petens,
2533 5391 2815 5462 plerosque
2857 5405 3047 5460 graves
3085 5397 3140 5442 et
3178 5385 3407 5442 eruditos
3451 5379 3569 5430 viros
3603 5374 3728 5462 ηίέξιξξ

2281 5456 2550 5546 affirmat;
2567 5456 3003 5551 Martyrologium
3049 5477 3175 5531 illud
3220 5466 3485 5540 Rosweydi
3522 5471 3615 5551 εἶδε
3632 5456 3728 5551 τθίῗξ

2279 5544 2603 5634 Romanum,
2651 5544 2725 5625 ab
2765 5544 2948 5624 Adone
2997 5569 3288 5627 laudatum,
3331 5570 3382 5617 et
3419 5573 3446 5612 a
3473 5553 3522 5609 S.
3550 5544 3729 5610 οτεεοπο

2278 5661 2572 5730 depictum,
2599 5668 2701 5715 etc.
2749 5659 2924 5714 Verbo
2965 5657 3195 5726 spurium
3225 5648 3464 5712 decernit,
3490 5642 3680 5693 direrer
3708 5635 3728 5668 ⁸
