3936 6348
69 343 196 402 5'39

1469 343 1972 404 PROLEGOMENA
1984 386 1998 400 .

3245 347 3349 403 5|.

74 475 215 514 vero
253 467 303 512 et
331 457 712 515 repudiandum
757 474 885 525 esse,
932 459 1041 515 imo
1070 468 1389 529 corruptum,
1418 457 1677 528 fucatum,
1705 458 1754 517 Α
1851 457 1942 511 99.
1971 457 2130 510 Aliud
2161 470 2312 525 aeque
2339 457 2624 524 insipidum
2651 465 2753 511 est.
2777 455 3057 528 Rosvreydi
3088 455 3352 529 Martyro-

75 556 131 598 et
165 560 240 599 ex
263 545 652 613 corruptissimo
681 546 857 599 codice
877 547 1256 616 depromptum.
1311 545 1401 602 Sic
1425 547 1478 600 in
1502 554 1682 600 extre~

81 651 186 690 ma
239 635 486 705 opposita
533 634 676 690 foede
719 635 1093 706 prolabuntur,
1139 637 1232 705 qui
1282 639 1348 691 de
1384 638 1546 692 rebus
1576 651 1680 690 non

81 728 234 782 satis
277 726 536 781 discussis
573 734 630 780 et
662 727 963 796 perpensis,
990 741 1134 781 nunc
1157 741 1358 790 amore,
1390 741 1532 780 nunc
1559 726 1684 780 odio

86 815 372 878 distracti,
419 825 623 869 temere
664 818 1032 884 pronuntiant.
1088 816 1241 871 Ultro
1287 817 1500 879 admisi,
1552 816 1686 870 Ros-

86 907 284 977 vveydi
312 905 747 976 Martyrologium
776 921 882 961 non
909 921 1027 961 esse
1053 905 1472 975 Gregorianum;
1502 916 1558 959 at
1579 921 1682 958 non

91 1009 225 1048 esse
257 994 584 1064 ipsissimum
609 994 759 1059 illud,
794 996 937 1064 quod
967 998 1034 1051 ab
1056 995 1241 1050 Adone
1270 996 1542 1048 laudatum
1581 1005 1683 1058 est,

89 1085 149 1137 id
212 1099 348 1139 vero
382 1099 640 1154 pemego,
678 1100 778 1139 nec
814 1086 866 1138 id
912 1101 1147 1156 unquam
1192 1087 1489 1140 extundent
1515 1084 1683 1138 Sans-

93 1173 221 1242 sayi
252 1181 347 1225 aut
369 1172 683 1226 Florentinii
721 1174 1022 1239 ratiocinia,
1052 1188 1278 1242 quorum
1310 1183 1368 1227 ut
1397 1173 1684 1228 medullam

97 1261 451 1322 contraham,
481 1261 562 1316 sic
586 1262 776 1316 ordine
803 1276 1117 1332 prosequor.

174 1348 272 1404 97.
317 1349 608 1418 Arguebat,
657 1358 716 1402 ut
765 1350 939 1414 video,
991 1349 1290 1422 Saussayus
1346 1365 1376 1403 a
1429 1349 1687 1403 vocabulo

105 1437 333 1502 natalis,
363 1438 457 1492 sed
487 1451 649 1506 quam
679 1438 878 1492 imbelli
915 1437 1051 1503 telo,
1087 1447 1194 1491 tam
1226 1453 1330 1492 non
1358 1438 1516 1506 digno
1544 1437 1687 1507 quod

104 1527 426 1598 repellatur.
461 1546 480 1578 ι
513 1527 582 1582 At
616 1536 810 1598 urgent
837 1527 1061 1592 fortius,
1097 1528 1272 1597 inquit
1298 1525 1683 1590 Florentinius,

104 1634 234 1687 qua:
271 1617 466 1673 deinde
511 1632 705 1672 censor
750 1619 990 1687 opponit,
1011 1616 1441 1688 Martyrologium
1496 1629 1687 1684 nempe

106 1711 242 1765 illud
273 1724 616 1780 nequaquam
642 1725 761 1764 esse
797 1725 974 1780 posse,
1017 1709 1158 1778 quod
1199 1709 1314 1762 Ado
1349 1708 1607 1770 laudavit,
1633 1715 1688 1760 et

1781 545 1979 615 logium
2016 546 2188 600 Adoni
2223 557 2472 616 tanquam
2524 545 2902 600 Kalcndarium
2941 547 3140 615 prce/Egi
3177 548 3350 616 potius

1780 639 1965 706 potuit.
2005 636 2197 691 iamne
2235 637 2455 700 excidit,
2498 637 2640 706 quod
2679 637 2837 705 paulo
2885 645 3009 689 ante
3048 635 3351 705 Saussayus

1782 729 2014 792 dixerat,
2036 743 2232 780 merum
2258 726 2614 796 Martyrologii
2633 725 2791 778 Beda:
2811 725 3030 778 indicem
3051 724 3205 778 esse?
3226 723 3353 777 Pro-

1784 817 1927 873 fecto
1957 819 2110 887 longe
2140 818 2278 870 inter
2312 831 2369 870 se
2399 816 2649 870 differunt
2677 816 2839 879 Beda,
2871 815 3032 868 etiam
3061 813 3352 884 suppositi-

1784 908 1909 969 tins,
1938 916 1993 960 et
2017 907 2164 969 Ado;
2196 905 2384 960 saltem
2417 915 2641 966 tantum,
2674 914 2733 958 ut
2762 905 2976 972 utrique
3014 903 3153 956 idem
3190 903 3353 956 index

1785 1006 1878 1050 aut
1927 995 2304 1049 Kalendarium
2363 1010 2468 1048 non
2515 995 2816 1049 conveniat.
2856 992 2960 1046 Sed
3009 1007 3183 1060 neque
3225 989 3355 1042 illud

1785 1087 1918 1140 satis
1949 1085 2122 1154 capio,
2168 1100 2271 1152 qua
2310 1084 2524 1138 denmm
2554 1083 3016 1136 verisimilitudine
3051 1080 3354 1134 Romanum

1785 1190 2029 1244 parvum,
2060 1182 2313 1241 tanquam
2340 1173 2537 1225 Adonis
2560 1171 2940 1225 Kalendarium
2964 1169 3287 1231 venditetur,
3310 1169 3353 1222 si

1786 1274 1981 1317 certum
2009 1262 2316 1324 ostenditur,
2353 1262 2407 1313 in
2449 1261 2628 1312 multis
2663 1275 2778 1311 cum
2818 1257 3000 1310 Adone
3035 1272 3139 1310 non
3179 1273 3360 1309 conue-

1787 1354 1918 1415 nire,
1949 1354 2002 1404 in
2029 1351 2288 1420 aliquibus
2317 1351 2642 1404 exuberare?
2683 1348 2738 1401 Si
2774 1347 2932 1402 index
2961 1354 3053 1400 aut
3091 1345 3360 1400 Kalenda-
3384 1375 3390 1385 -

1789 1443 1926 1498 rium
1971 1457 2092 1495 cum
2134 1456 2295 1510 opere
2342 1455 2444 1493 non
2490 1439 2758 1501 convenit,
2799 1437 2977 1506 operis
3016 1435 3157 1489 illius
3193 1435 3359 1488 index

1788 1544 1880 1589 aut
1935 1533 2312 1588 Kalendarium
2364 1531 2467 1584 dici
2518 1531 2736 1583 omnino
2780 1527 2982 1596 nequit,
3031 1542 3135 1581 non
3189 1525 3362 1594 magis

1789 1639 1950 1694 qualn
1975 1622 2352 1675 Kalcndarinm
2377 1619 2574 1674 Missali
2601 1619 2843 1673 Romano
2863 1617 3160 1686 praefixum,
3187 1615 3360 1684 aptari

1789 1715 1956 1784 possit
1982 1712 2231 1781 Liturgiac
2256 1710 2599 1773 Graecanica},
2627 1718 2719 1762 ant
2742 1709 2993 1775 Copticze.
3020 1706 3248 1759 Nimiam
3272 1705 3360 1759 bic

109 1820 140 1854 ει
176 1816 288 1870 quo
318 1815 377 1855 se
405 1801 692 1869 plurimum
732 1801 970 1870 adjutum
1007 1801 1222 1855 fatetur.
1253 1799 1511 1863 Primum,
1543 1800 1685 1869 quod
1719 1790 1761 1847 Β
1789 1805 1947 1859 video
1973 1805 2229 1858 minutias
2248 1803 2474 1872 quisque
2499 1800 2800 1855 excutiendi
2823 1799 3054 1867 indeque
3073 1794 3364 1864 argutandi

109 1909 181 1946 ex
210 1893 384 1946 tribus
408 1892 642 1961 antiquis
664 1892 958 1956 codicibus,
981 1892 1177 1962 quibus
1205 1891 1534 1960 Rosvveydus
1561 1887 1688 1945 usus

110 1995 215 2047 est,
249 1985 304 2038 in
339 1999 445 2036 uno
481 1994 686 2037 tantum
732 1985 994 2039 invenerit
1030 1984 1201 2038 Adoni
1247 1984 1547 2054 praefixum,
1603 1984 1686 2037 cui

112 2075 293 2144 potius
325 2083 576 2143 tanquam
605 2073 983 2129 Kalendarium
1007 2075 1207 2145 prteﬁgi
1239 2075 1490 2143 potuerit,
1513 2084 1569 2129 et
1597 2092 1689 2129 cu-

108 2166 200 2233 jus
227 2165 502 2234 specimen
534 2178 721 2218 revera
757 2179 859 2218 non
910 2165 1263 2234 incongruum
1294 2165 1528 2218 exhibet.
1564 2163 1692 2218 Inde

115 2253 478 2323 Rosweydum
499 2253 755 2323 exagitat,
781 2255 920 2324 quod
947 2256 1213 2323 putaverit
1231 2255 1469 2310 Adonem
1497 2257 1692 2325 ubique

117 2344 361 2414 vestigiis
389 2343 618 2398 Romani
656 2345 856 2399 veteris
882 2345 1148 2409 insistere,
1185 2360 1306 2398 cum
1334 2361 1399 2398 ex
1433 2345 1565 2399 locis
1599 2346 1694 2398 ad-

121 2434 325 2486 notatis
353 2442 556 2487 certum
585 2433 850 2498 ostendat,
882 2433 1186 2488 Romanum
1215 2434 1341 2488 illud
1384 2435 1690 2502 putatitium

126 2523 182 2578 in
227 2523 408 2577 multis
449 2538 563 2578 cum
610 2524 798 2579 Adone
840 2541 944 2580 non
987 2527 1297 2588 convenire,
1334 2527 1387 2580 in
1425 2526 1693 2595 aliquibus

122 2615 440 2668 exuberare.
477 2633 495 2664 ι
531 2613 584 2668 Si
609 2601 744 2668 nihil
768 2614 838 2668 ibi
867 2615 1063 2670 habeat
1089 2614 1388 2685 Saussayus
1414 2617 1555 2684 quod
1583 2614 1698 2670 for-

120 2704 229 2756 tius
260 2711 464 2772 urgeat,
487 2718 612 2756 vere
633 2705 866 2758 ostendit
890 2720 949 2760 se
976 2720 1038 2759 ea
1064 2704 1233 2758 solum
1259 2720 1421 2758 causa
1445 2705 1696 2776 Rosvvey-

121 2791 248 2845 dum
283 2793 518 2860 aggredi,
562 2801 622 2846 ut
657 2793 963 2848 Hilduinum
1012 2809 1166 2848 suum
1211 2802 1443 2847 tueatur.
1481 2795 1618 2861 Quid
1648 2795 1690 2848 si

120 2889 331 2950 decem,
360 2885 488 2955 quid
525 2887 568 2940 si
604 2887 788 2956 viginti
829 2889 1042 2942 codices
1069 2888 1378 2942 Adonianos
1410 2887 1695 2957 reperisset

117 2975 474 3047 Rosweydus,
524 2976 766 3030 Romano
809 2991 976 3046 parvo
1022 2991 1244 3040 vacuos,
1282 2986 1443 3045 atque
1485 2978 1536 3030 in
1579 2976 1696 3030 solo

118 3065 320 3133 aliquo,
344 3065 532 3118 ordine
551 3065 739 3134 quinto
759 3074 812 3120 et
838 3067 1111 3136 vigesimo,
1141 3066 1366 3121 feliciter
1392 3067 1691 3135 prmlixnm,

119 3170 188 3208 an
211 3130 374 3218 inde,
418 3130 665 3220 obsecro,
697 3130 920 3212 minoris
958 3156 1232 3211 faciendus
1267 3130 1410 3211 esset
1455 3167 1561 3211 tam
1603 3130 1692 3211 diu
1721 3130 1766 3192 Ο

117 3247 401 3317 expetitus.
437 3247 618 3301 tandiu
655 3245 991 3302 desideratus
1039 3247 1358 3302 thesaurus?
1382 3249 1463 3301 An
1498 3247 1693 3302 minori

118 3338 454 3392 eruditorum
493 3339 734 3392 omnium
785 3337 1041 3408 applausu
1087 3337 1281 3406 ubique
1325 3347 1578 3406 acceptus
1611 3346 1696 3392 est

117 3431 289 3495 Beda,
318 3445 348 3483 a
385 3429 677 3500 Maioribus
707 3430 904 3484 nostris
930 3429 1124 3490 editus,
1165 3429 1378 3483 tametsi
1404 3438 1696 3494 contextus

118 3519 213 3573 ille
252 3534 282 3572 a
311 3519 552 3572 centenis
588 3519 861 3573 codicibus
893 3519 1146 3583 abfuerit,
1185 3518 1238 3572 in
1267 3533 1374 3572 uno
1402 3518 1574 3573 solum
1603 3528 1697 3572 aut

118 3613 316 3676 altero,
354 3612 461 3666 imo
489 3612 543 3666 in
572 3611 781 3666 duabus
809 3610 1019 3666 laciniis
1046 3610 1287 3665 Romana
1313 3611 1500 3676 altera,
1527 3611 1696 3666 altera

117 3702 433 3756 Divionensi
471 3710 735 3770 repertus.

191 3795 280 3849 98.
314 3795 450 3848 Edat
487 3794 638 3848 nobis
669 3795 826 3848 modo
855 3793 1047 3863 aliquis
1083 3802 1162 3849 tot
1201 3794 1419 3849 latentia
1449 3795 1698 3864 antiquo-

119 3901 242 3938 rum
270 3901 454 3954 opera,
485 3885 566 3938 vel
597 3886 641 3938 si
670 3901 699 3938 a
729 3885 960 3940 millenis
985 3885 1105 3940 aliis
1126 3886 1400 3940 codicibus
1429 3885 1698 3940 abfuerint

119 3978 247 4032 faxo
277 3985 334 4030 et
381 3985 655 4046 gratanter
693 3986 749 4031 et
786 3977 1042 4032 benevole
1078 3977 1147 4031 ab
1187 3978 1416 4031 eruditis
1450 3977 1700 4031 omnibus

121 4067 497 4128 admittantur,
528 4067 571 4119 si
603 4066 748 4120 nullo
777 4066 882 4121 alio
910 4075 1267 4136 praeterquam
1297 4067 1537 4120 raritatis
1569 4065 1699 4118 vitio

120 4157 389 4210 laborent.
423 4156 636 4210 Scimus
665 4157 730 4210 ab
758 4157 974 4226 Aloysio
1001 4166 1121 4224 post
1149 4155 1361 4224 longam
1386 4156 1696 4209 molestam-

119 4263 230 4317 que
259 4247 702 4317 perquisitionem
733 4258 1003 4316 repertum
1037 4261 1156 4300 esse
1194 4246 1396 4298 Adonis
1425 4245 1700 4314 exemplar

121 4337 362 4406 aliquod.
387 4339 441 4390 in
466 4337 616 4407 cujus
638 4339 1047 4401 comparatione,
1067 4351 1216 4389 omne
1233 4350 1422 4386 aurum
1445 4334 1574 4387 nihil
1591 4351 1700 4388 esse

118 4430 295 4482 duxit.
327 4427 470 4483 Cedo
513 4429 596 4482 cui
639 4429 841 4483 homini
889 4428 941 4480 iu
974 4433 1209 4480 mentem
1245 4425 1474 4487 venerit,
1503 4425 1699 4478 editio-

1790 1895 2139 1964 prurigincm,
2169 1893 2257 1946 ubi
2291 1890 2658 1954 moderatiori,
2687 1897 2741 1944 et
2768 1887 3170 1942 accommodata
3203 1887 3364 1940 rebus

1792 1987 1920 2056 ipsis
1958 2001 2183 2038 censura
2212 1994 2291 2037 est
2315 1999 2468 2053 opus.
2504 1983 2698 2036 Demus
2727 1981 2927 2050 aliquid
2957 1978 3194 2045 antiquis
3215 1977 3377 2030 codi-A

1791 2078 1967 2139 cibus,
2010 2076 2380 2142 fateamurque
2423 2089 2544 2128 cum
2592 2072 2942 2132 Florentiuio,
2987 2085 3171 2124 sacras
3222 2069 3374 2138 ipsas

1792 2169 2045 2231 Tabulas,
2073 2177 2132 2220 ut
2159 2165 2614 2228 Sacramentaria,
2650 2163 2932 2234 Diptycha,
2964 2159 3364 2231 Martyrologia,

1791 2273 1896 2311 non
1938 2257 2178 2326 potuisse
2211 2255 2276 2309 ad
2323 2270 2420 2310 nos
2456 2263 2564 2308 tam
2598 2254 2802 2321 integra
2845 2251 3148 2320 pervenire,
3185 2258 3245 2302 ut
3271 2263 3370 2319 per

1790 2364 2056 2403 summam
2108 2345 2440 2400 notariorum
2476 2353 2569 2398 aut
2601 2340 3007 2397 amanuensium
3039 2337 3366 2393 ecclesiasti-

1792 2453 1978 2493 cnrum
2008 2436 2294 2498 incuriam,
2337 2443 2430 2488 aut
2462 2440 2728 2492 truncata,
2771 2439 2860 2482 aut
2904 2426 3226 2496 interpolata
3261 2438 3368 2477 non

1792 2531 1932 2592 sint;
1967 2530 2102 2581 adeo
2130 2535 2189 2580 ut
2215 2527 2282 2580 ad
2307 2525 2611 2594 rigidiorem
2642 2523 2865 2577 criticen
2891 2520 2942 2573 id
2969 2533 3136 2588 genus
3154 2516 3370 2571 codices

1792 2635 2066 2681 revocare,
2115 2619 2256 2673 idem
2296 2617 2366 2670 sit
2394 2631 2460 2669 ac
2487 2629 2581 2669 eos
2627 2627 2793 2682 prope
2831 2608 3154 2672 convellere,
3181 2620 3371 2676 quem-

1793 2712 2078 2766 admodum
2146 2709 2199 2763 in
2252 2706 2526 2761 codicibus
2572 2704 2686 2758 suis
2748 2697 3182 2770 Hieronymianis
3235 2695 3371 2750 satis

1792 2811 2047 2871 expertus
2071 2809 2155 2854 est
2191 2797 2572 2859 Florentinius,
2603 2804 2658 2850 et
2687 2792 2849 2848 nimis
2876 2805 3036 2859 quam
3060 2787 3374 2858 frequenter

1793 2892 2166 2961 experiuntur,
2181 2890 2271 2958 qui
2293 2887 2506 2942 codices
2525 2885 2798 2953 antiquos,
2816 2878 3114 2952 prmsertim
3133 2876 3371 2938 usuales,

1793 2991 1853 3038 ut
1887 2991 2011 3037 sunt
2035 2978 2436 3050 Martyrologia,
2466 2975 2664 3044 saepius
2690 2980 2930 3028 versant.

1867 3073 1991 3127 100.
2020 3071 2181 3124 Multa
2209 3069 2494 3123 Mosander
2521 3066 2571 3120 in
2601 3079 2698 3119 sua
2727 3061 2931 3116 Adonis
2961 3058 3200 3113 editione
3231 3064 3375 3108 aste-

1797 3167 1939 3222 risco
1967 3171 2269 3228 notaverat,
2297 3171 2550 3230 tanquam
2577 3155 2783 3211 auctori
2809 3150 3192 3222 abjudicanda;
3218 3147 3372 3217 plura

1796 3262 1848 3316 in
1892 3258 2240 3328 appendicem
2279 3255 2536 3323 reiecerat
2560 3247 2892 3318 Rosvveydus
2924 3262 2938 3298 :
2971 3243 3063 3298 sed
3103 3255 3229 3296 ecce
3260 3239 3374 3292 Ma-

1795 3349 1944 3411 bilio,
1994 3350 2159 3402 citan
2197 3343 2484 3416 jamlloco,
2524 3340 2782 3409 pleraque
2821 3331 3150 3390 restituenda
3189 3337 3371 3399 putat;

1795 3439 1898 3492 alia
1933 3451 2081 3498 vero,
2109 3450 2229 3504 qua:
2256 3433 2342 3485 alii
2381 3431 2612 3498 genuina
2653 3433 2998 3486 censuerant,
3033 3423 3101 3476 ab
3133 3421 3378 3486 interpo-

1795 3527 1964 3580 latore
1991 3522 2344 3588 inserta.Qu:c
2361 3535 2427 3575 eo
2447 3518 2619 3574 solum
2650 3518 2753 3570 huc
2773 3513 3108 3570 adducimus,
3124 3518 3182 3562 ut
3197 3513 3379 3576 pateat

1795 3620 1885 3673 vix
1917 3615 2226 3672 humanitus
2251 3611 2365 3666 fieri
2394 3625 2572 3681 posse,
2596 3618 2652 3660 ut
2680 3605 2812 3660 tales
2840 3603 3054 3656 codices
3080 3599 3146 3650 ad
3179 3612 3276 3649 nos
3299 3595 3378 3647 in-

1799 3707 1930 3778 tegri
1965 3704 2316 3776 perveniant;
2359 3699 2502 3770 quod
2548 3697 2600 3751 in
2643 3695 2745 3750 hac
2786 3701 2968 3746 nostra
3000 3685 3226 3743 Usuardi
3253 3683 3376 3778 edi-

1798 3775 1943 3852 tione
1968 3775 2166 3850 diebus
2208 3807 2377 3862 prope
2412 3787 2634 3859 singulis
2671 3784 2936 3840 usuvenit.
2979 3779 3121 3834 Nihil
3151 3775 3377 3847 proinde

1799 3887 1922 3942 miri
1950 3887 2072 3948 erit,
2115 3883 2159 3938 si
2201 3884 2251 3936 in
2296 3882 2539 3935 Romano
2586 3891 2752 3949 parvo
2797 3873 2974 3928 addita
3022 3871 3221 3939 aliqua,
3269 3867 3372 3920 alia

1800 3977 1926 4032 hinc
1951 3973 2074 4028 inde
2100 3973 2340 4027 detracta
2369 3970 2585 4030 fuerint,
2614 3963 2859 4035 quamvis
2888 3960 2938 4013 id
2971 3973 3094 4012 raro
3115 3956 3377 4012 accidisse

1801 4065 2332 4135 deprehenderimus.
2359 4059 2636 4128 Quomodo
2658 4057 2820 4126 igitur
2840 4054 3012 4106 adhuc
3032 4051 3195 4120 magis
3219 4065 3379 4118 oppu-

1799 4165 1960 4226 gnant
2004 4154 2271 4221 Rosweydi
2303 4149 2684 4204 Kalendarium
2721 4146 2829 4198 dies
2858 4144 3149 4213 frequentes
3179 4157 3211 4191 a
3236 4155 3380 4192 mar-

1802 4247 2000 4317 tyribus
2026 4245 2216 4299 vacui?
2245 4242 2380 4296 Vere
2393 4239 2646 4294 obtundit
2673 4237 2994 4304 Saussayus.
3022 4230 3379 4284 Numeremus

1801 4338 2034 4407 primum
2070 4345 2202 4406 quot
2235 4335 2349 4388 dies
2390 4334 2441 4386 in
2472 4332 2716 4384 Romano
2742 4340 2909 4395 parvo
2953 4322 3105 4376 vacui
3143 4320 3276 4381 sint,
3322 4327 3378 4372 et

1805 4429 2062 4483 subducta
2115 4426 2342 4486 ratione,
2392 4422 2701 4476 universum
2748 4413 3079 4484 reperiemus
3130 4418 3377 4477 septem;

119 4535 246 4573 nem
277 4519 394 4589 ejus
420 4521 762 4589 redarguere,
794 4519 936 4588 quod
959 4518 1072 4572 sola
1094 4527 1151 4571 et
1169 4516 1341 4586 prima
1373 4517 1557 4570 esset?
1582 4515 1700 4571 Alia
1727 4487 1778 4545 Β
1808 4518 2061 4592 nimirum
2098 4530 2243 4568 xxv"
2292 4510 2591 4572 Februarii,
2633 4521 2762 4560 xxiv
2803 4501 3020 4571 Aprilis,
3040 4514 3190 4592 xxtn
3230 4496 3378 4592 biaii,

119 4608 370 4676 exempla
413 4610 614 4678 magis,
660 4607 743 4660 vel
790 4609 965 4662 minus
1006 4607 1212 4676 integra
1268 4606 1400 4659 vidit
1440 4604 1696 4672 Mabilio,

120 4698 380 4751 viderunt
424 4696 536 4761 alii,
585 4712 614 4750 a
663 4697 859 4766 quibus
893 4697 1055 4750 etiam
1081 4695 1222 4750 forte
1269 4695 1458 4748 aberat
1502 4694 1700 4750 Roma-

120 4803 255 4841 num
303 4801 561 4855 parvum,
609 4787 718 4840 imo
763 4787 878 4856 ipsa
917 4784 1120 4839 Adonis
1158 4783 1434 4854 praefatio;
1480 4798 1581 4840 nec
1621 4796 1700 4838 ta-

120 4893 250 4931 men
297 4878 436 4930 inter
484 4877 724 4931 eruditos
758 4877 898 4930 ullus
941 4891 1006 4930 ex
1061 4891 1126 4930 eo
1171 4877 1348 4944 capite
1390 4887 1698 4946 suspectum

123 4969 338 5033 habuit,
369 4970 511 5037 quod
544 4979 652 5022 tam
683 4967 908 5022 feliciter
943 4968 1060 5023 orbi
1094 4968 1358 5022 litterario
1386 4975 1705 5034 porrexerat

121 5060 477 5131 Bosweydus.
527 5060 698 5126 Quid,
743 5061 884 5129 quod
929 5067 1156 5113 testetur
1195 5057 1444 5112 laudatus
1489 5057 1704 5112 Mabilio

124 5151 340 5206 Smculo
366 5167 417 5204 ιν
439 5151 810 5215 Benedictino,
842 5159 995 5219 parte
1021 5166 1080 5210 ιι,
1118 5165 1239 5219 pag.
1273 5149 1400 5213 272,
1442 5150 1498 5203 in
1540 5148 1705 5218 pluri-

121 5242 244 5305 bus,
271 5255 388 5310 qua:
418 5239 540 5294 vidit
562 5239 711 5293 istius
737 5238 1098 5309 Martyrologii
1125 5237 1372 5307 (Adonis)
1395 5239 1708 5309 exemplaria

122 5334 222 5385 bus
253 5348 412 5385 manu
439 5331 686 5394 exaratis,
718 5347 820 5384 non
851 5347 1147 5401 comparere
1173 5330 1372 5383 Adonis
1396 5347 1611 5394 nomen;
1638 5347 1705 5385 an

123 5425 254 5478 inde
300 5424 527 5476 fortasse
563 5424 727 5476 etiam
782 5431 971 5493 arguet
1021 5422 1345 5493 Saussayus,
1395 5421 1710 5492 Martyrolo-

121 5517 297 5587 gium,
324 5515 464 5584 quod
490 5513 692 5569 Adonis
719 5515 937 5569 nomine
967 5515 1127 5577 venit,
1156 5529 1438 5584 perperam
1469 5515 1518 5568 ei
1555 5514 1709 5568 attri-

121 5609 240 5672 bui,
272 5609 395 5677 quia
427 5609 478 5661 in
512 5607 692 5664 multis
717 5607 1132 5678 exemplaribus,
1163 5607 1362 5662 Adonis
1392 5625 1575 5662 nomen
1606 5625 1708 5662 non

123 5712 388 5772 comparet
410 5704 432 5754 7

1809 4586 1902 4662 vni
1922 4605 2084 4666 Junii,
2112 4619 2178 4656 xv
2202 4600 2466 4660 Octobris,
2494 4613 2563 4651 xx
2589 4593 2835 4652 Octobris
2855 4599 2910 4645 et
2928 4605 3018 4642 xvi
3039 4586 3377 4642 Novembris.

1808 4700 1982 4766 Atque
2010 4697 2062 4749 bi
2087 4703 2215 4748 sunt
2239 4691 2527 4762 frequentes
2553 4688 2624 4741 illi
2650 4687 2760 4739 dies
2789 4702 2820 4737 a
2849 4679 3164 4750 martyribus
3193 4677 3384 4732 uacui?

1809 4787 2014 4856 Ecquid
2064 4782 2306 4837 terminis
2347 4778 2494 4833 abuti
2538 4783 2771 4846 oportet,
2821 4781 2882 4826 ut
2923 4771 3065 4825 inter
3111 4776 3384 4822 trecentos

1809 4877 2086 4947 sexaginta
2121 4873 2356 4942 quinque
2393 4870 2529 4932 dies,
2569 4864 2941 4923 deﬁcientibus
2981 4859 3112 4916 solis
3153 4866 3381 4928 septem,

1806 4983 2146 5034 vnequsnrss
2174 4967 2423 5020 dicantur
2445 4961 2717 5017 deficere?
2746 4961 2814 5012 At
2842 4958 3005 5021 enim,
3032 4956 3076 5010 si
3107 4962 3253 5008 recte
3281 4953 3386 5007 hoc

1806 5066 2180 5129 argumentum
2224 5055 2564 5124 expenditur,
2609 5065 2717 5120 quo
2762 5047 3154 5118 frequentiores
3183 5041 3388 5096 fuerint

1807 5151 1862 5206 in
1889 5151 2131 5205 Romano
2160 5161 2326 5216 parvo
2354 5145 2470 5199 dies
2500 5143 2675 5203 vacui,
2703 5157 2768 5194 co
2807 5139 2985 5193 minus
3023 5133 3254 5205 speciem
3294 5147 3384 5184 re-

1807 5241 1948 5296 feret
1985 5238 2248 5314 Adoaiani
2283 5234 2615 5297 Kalendarii,
2651 5240 2712 5286 ut
2750 5237 2904 5284 vocat
2933 5227 3258 5294 Saussayus,
3294 5227 3388 5274 aut

1810 5335 2100 5390 Adonianm
2126 5331 2391 5400 epitomes,
2422 5325 2633 5397 qualem
2661 5323 2810 5393 fingit
2835 5315 3219 5374 Florentinius.

1882 5423 2001 5478 iOl.
2024 5422 2194 5475 Instat
2216 5419 2520 5487 Saussayus
2543 5433 2556 5469 :
2581 5433 2599 5464 t
2621 5414 2679 5468 Si
2701 5411 2818 5466 Ado
2841 5410 2897 5465 in
2913 5402 3251 5479 przeilgendis
3272 5401 3386 5456 die-

1809 5515 1911 5570 bus
1937 5512 2106 5576 l‘estis,
2136 5510 2274 5564 male
2301 5507 2536 5577 alioquin
2562 5521 2660 5575 per
2686 5500 2926 5572 singulos
2952 5498 3069 5552 dies
3106 5510 3170 5549 ac
3194 5491 3389 5546 Kalen-

1812 5608 1908 5660 das
1933 5601 2230 5672 dispositis,
2272 5599 2372 5653 hoc
2404 5597 2660 5668 (Romana
2687 5589 2869 5663 parvo)
2895 5603 3026 5643 usus
3062 5592 3226 5646 esset,
3264 5596 3387 5634 cum

1815 5707 1870 5751 ct
1896 5696 1948 5751 in
1977 5709 2041 5748 co
2070 5691 2232 5761 aliqui
2268 5691 2381 5745 dies
2413 5689 2726 5751 deficerent,
2764 5697 2872 5740 non
2901 5679 3083 5750 utique
3112 5675 3310 5731 Bedam
3335 5680 3390 5727 et
