3936 6348
97 359 231 416 513

1490 343 2018 400 ΡΙῖΟῐλΕὒΟΜΕΝᾹ.

3274 347 3380 403 ιιι

107 478 333 534 Adonis
381 483 526 530 textu
555 514 569 536 ,
618 471 877 526 asterisco
920 477 1106 523 notare
1148 467 1338 521 solitus
1361 508 1374 526 .
1425 477 1545 534 qua:
1595 465 1694 532 ipsi
1728 473 1773 526 Α
1797 464 1825 527 §
1851 465 1910 514 ll.
1939 491 1995 502 —-
2019 467 2274 518 Dlinuntur
2307 481 2367 519 ea
2393 481 2502 530 qua:
2534 467 2806 529 speciosius
2829 466 2998 527 objicit
3031 467 3377 518 Florentinius.

109 559 379 637 suspecta
421 564 758 618 videbantur».
801 562 1002 626 Quarti.
1027 601 1041 622 ,
1086 556 1268 627 fingit,
1315 557 1500 610 nescio
1543 570 1702 624 quem

109 661 374 715 codicem
407 654 654 710 monachi
686 651 1040 712 Benedictini,
1084 650 1173 718 qui
1215 664 1334 702 cum
1372 648 1552 700 tribus
1586 646 1705 698 aliis

107 747 357 802 editioni
380 744 607 800 Romani
633 742 782 812 parvi
806 740 1076 804 servierit,
1098 754 1221 792 cum
1246 739 1444 792 diserte
1473 737 1706 790 fateatur

117 837 509 907 Bosvveydus,
569 850 626 888 se
676 822 845 886 tribus
896 831 1068 884 solum
1116 829 1397 883 codicibus
1445 843 1598 880 usum
1647 827 1704 904 in

117 929 348 984 edendo
387 927 590 989 Adone,
621 940 652 978 a
695 938 920 994 quorum
949 921 1156 975 duobus
1186 922 1372 973 aberat
1407 919 1704 972 Romanum

109 1036 291 1072 suum
337 1027 490 1071 vetus
529 1014 700 1068 Adoni
742 1011 1036 1082 prtuiixum.
1085 1009 1156 1064 Ut
1195 1011 1363 1063 verbo
1409 1009 1703 1072 absolvam,

123 1121 249 1163 tota
273 1125 334 1162 ea
364 1107 625 1162 Beckiana
653 1105 919 1166 machina,
949 1103 1091 1162 ficta,
1124 1100 1292 1155 futilis
1314 1111 1368 1154 et
1397 1100 1575 1153 inanis
1597 1107 1702 1159 est,

111 1199 223 1252 cui
269 1195 758 1256 conrrniniscendm,
789 1193 993 1245 utinam
1040 1191 1138 1244 viri
1173 1190 1305 1243 alias
1333 1188 1704 1250 eruditissimi,

117 1289 380 1357 mihique
406 1286 718 1347 venerandi,
760 1282 910 1337 falsis
955 1281 1280 1352 praejudiciis
1308 1280 1538 1349 abrepti,
1563 1281 1706 1334 viam

117 1397 247 1436 non
277 1376 812 1449 prmmonstrassent‘.

211 1470 337 1524 106.
378 1468 559 1521 Redeo
586 1467 650 1520 ad
679 1463 1094 1527 Florentiniu‘m,
1119 1462 1196 1516 ita
1228 1461 1384 1514 telam
1413 1461 1710 1530 Saussaya-

131 1577 267 1616 nam
317 1567 685 1627 pertexentem
717 1573 731 1607 :
766 1574 785 1605 ι
819 1552 1111 1614 Postremo,
1159 1551 1353 1620 inquit,
1403 1549 1707 1620 Rosweydi,

136 1653 255 1706 sive
305 1645 778 1716 Martyrologium,
826 1643 939 1697 sive
982 1641 1383 1702 Kalend-arium,
1431 1639 1560 1693 illud
1604 1655 1708 1693 non

127 1760 263 1800 esse
297 1759 326 1796 a
356 1741 586 1794 Baronio
613 1738 973 1792 desideratum
1005 1736 1195 1804 probat
1223 1733 1538 1803 Saus‘sayus.
1574 1750 1592 1783 ι
1627 1730 1708 1784 An

1799 583 1802 586 ·
1882 558 2001 613 108.
2023 559 2280 631 Superest
2297 562 2455 616 nobis
2479 576 2598 615 cum
2623 560 2740 630 ipso
2753 560 3081 615 Florentinio
3097 571 3383 614 eontrover

1803 651 1907 713 sia,
1948 649 1999 703 in
2030 667 2133 720 qua
2163 651 2498 705 discutienda
2522 651 2743 705 veniunt
2768 665 2887 720 qua:
2917 650 3150 705 Joannes
3181 650 3382 704 Fronto

1807 758 1912 794 non
1939 742 2010 794 ita
2035 742 2241 810 pridem
2257 743 2554 797 decretoria
2578 743 2759 811 potius
2772 742 3039 796 sententia
3055 741 3381 794 determina-

1805 842 1978 896 verat,
2003 849 2159 899 quam
2185 833 2367 886 solidis
2385 832 2716 901 argumentis
2729 826 3001 901 probarat,
3018 831 3385 886 Florentinius

1795 933 1964 984 vero,
2009 920 2254 975 adductis
2299 922 2632 984 rationibus,
2675 921 3003 990 SpBClO’SLllS,
3033 920 3124 974 sed
3160 936 3257 989 pro
3284 921 3384 974 viri

1805 1013 2102 1066 doctissimi
2136 1029 2304 1076 more,
2335 1028 2542 1066 summa
2574 1028 2696 1067 cum
2733 1013 3017 1075 modestia,
3059 1025 3126 1065 ex
3155 1009 3384 1064 Romam

1805 1101 1959 1168 parvi
2003 1107 2057 1153 et
2103 1101 2307 1155 Adonis
2358 1102 2424 1155 ad
2477 1101 2705 1155 invicem
2769 1099 3052 1155 collatione
3101 1099 3388 1153 ostendere

1803 1197 2053 1243 conatur.
2099 1188 2260 1243 Juvat
2299 1204 2370 1243 ex
2420 1189 2608 1244 ordine
2649 1190 2860 1259 singula
2905 1189 3023 1258 ejus
3070 1196 3388 1256 argumenta

1809 1278 2133 1344 expendere.
2153 1277 2231 1330 lta
2255 1277 2637 1347 prosequitur:
2661 1295 2679 1328 ι
2708 1275 2905 1331 Verum
2933 1277 3091 1331 sicuti
3118 1277 3390 1346 Saussayo

1809 1365 1967 1420 facile
1995 1369 2344 1421 concederem
2367 1408 2380 1432 ,
2408 1367 2695 1438 Rosweydi
2727 1378 3090 1435 nuncupatum
3120 1367 3388 1437 Martyro-

1810 1462 2044 1531 logium,
2099 1477 2202 1515 non
2239 1476 2362 1516 esse
2411 1473 2562 1516 vetus
2610 1462 2911 1516 Romanum
2952 1476 2981 1516 a
3019 1463 3083 1515 Ι).
3129 1462 3390 1529 Gregorio

1806 1553 2136 1616 indicatum,
2167 1562 2222 1606 et
2263 1570 2290 1606 a
2329 1552 2560 1608 Baronio
2602 1555 2896 1623 eXpetitum
2945 1571 2957 1607 :
3002 1555 3072 1608 ita
3119 1569 3184 1608 ex
3235 1553 3393 1609 Beda:

1807 1642 2124 1712 Hagiologio
2145 1653 2478 1697 contractum
2504 1659 2840 1714 nequaquam
2865 1647 3247 1708 consentirem,
3267 1660 3390 1698 cum

1812 1734 1994 1802 potius
2015 1750 2080 1788 ex
2104 1735 2310 1796 Adone,
2339 1735 2636 1790 conferenti
2667 1738 2862 1805 cuique
2883 1749 3196 1805 excerptum
3223 1736 3391 1790 videri

139 1834 277 1888 satis
326 1839 500 1892 recte,
543 1840 653 1881 "non
701 1826 949 1879 examino
973 1803 1158 1887 ,irum
1209 1832 1391 1877 nostra
1441 1823 1532 1876 hic
1578 1821 1710 1874 nihil
1744 1803 1786 1858 Β
1816 1824 2250 1892 compendiosius
2281 1823 2660 1879 Kalendarium
2692 1827 2911 1880 omnino
2948 1829 3134 1896 possit.
3173 1827 3391 1882 Contuli

133 1919 399 1982 intersit,
448 1916 562 1969 sive
609 1928 897 1984 magnum,
942 1913 1055 1966 sive
1101 1927 1323 1981 parvum
1367 1910 1668 1964 Ronmnum
1695 1949 1710 1973 ,

141 2025 370 2081 magnus
404 2006 689 2061 Annalium
721 2005 1216 2060 ecclesiasticarum
1247 2005 1479 2073 scriptor
1504 2004 1712 2072 expeti-

138 2101 317 2163 verit,
351 2099 511 2152 modo
539 2111 726 2150 verum
767 2105 993 2164 perstet,
1015 2095 1154 2148 illud
1192 2095 1429 2149 edidisse
1463 2095 1715 2163 Roswey-

144 2188 291 2250 dum,
322 2201 428 2254 quo
454 2198 514 2239 se
537 2184 776 2252 adjutum
804 2181 1004 2236 fatetur
1031 2183 1418 2252 Martyrologus
1451 2183 1718 2236 Viennen-

147 2277 267 2330 sis:
309 2293 328 2327 ι
361 2275 438 2328 Ne
476 2289 608 2328 vero
653 2271 955 2342 Saussayus
995 2272 1192 2340 aliquid
1243 2281 1530 2341 praetereat
1575 2272 1717 2339 quod

149 2380 361 2420 omnem
393 2364 594 2418 adimat
638 2363 1010 2416 auctoritatem
1042 2349 1323 2432 Rosvveydi
1371 2360 1716 2427 Kalendario,

146 2454 402 2522 idemque
440 2453 596 2507 nulla:
626 2453 965 2508 eertitudinis
998 2462 1091 2506 aut
1119 2454 1372 2522 ponderis
1413 2453 1718 2507 cod-icillum

153 2556 318 2605 esse,
363 2539 508 2594 futile
551 2542 855 2610 crassisque
897 2543 1090 2596 erratis
1141 2557 1446 2610 respersum
1496 2557 1718 2611 prorsus

142 2631 456 2694 concludat,
477 2630 615 2684 addit
639 2646 738 2700 pro
756 2632 1011 2685 coronide
1036 2632 1256 2686 ridicula
1279 2632 1440 2686 etiam
1475 2633 1717 2701 quaedam

142 2723 459 2787 continere;
495 2724 650 2792 idque
682 2739 747 2776 ex
778 2723 1045 2777 adnota‘tis
1073 2724 1138 2776 ad
1169 2738 1220 2777 vr
1257 2723 1378 2776 idus
1404 2723 1720 2778 Novembris

145 2812 377 2882 probare
426 2813 657 2867 nititur:
694 2813 772 2867 Eo
792 2813 907 2882 ipso
957 2812 1295 2884 [legendum,
1345 2814 1415 2868 Et
1459 2813 1594 2886 ipse]
1638 2814 1721 2867 die

142 2912 374 2972 quatuor
399 2901 798 2965 Coronatorum,
833 2923 849 2954 ο
881 2912 985 2956 etc.
1016 2903 1121 2958 Sed
1165 2903 1385 2958 ridicula
1431 2904 1517 2957 illa
1553 2904 1718 2968 clare,

147 2994 201 3047 ni
250 2991 422 3055 fallor,
469 2993 744 3056 solvimus,
778 2994 842 3046 ad
879 2995 1078 3047 dictum
1125 3009 1176 3047 vr
1222 2995 1339 3048 idus
1383 2993 1720 3057 Novembris,

145 3083 412 3150 solvitque
465 3083 550 3136 lric
593 3084 755 3137 etiam
797 3082 1200 3148 Florentinius,
1247 3093 1394 3139 recte
1434 3084 1721 3154 aliquando

144 3174 464 3236 observans,
486 3192 504 3223 ε
523 3173 714 3227 durum
737 3173 896 3228 nimis
909 3185 1212 3228 exactorem
1227 3189 1346 3230 esse
1361 3175 1720 3247 ‘Saussayum,

144 3271 206 3316 ut
255 3261 564 3332 Dionysium
608 3262 931 3328 Parisinum,
965 3264 1209 3317 eumdem
1241 3280 1362 3318 esse
1387 3280 1449 3318 ac
1478 3266 1719 3334 Areopa-

145 3352 315 3418 gitam
363 3351 634 3406 mordicus
681 3351 1015 3416 defenderet,
1045 3353 1186 3421 quod
1216 3368 1245 3405 a
1281 3354 1563 3424 Rosweydi
1612 3365 1719 3408 tam

148 3440 530 3510 Martyrologio
557 3453 716 3509 quam
749 3440 1204 3510 adnotatidnibus,
1231 3442 1472 3498 nonnihil
1503 3442 1721 3514 infringi
1812 3457 1817 3463 '

143 3530 491 3598 conjiciebat.
527 3551 546 3582 ι
1407 3550 1436 3610 7-
1535 3605 1540 3610 Ι

221 3621 349 3674 107.
388 3621 513 3675 Haec
535 3636 726 3691 nempe
749 3630 858 3675 tota
881 3621 1004 3676 mali
1034 3621 1216 3688 labes;
1241 3624 1342 3677 hac
1371 3609 1444 3677 ita
1473 3609 1722 3679 incensus

141 3709 457 3780 Saussayus
483 3751 497 3774 ,
549 3711 674 3765 dum
717 3711 890 3766 oculis
940 3713 1215 3768 emissitiis
1254 3715 1433 3768 Omnia
1475 3715 1720 3778 rimatur,

145 3799 402 3865 ridicula,
427 3803 626 3870 inepta,
655 3803 1144 3871 parachronismos,
1171 3811 1226 3857 et
1258 3805 1441 3858 nescio
1466 3819 1586 3874 qua:
1620 3805 1722 3858 alia

142 3887 208 3941 in
255 3887 494 3942 Rotttano
527 3905 692 3960 parvo
735 3906 794 3945 se
838 3893 1103 3961 reperisse
1129 3893 1492 3956 existimavit,
1527 3895 1578 3947 in
1617 3908 1725 3962 quo

143 3979 304 4048 prius
334 3982 528 4034 selecta
555 3989 609 4034 et
633 3994 795 4036 aurea
816 3983 995 4036 omnia
1026 3983 1340 4038 inseruerit:
1363 4002 1380 4034 ι
1409 3983 1725 4039 Heribertus

148 4077 328 4133 certe,
355 4071 582 4124 eximius
608 4071 718 4139 ipse
744 4071 869 4126 solis
898 4073 1176 4141 sapientia:
1219 4076 1431 4139 radius,
1463 4076 1571 4129 vivi
1603 4076 1724 4130 fidei

142 4159 320 4212 fontis
342 4159 559 4222 rivulus,
587 4161 808 4216 virentis
824 4159 1049 4227 justitia:
1068 4164 1262 4232 stipitis
1288 4180 1492 4230 ramus,
1507 4165 1726 4234 jamque

147 4248 277 4302 cmli
307 4247 586 4317 pulchrum
617 4260 671 4304 et
693 4259 948 4305 aeternum
981 4252 1148 4306 sidus.
1185 4271 1204 4304 ι
1239 4253 1465 4318 Amabo,
1500 4256 1589 4323 qui
1618 4265 1724 4310 tam

150 4335 264 4392 cito
303 4348 537 4395 mutatus
570 4349 655 4394 est
695 4341 842 4395 color
867 4343 1136 4417 Optimus?
1167 4341 1389 4398 Sincere
1416 4355 1468 4399 et
1501 4347 1727 4416 ingenue

1807 1913 2062 1982 equidem
2112 1913 2481 1983 cujuscunque
2527 1915 2730 1969 mensis
2777 1915 2866 1985 plu
2902 1916 3038 1970 imos
3070 1916 3216 1978 dies,
3244 1925 3298 1970 et
3324 1930 3391 1970 ex

1811 2005 2004 2059 iisdem
2053 2006 2118 2059 ab
2161 2004 2348 2059 Adone
2381 2007 2685 2074 excerptis,
2725 2021 2790 2059 ac
2824 2007 2878 2059 in
2911 2009 3186 2076 proprium
3234 2024 3392 2062 usum

1815 2094 1898 2148 vel
1939 2095 2237 2149 obscuriori
2261 2135 2275 2159 ,
2322 2094 2406 2147 vel
2435 2094 2658 2157 mutila,
2683 2095 2770 2148 vel
2815 2097 3101 2149 recentiori
3132 2096 3269 2167 stylo
3296 2097 3394 2151 de-

1816 2187 1992 2239 ductis
2013 2185 2169 2238 facile
2194 2185 2408 2256 agnovi,
2437 2200 2540 2238 non
2569 2186 2810 2238 ‘Adonem
2834 2199 2898 2239 ex
2922 2187 3024 2239 hoc
3046 2185 3391 2250 Kalendario,

1821 2285 2074 2344 tanquam
2099 2292 2165 2328 ex
2191 2275 2414 2343 antiquo
2434 2275 2762 2343 Aquileiensi
2780 2277 2987 2340 codice,
3016 2277 3066 2329 in
3081 2292 3233 2330 suum
3258 2261 3395 2329 Μέγα

1821 2365 2139 2436 tyaolagium
2185 2365 2555 2424 transtulisse,
2597 2366 2690 2418 sed
2726 2379 2757 2418 e
2806 2374 2994 2419 contra
3039 2366 3396 2420 recentiorem

1820 2457 2162 2522 scriptorem,
2180 2453 2302 2505 inde
2317 2468 2470 2506 suum
2489 2454 2780 2508 indicolum
2796 2456 3146 2525 compegisse.
3162 2475 3179 2507 ι
3200 2455 3399 2510 Sedulo

1810 2544 2074 2598 observes
2107 2542 2285 2603 velim,
2318 2541 2705 2595 Florentinium
2734 2557 2797 2596 ex
2825 2543 3102 2613 Saussayo
3127 2544 3397 2609 hausisse,

1819 2633 2106 2702 etpassim
2146 2646 2471 2701 supponere,
2514 2631 2818 2686 Romanum
2864 2647 3090 2703 parvum
3138 2634 3398 2703 scriptum

1821 2737 1961 2787 esse,
1987 2721 2182 2776 sarculo
2210 2736 2262 2774 χι
2285 2731 2629 2781 excurrente,
2662 2736 2768 2790 quo
2790 2723 3102 2792 pra’judicio
3138 2724 3397 2788 munitus,

1828 2813 1987 2868 facile
2014 2812 2116 2866 alia
2141 2813 2344 2881 colligit
2369 2828 2488 2881 qua:
2529 2813 2630 2881 ipsi
2661 2814 2988 2867 recentioris
3019 2816 3139 2885 styli
3172 2816 3398 2887 vestigia

1809 2905 2078 2976 praeferre
2135 2905 2437 2960 videantur.
2505 2903 2837 2974 Evagemus,
2891 2905 3110 2974 inquit,
3163 2924 3402 2977 compen-

1818 3000 1997 3063 diose,
2026 3000 2069 3053 si
2102 2999 2252 3061 libet,
2283 3015 2375 3067 per
2401 3013 2562 3051 unum
2605 3007 2695 3050 aut
2735 2997 2956 3052 alterum
2992 3016 3260 3052 mensem:
3294 3000 3403 3054 imo

1823 3104 1984 3152 vero,
2031 3098 2085 3142 ct
2129 3088 2376 3150 libenter,
2413 3103 2508 3155 per
2556 3096 2697 3142 totos
2744 3088 3063 3154 duodecim;
3111 3099 3158 3142 et
3206 3088 3404 3158 aliquot

1825 3180 2057 3248 signatos
2088 3177 2218 3240 dies,
2244 3193 2343 3247 ego
2366 3177 2486 3231 volo
2508 3191 2696 3232 omnes
2719 3186 2773 3232 et
2795 3178 3056 3248 singulos,
3085 3195 3201 3230 cum
3227 3178 3404 3233 Adone

1816 3279 1872 3323 et
1908 3279 2084 3322 nostro
2119 3268 2276 3320 simul
2303 3267 2658 3335 conferamus,
2690 3278 2743 3319 ut
2770 3269 3072 3320 assertionis
3100 3281 3201 3320 non
3233 3267 3405 3321 minus

1824 3361 2034 3422 veritas,
2066 3374 2221 3428 quam
2251 3359 2414 3410 nos'ri
2450 3357 2743 3410 retarderis
2773 3368 2902 3410 a’tas
2931 3365 3200 3426 appareat.

1898 3451 2018 3505 109.
2078 3451 2320 3506 Vitanda:
2367 3450 2700 3505 confusionis
2741 3451 2955 3521 gratia,
3004 3452 3118 3505 lucc
3170 3448 3236 3503 ad
3288 3465 3402 3504 rem

1817 3551 2064 3597 nostram
2094 3558 2150 3596 sc
2173 3541 2324 3610 jungi
2355 3542 2530 3611 cupio,
2557 3541 2802 3610 ultroque
2833 3557 3088 3596 concessa
3120 3541 3405 3610 quantavis

1819 3637 1983 3690 actate
2031 3633 2465 3704 llicronymiauis
2514 3633 2869 3701 apographis,
2903 3647 2999 3701 pro
3039 3633 3237 3700 quibus
3288 3632 3402 3700 ipse

1824 3725 1982 3778 unice
2010 3733 2232 3794 pugnat,
2264 3723 2361 3776 soli
2395 3723 2598 3776 Adonis
2619 3731 2672 3774 et
2702 3719 2926 3774 Romani
2952 3719 3102 3789 parvi
3132 3719 3402 3774 collationi

1826 3815 2038 3874 insisto,
2053 3822 2130 3876 ut,
2148 3823 2266 3866 uter
2291 3830 2357 3865 ex
2387 3813 2556 3866 altero
2571 3813 2791 3881 ceperit.
2811 3812 3093 3881 perspicue
3113 3811 3400 3865 elucescat.

1823 3905 2190 3960 Florentinius
2213 3906 2280 3957 ab
2311 3905 2426 3973 ipso
2447 3905 2630 3958 limine
2660 3905 2737 3958 sic
2761 3905 3108 3972 auspicatur:
3137 3902 3403 3973 Rosweydi

1828 3995 2302 4066 Martyrologium,
2353 3997 2627 4049 recentiori
2671 3994 2806 4060 ritu,
2847 4012 3004 4065 quant
3054 4003 3328 4058 nostrum,
3371 4013 3405 4048 α

1832 4087 2084 4142 Kalendis
2124 4085 2372 4140 Januarii
2411 4104 2606 4140 annum
2648 4086 2872 4140 orditur.
2903 4087 2995 4140 Sic
3026 4086 3203 4156 plane,
3235 4103 3267 4138 a
3294 4084 3406 4138 Ka-

1827 4177 1994 4232 lendis
2020 4177 2270 4231 Januarii
2300 4194 2495 4233 annum
2527 4178 2752 4241 orditur,
2781 4179 2873 4232 sed
2908 4177 3038 4233 inde.
3064 4179 3195 4233 nihil
3227 4179 3407 4234 minus

1828 4268 2194 4334 consequitur,
2246 4283 2408 4336 quam
2447 4267 2590 4335 quod
2621 4269 2940 4322 recentioris
2969 4270 3103 4322 ritus
3141 4270 3230 4322 sit.
3267 4269 3404 4323 Mul-

1829 4364 1939 4409 tum
1986 4354 2222 4420 laborat,
2271 4357 2366 4410 sed
2413 4355 2584 4410 ferme
2626 4355 2680 4410 in
2728 4373 2953 4419 vanum,
3004 4357 3404 4422 Florentinius,

143 4428 419 4482 edisseret
441 4428 571 4482 clar.
596 4428 949 4495 Castellanus,
976 4447 1011 4484 a
1045 4447 1149 4500 quo
1177 4447 1299 4486 cum
1328 4434 1570 4487 notitiam
1605 4435 1718 4488 libri

1829 4445 2213 4498 exercitatione
2235 4461 2330 4499 sua
2353 4445 2608 4510 secunda,
2632 4454 2688 4499 ut
2717 4447 2915 4499 rituum
2943 4445 3168 4500 istorum
3199 4462 3402 4503 annum

147 4517 303 4572 illius
318 4517 606 4590 Saossayni
629 4521 692 4573 de
714 4521 1068 4591 Scriptoribus
1090 4524 1319 4593 mysticis
1341 4540 1369 4578 a
1396 4524 1728 4580 Florentinio

145 4609 310 4663 citati
353 4610 704 4678 postulassem
744 4630 760 4668 :
800 4615 1037 4683 reposuit
1087 4615 1204 4680 ille,
1238 4631 1296 4670 se
1334 4617 1548 4685 quidem
1595 4632 1730 4686 opus

143 4697 290 4752 illud
318 4713 422 4751 non
453 4713 646 4765 nosse,
676 4710 731 4755 at
761 4702 860 4757 hoc
886 4704 1052 4772 probe
1077 4705 1239 4768 scire,
1270 4719 1430 4773 Opera
1474 4704 1730 4777 Saussayi

148 4789 340 4843 omnia
371 4788 590 4845 Parisiis
636 4791 688 4845 in
733 4807 941 4846 summo
965 4807 1086 4847 esse
1113 4794 1402 4861 vilipendio
1443 4794 1730 4864 (profonde

151 4877 490 4946 mésestime).
529 4879 619 4932 Ait
661 4889 942 4948 pmterea,
973 4881 1172 4951 grande.
1202 4882 1330 4935 illud
1361 4882 1727 4954 Martyrologii

149 4965 418 5021 Gallicani
439 4981 595 5035 opus,
625 4969 830 5023 duobus
854 4969 1212 5024 voluminibus
1240 4972 1570 5036 distinctum,
1601 4985 1732 5026 con-

152 5055 408 5123 temptim
435 5055 688 5125 appellari
719 5057 1008 5127 plaustrum
1040 5060 1453 5112 mendaciorum.
1483 5061 1729 5126 Demum,

151 5143 542 5200 Hilduinistam
571 5146 736 5201 fuisse
761 5149 1277 5216 pertinacissimum,
1306 5151 1448 5205 unde
1487 5151 1732 5218 religioni

152 5232 262 5286 sibi
295 5234 506 5289 duxerit
553 5234 656 5290 non
700 5239 960 5293 acerrime
993 5241 1272 5310 insurgere
1298 5241 1350 5293 in
1381 5241 1696 5310 opusculum
1716 5282 1730 5306 ,

151 5338 269 5394 quo
299 5323 607 5397 Dionysium
643 5337 931 5397 utrumque
960 5339 1068 5384 tam
1100 5342 1348 5386 accurate
1385 5333 1612 5387 alterum
1659 5336 1726 5389 ab

153 5416 334 5470 altero
377 5417 666 5472 discretum
697 5421 1028 5476 advertebat.
1060 5422 1357 5488 Nimirum,
1387 5427 1530 5479 nulla
1561 5426 1727 5495 ipsius

153 5507 442 5571 intererat,
472 5508 733 5578 quidquid
764 5511 963 5564 veritas
993 5519 1284 5580 pateretur,
1319 5517 1445 5567 dum
1476 5515 1724 5585 praejudi-

152 5593 260 5650 ciis
289 5595 345 5668 (ὰ
371 5611 451 5650 ses
475 5599 825 5668 entétements)
857 5603 1182 5656 contrariam
1208 5603 1522 5660 offenderet.
1552 5610 1723 5678 Atque

153 5686 310 5741 hisce
331 5687 661 5760 Saussayum
688 5705 754 5746 ex
786 5704 944 5745 arena
969 5691 1215 5760 iubemus
1241 5696 1521 5751 excedere.

1831 4534 2116 4589 inchoandi
2147 4535 2543 4603 antiquitatem,
2567 4552 2683 4598 seu,
2717 4544 2774 4588 ut
2804 4535 3002 4591 clarius
3029 4535 3235 4606 loquar,
3260 4540 3407 4608 prio-

1830 4623 2042 4675 ritatcm
2087 4622 2330 4676 alicunde
2383 4632 2570 4690 eruat,
2616 4625 2918 4693 nequedum
2967 4627 3102 4680 fixos
3156 4628 3407 4682 cardines

1828 4711 1987 4764 nobis
2013 4711 2312 4779 producere
2338 4713 2530 4780 potuit,
2557 4712 2623 4764 ad
2651 4728 2784 4782 quos
2818 4713 3077 4783 figendos,
3107 4729 3207 4770 nec
3234 4715 3407 4770 facilis

1832 4816 1982 4865 sane,
2016 4816 2116 4854 nec
2144 4802 2392 4869 expedita
2425 4803 2690 4856 sententia
2739 4811 2842 4856 est.
2894 4803 3176 4874 Utcunque
3221 4804 3404 4869 fuerit,

1835 4903 2150 4964 argumento
2192 4896 2258 4949 ad
2294 4896 2565 4950 hominem
2612 4896 2768 4966 plane
2815 4907 3148 4962 exarmatur,
3180 4901 3270 4968 qui
3319 4899 3407 4954 hic

1835 4983 2193 5054 Roswcydum
2223 4977 2486 5046 adoriiur,
2519 4983 2911 5052 Florentinius;
2944 5005 3066 5042 nam
3095 4991 3235 5058 quod
3266 4990 3408 5044 inter

1835 5073 2252 5145 Hieronymiana
2307 5073 2421 5142 ejus
2465 5079 2771 5147 apographa
2821 5077 3245 5134 vetustissimum
3291 5088 3404 5144 est,

1837 5165 2121 5232 scriptum,
2151 5173 2208 5217 ut
2235 5175 2463 5227 constat,
2493 5167 2591 5220 sub
2614 5167 2823 5221 initium
2853 5170 3033 5223 szecnli
3057 5170 3256 5233 octavi,
3281 5170 3407 5224 anni

1839 5256 1918 5308 sui
1957 5256 2092 5309 sacri
2126 5256 2320 5310 seriem
2365 5257 2526 5311 etiam
2570 5259 2753 5327 incipit
2789 5277 2816 5312 a
2849 5259 3102 5315 Kalendis
3130 5260 3406 5326 Januarii,

1837 5344 2085 5412 idemque
2129 5345 2255 5400 facit
2299 5339 2466 5412 Beda,
2497 5349 2829 5404 Willibrordi
2863 5351 3018 5419 plane
3045 5351 3404 5420 synchronus.

1835 5434 1911 5490 De
1939 5438 2114 5491 aetatis
2153 5440 2504 5510 praerogativa
2532 5456 2652 5494 cum
2685 5441 3147 5512 Hieronymianis,
3177 5442 3404 5498 nullate-

1834 5541 1936 5580 nus
1969 5528 2230 5596 discepto,
2261 5527 2454 5583 sullicit
2478 5530 2630 5592 mibi,
2659 5531 2702 5583 si
2733 5545 2914 5599 parem
2942 5531 3325 5600 Epternaceusi
3351 5539 3408 5586 et

1835 5615 2012 5681 Beda),
2043 5617 2287 5672 Romano
2315 5635 2481 5688 parvo
2509 5621 2841 5674 concesserit
2868 5621 3248 5676 Florentinius.

1908 5707 2026 5759 no.
2074 5709 2178 5760 Nec
2210 5710 2449 5776 pluribus
2483 5725 2616 5780 opus
2654 5721 2816 5778 esset,
2846 5721 2902 5765 ut
2948 5720 3055 5766 tota
3085 5711 3199 5767 haec
3232 5712 3405 5782 prima
