3936 6348
507 360 612 414 515

1409 353 1777 412 USUARDUS
1813 347 2186 408 MONACHUS
2222 348 2854 407 SANGERMANENSIS.

3663 357 3766 410 516

509 470 822 526 Florentiuii
866 469 1267 540 argumentatio
1293 468 1451 540 plane
1498 474 1870 522 enervaretur.
1912 465 2083 518 Lubet
2109 469 2154 526 Α
2183 462 2486 528 Rabanum,
2512 474 2568 519 et
2589 465 2762 534 ipsum
2785 463 2971 521 Adone
2999 468 3371 534 vetustiorem,
3393 471 3527 525 adde
3562 471 3765 527 Nothe-

513 571 691 616 tamen
739 561 793 614 in
840 562 1176 618 curiosorum
1221 560 1483 628 gratiam,
1526 557 1754 612 ulterius
1784 555 2076 624 inquirere,

512 651 654 705 sitne
706 666 838 704 usus
892 652 945 705 in
999 650 1238 705 Ecclesia
1287 649 1460 719 magis
1514 648 1784 712 recentis,
1829 661 1998 700 annos
2047 660 2080 699 a

513 737 767 792 Kalendis
815 737 1096 802 Januarii,
1146 752 1305 807 quam
1355 753 1384 790 ες
1432 736 1640 801 natali,
1687 745 1780 790 aut
1826 751 1857 789 a
1902 735 2082 806 vigilia

515 829 848 892 nativitatis,
903 838 997 882 aut
1040 826 1256 882 aliunde
1301 827 1538 881 exordiri
1589 843 1602 878 :
1648 842 1768 895 quae
1813 841 1900 882 res
1941 826 2081 894 apud

513 919 754 974 eruditos
799 920 973 974 adhuc
1005 920 1138 973 satis
1168 919 1372 973 incerta
1422 928 1477 974 et
1519 919 1770 986 ambigua
1811 927 1911 972 est.
1953 916 2083 971 Per-

512 1025 796 1064 curramus
825 1011 1076 1080 antiquos
1106 1011 1350 1066 Rituales
1375 1011 1540 1065 libros
1578 1019 1632 1064 et
1677 1010 2079 1080 Martyrologia.

512 1096 730 1152 Certum
783 1107 903 1162 est,
950 1098 1131 1153 Allatii
1177 1109 1233 1154 et
1284 1098 1570 1154 Frontonis
1621 1099 1938 1153 Kalendaria
1987 1112 2082 1167 pro

511 1188 748 1256 antiquis
792 1189 1012 1254 haberi,
1065 1189 1262 1243 similia
1314 1205 1464 1248 esse.
1518 1205 1617 1243 nec
1659 1196 1818 1243 artata
1859 1187 2082 1250 multum

511 1275 749 1330 diﬂ‘erre.
783 1276 1114 1331 Allatianum
1137 1317 1153 1343 ,
1183 1278 1537 1348 quadriennio
1567 1287 1692 1331 ante
1721 1277 2046 1330 Frontonem
2066 1317 2083 1343 ,

511 1380 706 1434 nempe
735 1352 879 1419 anno
913 1366 1050 1420 1648
1071 1368 1220 1436 operi
1245 1369 1310 1422 de
1333 1366 1698 1421 Consensione
1727 1365 2086 1420 Occidentalis

511 1453 1155 1520 etOrientalisEcclesiaa,
1179 1458 1278 1511 sub
1303 1457 1461 1509 finem
1485 1457 1740 1508 insertum
1764 1463 1864 1509 est.
1891 1453 2089 1508 Confer

511 1537 831 1613 utrumque;
855 1546 1032 1599 statim
1075 1546 1468 1599 animadvertes
1495 1545 1821 1598 Allalianum
1854 1543 2088 1612 incipere

514 1648 543 1686 a
568 1633 844 1690 Dominica
872 1635 1042 1704 prima
1066 1635 1362 1697 Adventus,
1385 1636 1604 1704 diesque
1624 1644 2087 1700 notare,veterum

513 1721 880 1780 Romanorum
922 1735 978 1779 et
1016 1725 1517 1795 Martyrologiorum
1559 1735 1868 1782 nostrorum
1899 1739 2047 1778 more
2070 1764 2084 1788 ,

513 1831 611 1889 per
634 1815 922 1884 Kalendas,
953 1815 1130 1874 Nonas
1158 1824 1210 1874 et
1231 1814 1376 1875 Idus.
1409 1816 1605 1875 Contra
1633 1837 1761 1875 vero
1798 1815 2085 1879 Frontonis
2117 1801 2158 1857 Β

514 1912 680 1966 editio
707 1912 918 1966 initium
945 1911 1071 1966 facit
1100 1901 1239 1966 a'die
1262 1911 1425 1965 natali
1457 1913 1688 1975 Domini,
1720 1912 1906 1981 sicque
1937 1923 2086 1964 more

515 2000 778 2056 hodierno
827 2017 927 2070 per
973 2001 1246 2056 ordinales
1291 2017 1543 2056 nmneros
1588 2003 1750 2055 totius
1800 2001 1926 2054 anni
1972 2000 2087 2055 dies

515 2089 776 2143 decurrit.
803 2091 859 2144 In
898 2089 1349 2144 Sacramentariis
1374 2107 1401 2144 a
1435 2091 1689 2145 Menardo
1713 2100 1765 2145 et
1795 2090 2086 2144 Thomasio

513 2177 674 2232 editis
701 2179 910 2232 initium
943 2180 1175 2232 sumitur
1222 2194 1252 2231 a
1294 2177 1484 2248 Vigilia
1528 2180 1826 2233 nativitatis
1854 2179 2083 2243 Domini,

512 2281 580 2319 ex
627 2268 798 2322 tribus
840 2283 970 2322 vero
1012 2267 1324 2331 Gallicanis,
1367 2269 1434 2321 ab
1477 2269 1665 2322 eodem
1695 2268 2000 2328 Thomasio,
2035 2275 2089 2322 et

513 2365 637 2425 post
660 2373 689 2411 a
718 2356 1000 2411 Mabillone
1026 2358 1280 2428 vulgatis,
1297 2357 1498 2412 nullum
1519 2367 1621 2422 est,
1637 2360 1702 2412 de
1723 2374 1828 2426 quo
1846 2357 2087 2425 judicare

515 2449 727 2517 possis,
776 2448 1058 2503 consimile
1101 2449 1258 2503 alteri
1301 2450 1554 2502 habuisse
1597 2449 1938 2518 principium.
1978 2446 2088 2501 Nec

514 2536 815 2591 dissimulat
861 2536 1074 2590 Mabiilo
1115 2538 1180 2590 de
1221 2537 1462 2608 Liturgia
1507 2537 1781 2591 Gallicana
1826 2552 1950 2607 pag.
1995 2538 2084 2603 98,

519 2643 670 2680 num.
701 2627 764 2691 3;
794 2643 913 2697 pag.
947 2629 1072 2692 176,
1107 2644 1255 2681 num.
1279 2628 1334 2690 5,
1365 2638 1420 2681 ct
1448 2628 1596 2693 alibi,
1627 2629 1816 2683 dubias
1843 2638 1897 2682 et
1919 2628 2090 2682 incer-

516 2724 599 2772 tas
629 2731 749 2771 esse
785 2718 849 2771 de
878 2718 1027 2771 hisce
1064 2717 1224 2771 rebus
1251 2717 1609 2784 conjecturas.

585 2807 706 2860 111.
746 2807 936 2862 Parem
962 2816 1089 2878 puto
1119 2807 1313 2871 fuisse,
1347 2808 1448 2862 hoc
1487 2819 1571 2862 est
1612 2824 1719 2862 non
1768 2809 2084 2872 stabilitam,

514 2900 609 2952 sed
636 2898 979 2953 arbitrariam
1027 2899 1526 2969 Martyrologiorum
1557 2902 1975 2956 inchoandorum
2001 2918 2090 2955 ra-

519 2987 753 3050 tionem,
793 2988 859 3041 de
896 3003 1000 3058 qua
1044 2988 1177 3041 nihil
1208 2990 1340 3042 satis
1386 2999 1717 3056 compertum
1754 2991 1848 3044 sit.
1875 2989 1992 3043 Jam
2022 2992 2088 3045 de

517 3075 936 3144 liierouymiano
980 3076 1358 3144 Epternacensi
1396 3088 1451 3132 et
1485 3079 1627 3133 Beda
1676 3084 1885 3133 locutus
1917 3072 2036 3134 sum
2068 3099 2080 3134 :

517 3166 643 3219 addi
674 3143 756 3219 his
780 3167 938 3220 debet
964 3143 1324 3220 Blumianum.
1359 3168 1603 3224 Luceuse
1629 3179 1807 3224 autem
1857 3178 1912 3224 et
1949 3171 2086 3226 Cor-
2111 3143 2156 3204 Ο

517 3257 737 3310 beiense
765 3271 867 3309 non
896 3273 925 3310 a
948 3256 1128 3326 vigilia
1171 3259 1490 3323 nativitatis,
1532 3267 1592 3312 ut
1632 3260 1748 3313 Ado
1781 3259 2084 3330 Rosvveydi,

518 3348 612 3402 sed
660 3363 783 3401 cum
833 3347 1196 3402 Frontoniauo
1241 3349 1578 3414 Kalendario,
1623 3351 1691 3404 ab
1721 3366 1814 3404 vm
1842 3351 1960 3405 Kal.
1993 3351 2087 3406 Ja-

519 3437 725 3496 nuarii.
778 3453 869 3491 seu
915 3438 983 3491 ab
1025 3439 1140 3508 ipso
1188 3439 1351 3493 natali
1402 3440 1610 3494 Domini
1661 3457 1860 3496 annum
1910 3443 2090 3512 auspi-

519 3540 731 3584 cantur.
784 3529 952 3583 Porro
995 3531 1246 3600 Aloysius
1289 3541 1346 3586 et
1395 3531 1679 3586 Mosander
1721 3534 1800 3587 sic
1843 3533 2088 3588 Adonem

519 3620 817 3683 ediderant,
847 3628 905 3672 ut
947 3635 976 3673 a
1023 3619 1275 3676 Kalendis
1309 3619 1548 3676 Januarii
1585 3623 1906 3692 principium
1939 3622 2086 3678 face-

521 3720 659 3766 rent.
691 3712 1020 3783 Rosweydus
1059 3728 1186 3767 vero
1212 3713 1291 3766 sic
1316 3713 1505 3767 ultimo
1537 3715 1952 3784 przefatiuuculze
1979 3731 2090 3770 sum

519 3804 854 3873 paragrapho
876 3804 1114 3872 loquitur
1140 3822 1152 3856 :
1182 3821 1201 3853 ‹
1232 3803 1382 3869 Quod
1413 3805 1464 3858 in
1489 3804 1869 3874 Martyrologio
1887 3805 2092 3860 Adonis

520 3893 732 3946 initiqu
755 3901 1019 3962 sumatur,
1037 3908 1140 3944 non
1163 3909 1190 3944 a
1206 3891 1457 3946 Kalendis
1479 3891 1737 3954 Januarii,
1755 3903 1814 3947 ut
1833 3895 2091 3948 hactenus

521 3983 756 4043 editum,
787 3982 879 4035 sed
908 3997 938 4033 a
968 3981 1147 4050 vigilia
1191 3981 1488 4034 nativitatis
1527 3981 1772 4046 Domini,
1815 3985 1956 4037 scias
1987 3983 2093 4037 hoc

522 4087 590 4125 ex
613 4071 869 4125 Romana:
894 4071 1144 4125 Ecclesiae
1167 4071 1268 4124 ritu
1295 4070 1515 4136 factum,
1539 4088 1658 4142 qua:
1679 4073 1803 4126 anni
1831 4074 2089 4142 epocham

521 4159 652 4212 olim
689 4161 876 4214 habuit
901 4160 1246 4214 Nativitatem
1283 4161 1505 4220 Christi,
1535 4171 1591 4215 et
1619 4179 1646 4215 a
1684 4163 1934 4231 Vcsperis
1958 4164 2093 4233 vigi—

525 4247 609 4301 liae
637 4247 802 4317 ipsius
822 4247 1124 4303 Nativitatis
1145 4265 1342 4303 annum
1358 4251 1755 4318 auspicabatur.
1773 4251 2094 4306 Constanter

524 4338 599 4391 ita
647 4339 974 4393 exhibebant
1026 4339 1125 4392 tria
1175 4355 1303 4394 mss.
1352 4341 1708 4408 exemplaria,
1741 4341 1935 4408 quibus
1963 4358 2094 4396 usus

524 4443 665 4482 sum.
707 4447 724 4478 ι
759 4429 841 4481 An
871 4428 1007 4483 forte
1035 4438 1162 4484 tunc
1186 4431 1470 4484 immemor
1495 4440 1618 4484 erat
1646 4431 1727 4484 vir
1749 4431 2090 4486 accuratissi—

2181 568 2298 606 rum
2327 554 2375 607 ei
2413 553 2580 609 ferme
2608 554 2891 623 aequalem,
2930 555 3241 626 patebitque
3282 560 3587 624 evidenter,
3620 566 3764 630 quod

2181 657 2342 709 supra
2366 643 2634 709 dicebam,
2663 644 2879 699 modum
2911 644 3073 699 istum
3104 659 3276 702 annos
3315 648 3637 712 inchoandi,
3669 665 3764 718 per

2184 734 2237 788 id
2265 742 2474 802 tempus
2498 734 2652 788 valde
2679 734 3027 788 arbitrarium
3071 736 3125 790 in
3166 736 3318 791 libris
3341 739 3761 803 ecclesiasticis,

2181 824 2274 878 sed
2305 825 2569 893 praecipue
2615 825 2669 878 in
2714 824 3108 896 Martyrologiis
3142 826 3327 882 fuisse.
3373 828 3679 897 Quinimo,
3733 847 3762 884 a

2183 911 2374 979 majori
2437 913 2834 982 autiquiorique
2899 913 3380 984 Martyrologorum
3447 927 3762 972 nostrorum

2183 1017 2409 1056 numero
2443 1003 2516 1056 ita
2558 1003 2831 1057 stabilitur
2863 1002 3092 1058 Romani
3137 1007 3288 1074 parvi
3329 1007 3668 1069 auctoritas,
3710 1018 3765 1062 ut

2183 1097 2361 1166 potius
2381 1104 2759 1164 consequatur,
2782 1097 2977 1150 saeculo
2996 1097 3112 1165 ipso
3127 1106 3314 1152 octavo
3331 1099 3764 1152 inchoandum

2186 1199 2446 1237 annorum
2471 1184 2733 1238 rationem
2749 1199 2778 1236 a
2793 1183 3045 1238 Kalendis
3055 1183 3293 1238 Januarii
3319 1187 3578 1254 coepisse,
3605 1202 3760 1254 quan

2185 1287 2251 1326 ex
2283 1272 2596 1326 Florentinii
2643 1271 2964 1340 conjecturis
3004 1273 3115 1328 ullo
3152 1283 3309 1343 pacto
3341 1275 3651 1329 verisimile
3678 1277 3758 1340 sit,

2187 1364 2504 1418 recentioris
2530 1379 2659 1418 usus
2696 1379 2816 1418 esse
2846 1365 2924 1418 sic
2952 1379 3124 1418 annos
3153 1365 3405 1419 exordiri.
3457 1365 3597 1418 Haec
3644 1381 3762 1420 con-

2189 1450 2344 1504 cludo
2364 1450 2768 1519 praefatiuncula
2789 1451 3052 1513 Bollandi,
3081 1468 3098 1505 ι
3124 1452 3211 1507 die
3235 1451 3495 1518 Januarii,
3526 1454 3610 1506 ita
3636 1468 3761 1522 opus

2187 1557 2343 1596 suum
2393 1543 2723 1610 auspicantis
2772 1560 2786 1595 :
2834 1561 2853 1593 ι
2906 1543 3180 1612 Praecipua
3229 1559 3441 1613 semper
3497 1542 3760 1612 religione

2190 1634 2474 1689 celebratae
2517 1651 2546 1688 a
2599 1635 2924 1691 Christianis
2968 1636 3223 1691 Kalends:
3269 1637 3544 1692 Januaria:
3602 1649 3759 1700 sunt,

2189 1731 2410 1792 propter
2435 1725 2697 1778 Dominici
2725 1725 2919 1779 natalis
2947 1734 3216 1791 octavam,
3257 1737 3637 1781 sacrosanctae
3673 1728 3763 1781 cir-

2189 1815 2534 1868 cumcisionis
2585 1813 2787 1870 Christi
2832 1816 3180 1880 memoriam,
3216 1825 3273 1870 et
3317 1817 3759 1886 augustissimum

2189 1921 2383 1966 nomen
2417 1903 2562 1968 Iesu,
2589 1907 2640 1960 in
2665 1920 2771 1975 quo
2794 1907 3047 1960 nimirum
3066 1916 3275 1976 oportet
3303 1923 3487 1962 omnes
3515 1909 3760 1962 homines

2187 2002 2368 2057 salvos
2388 2002 2527 2057 ﬁeri.
2557 2003 2746 2058 Merito
2773 1998 2934 2074 igitur
2957 2007 3165 2058 veteres
3191 1999 3482 2062 Romanos,
3511 2002 3570 2053 in
3591 2003 3760 2067 auspi-

2188 2094 2362 2147 cando
2388 2094 2455 2146 ab
2481 2094 2582 2148 hoc
2605 2094 2692 2148 die
2719 2108 2881 2157 anno,
2913 2095 3064 2162 sequi
3098 2093 3336 2147 Ecclesia
3359 2089 3578 2152 maluit,
3601 2104 3760 2160 quam

2188 2190 2413 2237 caeteras
2438 2192 2644 2253 gentes,
2667 2199 2786 2252 quae
2805 2183 2947 2237 aliud
2975 2185 3261 2253 quodpiam
3283 2192 3583 2236 statuerent
3609 2198 3763 2236 exor-

2176 2273 2358 2337 dium,
2385 2283 2446 2328 ut
2477 2275 2590 2343 ipse
2620 2275 2737 2328 dies
2766 2289 2975 2328 sacrum
3011 2283 3209 2329 nostra:
3237 2273 3549 2343 symbolum
3583 2273 3762 2326 salutis

2187 2360 2502 2428 praeferret?
2538 2382 2556 2412 ι
2592 2361 2698 2416 Sed
2728 2362 2795 2415 de
2823 2361 2906 2415 his
2928 2361 3048 2430 plus
3076 2376 3238 2429 quam
3269 2363 3421 2416 satis.

2261 2451 2380 2504 H5.
2403 2450 2695 2520 Pergamus
2719 2466 2840 2504 cum
2871 2449 3202 2504 Florentinio
3223 2450 3620 2518 compendiose
3644 2466 3760 2503 eva-

2189 2542 2304 2610 gari
2327 2559 2341 2594 :
2367 2559 2385 2591 l
2415 2541 2472 2594 In
2502 2542 2614 2611 ipsa
2638 2551 2816 2596 autem
2839 2540 3196 2595 Kalendarum
3223 2542 3331 2603 die,
3347 2540 3556 2608 inquit,
3581 2550 3760 2607 pra-ter

2188 2642 2434 2688 octavam
2463 2633 2654 2686 natalis
2696 2641 2752 2687 et
2781 2632 3269 2695 circumcisionem,
3293 2646 3401 2685 non
3432 2630 3577 2683 alios
3613 2645 3759 2698 quam

2191 2735 2302 2778 tres
2329 2733 2599 2794 martyres
2623 2724 2869 2788 exhibet,
2895 2723 3220 2791 unicamque
3259 2721 3656 2783 confessorem,
3682 2737 3758 2774 re.

2188 2815 2329 2870 lictis
2371 2815 2506 2884 apud
2537 2816 2796 2878 Adonem,
2825 2815 3046 2885 triginta
3075 2823 3374 2883 martyrum
3397 2814 3759 2867 Romanorum

2189 2922 2410 2970 corona,
2448 2907 2797 2976 Euphrosyna
2843 2899 3048 2974 virgine
3089 2921 3152 2959 ac
3192 2904 3452 2973 Eugendo
3493 2904 3705 2956 abbate.
3741 2921 3755 2950 I

2189 2995 2288 3050 Hic
2325 2996 2626 3049 haereamus
2656 2995 2941 3062 tantisper,
2968 3008 3382 3063 quaeramusque
3407 3008 3472 3046 ex
3503 2991 3763 3045 Florenti-

2190 3086 2280 3140 nio
2305 3094 2519 3140 rectene
2540 3084 2900 3154 Martyrologii
2925 3083 3244 3152 compilator
3265 3093 3589 3152 pratensam
3610 3096 3763 3134 suam

2188 3175 2480 3242 epitomen,
2525 3173 2607 3228 vel
2639 3173 2892 3234 indicem,
2936 3172 3021 3227 vel
3066 3171 3451 3226 Kalendarium
3490 3179 3763 3228 content,

2189 3265 2316 3318 dum
2380 3272 2490 3316 tres
2557 3263 2777 3316 omnino
2829 3260 3266 3314 annuntiationes
3327 3259 3471 3328 apud
3519 3257 3760 3310 Adonem

2188 3354 2421 3408 intactas
2448 3352 2736 3420 relinquit?
2764 3351 2876 3420 Ego
2907 3351 3068 3406 talem
3107 3351 3364 3416 indicem,
3391 3350 3475 3405 vel
3500 3349 3764 3403 Kalenda-

2189 3445 2350 3506 rium,
2378 3442 2462 3497 vel
2490 3455 2556 3495 ex
2593 3439 2694 3495 hoc
2725 3441 2839 3495 solo
2865 3441 3063 3510 capite,
3091 3448 3153 3494 ut
3179 3439 3408 3494 inﬁdum
3436 3445 3494 3492 et
3520 3437 3764 3506 spnrinm

2188 3535 2490 3603 rejicerem.
2538 3531 2854 3598 Quaeramus
2902 3531 3080 3584 denuo
3129 3545 3196 3583 an
3252 3529 3372 3598 ipse
3423 3528 3763 3581 collatione

2189 3620 2513 3677 suam'satis
2544 3630 2846 3691 opportune
2873 3621 2995 3675 inde
3045 3620 3296 3688 incipiat,
3322 3618 3415 3672 ubi
3444 3629 3592 3670 tanta
3627 3617 3764 3670 inter

2188 3715 2428 3769 Adonem
2458 3721 2514 3767 et
2538 3712 2836 3766 Romanum
2866 3725 3089 3780 parvum
3127 3708 3490 3778 discrepantia
3518 3707 3638 3761 est?
3660 3705 3769 3760 Cur

2189 3807 2256 3860 ad
2293 3806 2586 3860 secundum
2617 3803 2858 3858 Januarii
2890 3803 3031 3857 diem
3061 3817 3381 3871 progressus
3407 3816 3514 3855 non
3541 3799 3671 3855 est?
3697 3798 3768 3852 lbi

2191 3903 2339 3949 certe
2373 3894 2528 3963 longe
2559 3892 2818 3960 majorem
2848 3892 3142 3949 invenisset
3169 3889 3635 3944 conformitatem.
3663 3888 3770 3941 γε.

2190 3998 2307 4035 rum
2343 3997 2409 4035 ne
2440 3982 2593 4034 nimis
2625 3980 2812 4034 tradeat
2836 3978 3183 4048 (Florentiuii
3214 3978 3376 4032 verba
3400 3975 3558 4044 sunt)
3589 3975 3773 4028 omnia

2189 4070 2454 4140 sigillatim
2485 4069 2571 4122 hic
2589 4067 2922 4138 perpendere,
2947 4067 3112 4121 verbo
3135 4067 3293 4120 unico
3313 4081 3425 4119 rem
3448 4063 3772 4124 absolvam;

2189 4162 2302 4216 sive
2330 4161 2630 4213 Romanum
2663 4173 2886 4228 parvum
2916 4172 3040 4212 cum
3078 4154 3587 4211 annuntiationibus
3629 4153 3776 4206 Ado-

2191 4251 2366 4304 nianis
2407 4247 2728 4310 conveniat,
2777 4246 2892 4300 sive
2937 4245 2992 4299 in
3036 4258 3261 4298 numero
3295 4243 3607 4310 discrepet,
3664 4242 3778 4295 sive

2190 4341 2435 4405 deficiat,
2467 4341 2578 4393 sive
2606 4339 2882 4398 exuberet,
2916 4335 3050 4390 nihil
3081 4336 3204 4390 inde
3229 4343 3413 4389 contra
3459 4333 3779 4388 Romanum

2193 4447 2418 4500 parvum
2477 4429 2800 4492 coniicitur,
2851 4442 2974 4482 cum
3030 4427 3292 4480 adductus
3339 4441 3368 4478 a
3420 4424 3782 4479 Florentinio

525 4533 676 4584 mus,
733 4517 1032 4572 Romanum
1079 4535 1234 4573 suum
1280 4531 1462 4583 vetus,
1513 4519 1699 4575 Adone
1747 4521 1914 4575 multo
1956 4491 2170 4576 anti~D
2199 4524 2556 4578 Kalendarum
2611 4528 2788 4574 textus
2825 4518 2964 4586 apud
2998 4531 3189 4571 omnes
3237 4516 3484 4571 cordatus
3531 4516 3787 4584 [ποιῆτε

525 4608 706 4674 quius,
732 4622 761 4659 a
791 4606 1044 4661 Kalendis
1063 4606 1301 4662 Januarii
1323 4609 1594 4663 exordiri?
1615 4609 1671 4664 Si
1695 4611 1872 4663 omnia
1893 4611 2096 4666 Adonis

527 4696 895 4764 manuscripta
924 4697 1248 4766 exemplaria
1279 4696 1420 4751 inter
1441 4711 1499 4752 se
1519 4697 1917 4764 conferrentur,
1940 4701 2094 4769 plura

528 4785 692 4840 credo
723 4795 992 4856 repertum
1013 4787 1101 4852 iri,
1127 4802 1250 4856 quat
1274 4789 1330 4842 in
1357 4788 1458 4844 hac
1486 4798 1640 4858 parte
1665 4788 1910 4845 Romano
1930 4806 2097 4859 parvo

527 4885 714 4930 essent
739 4875 1056 4929 conformis.

601 4965 725 5021 H2.
753 4966 878 5020 Fuit
906 4965 1320 5023 Wandalbertus
1347 4969 1553 5024 Adonis
1577 4970 1820 5040 aequalis,
1850 4971 1958 5024 imo
1985 4969 2098 5039 ipso

535 5055 718 5112 senior
745 5063 801 5110 et
825 5064 947 5110 ante
973 5055 1145 5126 ipsum
1183 5057 1590 5131 Martyrologus,
1621 5069 1804 5128 utpote
1833 5060 1923 5128 qui
1957 5074 2098 5113 anno

537 5147 642 5202 842
668 5144 971 5215 scripserit;
1006 5145 1118 5214 ipse
1137 5146 1482 5202 nihilominus
1501 5149 1577 5204 sic
1603 5147 1858 5218 praefatur
1881 5163 1894 5200 ;
1920 5148 1963 5200 A
1992 5147 2098 5200 Ka-

535 5239 704 5292 lendis
734 5237 1042 5300 Januariis,
1069 5253 1229 5308 usque
1269 5239 1337 5290 ad
1378 5239 1535 5308 ﬁnem
1577 5240 1726 5304 anni,
1764 5254 1856 5308 per
1897 5238 2098 5291 dierum

533 5327 858 5397 singulorum
901 5339 1224 5381 occurrentes
1255 5328 1554 5397 festivitates
1595 5328 2098 5402 (Martyrologium)

532 5428 696 5471 metro
719 5417 893 5484 edidi;
923 5418 1066 5473 idem
1106 5417 1374 5472 factitavit
1405 5420 1470 5484 is,
1501 5420 1652 5489 cujus
1679 5437 1772 5489 ope
1794 5428 1841 5472 et
1870 5420 2102 5473 subsidio

532 5505 947 5561 Wandalbertus
973 5508 1232 5577 pra'cipue
1261 5525 1386 5562 usus
1414 5519 1508 5572 est,
1539 5520 1748 5563 sanctus
1789 5518 1836 5562 et
1866 5510 2106 5560 nomina-

535 5597 762 5649 tim’mus
802 5595 1017 5662 Florus,
1045 5597 1407 5668 Lugdunensis
1450 5597 1698 5652 Ecclesia:
1731 5598 2102 5662 subdiaconus,

537 5689 792 5742 auctioris
829 5687 985 5744 Beda?
1032 5689 1395 5760 Martyrolugii
1439 5690 1774 5758 compilator.
1826 5689 2103 5744 Addehis

2199 4617 2410 4680 debeat,
2440 4613 2679 4666 Adonem
2699 4611 3050 4678 posteriorem
3074 4624 3104 4662 a
3126 4608 3296 4678 priori
3320 4607 3600 4676 accepisse
3631 4608 3787 4675 quid-

2201 4705 2329 4772 quid
2366 4703 2420 4756 in
2447 4718 2512 4756 eo
2537 4701 2936 4763 continebatur,
2977 4697 3262 4756 addidisse,
3297 4711 3412 4764 qua:
3441 4695 3574 4748 alibi
3629 4710 3788 4762 repe—

2199 4801 2377 4857 rerat,
2409 4802 2500 4846 aut
2543 4791 2798 4858 Lugduuo
2819 4829 2835 4854 ,
2875 4789 2965 4844 ubi
3010 4787 3443 4859 Martyrologium
3473 4787 3788 4850 scribebat.

2199 4884 2458 4938 viciniora
2479 4891 2653 4936 erant.

2275 4974 2396 5029 1M.
2436 4971 2742 5026 Meminisse
2777 4977 2988 5038 poterat
3022 4967 3357 5036 debebatque
3392 4965 3478 5018 vir
3516 4964 3794 5023 doctisi-

2192 5080 2323 5126 ,mus
2350 5064 2509 5134 paulo
2533 5071 2657 5114 ante
2678 5077 2708 5114 a
2731 5076 2790 5115 se
2811 5061 3012 5114 dictum
3044 5073 3152 5112 non
3179 5058 3253 5111 ita
3279 5056 3516 5110 Adonem
3547 5054 3796 5110 Romani

2200 5153 2344 5224 parvi
2389 5151 2612 5220 vestigiis
2639 5165 2696 5204 se
2727 5147 3117 5202 accommodare
3148 5145 3385 5207 voluisse,
3425 5155 3481 5196 ut
3509 5160 3589 5196 ne
3618 5145 3797 5200 latru-

2201 5243 2409 5313 quidem
2428 5255 2650 5308 unguem
2674 5247 3040 5308 transgressus
3064 5237 3153 5292 sit.
3176 5234 3426 5300 Quinimo
3465 5238 3796 5305 transgretﬁ

2202 5332 2423 5387 omnino
2453 5330 2654 5392 debuit,
2686 5329 2812 5382 dum
2840 5327 3052 5382 aliunde
3085 5325 3325 5382 subsidia
3350 5322 3619 5388 adfuere,
3649 5328 3797 5394 quod

2199 5420 2456 5476 Kalendis
2476 5417 2717 5473 Januarii
2742 5417 2898 5487 plane
2922 5416 3159 5472 ostendit
3182 5432 3199 5468 :
3227 5413 3376 5479 alibi,
3398 5413 3522 5468 dum
3559 5425 3800 5470 sanctos

2201 5511 2334 5564 alios
2363 5525 2468 5564 non
2501 5508 2720 5577 reperit,
2749 5516 2808 5560 ut
2837 5505 3072 5562 secunda
3116 5506 3205 5562 die
3245 5503 3486 5558 Januarii
3531 5513 3602 5557 et
3651 5519 3800 5574 sape

2202 5599 2356 5664 alias,
2385 5598 2558 5653 nullos
2591 5597 2874 5652 exornavit
2897 5605 3140 5662 sanctos,
3180 5605 3374 5665 przeter
3408 5607 3506 5646 eos
3551 5609 3716 5662 quos
3754 5599 3802 5648 ei

2203 5690 2502 5744 Romanum
2520 5705 2745 5760 parvum
2759 5697 3118 5758 suggesserat.
3135 5686 3286 5754 Quod
3306 5685 3350 5740 si
3365 5694 3559 5738 contra
3587 5685 3800 5739 factum
