3936 6348
114 387 238 443 51-7

1493 366 2025 424 PROLEGOMENA.

3277 374 3388 429 ἱ3518

113 505 316 562 esset,
340 502 490 566 puta,
516 493 558 549 si
586 493 891 547 Romanum
921 505 1145 561 parvum
1167 503 1234 543 ex
1267 487 1452 543 Adone
1481 487 1716 555 accepls.
1738 487 1790 546 Α
1815 461 2275 553 supervacaneum
2334 492 2437 539 est.
2487 484 2622 538 Aliis
2649 478 2830 539 armis
2859 499 3025 554 opus,
3055 494 3114 539 ut
3161 481 3388 540 Romani

113 596 241 650 set,
266 598 537 655 quanam,
566 583 813 647 obsecro,
841 579 1146 650 cogitabilis
1173 592 1332 632 causa
1363 576 1478 630 dari
1510 585 1710 644 posset,

119 690 237 734 cur
261 671 479 728 indiculi
502 678 708 732 auctor,
733 682 801 722 ex
827 677 952 724 octo
971 666 1265 722 Adonianis
1295 662 1714 718 annuntiationi—

119 763 266 827 bus,
279 760 422 816 solas
437 759 674 828 quinque
693 756 990 825 selegisset,
1006 756 1074 810 iis
1092 755 1292 810 sanctis
1313 751 1712 822 praetermissis,

121 853 232 922 qui
275 859 431 907 erant
460 848 768 904 notissimi?
800 849 1037 913 Rursus,
1089 861 1209 916 quae
1249 860 1442 907 causa,
1492 859 1590 898 cur
1627 844 1712 898 vel

121 945 316 1014 ipsam
356 941 583 1011 primam
611 938 1069 1006 celebrioremque
1112 936 1316 991 Adonis
1351 934 1715 988 annuntiatio—

121 1048 268 1088 nem
299 1033 652 1090 immutasset,
681 1029 926 1082 addendo
952 1037 1001 1081 et
1031 1028 1380 1090 circumcisio,
1405 1041 1525 1094 quze
1550 1027 1712 1079 verba

125 1139 162 1177 a
221 1121 519 1176 Viennensi
569 1119 812 1172 aberant.
857 1117 1078 1171 Dicetnc
1122 1114 1712 1182 Florentinius,ipsam

127 1211 573 1267 circumcisionis
614 1207 1070 1263 nomenclaturam
1110 1221 1232 1259 usus
1273 1205 1436 1260 etiam
1477 1220 1587 1258 esse
1631 1220 1712 1257 rc-

129 1302 390 1356 centioris
407 1301 433 1354 2
453 1301 546 1354 sed
569 1313 695 1351 vere
723 1296 936 1351 inutiles
956 1310 1235 1350 sermones
1253 1295 1526 1357 caedimus,
1555 1294 1712 1348 nimis

130 1391 291 1445 clare
337 1404 458 1444 sese
503 1387 759 1455 explicuit
805 1385 924 1438 Ado
974 1385 1118 1454 ipse,
1165 1385 1325 1438 nimis
1377 1383 1626 1438 distincte
1659 1391 1714 1436 et

131 1487 334 1549 aperte
352 1479 626 1532 ductorem
647 1483 701 1528 et
725 1475 1135 1542 antesignanum
1159 1489 1313 1526 suum
1336 1481 1712 1542 praemonstra-

132 1571 244 1634 vit,
278 1575 339 1622 ut
357 1565 584 1620 articulo
599 1564 842 1632 sequenti
857 1563 1059 1633 liquido
1073 1562 1521 1617 manifestabitur.

215 1697 337 1752 115.
376 1697 643 1752 Caeterum
673 1701 985 1765 argumenta
1007 1692 1320 1746 Florentinii
1344 1693 1550 1762 singula
1584 1706 1708 1760 per-

134 1785 428 1847 currenda,
471 1782 695 1852 singulis
743 1796 840 1835 sua
893 1785 1196 1850 reponenda
1252 1781 1492 1835 solutio:
1529 1782 1704 1834 omnia

137 1877 527 1947 expendamus.
557 1874 647 1926 Sic
676 1873 952 1941 procedit:
987 1891 1006 1922 ‹
1034 1871 1285 1925 Conferat
1311 1872 1362 1924 in
1384 1873 1568 1925 eodem
1597 1873 1708 1940 pri-

141 1982 233 2021 mo
259 1979 447 2019 mense
472 1964 718 2018 curiosus
763 1961 933 2015 lector
969 1962 1110 2015 diem
1159 1977 1280 2026 xm,
1307 1977 1465 2030 quam
1501 1963 1710 2016 Corona

141 2072 201 2114 et
226 2058 534 2113 nominibus
562 2055 915 2125 quadraginta
946 2055 1175 2110 militum
1208 2056 1448 2121 mutilat;
1481 2073 1594 2120 XIX,
1620 2058 1709 2111 ubi

139 2147 462 2201 Pontianum
493 2145 559 2198 ad
581 2143 779 2197 bestias
805 2144 1114 2196 damnatum
1141 2158 1207 2197 ex
1235 2144 1416 2197 multis
1441 2144 1660 2214 colligit.
1683 2157 1704 2197 ι

142 2235 287 2290 Nihil
319 2235 409 2289 hic
459 2233 581 2288 novi
614 2231 897 2287 adducitur
919 2233 1060 2302 quod
1109 2233 1161 2285 in
1195 2234 1457 2301 superiori
1501 2235 1711 2289 ratioci-

145 2325 364 2377 natione
384 2323 673 2376 adductum
699 2329 756 2374 et
781 2322 1013 2374 solutmn
1045 2337 1148 2374 nou
1174 2323 1260 2374 sit.
1289 2322 1546 2391 Sequitur
1577 2325 1706 2378 falsa

145 2413 479 2474 Florentinii,
509 2411 602 2465 sed
631 2418 886 2480 perpetua
916 2409 1032 2478 ejus
1079 2413 1394 2482 suppositio,
1444 2430 1511 2467 ex
1543 2413 1707 2468 Saus-

153 2520 282 2575 sayo
309 2505 513 2567 hausta,
541 2503 680 2571 quod
705 2501 1003 2555 Romanum
1029 2518 1251 2571 parvum
1281 2504 1474 2558 sacculo
1520 2520 1571 2557 ιιι
1602 2501 1707 2558 non

151 2593 224 2648 sit
251 2593 534 2661 antiquius.
563 2592 798 2645 Adverte
826 2591 915 2645 hic
935 2607 1039 2661 qua
1065 2591 1116 2645 id
1147 2592 1356 2645 ratione
1387 2595 1709 2648 confirmare

146 2691 393 2735 conetur.
421 2681 507 2734 Sic
529 2681 645 2734 inlit
671 2698 684 2732 :
725 2698 742 2729 ι
781 2680 884 2734 Sed
907 2681 1175 2749 praecipue
1204 2695 1270 2733 xx
1300 2681 1440 2734 diem
1474 2679 1705 2749 (Janua-

141 2769 234 2840 rii)
264 2771 504 2824 advertat
529 2777 581 2820 et
606 2779 860 2839 agnoscet
895 2768 1190 2823 Fabianum
1217 2771 1284 2821 ah
1311 2770 1496 2823 Adone
1525 2769 1709 2824 Romae

140 2859 432 2926 episcopum
481 2858 607 2922 dici,
638 2875 668 2911 a
697 2859 1006 2913 Breviatore
1039 2874 1186 2924 vero,
1226 2861 1511 2913 recentiori
1561 2876 1710 2916 more

137 2967 330 3020 papam
375 2951 664 3020 appellari;
698 2966 855 3019 quem
887 2951 1098 3005 titulum
1129 2967 1248 3005 cum
1273 2951 1469 3020 ubique
1499 2962 1552 3005 et
1582 2968 1710 3006 con-

138 3039 470 3094 stantissime
511 3039 754 3094 Romano
799 3041 1034 3108 pontifici
1066 3041 1284 3105 tribuat,
1337 3051 1392 3096 et
1435 3041 1709 3097 rarissime

137 3129 281 3197 apud
307 3130 546 3183 Adonem
577 3129 898 3195 inveniatur,
949 3146 1054 3185 non
1096 3131 1324 3186 obscure
1372 3132 1582 3186 videtur
1622 3147 1709 3186 aro

138 3233 326 3288 gnere,
356 3219 658 3274 Kalendarii
680 3233 956 3276 auctorem
982 3231 1102 3291 post
1143 3222 1460 3293 Gregorium
1490 3223 1577 3278 V'll
1616 3225 1711 3280 ad-

135 3314 361 3378 vixisse,
405 3314 548 3383 quod
592 3329 735 3368 anno
768 3313 970 3369 Christi
1010 3314 1145 3368 1075
1175 3314 1414 3382 pontifex
1464 3315 1552 3370 ille
1594 3323 1710 3369 sta-

137 3405 325 3470 tuerit,
363 3419 556 3460 nomen
589 3421 760 3474 ραραι,
797 3405 916 3460 aliis
947 3406 1206 3460 hactenus
1230 3406 1496 3476 episcopis
1521 3415 1574 3461 et
1601 3407 1711 3460 cla-

134 3495 375 3550 rioribus
401 3497 731 3567 presbyteris
782 3510 1090 3561 c0mmune,
1148 3497 1424 3566 proprium
1455 3497 1710 3567 deinceps

134 3596 196 3641 et
219 3587 488 3656 singulare
540 3587 767 3642 Romani
817 3588 1087 3659 pontiﬁcis
1136 3601 1548 3659 cognomentum
1589 3605 1710 3645 esse

135 3677 359 3731 debere.
397 3695 417 3729 ι

207 3805 334 3860 116.
373 3803 498 3860 Haec
525 3815 607 3862 est
657 3805 765 3870 illa,
795 3821 956 3876 quam
1002 3822 1106 3861 non
1149 3805 1315 3862 semel
1353 3807 1519 3875 digito
1562 3823 1711 3861 mon-

133 3902 330 3956 stravi.
369 3900 686 3956 Florentinii
721 3901 1054 3971 hypothesis,
1099 3917 1204 3971 qua
1254 3901 1553 3955 Romanum
1607 3916 1708 3955 no-

133 4003 314 4046 strum
343 4005 565 4059 parvum
592 3991 659 4044 ad
693 3991 943 4045 sti-culum
975 4008 1029 4046 xt
1059 4007 1351 4046 excurrens
1393 3993 1707 4059 retrahitur,

131 4079 513 4150 plausibiliori,
541 4088 599 4132 ut
627 4095 814 4134 verum
842 4079 1034 4145 fatear,
1067 4097 1226 4150 quam
1257 4081 1523 4150 superius,
1550 4083 1712 4136 ratio-

133 4186 239 4236 ne;
271 4171 368 4224 sed
413 4178 591 4224 tamen
620 4170 785 4241 nulla,
815 4186 937 4225 cum
972 4186 1039 4224 ex
1080 4170 1276 4224 schola:
1303 4171 1513 4239 placius
1549 4187 1709 4240 argu-

132 4271 380 4318 mentum
408 4260 539 4315 nihil
583 4262 799 4330 probet,
827 4263 951 4316 dum
990 4261 1182 4332 probat
1227 4261 1471 4325 nimimn,
1503 4277 1709 4330 suoque

133 4351 240 4405 sibi
287 4349 461 4418 gladio
489 4349 859 4403 adversarium
890 4349 1062 4420 ipsum
1087 4349 1317 4418 jugulat.
1348 4348 1404 4402 Si
1433 4365 1556 4403 vere
1581 4350 1706 4403 sub-

131 4439 281 4494 sistit
309 4437 618 4492 Florontiuii
654 4437 1016 4501 ratiocinium,
1035 4437 1146 4507 jam
1177 4437 1364 4492 eodem
1391 4450 1706 4506 argumento

1815 575 1966 645 parvi
1991 575 2288 644 antiquitas
2308 578 2667 630 concutiatur.

1886 664 2006 716 117.
2059 662 2178 716 Jam
2216 679 2368 727 vero,
2409 666 2550 732 quod
2602 665 2965 735 Martyrologii
3012 665 3168 719 istius
3203 675 3393 721 auctor

1809 753 2229 806 constantissime
2253 751 2484 806 Romano
2497 755 2732 823 pontiﬁci
2757 755 2959 808 tribuat
2980 754 3392 823 appellationem

1811 857 1982 911 papaz,
2015 843 2118 895 hoc
2169 841 2360 910 ipsum,
2395 843 2532 896 inter
2562 843 2688 905 alia,
2722 852 3039 913 argumento
3090 843 3244 897 nobis
3273 858 3394 898 esse

1813 931 1988 994 debet,
2040 931 2355 1000 przedictum
2388 931 2822 1003 Martyrologium
2867 931 3050 987 Roma:
3099 933 3388 1002 scriptum,

1812 1019 1998 1073 Romae
2023 1019 2279 1073 usitatum
2310 1018 2494 1081 fuisse,
2512 1029 2567 1074 et
2590 1019 2970 1073 verosimiliter
2990 1033 3388 1086 perseverasse,

1813 1110 2112 1177 usquedum
2147 1106 2505 1162 Usuardinum
2536 1107 2738 1170 Romae,
2771 1109 2847 1162 uti
2899 1108 2950 1161 in
2990 1108 3241 1162 omnibus
3270 1109 3392 1162 aliis

1812 1196 2249 1252 Occidentalibus
2275 1194 2554 1258 Ecclesiis,
2583 1195 2874 1248 admissum
2905 1203 3008 1247 cst.
3033 1192 3127 1248 Vis
3151 1204 3205 1248 et
3226 1195 3393 1248 robur

1812 1296 2022 1340 asserto
2053 1296 2239 1338 nostro
2269 1284 2579 1353 atljungitur
2605 1300 2672 1337 ex
2697 1294 2907 1340 vetusto
2936 1283 3261 1338 Kalendario
3286 1285 3392 1338 llo-

1813 1391 1992 1438 mano,
2023 1384 2132 1426 tum
2161 1385 2215 1427 ut
2243 1375 2311 1427 ab
2342 1373 2556 1432 Allatio,
2593 1382 2701 1426 tum
2736 1382 2795 1426 ut
2825 1389 2852 1426 τι
2887 1372 3160 1428 Frontone
3185 1373 3389 1428 editum

1808 1475 1912 1529 est,
1957 1485 2078 1521 nam
2113 1469 2183 1523 ibi
2234 1485 2428 1525 nomen
2451 1485 2600 1538 ρηριε
2627 1469 2824 1537 saepius
2844 1468 3098 1531 recurrit,
3132 1469 3274 1521 unde
3303 1473 3388 1520 ni-

1809 1557 2101 1612 hilominus
2153 1559 2276 1628 quis
2347 1560 2578 1628 pessime
2631 1568 2885 1629 argueret
2931 1559 3128 1613 saeculo
3191 1567 3386 1612 octavo

1809 1662 1930 1702 esse
1959 1650 2248 1718 posterius,
2278 1652 2486 1720 turpius
2518 1666 2643 1703 vero
2669 1650 2734 1703 ad
2767 1641 3105 1704 undecimum
3137 1649 3387 1718 ablegare

1809 1740 2178 1793 contenderet.
2209 1739 2360 1806 Quod
2388 1749 2566 1794 autem
2613 1741 2971 1794 Florentinius
2997 1740 3267 1793 cordatnm
3311 1739 3387 1791 le-

1740 1832 1786 1891 B
1814 1836 2004 1878 ctorem
2035 1828 2214 1881 mittat
2257 1829 2324 1882 ad
2353 1845 2442 1893 xx,
2473 1845 2588 1892 χχι,
2619 1845 2743 1882 xxix
2767 1838 2821 1882 et
2848 1845 2952 1882 xxx
2978 1827 3239 1893 Januarii,
3272 1838 3382 1882 tum

1812 1915 1879 1968 ad
1909 1929 1961 1966 xl
1987 1913 2181 1980 Martii,
2219 1916 2287 1970 ad
2321 1917 2440 1970 Kal.
2469 1918 2691 1986 Aprilis.
2729 1919 2795 1971 ad
2825 1933 2896 1970 vn
2931 1917 3284 1986 Septembris,
3317 1915 3383 1970 ad

1811 1999 1928 2053 Kal.
1961 2000 2297 2066 Novembris,
2342 2006 2407 2057 ad
2439 2020 2490 2066 x,
2525 2020 2647 2058 xxvi
2679 2018 2732 2058 et
2760 2021 2928 2060 xxvm
2960 2005 3198 2072 ejusdem
3229 2021 3382 2061 men-

1809 2091 1914 2154 sis;
1946 2092 2176 2162 denique
2199 2093 2268 2147 ad
2317 2110 2446 2148 xvm
2479 2105 2533 2148 et
2581 2111 2672 2150 XIX
2718 2096 3049 2159 Decembris,
3077 2104 3137 2149 ut
3165 2111 3229 2150 ex
3277 2095 3384 2149 illis

1808 2191 2020 2250 arguat,
2046 2183 2220 2234 omnia
2247 2199 2438 2251 purum
2459 2194 2641 2252 putum
2670 2183 2903 2237 Adonem
2928 2201 3108 2253 sapere
3130 2200 3150 2238 :
3174 2199 3273 2254 ego
3301 2183 3381 2239 le-

1808 2283 2012 2324 ctorem
2062 2273 2311 2326 eumdem
2342 2273 2694 2328 libentissime
2723 2274 2984 2328 arbitrum
3014 2274 3174 2345 eligo,
3218 2290 3282 2328 an
3314 2290 3382 2329 ex

1808 2361 1989 2414 citatis
2019 2361 2158 2424 istis,
2186 2361 2293 2416 imo
2318 2377 2384 2416 ex
2412 2363 2660 2417 omnibus
2694 2362 2804 2417 fere
2829 2363 2992 2417 totius
3018 2365 3144 2416 anni
3171 2363 3383 2431 diebus,

1807 2453 2030 2506 omnino
2052 2455 2382 2507 contrarium
2415 2468 2519 2509 non
2549 2463 2749 2523 pateat,
2783 2467 2972 2524 nempe
2993 2453 3259 2519 Adonem,
3286 2469 3384 2523 pu-

1810 2562 1928 2600 rmn
1965 2556 2150 2618 putum
2199 2549 2499 2604 Romanum
2547 2566 2772 2620 parvum
2824 2564 3046 2618 sapere,
3075 2549 3384 2619 ubicunque

1808 2647 2027 2692 sanctos
2053 2638 2206 2702 alios,
2241 2639 2458 2693 aliunde
2481 2640 2814 2707 conquisitos
2843 2641 2891 2693 ei
2915 2655 3020 2693 non
3051 2629 3379 2707 superinduJ-

1809 2729 1902 2790 cit,
1934 2738 1990 2782 ut
2024 2730 2248 2798 proinde
2295 2729 2428 2783 nihil
2459 2730 2637 2784 minus
2675 2729 2965 2782 verisimile
2999 2728 3071 2782 sit
3109 2743 3270 2797 quam
3313 2743 3380 2781 ex

1801 2817 2126 2872 .Florentinii
2155 2817 2316 2871 dictis
2341 2827 2578 2871 constare
2607 2827 2746 2869 relus
2786 2815 3095 2880 Romanum,
3131 2817 3236 2869 sire
3259 2831 3378 2868 cum

1805 2906 2071 2962 Bollando
2099 2907 2271 2960 minus
2292 2905 2605 2971 Romanum,
2631 2923 2694 2958 ea:
2721 2907 2900 2958 Adone
2928 2915 3249 2958 contractum
3289 2922 3383 2974 po—

1810 2999 1913 3050 tius
1938 3013 2136 3060 esse...,
2171 3012 2328 3066 quant
2360 2995 2435 3047 uti
2458 2996 2819 3065 perantiquum
2843 2994 3014 3047 Adoni
3055 2995 3221 3063 facem
3245 3011 3382 3064 prte-

1809 3086 2024 3150 tulisse;
2073 3101 2196 3139 nam
2244 3084 2402 3154 plane
2439 3089 2766 3153 oppositum,
2823 3084 3070 3138 refutatis
3117 3085 3227 3152 jam
3279 3086 3376 3138 ad-

1736 3169 1779 3230 C
1815 3175 2178 3228 versariorum
2206 3173 2560 3244 argumentis,
2607 3188 2671 3227 ex
2715 3172 2960 3242 professo
3007 3173 3381 3230 demonstrare

1813 3267 2176 3336 aggredimur.

1881 3357 2001 3411 118.
2043 3357 2277 3412 Verbum
2303 3371 2468 3411 unum
2492 3371 2613 3411 cum
2633 3355 2967 3410 Florentinio
2990 3363 3252 3424 superest,
3271 3370 3378 3423 quo

1809 3448 2008 3501 cursim
2057 3446 2362 3512 ostendam,
2408 3447 2582 3500 virum
2611 3445 3006 3508 clarissimum,
3052 3444 3219 3496 nimio
3266 3443 3382 3496 lau-

1811 3535 1973 3590 dandi
2007 3535 2413 3602 cxornandique
2442 3534 2846 3604 Hieronymiaui
2879 3534 2960 3588 sui
3013 3531 3379 3603 Martyrologii

1809 3636 1940 3680 aestu
1973 3626 2280 3694 abreptum,
2305 3625 2432 3678 illud
2464 3625 2636 3692 ipsum
2664 3624 2718 3677 in
2751 3623 2974 3677 Romani
2998 3625 3148 3693 parvi
3203 3624 3377 3678 locum

1809 3717 2086 3771 intrudere
2133 3717 2386 3780 voluisse,
2443 3716 2600 3784 eique
2673 3719 3017 3770 characteres
3073 3725 3256 3785 aptare
3311 3717 3378 3768 ah

1807 3808 1995 3861 Adone
2018 3808 2276 3876 signatos,
2298 3818 2510 3874 nempe,
2546 3803 2831 3858 venerabile
2856 3813 2903 3856 et
2924 3804 3286 3872 pernntiquum
3313 3803 3378 3874 ab

1809 3897 1935 3950 urbe
1993 3896 2156 3949 Roma
2213 3894 2538 3967 Aquileiam,
2593 3895 2799 3948 cuidam
2851 3903 3030 3947 sancto
3081 3894 3316 3963 episcopo
3347 3910 3379 3945 a

1807 3988 2049 4058 pontiﬁce
2088 3987 2322 4041 Romano
2356 3987 2633 4040 directum.
2663 4003 2680 4035 ι
2741 3984 2816 4037 Ita
2869 3984 3126 4046 suadent,
3181 3983 3378 4050 inquit,

1809 4079 1919 4132 bini
1951 4078 2120 4131 nostri
2147 4078 2360 4131 codices
2390 4077 2443 4130 in
2485 4076 2703 4144 quibus,
2736 4073 2797 4126 Ι).
2826 4073 3155 4143 Hieronymo
3205 4075 3381 4127 ascri-

1811 4180 1979 4238 ptmn,
2009 4179 2061 4223 et
2109 4187 2137 4222 a
2170 4169 2324 4222 nobis
2349 4167 2649 4223 exbibitum
2696 4164 3156 4236 Martyrologium,
3204 4163 3380 4218 Adoni

1811 4276 2032 4330 prorsus
2085 4261 2353 4324 sociatur,
2390 4259 2532 4328 quod
2603 4256 2813 4325 antiqui
2873 4256 3238 4318 characteres,
3289 4256 3381 4323 qui

1811 4347 2200 4418 Gregorianum
2241 4347 2462 4416 omnino
2512 4347 2903 4405 demonstrant,
2958 4343 3046 4394 vix
3099 4341 3386 4395 dubitandi

1811 4437 1985 4491 locum
2011 4437 2317 4504 relinquunt
2345 4436 2472 4505 quin
2495 4435 2623 4488 illud
2656 4435 2828 4504 ipsum
2859 4432 2930 4487 sit
2951 4431 3092 4500 apud
3114 4431 3376 4492 Adonem,

130 4529 456 4594 conficitur,
503 4527 975 4600 Hieronymianum
1004 4499 1272 4587 incense,
1333 4499 1539 4580 imovet
1575 4527 1705 4580 Cor-
1735 4499 1784 4558 θ
1808 4525 2118 4579 venerabile
2159 4499 2215 4576 et
2237 4499 2636 4592 pera—utiquam,
2673 4499 2691 4571 ί
2725 4528 2831 4573 etc.
2872 4499 3152 4574 Credimus
3179 4533 3246 4572 an
3290 4519 3382 4588 qui

127 4620 356 4674 beiense
387 4619 453 4672 ad
485 4619 736 4673 saeculum
762 4634 817 4673 ιι
843 4633 962 4673 esse
1002 4617 1324 4680 revocanda,
1351 4631 1470 4669 cum
1501 4616 1602 4684 ipsi
1628 4617 1706 4685 illi

128 4707 354 4759 codices
378 4721 396 4758 ι
420 4703 546 4759 Julii
574 4703 707 4760 GAGI
733 4705 914 4759 ωιρεῖ
941 4720 978 4758 ιι
1007 4703 1152 4762 Julii,
1181 4703 1470 4756 Memnon;
1499 4703 1591 4757 Pr.
1622 4703 1706 4758 vel

128 4795 423 4849 Mtuunts
455 4809 620 4857 pars,
651 4802 704 4848 et
731 4810 764 4847 x
810 4791 1145 4862 Septembris
1189 4791 1391 4844 Hvuuu
1429 4806 1595 4856 mea,
1629 4792 1709 4846 di-

128 4887 485 4941 stiuctissime
511 4873 849 4949 annuntient,
876 4897 932 4941 et
980 4886 1116 4940 forte
1143 4885 1266 4938 alibi
1310 4886 1494 4940 eadem
1523 4885 1707 4954 appel-

128 4977 269 5030 latio
315 4986 585 5042 recurrat,
615 4980 754 5046 ψιοιΙ
786 4977 1010 5032 ulterius
1048 4978 1276 5033 scrutari
1301 4993 1436 5047 opus
1465 4993 1568 5031 non
1597 4987 1699 5032 est.

129 5067 277 5132 Quid
308 5066 490 5136 plura?
532 5067 673 5121 Beda
705 5068 819 5136 ipse
854 5068 1069 5122 nomine
1095 5083 1244 5136 papte
1269 5068 1466 5136 passim
1513 5067 1703 5132 utitur,

128 5164 189 5208 et
208 5168 398 5208 omnes
425 5147 756 5209 steculinoni
786 5155 1126 5225 Martyrologi
1168 5171 1300 5224 quos
1335 5155 1422 5207 tali
1453 5168 1516 5207 ex
1543 5170 1705 5209 causa

129 5245 318 5311 inepte
361 5244 481 5312 quis
505 5252 561 5297 et
598 5244 820 5298 ridicule
851 5246 918 5298 ad
958 5245 1295 5298 undecinmm
1323 5245 1574 5299 smculum
1610 5259 1705 5298 cx-

126 5348 361 5388 currens
400 5333 688 5386 amandare
724 5344 1090 5402 praesumeret.
1123 5334 1272 5399 Quod
1302 5349 1428 5388 vero
1459 5336 1534 5387 ait
1577 5334 1703 5388 Flo-

127 5427 423 5490 nentiuius,
481 5428 746 5482 rarissime
779 5429 918 5496 apud
969 5429 1204 5483 Adonem
1250 5431 1468 5483 inveniri
1510 5443 1702 5484 nomen

125 5533 314 5588 paper,
367 5516 562 5570 mirum
596 5516 858 5585 profecto,
895 5527 950 5572 et
993 5519 1150 5587 plane
1178 5520 1388 5582 falsum.
1438 5535 1561 5573 nam
1589 5519 1701 5574 sola

127 5623 256 5678 pag.
289 5606 357 5661 47
391 5606 472 5662 bis
501 5609 756 5673 recurrit,
783 5610 1026 5677 proxima
1058 5611 1183 5666 inde
1224 5628 1343 5682 pag.
1374 5612 1443 5665 5—2
1473 5613 1700 5684 iterum;

129 5702 264 5752 item
293 5689 416 5767 pag.
440 5696 508 5751 ει
547 5706 601 5758 et
627 5706 704 5752 tot
733 5699 873 5765 aliis,
921 5714 1054 5770 quas
1082 5701 1352 5771 sigillatim
1383 5717 1706 5758 enumerare

1810 4615 2027 4669 amant?
2055 4615 2296 4684 profecto
2326 4614 2370 4668 si
2397 4614 2642 4669 codicum
2676 4613 2903 4666 sociatio
2930 4611 3132 4680 aliquid
3162 4611 3378 4682 probat.

1808 4721 1888 4767 tot
1925 4713 2157 4767 sociatos
2187 4725 2438 4781 reperere
2469 4711 2703 4780 majores
2745 4708 2939 4774 nostri,
2968 4715 3048 4762 tot
3072 4708 3125 4760 in
3175 4721 3378 4761 muszco

1807 4811 1996 4858 nostro
2021 4802 2227 4856 collecti
2256 4810 2312 4856 et
2331 4802 2519 4857 sociati
2546 4808 2689 4864 sunt,
2714 4808 2772 4854 ut
2792 4815 2859 4854 ex
2881 4800 2946 4854 iis
2968 4799 3182 4869 probari
3208 4799 3383 4869 possit

1809 4893 2101 4963 quidlibet;
2132 4901 2260 4960 puta
2306 4901 2362 4947 et
2391 4891 2693 4948 Usuardum
2731 4907 2796 4944 ex
2829 4889 3074 4953 Rabano,
3097 4900 3150 4943 et
3177 4888 3378 4943 Bedam

1807 5001 1872 5040 ex
1906 4984 2035 5039 solis
2071 4982 2504 5053 Hieronymianis
2524 4981 2832 5046 conﬂatum,
2865 4997 2971 5050 quo
2999 4981 3128 5035 nihil
3159 4990 3238 5035 est
3263 4982 3376 5034 ine-

1806 5073 1969 5142 ptius.
1999 5071 2054 5125 Si
2089 5071 2351 5125 tantillum
2382 5087 2556 5142 opera:
2604 5071 2871 5139 posuisset
2909 5070 3270 5124 Florentinius
3317 5070 3373 5122 in

1807 5161 2149 5217 conferendis
2176 5178 2297 5216 cum
2322 5161 2511 5216 Adone
2549 5161 2981 5232 Hieronymianis
3028 5160 3372 5232 apographis,

1807 5251 1924 5306 luce
1949 5252 2245 5304 meridiana
2289 5252 2488 5305 clarius
2515 5252 2975 5321 deprehendisset,
3003 5251 3092 5304 vix
3115 5249 3372 5316 majorem

1804 5344 1976 5397 Adoni
2008 5358 2126 5397 cum
2168 5341 2621 5414 Hieronymianis,
2665 5358 2821 5411 quam
2874 5357 2994 5394 cum
3039 5338 3372 5393 Kalcndariis

1804 5432 2074 5495 Bucherii,
2106 5432 2536 5502 Carthaginensi,
2568 5432 2748 5485 Allatii
2781 5441 2833 5484 et
2876 5429 3162 5483 Frontonis
3201 5427 3372 5481 affini-

1805 5532 1970 5580 tatem
2000 5524 2353 5588 intercedere,
2383 5531 2542 5593 atque
2569 5523 2703 5575 adeo
2731 5521 2898 5591 gratis
2923 5520 3141 5574 omnino
3168 5528 3223 5570 ct
3242 5532 3368 5588 per-

1804 5627 1988 5681 peram
2013 5612 2138 5673 dici,
2175 5611 2264 5665 illa
2291 5610 2462 5666 Adoni
2494 5609 2664 5663 facem
2689 5607 2942 5678 praeferre
2969 5607 3226 5676 potuisse.

1878 5705 1996 5758 119.
2036 5703 2160 5758 Hace
2199 5703 2264 5756 ad
2307 5701 2626 5773 Speciosiora
2649 5699 2959 5755 Florentinii
2991 5699 3194 5768 objecta
3237 5695 3368 5750 satis
