3936 6348
148 362 270 417 521

1524 345 1896 407 PROLECOM
1904 337 2038 404 ENA
2052 392 2055 393 ν

3336 336 3441 399 52-2

150 454 324 509 nullo
349 461 509 525 pacto
550 450 817 521 quadrare
842 461 1003 519 posse
1033 461 1126 503 sex
1157 445 1270 517 jam
1301 450 1497 500 statuta
1527 458 1592 497 ex
1620 440 1761 497 Ado-
1866 432 2121 496 nauseam
2147 432 2469 494 inculcanda.
2500 438 2602 494 fuit
2634 446 2688 494 et
2720 430 3008 509 repetenda
3030 479 3044 503 ,
3076 436 3153 491 uti
3191 453 3222 493 e
3249 440 3441 521 contra

152 543 263 598 nis
286 540 603 613 praefatione
629 539 827 609 capita,
873 538 918 593 si
946 546 1135 592 contra
1171 536 1387 591 evicero
1415 534 1469 589 in
1496 532 1763 604 Martyro-

152 633 378 704 llogium
411 628 696 701 Roswrydi
742 627 1027 699 aptissime
1049 634 1105 680 et
1148 624 1488 695 apertissime
1531 623 1757 687 cadere;

153 734 311 795 puto
336 723 609 778 neminem
636 720 752 775 fore
779 720 833 773 in
854 720 1152 789 posterum,
1187 717 1281 786 qui
1300 716 1498 772 debita)
1518 716 1763 770 Βοιωηο

154 833 237 889 pa
247 833 346 873 rvo
376 814 707 885 antiquitati,
732 820 789 867 et
810 810 1020 867 meritis
1038 808 1329 879 Rosweydi
1349 807 1599 863 laudibus
1621 807 1765 862 ausit

157 908 488 964 detrahere.
519 905 632 975 Age
654 916 787 957 vero
833 900 1077 970 singulos
1109 898 1314 954 Adonis
1360 898 1542 968 apices
1566 911 1766 966 expert-

158 999 391 1054 damus.
420 996 491 1049 Et
527 995 596 1049 ad
622 992 856 1062 primum
906 990 1126 1059 quidem
1173 996 1337 1057 caput
1367 987 1511 1057 quod
1546 986 1762 1051 attinet,

160 1104 289 1144 non
318 1086 571 1152 dilliteur,
599 1100 668 1140 ex
704 1081 1128 1154 Hieronymiano
1152 1081 1397 1152 adjuvari
1420 1079 1765 1150 aliquatenus

159 1179 426 1251 potuisse
448 1177 715 1239 Adonem,
741 1182 802 1228 ut
828 1172 946 1228 dies
972 1186 1174 1227 vacuos
1213 1169 1514 1240 suppleret;
1554 1168 1685 1238 quin
1709 1176 1767 1221 et

165 1267 512 1325 adversariis
562 1266 726 1329 dabo,
771 1263 917 1332 quod
958 1262 1099 1316 forte
1148 1261 1485 1331 ignorarunt,
1531 1272 1656 1312 nam
1697 1272 1767 1312 ex

167 1362 372 1417 Adone
390 1358 713 1419 ostenditur,
745 1356 921 1426 ipsum
949 1353 1373 1424 Hieronymiauo
1392 1366 1549 1406 usum
1574 1350 1766 1415 fuisse,

172 1460 392 1524 utpote
412 1450 554 1521 quod
578 1449 780 1504 diserte
800 1447 934 1503 citat
954 1460 1083 1499 xxrv
1118 1442 1401 1499 Februarii
1430 1442 1517 1497 his
1545 1440 1725 1496 verbis
1749 1458 1764 1495 :

174 1543 251 1598 Et
275 1545 335 1598 in
366 1538 769 1611 Martyrologio,
795 1538 935 1609 quod
961 1536 1175 1591 Eusebii
1203 1545 1251 1590 et
1280 1534 1589 1603 Hieronymi
1616 1548 1769 1588 voca-

174 1632 323 1689 bulis
361 1632 668 1701 insignitum
709 1638 806 1684 est.
838 1626 1077 1682 Probant
1108 1628 1241 1691 haec,
1284 1624 1362 1679 uti
1405 1624 1665 1693 potuisse,
1708 1630 1770 1677 ut

174 1724 569 1796 supplerentur
617 1722 733 1776 dies
759 1720 946 1784 vacui;
993 1726 1076 1774 ast
1119 1734 1279 1774 usum
1320 1716 1513 1782 fuisse,
1557 1718 1659 1771 hoc
1682 1722 1769 1770 est

1862 534 2085 598 ibidem,
2108 532 2177 587 ad
2201 532 2319 587 dies
2337 545 2504 602 prope
2527 531 2767 602 singulos
2788 545 2949 601 quam
2976 530 3090 585 fieri
3112 529 3288 598 potuit
3306 514 3446 583 exai

1861 626 2126 691 ctissime,
2147 639 2214 681 ex
2239 623 2484 681 Romano
2512 640 2697 696 parvo,
2727 624 2955 691 Adonis,
2980 622 3210 679 Usuardi
3234 632 3291 678 et
3313 622 3445 679 Not-

1863 716 1999 782 keri;
2024 716 2238 786 genesis
2262 723 2408 770 tanta
2443 716 2564 772 luce
2596 716 2649 771 in
2678 716 2862 771 oculos
2890 725 3152 786 perpetuo
3181 715 3445 778 incurret,

1863 815 1926 862 ut
1951 808 2073 878 quis
2103 808 2286 863 sciens
2319 822 2385 863 ac
2420 807 2609 864 volens
2648 806 2900 863 caccutire
2942 805 3172 870 debeat,
3199 804 3292 875 qui
3330 798 3447 860 haec

1863 879 2046 951 omnia
2073 897 2354 969 evidenter
2374 897 2741 954 demonstrata
2763 895 3056 952 iulicietur.

1936 991 2061 1047 126.
2102 988 2219 1045 Non
2243 991 2422 1045 minus
2448 991 2791 1061 perspicuum
2815 998 2898 1046 est
2922 1022 2938 1056 δ
2973 991 3272 1045 secundum
3299 990 3448 1046 Ado—

1868 1082 1954 1138 nis
1978 1083 2409 1153 pronuntiatum,
2437 1083 2506 1137 ab
2535 1081 2972 1154 Hieronymianis
2998 1081 3315 1153 longissime
3337 1081 3451 1156 diss

1868 1179 2052 1233 situm.
2082 1177 2200 1232 Non
2231 1178 2418 1232 deerat
2447 1176 2619 1232 Adoni
2647 1175 3012 1247 Martyrologii
3042 1174 3450 1247 Hieronymiani

1868 1268 2167 1339 exemplar,
2208 1268 2304 1324 sed
2329 1284 2452 1323 cum
2481 1268 2533 1323 in
2564 1283 2632 1323 eo
2662 1269 2931 1338 ingentem
2961 1280 3146 1321 rerum
3173 1265 3451 1321 confusio-

1870 1375 1994 1415 nem
2014 1360 2339 1423 adverteret,
2364 1368 2476 1414 tum
2497 1360 2549 1414 in
2580 1359 2738 1414 nullis
2757 1366 3057 1429 martyrum
3078 1367 3135 1412 et
3154 1357 3455 1425 saepissime

1870 1449 2135 1504 truncatis
2151 1449 2458 1518 laxatisque
2487 1448 2816 1513 nominibus,
2840 1448 3024 1502 tumin
3051 1447 3331 1512 Kalendis,
3354 1462 3454 1503 seu

1870 1539 2145 1594 laterculis
2168 1538 2316 1609 ipsis,
2339 1539 2500 1609 plane
2515 1538 2866 1605 deordinatis;
2885 1537 2937 1593 id
2949 1538 3049 1593 sibi
3066 1536 3454 1606 subsidiqu

1871 1628 2097 1684 rendum
2115 1628 2267 1692 vidit,
2293 1644 2357 1683 ex
2377 1643 2483 1698 quo
2508 1628 2620 1683 dies
2634 1638 2925 1699 martyrum
2940 1627 3205 1682 verissime
3215 1636 3451 1691 uetaret;

1871 1734 2008 1791 quos
2055 1720 2109 1775 in
2141 1720 2575 1792 llicronymianis
2602 1720 2847 1790 confusos
2887 1719 3199 1775 inveniebat.
3230 1718 3286 1774 id
3324 1733 3457 1774 vero

177 1817 330 1888 quod
354 1829 455 1870 nec
499 1811 730 1869 suadere
759 1818 1036 1866 tentarunt
1075 1807 1395 1874 adversarii,
1421 1822 1523 1863 nec
1545 1822 1769 1878 persua-
1798 1803 1845 1862 B
1871 1824 2033 1882 quam
2055 1820 2378 1882 opportune,
2398 1820 2506 1866 tam
2536 1811 2765 1868 feliciter
2788 1811 2998 1867 invenit
3019 1811 3072 1867 in
3094 1818 3311 1883 reperto
3340 1811 3455 1866 Ra-

178 1905 391 1960 debuut
435 1916 691 1973 unquam.
722 1899 848 1956 Sola
875 1898 1327 1956 Observationum
1357 1906 1663 1955 nostrarum
1699 1897 1767 1952 ad

181 1995 494 2051 Usuardum
521 1993 706 2057 lectio,
729 1992 1025 2062 quemlibet
1054 2006 1163 2045 non
1187 1990 1518 2046 obstinatum
1549 1990 1616 2045 de
1639 2004 1770 2045 con-

183 2089 358 2144 traria
383 2088 632 2153 veritate,
658 2085 848 2140 diebus
872 2084 1043 2139 ferme
1072 2084 1296 2156 singulis
1321 2084 1619 2139 couvincet.

259 2177 387 2232 lib.
424 2175 561 2230 Rem
593 2175 763 2244 ipsam
808 2174 1206 2245 aggrediamur,
1248 2181 1412 2243 atque
1438 2174 1505 2227 ad
1534 2171 1768 2241 primum

188 2268 484 2322 Adonianze
511 2266 846 2336 prtefationis
871 2271 1051 2334 caput,
1088 2262 1293 2332 liquido
1315 2263 1765 2325 demonstremus,

194 2363 431 2418 Adonem
460 2363 512 2417 in
542 2363 837 2433 supplendo
859 2362 1027 2425 Beda,
1058 2361 1481 2431 llieronymiano
1506 2359 1771 2431 Martyro-

198 2454 341 2525 logio
387 2469 540 2509 usum
586 2468 692 2508 non
742 2452 932 2508 fuisse.
965 2449 1081 2506 Huc
1112 2451 1273 2507 faciet
1306 2451 1626 2507 Florentiuii
1657 2464 1772 2505 me.

142 2536 149 2541 “
202 2547 416 2612 thodus,
448 2552 549 2617 qua
576 2548 888 2619 speciminis
913 2548 1087 2619 gratia
1117 2546 1467 2618 evagabimur
1495 2560 1593 2617 per
1622 2560 1772 2601 men-

192 2646 309 2715 sem
342 2653 501 2693 unum
524 2648 614 2693 aut
637 2639 887 2704 alterum,
918 2647 1210 2708 utrumque
1248 2636 1687 2707 Martyrologium
1715 2643 1771 2690 et

192 2727 503 2800 Hieronymi
526 2738 580 2783 et
600 2730 804 2785 Adonis
827 2726 1186 2793 conferendo;
1217 2740 1395 2796 neque
1433 2725 1581 2781 enim
1606 2724 1772 2795 pluri-

190 2818 294 2874 bus
323 2834 457 2890 opus
481 2820 609 2885 erit,
637 2827 697 2874 ut
726 2819 1166 2874 manifestissime
1208 2812 1586 2888 percipiatuus,
1637 2813 1773 2870 nihil

190 2910 371 2965 minus
396 2910 659 2978 cogitasse
683 2910 947 2974 Adonem;
990 2923 1151 2980 quam
1178 2916 1239 2963 ut
1261 2923 1327 2965 ex
1354 2907 1773 2979 Hieronymiano

184 3000 310 3056 dies
334 3002 386 3056 in
412 3001 555 3056 Beda
586 3008 787 3056 Vacuus
821 3001 1150 3056 restitueret.
1182 2998 1276 3054 Vis
1300 2999 1488 3069 paucis
1516 3006 1569 3054 et
1593 2991 1772 3069 palpa-

186 3091 377 3148 biliter
415 3093 701 3149 veritatem
751 3103 988 3163 tangere,
1041 3102 1363 3162 percurrere
1397 3090 1539 3147 solos
1569 3091 1772 3162 primos

1870 1918 2059 1960 vennae
2072 1904 2474 1977 Martyrologio,
2498 1903 2651 1974 cujus
2677 1905 2904 1977 vestigia
2926 1902 3107 1961 omnia
3130 1903 3455 1969 clarissime;

1869 2005 1926 2051 et
1955 1995 2364 2051 distiuctissime
2392 1994 2616 2066 praefert
2651 2004 2807 2051 vetus
2829 1994 2960 2051 illud
3003 1994 3312 2066 Rosweydi,
3359 2009 3460 2051 nos

1871 2087 1955 2142 bis
1967 2087 2269 2142 Romanum
2286 2102 2512 2157 parvum
2526 2101 2632 2157 quo
2659 2086 2726 2142 de
2753 2086 2839 2142 hic
2870 2087 3109 2157 agimus:
3139 2094 3304 2155 atque
3326 2083 3460 2140 illud

1871 2177 2100 2233 dicimus
2127 2175 2415 2232 venerabile
2433 2186 2482 2231 et
2502 2178 2886 2247 perantiquum,
2907 2175 3082 2231 forma
3105 2175 3460 2245 quidem,-or-

1869 2265 1996 2320 diue
2029 2273 2084 2320 et
2108 2274 2217 2320 tota
2244 2276 2341 2321 Sua
2372 2264 2606 2335 eleganti
2636 2266 2938 2322 meonomia
2964 2264 3273 2331 venerabile,
3299 2273 3461 2321 aetate

1869 2356 2264 2426 perantiquum,
2315 2371 2438 2411 cum
2465 2364 2681 2412 centum
2726 2365 2782 2413 et
2808 2355 3042 2428 amplius
3071 2355 3230 2411 annis
3268 2355 3463 2411 Adone
3532 2416 3537 2423 ,

1872 2449 2138 2505 vetustius
2157 2464 2298 2516 esse,
2330 2450 2551 2505 omnino
2579 2464 2921 2506 censeamus.
2943 2448 3209 2505 Poterant
3235 2448 3461 2519 quidem

1870 2547 1926 2594 et
1955 2539 2071 2594 haec
2097 2539 2204 2594 duo
2233 2538 2471 2608 epitheta
2505 2538 2939 2611 liieronymianis
2972 2547 3194 2609 prapter
3219 2546 3461 2594 vetusta-

1871 2637 1983 2685 tem
2025 2630 2221 2695 tribui,
2258 2629 2353 2685 sed
2390 2643 2514 2685 cum
2544 2630 2598 2685 in
2630 2630 2752 2686 aliis
2796 2629 2952 2701 plane
2990 2629 3280 2695 deficiant,
3324 2630 3462 2686 satis

1869 2722 2215 2795 patet,alium
2233 2720 2504 2777 Ravennae
2534 2730 2805 2793 repertum
2828 2722 2897 2779 ab
2908 2721 3098 2778 Adone
3117 2722 3459 2786 thesaurum;

1872 2828 1979 2883 quo
2003 2812 2058 2868 in
2077 2808 2449 2868 concinnando
2475 2810 2855 2883 Martyrologio
2880 2826 2979 2868 suo
3014 2812 3233 2882 adjutus
3255 2810 3458 2877 fuerit;

1872 2903 1928 2959 id
1981 2902 2126 2974 quod
2174 2901 2421 2958 Romano
2475 2916 2644 2974 parvo
2690 2902 3005 2973 planissime
3046 2911 3104 2957 et
3144 2901 3464 2973 plenissime

1874 2995 2154 3066 competit,
2184 3001 2384 3064 utpote
2408 3009 2517 3064 quo
2541 2994 2730 3051 diebus
2759 2993 2986 3065 singulis
3015 2994 3092 3049 ita
3117 3008 3177 3050 se
3216 2992 3463 3065 adiutum

1874 3086 2115 3142 ostendit
2158 3084 2274 3141 Ado
2300 3126 2315 3151 ,
2358 3097 2417 3140 ut
2456 3100 2582 3141 raro
2623 3086 3008 3156 praetermittat
3049 3094 3288 3152 sanctos,
3334 3093 3464 3141 raro

186 3181 329 3238 duos
350 3194 563 3237 menses
583 3182 896 3237 Januarium
924 3190 979 3237 et
1000 3182 1376 3249 Februarium,
1412 3182 1646 3253 atquein
1668 3181 1774 3237 illis
1801 3168 1846 3232 C
1877 3179 1995 3251 ipsa
2018 3179 2181 3235 verba
2210 3178 2481 3250 negligat,
2505 3178 2701 3248 quibus
2732 3178 2906 3234 sancti
2936 3177 2992 3233 in
3019 3176 3270 3234 Romano
3292 3188 3464 3248 parvo

187 3273 333 3329 solis
376 3273 585 3329 duobus
612 3275 744 3330 ‘dies
787 3272 955 3329 ferme
994 3274 1351 3344 quadraginta
1394 3274 1668 3339 invenies,
1717 3273 1773 3328 in

187 3363 391 3434 quibus
412 3376 511 3419 nec
534 3378 638 3418 una
663 3363 877 3434 quidem
909 3362 1112 3419 Adonis
1159 3363 1495 3418 annuntiatio
1519 3377 1642 3419 cum
1668 3362 1775 3418 ulla

189 3455 739 3528 Hieronymiauarum
776 3457 1084 3510 concordet.
1128 3454 1188 3511 Si
1233 3454 1300 3511 e‘x
1331 3455 1543 3511 caeteris
1584 3454 1778 3525 aliqua:

187 3548 325 3603 hinc
350 3548 504 3616 inde,
534 3549 727 3604 saltem
752 3549 969 3604 nomine
990 3547 1166 3614 tenus,
1195 3548 1486 3604 convenire
1512 3548 1564 3603 in
1596 3547 1777 3618 aliquo

189 3640 501 3706 videantur,
546 3646 758 3711 semper
781 3641 946 3695 etiam
989 3640 1301 3696 diversitate
1326 3639 1522 3712 aliqua,
1562 3647 1616 3695 et
1644 3638 1777 3695 satis

191 3729 427 3788 notabili
460 3733 791 3803 diScrepaut.
826 3731 1023 3787 Sancte
1052 3729 1335 3802 profiteor,
1377 3732 1429 3786 in
1460 3720 1778 3786 Usuardinis

189 3820 680 3880 Observatioiiibus
727 3818 944 3891 (quibus
966 3820 1305 3890 putissimum
1341 3821 1517 3878 studui
1548 3821 1613 3876 ad
1640 3820 1780 3875 anti-

190 3913 516 3983 quissimam
557 3913 794 3968 radicem
837 3921 1148 3967 sanctorum
1179 3913 1468 3968 memorias
1500 3910 1778 3982 revocare)

191 4021 343 4077 smpe
361 4002 498 4074 mihi
532 4003 885 4060 laborandum
916 4004 1100 4069 fuisse,
1136 4010 1195 4056 ut
1229 4018 1371 4057 nunc
1395 4018 1462 4057 ex
1494 4002 1604 4068 illo,
1638 4017 1781 4056 nunc

174 4104 268 4152 ex
308 4095 482 4149 altero
525 4094 944 4165 Hieronymiano
985 4093 1295 4163 apographo
1330 4091 1639 4145 afﬁnitatem
1684 4091 1782 4145 ali-

193 4200 385 4255 quam,
416 4186 627 4240 obtorto
660 4184 818 4255 quasi
843 4180 998 4249 collo,
1034 4183 1174 4238 inter
1198 4182 1309 4253 ipsa
1341 4191 1393 4239 et
1417 4182 1659 4236 Adonem
1691 4197 1781 4237 ex-

197 4275 506 4331 tunderem.

272 4363 396 4421 125.
438 4364 590 4432 Quod
614 4363 703 4420 hic
725 4364 791 4419 de
821 4364 1029 4419 duabus
1057 4362 1332 4423 mensibus
1358 4363 1501 4429 dico,
1534 4362 1583 4417 id
1613 4362 1783 4418 lectur

195 4457 255 4512 in
284 4457 537 4511 omnibus
579 4455 929 4525 sequentibus
957 4470 1062 4511 non
1100 4456 1275 4510 minus
1312 4455 1457 4511 clare
1487 4462 1539 4509 ct
1568 4456 1771 4525 perspi-

1879 3271 2292 3337 annuntiantur,
2324 3284 2554 3341 eamque
2599 3285 2771 3342 nuper
2800 3270 3041 3327 diximus
3065 3283 3186 3327 esse
3209 3276 3379 3326 totam
3408 3278 3465 3324 et

1880 3364 2192 3419 continuam
2231 3363 2414 3432 operis
2443 3364 2617 3419 nostri
2650 3364 3193 3420 demonstrationem.

1950 3455 2075 3510 l27.
2117 3453 2325 3523 Quarto
2370 3453 2491 3510 loco
2543 3462 2775 3510 testatur
2814 3455 2966 3519 Ade,
3021 3454 3466 3527 Martyrologium

1880 3547 2151 3602 Ravenna:
2176 3546 2280 3601 sibi
2311 3546 2637 3616 pressatum,
2669 3546 2734 3601 ab
2758 3546 2884 3601 urbe
2915 3546 3097 3601 Roma:
3125 3548 3421 3617 Aquileiam
3450 3584 3466 3614 ,

1879 3639 2089 3695 cuidam
2120 3648 2301 3707 sancto
2322 3640 2560 3710 episcopo
2589 3652 2622 3693 α
2647 3638 2893 3710 pontiﬁce
2921 3637 3162 3693 Romano
3182 3640 3462 3695 directum.

1881 3728 2033 3797 Sine,
2084 3737 2137 3785 te
2178 3728 2550 3794 submoneam;
2600 3743 2669 3783 ex
2713 3728 2871 3784 dictis
2924 3744 3085 3799 supra
3138 3745 3284 3785 num.
3340 3730 3462 3790 422.

1881 3828 2066 3876 notum
2119 3818 2292 3873 Adoni
2343 3817 2519 3872 fuisse
2565 3816 3003 3889 Martyrologium
3054 3819 3194 3889 quad
3250 3817 3469 3874 Eusebii

1880 3919 1929 3965 et
1972 3908 2281 3980 Hieronymi
2322 3905 2586 3962 vocabulis
2629 3907 2933 3979 insignitum
2979 3917 3075 3964 est.
3099 3907 3231 3977 Quis
3261 3908 3465 3980 igitur.

1860 3996 1967 4057 ‘vel
2019 4000 2314 4056 verisimile
2364 3999 2559 4064 faciat,
2616 4000 2682 4056 iis
2726 4001 2935 4067 verbis,
2992 4016 3056 4057 ea
3106 4001 3289 4073 phrasi
3335 4017 3467 4059 usu-

1885 4114 2006 4152 rum
2054 4097 2336 4161 Adonem,
2396 4096 2442 4151 si
2502 4095 2752 4163 libellus,
2815 4095 3088 4151 Raveunze
3141 4112 3173 4150 α
3225 4095 3469 4168 religioso

1883 4190 2049 4261 fratre
2097 4185 2550 4252 communicatus,
2576 4187 2765 4242 eadem
2806 4186 3023 4242 Eusebii
3055 4195 3109 4240 et
3153 4184 3469 4259 Hieronymi

1884 4278 2143 4335 vocabula
2186 4276 2547 4349 prmtulisset?
2589 4274 2793 4341 Nemo,
2837 4284 2898 4330 ut
2930 4275 2984 4330 in
3028 4277 3314 4346 proverbio
3341 4286 3467 4341 est,-

1883 4369 2146 4425 eduobus
2194 4368 2293 4423 tria
2336 4367 2554 4435 videat,
2602 4375 2698 4422 aut
2747 4365 3022 4439 pulverem
3069 4367 3242 4422 oculis
3291 4365 3466 4425 oll‘ttne

1884 4461 1979 4516 dat
2005 4481 2018 4515 :
2043 4460 2131 4516 hic
2162 4468 2270 4515 tam
2308 4458 2536 4516 diversis
2562 4458 2966 4514 characteribus
2998 4460 3288 4528 utrumque
3322 4457 3467 4514 Mar-

196 4562 304 4603 cue
331 4546 719 4616 deprehendet,
747 4560 889 4615 saepe
915 4545 1282 4600 demiraturus
1312 4553 1419 4598 tam
1450 4545 1637 4610 multa,
1667 4555 1774 4599 tam
1811 4529 1856 4589 ί)
1884 4551 2201 4624 tyrologium
2229 4550 2543 4622 designatur
2566 4590 2582 4616 ,
2637 4558 2696 4604 ut
2741 4548 2933 4605 saltem
2984 4548 3466 4622 Hieronymiannm

197 4638 490 4703 audacter,
520 4641 629 4692 tam
653 4645 858 4693 temere
886 4638 953 4692 de
982 4637 1133 4691 hisce
1163 4635 1558 4707 Martyrologiis
1584 4646 1639 4691 et
1664 4636 1775 4692 Ro-

195 4743 365 4784 mano
388 4743 575 4798 parvo,
602 4743 667 4782 ex
693 4727 1055 4797 perfunctoria
1077 4726 1238 4781 unius
1265 4725 1495 4781 fortasse
1527 4734 1619 4781 aut
1649 4727 1782 4781 alte-

197 4820 321 4875 rius
351 4817 456 4874 loci
486 4815 793 4884 collatione,
844 4817 1202 4874 determinata
1249 4825 1304 4872 et
1348 4817 1565 4872 definita
1593 4819 1777 4873 fuisse.

193 4909 523 4965 Clamabam
543 4924 728 4978 supra,
761 4909 886 4963 inde
919 4908 1190 4979 Rosweydi
1214 4908 1261 4962 Κ
1265 4906 1591 4962 alendarium
1615 4910 1780 4977 magis

194 5002 515 5070 oppugnari,
556 5000 699 5068 quod
733 5000 843 5053 dies
884 5000 1175 5070 frequentes
1206 5000 1432 5053 haberet
1462 4999 1778 5069 martyribus

195 5106 417 5155 vacuos,
444 5105 565 5144 cum
596 5090 905 5160 frequentes
937 5088 1013 5144 illi
1046 5090 1162 5144 dies
1194 5089 1281 5143 vix
1320 5097 1489 5143 totum
1529 5098 1781 5159 septena-

196 5178 344 5233 rium
377 5179 798 5246 constituerent;
831 5178 920 5234 hic
947 5193 1095 5244 vero,
1133 5180 1178 5234 si
1224 5180 1433 5249 superis
1474 5179 1671 5248 placet,
1716 5193 1782 5235 ex

199 5266 630 5337 llieronymiano
653 5268 767 5323 dies
788 5268 841 5322 in
867 5268 1008 5323 Beda
1037 5278 1240 5323 vacuos
1277 5268 1513 5339 suppleri
1545 5268 1783 5338 potuisse

166 5388 171 5392 -
197 5360 562 5425 contendent,
591 5359 680 5414 ubi
715 5368 827 5415 toto
866 5374 1048 5416 mense
1074 5361 1373 5416 Februario
1410 5362 1500 5416 vix
1527 5370 1781 5433 quatuor,

198 5460 300 5505 aut
342 5451 582 5520 quinque
627 5451 1067 5506 annuntiationes
1100 5452 1455 5525 assignabiles
1492 5460 1634 5517 sunt,
1665 5468 1783 5523 qua:

198 5539 272 5594 ad
300 5538 751 5614 Hieronymianas
776 5550 1049 5612 utcunque
1072 5544 1254 5598 reduci
1282 5552 1505 5614 queant.
1529 5542 1785 5615 Singulos

198 5628 324 5684 dies
352 5642 669 5701 percurrere
689 5671 703 5695 ,
735 5644 837 5687 nec
876 5640 1067 5697 vacat,
1098 5648 1197 5689 nec
1220 5648 1354 5704 opus
1377 5641 1460 5689 est
1487 5650 1500 5687 :
1534 5648 1622 5687 res
1669 5634 1781 5703 ipsa

201 5719 465 5792 loquitur,
489 5720 788 5790 eademque
812 5731 924 5777 toto
954 5722 1262 5781 Usuardiuo
1292 5738 1454 5797 opere
1496 5725 1670 5781 ferme
1716 5727 1783 5779 ad

529 5814 801 5874 Ριιτειοι..
846 5814 1133 5879 CXXIII.

1881 4643 2031 4698 nullo
2081 4658 2301 4713 prorsus
2331 4652 2490 4712 pacto
2517 4657 2639 4698 esse
2681 4641 2889 4711 possit,
2940 4640 3069 4695 illud
3099 4657 3206 4712 quo
3252 4658 3312 4698 se
3350 4643 3469 4697 Ado

1884 4734 2126 4805 adjutum
2156 4732 2375 4788 fatetur.
2404 4733 2474 4787 At
2498 4741 2684 4787 nostro
2716 4731 2961 4787 Romano
2998 4748 3165 4802 parvo
3193 4732 3471 4804 aptissimo

1884 4825 2135 4881 convenit
2159 4865 2173 4890 ,
2207 4833 2264 4878 ut
2290 4823 2477 4879 Romae
2520 4823 2783 4894 scriptum
2820 4831 2874 4879 et
2904 4823 3295 4894 compositum,
3344 4833 3465 4879 tan-

1885 4931 2048 4987 quam
2085 4929 2207 4969 vere
2228 4913 2554 4978 Romanum,
2589 4922 2716 4968 tunc
2744 4912 2931 4968 Romae
2965 4913 3257 4980 usitatum,
3293 4933 3326 4969 a
3358 4913 3468 4987 Ro-

1884 5019 2042 5057 mano
2069 5003 2312 5073 pontiﬁce
2340 5002 2551 5056 cuidam
2576 5011 2756 5056 sancto
2787 5003 3027 5073 episcopo
3065 5004 3360 5073 Aquileiam
3384 5005 3471 5057 di-

1887 5104 2082 5149 rectum
2112 5093 2211 5159 sit;
2243 5108 2438 5162 nempe
2464 5100 2524 5147 ut
2551 5093 2597 5148 is
2636 5092 2921 5164 episcopus
2964 5093 3091 5149 ritui
3136 5094 3380 5150 Romano
3408 5112 3470 5150 se

1886 5185 2283 5252 conformaret;
2327 5184 2490 5255 idque
2517 5185 2587 5240 ab
2614 5183 2946 5257 Aquileieusi
2973 5185 3201 5255 aliisque
3220 5185 3469 5242 ecclesiis

1892 5277 2194 5334 factitatum
2221 5278 2617 5345 existimamus,
2643 5278 2817 5334 donec
2845 5277 3131 5332 methodus
3164 5276 3465 5335 USuardiua

1890 5368 2062 5439 magis
2092 5367 2296 5438 placuit
2331 5378 2649 5440 tantumque
2676 5369 2935 5440 paulatim
2974 5367 3238 5432 invaluit,
3265 5369 3470 5425 ut-Ro—

1862 5468 1991 5514 ma:
2021 5459 2183 5514 etiam
2228 5459 2481 5529 adoptata
2508 5501 2522 5525 ,
2568 5460 2655 5515 diu
2687 5469 2811 5514 ante
2855 5458 3025 5515 Belini
3058 5458 3303 5514 Patavini
3335 5468 3469 5517 tem-3

1864 5562 2021 5619 pora
2051 5548 2157 5603 dici
2205 5550 2485 5615 meruerit,
2535 5548 2970 5620 Martyroloyium
3012 5550 3471 5608 secundum'mo—

1889 5654 1996 5694 rem
2020 5639 2272 5695 Romana:
2300 5642 2481 5697 curiit.

1962 5731 2083 5789 128.
2130 5731 2187 5787 Si
2229 5732 2314 5787 cui
2349 5732 2577 5788 fortasse
2608 5731 2777 5801 magis
2806 5728 3016 5800 placeat
3046 5712 3397 5801 lienschenii,
3419 5733 3475 5791 ei

2960 5828 3033 5885 17
