3936 6348
577 414 684 475 523

1500 412 1870 472 USUARDUS
1905 408 2154 465 MONACI

2256 411 2283 465 s
2316 411 2490 468 sane
2502 409 2959 468 ERMANENSIS.
3677 426 3743 481 εει

576 526 936 599 Papebrocbii
963 526 1166 597 opinio,
1201 534 1454 597 cxrot'cs'sa
1497 526 1551 579 in
1587 523 1813 594 prologo
1855 520 1921 576 ad
1962 520 2164 575 Bedam
2191 523 2241 582 Α
2271 521 2557 577 manifeste
2585 520 2807 587 alliciat,
2840 523 3040 587 verbo.
3088 532 3374 596 utrumque
3406 544 3525 600 opus
3560 542 3742 607 tanquam

577 628 705 677 ante
730 619 1028 676 secundum
1073 629 1277 674 tornum
1308 618 1480 672 Martii
1509 657 1525 681 ,
1557 630 1708 670 num.
1742 615 1831 680 11,
1878 613 2016 668 nihil
2048 628 2162 667 ma-

576 723 815 780 gnopere
855 708 1195 772 oblucmbor,
1226 723 1346 762 cum
1395 706 1529 761 nihil
1574 704 1648 760 ibi
1695 709 1968 768 asserunt,
2020 701 2164 771 quod

575 809 699 853 cum
743 798 846 852 hac
892 805 1075 853 nostra
1109 796 1372 850 sententia
1426 811 1532 850 non
1577 793 1821 864 apprime
1850 792 2159 848 conveniat.

576 890 668 948 Sic
690 890 893 946 habent
915 907 930 945 :
966 908 984 940 ι
1006 892 1083 943 Ac
1102 889 1340 958 primum
1372 887 1694 951 invenimus,
1713 886 1813 939 tria
1842 899 1941 940 nos
1959 864 2164 938 habere

578 979 964 1050 (manuscripta
988 979 1150 1033 Beda;
1174 977 1600 1050 Martyrologia),
1633 988 1753 1048 qua:
1782 973 1994 1046 singula
2016 973 2160 1028 inte-

576 1082 727 1139 grum
758 1068 985 1133 Bedam,
1022 1067 1116 1123 sed
1144 1068 1356 1122 modice
1386 1076 1602 1121 auctum
1624 1106 1638 1131 ,
1667 1075 1725 1121 et
1759 1064 1935 1134 quoad
1964 1077 2162 1118 vacuos

572 1159 688 1215 dies
706 1158 1030 1230 suppletum,
1061 1169 1170 1214 tam
1195 1159 1424 1215 ﬁdeliter
1447 1157 1827 1221 exbibuerunt,
1859 1164 1920 1210 ut
1941 1154 2162 1210 omnino

572 1251 1042 1321 persuaderemur,
1067 1252 1121 1306 in
1146 1251 1418 1321 plerisque
1443 1248 1702 1305 Romanis
1722 1247 1986 1313 basilicis,
2001 1246 2160 1302 abro-

571 1347 697 1411 gnto
736 1340 1147 1412 Hieronymiani
1197 1340 1567 1413 Martyrologii
1617 1356 1742 1406 usu,
1769 1347 1825 1395 et
1871 1338 1985 1405 illo,
2016 1337 2162 1408 quod

569 1428 903 1500 Aquileiensi
932 1431 1208 1500 episcopo,
1236 1446 1266 1484 a
1291 1430 1548 1500 pontifice
1586 1429 1812 1485 missum
1845 1442 2007 1499 supra
2045 1442 2161 1482 mo-

572 1517 815 1584 nuimus,
840 1517 1074 1575 fortasse
1104 1522 1213 1574 non
1244 1519 1347 1573 nisi
1380 1520 1432 1573 in
1457 1518 1749 1585 Laterano,-
1778 1518 2008 1588 aliisque
2030 1532 2161 1588 pana

569 1607 649 1665 eis
662 1607 909 1664 ecclesiis
926 1619 1169 1680 recepto,
1206 1610 1279 1663 ita
1296 1610 1581 1680 probatum
1607 1609 1728 1664 aliis
1746 1609 1946 1664 Bedam
1968 1607 2160 1674 fuisse,

567 1706 630 1755 nt
657 1714 723 1755 eo
748 1700 1137 1756 convenienter
1164 1709 1341 1765 aucto,
1375 1701 1636 1756 utendum
1669 1700 1851 1772 plures
1875 1699 1977 1755 sibi
2003 1708 2160 1770 puta-

551 1791 747 1848 'verint
772 1831 788 1859 ,
817 1791 1116 1862 usquedum
1145 1791 1425 1847 iisuardus
1455 1791 1602 1847 visus
1626 1789 2007 1846 ecclesiasticis
2043 1790 2157 1845 usi-

566 1887 668 1940 bus
691 1883 1172 1940 accommodatior.
1201 1902 1221 1935 ι
1256 1882 1382 1938 litec
1411 1883 1631 1953 quidem
1660 1880 1790 1936 alibi
1817 1881 1981 1952 paulo
1999 1880 2157 1935 aliter
2190 1878 2232 1936 Β

566 1975 802 2045 explicat
821 1973 1246 2044 Papebrocbius,
1280 1982 1340 2027 ut
1364 1974 1418 2027 in
1441 1972 1739 2043 appendice
1766 1971 1833 2026 ad
1864 1969 2153 2025 articulum

568 2066 634 2120 18
672 2065 1109 2136 Responsionum
1131 2103 1147 2129 ,
1181 2064 1276 2119 sed
1315 2063 1458 2117 dicta
1487 2078 1585 2118 sua
1612 2070 1669 2116 et
1705 2062 1906 2131 scripta
1935 2062 2115 2116 omnia
2136 2090 2157 2123 ,-

566 2170 687 2224 qute
727 2152 1236 2226 Martyrologiorum
1269 2153 1553 2208 materiam
1596 2159 1888 2222 spectant,
1916 2150 1984 2205 ad
2014 2150 2154 2226 hanc

566 2253 808 2299 nostram
839 2225 1167 2299 sententiam
1199 2242 1442 2298 revocari
1464 2250 1522 2297 et
1566 2241 1852 2298 relormari
1875 2251 2001 2296 ante
2038 2225 2154 2296 ubi:

565 2349 681 2394 tum
710 2354 867 2394 suum
917 2338 1228 2407 postulavit.
1261 2338 1461 2394 Verum
1510 2338 1589 2393 sic
1625 2334 1797 2392 ferme
1823 2350 1854 2390 a
1877 2334 2154 2406 proposito

567 2438 887 2503 argumento
914 2430 1301 2485 dilaberemur.

637 2521 761 2577 129.
799 2519 920 2577 Jam
949 2522 1016 2576 ad
1042 2520 1293 2592 quintum
1319 2528 1481 2591 caput
1509 2519 1655 2590 quod
1685 2519 1906 2585 attinet,
1958 2518 2153 2589 praefa-

563 2624 678 2670 tum
706 2628 850 2685 saepe
898 2612 1341 2686 Martyrologium
1387 2631 1419 2667 a
1464 2612 1707 2683 religioso
1738 2611 1904 2681 fratre
1950 2610 2150 2682 aliquot

563 2706 746 2760 diebus
766 2705 1077 2775 prwstitum,
1094 2703 1331 2774 diligenti
1352 2719 1480 2757 cura
1503 2718 1599 2772 per
1630 2701 1877 2759 Adonem
1899 2700 2153 2754 transcri-

564 2805 710 2868 ptum
732 2811 863 2861 esse,
895 2795 1042 2865 quid
1074 2794 1219 2848 aliud
1254 2793 1411 2848 nobis
1438 2793 1602 2848 etiam
1649 2789 2028 2863 patentissime
2056 2789 2150 2845 de-

564 2894 735 2953 notat,
766 2900 930 2956 quam
974 2881 1417 2954 Martyrologium
1453 2879 1974 2952 Hieronymianum?
2007 2878 2153 2935 Fue-

565 2987 652 3033 rat
671 2986 899 3034 sanctus
926 2976 1044 3032 Αόο
1089 2975 1390 3030 monachus
1420 2971 1651 3028 coenobii
1701 2970 2069 3026 Ferrariensis
2094 2970 2151 3025 in

562 3068 834 3133 Vastinio,
866 3065 1063 3122 deinde
1101 3065 1169 3120 ad
1207 3063 1527 3119 Prumiense
1554 3062 1913 3133 migraverat,
1937 3061 2151 3131 aliaque

564 3160 712 3216 baud
735 3159 928 3224 dubie,
957 3165 1019 3213 ut
1045 3165 1166 3213 erat
1200 3155 1432 3227 diligens
1460 3170 1643 3210 rerum
1676 3161 1948 3210 scrutator
1967 3193 1983 3218 ,
2009 3152 2112 3207 alia
2131 3192 2146 3219 ,

2269 625 2433 664 unum
2455 611 2706 681 idemque
2739 611 3143 682 complectatur.
3181 614 3284 671 Ubi
3323 615 3741 690 Floretttinius,aut

2267 701 2705 757 adversariorum
2752 702 3022 773 quispiam
3073 704 3254 771 alius,
3303 710 3554 778 exemplar
3589 714 3741 785 aliquod

2267 791 2771 866 Hioronym‘ianum,
2804 796 2860 850 in
2885 797 3064 868 capite
3085 799 3351 855 Adoniani
3378 801 3684 879 Martyrologii
3701 828 3739 867 ea

2267 884 2478 939 ratione
2505 884 2743 953 positum
2764 885 3021 945 alicunde
3045 890 3276 957 eruerit,
3301 906 3394 961 per
3418 908 3498 949 me
3522 896 3640 963 licet,
3659 910 3740 957 tunc

2265 972 2592 1043 disputando
2619 974 2961 1045 inquiratur,
3003 993 3073 1034 an
3118 990 3441 1051 postremum
3486 985 3573 1040 hoc
3604 1003 3654 1043 ex
3681 1006 3737 1046 se:

2265 1063 2562 1121 Adonianis
2600 1067 2907 1137 capitibus,
2982 1068 3364 1143 Martyrologio
3423 1073 3736 1147 Hieronymiano

2264 1159 2607 1231 aliquatenus
2641 1164 2820 1234 aptari
2860 1166 3055 1235 possit.
3083 1165 3255 1224 Nobis
3284 1169 3484 1224 interim
3510 1181 3670 1229 certum
3689 1177 3736 1230 ti-

2254 1250 2453 1317 ,detur,
2494 1260 2609 1307 tam
2636 1262 2763 1325 apte
2785 1294 2801 1321 ,
2840 1262 2951 1311 tam
2979 1257 3296 1325 clare,.tam
3337 1260 3586 1318 manifeste
3613 1279 3733 1321 omnes

2263 1357 2359 1399 eos
2417 1345 2718 1412 articulos;
2784 1362 2911 1403 cum
2970 1348 3220 1407 Romano
3285 1365 3443 1421 parvo
3499 1367 3731 1424 congruere,

2264 1443 2425 1504 quam
2447 1435 2732 1506 liquidum,
2756 1446 2954 1509 patens
2979 1446 3039 1495 et
3055 1440 3284 1498 evidens
3320 1441 3408 1505 sit,
3433 1434 3662 1513 praedicata
3677 1447 3730 1500 illa

2263 1526 2447 1580 omnia
2484 1527 2554 1584 ab
2586 1518 3013 1601 Hieronymiano
3036 1544 3161 1587 esse
3199 1531 3543 1599 alienissima;
3580 1535 3615 1589 si
3646 1534 3730 1592 forte

2262 1616 2526 1687 excipias,
2555 1619 2701 1688 quod
2724 1619 3038 1677 venerabile
3067 1629 3124 1676 et
3161 1637 3261 1693 per
3289 1624 3542 1694 antiquum
3559 1626 3727 1695 appdlui

2265 1722 2425 1777 posse
2454 1724 2562 1763 non
2589 1708 2945 1780 diﬁiteamur,
2984 1711 3032 1769 si
3059 1720 3174 1771 tota
3201 1716 3469 1772 veneratio
3493 1731 3520 1771 a
3544 1717 3628 1772 sola
3645 1720 3727 1773 anti-

2263 1798 2472 1868 quitate
2501 1800 2900 1869 proficiscatur.
2920 1806 2929 1815 '

2339 1888 2463 1944 151.
2505 1889 2582 1943 Ex
2610 1889 2697 1945 his
2734 1892 3043 1948 rectissime
3080 1883 3331 1950 concludi
3367 1902 3508 1963 pesse
3539 1895 3722 1959 existimo,

2255 1980 2323 2035 iis
2344 1980 2641 2047 coloribus,
2672 1982 2741 2038 ab
2764 1982 3001 2053 ipsemet
3027 1979 3224 2039 Adone
3249 1984 3402 2040 nobis
3426 1984 3722 2054 depictumesse

2253 2078 2429 2137 vetus,
2474 2084 2569 2127 seu
2596 2083 2825 2142 parvum
2870 2073 3214 2140 Romanum,
3265 2082 3323 2130 ut
3364 2075 3517 2143 magis
3539 2076 3590 2129 ad
3610 2076 3717 2129 virum

2253 2161 2344 2215 vix
2365 2175 2396 2215 a
2422 2177 2692 2233 quoquam
2706 2163 2963 2220 delineari
2987 2167 3247 2236 potuerit.
3271 2166 3556 2231 Viderat,et
3574 2182 3712 2236 scrupu-

2252 2249 2366 2306 lose
2389 2252 2777 2308 observaverat
2802 2254 3135 2311 lineamenta
3163 2256 3282 2313 baee
3307 2258 3477 2311 omnia
3511 2257 3716 2311 ocuhlissi-

2253 2356 2373 2396 mus
2398 2341 2749 2414 Rosweydus,
2771 2359 3090 2415 priusquam
3105 2345 3521 2402 lectori-auderet
3533 2361 3713 2401 asserere:

2252 2432 2488 2488 Adonem
2533 2435 2718 2490 veteris
2760 2436 2923 2506 hujus
2962 2432 3332 2509 Martyrologii
3366 2438 3560 2506 vestigiis
3592 2451 3715 2504 semper
3818 2438 3819 2467 ξ

2251 2526 2527 2593 insistere;
2552 2528 2871 2598 priusquam
2896 2529 3182 2597 lectorem,
3209 2520 3443 2585 veritatis
3468 2526 3715 2585 secums.itz

2253 2617 2590 2674 conﬁdenter
2640 2618 3010 2690 alloqueretur
3056 2638 3071 2676 :
3130 2640 3150 2673 ‹
3183 2620 3463 2676 Enimvero
3503 2628 3619 2673 vetus
3657 2617 3716 2669 hoc

2251 2704 2556 2762 Romanum
2580 2704 3039 2779 Martyrologium,
3060 2708 3270 2772 fontem
3292 2725 3406 2765 esse
3429 2708 3617 2764 omnium
3640 2705 3716 2759 alitt-

2252 2806 2371 2850 rum
2395 2796 2902 2869 Martyrologiorum
2935 2798 3435 2872 (Hieronymianum
3461 2808 3501 2853 et
3525 2796 3715 2865 genuinum

2251 2886 2453 2942 Bedam
2476 2887 2713 2942 necdum
2736 2888 2991 2960 noverat)
3024 2880 3117 2960 qui
3156 2890 3241 2946 vel
3270 2890 3452 2945 leviter
3485 2885 3711 2957 inspexerit.

2252 2991 2360 3032 non
2411 2977 2684 3033 dubitabit
2735 2993 3003 3035 asserere.
3068 2980 3191 3035 Ado
3230 2990 3373 3035 certe
3415 2988 3475 3034 ex
3518 2979 3596 3032 hoc
3627 2974 3714 3028 fonte

2253 3080 2383 3121 suas
2411 3080 2581 3137 aquas
2618 3065 2910 3123 derivavit.
2949 3068 3019 3124 Et
3044 3076 3101 3122 ut
3137 3067 3304 3124 fontis
3349 3068 3479 3121 latex
3513 3062 3713 3132 aborigine

2255 3173 2353 3213 sua
2400 3159 2685 3225 recedens,
2725 3160 2928 3215 sensim
2972 3161 3249 3231 augescit,
3288 3167 3342 3213 et
3379 3160 3428 3213 in
3454 3158 3585 3212 rivum
3612 3150 3711 3219 anuis

564 3256 786 3324 inquam
808 3292 822 3317 ,
879 3250 1087 3308 ordinis
1153 3250 1236 3306 sui
1302 3246 1549 3305 coenobia
1601 3246 1928 3302 lustraverat
1957 3287 1974 3313 ,
2045 3245 2148 3302 alia
2179 3230 2224 3293 C
2256 3247 2493 3318 undique
2520 3248 2915 3303 confluentibus
2944 3230 3061 3303 abit
3076 3249 3265 3315 ﬁdem
3297 3246 3485 3302 factum
3520 3244 3602 3298 huic
3617 3238 3705 3292 llat-

567 3342 949 3415 Martyrologia
977 3349 1127 3397 certo
1166 3340 1412 3404 viderat,
1444 3347 1500 3394 et
1535 3336 1841 3393 certissime
1877 3336 2154 3405 exemplar

565 3433 651 3490 vel
679 3433 819 3488 forte
847 3429 1182 3500 exemplaria
1212 3426 1633 3498 Hieronymiana
1655 3465 1669 3490 ,
1715 3438 1837 3494 quae
1880 3423 2152 3479 Ravennte

569 3529 866 3601 quaerenda
886 3542 992 3583 non
1017 3524 1260 3591 fuerunt,
1286 3539 1387 3580 nec
1408 3523 1481 3579 ibi
1505 3521 1915 3578 transcribenda
1934 3537 1948 3575 :
1965 3530 2151 3592 aperte

564 3622 913 3692 eloquamur;
948 3633 1056 3674 non
1092 3618 1169 3672 ita
1214 3614 1483 3672 scriberet
1506 3614 1625 3669 Ade
1659 3611 1728 3667 dc
1765 3612 2010 3682 praestito
2048 3611 2149 3666 sibi

565 3711 773 3777 codice,
805 3709 853 3765 si
907 3705 1346 3778 Martyrologium
1370 3745 1386 3771 ,
1434 3703 1574 3775 quod
1623 3700 1844 3757 Eusebii
1883 3711 1930 3756 et
1959 3700 2154 3755 Hiero-

563 3806 707 3878 nymi
745 3801 1008 3859 uocabulis
1034 3800 1340 3871 insignitum
1371 3807 1467 3861 est,
1501 3794 1969 3852 transcribendum
1997 3808 2152 3849 acce-

564 3899 754 3968 pisset.
788 3893 1082 3950 Enimvero
1113 3891 1261 3956 novi,
1290 3889 1496 3958 aliquid
1542 3887 1617 3943 ibi
1650 3887 1872 3951 detexit,
1900 3885 2024 3940 Ade
2048 3884 2151 3939 sibi

567 3988 791 4058 suisque
836 3984 990 4055 prius
1031 3981 1394 4050 incognitum,
1451 3977 1613 4048 idque
1656 3977 1726 4032 ob
1771 3984 2013 4032 exactam
2047 3975 2152 4029 Ka-

564 4077 845 4133 lendarum
879 4073 1112 4137 seriem,
1151 4072 1221 4125 ob
1250 4080 1552 4139 martyrum
1595 4065 1821 4123 nomina
1858 4074 1968 4120 tam
2005 4066 2152 4120 clare

562 4166 822 4222 distincta
863 4162 999 4217 tanti
1028 4161 1158 4216 fecit
1178 4200 1194 4226 ,
1227 4170 1283 4214 ut
1315 4158 1483 4214 ferme
1514 4156 1689 4215 Croesi
1718 4170 1878 4225 opes,
1915 4156 2057 4226 quod
2086 4156 2153 4211 de

565 4257 719 4313 Pauli
765 4255 947 4311 tunica
990 4253 1325 4324 praedicabat
1367 4240 1763 4322 Hieronymus,
1816 4263 1874 4304 se
1902 4247 2152 4302 effudisse

564 4349 912 4412 existimans,
936 4344 1068 4400 illud
1094 4359 1263 4398 unum
1302 4353 1556 4411 tanquam
1589 4339 1833 4411 regulam
1880 4338 1983 4395 sibi
2027 4354 2153 4408 pro-

560 4440 840 4512 posuerit,
884 4446 946 4493 ut
994 4435 1197 4492 notatis
1231 4430 1485 4490 aectirate
1515 4431 1791 4496 Kalendis,
1823 4446 1891 4485 ex
1920 4429 2152 4485 collectis

562 4534 907 4603 undecunque
950 4530 1255 4601 passionum
1291 4526 1558 4581 codicibus
1575 4562 1599 4590 ,μ
1628 4532 1940 4580 sanctorum
1984 4538 2149 4578 enco-

564 4624 675 4680 mia
704 4622 863 4694 paulo
893 4621 1052 4676 latius
1073 4631 1123 4674 et
1155 4619 1386 4689 apertius
1413 4615 1746 4681 describeret,
1774 4614 1962 4685 sicque
1998 4615 2154 4683 inﬁr-

566 4715 757 4769 miores
812 4713 1093 4782 fratres,...
1129 4711 1194 4763 .in
1245 4708 1509 4762 memoriis
1562 4716 1854 4776 martyrum
1909 4706 2158 4760 haberent

568 4804 989 4877 compendiosum
1023 4802 1330 4866 lectionem,
1373 4810 1528 4872 atque
1581 4800 1635 4854 in
1677 4816 1837 4869 parvo
1870 4798 2154 4863 codicello,

567 4896 709 4969 qubd
730 4896 895 4952 multo
917 4895 1093 4949 labore
1120 4910 1212 4964 per
1237 4892 1331 4947 alii
1360 4890 1534 4963 plures
1556 4891 1759 4945 codices
1780 4892 2083 4960 exquirunt.

647 4988 771 5043 150.
820 4987 1087 5056 Superest
1120 4992 1332 5038 sextum
1368 4982 1531 5052 idque
1568 4981 1818 5037 ultimum
1862 4980 2156 5037 Adoniame

567 5081 904 5156 prmlationis
945 5085 1134 5149 caput,
1177 5076 1320 5131 haud
1357 5089 1629 5145 quaquam
1678 5075 2163 5129 contemnendane.

570 5177 626 5230 ln
656 5189 722 5230 eo
749 5171 994 5228 declarat
1038 5165 1365 5223 Viennensis
1392 5163 1805 5234 Martyrologus,
1837 5162 1979 5233 quod
2024 5163 2156 5217 illud

568 5270 745 5340 ipsum
780 5267 1057 5323 Ravenna:
1083 5261 1455 5331 transcriptum
1479 5258 1919 5331 Martyrologium
1940 5294 1963 5324 ,-
1988 5260 2041 5313 in
2063 5278 2156 5312 m-

564 5359 672 5429 pite
718 5357 802 5412 sui
833 5355 1005 5426 operis
1034 5351 1337 5424 ponendum
1364 5350 1646 5420 putaverit.
1695 5347 1811 5404 Non
1836 5349 1971 5403 dixit
2002 5351 2154 5418 operi

567 5462 668 5503 suo
695 5446 1035 5507 sociandum,
1069 5451 1162 5497 aut
1194 5458 1300 5495 una
1325 5456 1448 5495 cum
1479 5452 1643 5508 opere
1674 5455 1772 5494 suo
1806 5440 2159 5510 compingeu-

567 5536 719 5604 dum,
749 5538 845 5593 sed
873 5535 1100 5598 diserte,
1136 5534 1191 5586 in
1221 5530 1388 5601 capite
1420 5529 1590 5599 operis
1611 5528 1907 5599 ponendum
1936 5539 2153 5597 putave-

568 5632 658 5695 rit,
690 5631 769 5685 sic
788 5638 850 5684 ut
866 5644 989 5682 cum
1013 5641 1177 5696 opere
1206 5638 1306 5678 suo
1325 5664 1339 5688 ,
1378 5638 1546 5678 unum
1566 5620 1965 5689 quodammodo
1988 5619 2157 5673 idem-

569 5737 677 5793 que
707 5736 841 5792 opus
863 5719 1193 5781 constituat,
1224 5727 1278 5769 et
1304 5715 1376 5769 ita
1406 5713 1628 5783 quidem
1658 5719 1721 5766 ut
1755 5711 1870 5782 ipsa
1898 5726 1993 5765 sua
2022 5725 2158 5780 przc-

569 5810 733 5879 Datiu,
780 5810 995 5881 utrique
1034 5809 1185 5878 operi
1230 5804 1621 5877 praeminatur,
1678 5811 1968 5871 utrumque
2020 5815 2154 5870 opus

2179 4571 2234 4632 D

2255 3337 2542 3409 tyrologio,
2571 3338 2714 3407 quod
2737 3354 2884 3393 nunc
2913 3354 2943 3393 a
2967 3338 3111 3395 Beda
3148 3329 3712 3409 (Plantinianumindigiut

2252 3442 2322 3482 ex
2343 3429 2532 3484 Adone
2562 3428 2857 3499 sumptum)
2893 3442 3037 3485 nunc
3066 3430 3137 3484 ab
3177 3428 3420 3485 Usuardo
3455 3426 3583 3495 (hunc
3599 3419 3711 3474 Adone

2253 3517 2526 3574 seniorem
2570 3518 2817 3590 putabat)
2854 3533 2999 3574 nunc
3043 3517 3114 3573 ab
3151 3518 3371 3581 Adone,
3418 3528 3537 3570 nunc
3573 3505 3710 3564 abillis

2252 3606 2513 3678 paulatim
2544 3607 2795 3663 increvit.
2847 3605 3061 3663 Licebit
3093 3622 3244 3661 nunc
3286 3606 3352 3660 ad
3379 3604 3549 3658 fontem
3570 3595 3712 3666 digitum

2252 3712 2470 3769 semper
2492 3697 2807 3763 intendere;
2836 3713 2903 3753 eo
2931 3698 3074 3753 enim
3112 3697 3221 3752 ﬁne
3239 3726 3259 3762 ,τ
3294 3702 3442 3766 caput
3466 3689 3608 3752 fontis,
3627 3680 3712 3754 quod

2254 3790 2519 3844 hactenus
2550 3788 2786 3854 latebat,
2827 3789 2884 3843 in
2926 3797 3177 3858 apertum
3204 3786 3443 3859 produxi.
3471 3803 3486 3836 ι
3513 3780 3607 3835 Haec
3633 3775 3713 3829 [lor

2253 3878 2478 3949 weydus
2507 3879 2687 3950 sagaci
2715 3909 2741 3945 ,ο
2764 3887 2977 3934 maturo
3003 3890 3246 3950 veroque
3280 3876 3487 3947 judicio,
3509 3886 3591 3943 quo
3611 3878 3713 3935 ιιειῐυε

2253 3970 2461 4026 ferebat
2481 3972 2673 4043 adepta
2692 3979 2818 4026 tunc
2835 3971 3093 4042 temporis
3106 3970 3568 4043 Martyrologiornm
3581 3958 3711 4016 nstitit-

2254 4064 2435 4119 Rivuli
2459 4080 2589 4120 vero
2621 4071 2676 4118 et
2704 4063 3005 4119 rivulorum
3054 4079 3181 4120 cum
3224 4063 3393 4134 primo
3427 4060 3504 4115 illo
3525 4051 3712 4111 serieino-

2256 4163 2385 4211 strae
2428 4155 2577 4211 fonte
2613 4155 2904 4220 connexio,
2937 4160 3234 4224 per'totum
3266 4148 3522 4208 Usuardini
3544 4144 3715 4210 Marter

2253 4245 2381 4317 logii
2425 4245 2754 4302 curriculum
2804 4246 2996 4301 diebus
3044 4246 3293 4316 singulis,
3338 4252 3438 4297 tam
3478 4231 3657 4295 sensibili
3683 4236 3715 4281 et

2255 4339 2511 4411 palpabili
2543 4339 2704 4395 modo
2724 4354 2791 4394 ex
2826 4338 3308 4395 Observationibus
3331 4334 3510 4392 nostris
3530 4326 3712 4386 elucescil.

2255 4436 2318 4483 ut
2344 4428 2587 4499 pluribus
2616 4429 2718 4483 hoc
2763 4442 2955 4481 saxum
2995 4427 3086 4482 hic
3114 4427 3329 4483 volvere
3375 4422 3712 4493 supervacaneum

2258 4522 2521 4577 videatur.
2562 4520 2760 4575 Verum
2791 4535 2914 4576 cum
2951 4524 3011 4574 et
3046 4520 3155 4576 alia
3180 4526 3477 4592 argumenta
3507 4512 3713 4582 snppclaﬂlc

2260 4627 2379 4681 qua:
2425 4610 2653 4666 Romani
2695 4610 2859 4680 parvi;
2891 4610 3228 4665 authentiam
3274 4607 3481 4663 miriﬁce
3519 4599 3713 4656 illustrem.

2259 4700 2408 4757 lubet
2433 4709 2490 4756 et
2513 4699 2600 4755 illa
2628 4700 2872 4770 sequenti
2898 4699 3128 4755 articulo
3150 4699 3388 4755 ordinate
3409 4694 3636 4752 deducere.

2788 4808 3182 4866 ARTICULUS
3219 4809 3305 4864 IV.

2258 4905 2481 4962 Romani
2522 4904 2669 4976 parui
2697 4903 2987 4956 auctoritas
3006 4943 3021 4966 ,
3052 4918 3116 4956 ea:
3142 4897 3505 4976 characteribus
3538 4882 3712 4960 ρνορτὶίει

2541 4973 2699 5044 style,
2722 4989 2930 5044 genere,
2956 4983 3110 5027 (etate
3147 4974 3527 5026 demonstratur.

2331 5067 2455 5122 152.
2488 5040 2622 5120 Eam
2660 5040 2821 5119 modo
2848 5062 3081 5119 Romani
3110 5063 3260 5133 parvi
3285 5059 3491 5130 clligiem
3516 5067 3567 5110 ex
3589 5040 3718 5138 Αάοπξε

2262 5157 2580 5231 praefatione
2614 5169 2927 5225 expressam
2953 5153 3221 5219 dedimus,
3241 5161 3300 5206 ut
3322 5147 3547 5204 facillime
3563 5140 3717 5238 inpio“s

2261 5250 2481 5323 agnosci
2503 5248 2743 5319 possitet-
2759 5247 2970 5312 debeat,
2989 5260 3159 5316 eaque
3181 5244 3362 5315 agnita
3373 5232 3719 5323 promptissimum

2262 5320 2335 5398 sit
2372 5355 2563 5397 omnes
2609 5337 3047 5393 adversariorum
3103 5333 3469 5390 cavillationes
3499 5320 3716 5398 infringere
3814 5392 3815 5395 η

2269 5396 2470 5489 bemus
2496 5431 2779 5495 Frontoni,
2805 5419 3616 5493 Florentinio,Gointioadannum
3638 5396 3717 5497 Sis"

2268 5541 2324 5595 p.
2360 5523 2485 5588 515,
2504 5532 2558 5575 et
2590 5521 3002 5591 quibuscunque
3028 5517 3213 5573 aliisin
3243 5514 3418 5571 eadem
3435 5502 3538 5563 navi
3551 5497 3717 5595 barren“:

2268 5616 2400 5678 bus;
2431 5614 2641 5677 demus,
2665 5589 3111 5682 inquam,’iomnia
3130 5609 3270 5663 inter
3288 5605 3552 5659 Romanum
3568 5589 3721 5682 98ml“?

2267 5714 2321 5762 et
2346 5703 2551 5762 Adonis
2578 5672 3025 5775 Martyrologium
3051 5701 3125 5756 ita
3152 5699 3293 5754 inter
3335 5707 3390 5749 se
3412 5672 3723 5775 coagmentet

2269 5760 2553 5866 utrobique
2580 5760 2740 5851 idem.
2752 5792 2823 5850 sit
2851 5760 3039 5864 siylus,
3068 5790 3208 5847 idem
3235 5777 3563 5848 orderesdem
3596 5760 3725 5818 iubar
