3936 6348
154 403 278 461 525

1487 369 2016 453 PROLEGOMENA.

3331 390 3437 458 sub

167 511 342 564 iidem
379 505 703 568 soloecismi,
732 505 893 560 udem
923 517 1166 567 errores,
1188 517 1411 572 prorsus
1439 513 1498 558 ut
1531 505 1585 558 in
1613 503 1756 558 nullo
1785 511 1829 569 Α
1862 501 2019 584 Paiin
2050 506 2254 576 vigilias
2278 513 2523 581 posuisse
2552 496 2896 584 reperiatur;
2931 524 2988 568 ιιι
3032 515 3156 570 inde
3199 505 3304 572 non
3345 519 3437 572 im-

159 602 505 670 discrepent,
535 599 752 666 sintque
778 597 977 652 similia
1002 598 1207 663 omnia,
1229 597 1533 666 nequedum
1557 611 1749 651 conse-

158 700 346 762 ‘qnens
359 690 471 745 ullo
487 697 645 760 pacto
661 688 783 744 inde
797 687 1208 758 fuerit,parvum
1225 687 1351 742 illud
1367 686 1668 741 Romanum
1682 701 1746 739 ex

160 781 346 835 altero
376 779 736 839 contractum,
767 777 867 832 nisi
901 785 1009 831 tota
1037 776 1238 831 Adonis
1263 775 1505 846 przel'atio
1526 775 1749 828 eviden-

163 874 241 926 tis
269 871 527 926 falsitatis
549 880 603 924 et
650 869 1009 939 apertissima:
1048 867 1432 938 suppositionis
1459 867 1753 922 convinca-

163 969 291 1029 tur;
322 963 466 1032 quod
503 963 554 1016 in
579 959 738 1015 ullius
765 961 1046 1015 cerebrum
1071 959 1353 1023 hactenus,
1379 958 1462 1013 vel
1483 973 1578 1028 per
1603 973 1753 1012 som-

161 1055 324 1108 nium
359 1053 614 1108 incidisse
643 1091 657 1117 ,
699 1066 805 1105 non
857 1051 1126 1104 novimus.
1172 1049 1332 1118 Atqui
1381 1050 1756 1104 sanctissimus

163 1126 498 1200 Viennensis
529 1143 722 1214 pnesul
747 1141 973 1197 candide
1013 1150 1068 1196 et
1107 1142 1319 1198 sincere
1359 1142 1660 1210 proﬁtetur,
1698 1154 1758 1196 se

163 1236 234 1291 ad
259 1234 588 1305 supplendos
611 1233 769 1288 Bedze
797 1233 912 1288 dies
940 1219 1160 1295 vacuos,
1205 1233 1444 1302 adjutnm
1484 1233 1648 1288 fuisse
1675 1250 1757 1288 ve-

166 1325 403 1380 nerabili
449 1335 499 1380 et
548 1323 855 1394 pera'ntiquo
896 1319 1298 1394 Martyrologio,
1349 1323 1610 1378 Ravenna:
1656 1323 1757 1379 sibi

164 1417 477 1486 pra'stita,a
501 1429 558 1468 se
585 1416 922 1484 transcripta,
953 1430 981 1468 a
1007 1412 1064 1469 se
1087 1415 1141 1468 in
1167 1416 1333 1484 capite
1363 1415 1529 1484 aperis
1557 1416 1638 1470 sui
1669 1426 1760 1485 po-

166 1507 274 1558 sita
305 1519 324 1556 :
354 1505 628 1560 invenitur
657 1504 798 1558 istud
843 1505 1017 1573 ipsum
1049 1493 1482 1574 Martyrologium
1509 1505 1560 1559 in
1587 1493 1760 1574 capite

168 1593 448 1648 Adoniani
495 1591 768 1664 positum,
819 1602 1084 1662 apparent
1127 1592 1327 1662 Ubique
1367 1593 1615 1663 vestigia,
1651 1603 1761 1648 tam

170 1685 325 1739 elare
345 1685 412 1738 ab
437 1684 624 1738 Adone
649 1682 972 1754 prtesignata
994 1724 1008 1748 ,
1039 1697 1212 1752 eaque
1241 1693 1296 1738 et
1330 1683 1538 1754 singula
1567 1694 1623 1738 et
1647 1699 1763 1738 om-

172 1769 268 1831 nia
310 1777 390 1832 sic
441 1777 687 1831 Romano
727 1791 895 1847 parvo
936 1777 1152 1846 propria
1201 1785 1326 1831 sunt
1373 1786 1433 1831 ut
1462 1778 1515 1831 in
1557 1777 1760 1832 nullum

1854 581 2114 663 probabili
2143 597 2450 667 conjectura
2497 581 2752 672 colligere
2793 603 2915 672 quis
2941 603 3129 673 possit,
3172 602 3438 676 Martyro—

1855 679 2054 752 logium
2084 684 2213 739 illud
2238 696 2481 742 nostrum
2509 699 2634 745 ante
2656 689 2813 745 Beda:
2844 699 3081 760 tempora
3106 690 3270 746 fuisse
3293 708 3442 748 com-

1855 765 2112 852 positum,
2137 777 2383 846 quamvis
2415 795 2513 835 nos
2542 782 2801 850 epocbam
2845 783 2961 852 ejus
3005 792 3254 853 putemus
3281 783 3443 854 paulo

1855 857 2171 944 post'Beda:
2197 855 2404 924 obitum
2455 868 2836 928 inchoandam.
2864 874 2933 928 At
2976 890 3106 931 vero
3139 877 3440 948 vigiliarum

1856 954 2206 1038 emissionem
2229 959 2370 1015 inter
2392 963 2678 1018 vetustatis
2700 953 2847 1019 certa
2879 965 3077 1021 indicia
3105 967 3264 1037 plane
3292 983 3441 1024 com-

1857 1041 2150 1114 putandam
2175 1065 2317 1117 esse,
2348 1053 2582 1122 probant
2611 1071 2802 1112 rursus
2846 1045 3266 1129 llieronymiana
3315 1075 3446 1130 apo-

1857 1133 2082 1209 grapha,
2108 1141 2176 1196 ad
2202 1158 2324 1213 quae
2368 1139 2446 1201 sic
2488 1154 2642 1201 notat
2669 1145 3034 1205 Florentinius
3057 1165 3184 1204 xxw
3222 1153 3446 1208 Decem-

1859 1228 2013 1282 bris:
2069 1247 2088 1280 ι
2118 1231 2251 1287 Cum
2295 1249 2472 1304 neque
2498 1234 2552 1290 in
2603 1238 2878 1293 codicibus
2924 1237 3154 1306 nostris,
3187 1256 3361 1312 neque
3391 1239 3445 1297 iu'

1859 1313 2241 1394 Martyrologio
2300 1326 2666 1384 vetustissimo
2723 1331 2993 1401 (namque
3044 1331 3445 1403 Antuerpiensi,’

1805 1437 1826 1450 ο-
1859 1407 1944 1462 vel
1976 1411 2393 1486 Epternacehsi)
2439 1413 2632 1488 Vigilia
2667 1416 2968 1475 nativitatis
3007 1420 3237 1486 Domini,
3263 1423 3315 1476 in
3345 1423 3447 1478 ho-

1861 1499 2063 1557 diernis
2093 1503 2248 1560 fastis
2292 1506 2600 1576 indicetur;
2648 1508 2833 1565 ansam
2878 1513 3107 1582 pratbuit
3147 1512 3447 1570 dubitandi.

1863 1605 1968 1645 non
1988 1606 2107 1647 esse
2133 1593 2234 1649 hoc
2257 1593 2312 1650 in
2335 1595 2576 1652 Ecclesia
2598 1602 2950 1656 vetustissimi
2975 1617 3125 1667 usus,
3143 1602 3226 1656 vel
3255 1603 3450 1660 saltent

1861 1691 2071 1737 CCI‘llllll
2100 1698 2241 1750 esse,
2272 1701 2324 1740 IN
2354 1703 2778 1745 VETUSTIORIBUS
2827 1691 3270 1751 MARTYROLOCIIS
3313 1711 3453 1750 νισι-

1866 1785 1984 1825 LIAS
2029 1788 2130 1828 NON
2185 1790 2444 1831 lNDlCARI.
2472 1798 2489 1830 ι
2529 1779 2584 1834 Si
2616 1779 2777 1850 paulo
2807 1781 3116 1837 accuratius
3145 1780 3450 1840 Romanqu

175 1867 327 1922 aliud
352 1868 789 1939 Martyrologium
841 1868 1133 1922 convenire
1172 1868 1282 1922 ullo
1324 1877 1482 1938 pacto
1528 1871 1759 1940 possint.
1796 1879 1838 1936 Β
1867 1858 2092 1929 Ρπνιηη
2142 1860 2434 1922 θνοινὶεεει
2462 1869 2546 1922 Vir
2596 1868 2951 1946 clarissimus,
2998 1874 3455 1945 advertisselque.

175 1958 247 2013 Et
272 1967 426 2012 erunt
451 1967 574 2028 post
599 1959 733 2024 lucc,
763 1958 854 2027 qui
879 1967 1124 2013 sanctum
1154 1959 1326 2028 ipsqu
1351 1960 1616 2024 Adonem,
1645 1971 1764 2014 tan-

178 2049 295 2104 tum
327 2064 433 2104 non
486 2048 756 2104 mendacii
808 2057 1116 2119 arguentes.
1151 2047 1405 2118 tanquam
1445 2065 1509 2104 ex
1559 2050 1766 2120 tripode

181 2142 339 2197 nobis
388 2141 649 2197 deliniant
677 2181 692 2206 ,
743 2141 1184 2212 Martyrologium
1230 2152 1471 2198 nostrum
1515 2154 1764 2213 parvum,

183 2249 280 2288 seu
308 2233 462 2287 vetus
490 2247 520 2285 a
549 2223 848 2302 ltosweydo
869 2233 1098 2298 editum,
1121 2249 1223 2286 non
1247 2250 1357 2288 esse
1386 2223 1486 2288 nisi
1512 2231 1769 2304 epitomen

189 2321 556 2392 Martyrologii
608 2321 847 2387 Adonis,
895 2321 950 2376 in
991 2330 1098 2390 'quo
1144 2323 1321 2376 omnia
1368 2340 1556 2393 purum
1585 2335 1769 2394 pulum

194 2413 426 2466 Adonem
458 2416 662 2484 sapiant
687 2455 700 2467 .
733 2415 847 2483 Ego
875 2429 961 2468 me
999 2415 1172 2470 lateor
1211 2430 1406 2485 capere
1440 2431 1546 2471 non
1571 2430 1728 2486 posse
1751 2456 1766 2482 ,

200 2501 358 2568 quiid
379 2502 560 2556 saltem
585 2501 935 2568 Florentinio,
968 2504 1202 2573 penitius
1229 2504 1410 2560 omnia
1431 2505 1661 2559 scrutari
1685 2519 1772 2560 so-

196 2590 313 2656 lito,
343 2597 653 2660 persuasum
681 2592 862 2648 fuerit.
891 2595 996 2650 Sed
1028 2595 1188 2650 [idem
1210 2595 1538 2663 liberemus,
1572 2597 1772 2668 ipsum-

190 2696 298 2752 que
323 2683 621 2739 Romanum
645 2685 870 2754 parvum
897 2685 1033 2740 vivis
1074 2687 1217 2751 suis,
1243 2687 1480 2757 propriis
1503 2727 1519 2754 ,
1551 2687 1774 2742 nativis-

190 2789 296 2843 que
325 2774 596 2830 coloribus
626 2776 1002 2846 depingamus.

263 2863 386 2917 155.
428 2861 609 2918 Prima
639 2866 979 2935 antiquitatis
1014 2862 1140 2920 nota
1177 2859 1415 2938 propria,
1449 2876 1503 2922 et
1529 2867 1596 2922 ab
1625 2866 1773 2922 Ado-

187 2951 353 3007 niana
379 2953 631 3008 methodo
659 2955 892 3019 diversa,
939 2955 1063 3009 inde
1110 2956 1164 3009 in
1211 2955 1454 3010 Romano
1481 2971 1649 3026 parvo
1678 2955 1775 3010 de-

188 3044 446 3109 sumitur,
463 3044 604 3113 quod
639 3044 728 3099 ubi
753 3045 869 3100 Ado
891 3053 946 3100 et
970 3046 1148 3100 cmtcri
1175 3047 1495 3102 nonismculi
1520 3045 1778 3118 Martyro-

188 3139 324 3208 logi,
361 3137 608 3209 religiose
639 3153 854 3208 semper
877 3139 1046 3193 sancti
1095 3148 1190 3194 aut
1227 3139 1363 3194 beati
1401 3154 1595 3194 nomen
1639 3155 1779 3194 mar-

1867 1967 1976 2006 non
2031 1954 2135 2008 nisi
2181 1971 2343 2011 unam
2378 1955 2678 2025 Laurentii,
2726 1949 3060 2032 alteramque
3095 1964 3300 2021 Natalis
3353 1959 3455 2021 Do-'

1866 2043 2000 2097 mini
2033 2045 2269 2116 vigiliam
2297 2047 2352 2102 in
2395 2063 2460 2104 eo
2509 2051 2733 2120 signari,
2768 2053 2978 2107 tametsi
3026 2054 3208 2123 plures
3249 2055 3368 2112 alia:
3402 2057 3457 2112 iti

1866 2131 2053 2188 Adone
2105 2137 2468 2205 reperiantur,
2521 2155 2629 2194 non
2679 2149 2786 2194 tam
2837 2141 2993 2196 facile
3029 2145 3456 2212 pronuntiasset;

1874 2240 1893 2274 ι
1915 2226 2196 2294 agnovisse
2220 2219 2296 2292 se,
2326 2244 2432 2284 non
2460 2228 2704 2286 Adonem
2727 2247 2793 2286 ex
2821 2233 2920 2287 hoc
2947 2228 3299 2302 Kalendario,
3337 2245 3459 2292 tan-

1869 2325 2032 2382 quam
2061 2329 2128 2368 ex
2151 2317 2377 2387 antiquo
2412 2317 2742 2388 Aquileiensi
2784 2321 2988 2388 Codice,
3018 2320 3072 2380 in
3103 2341 3260 2382 suum
3315 2328 3460 2384 Mar—

1872 2403 2194 2475 tyrologium
2234 2409 2615 2476 transtulisse;
2649 2414 2743 2466 sed
2790 2428 2821 2468 e
2864 2422 3052 2468 contra
3104 2419 3462 2475 recentiorem

1872 2493 2195 2563 scriptorem
2226 2535 2240 2560 ,
2295 2497 2420 2552 inde
2468 2514 2626 2554 suum
2687 2502 2982 2558 indiculum
3042 2503 3456 2578 compcgisse.i

1871 2582 2055 2654 Neque
2079 2586 2228 2641 dicas
2241 2587 2444 2658 signari
2466 2590 2702 2661 vigiliam
2723 2585 3100 2663 Apostolorum
3119 2615 3224 2653 xxx
3241 2599 3459 2670 Aprilis,

1874 2689 2000 2729 nam
2021 2677 2154 2733 satis
2197 2677 2386 2748 liquet,
2419 2695 2540 2736 eam
2569 2683 2747 2753 inepte
2799 2686 2869 2741 ibi
2901 2688 3164 2745 intrusam
3202 2706 3344 2758 esse,
3383 2693 3464 2750 uti

1875 2768 2064 2822 eodem
2087 2769 2174 2824 die
2207 2769 2459 2836 Quirinus
2489 2775 2727 2844 ponitur,
2762 2776 2816 2832 in
2859 2781 3088 2849 gratiam
3129 2780 3466 2841 Novesiano-

1877 2875 1997 2916 rum
2025 2861 2098 2916 ibi
2131 2863 2420 2932 ascriptus,
2447 2874 2501 2920 et
2528 2865 2666 2921 male
2696 2883 2764 2923 ex
2791 2885 2899 2924 xxx
2937 2870 3112 2926 Martii
3153 2876 3433 2944 repetitus.

1958 2951 2086 3006 155.
2121 2950 2191 3006 Ut
2213 2953 2301 3008 hic
2327 2955 2492 3011 semel
2521 2961 2840 3029 compendio
2877 2962 3262 3031 epitomatores
3281 2963 3470 3025 omnes

1878 3058 2179 3114 exarmem,
2211 3061 2342 3118 rogo
2390 3050 2458 3103 ad
2507 3053 2791 3120 sequentia
2827 3051 3053 3123 quaasita
3101 3056 3302 3114 solidas
3331 3061 3467 3116 mihi

1882 3137 2258 3206 responsiones
2295 3139 2602 3211 subjiciant.
2649 3144 2862 3211 Quaero,
2914 3147 2970 3200 1ο
3013 3146 3070 3202 Si
3103 3148 3468 3224 Martyrologii

189 3231 403 3300 tyribus
450 3239 506 3284 et
549 3229 950 3285 confessoribus
994 3229 1316 3300 praeﬁgunt,
1380 3240 1570 3287 auctor
1617 3231 1772 3287 istius
1801 3229 1845 3292 C
1879 3227 2108 3284 Romani
2140 3231 2340 3286 veteris
2382 3247 2476 3288 seu
2510 3235 2661 3304 parvi
2709 3237 3032 3308 cotnpilator
3077 3242 3284 3300 Adonis
3327 3244 3472 3301 Mar-

190 3320 587 3392 Martyroiogii,
621 3321 750 3376 licet
792 3332 1027 3392 apponat
1057 3321 1348 3392 aliquando
1371 3361 1386 3388 ,
1419 3331 1656 3378 attamen
1679 3339 1776 3378 sa:-

191 3419 320 3488 pius
359 3418 610 3473 omittere
658 3417 864 3484 soleat;
914 3434 1038 3472 nam
1070 3434 1136 3472 ex
1171 3418 1380 3473 duabus
1407 3426 1461 3471 et
1502 3415 1778 3487 sexaginta

194 3508 704 3564 annuntiationibus
757 3508 960 3563 mensis
1011 3506 1298 3572 Januarii,
1365 3507 1562 3577 quibus
1611 3503 1780 3558 sancti

194 3599 358 3664 beati,
396 3603 490 3654 aut
513 3593 819 3654 sanctorum
849 3609 903 3654 et
923 3600 1189 3652 beatorum
1221 3593 1408 3652 titulus
1438 3597 1636 3668 prmtigi
1687 3611 1782 3666 po-

194 3691 303 3745 tuit
335 3691 388 3746 in
419 3693 637 3762 triginta
667 3701 875 3746 tantum
905 3701 960 3747 et
990 3707 1096 3745 una
1125 3690 1432 3762 reperitur;
1461 3706 1646 3745 mense
1677 3689 1781 3744 Fe-

193 3781 456 3844 bruario,
493 3797 559 3837 ex
580 3783 934 3854 quadraginta
973 3783 1213 3852 quinque
1249 3782 1783 3848 annuntiationibus,‘

194 3882 407 3943 septem
453 3877 507 3928 et
551 3875 743 3945 viginti
791 3876 1036 3944 apposito
1094 3877 1302 3929 carent.
1348 3872 1555 3928 Rursus
1598 3867 1784 3927 mense

195 3963 394 4018 Martio
425 3979 492 4019 ex
521 3959 878 4037 quadraginta
919 3977 1185 4036 quatuor,
1228 3965 1356 4021 solre
1401 3965 1624 4036 signata:
1661 3969 1788 4019 sunt

196 4055 466 4110 sedecim;
493 4055 550 4109 Si
575 4071 788 4110 menses
817 4055 951 4110 alios
983 4055 1302 4126 percurras,
1331 4056 1615 4127 pauciores
1640 4069 1786 4109 com-

197 4148 624 4203 memorationes
671 4157 996 4213 occurrunt,
1043 4148 1095 4202 in
1129 4149 1323 4217 quibus
1361 4148 1427 4203 de
1467 4147 1783 4201 ascribenda

195 4238 372 4290 sancti
412 4245 506 4291 aut
548 4238 684 4292 beati
712 4238 1073 4309 appellatione
1117 4236 1484 4309 Martyrologii
1518 4237 1662 4291 illius
1693 4252 1787 4291 au-

201 4335 326 4382 ctor
352 4327 614 4382 sollicitus
645 4327 838 4395 fuerit,
876 4329 1010 4384 adeo
1045 4337 1104 4382 ut
1131 4337 1242 4384 toto
1272 4345 1454 4384 mense
1497 4326 1787 4383 Novembri

205 4419 297 4473 vix
313 4429 523 4488 quater,
542 4421 820 4476 DeCembri
841 4421 1014 4476 solum
1030 4421 1114 4476 bis
1139 4421 1462 4475 inveniatur.
1482 4419 1632 4475 Hanc
1659 4435 1790 4474 vero

205 4519 412 4566 certam
443 4515 563 4566 esse
588 4511 924 4581 antiquitatis
951 4520 1166 4576 notam,
1198 4517 1264 4566 ex
1297 4527 1364 4566 eo
1409 4511 1616 4568 conﬁce
1647 4510 1790 4581 quod

203 4602 426 4658 Codices
461 4601 867 4674 llierouytniani
890 4640 906 4666 ,
960 4607 1070 4657 tum
1113 4601 1347 4671 majores
1384 4617 1414 4656 a
1453 4601 1786 4657 Florentinio

204 4693 375 4758 editi,
426 4702 537 4748 tum
585 4695 850 4757 minores,
886 4709 1022 4763 quos
1061 4694 1230 4764 priori
1273 4694 1449 4764 capite
1478 4693 1788 4762 percensui-

207 4801 357 4854 mus,
390 4801 510 4840 raro
538 4787 590 4840 id
637 4801 806 4857 genus
836 4787 1017 4842 titulos
1052 4787 1404 4855 praemittam,
1455 4794 1617 4855 atque
1654 4785 1788 4838 adeo

208 4886 366 4933 tanto
392 4877 589 4942 rarius,
618 4885 821 4948 quanto
857 4878 1192 4946 antiquiores
1211 4877 1438 4940 fuerint,
1466 4877 1608 4944 quod
1640 4874 1789 4928 miri-

207 4969 317 5025 tice
355 4968 530 5023 elucet
568 4967 624 5022 in
669 4968 977 5038 apographo
1014 4967 1432 5037 Epternacensi,
1475 4966 1526 5020 in
1557 4980 1664 5037 quo
1699 4965 1790 5018 Vix

209 5066 344 5115 nota
367 5066 452 5112 est
494 5058 659 5112 sancti
681 5066 774 5112 aut
802 5058 938 5112 beati
965 5057 1348 5123 nomenclatio,
1396 5067 1451 5112 et
1489 5056 1795 5126 ubicunque

208 5148 522 5220 apponitur,
538 5147 676 5204 forte
703 5158 957 5219 tanquam
974 5149 1245 5218 adjectitia
1273 5150 1506 5221 expungi
1537 5159 1791 5204 meretur.

286 5239 411 5293 154.
439 5240 612 5305 Alter,
641 5241 794 5311 isque
823 5243 1154 5298 indubitatus
1181 5242 1464 5298 vetustatis
1487 5243 1792 5302 character,

207 5333 269 5386 in
296 5330 541 5386 Romano
566 5335 732 5401 parvo
762 5334 972 5389 censeri
1013 5335 1193 5400 debet,
1241 5335 1384 5406 quod
1409 5343 1520 5390 toto
1542 5333 1669 5388 anui
1693 5334 1799 5389 cir-

209 5422 358 5489 culo,
400 5433 460 5479 ut
506 5425 853 5498 Martyrologi
899 5429 1209 5499 loquuntur,
1257 5430 1537 5486 rarissime
1581 5429 1799 5500 Vigilias

210 5525 529 5572 sanctorum
557 5518 880 5590 signaverit;
901 5521 1006 5576 imo
1034 5523 1335 5578 certissime
1362 5538 1467 5578 non
1491 5523 1594 5578 nisi
1617 5538 1801 5586 unam,

215 5606 426 5676 Romae,
447 5606 675 5665 fortasse
711 5612 1002 5682 propriam,
1029 5615 1200 5669 sancti
1238 5614 1553 5680 Laurentii;
1599 5612 1805 5668 Natalis

213 5699 433 5755 Domini
459 5699 684 5757 alteram
710 5719 723 5755 :
758 5717 880 5757 cum
909 5712 1086 5758 tamen
1111 5704 1252 5761 Beda
1274 5715 1472 5776 praeter
1497 5705 1614 5761 illas
1645 5706 1801 5770 duas,

215 5790 386 5848 etiam
413 5793 580 5848 sancti
601 5789 825 5848 Joannis
847 5791 1120 5864 Baptism,
1146 5804 1201 5850 et
1242 5795 1540 5852 sanctorum
1584 5792 1731 5851 Petri
1757 5804 1805 5850 et

1881 3320 2202 3391 tyrologium
2239 3339 2349 3393 pra:
2386 3325 2558 3382 oculis
2581 3327 2790 3395 habuit,
2827 3331 2980 3398 cedo,
3007 3333 3105 3387 eur
3124 3335 3236 3390 dies
3264 3346 3471 3408 septem

1881 3425 2083 3467 vacuos
2109 3413 2348 3482 reliquit,
2391 3431 2514 3470 cum
2569 3427 2772 3486 septem
2812 3419 2955 3487 illos,
3015 3426 3120 3478 non
3173 3427 3351 3483 minus
3405 3444 3472 3483 ac

1883 3494 2108 3557 cteterOs
2128 3518 2317 3559 omnes
2343 3520 2410 3559 ex
2435 3506 2622 3562 Adone
2657 3513 3099 3569 commodissime
3130 3515 3354 3587 implere
3377 3513 3474 3589 po-'

1888 3591 2092 3646 tuerit?
2116 3593 2176 3647 2ο
2204 3593 2336 3660 Quae
2366 3595 2504 3651 ratio
2544 3599 2679 3654 satis
2706 3591 3004 3670 eicogitari
3046 3614 3242 3673 potest,
3273 3624 3372 3663 cur
3396 3612 3476 3666 vin

1883 3681 2060 3751 gilias,
2087 3693 2194 3739 tam
2223 3685 2370 3743 clare
2413 3687 2467 3742 in
2493 3688 2682 3746 Adone
2719 3679 2990 3762 signatas,"
3043 3699 3472 3767 praetermiserit,

1887 3785 1946 3831 ut
1975 3776 2043 3833 de
2071 3769 2250 3847 vigilia
2290 3771 2687 3850 AsSumptionis
2711 3783 2956 3854 Deiparze
2981 3777 3212 3844 s’eorsim
3235 3791 3476 3863 disputa-

1887 3867 2062 3922 vimus
2091 3869 2156 3922 ad
2184 3885 2273 3923 xw
2300 3869 2569 3940 Augusti?
2599 3873 2656 3926 5°
2684 3867 2794 3929 Cur
2841 3865 3007 3934 totius
3039 3877 3281 3936 debitum
3304 3885 3476 3938 sancti

1888 3957 2204 4058 titu}u_m,in
2230 3955 2417 4049 Adone
2453 3955 2862 4043 distinctissime
2891 3969 3124 4037 positum
3145 4010 3162 4036 ,
3215 3986 3478 4058 suppres-I

1889 4047 1994 4102 sit?
2037 4048 2110 4120 4°,
2135 4049 2244 4104 Cur
2281 4047 2462 4120 plures
2489 4054 2688 4122 passim
2714 4054 2766 4108 in
2785 4054 2975 4113 Adone
3005 4047 3477 4118 annuntiationcs‘l

1889 4136 2053 4192 eurin
2073 4135 2318 4194 Romano
2339 4155 2508 4211 parvo
2523 4144 2840 4212 pauciores?
2865 4147 2945 4202 sic
2969 4147 3293 4219 xrvAprilis,
3309 4151 3363 4207 in
3386 4155 3476 4210 illo

1889 4238 2123 4296 quatuor
2149 4229 2375 4301 integre,
2395 4232 2448 4286 in
2464 4233 2570 4310 hoc
2585 4233 2700 4290 sola
2725 4252 2829 4290 una
2851 4246 2906 4291 et
2923 4237 3100 4305 unica,
3133 4235 3230 4296 cur
3248 4259 3300 4298 tv
3329 4244 3476 4312 Maii;

1890 4317 1958 4372 ex
1992 4322 2600 4403 commemorationibu's
2621 4324 2891 4395 quinque;
2919 4318 3045 4384 xxvi
3078 4330 3227 4398 Maii,
3254 4349 3322 4388 ex
3346 4350 3472 4403 sex;

1892 4422 1968 4464 χιι
1995 4408 2138 4465 Junii
2170 4420 2224 4465 et
2257 4408 2384 4467 alibi
2421 4399 2633 4484 sapius,
2657 4430 2722 4471 ex
2748 4419 2984 4487 quatuor
3013 4420 3118 4476 non
3151 4424 3253 4479 nisi
3291 4399 3480 4484 rursus

1895 4501 2052 4555 unica
2075 4501 2342 4558 redditur?
2361 4503 2597 4560 Plurima
2620 4501 2675 4561 et
2703 4499 3208 4586 fermequotidiana
3233 4528 3358 4573 sunt
3382 4520 3480 4575 hu-

1888 4591 2122 4662 jusmodi
2160 4595 2431 4666 exempla,
2465 4613 2584 4667 quae
2623 4597 2675 4654 in
2703 4592 3186 4663 ObServationlbus
3233 4623 3482 4668 nonnun-

1893 4697 2058 4751 quam
2085 4687 2482 4754 expenduntur.
2501 4689 2696 4746 Fatear
2715 4692 2963 4761 equidem
2989 4703 3198 4752 tantum
3225 4705 3364 4770 apud
3395 4721 3480 4758 nu:

1897 4772 2062 4830 fuisse
2088 4775 2246 4846 hujus
2275 4783 2577 4850 argumenti
2606 4785 2835 4852 pondus,
2862 4794 2920 4840 ut
2951 4786 3075 4844 inde
3113 4791 3300 4850 rimari
3347 4795 3482 4851 inri-

1895 4869 2068 4938 piens,
2111 4866 2275 4925 totam
2314 4869 2460 4927 illam
2491 4872 2775 4946 Rosvreydi
2804 4875 3242 4938 adversariorum
3271 4889 3483 4944 machi-

1898 4975 2020 5016 nam
2048 4961 2204 5032 plane
2232 4957 2509 5020 ruinosam
2532 4968 2880 5025 adverterim.

1971 5053 2094 5109 156.
2127 5054 2266 5122 Quid
2291 5053 2460 5124 enim,
2486 5059 2558 5113 ita
2594 5058 2926 5130 inquiebam,
2983 5065 3110 5134 quid
3156 5080 3482 5138 prmtensum

1905 5145 2051 5202 illum
2104 5143 2516 5217 epitomatorem
2569 5149 2874 5208 absterrere
2937 5157 3151 5224 potuit,
3200 5157 3486 5227 quominus

1903 5231 2211 5292 sanctorum
2264 5237 2454 5294 saltem
2518 5242 2735 5297 nomina
2784 5258 2852 5298 ex
2895 5244 3084 5301 Adone
3149 5232 3483 5319 eiccrperet,‘

1905 5345 2028 5384 cum
2070 5331 2169 5398 ipsi
2223 5331 2499 5386 insolitum
2543 5348 2650 5389 non
2697 5335 2788 5399 sit,
2834 5331 3065 5408 quatuor
3107 5349 3202 5392 aut
3248 5341 3488 5412 quinque

1906 5429 2142 5486 sanctos,
2169 5421 2276 5477 imo
2305 5422 2526 5478 totidem
2556 5420 2997 5483 annuntiationes
3024 5443 3130 5483 uno
3161 5429 3247 5484 die
3292 5443 3488 5502 reprae-

1907 5516 2160 5571 sentare?
2185 5515 2311 5570 inde
2333 5516 2400 5571 ad
2427 5516 2529 5571 alia
2554 5519 2842 5574 scrutanda
2867 5517 3173 5591 progresso,
3215 5511 3306 5592 lui
3353 5517 3491 5580 sem4

1905 5621 2002 5677 per
2034 5608 2193 5674 neva,
2231 5623 2445 5678 semper
2477 5606 2650 5679 major
2683 5611 2874 5665 oborta
2923 5609 3028 5675 est,
3077 5606 3182 5683 qua
3235 5595 3492 5688 titiam;

1906 5697 2032 5769 logii
2069 5697 2227 5754 istius
2255 5701 2487 5769 pretium
2519 5709 2573 5754 et
2601 5701 2889 5757 aestimatio
2947 5703 3144 5758 mirum
3183 5705 3237 5760 in
3270 5707 3491 5770 moduni

1909 5791 2049 5862 apud
2105 5804 2191 5848 me
2221 5781 2474 5848 accrevit.
2500 5793 2626 5848 Inde
2657 5801 2857 5862 tamen,
2912 5808 2970 5852 ut
3001 5798 3267 5865 dicebam,
3317 5777 3492 5872 disqttl
