3936 6348
462 427 566 484 527

1383 426 1754 486 usususus
1782 413 2161 483 Monaeses
2198 384 2844 480 SANGERMANENSIS.

472 545 686 600 sitionis
706 560 839 600 mea:
871 542 1041 626 ferme
1090 543 1433 615 principium.
1482 541 1560 598 Ne
1606 541 1816 613 longius
1869 555 2055 610 evage-
2082 543 2129 600 Α
2157 546 2211 589 et
2233 534 2446 607 proprie
2466 532 2765 588 Romanum
2814 545 2959 595 esse,
3012 530 3447 602 quandoquidem
3496 533 3759 590 disertis-

465 653 630 705 mur,
687 637 931 693 conferat
988 637 1156 692 lector
1204 636 1373 691 solum
1422 650 1662 689 mensem
1711 633 2046 689 Januarium.

467 726 681 794 Qutero,
704 741 803 782 cur
829 728 1004 797 primo
1031 726 1115 781 die
1143 734 1442 794 apponatur
1468 722 1831 789 Circumcisio,
1877 722 2052 777 Adoni

466 819 788 888 praeterita?
813 817 923 874 Gur
948 819 1273 873 omittuntur
1299 816 1486 871 milites
1510 814 1785 870 xxx?Cur
1812 814 2053 884 Euphro-

470 928 624 981 syna,
648 923 745 969 cur
767 911 1094 982 Eugendus?
1117 909 1227 965 Cur
1248 927 1309 965 Ill
1331 909 1573 965 Januarii
1603 909 1752 966 solus
1792 909 2052 963 Antherus

471 1016 499 1054 a
530 1001 776 1058 Romano
803 1016 971 1070 parvo
996 1009 1270 1055 extractus
1291 1009 1397 1065 est,
1423 1000 1644 1055 omissis
1691 997 1954 1069 Genovefa
2002 1006 2056 1052 ct

474 1091 745 1150 Florentio
762 1094 788 1149 ?
804 1092 914 1150 Cur
938 1110 1051 1149 xvu
1082 1093 1323 1150 Januarii
1349 1093 1480 1149 nihil
1505 1093 1668 1148 habet
1686 1092 1753 1147 de
1771 1092 2059 1162 Lingonen—

471 1184 615 1239 sibus
645 1183 1004 1255 Tergeminis?
1028 1184 1165 1239 Vide
1206 1183 1280 1239 ibi
1322 1182 1757 1240 observationem
1796 1190 2054 1237 nostram.

474 1275 554 1329 Tu
582 1289 747 1347 perge
777 1275 845 1331 ad
865 1275 981 1331 dies
1006 1274 1143 1330 alios
1170 1290 1277 1330 non
1297 1274 1477 1330 minus
1508 1273 1822 1344 inaequales,
1849 1280 1905 1327 et
1932 1287 2061 1327 cau-

472 1381 608 1431 sam,
642 1366 822 1434 sodes,
846 1365 933 1422 vel
953 1366 1189 1436 ineptam
1219 1365 1488 1437 excogita,
1519 1380 1618 1420 cur
1644 1363 1699 1418 hi
1730 1372 1822 1417 aut
1848 1362 1921 1417 illi
1949 1377 2061 1431 prae

2160 629 2298 683 sime
2354 634 2582 681 testetur
2624 623 3022 694 Martyrologus
3072 622 3393 695 Viennensis
3422 665 3438 690 ,
3505 627 3568 681 ab
3627 628 3761 681 urbe

2155 716 2320 770 Roma
2364 715 2659 787 Aquileiam
2703 715 2913 767 cuidam
2953 724 3134 767 sancto
3185 715 3476 786 episcopoa
3503 716 3761 785 ponti/ire

2157 804 2397 860 Romano
2430 806 2707 859 directum.
2768 803 3135 858 Romanorum
3186 805 3499 875 pontiﬁcum
3549 807 3759 875 agendi

2158 896 2419 950 rationem
2468 894 2679 950 nescire
2726 901 2971 963 oportet,-
3030 909 3318 965 rerumque
3378 895 3760 951 Romanarum

2156 1001 2378 1058 prorsus
2406 1000 2528 1041 esse
2552 986 2819 1056 ignarum,
2849 985 2939 1053 qui
2984 983 3108 1038 inde
3153 986 3410 1055 consequi
3463 999 3570 1040 non
3636 1000 3759 1056 per.

2157 1077 2374 1148 spieiat,
2409 1076 2708 1131 indicatum
2733 1074 2914 1130 verbis
2937 1073 3042 1130 illis
3066 1073 3524 1147 Martyrologium,
3556 1076 3759 1135 Roma

2159 1176 2492 1232 contextum,
2524 1166 2713 1221 Romae
2749 1166 3033 1236 scriptum,
3058 1164 3243 1221 Roma:
3283 1181 3380 1236 per
3421 1167 3475 1221 id
3531 1177 3757 1237 tempus

2160 1261 2416 1315 usitatum
2449 1258 2635 1326 fuisse,
2658 1273 2759 1315 nec
2788 1257 2893 1313 alia
2922 1273 3089 1314 causa
3118 1258 3416 1329 Aquileiam
3452 1260 3752 1326 directum,

2161 1363 2327 1421 quam
2369 1357 2429 1405 ut
2487 1364 2550 1404 ea
2597 1345 2848 1412 ecclesia,
2903 1347 3161 1402 Romana
3212 1354 3525 1401 caetera‘rum
3562 1350 3755 1411 matri,

474 1456 597 1514 aliis
615 1457 824 1515 sanctis
853 1472 919 1513 ex
940 1457 1128 1513 Adone
1156 1457 1306 1528 seligi
1333 1456 1624 1527 potuerint.
1682 1454 1776 1509 Est
1829 1453 1898 1508 ad
1945 1468 2062 1507 ma-

2167 1457 2281 1497 sese
2304 1441 2493 1512 purius
2519 1440 2907 1496 conformaret.
2938 1439 3006 1494 Et
3028 1442 3146 1497 haec
3176 1441 3391 1510 quidem
3413 1456 3476 1497 ex
3501 1443 3616 1496 viri
3642 1442 3755 1498 reli-

476 1564 604 1604 num
630 1547 909 1618 catalogus
930 1547 1067 1603 bene
1099 1545 1312 1617 longus,
1339 1561 1436 1617 per
1456 1558 1647 1601 omnes
1672 1544 1798 1598 anni
1845 1558 2063 1599 menses

476 1638 699 1710 diesque
718 1637 1035 1704 decurrens,
1085 1652 1246 1706 quem
1296 1635 1437 1692 taedii
1476 1634 1679 1689 vitandi
1733 1633 1905 1703 gratia
1952 1647 2063 1689 non

476 1727 736 1796 produco,
781 1742 906 1783 cum
926 1743 991 1784 ex
1018 1727 1199 1782 allatis
1238 1726 1623 1796 speciminibus
1673 1724 1728 1779 in
1775 1738 1834 1779 re
1871 1723 2060 1780 claris-

476 1822 611 1875 sima
641 1834 741 1877 nos
766 1819 972 1877 versari
1001 1820 1326 1876 existimem.

2163 1531 2298 1601 giosi
2328 1541 2384 1586 et
2410 1530 2616 1585 Adonis
2640 1531 2765 1596 fide,
2796 1530 2936 1601 apud
2962 1545 3151 1585 omnes
3194 1540 3438 1587 sensatos
3461 1533 3753 1587 cordatus-

2163 1637 2269 1693 que
2306 1630 2536 1678 .ectores
2568 1622 2621 1676 in
2654 1629 2840 1693 aperto
2879 1638 3019 1686 esse,
3048 1623 3515 1693 persuasissimum
3542 1625 3751 1682 habeo.

2163 1712 2282 1768 Jam
2311 1728 2380 1767 ne
2405 1713 2527 1783 quis
2554 1728 2720 1784 porro
2743 1712 2972 1779 dubitet,
2995 1728 3061 1768 ex
3087 1714 3316 1784 ipsomet
3336 1712 3749 1787 Martyrologio,

2164 1800 2405 1856 Romana
2430 1802 2656 1873 vestigia
2679 1803 2811 1857 satis
2828 1802 2974 1857 clare
2994 1818 3249 1873 expressa
3271 1804 3660 1862 exhibeamus.

486 1956 493 1964 ς
548 1910 669 1965 157.
697 1911 803 1967 Sed
828 1919 883 1966 et
911 1910 1017 1967 alio
1040 1919 1360 1981 argumento
1387 1923 1481 1965 ora
1516 1906 1933 1965 obtrectantium
1961 1920 2054 1961 oc-

2234 1889 2356 1945 159.
2389 1888 2702 1962 Repetenda
2734 1891 2822 1945 hic
2845 1899 2970 1946 sunt
2997 1906 3117 1960 qua:
3137 1907 3299 1962 supra
3343 1907 3409 1946 ex
3454 1893 3597 1947 clar.
3655 1893 3752 1950 Ca-

476 2002 777 2057 cludamus.
835 2001 1182 2056 Contendunt
1236 2000 1426 2056 eadem
1478 2000 1533 2053 in
1581 2000 1824 2054 Romano
1866 2011 2058 2067 parvo,

475 2089 665 2143 eadem
689 2089 744 2142 in
774 2087 959 2144 Adone
979 2096 1159 2143 errata
1189 2088 1437 2158 reperiri,
1485 2088 1538 2141 in
1560 2103 1668 2156 quo
1706 2086 1870 2140 etiam
1912 2099 2062 2153 egre-

476 2179 562 2246 gie
586 2176 865 2242 falluntur,
895 2173 1438 2247 utexempla'multa
1486 2177 1538 2233 in
1582 2175 2062 2233 Observationibus

477 2266 683 2321 nostris
702 2264 1014 2321 ostendunt.
1048 2260 1250 2321 Demus
1273 2266 1366 2321 hic
1393 2281 1500 2320 non
1548 2280 1718 2319 unum
1766 2263 2057 2333 specimen.

479 2356 576 2411 Die
602 2371 643 2411 ιι
669 2354 915 2411 Januarii
944 2357 1010 2411 de
1042 2356 1214 2428 Argeo
1245 2367 1301 2412 et
1322 2356 1579 2412 fratribus
1628 2364 1781 2410 recte
1830 2355 2062 2423 scripse-

478 2455 564 2500 rat
594 2446 897 2500 Romanum
930 2461 1182 2517 parvum,
1213 2446 1307 2502 sed
1334 2445 1540 2502 Adonis
1562 2444 1795 2516 elogium
1823 2452 2056 2500 exerrat.

476 2537 601 2592 Mati
634 2553 706 2592 vu
729 2536 1033 2592 Romanum
1064 2553 1315 2608 parvum,
1344 2536 1693 2602 Nicomediw,
1738 2538 1958 2606 Augusti
2012 2546 2058 2590 et

474 2633 797 2708 Augustini:
820 2632 959 2697 Ade,
980 2629 1049 2685 de
1077 2643 1176 2684 suo
1205 2626 1407 2698 aliquid
1442 2627 1667 2692 addens,
1717 2626 1770 2682 in
1821 2619 2060 2682 errorem

476 2729 656 2782 denuo
683 2723 914 2789 labitur;
950 2720 1031 2776 sic
1081 2718 1225 2774 enim
1272 2717 1473 2772 habet:
1508 2715 1706 2784 Flavii,
1753 2716 1977 2787 Augusti
2013 2725 2063 2771 et

476 2816 755 2888 Augustini
777 2813 1037 2884 fratrum;
1067 2808 1265 2865 videsis
1293 2825 1416 2878 qua:
1438 2808 1492 2863 in
1522 2823 1643 2862 eam
1693 2823 1808 2863 rem
1858 2823 1921 2864 eo
1976 2809 2063 2864 die

475 2907 805 2963 notavimus.
831 2902 977 2959 Junii
999 2917 1114 2965 XIX,
1143 2899 1198 2954 in
1221 2898 1465 2954 Romano
1483 2913 1650 2969 parvo
1676 2897 1899 2968 legitur:
1915 2895 2067 2952 Com-

474 2995 780 3052 memoratio
814 2992 1041 3047 Nazarii
1068 2999 1115 3044 et
1142 2988 1303 3056 Celsi,
1348 2998 1514 3054 recte,
1545 2989 1756 3058 opinor,
1810 2997 1870 3044 ut
1921 2987 2062 3044 Ros-

475 3086 697 3157 weydus
728 3084 783 3138 in
812 3078 1178 3136 natationibus
1207 3076 1439 3143 censuit,
1488 3076 1705 3131 interim
1731 3075 1870 3142 Ado,
1916 3074 2061 3130 illam

477 3173 1053 3233 commemorationem
1079 3185 1148 3226 eo
1174 3168 1262 3224 die
1288 3168 1566 3239 praeteriit.
1597 3166 1740 3222 Junii
1768 3174 1897 3221 xxix
1924 3168 2059 3222 sim-

2165 1979 2393 2035 stellano
2433 1981 2776 2048 adduximus,
2826 1982 3217 2048 ubigcredibile
3256 1999 3362 2039 non
3402 1986 3746 2051 existimans,

2165 2070 2310 2126 aliud
2342 2071 2803 2143 Martyrologium,
2857 2080 3053 2143 przcter
3100 2089 3226 2129 vere
3272 2084 3327 2129 et
3378 2079 3602 2146 proprie
3640 2077 3745 2132 Ro-

2165 2175 2405 2226 manum,
2435 2178 2462 2213 a
2483 2161 2726 2216 Romano
2748 2162 3003 2232 pontiﬁce
3027 2163 3133 2218 alio
3156 2165 3541 2231 directum,sic
3556 2168 3741 2223 deinde

2164 2266 2466 2306 sermonem
2498 2254 2844 2323 prosequitur
2871 2272 2884 2306 :
2917 2272 2934 2305 ι
2963 2253 3033 2308 At
3063 2270 3208 2320 vero,
3237 2258 3379 2326 quod
3402 2262 3603 2326 probat
3633 2277 3745 2314 ma-

2164 2342 2435 2407 nifestius,
2469 2343 2905 2415 Martyrologium
2936 2346 2990 2399 in
3021 2346 3196 2416 capite
3224 2347 3490 2403 Adoniani
3546 2352 3744 2422 operis,

2163 2433 2305 2503 apud
2335 2432 2394 2488 S.
2427 2433 2774 2489 Pantaleonis
2813 2433 3049 2489 Coloniae
3094 2449 3386 2508 repertum,
3446 2440 3747 2495 certissime

2162 2539 2283 2579 esse
2313 2524 2595 2595 antiquum
2626 2525 2950 2592 Romanum,
3008 2528 3072 2582 ad
3117 2545 3271 2583 usum
3322 2529 3585 2587 Ecclesiae
3642 2532 3746 2588 Ro-

2164 2628 2355 2678 manae,
2383 2630 2679 2684 verumque
2718 2617 3087 2689 apographum
3141 2618 3303 2684 illius,
3346 2622 3489 2690 quod
3550 2623 3747 2678 Roma-

2165 2719 2265 2777 nus
2289 2703 2532 2774 pontifex
2561 2703 2861 2773 Aquileiam
2904 2706 3194 2772 direxerat,
3252 2724 3357 2763 non
3405 2709 3586 2765 solum
3635 2713 3748 2766 inde

2163 2800 2410 2864 sumitur,
2436 2800 2579 2869 quod
2617 2800 2789 2855 sancti
2828 2801 2898 2855 ibi
2947 2804 3288 2872 reperiantur
3317 2804 3585 2863 Romana:
3638 2809 3747 2863 urbi

2164 2888 2392 2959 proprii,
2415 2897 2469 2942 et
2490 2889 2924 2961 Hieronymianis
2947 2908 3170 2962 prorsus
3197 2895 3478 2966 incogniti,
3530 2908 3591 2953 ut
3618 2899 3747 2952 Mar.

2168 2978 2303 3044 tina,
2333 2978 2581 3044 Dafrosa,
2612 2979 2808 3049 Papias
2834 2990 2888 3035 et
2912 2981 3148 3047 Maurus,
3173 2984 3289 3040 solo
3316 3002 3502 3042 mense
3550 2987 3744 3043 Janua—

2168 3066 2287 3133 rio;
2319 3082 2493 3137 neque
2517 3083 2584 3122 ex
2613 3084 2699 3134 eo,
2733 3071 2876 3141 quod
2897 3071 3167 3127 Catbcdra
3198 3075 3373 3129 sancti
3432 3074 3581 3132 Petri
3625 3095 3746 3150 pro-

2170 3159 2289 3227 prio
2318 3159 2403 3214 die
2428 3159 2694 3228 signetur,
2739 3161 2806 3216 ab
2837 3160 3172 3217 Antiochena
3206 3165 3507 3220 rectissime
3557 3168 3745 3221 distin-

474 3267 769 3339 plicissima
823 3272 907 3320 est
955 3261 1182 3318 Romani
1229 3259 1383 3332 parvi
1421 3257 1787 3324 annuntiatio;
1842 3273 1963 3328 qua:
2012 3258 2064 3313 in
2093 3247 2141 3311 C
2171 3260 2292 3317 cta;
2320 3244 2511 3308 verum
2569 3254 2733 3310 etiam
2780 3255 2924 3323 quod
2978 3249 3119 3310 inter
3162 3257 3344 3312 varias
3404 3258 3741 3319 ecclesiarum

475 3362 667 3416 Adone
687 3356 1004 3428 corrigenda
1033 3355 1163 3419 sint,
1216 3368 1282 3408 ex
1329 3351 1952 3408 Observatione'nostra
1997 3366 2063 3406 eo

476 3452 565 3506 die
602 3448 887 3521 intelliges.
910 3445 1137 3516 Augusti
1164 3458 1237 3497 vn
1262 3441 1454 3497 scribit
1480 3440 1787 3494 Romanum
1812 3455 2060 3510 parvum,

480 3540 689 3606 Fausti,
719 3538 854 3601 Ado,
891 3535 1114 3602 Justim’,
1144 3542 1295 3590 errat
1319 3531 1602 3598 alteruter,
1629 3531 1722 3587 sed
1776 3547 1882 3586 non
1917 3539 2063 3586 uter-

476 3649 600 3705 que.
631 3630 854 3703 Augusti
904 3644 1031 3683 xxxi
1087 3626 1550 3684 benealtomano
1610 3639 1779 3694 parvo
1831 3621 2065 3679 refertur

462 3723 733 3787 Aristides
761 3737 829 3778 ex
867 3718 1050 3775 Ruﬁni
1083 3717 1223 3774 libro
1251 3731 1323 3781 tv,
1355 3730 1474 3785 cap.
1514 3715 1567 3778 5,
1591 3715 1719 3769 dum
1774 3713 1848 3768 ibi
1896 3712 2063 3768 multa

476 3814 686 3873 ductori
719 3790 1038 3884 superaddit
1067 3806 1406 3872 Viennensis,
1445 3820 1476 3859 a
1509 3812 1660 3859 recto
1715 3802 1936 3859 tramite
1971 3803 2065 3875 de-

476 3910 607 3965 viat.
660 3906 990 3969 Obtundam,
1030 3903 1077 3958 si
1124 3902 1241 3956 bazc
1285 3897 1559 3971 sigillatim
1610 3897 1699 3952 hic
1744 3908 2063 3967 prosequar,

477 4017 600 4056 cum
638 3995 947 4068 huiusmodi
978 3992 1324 4049 diversitates
1350 3991 1405 4044 in
1439 3988 1685 4044 Usuardo
1726 3996 1912 4041 nostro
1955 3985 2063 4041 fre-

476 4091 733 4162 quentius
785 4091 1101 4150 recurrant;
1169 4082 1259 4138 ubi
1310 4080 1454 4136 aliud
1509 4093 1725 4150 quoque
1780 4078 2065 4133 ridiculum

477 4179 768 4237 Frontonis
803 4176 1023 4234 clintum
1055 4174 1210 4230 facile
1235 4171 1522 4237 convelles,
1545 4172 1675 4226 dum
1716 4170 1934 4235 asserit,
1977 4170 2069 4224 iis-

468 4275 601 4329 .dem
626 4271 806 4328 verbis
845 4268 922 4325 uti
971 4276 1263 4337 utrumque
1312 4263 1756 4334 Martyrologum.
1812 4259 2065 4314 Paratum

482 4367 655 4423 habeo
676 4360 1166 4432 discrepantiarum
1198 4356 1486 4428 syllabum,
1519 4355 1613 4409 sed
1635 4352 1769 4409 satis
1802 4362 1885 4407 est
1930 4368 2065 4421 pau-

464 4476 576 4518 ~eas
601 4460 691 4517 hic
711 4457 1048 4529 designasse,
1077 4467 1146 4507 ex
1169 4449 1367 4520 quibus
1394 4448 1643 4503 curiosus
1665 4444 1836 4499 lector
1857 4444 1923 4498 de
1948 4443 2070 4497 aliis

478 4561 721 4611 statuere
751 4549 943 4603 valeat.
959 4546 1163 4599 Praeter
1192 4542 1387 4597 citatos
1404 4536 1724 4601 dies,videri
1754 4542 2066 4604 possuntzu,

2167 3344 2535 3400 Romanarum
2584 3347 2968 3410 dedicationes,
3035 3347 3121 3402 illa
3166 3364 3417 3419 .quoque
3479 3363 3747 3416 occurrat,

2166 3451 2286 3505 quae
2306 3445 2390 3491 est
2416 3435 2600 3492 sacelli
2631 3436 2750 3499 alti,
2788 3436 2952 3492 castri
2983 3436 3041 3492 S.
3073 3437 3286 3507 Angeli,
3334 3453 3602 3509 expressa
3658 3456 3751 3511 per

2170 3526 2430 3582 terminos
2458 3542 2618 3581 mrsu
2640 3542 2823 3592 ausas,
2872 3526 3123 3597 quodque
3171 3526 3310 3583 festo
3353 3530 3533 3584 sancti
3585 3529 3751 3585 Seba-

2167 3616 2352 3683 stiani,
2384 3616 2594 3687 legatur
2618 3617 2735 3688 ejus
2757 3618 3063 3686 sepulcrum
3087 3618 3141 3671 in
3167 3633 3427 3674 vss'ncns
3439 3619 3749 3676 Aposrow-

2173 3722 2305 3774 nou,
2358 3706 2693 3779 designando
2744 3724 2842 3777 per
2880 3708 2994 3763 haec
3039 3710 3205 3765 verba
3269 3708 3658 3775 Catacumbas,
3705 3712 3753 3765 in

2172 3798 2371 3865 quibus
2391 3786 2714 3851 sanctorum
2746 3797 2892 3851 Petri
2934 3808 2985 3854 et
3041 3798 3192 3854 Pauli
3245 3794 3472 3869 corpora
3518 3802 3755 3871 aliquan-

2170 3887 2259 3941 diu
2290 3886 2691 3955 requieverunt.
2727 3902 2745 3936 δ
2772 3885 2899 3940 llaec
2921 3895 3030 3940 tam
3078 3886 3308 3942 solerter
3349 3903 3517 3957 quam
3565 3904 3695 3942 vere
3727 3904 3754 3940 a

2171 3991 2368 4047 magno
2394 3975 2898 4047 Martyrologiorum
2932 3984 3239 4032 serutatore
3274 3976 3569 4031 observata
3604 3987 3756 4040 sunt;

2170 4084 2270 4123 nec
2306 4067 2550 4138 pluribus
2574 4083 2710 4138 Opus
2739 4083 2860 4123 esse
2913 4068 3146 4133 censuit,
3199 4076 3255 4121 ut
3301 4070 3610 4138 quemlibet
3661 4086 3761 4124 non

2172 4158 2444 4214 mordicus
2473 4159 2830 4227 pervicacem,
2862 4158 2929 4213 de
2960 4158 3052 4212 tali
3106 4161 3333 4214 veritate
3379 4161 3759 4219 convinceret.

2173 4248 2326 4318 cujus
2355 4247 2510 4312 radii,
2537 4247 2669 4303 solis
2698 4248 2892 4310 instar,
2923 4248 2991 4303 ad
3025 4248 3266 4319 singulas
3314 4249 3482 4304 libelli
3539 4252 3760 4323 paginas

2174 4339 2229 4393 iu
2268 4337 2457 4394 oculos
2486 4352 2592 4393 non
2636 4337 2809 4407 lippos
2852 4338 3159 4393 incurrunt.
3201 4338 3507 4409 Supersunt
3568 4341 3763 4394 nihilo-

2176 4431 2355 4484 minus
2384 4444 2502 4498 qua:
2550 4429 2616 4482 ad
2661 4429 2901 4499 ejusdem
2947 4429 3025 4484 rei
3054 4429 3473 4485 eluc’idationcm
3528 4441 3590 4487 et
3642 4448 3764 4488 ceu-

2176 4520 2534 4576 tirmationem
2567 4520 2654 4573 b’c
2679 4521 3013 4576 subnectam.

482 4598 2065 4699 :1:etxxvtttJanuariiuxMartii,erulii,xxvnAugusti.
2104 4598 2149 4657 ί)
2247 4616 2370 4671 HO.
2400 4615 2477 4669 Ex
2512 4615 2627 4670 solo
2658 4630 2843 4670 mense
2876 4615 3154 4680 Januario,
3197 4628 3266 4670 ne
3306 4614 3525 4685 longius
3575 4631 3765 4672 excur-

483 4775 498 4790 .
523 4772 540 4790 .
574 4773 589 4788 .
612 4729 894 4801 Pergimus
920 4726 986 4782 ad
1009 4725 1144 4779 alias
1163 4733 1322 4778 notas
1343 4719 1585 4775 Romano
1603 4732 1771 4788 parvo
1796 4717 2064 4787 proprias.

552 4825 672 4880 l58.
704 4822 823 4878 Jam
846 4819 989 4875 dicta
1019 4814 1310 4873 ostendunt
1330 4822 1472 4867 vetus
1499 4825 1637 4876 esse,
1663 4808 1853 4865 saltem
1879 4807 2065 4861 Adone

387 4954 395 4958 »η
479 4928 536 4973 et
565 4914 703 4970 forte
737 4911 881 4967 Beda
906 4908 1206 4977 antiquius,
1236 4905 1381 4959 unde
1410 4902 1584 4972 prima
1625 4899 1984 4970 pmrogativa
2014 4897 2064 4953 ei

480 5026 512 5064 a
542 5003 845 5076 ltosweydo
875 5002 1001 5056 data
1033 4999 1189 5068 plane
1223 4995 1548 5051 vindicatur.
1606 4989 1904 5046 Romanum
1942 5004 2064 5044 esse

482 5104 606 5159 faxo
628 5108 685 5154 et
712 5098 749 5152 ii
774 5098 1096 5165 agnoscant.
1130 5088 1223 5157 qui
1246 5088 1475 5141 alterum
1509 5083 1657 5137 illum
1699 5081 1912 5136 titulum
1958 5080 2069 5134 fru-

454 5203 594 5250 stra
620 5188 902 5246 arrodunt.
929 5181 1132 5237 Adonis
1161 5177 1528 5233 testimonium
1570 5190 1638 5229 ex
1678 5172 1780 5226 viri
1832 5170 2067 5241 religiosi

481 5299 579 5340 ore
605 5285 913 5349 acceptum,
946 5285 1125 5335 nemo,
1154 5268 1295 5338 quod
1316 5268 1510 5327 sciam.
1540 5271 1765 5334 excepto
1793 5262 1907 5317 solo
1964 5262 2069 5316 Va—

485 5375 617 5431 lesio
640 5372 946 5427 detrectare
972 5364 1236 5418 hactenus
1271 5375 1435 5413 ausus
1465 5366 1578 5418 est;
1621 5370 1720 5410 nec
1770 5353 2069 5425 adversarii

484 5463 581 5527 alii
607 5462 661 5516 id
693 5460 900 5515 directe
927 5455 1227 5524 impetunt;
1259 5464 1381 5503 nam
1408 5447 1642 5501 admissa
1687 5443 1917 5499 veritate
1972 5458 2063 5496 su-

478 5555 669 5625 perius
688 5549 939 5621 probata,
967 5544 1112 5615 quod
1138 5555 1331 5609 nempe
1360 5546 1513 5595 vetus
1537 5534 1689 5600 illud,
1717 5549 1811 5589 seu
1838 5547 2065 5625 parvum

487 5624 791 5703 ltomanum
830 5641 1103 5696 Ravennzn
1131 5635 1200 5690 ab
1224 5633 1411 5687 Adone
1455 5637 1728 5700 repertum
1773 5626 1865 5690 sit,
1910 5624 2068 5694 eique

489 5747 636 5795 certe
656 5731 985 5805 praeluserit,
1016 5745 1122 5799 nun
1146 5724 1366 5796 negabit
1399 5720 1784 5785 Florentinius,
1831 5731 1930 5773 nec
1977 5718 2069 5786 qui

491 5844 617 5888 cum
647 5829 763 5898 ipso
791 5823 1051 5888 sentiunt,
1077 5819 1388 5889 praedictum
1425 5811 1860 5882 Martyrologium
1919 5825 2069 5875 vere,

1993 6018 2022 6031 »δ

2175 4724 2311 4772 ram,
2343 4722 2410 4762 ex
2454 4706 2592 4772 solo,
2647 4706 2888 4776 inquam,
2942 4707 3048 4761 isto
3097 4721 3282 4761 mense
3330 4706 3538 4762 addere
3596 4709 3766 4777 potuit

2170 4797 2511 4854 Castellanus
2552 4805 2770 4853 sanctos
2812 4797 2998 4850 Romae
3043 4797 3292 4867 preprios
3350 4803 3521 4865 atque
3578 4797 3767 4853 Hiero-

2171 4891 2438 4963 nymianis
2461 4890 2683 4945 omnino
2707 4889 3011 4960 praeteritos
3045 4905 3059 4941 :
3099 4904 3184 4954 Ill,
3212 4890 3500 4943 Antherum
3538 4906 3766 4959 papam;

2170 4999 2245 5048 tv,
2278 4981 2521 5037 Priscum
2548 4989 2604 5036 et
2632 4981 2843 5046 socios;
2875 4996 2926 5046 v,
2957 4980 3323 5050 Telesphorum
3353 4996 3551 5049 papam
3578 4998 3602 5046 ;
3633 4998 3766 5042 nn.

2176 5074 2517 5129 Anastasium
2545 5073 2612 5126 ad
2636 5072 2814 5143 Aquas
2845 5070 3088 5135 Salvias;
3120 5086 3281 5135 χχιιι,
3307 5069 3765 5131 Emerentiam;

2174 5169 2408 5237 denique
2441 5183 2631 5230 xxvnr,
2661 5166 2910 5236 Agnetem
2930 5163 3180 5230 secundo,
3211 5163 3426 5234 proprie
3456 5172 3514 5217 et
3537 5164 3770 5233 praecise

2176 5259 2418 5314 Romano
2446 5259 2604 5313 modo
2654 5271 2983 5326 expressam.
3039 5255 3186 5310 lnter
3238 5254 3619 5309 dedicationes
3670 5253 3770 5307 Ro-

2177 5364 2387 5414 manas,
2418 5358 2615 5419 praeter
2647 5347 2760 5417 jam
2789 5346 3009 5410 dictam,
3034 5360 3155 5414 quae
3200 5344 3429 5398 habetur
3473 5359 3616 5398 χιιι
3676 5342 3772 5398 Se-

2176 5440 2464 5509 ptembris,
2500 5439 2567 5494 de
2591 5437 2809 5492 ecclesia
2861 5420 3197 5505 Areliangeli,
3228 5452 3259 5487 a
3285 5434 3434 5509 beato
3484 5432 3769 5503 Bonifatio

2171 5548 2307 5601 papa
2334 5540 2633 5585 constructa
2658 5531 2712 5583 in
2734 5528 2908 5594 Circo,
2935 5529 3020 5598 qui
3044 5527 3190 5581 locus
3229 5542 3389 5582 mrsu
3413 5540 3587 5582 uenas
3641 5526 3772 5580 dicio

2173 5632 2290 5687 tur;
2334 5621 2748 5687 notabilissima,
2805 5629 2862 5676 et
2891 5620 3037 5676 siita
3078 5619 3227 5688 loqui
3275 5618 3420 5683 licet,
3472 5615 3771 5671 Romanis-

2176 5715 2313 5771 ‘sium
2336 5723 2485 5778 sunt,
2539 5729 2660 5785 quae
2691 5712 2858 5770 refert
2909 5711 3049 5768 idem
3100 5708 3535 5781 Martyrologium
3594 5707 3777 5778 pridie

2179 5806 2315 5862 Non.
2359 5807 2521 5863 Maii:
2550 5805 2613 5861 Et
2640 5807 2810 5864 sancti
2839 5804 3062 5861 Joannis
3102 5803 3347 5873 apostoli,
3388 5798 3605 5871 qundo
3652 5807 3776 5851 ante
