3936 6348
168 329 294 387 529

1571 308 2103 391 PROLEGOMENA.

3361 308 3468 367 530

172 448 397 514 portam
422 435 671 491 Latinam
696 432 750 487 in
775 429 1018 505 ferventis
1042 427 1141 514 olei
1178 427 1379 483 dolium
1419 425 1609 482 missus
1640 433 1760 479 est:
1793 432 1844 492 Α
1871 425 2119 495 ligamus.
2166 421 2251 478 Au
2304 422 2445 479 illius
2492 424 2683 479 auctor
2729 422 3215 495 Hicronymianum
3246 423 3470 490 viderit,

169 508 247 588 et;
270 544 462 587 rursus
490 543 549 585 tu
581 525 728 591 ldus,
751 538 845 578 seu
887 539 985 578 xm
1019 508 1141 580 Maii
1172 540 1184 575 :
1220 519 1279 579 S.
1313 516 1503 574 Maria:
1527 519 1596 572 ad
1627 516 1774 571 Mar-

172 636 327 698 tyres
350 621 696 677 dedicationis
727 619 839 673 dies
869 618 1065 689 agitur,
1093 635 1125 671 a
1148 614 1426 687 Bonifacio
1445 631 1582 685 papa
1614 622 1778 667 statu-

175 729 293 784 tus,
333 729 529 786 nempe
554 729 585 767 a
612 711 893 768 Bonifacio
917 708 1007 776 1V,
1041 709 1133 780 qui
1181 707 1320 764 sedit
1372 707 1439 761 ab
1487 719 1631 759 anno
1674 702 1777 758 606

179 807 257 861 ad
288 804 418 862 6H.
454 802 593 871 Quid
649 810 831 857 autem
881 799 1054 871 magis
1100 797 1402 853 Romanum
1457 794 1563 851 dici
1601 800 1781 864 potest

174 913 354 968 quam
395 894 536 966 quod
572 892 793 965 ponitur
819 906 872 946 vt
905 890 1031 945 Julii
1060 907 1072 943 :
1106 888 1319 942 Primus
1353 887 1619 957 ingressus
1653 899 1779 954 apo-

176 989 310 1043 διοιί
351 977 510 1041 Pauli
531 985 585 1039 in
616 983 796 1039 urbem
823 979 1238 1043 Rontam?1tem
1265 978 1406 1049 quod
1434 978 1610 1049 signat
1637 976 1779 1031 idem

177 1075 636 1148 Martyrologium
676 1054 776 1128 lxiv
826 1069 1183 1143 Septembris,
1224 1069 1309 1143 bis
1356 1066 1536 1124 verbis
1562 1064 1779 1120 :oEasal-

175 1168 322 1223 tatio
353 1176 548 1221 sancta:
567 1165 757 1230 crucis,
789 1162 854 1216 ab
882 1160 1131 1217 Heraclio
1173 1161 1487 1232 imperatore
1525 1176 1559 1213 a
1604 1155 1780 1215 Persis

176 1257 576 1328 Jerosolymam
644 1264 961 1325 reportatae;
1018 1252 1231 1324 quando
1276 1262 1325 1306 et
1364 1249 1544 1307 Roma:
1583 1248 1782 1321 lignum

177 1344 527 1419 salutiferam
556 1347 726 1401 crucis
750 1362 782 1399 a
810 1345 994 1415 Sergio
1044 1360 1183 1415 papa
1226 1343 1490 1397 inventum
1529 1340 1593 1395 ab
1642 1340 1783 1421 omni

177 1443 385 1515 populo
440 1452 734 1497 veneratur.
802 1438 940 1501 Nota
984 1447 1111 1501 sunt
1176 1435 1354 1508 Sergii
1410 1446 1672 1509 tempora,
1715 1433 1782 1489 ab

180 1550 337 1590 anno
367 1534 469 1590 687
505 1530 572 1588 ad
610 1531 737 1591 70L
930 1538 931 1541 ‘

261 1625 391 1679 ut.
422 1623 533 1679 Nec
570 1623 801 1680 verebor
827 1622 916 1679 hic
960 1620 1159 1677 addere
1187 1616 1565 1685 festivitatem,
1593 1632 1623 1672 a
1644 1616 1782 1673 Gre-

182 1716 347 1788 gorio
374 1714 440 1770 ιιι
470 1714 655 1786 Romae
702 1713 1003 1770 institutam
1032 1712 1175 1767 inter
1205 1725 1404 1769 annum
1434 1709 1534 1765 731
1565 1718 1619 1764 et
1657 1704 1787 1776 7M,

1875 525 1967 570 aut
1991 516 2180 572 saltem
2208 516 2263 571 in
2289 515 2602 571 adornanda
2624 529 2723 572 suo
2749 514 3104 581 consuluerit,
3135 521 3252 570 toto
3277 525 3468 575 nostro

1875 622 2039 679 opere
2076 606 2317 676 apertius
2340 594 2618 661 declarare
2646 603 2767 661 ausi
2797 618 2903 658 non
2926 602 3149 669 fuimus,
3183 619 3285 661 nec
3307 605 3470 661 modo

1878 687 2178 764 audemus;
2215 707 2269 753 et
2310 695 2435 752 licet
2457 694 2779 768 quandoque
2826 694 2987 749 iidem
3022 694 3197 749 sancti
3225 695 3280 749 in
3302 696 3471 750 utris-

1877 803 1982 858 que
2002 784 2173 842 notati
2220 793 2529 850 occurrant,
2553 792 2613 840 ut
2635 783 2757 839 vide
2774 798 2900 837 xxvi
2926 781 3247 849 Februarii,
3271 782 3475 854 proba-

1880 874 2040 930 bilius
2054 888 2358 940 censemus,
2382 887 2447 928 ex
2470 872 2730 929 Romanis
2754 872 3091 942 aliarumque
3114 871 3470 928 ecclesiarum

1880 963 2217 1019 Kalendariis
2254 969 2472 1017 sanctos
2526 961 2647 1017 illos
2690 976 2722 1016 a
2769 959 3001 1018 Romani
3049 960 3206 1032 parvi
3250 969 3476 1019 auctore

1881 1063 2133 1125 acceptos
2160 1068 2300 1120 esse,
2338 1053 2429 1123 qui
2463 1051 2632 1111 ferme
2675 1051 2836 1123 vulgo
2880 1050 3053 1123 magis
3098 1051 3475 1109 innotuerant.

1883 1147 2009 1214 Tria
2036 1148 2264 1202 observo
2299 1145 2542 1200 Romano
2588 1158 2756 1215 parvo
2802 1143 3041 1215 propria.
3090 1136 3355 1210 Primum,
3408 1157 3477 1199 ex

1884 1237 2121 1294 Historia
2174 1237 2413 1303 Eusebii,
2472 1235 2936 1307 interpretationis
2971 1233 3172 1301 Rufini,
3221 1248 3476 1306 magnam

1884 1341 2091 1403 partem
2119 1331 2405 1397 coaluisse,
2449 1337 2508 1385 ut
2536 1330 2835 1401 smpissime
2865 1330 2922 1385 in
2948 1328 3054 1385 hoc
3080 1343 3244 1401 opere
3266 1328 3477 1385 intento

1885 1422 2037 1500 quasi
2064 1421 2230 1493 digito
2257 1419 2814 1476 commonstravimus.
2844 1418 3023 1489 Atque
3048 1419 3150 1475 hoc
3179 1433 3344 1474 unum
3369 1426 3475 1483 est,

1884 1513 2029 1585 quod
2059 1511 2326 1567 Henricus
2352 1510 2622 1577 Valesios,
2659 1509 2986 1570 novissimus
3031 1509 3251 1569 Eusebii
3299 1509 3476 1570 inter-

1886 1619 2012 1675 pres
2040 1614 2093 1659 et
2117 1603 2433 1669 illustrator,
2461 1605 2744 1657 commode
2775 1604 3058 1659 advertere
3092 1601 3288 1673 potuit,
3315 1608 3372 1658 et
3399 1599 3481 1657 di-

1891 1696 2118 1767 ligenter
2142 1694 2412 1766 praestitit,
2438 1693 2633 1754 melius
2661 1693 2866 1756 nomini
2898 1708 3001 1750 suo
3030 1692 3398 1759 consulturus,
3425 1692 3477 1748 si

185 1778 244 1862 in
276 1780 556 1860 honorem
575 1805 748 1862 beatae
776 1802 959 1857 Mariae
983 1799 1212 1870 virginis
1238 1809 1293 1855 et
1319 1806 1628 1855 sanctorum
1669 1813 1784 1855 οη]-

1894 1787 2130 1858 reliquis,
2168 1784 2284 1859 ejus
2324 1784 2626 1847 eruditione
2653 1800 2845 1856 parum
2876 1783 3075 1857 dignis,
3106 1783 3217 1840 imo
3263 1783 3333 1839 ad
3360 1781 3480 1855 ejus

186 1896 364 1960 nium,
389 1904 645 1967 tanquam
685 1892 1083 1965 ampliativam,
1115 1899 1175 1947 ut
1202 1890 1277 1945 ita
1325 1889 1533 1963 loquar,
1583 1887 1782 1958 prioris

189 1987 552 2049 dedicationis
600 2001 629 2040 a
675 1983 1054 2045 BonifaciolV
1084 1982 1390 2040 celebratae.
1431 1980 1556 2036 Haec
1584 1979 1783 2038 talibus

194 2078 451 2133 terminis
489 2093 519 2132 a
548 2073 794 2131 Romano
820 2090 986 2149 parvo
1017 2073 1333 2147 consignata
1374 2080 1478 2137 est,
1510 2080 1571 2126 ut
1597 2080 1786 2127 auctor

195 2176 408 2228 tantum
448 2182 556 2223 non
584 2166 817 2234 indicet,
842 2180 964 2220 eam
994 2180 1052 2220 se
1073 2165 1286 2219 vivente
1311 2172 1363 2219 ct
1392 2162 1786 2237 quodammodo

196 2259 436 2324 vidente,
464 2259 699 2330 primum
739 2258 904 2314 fuisse
934 2257 1262 2312 inchoatam.
1292 2255 1524 2315 Attende
1560 2255 1784 2311 locutio-

201 2366 326 2406 nem
353 2368 369 2404 :
407 2347 689 2403 Festivitas
717 2356 1044 2414 sanctorum,
1074 2363 1193 2418 qua:
1211 2345 1426 2402 celebris
1453 2354 1502 2401 et
1531 2344 1790 2417 generalis

208 2443 382 2513 agitur
415 2441 612 2519 Romae,
641 2440 795 2510 quasi
817 2439 997 2497 dicere
1019 2439 1169 2506 velit,
1202 2448 1473 2495 recentem
1504 2454 1626 2494 eam
1645 2437 1790 2494 festi-

207 2535 428 2589 vitatem
471 2546 603 2601 esse,
645 2540 699 2588 et
725 2532 915 2587 Romae
944 2532 1209 2587 duntaxat
1237 2530 1524 2598 celebrari,
1563 2533 1791 2588 necdum

204 2624 273 2683 ad
304 2625 408 2679 alia
437 2639 593 2695 regna
642 2634 737 2679 aut
776 2623 1048 2679 Ecclesias
1082 2634 1458 2697 propagatam.
1515 2622 1684 2692 Hujus
1717 2624 1793 2679 rei

200 2715 524 2773 luculentior
574 2716 728 2773 testis
775 2730 894 2772 esse
941 2716 1128 2786 nequit
1175 2731 1338 2788 quam
1385 2715 1503 2773 Ado
1543 2715 1677 2786 ipse,
1727 2732 1792 2773 ex

198 2810 357 2878 cujus
398 2810 581 2865 verbis
620 2820 923 2882 temporum
973 2808 1252 2865 distinctio
1300 2816 1486 2880 aperte
1525 2823 1798 2864 common-

196 2901 362 2957 strari
386 2893 776 2968 videtur,'dum
808 2900 1123 2971 superaddit
1154 2918 1167 2953 :
1211 2900 1318 2956 Sed
1358 2901 1414 2953 in
1451 2896 1656 2965 Galliis,
1688 2915 1800 2953 mo-

199 3004 355 3050 nente
407 3004 603 3049 sancta:
653 2994 1028 3063 recordationis
1080 2992 1334 3065 Gregorio
1364 2990 1479 3065 [lV]
1531 2991 1795 3063 pontiﬁce.

193 3085 466 3155 piissimus
489 3081 790 3139 Ludovicus
822 3085 1127 3155 imperator,
1154 3084 1394 3138 omnibus
1418 3084 1564 3155 regni
1606 3093 1653 3138 et
1692 3083 1796 3138 im-

1882 1879 2056 1934 forum
2108 1877 2332 1937 minime
2378 1876 2807 1951 pertinentibus,
2865 1875 3279 1949 supersedisset.
3318 1874 3480 1931 Solus

1884 1972 2086 2027 mensis
2117 1970 2469 2037 Februarius,
2508 1977 2570 2024 ut
2596 1968 2733 2024 alios
2778 1967 3120 2025 fecundiores
3158 1984 3267 2025 non
3309 1967 3480 2025 addu-

1887 2078 2026 2129 cam,
2086 2078 2159 2126 tv,
2188 2076 2409 2124 Vill,'lX,
2442 2075 2577 2115 xvut
2618 2068 2675 2115 et
2725 2075 2896 2126 xxvu,
2958 2069 3228 2116 assertum
3276 2059 3482 2117 Valesii

1888 2153 2099 2209 abunde
2125 2150 2460 2221 comprobat.
2490 2149 2684 2206 Plures
2707 2158 2926 2205 sanctos
2968 2159 3225 2222 suggeret
3271 2149 3479 2206 mensis

1858 2260 1863 2263 '
1890 2243 2204 2307 December,
2249 2249 2305 2296 ut
2342 2257 2435 2295 xix
2465 2239 2705 2311 ejusdem
2737 2241 2937 2298 mensis
2966 2248 3019 2297 te
3050 2248 3236 2301 nostra
3267 2240 3481 2303 docebit

1891 2335 2221 2393 observatio.

1962 2424 2090 2481 tu.
2120 2424 2371 2481 Alterum
2410 2425 2645 2487 Romani
2670 2420 2826 2497 parvi
2864 2438 3181 2499 germanum
3212 2426 3479 2483 indicium

1895 2519 2043 2576 dabit
2070 2518 2401 2585 observatio,
2425 2535 2461 2574 x
2487 2517 2754 2584 Januarii,
2782 2518 2837 2573 iu
2870 2517 3155 2585 Nicanore,
3186 2519 3483 2589 eademque

1896 2610 2022 2669 alibi
2063 2609 2403 2681 frequentius
2431 2608 2789 2664 inculcabitur
2818 2625 2832 2675 ;
2861 2608 3119 2667 nimirum
3150 2609 3478 2678 singularem

1898 2716 2118 2771 operam
2156 2715 2187 2754 a
2220 2699 2450 2755 Romani
2484 2715 2636 2770 parvi
2660 2708 2882 2755 auctore
2908 2700 3169 2771 positam,
3191 2709 3252 2757 ut
3277 2699 3484 2759 Christi

1902 2776 2117 2845 Domini
2148 2796 2203 2844 et
2250 2787 2619 2860 apostolorum
2666 2788 2979 2863 discipulos,
3023 2803 3160 2862 quos
3207 2789 3262 2844 in
3310 2790 3484 2845 sacris

1901 2877 2101 2933 litteris
2132 2878 2437 2933 nominatos
2462 2876 2687 2953 reperit,
2713 2878 2877 2933 certis
2915 2877 3105 2942 diebus
3156 2878 3482 2952 assignaret,

1903 2967 1958 3023 id
2002 2965 2223 3043 quidem
2256 2980 2356 3038 pro
2389 2981 2489 3023 suo
2536 2966 2787 3033 arbitrio,
2828 2966 2940 3031 sed,
2993 2981 3061 3023 ne
3097 2966 3282 3024 debito
3336 2968 3485 3027 cultu

1907 3067 2016 3115 tam
2052 3057 2239 3129 inclyti
2264 3056 2387 3113 ﬁdei
2439 3064 2640 3112 nostra:
2687 3065 3073 3128 propagatores
3118 3058 3481 3128 privarentur.

193 3129 466 3155 πωπω.--
489 3129 789 3139 --.ηηηη
823 3129 1127 3155 ....,.-....-.,
1155 3129 1393 3138 wn..-"
1420 3129 1562 3155 ην..-
1607 3129 1650 3138 -.

192 3175 333 3245 perii
382 3176 467 3229 sui
514 3174 767 3246 episeOpis
796 3174 1256 3239 consentientibus,
1300 3174 1483 3228 s-fatuit
1510 3181 1563 3227 ut
1608 3171 1788 3227 solem-

1898 3150 2157 3221 Exempla
2188 3148 2345 3205 obvia
2367 3155 2494 3204 sunt
2523 3164 2538 3214 ;
2564 3162 2630 3204 en
2647 3149 2875 3220 paucula
2907 3166 3035 3206 :xxr
3060 3149 3281 3206 Januari
3299 3151 3479 3223 agitur

195 3266 341 3322 niter
372 3266 628 3336 festivitas
685 3265 916 3322 omnium
959 3274 1263 3320 sanctorum
1309 3264 1363 3317 in
1408 3263 1662 3334 pra’dicta
1711 3262 1796 3316 die

196 3356 265 3428 (1
299 3354 661 3429 Novembris)
718 3357 992 3412 annuatim
1037 3365 1284 3426 perpetuo
1346 3363 1604 3425 ageretur.
1655 3351 1795 3419 Quid

195 3447 436 3505 Romani
468 3450 618 3519 parvi
651 3449 1059 3523 impugnatores
1084 3448 1151 3505 ad
1177 3447 1254 3503 rei
1280 3445 1612 3502 evidentiam
1643 3444 1789 3500 desi-

194 3540 395 3597 derare
425 3541 562 3595 ultra
588 3541 820 3621 possint,
843 3541 1094 3612 equidem
1125 3554 1231 3595 non
1252 3536 1514 3608 intelligo.

274 3631 396 3689 142.
453 3633 529 3687 De
570 3633 675 3689 hac
703 3632 943 3693 Omnium
979 3642 1292 3690 sanctorum
1326 3630 1642 3697 festivitate,
1689 3644 1794 3685 non

194 3710 345 3781 male
398 3723 621 3780 disserit
674 3721 881 3778 Fronto
919 3721 989 3778 ad
1036 3738 1199 3794 supra
1229 3721 1451 3779 citatum
1489 3719 1794 3776 Romanum

194 3813 607 3881 Kalendarium,
631 3829 663 3868 a
688 3829 811 3884 pag.
845 3814 948 3868 142
975 3814 1041 3870 ad
1067 3830 1188 3885 pag.
1215 3812 1353 3881 145;
1382 3810 1622 3883 quolo‘co
1652 3819 1796 3868 recte

195 3915 410 3972 censet,
435 3901 549 3974 ejus
572 3905 763 3961 Romae
792 3905 1190 3961 institutionem
1218 3905 1242 3959 1
1270 3904 1358 3960 die
1382 3901 1702 3960 Novembris
1728 3901 1796 3957 ad

193 3995 452 4067 Gregorii
487 3995 552 4051 Ill
584 4005 828 4067 tempora
872 3995 1093 4051 omnino
1141 3993 1523 4051 revocandam.
1569 3993 1647 4051 De
1671 3991 1793 4048 festi

193 4086 443 4158 ejusdem
473 4089 791 4145 extensione
828 4086 1113 4143 videantur
1137 4086 1256 4142 A‘do
1290 4095 1346 4141 et
1392 4084 1692 4141 Usuardus.
1737 4082 1794 4138 Si

197 4192 335 4234 vera
355 4187 437 4235 est
464 4178 722 4246 Menardi,
752 4195 851 4249 pro
885 4178 966 4234 sui
995 4178 1471 4233 Sacramentorum
1493 4176 1616 4232 libri
1636 4185 1795 4233 aetate

197 4268 539 4339 conjectura,
572 4271 922 4327 festivitatem
968 4267 1213 4326 eamdem
1245 4276 1373 4324 ante
1396 4267 1575 4325 Caroli
1617 4266 1791 4338 Magni

207 4370 456 4431 tempora
484 4362 538 4416 in
570 4360 759 4417 Galliis
782 4368 1058 4432 receptam
1075 4366 1311 4431 oportet,
1341 4373 1463 4414 cum
1485 4359 1538 4413 in
1567 4374 1632 4415 eo
1653 4358 1793 4414 libro

196 4450 351 4548 gare
377 4450 734 4548 exprimatur.
768 4449 874 4508 Sed
902 4452 1020 4506 haec
1038 4450 1106 4506 ad
1138 4448 1417 4548 nos-nihil,
1435 4465 1559 4548 cum
1586 4449 1653 4505 de
1664 4448 1791 4548 sola
1824 4489 1871 4548 Β

198 4539 448 4595 Romana
478 4540 770 4598 festivitate
795 4555 1040 4612 agamus,
1069 4538 1221 4609 cujus
1247 4539 1637 4594 institutionem
1657 4539 1791 4595 Gre-

198 4631 358 4702 gorio
388 4630 454 4686 [ll
480 4648 604 4688 cum
632 4630 908 4688 Frontone
936 4631 1278 4695 ascribimus.
1318 4629 1496 4701 Atque
1540 4630 1661 4697 hic,
1693 4630 1787 4685 de~
1842 4668 1849 4673 -

199 4718 493 4789 cursojam
519 4730 631 4778 toto
655 4721 921 4785 Usuardo,
968 4719 1237 4793 ﬁgendam
1285 4720 1565 4775 credimus
1598 4719 1792 4792 Marty-

199 4810 397 4881 rologii
425 4811 584 4882 hujus
612 4812 786 4869 nostri
807 4814 959 4884 parvi
984 4810 1508 4882 Romaniepocham,
1524 4819 1789 4882 utnempe

200 4902 562 4974 compositum
612 4912 882 4963 statuatur
933 4904 1081 4961 circa
1131 4918 1329 4958 annum
1378 4902 1501 4967 740.
1562 4902 1641 4957 Ex
1680 4917 1789 4973 quo

200 4995 435 5066 aliisque
463 4997 796 5068 argumentis
820 4997 933 5068 jam
974 4995 1242 5061 deductis,
1275 4994 1391 5062 ejus
1421 5001 1747 5049 vetustatem
1777 5010 1792 5059 ;

203 5101 274 5140 ex
305 5084 507 5141 sanctis
536 5100 663 5142 vero
689 5094 746 5141 et
774 5069 1157 5141 fesrivitatibus
1196 5083 1384 5139 Roma:
1432 5083 1689 5155 propriis,
1732 5098 1795 5138 ac

202 5175 585 5247 peculiaribus,
613 5176 730 5246 ejus
759 5190 949 5245 genus,
972 5175 1202 5245 patriam
1230 5184 1287 5230 et
1314 5174 1582 5240 natalem;
1606 5173 1793 5239 verbo,

205 5267 355 5339 quod
384 5280 560 5320 verus
588 5274 644 5321 et
664 5265 935 5331 ROIIANUII
970 5266 1062 5333 sit,
1092 5266 1146 5321 in
1173 5265 1422 5323 confesso
1444 5265 1680 5336 positum
1709 5282 1795 5321 ar.-

203 5356 510 5412 bitramur:
541 5355 682 5425 quod
729 5354 890 5411 etiam
937 5369 1099 5426 supra
1152 5370 1215 5411 ex
1256 5354 1478 5410 nomine
1511 5371 1684 5426 papa’,
1719 5355 1791 5410 ibi

206 5446 502 5503 identidem
529 5445 779 5516 repetito,
803 5454 858 5501 et
888 5446 1042 5516 quasi
1070 5446 1309 5502 studiose
1340 5445 1603 5518 apposito,
1635 5446 1790 5501 educi

204 5556 389 5617 posse,
414 5548 601 5596 contra
629 5538 1018 5596 Florentinium
1047 5538 1405 5596 ostendimus.

278 5632 402 5687 M5.
440 5632 722 5703 Reliquum
752 5640 833 5690 est
880 5642 940 5688 ut
990 5630 1221 5686 Romani
1264 5631 1415 5702 parvi
1446 5631 1791 5688 characteres

206 5735 459 5792 ueteres,
494 5722 545 5779 in
576 5723 692 5803 ipso
725 5723 1067 5798 singulariter
1093 5723 1412 5795 conspicuos
1452 5724 1786 5795 pauciscol:

1896 3242 1963 3299 de
2013 3240 2234 3307 Publio;
2282 3256 2440 3306 xxut,
2472 3241 2539 3296 de
2582 3239 2884 3309 Parmeno;
2934 3258 3072 3309 xxv,
3114 3241 3184 3301 de
3230 3243 3487 3309 Anania;

1898 3348 1934 3388 ιι
1964 3331 2268 3398 Februarii,
2313 3332 2381 3386 de
2428 3329 2706 3397 Cornelio;
2754 3347 2838 3398 ιιι,
2892 3333 2961 3389 de
2988 3334 3166 3404 Agabo
3189 3351 3209 3400 ;
3253 3349 3366 3401 xvi,
3417 3335 3485 3390 de

1899 3420 2163 3483 Onesimo,
2202 3429 2307 3475 etc.
2336 3420 2404 3476 Hi
2432 3436 2562 3477 vero
2591 3431 2741 3477 ettot
2761 3423 2873 3489 alii,
2908 3439 3030 3478 cum
3067 3424 3123 3485 in
3155 3425 3484 3501 antiquiori-

1897 3511 2001 3568 bus
2029 3511 2429 3583 Martyrologiis
2446 3513 2560 3568 noti
2584 3528 2690 3569 non
2724 3513 2852 3580 sint,
2876 3515 3001 3584 quis
3024 3515 3224 3571 audeat
3248 3516 3482 3571 inﬁciari

1896 3604 1963 3659 ab
2024 3603 2184 3674 hujus
2232 3601 2602 3676 Mauyrologii
2660 3612 2882 3659 auctore
2932 3607 3168 3676 primum
3228 3605 3485 3662 collectos

1897 3683 2109 3751 fuisse?
2144 3694 2391 3750 Tertium
2427 3693 2542 3767 jam
2590 3696 2797 3751 notavit
2839 3697 3090 3768 superius
3120 3696 3488 3764 Castellanns,

1865 3788 2191 3845 'ostendens
2210 3787 2508 3863 prophetas
2529 3788 2743 3844 Veteris
2784 3788 3144 3854 Tcstamenti,
3185 3790 3256 3843 ab
3295 3787 3492 3845 Hiequ

1896 3879 2155 3953 nymiano
2182 3878 2511 3955 prmteritos,
2557 3894 2587 3933 a
2617 3876 2986 3956 Martyrologii
3019 3877 3191 3937 nostri
3221 3878 3483 3949 compila-

1897 3956 2034 4038 tore,
2068 3986 2166 4041 pro
2205 3986 2303 4026 suo
2328 3986 2514 4026 rursus
2543 3971 2719 4038 libitu,
2752 3972 2992 4042 signatos
3017 3987 3159 4027 esse.
3189 3970 3259 4027 Ut
3274 3979 3483 4031 taceam

1897 4062 2165 4117 Abbacum
2204 4072 2260 4117 et
2310 4061 2592 4117 Mieltazam
2641 4079 2709 4118 xv
2758 4061 3040 4129 Januarii;
3087 4062 3371 4118 Jerrmiam
3398 4080 3417 4129 ,'
3464 4080 3481 4119 ι

1896 4153 2022 4208 Maii
2051 4171 2066 4231 ξ
2100 4150 2381 4218 Elizteum,
2414 4166 2506 4205 xxv
2536 4149 2702 4219 Junii,
2721 4168 2860 4208 unus
2891 4151 3094 4215 mensis
3122 4150 3297 4208 Julius
3324 4151 3485 4223 quin-

1897 4261 2002 4321 que
2055 4245 2444 4315 prophetarum
2507 4244 3057 4299 commemorationes
3125 4244 3492 4313 suppeditat,

1897 4351 2127 4407 quarum
2154 4334 2267 4390 sola
2299 4333 2472 4404 prima
2521 4331 2588 4388 de
2618 4332 2799 4387 Aaron
2841 4334 2893 4387 in
2924 4332 3365 4404 Hieronymianis
3401 4334 3485 4395 in-

1897 4428 2152 4493 notescit,
2178 4426 2231 4481 in
2253 4423 2395 4481 Beda
2438 4423 2583 4479 solus
2615 4422 2808 4489 Isaias,
2864 4422 2957 4493 qui
2980 4422 3048 4477 de
3094 4432 3291 4478 caetero
3345 4438 3480 4493 pau-

1899 4534 2089 4576 corum
2156 4517 2385 4577 aliorum
2452 4516 2738 4581 meminit,
2813 4530 2876 4570 ea
2928 4515 3139 4579 ratione
3205 4524 3263 4577 et
3322 4516 3495 4572 modo.

1900 4627 2059 4684 quem
2106 4612 2344 4683 explicat
2381 4607 2784 4687 Papebrocbius
2822 4615 2968 4669 torno
3014 4606 3045 4667 1.
3083 4604 3304 4677 Aprilis,
3355 4621 3495 4678 pag,

1900 4705 2023 4759 857.

1972 4796 2092 4857 145.
2138 4794 2299 4850 Hisce
2344 4791 2647 4864 superaddi,
2670 4798 2859 4861 potest
2888 4799 3143 4851 uuartum
3182 4796 3366 4859 caput,
3403 4786 3484 4841 id-

1902 4905 2007 4962 que
2037 4889 2091 4943 in
2137 4888 2241 4942 hac
2285 4900 2345 4941 re
2375 4893 2732 4955 postremum,
2764 4883 2858 4938 sed
2904 4883 3003 4940 soli
3041 4882 3203 4937 etiam
3232 4880 3497 4936 Romano

1898 4996 2094 5055 parvo,
2137 4994 2249 5051 pra:
2285 4976 2721 5049 Hieronymianis
2769 4985 2825 5031 et
2872 4973 3038 5039 Beda,
3086 4973 3309 5033 omnino
3351 4985 3487 5041 pro-7

1899 5077 2099 5146 prium.
2119 5074 2182 5129 ιιι
2214 5071 2320 5127 illis
2346 5070 2432 5125 vix
2459 5069 2624 5125 ullam
2664 5068 2914 5124 invenias
2936 5075 3236 5136 martyrum
3262 5063 3478 5118 Africa-

1899 5180 2116 5231 norum,
2150 5165 2202 5217 in
2235 5160 2556 5217 Wandalica
2594 5159 2974 5231 persecutione
3011 5169 3315 5227 passorum,
3365 5168 3478 5211 me-

1898 5259 2155 5324 moriam,
2180 5255 2233 5310 in
2260 5255 2365 5319 hoc
2395 5253 2528 5310 satis
2553 5252 2810 5323 frequens
2830 5258 2937 5315 est,
2976 5257 3037 5304 ut
3072 5246 3250 5318 palam
3278 5243 3485 5302 facient.

1901 5349 2318 5409 Observationes
2364 5344 2704 5409 Usuardinae.
2747 5341 2826 5396 Ne
2850 5342 2938 5397 diu
2973 5335 3321 5410 qumrendum
3362 5333 3477 5411 sit;

1901 5445 2106 5517 inspice
2132 5457 2264 5498 xxix
2292 5438 2492 5504 Martii,
2530 5453 2626 5499 xm
2662 5432 2810 5501 Julii,
2858 5450 2912 5488 vt
2959 5430 3328 5503 Septembris,
3380 5443 3479 5489 nu

1901 5546 1956 5594 et
1995 5550 2164 5592 xxvut
2208 5530 2552 5595 Novembris,
2590 5544 2644 5583 vr
2690 5535 2746 5582 et
2790 5541 2858 5579 xv
2893 5521 3477 5590 Decembris,quorum

1898 5627 2060 5685 modo
2084 5623 2266 5695 aliqua
2314 5621 2446 5678 mihi
2496 5620 2719 5693 inhaeret
2747 5612 3069 5671 recordatio.
3099 5611 3348 5683 Colligat,
3380 5608 3479 5668 ob.-

1901 5735 2081 5793 secro,
2129 5732 2315 5789 aequus
2349 5715 2547 5778 lector,
2574 5713 2918 5768 characteres
2970 5721 3181 5774 omnes,
3224 5711 3335 5779 toto
3372 5701 3493 5773 bos.
