3936 6348
204 302 327 359 535

1564 273 2098 353 ruetscousda.

3376 297 3481 353 554

203 413 533 489 perspicies,
564 411 841 468 breviores
890 409 1329 466 annuntiationes
1357 423 1547 464 omnes
1575 420 1799 479 prmter-
1831 417 1877 474 Α
1905 411 2113 466 laudem
2142 410 2526 482 omnipotentis
2541 411 2658 478 Dei,
2693 431 2711 463 ι
2739 420 2867 477 ctc.,
2887 413 2969 465 cui
2996 412 3142 481 operi
3172 413 3483 469 exornando
3568 446 3575 451 -

207 510 420 564 missas
442 521 585 571 esse.
615 505 707 563 ubi
731 517 861 564 vero
889 501 1133 574 longiora
1155 503 1327 574 elogia
1358 518 1427 558 ex
1461 502 1647 561 Adone
1673 516 1801 557 con-

207 600 394 654 traxit
422 596 717 655 Usuardus.
752 595 842 651 illa
874 594 1084 665 integre
1104 603 1161 648 et
1181 594 1461 653 Adoniane
1490 592 1556 649 ab
1583 592 1804 663 Aloysio

206 690 604 746 restituuntur.
643 686 818 756 Atque
872 684 962 739 hic
1016 699 1206 740 rursus
1254 684 1464 740 semina
1514 684 1687 748 vides,
1737 697 1803 738 ex

206 782 421 852 quibus
472 786 686 835 crescat
737 776 909 848 posita
963 776 1212 847 superius
1254 776 1582 847 propositio;
1636 782 1800 846 puta,

208 872 550 938 Usuardum,
587 878 759 925 totum
808 867 980 922 ferme
1027 866 1465 939 Martyrologium
1518 882 1700 932 suum,
1735 880 1803 922 ex

206 965 411 1020 Adone
430 972 527 1019 aut
551 960 927 1032 descripsisse,
963 969 1059 1015 aut
1087 960 1446 1015 contraxisse.
1475 1005 1486 1014 .

292 1055 417 1111 {50.
447 1054 617 1109 Porro
646 1059 893 1110 sanctum
936 1050 1179 1106 Adonem
1217 1049 1659 1122 Martyrologum,
1696 1062 1802 1105 non

208 1144 624 1210 Trevirensem,
651 1150 711 1198 ut
733 1141 1008 1214 Aloysius,
1052 1140 1340 1196 Mosander
1378 1149 1434 1195 et
1471 1139 1560 1194 alii
1586 1139 1802 1209 plurimi

206 1248 508 1314 perperam
528 1236 877 1296 censuerunt,
908 1231 1001 1285 sed
1022 1229 1385 1285 Viennensem
1414 1227 1579 1284 fuisse
1598 1228 1805 1283 archie~

208 1325 523 1397 piscOpum,
546 1324 678 1380 satis
694 1323 858 1379 evicit
882 1322 1219 1389 Rosweidus,
1249 1330 1412 1391 atque
1436 1322 1539 1377 hoc
1564 1329 1806 1390 tempore

210 1417 366 1487 apud
412 1417 651 1472 eruditos
697 1430 887 1471 omnes
926 1414 980 1468 in
1030 1413 1282 1469 confesso
1310 1422 1412 1469 est.
1444 1412 1623 1468 Vitam
1662 1412 1800 1483 ejus,

209 1507 305 1563 vel
330 1507 510 1576 potius
536 1505 671 1561 Vitae
691 1505 1069 1576 compendium
1098 1519 1166 1559 ex
1192 1504 1485 1560 Breviariis
1512 1501 1803 1559 Viennensi

192 1605 276 1654 ει
311 1597 641 1653 Romanensi
688 1604 989 1665 acceptum,
1022 1595 1145 1652 aliis
1198 1596 1541 1651 documentis
1589 1596 1803 1651 erudite

213 1688 513 1751 illustravit
538 1686 777 1751 Mabilio,
798 1685 978 1747 szeculi
1013 1701 1065 1740 iV
1092 1686 1427 1742 Benedictini
1476 1696 1631 1758 parte
1669 1702 1732 1753 ιι,
1756 1700 1803 1740 .a

1905 516 2012 556 non
2036 502 2181 559 aliud
2205 503 2375 573 magis
2395 512 2755 572 opportunum
2786 504 2996 572 tempus
3019 502 3283 574 assignari
3305 510 3487 573 potest

1903 608 2065 665 quam
2110 608 2210 665 pro
2234 594 2479 665 Lugduni
2509 602 2635 663 apto
2660 593 2728 648 ad
2756 593 2808 648 id
2836 594 2949 649 otio
2976 593 3276 652 fruebatur.
3307 595 3485 662 Atque

1905 684 1959 738 in
1985 686 2086 739 hac
2109 684 2476 756 Martyrologii
2504 683 2775 739 Adoniani
2802 684 3008 753 epocha
3039 682 3198 740 facile
3219 700 3342 739 cum
3372 685 3485 738 Ma-

1902 775 2103 831 bilione
2135 775 2465 831 conveniunt
2488 774 2648 830 hodie
2669 775 2868 830 eruditi
2893 790 3104 831 omnes.
3430 780 3440 790 ‘

1978 868 2102 923 152.
2147 866 2265 923 Non
2314 867 2390 922 ita
2441 866 2576 923 mihi
2604 866 2821 938 placent
2867 874 3185 938 argumenta
3230 867 3410 936 aliqua
3454 883 3485 920 a

1902 962 2123 1018 laudato
2150 959 2439 1015 Mabilione
2491 959 2545 1014 in
2590 974 2714 1015 eum
2766 958 2929 1015 finem
2968 959 3218 1023 adducta,
3259 973 3328 1014 ex
3357 973 3488 1015 caro

1905 1051 2029 1117 sibi,
2059 1050 2242 1105 nescio
2269 1063 2397 1120 quo,
2439 1047 2725 1105 Adoniano
2748 1048 2935 1104 codice
2973 1057 3097 1103 ante
3145 1061 3319 1103 annos
3366 1062 3489 1102 sex-

1906 1150 2114 1207 centos,
2142 1150 2200 1195 ut
2223 1140 2317 1208 ait,
2344 1154 2507 1194 manu
2539 1139 2829 1209 descripto,
2855 1154 2920 1195 ex
2936 1153 3046 1208 quo
3066 1137 3201 1193 satis
3223 1137 3489 1208 intrepide

1905 1234 2185 1291 contendit
2198 1249 2324 1306 pag.
2339 1232 2444 1288 275
2455 1232 2600 1288 circa
2614 1231 2871 1299 medium,
2890 1249 2911 1284 ι
2932 1228 3321 1287 restituendam
3332 1243 3451 1285 esse
3462 1249 3481 1281 ι

1905 1328 2079 1384 Adoni
2132 1347 2151 1380 ι
2204 1326 2772 1382 commemorationem
2817 1323 2989 1379 sancti
3036 1322 3207 1377 Mauri
3254 1320 3485 1384 abbatis,

1906 1428 2107 1475 sanctae
2136 1417 2505 1484 Scholasticaz,
2533 1424 2589 1472 et
2618 1415 2846 1471 aliorum
2878 1412 2994 1470 fere
3012 1414 3252 1468 omnium
3279 1419 3491 1467 sancto-

1907 1526 2046 1574 rum,
2071 1525 2206 1581 quos
2232 1508 2520 1566 Mosander
2541 1515 2596 1562 et
2624 1506 2961 1578 Rosweydus
2986 1504 3427 1560 eliminaverunt.
3465 1521 3484 1555 ι

1906 1601 1973 1656 Et
1992 1601 2095 1657 sub
2117 1600 2329 1671 paginae
2353 1590 2564 1655 initium
2587 1598 2832 1653 dixerat:
2861 1613 2881 1649 ι
2913 1595 3058 1651 idem
3078 1593 3344 1665 judicium
3371 1600 3491 1648 esto

1907 1692 1975 1746 de
2005 1692 2256 1749 omnibus
2284 1689 2399 1747 fere
2440 1689 2770 1756 nominibus,
2807 1702 2927 1759 qua:
2960 1686 3247 1742 Mosander
3293 1694 3350 1741 et
3386 1684 3493 1740 Bo-

213 1795 343 1853 pag.
373 1779 480 1834 262
507 1795 576 1834 ex
613 1794 722 1849 quo
760 1793 847 1847 ea,
878 1794 1000 1849 quae
1046 1779 1376 1837 sanctissimi
1409 1790 1464 1837 et
1503 1779 1802 1837 doctissimi
1837 1781 1879 1841 Β
1907 1784 2142 1840 sweidus
2173 1784 2225 1839 in
2257 1797 2529 1840 secessum
2557 1780 2883 1851 reiecerunt.
2920 1799 2939 1834 ι
2969 1778 3097 1835 Haec
3120 1776 3491 1835 eruditissimo

213 1873 324 1928 viri
350 1881 567 1928 aetatem
589 1886 655 1927 ac
686 1870 1127 1943 Martyrologium
1179 1881 1446 1943 spectant,
1474 1873 1664 1944 paucis
1705 1872 1801 1928 de-

217 1978 457 2023 curram.
493 1980 515 2016 ι
551 1962 725 2025 Nobili
761 1962 1014 2033 prosapia
1044 1974 1270 2019 exortus
1297 1983 1316 2017 ι
1352 1965 1551 2023 dicitur
1580 1966 1633 2024 in
1666 1979 1806 2037 pago

218 2052 557 2109 Wastinensi
606 2060 700 2108 aut
730 2052 1019 2119 Senonico,
1056 2073 1074 2106 ι
1112 2055 1331 2111 circiter
1378 2071 1579 2111 annum
1627 2057 1803 2113 octin-

218 2145 575 2222 gentesimum
604 2163 623 2197 ι
651 2144 704 2199 in
729 2144 903 2201 lucem
924 2145 1102 2202 editus
1132 2164 1146 2200 :
1183 2164 1202 2198 ι
1230 2147 1428 2219 quippe
1451 2162 1624 2204 annos
1642 2156 1805 2204 natus

219 2239 561 2308 septuaginta
584 2252 700 2303 sex,
721 2236 1108 2294 decessitanno
1131 2239 1335 2295 Christi
1356 2240 1805 2310 octingentesimo

221 2332 616 2402 septuagesimo
645 2331 856 2401 quinto.
897 2349 916 2385 ι
951 2320 1230 2389 Monachis
1258 2333 1701 2390 Ferrariensibus
1748 2334 1803 2389 in

227 2424 560 2493 disciplinam
586 2423 838 2490 traditus,
870 2423 995 2480 istic
1019 2439 1049 2479 a
1078 2423 1286 2495 Sigulfo
1315 2425 1510 2481 abbate
1529 2426 1708 2481 adhuc
1729 2425 1805 2482 in-

232 2511 484 2579 faululus,
535 2522 627 2569 aut
670 2528 808 2584 puer
837 2524 1123 2586 susceptus
1148 2515 1317 2571 fuisse
1366 2516 1614 2584 videtur;
1654 2534 1672 2568 ι
1710 2517 1801 2572 ubi

223 2601 365 2656 bene
390 2611 754 2669 conversatus,
784 2611 918 2659 teste
957 2604 1132 2675 Lupo,
1160 2619 1349 2660 omnes
1381 2604 1484 2660 sibi
1512 2619 1720 2661 COCBVOS
1747 2606 1802 2661 in

198 2694 421 2749 .studiis
449 2692 750 2749 litterarum
773 2694 1006 2765 prmivit.
1038 2715 1056 2747 ι
1091 2696 1220 2757 Inde
1251 2697 1316 2752 ad
1342 2697 1662 2755 Prumiense
1685 2711 1799 2753 cm-

218 2783 461 2848 nubium,
495 2793 685 2856 rogatu
734 2785 1023 2842 Macwardi
1053 2787 1268 2843 abbatis
1295 2788 1558 2852 directus,
1604 2787 1678 2844 ibi
1693 2774 1803 2843 'ali-

214 2873 456 2941 quandiu
511 2884 877 2930 commoratus
917 2884 1023 2941 est,
1064 2877 1236 2933 donec
1279 2897 1299 2930 ι
1333 2879 1692 2950 quorumdam
1728 2879 1804 2934 in-

214 2963 551 3019 vidiosorum
575 2965 786 3020 insidiis
820 2986 840 3018 ι
874 2966 1176 3036 impetitus,
1202 2967 1432 3023 Romam
1456 2983 1516 3024 se
1549 2969 1800 3034 contulit,

218 3072 238 3104 ι
276 3063 337 3107 ut
363 3054 583 3109 domum
613 3056 672 3110 Β.
696 3055 842 3110 Petri
858 3056 1118 3127 principis
1152 3057 1516 3129 apostolorum
1539 3059 1802 3114 orationis

1902 1877 2042 1943 viro,
2089 1877 2371 1947 nostrique
2405 1874 2610 1945 operis,
2644 1871 2773 1931 dum
2825 1873 3058 1939 viveret,
3091 1869 3487 1932 amantissimo,

1902 1977 1964 2023 ut
1998 1976 2060 2023 ut
2104 1967 2286 2034 velim,
2338 1967 2639 2025 concedere
2680 1964 2905 2021 omnino
2937 1979 3045 2020 non
3075 1977 3322 2034 possum,
3368 1975 3493 2017 cum

1904 2072 2012 2112 non
2034 2057 2208 2113 semel
2244 2056 2671 2123 observaverim,
2712 2054 2995 2125 prafatum
3045 2054 3307 2119 codicem,
3329 2066 3494 2122 quem

1904 2146 2079 2205 solum
2102 2148 2158 2203 in
2177 2146 2328 2204 Actis
2345 2146 2709 2203 Benedictinis
2726 2146 2926 2217 passim
2947 2142 3203 2216 appellat,
3221 2144 3289 2199 ab
3316 2139 3494 2201 omni-

1904 2239 2151 2296 bustum
2200 2238 2360 2294 editis
2403 2246 2517 2294 tum
2545 2251 2679 2293 mss.
2718 2237 2921 2293 nostris
2948 2234 3266 2308 longissime
3296 2234 3496 2290 discre~

1904 2343 2056 2401 pare.
2080 2327 2400 2399 Exemplum
2429 2343 2538 2384 non
2561 2342 2728 2384 unum
2755 2328 2989 2383 recurrit
3007 2327 3062 2383 in
3085 2324 3493 2385 Observationi~

1903 2420 2006 2475 bus
2028 2417 2349 2476 Usuardinis
2370 2435 2426 2474 γι
2453 2417 2603 2485 Julii,
2635 2434 2736 2475 xm
2766 2416 3126 2490 Septembris,
3158 2432 3236 2472 xu
3264 2415 3492 2471 Novem-

1905 2510 2020 2566 bris
2076 2518 2132 2566 et
2177 2509 2327 2565 alibi.
2360 2509 2435 2566 Ut
2470 2517 2654 2566 autem
2682 2509 2987 2565 evidentius
3030 2516 3215 2579 pateat
3246 2507 3492 2563 codicem

1904 2599 2322 2657 Mabilonianum
2363 2615 2494 2656 vere
2540 2609 2596 2655 et
2641 2615 2775 2672 pure
2809 2598 3150 2655 Adonianum
3198 2613 3304 2653 non
3345 2610 3489 2663 esse,

1903 2690 2147 2747 eruditos
2175 2691 2407 2748 lectores
2436 2691 2609 2747 solum
2640 2707 2833 2762 rogare
2863 2691 3046 2753 velim.
3089 2699 3149 2745 ut
3175 2690 3275 2760 ipsi
3307 2704 3404 2761 per
3428 2704 3494 2745 se

1903 2781 2146 2839 Adonem
2174 2781 2458 2838 conferant
2502 2797 2627 2837 cum
2668 2782 2915 2838 Usuardo
2955 2790 3012 2837 et
3050 2780 3287 2837 Notkero
3317 2799 3333 2836 :
3362 2797 3488 2841 cum

1903 2873 2137 2931 enimibi
2167 2873 2274 2929 duo
2292 2873 2539 2943 priorem.
2560 2872 2761 2944 passim
2790 2881 2883 2928 aut
2915 2874 3239 2928 contrahant.
3274 2880 3367 2929 aut
3394 2872 3489 2928 de-

1904 2961 2167 3029 scribant,
2199 2963 2419 3019 certiori
2453 2963 2651 3019 indicio
2680 2963 2949 3034 explorari
2976 2964 3163 3034 nequit
3194 2963 3324 3032 quid
3358 2978 3491 3035 proa

1904 3054 2021 3124 prie
2046 3054 2245 3120 Adoni,
2274 3054 2403 3125 quid
2431 3054 2819 3126 multiplicibus
2846 3055 2963 3126 ejus
3004 3054 3489 3126 interpolatoribus

212 3145 388 3215 gratia
414 3146 683 3213 visitaret,
720 3167 740 3200 ι
771 3147 914 3203 unde
954 3156 1077 3218 post
1103 3148 1527 3219 quinquennium
1566 3149 1796 3220 patriam
1826 3137 1870 3199 C
1902 3145 1974 3201 sit
1998 3146 2377 3202 ascribendum
2408 3163 2420 3200 :
2455 3162 2556 3203 nec
2574 3148 2642 3204 ad
2667 3147 2721 3203 id
2754 3146 3000 3217 pluribus
3025 3146 3194 3207 ferme
3221 3162 3358 3219 opus
3381 3157 3485 3213 est,

211 3244 488 3303 repetens,
530 3236 810 3292 Ravennae
856 3236 1301 3311 Martyrologium
1349 3239 1481 3294 illud
1512 3239 1714 3310 reperit
1742 3246 1799 3294 et

210 3325 523 3394 descripsit,
575 3326 640 3381 de
684 3341 792 3396 quo
823 3334 935 3383 toto
972 3328 1146 3399 capite
1195 3329 1440 3399 proxime
1474 3329 1803 3401 praecedenti

209 3417 429 3472 abunde
453 3417 718 3488 litigatum
741 3427 845 3474 est.

286 3508 411 3562 151.
470 3509 726 3566 Ravenna
772 3526 895 3566 cum
949 3510 1145 3569 effosso
1197 3514 1453 3570 thesauro
1502 3514 1798 3587 digressus,

217 3616 239 3650 ι
277 3598 403 3654 inde
428 3597 744 3670 Lugdunum
791 3602 1058 3671 pervenit,
1085 3603 1176 3661 ubi
1205 3612 1333 3660 tunc
1356 3614 1589 3676 praeerat
1627 3605 1801 3678 digna:

208 3690 491 3745 memoriae
536 3691 835 3763 Remigius,
864 3694 1061 3763 praesul
1099 3695 1354 3761 eximius,
1381 3695 1474 3766 qui
1501 3696 1594 3753 Dei
1626 3696 1802 3753 famu-

208 3779 327 3837 lum
356 3780 595 3836 Adonem
637 3782 724 3851 pie
770 3784 1023 3855 suscepit,
1056 3792 1360 3858 etquaeque
1385 3787 1693 3847 necessaria
1722 3788 1800 3842 illi

206 3872 543 3943 perbeuigne
570 3873 833 3929 exhibuit.
873 3894 893 3928 ι
926 3875 1012 3935 Ab
1037 3876 1140 3932 hoc
1177 3877 1342 3949 igitur
1379 3879 1450 3934 ob
1478 3878 1719 3934 scientia:
1746 3886 1801 3936 et

208 3961 498 4033 probitatis
556 3962 771 4019 laudem
826 3964 1116 4034 detentus,
1170 3967 1415 4040 Lugduni
1485 3970 1797 4040 aliquandiu

208 4061 578 4113 commoratus
599 4061 705 4114 est.
732 4061 805 4121 et,
839 4054 883 4110 si
926 4070 1056 4112 vera
1106 4066 1292 4113 narrat
1317 4058 1656 4125 Breviarium
1690 4059 1801 4121 Ro-

209 4156 493 4207 manense,
518 4141 795 4217 Remigius
813 4145 987 4208 Adoni
1015 4164 1033 4198 ‹
1060 4147 1358 4207 Ecclesiam
1382 4150 1527 4209 beati
1548 4150 1796 4215 Romani,

205 4251 338 4292 cum
368 4234 471 4291 sibi
497 4234 871 4305 adiacentibus
893 4237 1056 4295 rebus
1083 4239 1137 4293 in
1160 4240 1480 4311 obsequium
1506 4240 1796 4312 delegavit,

203 4331 307 4388 ubi
335 4333 597 4389 secretius
619 4334 850 4389 orationi
882 4342 1103 4390 vacaret
1137 4354 1150 4389 :
1191 4356 1209 4389 ι
1245 4338 1353 4391 imo
1381 4346 1437 4393 et
1490 4337 1797 4395 litterarum

202 4422 425 4489 studiis,
456 4437 521 4478 ac
547 4424 888 4493 potissimum
909 4426 1223 4485 adornando
1265 4426 1647 4498 Martyrologio
1673 4443 1793 4488 suo,

200 4513 359 4570 haud
384 4513 544 4570 dubie
572 4513 824 4586 Remigii,
868 4525 923 4570 et
947 4516 1177 4578 aliorum
1232 4518 1524 4588 praesulum
1554 4519 1795 4583 hortatu,

202 4618 350 4676 quos
376 4619 472 4675 per
517 4622 537 4657 ι
570 4606 855 4676 imperium
891 4623 956 4663 ac
976 4608 1277 4678 iussionem
1305 4620 1618 4667 sanctorum
1658 4613 1801 4668 viro-

202 4709 353 4760 rum,
411 4714 432 4747 ι
485 4694 540 4750 in
570 4696 890 4767 praefatione
934 4714 1029 4761 sua
1072 4699 1307 4759 fortasse
1348 4701 1573 4773 intelligi
1604 4703 1794 4760 voluit.

200 4785 312 4841 llic
333 4801 432 4843 nos
454 4803 577 4843 cum
605 4788 912 4853 Mabilione,
967 4791 1275 4851 Castellano
1318 4793 1546 4865 aliisque
1599 4794 1796 4865 Marty-

198 4877 402 4950 rologii
450 4878 568 4949 eius
623 4883 886 4951 epocham
924 4882 1191 4957 ﬁgendum
1249 4899 1552 4949 censemus,
1601 4901 1794 4959 nempe

198 4968 525 5040 priusquam
572 4972 641 5028 ad
682 4973 998 5030 cathedram
1044 4971 1402 5032 Viennensem
1449 4977 1790 5043 eveheretur,

199 5075 373 5130 quam
409 5076 552 5118 anno
571 5062 676 5119 860
696 5072 847 5120 certo
870 5066 1210 5133 conscendit,
1252 5077 1312 5121 ut
1341 5066 1564 5144 proinde
1584 5068 1791 5124 verosi-

200 5151 493 5209 millimum
521 5156 614 5224 sit,
636 5157 923 5227 praefatum
953 5158 1391 5231 Martyrologium
1414 5158 1562 5215 circa
1592 5176 1795 5219 annum

202 5245 337 5311 858,
369 5253 461 5299 aut
498 5246 639 5304 forte
659 5249 821 5319 paulo
849 5251 1009 5306 citius
1035 5259 1316 5315 exaratum
1352 5252 1517 5308 fuisse
1549 5270 1562 5307 :
1611 5271 1630 5305 ι
1666 5267 1795 5308 nam

201 5342 435 5392 crateras
470 5336 890 5404 lucubrationes,
946 5359 965 5393 ι
1016 5339 1194 5413 inquit
1231 5341 1473 5409 Mabilio,
1512 5359 1533 5399 ι
1555 5343 1796 5399 condidit

196 5422 318 5493 iam
347 5426 651 5498 episcopus,
703 5448 721 5480 ι
772 5430 915 5485 hunc
959 5446 1090 5488 vero
1120 5441 1244 5489 ante
1268 5433 1641 5504 episcopatum
1690 5450 1788 5507 ag-

206 5528 430 5585 gressus
450 5528 564 5582 est;
596 5518 782 5590 utique
810 5520 936 5575 dum
966 5520 1225 5578 Ravenna
1262 5523 1454 5590 redux,
1494 5533 1640 5581 totus
1674 5534 1796 5583 erat

208 5602 268 5667 in
298 5605 611 5677 colligendis
639 5612 862 5677 sanctis,
904 5627 1199 5685 eorumque
1245 5617 1589 5686 passionibus
1630 5617 1794 5673 latius

209 5694 609 5767 ἁςεςιίυθιισίἱε,
653 5723 669 5752 ι
727 5704 966 5760 serviens
1014 5705 1404 5764 infirmioribus
1431 5708 1692 5767 fratribus
1725 5711 1791 5773 ad

1827 4486 1876 4545 D

1902 3247 2066 3303 quam
2116 3243 2176 3289 ut
2228 3235 2516 3306 praedictas
2566 3235 2990 3294 Observationes
3061 3246 3278 3294 nostras
3351 3252 3485 3293 con-

1902 3325 2103 3389 sulant,
2137 3326 2190 3380 in
2235 3326 2430 3395 quibus
2455 3342 2578 3382 cum
2607 3326 2754 3385 fonte
2801 3328 2957 3387 rivuli
2984 3330 3226 3403 quotidie
3269 3344 3489 3399 compa-

1903 3423 2114 3471 rantur.

1976 3507 2097 3564 155.
2144 3506 2353 3565 Juverit
2395 3509 2511 3566 haec
2560 3512 2939 3580 patentissimo
2974 3514 3224 3584 exemplo
3255 3513 3325 3569 ob
3360 3530 3491 3569 ocu-

1902 3596 1984 3655 los
2012 3612 2233 3668 ponere.
2267 3597 2484 3656 Mabilio
2527 3615 2650 3670 pag.
2694 3600 2820 3667 272,
2848 3603 3008 3672 paulo
3056 3603 3196 3658 infra
3226 3604 3486 3670 medium,

1902 3688 1981 3744 sic
2008 3688 2173 3745 habet
2203 3706 2217 3743 :
2264 3707 2284 3742 ι
2318 3689 2402 3751 Ad
2434 3691 2548 3747 haec
2576 3692 2629 3746 in
2654 3706 2759 3746 ms.
2779 3693 2963 3748 codice
3002 3701 3191 3749 nostro
3219 3694 3491 3752 dedicatio

1901 3778 2147 3837 ecclesiae
2194 3782 2509 3844 monasterii
2559 3782 2822 3839 Cellensis
2851 3798 2994 3840 anno
3043 3784 3149 3841 850
3185 3785 3351 3854 facta,
3388 3801 3487 3844 ac-

1901 3881 2089 3929 curate
2143 3874 2473 3933 describitur
2522 3890 2634 3935 xvu
2685 3874 2802 3935 Kal.
2852 3875 3173 3933 Novembris
3200 3918 3216 3944 ,
3261 3893 3387 3935 eum
3416 3879 3488 3937 ad

1900 3965 2121 4029 modum
2147 3982 2255 4038 quo
2302 3967 2557 4045 superius
2582 3968 2751 4024 relata
2778 3979 2863 4029 est
2891 3970 2959 4025 ad
2988 3985 3197 4027 annum
3232 3971 3360 4036 875,
3393 3972 3489 4033 ubi

1901 4056 1972 4114 de
2017 4058 2194 4114 sancti
2235 4057 2558 4118 Frodaberti
2602 4060 2814 4117 abbatis
2850 4061 3204 4118 translatione
3248 4063 3482 4135 egimus.

1901 4147 2030 4207 Haec
2052 4145 2161 4221 quo
2190 4150 2369 4207 minus
2396 4152 2465 4207 ab
2520 4152 2906 4224 interpolatore
2935 4155 3118 4212 addita
3169 4164 3374 4227 putem,
3421 4171 3491 4216 ea

1902 4252 1991 4295 me
2018 4254 2182 4296 causa
2214 4251 2416 4307 movet,
2463 4245 2608 4312 quod
2659 4245 2899 4315 singulas
2919 4287 2934 4311 ,
2967 4263 3105 4318 quas
3132 4258 3330 4304 vocant
3379 4249 3487 4304 cir-

1899 4332 2290 4399 cumstantias,
2331 4350 2440 4391 non
2491 4335 2566 4392 ita
2604 4347 2861 4395 accurate
2902 4349 3086 4396 nosset
3114 4341 3274 4396 homo
3300 4350 3483 4412 postea

1901 4424 2064 4481 rioris
2106 4428 2384 4497 temporis.
2409 4453 2426 4479 ι
2450 4428 2585 4485 llinc
2608 4443 2802 4501 nempe
2837 4432 3042 4489 Adonis
3079 4442 3294 4490 aetatem
3329 4435 3489 4492 dcte~

1903 4532 2030 4587 gere
2060 4508 2230 4574 voluit
2262 4518 2502 4588 Mabilio,
2533 4537 2653 4592 qure
2692 4524 2921 4587 aliunde
2959 4524 3153 4585 melius
3195 4537 3251 4583 et
3279 4528 3495 4584 certius

1902 4610 2113 4671 eruitur
2157 4610 2400 4667 :fallunt
2447 4614 2593 4671 enim
2617 4629 2684 4677 ea,
2710 4617 2913 4682 omnia,
2962 4618 3007 4673 si
3038 4619 3106 4675 ad
3152 4621 3495 4692 propositam,

1901 4703 2142 4774 regulam
2162 4705 2468 4776 exigantur.
2488 4705 2765 4763 Usuardus
2781 4718 2836 4765 et
2856 4708 3125 4767 Notkerus
3148 4713 3214 4768 de
3228 4723 3486 4770 accurata

1900 4794 1991 4851 illa
2018 4796 2380 4868 descriptione
2407 4798 2765 4857 dedicationis
2811 4801 3055 4860 ecclesiae
3082 4803 3342 4863 Cellensis
3382 4822 3484 4863 nec

1898 4887 2124 4942 verbum
2166 4887 2467 4959 proferunt.
2497 4890 2791 4961 Praeterea,
2814 4910 2915 4951 nec
2942 4896 2999 4952 in
3029 4896 3217 4957 Adone
3252 4898 3490 4972 Aloysii,

1900 4980 1995 5049 qui
2040 4981 2315 5053 longiores
2364 4984 2623 5043 historias
2671 5004 2946 5059 nusquam
2985 4992 3241 5065 negligit.
3275 5010 3377 5050 nec
3430 4996 3483 5059 in

1900 5070 2168 5129 Mosandri
2193 5082 2290 5129 aut
2317 5074 2605 5149 Rosvveydi
2636 5078 2965 5136 editionibus
2988 5123 3003 5147 ,
3035 5098 3139 5140 nec
3180 5084 3394 5139 demum
3428 5086 3488 5140 iu

1901 5178 2034 5219 mss.
2085 5164 2403 5234 Leodiensi,
2451 5170 2655 5241 reginae
2703 5170 2932 5239 Sueciae,
2982 5173 3349 5239 Taroanensi,
3390 5188 3483 5231 aut

1904 5251 2198 5323 Lobiensi,
2254 5271 2355 5313 nec
2413 5258 2631 5315 demum
2679 5262 2734 5317 in
2778 5262 3077 5321 Adouianis
3128 5265 3410 5322 codicibus
3449 5284 3478 5321 a

1903 5347 2272 5419 Papebrochio
2302 5351 2358 5405 in
2401 5352 2625 5424 prologo
2660 5354 2727 5409 ad
2773 5355 2970 5411 Bcdam
3003 5359 3358 5424 enumeratis,
3390 5370 3484 5414 aut

1900 5437 2021 5499 aliis
2047 5455 2178 5496 mss.
2195 5442 2425 5507 nostris,
2450 5442 2555 5501 ulla
2574 5442 2814 5514 przefata:
2838 5445 3190 5506 dedicationis
3211 5449 3493 5517 reperitur

1899 5529 2194 5597 memoria;
2240 5539 2430 5603 estque
2479 5532 2625 5588 adeo
2665 5534 3007 5603 apertissime
3051 5551 3413 5608 consequens,
3445 5558 3480 5596 a

1901 5618 2139 5689 puritate
2187 5619 2469 5677 Adoniana
2515 5621 2828 5693 longissime
2878 5624 3136 5683 recedere
3176 5626 3494 5689 Mabilionis

1904 5712 2164 5775 codicem.
2194 5713 2262 5768 ab
2310 5729 2374 5771 eo
2431 5721 2709 5788 tantopere
2750 5714 3049 5775 laudatum.
3086 5716 3204 5776 Non
3257 5737 3501 5786 necesse.
