3936 6348
1949 292 1985 302 ﬁ
1997 295 2000 298 .

466 367 575 443 sas

1365 373 1742 448 USUARDUS
1780 372 2159 432 MONACHUS
2194 373 2842 435 SANGERMANENSIS.

3650 384 3763 442 536

465 493 572 550 est,
605 492 815 541 tantum
866 498 1046 555 operm
1090 488 1145 544 iu
1199 488 1598 561 Martyrulogiis
1649 490 2045 557 examinandis,
2078 494 2121 551 Α
2152 492 2349 559 capite.
2375 491 2642 559 Primum,
2668 491 2811 562 quod
2852 505 2976 546 cum
3025 490 3166 547 istud
3215 492 3673 569 Martyrologium
3699 459 3759 563 in

464 588 730 648 quantum
773 580 924 637 hisce
959 580 1164 651 aliquot
1193 583 1346 637 anuis
1383 599 1414 638 a
1461 598 1547 638 me
1591 582 1912 650 collocatum
1943 592 2048 653 est,

466 686 796 742 quemquam
847 673 1110 744 posuisse,
1143 682 1203 729 ut
1245 673 1404 743 plane
1440 656 1818 741 convincatur,
1845 673 2049 728 nullum

466 761 709 817 Adonem
762 764 1213 834 manuscriptum,
1241 766 1588 833 quantumvis
1628 766 1912 835 antiquum
1935 805 1950 830 ,
1982 765 2051 819 ad

466 855 757 927 Roswcydi
781 857 1073 911 editionem
1096 856 1210 911 ullo
1233 865 1396 926 pacto
1423 859 1867 928 comparandum.

543 946 664 1002 154.
698 946 868 1002 Nemo
905 948 1037 1002 mihi
1067 958 1415 1015 succenseat,
1444 949 1492 1005 si
1528 950 1776 1006 meritam
1814 948 2049 1020 palmam

465 1038 769 1109 Rosvveydo
798 1038 1088 1104 vindicem,
1122 1054 1432 1109 quanquam
1461 1055 1566 1096 non
1616 1042 1751 1095 adeo
1785 1041 2049 1111 integram

465 1130 824 1198 omnibusque
866 1129 1109 1184 numeris
1157 1129 1460 1185 absolutam
1499 1130 1738 1191 arbitrer
1780 1128 1901 1199 ejus
1929 1128 2049 1184 edi—

465 1220 701 1282 tionem,
758 1227 818 1273 ut
845 1230 967 1274 ‘non
1007 1219 1297 1290 aliquando
1342 1221 1412 1276 ab
1466 1221 1584 1291 ejus
1634 1220 1852 1291 placitis
1880 1220 2050 1275 libere

462 1310 749 1377 recedam;
807 1319 917 1365 tum
970 1312 1295 1382 praesertim,
1346 1327 1469 1368 cum
1510 1311 1665 1380 juxta
1713 1312 2047 1382 propositam

460 1402 700 1473 regulam
731 1444 747 1469 ,
800 1402 1035 1458 Usuardi
1084 1413 1141 1459 et
1193 1402 1413 1459 Notkcri
1458 1416 1783 1459 consensum
1833 1403 2046 1467 habeo;

459 1492 735 1558 \idelicct,
771 1493 895 1548 dum
933 1494 1294 1559 annuntiatio,
1324 1509 1355 1549 a
1378 1494 1678 1566 Rosweydo
1705 1494 1756 1551 in
1785 1494 2046 1564 appendi-

460 1598 581 1641 cem
623 1586 852 1656 reiecta,
883 1586 936 1640 in
984 1587 1193 1642 duobus
1234 1588 1351 1658 ejus
1399 1586 1524 1643 ﬁliis
1574 1588 1842 1658 reperitur
1886 1595 2048 1643 :tum

463 1696 565 1753 ego
596 1695 923 1752 magnopere
953 1680 1331 1753 ambigendum
1365 1697 1469 1739 non
1504 1690 1655 1753 puto,
1685 1681 1818 1752 quin
1858 1681 2048 1739 eadem

461 1776 555 1830 illa
603 1774 779 1831 Adoni
841 1788 1055 1845 quoque
1121 1773 1443 1829 ascribenda
1498 1775 1590 1829 sit.
1643 1773 1716 1828 Ut
1767 1788 1876 1828 uno
1926 1786 2049 1842 spe-

463 1867 663 1921 cimine
712 1880 824 1922 rem
859 1844 910 1920 in
953 1874 1141 1936 aperto
1168 1880 1390 1935 ponam,
1423 1866 1603 1921 videat
1623 1864 1796 1920 lector
1847 1863 2047 1919 Obser-
2075 1844 2120 1904 Β

460 1960 732 2014 rationem
766 1965 1005 2014 nostram
1050 1958 1117 2012 ad
1147 1957 1453 2013 Usuardum
1482 1957 1573 2012 die
1618 1973 1689 2011 xx
1716 1955 1917 2021 Martii,
1953 1954 2047 2008 ubi

460 2049 818 2119 Archippum,
882 2047 1032 2103 Pauli
1089 2047 1315 2117 apostoli
1361 2045 1782 2101 commilitonem
1811 2083 1828 2110 ,
1862 2041 2047 2097 Adoni

358 2124 379 2133 ﬂ
464 2136 856 2197 restituendum
888 2150 1165 2211 putamus,
1193 2140 1455 2210 quidquid
1485 2155 1515 2194 a
1553 2138 1846 2195 Mosandro
1897 2144 2045 2192 aste-

466 2235 611 2289 risco
636 2242 876 2299 notatus,
914 2248 944 2287 a
975 2231 1278 2303 Bosweydo
1324 2232 1381 2286 in
1412 2230 1760 2301 appendicem
1813 2228 2049 2300 reiectus

465 2318 569 2392 sit:
606 2340 670 2380 ea
695 2325 844 2382 ducti
875 2325 1088 2380 ratione
1131 2322 1275 2394 quod
1317 2323 1371 2378 in
1400 2330 1630 2393 utroque
1670 2320 1874 2377 Adonis
1902 2319 2044 2383 lilio,

465 2408 715 2472 Usuardo
752 2424 807 2472 et
852 2414 1093 2473 Notkero
1146 2415 1348 2471 diserte
1384 2413 1653 2484 signetur,
1686 2419 2047 2482 praeterquam

462 2505 607 2574 quod
628 2504 793 2559 etiam
832 2504 901 2561 ab
939 2503 1143 2559 Adonis
1187 2502 1431 2574 genitore
1470 2500 1717 2557 Romano
1751 2514 1920 2571 parvo
1960 2511 2048 2554 rc-

463 2595 690 2648 t‘cratur.
718 2592 865 2649 Siad
906 2594 1049 2649 hanc
1085 2608 1332 2648 normam
1363 2592 1581 2649 codices
1613 2590 1903 2656 Adoniani,
1934 2598 2046 2644 tum

466 2698 596 2739 mss.
647 2691 760 2738 tum
808 2683 947 2755 typis
1001 2683 1206 2747 excusi,
1259 2680 1629 2752 scrupulosius
1665 2679 2044 2742 discutiantur,

464 2784 601 2844 puto
633 2774 778 2830 viam
818 2773 1075 2829 facillime
1112 2772 1280 2828 sterni
1325 2786 1505 2842 posse,
1556 2780 1612 2824 ut
1651 2769 1878 2840 simplex
1903 2807 1921 2834 ,
1964 2767 2048 2822 in-

463 2881 643 2939 tegra,
672 2868 904 2939 genuina
952 2874 1007 2921 et
1043 2878 1299 2935 germana
1350 2863 1589 2929 Adonis,
1637 2861 1808 2921 editio,
1848 2873 2048 2931 procu-

465 2964 585 3011 retu
594 2973 637 3010 Γ.

539 3052 665 3107 155.
694 3051 832 3118 Quid
861 3052 1005 3121 quod
1045 3059 1098 3108 et
1128 3051 1288 3107 aliam
1333 3049 1649 3120 explorandi
1673 3047 1922 3104 semitam
1948 3044 2045 3099 ali.

467 3145 683 3214 quando
733 3145 1010 3214 ingressus
1054 3144 1190 3209 sim,
1232 3144 1478 3213 quamvis
1521 3144 1688 3213 ipsam
1747 3149 1855 3195 tam
1893 3153 2044 3194 secu-

2153 582 2350 654 divinis
2378 581 2591 648 oﬂiciis,
2620 598 2720 653 per
2766 583 2947 639 varias
2994 582 3254 640 ecclesias
3300 598 3622 658 tegeretur,
3655 592 3753 647 alii

2152 675 2329 744 ipsum
2353 676 2765 741 contrahebant,
2799 676 2890 730 alii
2919 677 3180 745 quosdam
3225 687 3476 745 sanctas,
3510 684 3754 751 provin-

2152 766 2249 820 ciae
2272 774 2364 820 aut
2391 766 2636 823 ecclesiae
2681 781 2793 821 suae
2825 767 3041 837 ignotos
3068 768 3409 824 resecabant.
3462 770 3753 837 Alterum,

2152 857 2294 928 quod
2322 868 2511 913 auctor
2538 859 2653 927 ipse
2671 858 2852 913 multis
2874 858 3081 914 vicibus
3103 858 3552 933 Martyrologium
3590 880 3751 920 suum

2152 950 2322 1016 auxit,
2353 950 2486 1006 alios
2531 962 2697 1021 atque
2732 950 2868 1006 alios
2910 951 3156 1007 addendo
3192 962 3427 1020 sanctos,
3460 954 3569 1025 qui
3602 956 3662 1009 in
3689 971 3754 1011 ee

2152 1042 2327 1112 primo
2355 1056 2462 1097 non
2493 1043 2802 1098 exstabant.
2831 1042 2987 1098 Unde
3016 1043 3275 1115 contigit,
3306 1054 3366 1099 ut
3411 1047 3507 1116 qui
3543 1047 3752 1116 prima-

2153 1133 2291 1188 rium
2316 1134 2594 1205 exemplar
2620 1135 3033 1205 transcripsere,
3057 1150 3165 1201 non
3191 1145 3270 1191 tot
3295 1136 3568 1205 habeant,
3587 1155 3747 1208 quam

2151 1222 2240 1292 qui
2268 1222 2604 1279 secundariis
2628 1223 3027 1294 exemplaribus
3053 1224 3140 1280 usi
3170 1234 3314 1280 sunt.
3350 1246 3368 1278 ι
3403 1226 3743 1285 Prudentell

2152 1315 2522 1386 conjecturam
2549 1317 2639 1372 hic
2661 1333 2766 1374 non
2814 1333 3028 1389 respuo,
3070 1320 3267 1390 quippe
3310 1323 3403 1391 qui
3441 1337 3580 1378 eam
3618 1340 3747 1378 non-

2153 1424 2425 1478 nunquam
2454 1408 2742 1464 admittere
2787 1408 3088 1477 debuerim,
3122 1411 3392 1481 pracipue
3434 1413 3602 1467 circa
3632 1414 3744 1482 epi-

2150 1512 2344 1568 scopos
2369 1495 2704 1555 Viennenses
2724 1538 2737 1562 ,
2780 1500 2978 1568 quibus
3002 1516 3126 1556 cum
3170 1500 3453 1557 Usuardus
3474 1517 3638 1574 saepe
3660 1518 3744 1558 ea-

2152 1597 2287 1656 reat,
2332 1589 2628 1645 verisimile
2681 1591 2958 1658 existimo,
2991 1591 3234 1648 Adonem
3280 1594 3431 1663 ipsos
3466 1593 3739 1666 Martyro-

2152 1679 2292 1749 logio
2325 1693 2425 1735 suo
2448 1678 2693 1750 Lugduni
2720 1680 2985 1751 perfecto,
3010 1682 3235 1737 Vienna:
3258 1691 3451 1752 postea
3474 1687 3742 1756 ευμεηὼ

2152 1768 2456 1828 didisse.At
2478 1786 2631 1837 vero,
2652 1771 2741 1827 ubi
2759 1773 3084 1844 primigenia
3104 1774 3429 1844 simplicitas
3451 1777 3737 1846 quaeritur,

2149 1878 2257 1920 non
2285 1856 2746 1934 coniecturaliter,
2780 1867 2878 1922 sed
2908 1873 3062 1936 certo
3090 1867 3458 1933 decernimus,
3484 1882 3616 1923 eam
3637 1885 3737 1924 mn

2150 1969 2219 2009 ex
2240 1956 2403 2012 unius
2432 1965 2528 2013 aut
2572 1956 2799 2012 alterius
2829 1957 3056 2025 codicis,
3088 1958 3185 2014 sed
3227 1974 3294 2015 ex
3325 1958 3568 2029 plurium
3590 1974 3737 2030 aque

2148 2048 2499 2118 probatorum
2551 2048 2835 2106 collatione
2892 2049 3227 2105 educendam
3277 2050 3733 2119 quemadmodum

2149 2138 2203 2193 in
2255 2140 2602 2211 expurganda
2648 2141 2717 2195 ab
2750 2140 3119 2196 additionibus
3170 2140 3446 2206 Usuardo,
3474 2149 3577 2195 toto
3617 2140 3727 2197 hoc

2148 2242 2314 2299 opere
2364 2229 2719 2300 praestitimus
2767 2246 2780 2282 :
2836 2243 2946 2298 quo
3003 2227 3120 2284 solo
3167 2237 3519 2298 argumento,
3561 2228 3646 2283 vel
3681 2229 3731 2281 si

2149 2319 2401 2376 deessent
2436 2328 2654 2386 caetera,
2682 2319 2985 2376 Mabilionis
3027 2320 3279 2390 exempla
3302 2320 3493 2376 omnia
3510 2359 3529 2384 ,
3556 2319 3736 2375 mimis

2150 2413 2282 2471 locis
2318 2414 2548 2470 adducta
2565 2455 2582 2481 ,
2607 2414 2782 2471 Adoni
2810 2414 3025 2485 penitus
3055 2412 3421 2483 abjudicanda
3446 2421 3597 2469 sunt.

2222 2508 2343 2574 151.
2388 2506 2644 2565 Pluribus
2684 2508 2775 2564 hic
2820 2508 3148 2580 supersedeo
3171 2547 3187 2573 ,
3234 2514 3436 2562 cetera
3466 2505 3734 2561 docebunt

2148 2595 2571 2655 Observationes
2602 2606 2804 2653 nostrae
2831 2595 3175 2660 Usuardinaz,
3202 2596 3403 2665 quibus
3449 2594 3591 2650 satis
3617 2608 3736 2663 pro-

2149 2690 2332 2745 batum
2378 2698 2484 2758 est,
2517 2688 2625 2748 no'n
2671 2688 2845 2746 solum
2882 2687 3085 2743 Bedam
3117 2702 3148 2741 a
3193 2685 3354 2741 Floro
3397 2694 3657 2745 auctum.
3684 2694 3737 2739 et

2148 2781 2451 2837 Romanum
2507 2795 2734 2851 parvum
2760 2820 2776 2846 ,
2829 2779 2925 2836 sed
2987 2778 3475 2851 Hieronymianum
3528 2777 3732 2841 etiam,

2147 2870 2321 2926 Adoni
2353 2869 2643 2941 aliquando
2669 2868 3022 2940 praeluxisse-;
3048 2868 3193 2939 quod
3238 2882 3345 2922 nou
3373 2867 3539 2921 video
3582 2881 3681 2921 cur
3704 2882 3732 2917 ει

2149 2963 2455 3021 Castellano
2497 2965 2756 3033 negatum
2802 2962 2873 3018 sit
2897 2962 2959 3027 in,
2990 2962 3193 3032 prmvia
3245 2959 3623 3016 admonitione
3669 2958 3732 3011 ad

2148 3057 2382 3128 primum
2429 3056 2696 3112 Bimestre
2718 3070 2840 3127 pag.
2868 3054 2959 3121 23,
2995 3054 3245 3126 quamvis
3273 3054 3500 3109 omnino
3540 3052 3731 3113 fatear,

2151 3149 2430 3204 rarissime
2457 3148 2511 3203 in
2542 3147 2729 3208 Adone
2753 3161 3045 3208 occurrere
3090 3147 3315 3218 vestigia
3344 3144 3731 3216 Hieronymi:-

465 3244 585 3313 ram
615 3251 721 3291 non
743 3234 1069 3294 existimem.
1090 3234 1165 3290 Ea
1189 3243 1296 3299 est,
1319 3228 1378 3287 ut
1402 3234 1448 3289 si
1470 3230 1687 3303 quando
1721 3232 1773 3286 in
1796 3229 2044 3286 Usuardo
2071 3220 2115 3281 C
2150 3257 2340 3296 norum
2366 3241 2507 3313 513.10
2543 3239 2865 3296 ροηιιοηηῖει,
2918 3238 2983 3294 δί
3019 3240 3285 3294 hactenus
3326 3238 3475 3292 dicta
3506 3251 3622 3291 cum
3652 3236 3721 3288 ξίε

462 3338 519 3389 ct
546 3326 780 3383 Notkero
800 3328 1366 3382 commemorationem
1406 3325 1669 3395 reperiam
1698 3323 1886 3379 eadem
1917 3337 2043 3377 sen-

2150 3330 2392 3400 iunxeris
2432 3346 2551 3402 qua:
2576 3329 2944 3401 superioribus
2975 3328 3241 3399 capitibus
3270 3328 3335 3382 de
3369 3335 3562 3382 sancto
3588 3325 3730 3379 lar-

467 3418 631 3503 tcntia
682 3419 977 3488 eademque
1020 3418 1204 3491 phrasi
1260 3426 1625 3486 conceptam;
1647 3430 1766 3485 quae
1797 3430 1863 3469 ex
1900 3413 2044 3483 Beda

466 3515 686 3578 accepta
716 3523 821 3564 non
853 3508 954 3572 sit,
988 3516 1101 3562 tum
1132 3521 1240 3563 non
1272 3505 1554 3563 difﬁculter
1579 3506 1806 3560 inducar
1841 3511 1901 3561 ut
1927 3518 2044 3559 cre-

465 3599 611 3663 dam,
644 3599 827 3655 Adoni.
854 3599 998 3654 illam
1047 3599 1388 3661 tribuendam
1419 3613 1560 3655 esse.
1593 3596 1651 3653 Si
1672 3598 1794 3668 quis
1834 3597 2042 3655 discer-

465 3690 648 3746 nicula
679 3686 909 3746 Certiora
940 3690 1185 3760 proferre
1210 3691 1264 3745 in
1310 3690 1545 3745 medium
1578 3688 1771 3759 possit,
1806 3686 1947 3742 ultro
1988 3696 2045 3741 et

464 3792 744 3854 gratanter
770 3783 1190 3852 acceptabimus.
1219 3781 1437 3836 interim
1465 3794 1563 3835 nec
1590 3779 1916 3844 Mabilionis,
1943 3792 2045 3832 nec

462 3878 832 3948 cujuscunque
854 3876 1075 3930 alterius
1104 3875 1426 3930 auctoritate
1449 3873 1804 3938 movebimur,
1837 3880 1898 3927 ut
1921 3885 2041 3941 qua:

462 3970 745 4024 Adoniana
793 3982 899 4021 non
946 3975 1093 4031 sunt,
1125 3967 1226 4020 sub
1264 3965 1470 4019 Adonis
1512 3964 1730 4020 nomine
1774 3962 2041 4017 venditari

459 4062 748 4132 patiamur.
787 4056 1045 4127 Exemplo
1070 4057 1264 4111 iterum
1292 4056 1402 4111 siut
1422 4048 1782 4110 Florentmius
1804 4062 1861 4108 et
1885 4052 2042 4107 Hila-

462 4156 592 4213 rius.
628 4167 766 4223 quos
790 4143 1295 4220 xxvn'Septembris
1342 4148 1724 4220 Martyrologio
1746 4146 2040 4202 Viennensi

461 4245 752 4301 obtundere
780 4252 1009 4303 conatur
1030 4243 1276 4299 laudatus
1305 4241 1522 4298 Mabilio
1541 4257 1607 4297 ex
1638 4240 1802 4295 Petro
1830 4239 1898 4295 de
1932 4238 2039 4292 Na-

464 4342 682 4409 talibus,
706 4331 805 4396 lib.
830 4356 950 4407 vni,
978 4353 1100 4409 cap.
1131 4324 1257 4391 η.ιὶ
1286 4336 1401 4391 Non
1429 4342 1514 4390 est
1547 4348 1638 4389 me
1659 4331 1880 4389 hercule
1906 4315 2043 4386 satis

460 4435 685 4489 idoneus
714 4441 901 4488 auctor
928 4431 1212 4503 Equilinus
1258 4422 1569 4502 episcOpus,
1603 4435 1663 4483 ut
1710 4426 1852 4483 ferat
1881 4425 2041 4481 testi-

461 4525 701 4580 monium
722 4539 818 4595 pro
844 4524 1050 4579 Adonis
1076 4533 1333 4596 germana
1356 4520 1723 4591 simplicitate,
1750 4533 1913 4589 quam
1942 4531 2043 4576 nos

459 4630 529 4673 ex
551 4622 658 4669 tam
679 4614 845 4670 variis
861 4614 1260 4685 exemplaribus
1289 4612 1668 4668 stabiliendam
1692 4602 2036 4679 suscipimus,
2075 4589 2122 4646 Ι)

461 4722 493 4760 a
544 4706 743 4776 quibus
807 4705 1059 4763 omnibus
1115 4707 1315 4762 absunt
1364 4703 1529 4760 citati
1571 4702 1680 4763 duo
1734 4706 2042 4772 martyres,

459 4814 596 4869 quos
618 4798 833 4854 aliunde
861 4808 1111 4868 acceptos
1134 4799 1188 4853 iu
1219 4812 1374 4854 suum
1397 4792 1835 4865 Martyrologium
1858 4791 2045 4846 retulit

460 4890 740 4947 Usuardus
759 4931 774 4955 ,
801 4898 863 4944 ut
906 4900 990 4945 est
1018 4891 1073 4944 in
1106 4897 1288 4945 nostra
1317 4887 1733 4950 Observatione,
1760 4883 1874 4952 jam
1897 4882 2040 4938 dicta

458 4984 547 5039 die
597 4997 748 5039 xxvn
784 4980 1141 5052 Septembris.
1178 4978 1299 5035 Jam
1351 4994 1440 5035 me
1491 4978 1650 5048 longa
1705 4972 2042 5046 experientia

457 5077 664 5143 docuit,
691 5090 796 5132 non
819 5090 852 5129 a
874 5074 990 5131 solo
1010 5073 1174 5130 Petro
1210 5072 1437 5143 aliisque
1477 5070 1743 5142 pluribus,
1771 5067 1865 5122 sed
1890 5074 1946 5121 et
1970 5066 2039 5121 ab
2104 5140 2111 5148 .

457 5164 889 5221 eminentissimo
912 5162 1189 5220 .cardinali
1228 5162 1461 5217 Baronio
1499 5168 1887 5229 nonnunquam
1915 5170 2040 5226 per-

456 5275 642 5329 peram
664 5258 819 5315 citari
842 5257 1045 5313 Adonis
1075 5254 1534 5327 Martyrologium.
1766 5250 1773 5258 ’
1944 5256 1945 5259 “

526 5352 650 5407 156.
681 5351 758 5408 De
805 5351 1027 5421 reliquis
1054 5364 1174 5420 quas
1223 5348 1288 5403 ad
1326 5348 1569 5407 Adonem
1604 5348 1862 5410 attinent,
1912 5356 2037 5401 cum

458 5445 744 5501 ilabilione
788 5458 896 5501 non
926 5444 1159 5512 disputo,
1194 5442 1309 5497 istis
1358 5440 1509 5497 locus
1555 5440 1659 5495 erit
1688 5440 1740 5494 in
1775 5438 1923 5496 Actis
1944 5448 2037 5493 xw

460 5537 793 5593 Decembris.
849 5532 1157 5603 Rejicienda
1208 5532 1428 5588 omnino
1477 5546 1583 5595 non
1634 5540 1760 5586 sunt
1809 5545 1929 5600 quae
1975 5529 2043 5586 de

460 5626 724 5682 Adoniaui
766 5625 1131 5696 Martyrologii
1173 5623 1572 5679 accessionibus
1600 5620 1821 5691 coniicit
1844 5620 1898 5675 in
1929 5620 2057 5687 haec,

422 5754 429 5759 -
468 5719 624 5772 verba
658 5732 673 5773 :
708 5734 727 5768 ι
766 5717 920 5784 Quod
962 5716 1107 5771 enim
1161 5716 1266 5770 alia
1299 5725 1462 5784 atque
1493 5714 1596 5768 alia
1650 5713 1843 5774 desint
1874 5712 1927 5766 in
1962 5712 2053 5785 di-f

466 5808 636 5889 versis
664 5809 992 5883 membranis
1024 5809 1318 5871 codicibus,
1352 5807 1402 5862 id
1443 5807 1689 5877 provenit
1733 5823 1794 5860 cx
1844 5804 2041 5876 duplici

2148 3422 2393 3494 tyrologo
2417 3420 2736 3492 disputanda
2771 3420 2939 3483 fuere,
2984 3419 3049 3473 ad
3068 3418 3435 3490 Martyrologii
3464 3415 3732 3472 Δάαιιίαηί

2146 3524 2360 3570 aetatem
2404 3523 2459 3569 et
2506 3513 2872 3585 genealogiam
2917 3511 3049 3566 nihil
3078 3512 3220 3566 ultra
3271 3509 3575 3565 desiderari
3603 3524 3735 3577 per-

2146 3610 2361 3679 spicies.
2390 3609 2529 3663 Audi
2555 3608 2645 3662 hic
2672 3602 2852 3671 medo,
2872 3621 3033 3676 quam
3069 3605 3186 3675 ipse
3206 3605 3274 3660 de
3301 3611 3413 3658 toto
3439 3616 3542 3657 suo
3566 3614 3737 3671 opere

2146 3700 2409 3754 rationem
2448 3697 2623 3753 reddit
2651 3736 2666 3761 ,
2713 3696 2768 3749 in
2817 3694 3133 3766 praefatione
3182 3708 3279 3755 sua
3332 3692 3409 3748 sic
3468 3691 3735 3746 lectorem

2144 3791 2450 3861 alloquens:
2474 3788 2618 3844 «Ado
2628 3793 2881 3859 peccator
2893 3786 3079 3840 lectori
3095 3784 3345 3840 salutem.
3362 3782 3441 3837 Ne
3462 3797 3549 3837 me
3574 3789 3742 3851 putes

2144 3882 2199 3937 in
2228 3882 2331 3936 hoc
2352 3893 2515 3953 opere
2539 3880 2593 3934 in
2612 3892 2807 3933 vanum
2826 3877 3118 3941 laborasse,
3136 3882 3194 3930 et
3218 3888 3331 3930 rem
3355 3889 3461 3929 non
3486 3888 3745 3934 necesse.

2148 3975 2281 4030 riam
2304 3980 2615 4028 exsecutum
2633 3970 2798 4026 fuisse
2815 3987 2830 4036 ;
2851 3969 3089 4024 breviter
3102 3968 3199 4023 tibi
3217 3981 3435 4022 causam
3459 3964 3599 4019 facti
3612 3980 3741 4036 ape—

2144 4069 2302 4124 riam.
2329 4066 2571 4122 Primum
2598 4062 2701 4118 fuit
2722 4060 3008 4133 imperium
3035 4076 3098 4116 ac
3118 4058 3295 4129 jussio
3314 4066 3645 4114 sanctorum
3666 4058 3745 4110 vi-

2145 4165 2426 4224 rorum,ut
2449 4155 2825 4228 supplerentur
2852 4153 2997 4218 dies,
3039 4151 3131 4222 qui
3177 4151 3378 4219 absque
3417 4149 3743 4203 nominibus

2146 4257 2448 4323 martyrum
2481 4248 2536 4303 in
2586 4243 2967 4317 Martyrologio
3001 4241 3166 4314 (quod
3208 4238 3528 4296 venerabilis
3584 4238 3749 4315 Flavi.

2145 4344 2324 4399 studio
2363 4342 2418 4397 in
2458 4339 2640 4396 labore
2677 4337 2862 4394 domni
2910 4336 3069 4392 Beda:
3117 4331 3459 4401 acereverat)
3507 4339 3739 4386 tantum

2147 4434 2317 4491 notati
2343 4442 2519 4489 erant.
2559 4429 2765 4486 Deinde
2792 4427 3001 4484 collecti
3030 4427 3384 4496 undecunque
3406 4423 3743 4494 passionum

2145 4526 2379 4592 codices,
2411 4525 2650 4580 animum
2695 4522 2749 4577 in
2804 4528 3013 4576 tantum
3055 4518 3467 4581 suscitaverunt,
3509 4525 3580 4569 ut
3635 4533 3743 4572 non

2147 4619 2319 4675 solum
2340 4616 2643 4689 praeteritas
2669 4615 2878 4671 dierum
2924 4611 3262 4676 festivitates,
3295 4623 3479 4665 verum
3504 4617 3569 4665 et
3606 4612 3745 4667 alio-

2148 4726 2287 4773 rum,
2314 4708 2404 4778 qui
2433 4722 2532 4777 per
2563 4714 2732 4761 totum
2762 4717 2960 4758 annum
2996 4703 3068 4756 ibi
3099 4702 3326 4769 notatim
3358 4699 3515 4771 positi
3547 4710 3740 4768 erant,

2146 4801 2310 4856 latius
2334 4797 2579 4870 etpaqu
2623 4795 2863 4866 apertius
2904 4792 3269 4848 describerem
3292 4834 3306 4858 ,
3339 4779 3743 4847 inﬁrmioribus

2146 4890 2405 4947 fratribus
2433 4898 2489 4944 et
2520 4888 2699 4943 minus
2745 4887 2926 4956 legere
2974 4883 3283 4939 valentibus
3336 4882 3617 4949 serviens,
3673 4882 3742 4937 ad

2147 4977 2765 5053 laudem‘omnipotentis
2792 4976 2887 5031 Dei
2907 5018 2920 5041 ,
2952 4986 3009 5030 ut
3035 4975 3091 5029 in
3117 4973 3394 5029 memoriis
3422 4982 3741 5045 martyrum

2148 5066 2411 5126 haberent
2442 5062 2882 5138 Compeitdiosam
2933 5063 3216 5119 lectionem
3236 5103 3252 5129 ,
3278 5071 3439 5132 atque
3467 5061 3521 5116 in
3562 5078 3742 5134 parvo

2147 5162 2425 5227 codicello,
2459 5159 2602 5232 quod
2630 5158 2799 5221 multo
2830 5157 3015 5213 labore
3059 5154 3149 5210 alii
3178 5169 3278 5226 per
3302 5153 3486 5225 plures
3506 5154 3742 5215 (rodios

2132 5255 2458 5326 exquirunt.
2500 5273 2520 5306 ι

2176 5354 2181 5359 ’
2217 5348 2339 5403 158.
2357 5346 2533 5418 Atque
2557 5346 2686 5402 hinc
2709 5344 2884 5416 longa:
2911 5346 3013 5401 illae
3043 5345 3097 5399 in
3120 5344 3325 5404 Adonis
3343 5342 3740 5416 Martyrologio

2150 5439 2444 5508 desumpta:
2471 5451 2537 5492 ex
2582 5442 2882 5508 martyrum
2915 5434 3260 5506 passionibus
3304 5433 3575 5499 historia,
3606 5434 3740 5490 hinc

2150 5544 2342 5601 magna
2368 5528 2457 5583 illa
2479 5529 2688 5584 dierum
2714 5520 3072 5597 inmqualitas,
3095 5528 3219 5581 dum
3246 5541 3443 5596 nempe
3469 5525 3737 5582 Actorum

2150 5614 2385 5684 defectu,
2419 5627 2728 5675 sanctorum
2770 5619 2909 5673 nuda
2941 5617 3110 5673 ferme
3149 5618 3368 5672 nomina
3397 5616 3731 5673 referuntur.

2150 5727 2256 5782 quo
2286 5711 2427 5766 haud
2468 5711 2646 5774 dubie,
2685 5710 2774 5780 qui
2827 5709 2879 5763 iu
2909 5708 3105 5762 divinis
3143 5708 3335 5763 olliciis
3364 5704 3569 5761 Adonis
3590 5705 3769 5760 Bai»:

2152 5803 2414 5876 lyrologio
2437 5801 2574 5858 forte
2593 5801 2664 5857 uti
2689 5809 2986 5869 cmperant,
3006 5798 3218 5868 impulsi
3244 5797 3462 5864 fuerint,
3480 5807 3541 5851 ut
3558 5810 3740 5867 nuper
