3936 6348
85 346 226 435 εει-ι’

86 583 360 645 nomina;
402 578 487 635 vel
508 577 723 648 potius,
754 582 818 629 ut
856 589 956 645 ego
999 570 1363 628 verosimiiius
1405 570 1690 636 existimo,

86 677 165 731 ad
220 669 627 731 contrahendas
674 666 968 729 historias,
1027 674 1091 720 ut
1137 664 1205 719 ad
1263 663 1693 717 uniformitatem

89 765 349 835 aliquam
379 761 497 819 dies
528 756 724 828 singuli
756 755 1168 811 reducerentur.
1195 753 1255 807 in
1282 767 1346 808 eo
1385 750 1695 806 felicissime

88 863 361 923 versatus
387 859 472 908 est
513 847 830 913 Usuardus,
876 844 1081 900 Adonis
1121 841 1562 915 Martyrologium
1593 838 1688 893 ab-

86 945 361 1001 brevians
390 951 446 996 et
499 936 816 1009 expolieus,
863 935 958 995 sed
999 936 1144 1004 quod
1190 933 1419 996 mirere,
1449 931 1696 1002 ignorata

86 1050 244 1091 vero
272 1029 509 1088 auctoris
558 1026 798 1085 nomine.
853 1024 993 1079 Cum
1033 1024 1178 1080 enim
1230 1022 1510 1077 Usuardus
1559 1020 1695 1075 alios

90 1125 523 1198 Martyrologos,
563 1130 764 1193 praeter
791 1118 1202 1189 Hieronymum,
1232 1114 1435 1170 Bedam
1463 1122 1522 1170 et
1565 1113 1694 1168 Flo-

91 1232 232 1276 rum
265 1230 372 1273 non
417 1220 633 1278 nosset;
687 1210 891 1283 stylum
936 1218 1117 1269 autem
1170 1206 1437 1263 Adouiani
1493 1204 1694 1275 operis,

94 1310 169 1365 ab
214 1305 639 1378 Hieronymiaao
678 1302 990 1374 longissime
1027 1299 1314 1366 recedere;
1347 1307 1539 1354 contra
1567 1311 1696 1353 vero

94 1401 267 1456 Beda
291 1415 323 1455 a
344 1399 508 1455 Floro
529 1403 691 1452 aucto
716 1395 997 1465 persimile
1021 1435 1036 1461 ,
1060 1392 1302 1449 credidit
1327 1391 1472 1446 Flori
1508 1406 1694 1445 secun-

698 434 699 437 γ
1450 354 2001 423 inamoenum.
2102 418 2105 421 λ

87 490 292 549 aiebat
306 484 544 551 Mabilio,
564 484 633 539 ad
654 478 1363 552 resecandaineognitormn
1383 485 1695 533 sanctorum
1725 487 1775 539 Α
1803 476 2061 548 rotogium
2104 491 2124 529 :

2170 478 2260 533 ubi
2297 477 2586 534 dicendum
2639 487 2759 534 erat
2813 494 2920 534 non
2968 479 3090 551 plus
3141 480 3387 536 Usuardi.

1799 570 2141 626 auctoritatis
2176 571 2359 626 inesse
2395 585 2559 640 quam
2597 585 2665 624 ex
2695 571 2883 626 Adone
2928 573 3385 643 transumpserit;

1797 675 1906 714 non
1951 661 2072 732 plus
2121 662 2294 718 rivulo
2343 677 2506 733 quam
2533 661 2699 729 fonti;
2734 676 2841 718 non
2879 662 3001 733 plus
3053 673 3182 718 nato
3218 678 3386 733 quam

1796 751 2051 820 genitori.

1828 872 1831 875 ι
1867 843 1990 898 160.
2038 842 2158 898 Jam
2194 845 2389 915 saepius
2419 846 2602 901 monui
2635 848 2924 918 agnovisse
2966 849 3182 905 demum
3215 847 3387 919 Pape-

1795 935 2079 992 brochium
2129 945 2277 994 torno
2307 937 2350 991 V
2377 937 2562 1005 Junii,
2606 954 2730 1011 pag.
2767 941 2897 1007 250,
2938 941 3042 997 eoi.
3085 942 3108 995 1
3148 942 3201 997 in
3254 942 3382 1006 ﬁne,

1795 1041 2186 1100 praeposwrum
2240 1029 2389 1085 illum
2441 1030 2708 1098 ordinem,
2761 1033 2926 1103 idque
2974 1049 3039 1087 ex
3091 1032 3383 1089 Castaliani

1798 1121 2181 1192 suggestione,
2239 1135 2270 1175 a
2322 1136 2432 1192 quo
2479 1122 2713 1192 primum
2765 1125 3128 1193 transpositus
3170 1131 3291 1190 est,
3328 1131 3388 1182 et

1796 1211 2098 1283 prioritatis
2130 1212 2248 1267 loco
2299 1212 2584 1267 restitutus
2614 1213 2935 1269 Viennensis
2966 1212 3382 1287 Martyrologus,

1798 1317 1957 1372 quem
2004 1302 2163 1356 annis
2218 1302 2332 1357 fere
2375 1302 2680 1358 octodecim
2717 1344 2731 1369 ,
2791 1304 2846 1359 in
2896 1305 3184 1360 scribendo
3239 1304 3385 1360 Mar-

1801 1394 2068 1467 tyrologio
2125 1393 2427 1449 Usuardum
2478 1395 2837 1451 antecessisse
2899 1395 3050 1452 brevi
3100 1396 3205 1451 hac
3257 1412 3387 1470 sup-

98 1493 237 1544 durn
258 1487 453 1543 librum
483 1500 633 1550 esse,
661 1499 771 1555 quo
795 1484 952 1539 vacui
977 1496 1166 1539 omnes
1192 1481 1553 1537 Kalendarum
1570 1479 1699 1534 “dies
1795 1487 2073 1557 putatione
2119 1486 2443 1541 ostenditur.
2466 1485 2723 1542 rUsnardi
2763 1478 3205 1558 Martyrologium
3233 1487 3393 1543 dedia

98 1573 517 1651 supplebuntur.
583 1575 813 1631 Frustra
884 1588 1081 1643 argues
1150 1572 1476 1628 latissimum
1553 1570 1698 1624 inter

98 1680 400 1740 utrumque
427 1665 872 1743 Martyrologium
892 1664 1187 1721 discrimen
1224 1664 1289 1718 in-
1307 1660 1542 1718 Usuardi
1569 1676 1698 1716 ocu-

99 1764 213 1820 los
247 1764 531 1819 incurrere
582 1759 970 1817 verosimiiiter
1025 1757 1318 1831 debuisse;
1373 1756 1427 1811 id
1473 1754 1590 1810 scio
1640 1761 1699 1808 et

104 1944 316 2000 Adonis
357 1957 495 2012 opus
536 1942 729 2007 fuisse,
774 1939 920 2009 quod
971 1939 1165 1993 librum
1202 1936 1359 1992 Fieri
1410 1937 1699 1992 secundum

106 2034 343 2105 appellat
393 2032 677 2088 Usuardus
701 2071 717 2099 ,
774 2039 838 2086 ut
886 2029 969 2085 vel
1018 2029 1358 2099 paradoxum
1410 2026 1702 2083 admittere

109 2135 379 2197 oporteat,
407 2139 602 2195 nempe
626 2123 1104 2197 Martyrologium,
1151 2121 1299 2191 quod
1342 2119 1550 2176 Adonis
1598 2133 1699 2174 no-

112 2218 261 2274 mine
280 2216 451 2282 venit,
480 2230 590 2271 non
631 2229 751 2270 esse
778 2210 1005 2279 Adonis,
1039 2213 1135 2269 sed
1176 2211 1355 2278 Fieri;
1386 2211 1471 2268 vel
1496 2211 1703 2282 fingere

112 2305 458 2371 miraculum,
484 2318 595 2375 quo
620 2303 873 2358 videlicet
900 2302 1190 2368 fateamur,
1222 2301 1445 2356 Florum
1474 2310 1532 2356 et
1558 2301 1705 2356 Ade.

118 2411 247 2451 nem
279 2395 357 2450 sic
388 2393 710 2464 scripsisse,
765 2401 847 2448 ιιι·
872 2391 1237 2447 Menaechmus
1276 2392 1497 2448 diverso
1538 2399 1703 2461 partu

123 2482 427 2540 effuderint.
444 2484 542 2538 Ast
562 2485 679 2539 haec
701 2482 1041 2538 comminisci
1082 2495 1544 2552 supervacaneum
1574 2489 1660 2537 est
1685 2498 1700 2536 :

127 2574 435 2632 Usuardum
482 2573 654 2644 ipsum
706 2572 973 2629 dramatis
1006 2572 1200 2636 nostri,
1256 2578 1317 2625 ut
1370 2570 1447 2625 ita
1498 2569 1700 2636 dicam,

117 2668 368 2731 heroem,
390 2665 481 2727 hic
502 2665 718 2723 demum
738 2663 988 2735 cominus
1012 2663 1340 2731 intueamur.

650 2817 1043 2879 ARTICULUS
1103 2817 1165 2874 ll.

380 2935 458 2991 De
484 2918 867 3006 Martyrologio
901 2932 1131 2988 Usuardi
1158 2932 1421 2988 monachi.

193 3048 320 3107 {59.
338 3046 456 3104 Huc
470 3048 772 3104 reducenda
793 3047 1013 3102 fuittota
1042 3056 1227 3102 nostra
1251 3042 1705 3117 deMartyrologis

116 3154 172 3200 et
212 3141 617 3214 Martyrologiis
651 3140 992 3212 disceptatio,
1025 3148 1084 3193 ut
1123 3138 1421 3209 praemissis
1468 3137 1702 3194 Usuardi

1798 1585 1956 1632 catur
1991 1576 2182 1632 Carolo
2210 1576 2376 1632 Calvo
2411 1577 2524 1647 jam
2573 1576 2927 1648 imperatori;
2988 1580 3135 1649 atqui
3191 1577 3392 1635 Calvus

1800 1671 2094 1741 imperator
2135 1684 2245 1726 non
2271 1669 2373 1725 mit
2402 1679 2529 1726 ante
2575 1684 2789 1725 annum;
2825 1670 2963 1737 875;
3002 1686 3131 1743 ergo
3166 1671 3253 1726 vel
3302 1670 3394 1727 illo

1772 1775 1941 1817 'anno
1969 1761 2344 1845 compositum,
2393 1761 2585 1817 saltem
2642 1762 2971 1834 completum
3001 1770 3106 1829 est,
3136 1756 3218 1818 vel
3248 1779 3393 1820 anno

102 1857 314 1919 fateor;
362 1863 419 1908 at
468 1852 601 1907 mihi
653 1861 764 1907 tam
810 1858 1019 1907 eertum
1070 1856 1299 1919 tamque,
1337 1846 1561 1902 evidens
1610 1852 1696 1901 est
1724 1848 2046 1924 Bsequemi

2100 1872 2115 1909 :
2165 1855 2314 1925 atqui
2362 1854 2498 1921 Ado,
2527 1869 2594 1910 ex
2636 1871 2788 1910 num.
2831 1850 3130 1912 iSI'Suuin
3175 1858 3394 1928 scripsit

1802 1944 2020 2001 circiter
2045 1932 2243 1999 annum
2266 1943 2535 2012 858,“stat
2565 1946 2929 2016 igitur‘nostri
2979 1945 3169 2003 calculi
3201 1957 3391 2017 exacta

1800 2038 1961 2093 ratio.
1996 2034 2110 2093 Hoc
2145 2037 2318 2092 solum
2359 2047 2739 2109 argumentum
2790 2040 2880 2094 hic
2918 2055 2983 2094 ex
3023 2040 3271 2114 professo
3296 2026 3394 2097 no-

1800 2128 1888 2185 bis
1914 2129 2243 2184 versandum
2289 2136 2392 2196 est,
2423 2128 2735 2184 Usuardum
2771 2131 3029 2201 pleraque
3080 2148 3176 2187 sua
3208 2133 3392 2193 omnia

1802 2232 1870 2274 ex
1901 2217 2088 2289 qdone
2132 2220 2430 2289 accepisse,
2461 2219 2615 2289 cujus
2665 2222 2978 2277 continuam
3005 2220 3392 2293 'probatioueni

1803 2308 2062 2364 exhibent
2122 2308 2455 2378 quotidianae
2516 2310 2584 2364 ad
2651 2309 3090 2383 Martyrologium
3153 2310 3389 2367 Usuardi

1803 2400 2226 2457 Observationes
2278 2417 2309 2455 a
2360 2402 2535 2472 prima
2591 2402 2679 2458 die
2729 2402 2973 2457 Januarii
3023 2403 3089 2458 ad
3139 2403 3390 2458 ultimam

1802 2494 2117 2550 Decembris
2145 2535 2161 2560 ,
2222 2493 2420 2563 quibus
2469 2495 2753 2564 utriusque
2810 2494 3159 2566 Martyrologi
3213 2501 3395 2550 textus

1804 2584 2072 2653 expende,
2104 2584 2563 2647 annuntiationes,
2593 2594 2653 2639 ut
2700 2584 2790 2640 hic
2844 2583 3139 2654 loquimur,
3182 2600 3395 2638 annun-

1807 2672 2149 2740 tiationibus,
2195 2674 2424 2743 phrases
2468 2674 2795 2742 phrasihus,
2842 2676 3009 2729 verba
3064 2674 3178 2744 ipsa
3211 2673 3394 2729 verbis

1804 2777 2091 2833 comparo;
2126 2762 2375 2833 factaque
2418 2764 2738 2830 collatione,
2790 2763 3023 2833 Usuardi
3075 2764 3392 2831 laterculos,

1805 2866 1872 2906 ex
1900 2852 2194 2908 Adouianis
2235 2853 2570 2923 descriptos,
2622 2854 3006 2920 abbreviatos,
3060 2864 3392 2916 contractos,

1806 2943 2018 2998 modice
2048 2943 2374 3013 quandoque
2403 2959 2470 2999 ex
2507 2943 2649 2999 Beda
2699 2944 3043 3013 immutatos,
3077 2961 3140 3001 ea
3188 2946 3395 3019 perspi-

1806 3034 2039 3099 cuitate,
2091 3034 2144 3088 ni
2174 3034 2361 3101 fallor,
2406 3036 2669 3101 ostendo,
2704 3048 2811 3106 qua
2842 3034 3107 3107 majorem
3154 3036 3209 3089 in
3246 3036 3397 3090 hisce

1808 3128 1972 3182 rebus
2001 3128 2311 3183 desiderare
2352 3142 2511 3185 nemo
2555 3136 2740 3198 queat.
2785 3128 2856 3183 At
2893 3144 2959 3183 eo
2982 3137 3161 3199 pacto,
3188 3136 3252 3182 ut
3279 3127 3398 3199 pla-

112 3233 370 3305 proavis,
422 3231 701 3303 parenteia
724 3272 739 3299 ,
792 3232 1111 3303 cognatione
1154 3239 1207 3284 et
1252 3228 1538 3294 afﬁnitate,
1587 3229 1702 3299 ipse
1729 3216 1773 3278 C
1806 3218 2034 3289 giarium
2064 3233 2150 3274 me
2180 3219 2329 3274 dices
2363 3220 2665 3275 Usuardqu
2704 3220 3213 3292 traducere.Apage
3231 3220 3398 3291 plagii

115 3327 371 3391 tandem,
427 3339 522 3380 seu
577 3323 715 3379 fetus
771 3324 925 3394 eius,
983 3321 1225 3378 omnium
1275 3321 1448 3378 oculis
1499 3320 1704 3377 clarius
1781 3309 2042 3373 .crimen,
2079 3310 2202 3363 audi
2244 3309 2420 3380 ipsum
2448 3310 2753 3367 Usuardum
2787 3311 2951 3368 10ιίυὸ
2978 3312 3160 3383 operis
3192 3313 3275 3368 Sili
3307 3329 3399 3368 re-

113 3422 504 3487 exponeretur.
538 3414 654 3470 Non
701 3422 875 3480 vacat,
907 3428 1007 3469 nec
1035 3428 1171 3483 opus
1222 3420 1326 3479 est,
1359 3412 1450 3468 hic
1502 3411 1708 3467 descri-

113 3508 250 3563 bere
296 3522 418 3577 qum
477 3507 542 3561 de
599 3521 665 3561 eo
710 3505 865 3581 multi
917 3505 1270 3576 eruditissimi
1318 3503 1420 3559 viri
1449 3544 1463 3569 ,
1510 3514 1709 3575 praeter

116 3596 352 3664 majores
380 3603 611 3658 nostros,
642 3594 848 3665 pridem
895 3594 1250 3660 tradiderunt,
1304 3593 1574 3649 Adrianus
1604 3593 1708 3665 Ya-

116 3685 307 3752 iesius,
333 3684 569 3740 Joannes
598 3684 832 3750 Mabilio,
863 3683 1140 3740 Gerardus
1163 3684 1233 3739 du
1260 3685 1404 3749 Bois,
1440 3693 1495 3738 et
1520 3699 1708 3739 recen-

119 3776 334 3831 tissime
383 3774 636 3829 Claudius
690 3773 1066 3841 Castellanus,
1129 3788 1319 3829 omnes
1374 3773 1429 3828 in
1480 3788 1546 3828 eo
1592 3772 1708 3841 jam

118 3868 499 3937 conspirantes
539 3873 726 3919 contra
776 3865 1063 3936 Sigeherti,
1107 3863 1398 3920 Trithemii
1452 3864 1708 3919 aliorum-

121 3973 226 4029 que
258 3956 628 4025 antiquiorum
680 3956 995 4025 opiniones;
1030 3958 1079 4009 1.
1114 3955 1420 4011 Usuardum
1464 3964 1708 4011 nostrum

125 4049 296 4104 luisse
317 4049 637 4103 monachum
669 4048 1041 4119 presbyterum
1081 4047 1288 4101 ordinis
1319 4045 1379 4102 S.
1410 4045 1708 4112 Benedicti,

129 4160 177 4196 ,ιι
233 4140 483 4196 coenobio
522 4139 787 4205 i’ratensi,
817 4154 911 4193 seu
960 4140 1131 4194 sancti
1162 4138 1433 4193 Vincentii
1484 4136 1711 4191 Lutetia:

123 4235 480 4293 Parisiorum.
504 4235 557 4287 2.
585 4233 876 4299 Floruisse,
904 4248 1008 4287 non
1041 4233 1140 4286 sub
1164 4230 1358 4285 Carolo
1385 4230 1600 4301 Magno,
1618 4230 1712 4285 sed

123 4328 229 4384 sub
259 4326 577 4396 cognomine
608 4334 801 4395 nepote
853 4324 1041 4389 Calvo,
1087 4332 1250 4392 atque
1283 4323 1409 4377 huic
1431 4364 1445 4389 ,
1492 4338 1598 4377 non
1632 4322 1711 4376 illi

118 4431 271 4488 opus
292 4431 447 4470 suum
468 4415 765 4470 dedicasse.
798 4416 854 4470 5.
885 4412 1332 4485 Martyrologium
1361 4427 1520 4467 suum
1562 4427 1715 4467 com-

116 4506 374 4579 posuisse
398 4505 618 4560 circiter
642 4519 842 4559 annum
871 4503 995 4559 875.
1014 4503 1144 4571 Quae
1172 4496 1356 4558 omnia
1377 4500 1509 4557 satis
1539 4500 1708 4556 solide

1810 3399 2011 3452 tionem
2041 3399 2355 3454 reddentem
2380 3441 2395 3467 ,
2435 3409 2655 3472 tumque
2705 3402 2994 3474 intelliges,
3040 3404 3168 3475 quid
3199 3405 3266 3461 de
3297 3421 3396 3477 suo

1810 3489 1924 3559 ipse
1955 3502 2014 3543 se
2047 3490 2392 3565 priestitisse,
2428 3491 2557 3560 quid
2586 3506 2654 3546 ex
2688 3492 2808 3547 aliis
2836 3503 3148 3548 sanctorum
3179 3492 3398 3549 Patrum

1810 3579 2207 3652 Martyrologiis
2236 3595 2356 3636 sese
2403 3583 2683 3652 accepisse
2720 3583 2864 3637 ultro
2893 3583 3157 3651 fateatur;
3193 3584 3247 3639 id
3283 3585 3395 3638 fere

1811 3687 1976 3727 unum
2003 3672 2241 3737 molitus,
2270 3681 2330 3726 ut
2375 3672 2442 3727 ad
2488 3673 2827 3728 commodam
2867 3673 3229 3743 aequalitatem
3282 3688 3403 3729 san-

1809 3771 2020 3817 ctorum
2047 3764 2613 3830 commemorationes,
2636 3764 2862 3834 singulis
2892 3763 3255 3820 Kalendarum
3285 3765 3398 3820 d;e-

1773 3934 1784 3942 ι
1810 3859 1934 3924 bus,
1959 3858 2222 3914 concinna
2253 3860 2510 3917 methodo
2548 3861 2855 3917 reduceret.

1883 3950 2009 4006 161.
2050 3950 2427 4020 Expendamus
2486 3951 2660 4022 ipsam
2727 3950 2959 4007 Usuardi
3030 3951 3397 4023 praefationem

1813 4057 1878 4095 ex
1905 4041 2099 4095 illustri
2128 4041 2320 4097 codice
2341 4049 2526 4096 nostro
2549 4041 2878 4107 Heriniensi,
2895 4043 3038 4098 unde
3064 4042 3209 4097 illam
3234 4042 3404 4097 edidit

1813 4134 2107 4191 Bollandus
2130 4149 2250 4203 cap.
2282 4133 2337 4199 4,
2365 4133 2393 4205 §
2418 4133 2471 4199 7,
2489 4149 2717 4204 qumque
2745 4135 2797 4195 in
2827 4134 2950 4189 aliis
2985 4135 3146 4189 etiam
3174 4134 3405 4189 vetustis

1814 4225 2090 4282 codicibus
2120 4226 2411 4296 reperitur,
2441 4234 2496 4281 et
2524 4226 2612 4280 vel
2639 4228 2693 4281 in
2734 4228 2853 4296 ipso
2891 4228 3077 4283 Adone
3118 4226 3405 4282 Leodiensi

1816 4319 1872 4374 S.
1933 4318 2235 4383 Laurentii,
2277 4328 2383 4374 etc.
2423 4318 2652 4372 Domino
2704 4319 3070 4374 venerabiliter
3109 4319 3402 4383 recolenda,

1817 4410 2015 4465 Karolo
2071 4427 2247 4480 regum
2299 4411 2535 4480 piissimo
2585 4410 2690 4481 (al.
2748 4410 3008 4481 Augusto)
3057 4409 3402 4476 Husuardus,

1811 4519 2117 4576 quanquam
2152 4503 2401 4573 indignus
2428 4503 2674 4557 sacerdos
2703 4512 2752 4557 et
2785 4503 3095 4569 monachus,
3135 4505 3407 4576 prtescnlis

123 4597 355 4672 probata
396 4596 641 4653 invenies
664 4598 803 4668 apud
844 4596 1185 4653 Mabilionem
1227 4596 1284 4651 in
1315 4596 1720 4666 Proiegomenis
1748 4580 1797 4638 Ῑ)
1824 4600 1922 4652 (εινὶ
1966 4598 2360 4667 prosperitatem
2400 4606 2449 4650 et
2502 4605 2716 4651 aeternae
2768 4597 3106 4651 beatitudinis
3160 4595 3403 4667 gloriam.

121 4692 199 4748 ad
225 4705 352 4747 saec.
400 4704 451 4743 tv
490 4689 918 4755 Benediclinum,
949 4697 1104 4759 parte
1143 4706 1213 4755 ιι,
1260 4702 1384 4760 pag.
1415 4688 1506 4753 88,
1559 4696 1722 4758 atque

126 4769 188 4837 in
240 4782 476 4837 Historia
525 4781 780 4837 Ecclesiae
824 4781 1148 4836 Parisiensis
1192 4780 1397 4834 laudati
1440 4780 1511 4835 du
1548 4778 1717 4844 Bois,

121 4884 291 4949 parte
310 4891 351 4940 ι,
368 4889 491 4946 pag.
505 4872 628 4938 467,
647 4872 915 4943 quibusin
944 4872 1268 4927 stabilienda
1303 4869 1532 4926 Usuardi
1560 4878 1658 4924 mta
1669 4878 1719 4922 te

120 4978 184 5024 et
213 4966 550 5039 professione
580 4965 802 5021 omnino
840 4965 1265 5029 subscribimus;
1315 4963 1372 5017 in
1403 4964 1508 5017 hoc
1557 4961 1717 5030 plane

122 5055 504 5121 dissentimus,
547 5054 690 5124 quod
725 5068 848 5108 eum
880 5052 1158 5119 Bollando,
1211 5051 1575 5116 Henschenio,
1612 5050 1720 5104 Pa-

120 5147 428 5221 pebroehio
454 5146 684 5216 aliisque
700 5144 973 5208 omnibus,
993 5144 1110 5199 solo
1131 5152 1359 5214 excepto
1385 5142 1719 5208 Casteiiano,

129 5239 445 5299 Usuardum
476 5237 650 5292 Adoni
699 5245 1034 5307 praeponam,
1065 5245 1159 5291 aut
1187 5232 1433 5306 quamvis
1459 5248 1721 5305 suppares

126 5330 378 5396 videant,
392 5328 474 5383 sic
505 5334 685 5381 tamen
707 5327 991 5397 scripsisse
1016 5326 1393 5398 Martyrologia
1415 5340 1511 5380 sua
1536 5326 1726 5380 existi-

125 5430 309 5487 ment,
350 5430 412 5476 ut
438 5430 619 5475 neuter
647 5419 801 5473 alteri
829 5430 982 5474 notus
1007 5419 1186 5489 fuerit,
1211 5429 1259 5474 et
1304 5430 1519 5490 uterque
1545 5417 1723 5473 eodem

133 5511 249 5565 fere
275 5521 505 5581 tempore
541 5525 756 5564 manum
786 5511 854 5564 ad
882 5527 1010 5581 opus
1037 5527 1191 5564 suum
1231 5509 1516 5565 admoverit
1544 5523 1563 5560 :
1607 5524 1727 5579 qum

131 5603 496 5661 ecclesiastici
524 5603 766 5659 historici
792 5602 905 5671 jam
933 5606 1083 5659 citati
1113 5605 1275 5659 verba
1326 5611 1482 5669 sunt;
1527 5603 1726 5673 quibus

114 5698 660 5772 Agldesubtimidum
682 5697 984 5754 Mabiiionis
1010 5707 1300 5764 assertum,
1327 5714 1474 5753 num.
1502 5696 1624 5762 174,
1645 5697 1726 5750 Ad
1751 5719 1768 5728 κ

140 5784 378 5873 t'suar'di
423 5793 786 5848 auctoritatem
817 5808 975 5863 prope
1000 5792 1242 5849 accedere
1291 5791 1487 5847 Adonis
1525 5790 1727 5861 Marty-

1834 4690 2073 4744 Vestram
2106 4690 2319 4744 minime
2342 4688 2468 4743 latet
2495 4689 2880 4755 celsitudinem,
2906 4707 2936 4744 ο
2970 4691 3243 4745 reverenda
3270 4689 3411 4759 prin-

1823 4800 1961 4854 ceps,
1986 4781 2211 4854 qualiter
2234 4782 2506 4837 imitandis
2536 4785 2873 4854 antiquorum
2903 4783 3091 4837 studiis
3115 4797 3406 4843 monemur,

1820 4875 2076 4945 quidquid
2114 4875 2181 4945 .in
2239 4872 2385 4928 libris
2413 4914 2427 4940 ,
2472 4876 2702 4929 maxime
2750 4874 3117 4930 ecclesiastica:
3159 4868 3412 4928 doctrina:

1820 4966 2087 5034 congruis,
2140 4966 2314 5018 minus
2360 4965 2534 5019 debito
2581 4966 2871 5036 perfectum
2906 4966 3147 5033 habetur,
3190 4965 3267 5021 vel
3316 4980 3411 5036 pro

1819 5073 1971 5129 posse
2002 5057 2277 5127 supplere,
2315 5056 2396 5111 vel
2439 5059 2671 5129 suppleri
2723 5071 2947 5130 aptare.
2987 5059 3120 5126 Qutc
3180 5076 3279 5125 res,
3323 5058 3411 5126 pia

1822 5149 2029 5221 quidem
2060 5148 2437 5215 sollicitudine,
2490 5149 2673 5222 addito
2701 5152 2863 5205 etiam
2911 5160 3093 5205 vestra:
3141 5147 3411 5218 dignitatis

1817 5241 2092 5311 jussu,me
2119 5240 2388 5313 compulit,
2414 5252 2469 5296 ut
2490 5242 2725 5298 videlicet
2750 5253 3054 5297 sanctorum
3089 5234 3414 5307 recurrentes

1827 5335 2169 5405 festivitates,
2226 5352 2289 5405 ea;
2332 5335 2547 5390 diversis
2589 5344 2889 5389 sanctorum
2935 5330 3052 5387 PP.
3095 5327 3415 5399 Martyrolo-

1832 5425 1931 5494 giis
1958 5424 2013 5478 in
2041 5424 2322 5494 quamdam
2349 5424 2637 5493 exc’perem
2682 5424 2959 5477 unitatem.
2985 5418 3291 5475 Recotebam
3336 5417 3412 5471 si-

1832 5515 2039 5585 quidem
2058 5515 2114 5569 in
2130 5515 2295 5568 sacris
2320 5525 2621 5568 sanctorum
2642 5507 3283 5576 solemniis,‘multimodos
3299 5523 3416 5578 pro-

1833 5608 1963 5676 priae
1986 5606 2308 5677 negligentia:
2334 5621 2609 5669 excessus;
2647 5603 2788 5674 quod
2814 5619 2893 5657 me
2910 5601 3196 5672 plurimum
3228 5596 3297 5652 ad
3322 5597 3416 5651 hoc

1833 5702 1907 5754 cis
1946 5702 1999 5754 in
2028 5698 2127 5753 Dei
2153 5715 2330 5753 amore
2370 5697 2765 5760 persolventlum
2790 5694 2999 5767 cogebat
3028 5692 3283 5763 o/ﬁcium;
3311 5691 3418 5745 etsi

1836 5809 1935 5845 non
1961 5790 2086 5844 satis
2111 5790 2372 5855 idoneum,
2413 5799 2586 5858 utpote
2626 5788 2869 5856 inscium,
2904 5787 2991 5842 sed
3020 5796 3190 5868 tamen
3220 5782 3417 5847 divino,
