3936 6348
535 287 641 343 539

1431 275 1805 334 USUARDUS
1844 271 2221 330 MONACIIUS
2258 270 2902 335 SANGERMANENSIS.

3716 287 3817 341 5m

535 404 591 448 ut
610 392 1031 462 conﬁdebam,ac
1052 393 1265 462 indigno
1290 407 1467 449 eorum
1495 389 1868 453 sublevandam
1890 387 2112 451 auxilio.
2147 389 2189 447 Α
2220 384 2440 440 lirocliio
2465 389 2668 449 eilituin
2691 432 2704 453 ,
2754 408 3030 462 nunquam
3087 395 3303 453 vidisse.
3342 397 3598 469 Torquet
3642 408 3821 461 erudi-

539 483 682 537 Nam
726 493 775 538 et
817 470 1211 544 uenerabilium.
1241 479 1552 550 Hieronymi
1604 478 1837 534 uidelicet
1868 494 1929 532 ac
1957 475 2118 531 Beda:

535 573 975 644 presbyterorum
1004 574 1057 627 in
1080 574 1178 631 lioc
1214 572 1535 639 provocabar
1555 569 1865 639 descriptis;
1894 583 2116 638 quorum

535 681 673 720 unus
718 666 956 718 brevitati
998 664 1280 718 admodum
1321 661 1559 726 studens,
1601 660 1733 714 alter
1783 675 1900 714 vero
1929 674 2119 729 quam-

533 757 710 828 plures
758 755 1122 815 Kalendarum
1171 757 1280 809 dies
1330 755 1551 808 intactos
1594 752 1911 823 relinquens,
1951 748 2119 804 multa

534 848 825 919 probantur
841 847 998 917 Itiijus
1025 845 1262 916 opusculi
1282 844 1594 914 praeteriisse
1618 842 1933 898 necessaria.
1954 840 2118 893 Adhi-

537 937 627 993 bui
654 939 814 1008 igitur
842 936 994 991 Flori
1022 934 1374 991 memorabilis
1401 935 1518 999 viri,
1554 948 1827 989 COLLECTA
1860 948 1891 987 ε
1932 945 2122 986 PLURI-

536 1042 633 1082 BUS
663 1043 716 1081 lN
744 1042 918 1081 EODEM
946 1040 1177 1083 NEGOTIO
1196 1041 1421 1082 SECUNDI
1450 1041 1596 1081 LIBRI
1617 1038 1939 1088 COIHENTA;
1967 1038 2121 1093 quem

536 1119 763 1172 maxime
793 1118 1131 1183 imitandum,
1153 1119 1209 1172 in
1235 1118 1315 1171 Itis
1343 1133 1461 1189 qua:
1505 1117 1614 1172 visa
1640 1126 1761 1171 sunt
1797 1131 2029 1186 congrua
2059 1130 2121 1168 ac

534 1210 787 1264 memoria
837 1210 1021 1281 digna,
1053 1210 1265 1274 censui,
1309 1210 1434 1281 quia
1472 1208 1628 1275 plura
1677 1224 1882 1263 summo
1923 1206 2118 1275 studio,

504 1312 649 1366 qua:
682 1298 902 1352 breviter
925 1298 1242 1368 perstrinxi,
1270 1307 1319 1352 et
1345 1298 1572 1352 correxit
1598 1306 1649 1352 et
1678 1295 1906 1351 addidit.

610 1386 735 1442 162.
777 1386 1059 1443 Postrema
1094 1388 1212 1443 haec
1253 1387 1492 1444 Adonem
1529 1386 1888 1442 vivacissimis
1925 1384 2123 1441 colori-

532 1477 637 1533 bus
662 1479 1021 1546 adunibrant;
1068 1488 1124 1536 et
1150 1481 1280 1535 licet
1326 1481 1381 1536 in
1403 1478 1609 1550 vulgari
1643 1478 1877 1535 Usuardi
1920 1477 2122 1548 praefa—

537 1568 687 1629 tione
712 1584 741 1621 a
772 1568 1052 1635 Greveno,
1080 1560 1293 1625 Molano
1316 1570 1544 1640 aliisque
1571 1568 1718 1624 edito
1736 1608 1752 1634 ,
1783 1567 1943 1639 paulo
1963 1567 2123 1624 aliter

536 1658 929 1726 exprimantur,
960 1667 1105 1714 recte
1145 1674 1407 1731 perpensa
1431 1699 1447 1724 ,
1475 1658 1668 1714 eodem
1713 1672 1938 1729 prorsus
1975 1657 2118 1713 reci-

2224 483 2400 530 torum
2442 478 2657 548 ingenia
2685 490 2741 536 et
2769 483 3003 563 majores
3032 491 3250 548 nostros
3276 487 3474 543 mirum
3504 491 3568 545 in
3601 492 3815 548 modum

2226 569 2717 625 vexavitsecundus
2741 572 2833 627 ille
2864 572 3013 628 Flori
3054 576 3204 641 liber,
3229 593 3388 647 quem
3437 589 3521 635 tot
3569 584 3813 651 suculis,

2223 663 2278 709 et
2305 659 2605 725 priesertiin
2637 661 2883 729 proxime
2912 665 3189 731 praiterito
3211 706 3226 731 ,
3279 666 3488 724 frustra
3522 674 3813 741 quaesitam

2223 748 2501 811 novimus,
2533 760 2588 804 et
2613 765 2781 820 porro
2820 751 3022 808 frustra
3051 759 3400 823 quaerendum
3420 801 3436 825 ,
3468 762 3619 827 nisi,
3652 773 3713 818 ut
3739 782 3813 821 ω-

2223 852 2319 907 pra
2346 839 2589 895 dicebam
2609 882 2624 908 ,
2653 843 2743 897 vel
2789 846 3123 914 paradoxum
3155 849 3311 905 nobis
3329 890 3344 916 ,
3371 852 3457 907 vel
3489 854 3809 913 miracula

2222 926 2388 983 sobrii
2416 938 2472 984 et
2500 931 2686 1001 vigiles
2713 931 2997 1004 fingamus.

2296 1017 2417 1073 liii.
2446 1017 2731 1091 Negotium
2760 1021 2979 1079 facessit
3008 1025 3183 1081 solum
3220 1026 3268 1080 Γ
3270 1027 3372 1084 lori
3398 1045 3617 1088 nomen
3640 1074 3657 1096 ,
3687 1038 3806 1104 quot

2222 1105 2267 1160 si
2315 1123 2421 1162 non
2452 1110 2776 1180 appellasset
2805 1110 3117 1182 Usuardus,
3164 1132 3300 1187 opus
3341 1120 3527 1191 ipsum
3563 1123 3805 1191 citatam,

2226 1202 2334 1249 tam
2365 1197 2546 1263 clare,
2579 1208 2687 1254 tam
2729 1212 2952 1272 aperte,
2983 1214 3092 1260 tam
3123 1208 3411 1279 perspicuo
3439 1210 3701 1268 Adonem
3739 1231 3805 1269 re-

2223 1282 2425 1351 ferret,
2449 1297 2508 1342 ut
2526 1303 2594 1355 ex
2616 1289 2746 1349 solis
2769 1292 2997 1363 depictis
3017 1295 3499 1363 characteristicis,
3528 1298 3803 1372 legentium

2222 1387 2276 1434 et
2312 1378 2704 1435 conferentium
2748 1382 2935 1439 oculos
2980 1386 3229 1443 veritatis
3271 1388 3397 1444 luce
3444 1389 3802 1459 perfunderet.

2223 1468 2612 1525 Describuntur
2641 1472 2908 1542 siquidem
2949 1488 3243 1532 commenta
3282 1478 3511 1533 collecta
3536 1496 3570 1534 e
3589 1480 3803 1548 pluribus

2222 1560 2278 1616 in
2305 1562 2509 1633 negotio
2539 1562 2903 1636 Martyrologii
2922 1606 2937 1630 ,
2968 1582 3092 1637 quae
3118 1568 3172 1623 in
3197 1568 3365 1637 priori
3405 1586 3570 1639 apere
3610 1571 3757 1626 Beda
3776 1588 3799 1627 ι

2222 1651 2383 1709 Floro
2408 1662 2569 1710 aucto
2592 1655 2786 1713 omissa
2810 1656 3056 1727 fuerant;
3092 1658 3144 1712 in
3171 1658 3275 1725 hoc
3297 1670 3486 1715 autem
3519 1661 3739 1725 addite,
3757 1672 3803 1715 ιι

539 1746 692 1801 dunt.
731 1747 821 1803 Sic
861 1748 932 1803 ibi
983 1748 1228 1820 legitur:
1272 1749 1509 1815 Quorum
1548 1751 1695 1821 prior
1729 1750 1966 1804 brevitati
2009 1759 2122 1804 stu-
2151 1735 2198 1794 Β
2225 1741 2560 1813 quamplura:
2606 1744 2685 1800 illi
2731 1744 3102 1803 Kalendarum
3147 1749 3258 1804 dies
3308 1750 3500 1804 intacti
3559 1765 3629 1805 ex
3679 1753 3801 1807 oui

536 1837 665 1892 dens
681 1879 694 1904 ,
719 1839 853 1893 alter
876 1856 992 1894 vero
1015 1840 1350 1911 quamplures
1373 1838 1735 1894 Kalendarum
1760 1840 1869 1895 dies
1897 1842 2121 1895 intactos

536 1920 854 2001 relinquens,
886 1930 1051 1985 multa
1072 1932 1406 1986 inveniuntur
1428 1930 1588 2001 hujus
1609 1931 1777 2002 operis
1807 1932 2122 2002 praeteriisse

536 2026 835 2080 necessaria
875 2040 893 2077 .'
921 2043 1050 2097 quos
1079 2035 1252 2082 tamen
1286 2036 1516 2094 secutus,
1542 2028 1719 2083 censui
1757 2036 1807 2081 et
1846 2025 1896 2080 F
1898 2027 2001 2081 lori
2021 2042 2123 2082 me.

535 2117 808 2172 morabilis
831 2118 927 2172 viri
957 2118 1149 2174 latiora
1161 2119 1282 2190 jam
1302 2120 1359 2175 in
1387 2135 1447 2174 eo
1481 2120 1595 2192 ipso
1626 2120 1831 2190 negotio
1869 2120 2015 2191 sequi
2036 2135 2121 2175 ve-

538 2208 725 2279 stigia,
746 2210 1038 2278 praesertim
1078 2209 1135 2263 iri
1163 2209 1391 2265 secundo
1427 2208 1664 2280 ejusdem
1690 2209 1857 2275 libro;
1884 2209 1957 2263 ibi
1981 2211 2120 2271 enim

516 2298 701 2357 multa
722 2338 738 2365 ,
763 2316 879 2370 qua:
912 2300 968 2354 in
993 2299 1159 2370 priori
1188 2300 1468 2364 omiserat,
1493 2308 1541 2355 et
1566 2299 1792 2355 correxit
1822 2309 1870 2354 et
1893 2299 2118 2354 addidit.

531 2389 763 2445 Attende
804 2389 1004 2445 Bedam
1046 2390 1137 2445 hic
1180 2390 1416 2445 describi
1443 2390 1513 2446 ab
1544 2389 1763 2456 Adone,
1793 2405 1904 2446 non
1930 2404 1998 2446 ex
2025 2389 2124 2447 ali.-

533 2496 636 2552 qua
669 2488 856 2553 parte,
902 2487 963 2535 ut
997 2480 1190 2536 Florus
1227 2480 1461 2544 fecerat,
1509 2481 1600 2536 sed
1647 2481 1857 2551 integre
1886 2480 2122 2550 comple-

535 2579 669 2625 tum.
714 2570 977 2641 Porroex
1020 2572 1107 2627 liis
1152 2572 1310 2642 plane
1339 2571 1628 2631 conﬁcitur
1666 2573 1770 2625 tria
1815 2570 2119 2627 Usuardum

533 2674 647 2731 prte
667 2660 839 2716 oculis
866 2661 1246 2734 Martyrologia
1278 2661 1634 2726 habuissc,ex
1662 2662 1861 2733 quibus
1895 2677 2123 2732 opuscu-

534 2749 645 2803 lum
670 2766 826 2805 suum
854 2762 1288 2827 coagmeiitaret,
1338 2753 1392 2810 in
1428 2754 1683 2823 praedicta
1726 2752 1943 2823 vulgata
1979 2768 2121 2823 prae-

533 2841 740 2899 fatione
768 2859 993 2899 monens
1025 2862 1039 2899 :
1069 2846 1132 2899 At
1171 2845 1378 2916 siquid,
1411 2854 1602 2913 printer
1628 2845 1768 2915 quod
1795 2844 1860 2897 ab
1900 2844 2007 2899 illis
2034 2860 2123 2898 ac-

535 2934 648 3003 cepi
670 2974 685 3000 ,
709 2934 763 2988 in
787 2934 885 2988 hoc
906 2943 1134 3005 tempore
1167 2944 1381 3001 auctum
1404 2934 1481 2989 vel
1512 2945 1772 2990 mutatum
1800 2944 1913 3001 est,
1942 2935 2121 3005 sagaci

535 3043 570 3078 a
594 3042 674 3080 me
700 3026 947 3096 indagine
974 3026 1029 3080 id
1068 3027 1412 3097 perquisitum
1451 3027 1664 3096 agnosci
1691 3026 1895 3097 poterit.
1942 3026 2121 3098 Atque

532 3129 725 3173 eccum
753 3117 909 3188 plane
933 3119 1210 3174 evanescit
1236 3118 1398 3190 plagii
1428 3119 1631 3173 crimen
1651 3159 1666 3183 ,
1696 3119 1762 3174 de
1792 3134 1899 3190 quo
1928 3134 2123 3190 nuper-

536 3207 675 3264 rime
696 3207 914 3261 memini
934 3248 949 3272 ,
974 3206 1099 3261 dum
1124 3207 1188 3261 ad
1212 3223 1377 3261 unum
1399 3206 1528 3262 illud
1550 3206 1606 3262 Si
1629 3223 1754 3272 omn
1776 3218 2120 3276 revocantur,

537 3312 872 3368 quaecunque
902 3314 1037 3368 pure
1064 3298 1370 3354 Usuardiua
1413 3299 1711 3368 nuncupari
1757 3308 2001 3369 possunt,
2033 3315 2125 3369 ac;

538 3400 697 3461 cepta
742 3406 807 3446 ex
853 3389 1051 3445 tabulis
1104 3388 1400 3460 Martyrum
1459 3388 1919 3454 Cordubeiisium,
1979 3389 2123 3445 unde

542 3480 825 3537 Usuardus
873 3489 1185 3535 sanctorum
1238 3477 1455 3551 Georgii
1508 3485 1564 3532 et
1612 3477 1817 3533 Aurelii
1865 3478 2123 3547 reliquias

539 3573 940 3643 conquisierat;
987 3588 1055 3626 ex
1102 3571 1456 3627 vicinioribus
1499 3569 1797 3626 Galliarum
1832 3571 2119 3635 ecclesiis,

538 3671 723 3718 antes
760 3661 1185 3731 passionalibus,
1235 3661 1530 3732 paucisque
1579 3660 1703 3716 aliis
1752 3661 2121 3728 documentis,

537 3768 659 3824 quae
700 3752 814 3808 suis
852 3752 995 3808 locis
1027 3750 1267 3821 indicare
1298 3759 1460 3822 atque
1487 3765 1810 3825 enumerare
1842 3766 1953 3807 non
1979 3767 2121 3821 ’περ

537 3846 896 3901 termisimus.

613 3955 733 4011 165.
763 3956 1148 4012 Verumtamen
1196 3956 1409 4011 sincere
1457 3957 1703 4029 agnoscit
1748 3957 2026 4015 Usuardus
2066 3974 2124 4015 se

538 4066 605 4107 ex
638 4048 814 4109 tribus
838 4046 1181 4118 potissimum
1212 4047 1607 4120 Martyrologiis
1635 4051 1931 4120 sumpsisse
1954 4066 2122 4123 prope

529 4138 754 4204 omnia;
779 4153 845 4193 ex
883 4136 1319 4212 Hieronymianis
1349 4139 1590 4205 scilicet,
1633 4155 1701 4194 ex
1724 4139 1868 4196 Beda
1890 4181 1906 4208 ,
1937 4157 2037 4211 pro
2064 4153 2126 4197 ut

539 4245 571 4285 a
599 4229 761 4284 Floro
804 4238 994 4285 auctus
1036 4228 1241 4297 fuerat,
1271 4246 1392 4302 qua:
1416 4241 1544 4300 sunt
1573 4230 1727 4288 Flori
1769 4234 2124 4291 memorabilis

538 4323 638 4378 uiri
658 4321 849 4376 latiora
864 4322 981 4392 jam
1003 4323 1058 4377 in
1078 4340 1138 4378 eo
1160 4323 1272 4395 ipso
1298 4325 1502 4395 negotio
1528 4325 1739 4396 vestigia
1758 4366 1773 4393 ,
1804 4338 1859 4381 et
1882 4342 1949 4381 ex
1978 4328 2124 4397 ejus-

538 4412 656 4467 dem
682 4410 827 4467 Flori
855 4411 989 4465 libro
1012 4412 1260 4476 secundo,
1285 4414 1374 4469 tibi
1395 4413 1561 4468 multa
1581 4430 1698 4485 qua?
1720 4415 1775 4468 in
1796 4416 1962 4485 priori
1985 4417 2122 4470 omi-

2227 1842 2381 1904 parte
2409 1832 2788 1905 implerentur,
2813 1836 3003 1907 sicque
3028 1836 3281 1894 adessent
3316 1838 3505 1894 omnia
3545 1840 3671 1894 talis
3691 1857 3796 1910 ιμ-

2223 1923 2359 1978 sculi
2391 1927 2706 1981 necessaria.
2734 1927 2807 1982 At
2826 1927 3098 1999 suppletio
3123 1928 3213 1984 illa
3236 1929 3447 1985 Adonis
3470 1947 3586 1986 non
3612 1947 3801 2003 seraper

2224 2031 2458 2086 congrua
2483 2025 2599 2085 est,
2625 2032 2724 2074 nec
2750 2020 3018 2074 memoria:
3063 2019 3116 2074 in
3148 2019 3559 2093 Martyrologiis
3587 2024 3801 2079 referes-

2224 2105 2307 2163 das
2335 2106 2496 2178 digna
2521 2149 2537 2174 ,
2565 2124 2688 2169 cum
2716 2109 2960 2166 historice
2984 2111 3254 2183 longiores
3281 2115 3394 2168 sint
3411 2154 3429 2180 ,
3455 2130 3585 2184 quas
3608 2117 3805 2172 idcirco

2228 2196 2508 2257 Usuardus
2539 2200 2760 2256 breviter
2778 2203 3129 2273 perstringere
3169 2212 3399 2260 coactus
3446 2204 3624 2260 fuerit.
3650 2207 3803 2277 Atqui

2226 2292 2342 2347 haec
2373 2292 2647 2361 ipsissima
2679 2301 2733 2348 et
2762 2296 2995 2365 genuina
3022 2294 3229 2351 Adonis
3256 2296 3570 2352 lucubratio
3596 2309 3707 2363 est,
3734 2302 3800 2355 sic

2225 2383 2279 2439 in
2300 2383 2418 2455 ejus
2439 2386 2777 2456 praefatione,
2800 2402 2965 2459 quam
2989 2388 3161 2443 habes
3181 2404 3329 2445 num.
3360 2389 3462 2444 157
3512 2389 3795 2446 delimata:

2227 2472 2310 2528 Ne
2331 2484 2479 2544 putes
2502 2491 2582 2530 me
2603 2477 2659 2530 in
2684 2475 2783 2530 hoc
2801 2492 2956 2546 opere
2978 2478 3035 2531 in
3056 2493 3280 2532 vacuum
3302 2478 3669 2534 laborassem.
3698 2479 3797 2534 Pri-

2224 2580 2365 2618 mum
2393 2564 2493 2635 fuit
2521 2565 2797 2635 imperium
2824 2582 2887 2621 ac
2909 2566 3086 2637 jussio
3113 2576 3423 2621 sanctorum
3465 2568 3697 2623 virorum
3714 2611 3729 2634 ,
3750 2585 3792 2624 It

2222 2656 2587 2728 supplerentur
2614 2658 2744 2724 dies,
2774 2660 2865 2729 qui
2890 2658 3084 2730 absque
3108 2659 3408 2714 nominibus
3430 2674 3736 2732 martyrum,
3753 2664 3793 2715 is

2226 2745 2608 2818 Martyrologio
2632 2748 2794 2819 (quod
2817 2749 3125 2806 venerabilis
3152 2747 3309 2805 Flori
3338 2752 3526 2806 studio
3566 2754 3620 2806 in
3643 2752 3792 2807 labori

2228 2839 2408 2894 domui
2456 2838 2615 2894 Beda:
2646 2847 2962 2913 accreverat)
2990 2850 3195 2917 tantum
3222 2844 3393 2897 notati
3415 2855 3592 2899 erant.
3618 2845 3792 2899 Deinde

2225 2926 2428 2994 collecti
2450 2930 2790 3002 undecunque
2817 2932 3119 3003 passionum
3141 2933 3345 2987 codices
3366 2936 3607 2989 animum
3630 2938 3683 2991 iit
3699 2948 3795 2989 tu-

2224 3028 2333 3086 tum
2347 3021 2747 3090 suscitaverunt,
2767 3033 2819 3078 ut
2836 3042 2939 3078 non
2959 3025 3126 3080 solum
3141 3029 3440 3096 praeteritas
3452 3029 3655 3083 dierum
3668 3031 3797 3100 festio

2228 3109 2479 3175 pitates...
2494 3111 2655 3169 latius
2678 3123 2725 3166 et
2745 3113 2907 3184 paulo
2926 3115 3156 3184 apertius
3182 3116 3545 3183 discriberem,
3559 3128 3665 3174 etc.
3690 3119 3799 3174 Hac

2228 3206 2342 3253 toto
2389 3214 2553 3270 opere
2585 3201 2869 3259 Adoniano
2898 3205 3100 3276 ubique
3141 3221 3202 3262 se
3246 3208 3515 3276 produnt,
3541 3219 3591 3264 et
3616 3209 3805 3266 diebus

2226 3292 2452 3366 singulis
2476 3310 2601 3359 cum
2624 3296 2931 3367 Usuardina
2957 3299 3331 3356 contractione
3359 3316 3392 3354 a
3419 3302 3569 3357 nobis
3592 3316 3804 3372 compa-

2226 3391 2379 3451 rata,
2410 3384 2489 3440 sic
2520 3394 2803 3455 parentem
2833 3397 3300 3457 commonstrant,
3348 3391 3431 3446 sic
3476 3407 3649 3462 genus
3678 3392 3802 3447 indi-

2225 3477 2427 3549 gitant,
2472 3486 2533 3533 ut
2580 3478 2725 3534 ﬁlius
2773 3478 2952 3535 nullus
3005 3480 3305 3552 genitorem
3351 3483 3551 3537 melius
3581 3482 3798 3543 referat.

2226 3569 2329 3641 hoc
2357 3581 2471 3637 est,
2501 3579 2562 3627 ut
2587 3571 2734 3627 nulla
2774 3572 3011 3642 epitome
3040 3572 3216 3644 magis
3253 3589 3525 3644 congrua,
3557 3575 3799 3627 memori:

2227 3661 2420 3732 digna,
2449 3671 2506 3717 et
2532 3661 2585 3717 in
2612 3660 3034 3734 Martyrologico
3075 3661 3327 3734 opusculo
3369 3666 3700 3727 necessaria,
3726 3679 3799 3717 ca-
3832 3654 3837 3661 ’

2228 3759 2386 3808 tenus
2416 3752 2631 3808 inventa
2654 3751 2744 3809 sit.
2784 3752 2915 3819 Quis
2945 3753 3111 3825 igitur
3142 3752 3287 3808 ultra
3312 3754 3533 3810 dubitet
3570 3755 3700 3824 quin
3718 3755 3800 3810 sub

2225 3840 2377 3913 Flori
2407 3844 2657 3911 nomine,
2686 3843 2771 3898 vel
2800 3859 2899 3914 pro
2946 3842 3100 3899 Flori
3141 3843 3277 3899 libro
3319 3845 3594 3909 secundo,
3624 3846 3800 3902 Adonis

2226 3934 2666 4008 Martyrol0gium
2696 3934 2978 3992 Usuardus
3004 3935 3393 4007 descripserit?

2301 4026 2425 4085 165.
2460 4025 2607 4082 Nova
2635 4025 2753 4087 lizec
2795 4041 2916 4082 esse
2944 4026 3127 4098 dicas,
3154 4026 3292 4081 mira
3339 4027 3636 4091 clamites;
3666 4028 3801 4085 nihil-

2227 4118 2442 4187 ominus
2470 4126 2680 4183 certum
2704 4119 2810 4187 erit
2840 4128 2897 4176 et
2927 4119 3289 4175 indubitatum
3320 4121 3471 4191 quod
3504 4124 3801 4183 scribimus,

2228 4211 2391 4283 idque
2416 4210 2855 4282 manifestissime
2874 4221 3108 4283 releges,
3125 4214 3169 4269 si
3195 4213 3404 4283 prolem
3432 4231 3563 4271 cum
3592 4218 3803 4288 patrui

2230 4304 2535 4379 Usuarduiu
2563 4321 2684 4362 cum
2707 4306 2895 4362 Adone
2922 4308 3257 4373 contuleris,
3289 4308 3379 4365 vel
3408 4318 3472 4363 ut
3502 4308 3683 4365 labori
3704 4325 3805 4380 par-

2230 4412 2355 4463 cas,
2384 4397 2427 4451 si
2458 4398 2802 4469 quotidianas
2827 4398 3251 4459 Observationes
3297 4409 3528 4455 nostras
3561 4401 3806 4472 expende-

538 4513 700 4569 serat,
735 4512 782 4557 et
803 4504 1028 4558 correxit
1049 4513 1096 4559 et
1119 4504 1324 4558 addidit
1353 4518 1372 4556 :
1399 4504 1481 4559 vel
1504 4514 1563 4559 ut
1582 4462 1965 4560 clariusiiabet
1991 4522 2121 4575 pra:-

2230 4462 2428 4543 ris.rAt
2463 4462 2678 4558 qiueso,
2707 4488 2950 4562 inquies,
2981 4490 3073 4559 qui
3108 4490 3357 4546 Usuardo
3384 4491 3441 4546 in
3478 4462 3721 4547 mentem
3742 4506 3807 4544 ve-

539 4593 671 4650 fatio
700 4592 1070 4663 Heriniensis;
1098 4593 1329 4648 Adhibui
1352 4595 1513 4663 igitur
1540 4592 1724 4658 Flori,
1767 4594 2121 4649 mentorabilis

539 4684 639 4738 riri
658 4725 673 4749 ,
715 4684 931 4739 collecta
958 4702 986 4739 e
1009 4684 1245 4755 pluribus
1271 4686 1326 4740 in
1363 4684 1543 4741 eodem
1593 4686 1795 4755 negotio
1822 4687 2036 4740 secundi
2064 4684 2124 4739 li-

541 4772 620 4838 bri
643 4781 968 4838 commenta,
997 4789 1140 4837 ausit
1173 4789 1381 4829 limiti:
1428 4790 1825 4839 IIITANDUlJN
1854 4791 1972 4840 uis,
2004 4791 2121 4839 qua:

538 4879 659 4939 viss
698 4878 831 4922 sum
860 4857 1203 4922 coxcaus‘ar
1237 4880 1491 4920 usitatius
1538 4881 1696 4921 DIGNA
1739 4881 1957 4930 CENSUI,
1997 4882 2119 4930 ocis

540 4969 713 5008 PLURA
762 4969 942 5010 ευιιιιο
991 4971 1219 5021 ετυυιο,
1271 4971 1389 5019 ρυλε
1449 4970 1712 5011 Βιιεγιτειι
1760 4971 2078 5013 PERSTRINXI
2107 5000 2121 5025 ,

540 5060 807 5119 ponam”
841 5063 912 5111 ετ
958 5064 1203 5103 Αυοιοιτ.
1256 5047 1590 5115 Quemnam.
1636 5049 1899 5114 obsecro,
1944 5051 2121 5104 mani-

540 5138 732 5193 festius
761 5138 961 5194 imitari
988 5140 1163 5210 potuit
1196 5139 1471 5195 Usuardiis
1498 5156 1659 5210 quam
1704 5140 1944 5202 Adonem
1969 5182 1984 5207 ,
2010 5144 2125 5195 bre-

539 5229 671 5305 uiter
697 5228 1089 5299 perstringenda
1132 5244 1252 5299 quae
1275 5229 1359 5283 liic
1383 5228 1555 5300 longis
1576 5229 1689 5284 suis
1709 5228 1897 5298 elogiis
1919 5246 2123 5294 summo

539 5318 716 5373 studio
759 5317 1073 5386 addiderat,
1113 5319 1496 5391 scligendoque
1535 5336 1652 5388 qua:
1696 5320 1807 5373 visa
1847 5329 1967 5373 sunt
2003 5337 2120 5374 con-

540 5396 673 5480 grua
700 5418 748 5463 et
778 5411 1041 5466 memoria:
1061 5410 1221 5482 digna
1236 5412 1261 5464 γ
1281 5411 1358 5466 De
1395 5418 1592 5466 cratere
1615 5409 2120 5482 llieronymianum,

541 5510 597 5557 et
641 5500 843 5556 Bedam
902 5501 1049 5558 Flori
1116 5502 1451 5558 consuluisse
1500 5501 1803 5557 Usuardum
1858 5500 2127 5556 Observa-

542 5594 719 5649 tiones
743 5601 944 5651 nostrze
971 5594 1264 5667 sarpissime
1285 5594 1606 5656 ostendunt,
1634 5609 1734 5648 nec
1770 5592 1948 5647 minus
1981 5591 2126 5647 clare

546 5683 800 5757 evincunt
845 5684 1067 5769 Florum
1113 5686 1293 5751 illum,
1345 5687 1413 5742 ab
1461 5685 1799 5741 lleusclieiiio
1852 5694 1904 5739 et
1955 5683 2124 5754 Pape-

2227 4579 2345 4635 nire
2368 4580 2540 4650 potuit
2566 4579 2779 4635 Florum
2804 4581 3105 4646 nominare,
3120 4597 3244 4637 cum
3273 4581 3417 4637 forte
3432 4582 3628 4639 adhuc
3649 4597 3807 4651 super-

2228 4679 2342 4726 stes
2364 4679 2511 4726 esset
2533 4668 2651 4727 Ado
2666 4672 2976 4741 ipse,verus
2997 4670 3364 4744 Martyrologii
3387 4683 3615 4737 auctor,
3641 4685 3808 4728 nomen

2229 4776 2386 4831 suum
2412 4762 2467 4835 in
2492 4762 2670 4817 fronte
2696 4763 2878 4832 operis
2900 4771 3009 4818 tam
3035 4762 3180 4819 clare
3209 4763 3693 4833 expriniens,Ado
3712 4779 3811 4831 peto

2228 4862 2377 4905 catar
2407 4851 2587 4907 lectori
2629 4852 2871 4908 salutem.
2911 4853 2968 4909 Id
3005 4868 3112 4924 qua
3165 4855 3378 4910 ratione
3412 4855 3635 4911 factum
3675 4855 3811 4910 fuerit

2228 4942 2475 5011 equidem
2501 4943 2670 4998 miror
2697 4953 2754 4998 et
2782 4943 3006 5014 ignoro;
3041 4945 3136 4999 sed
3184 4946 3257 4999 ita
3283 4960 3399 5000 rem
3452 4946 3696 5011 habere,
3724 4945 3811 4999 hoc

2228 5050 2314 5090 me
2342 5035 2717 5104 apertissime,
2751 5044 3011 5105 perpetua
3040 5036 3189 5091 liisce
3223 5036 3435 5104 aliquot
3465 5039 3635 5092 annis
3662 5037 3809 5092 colla-

2228 5125 2393 5197 tione,
2411 5127 2742 5196 comperisse
2762 5126 3032 5181 existimo.
3050 5126 3259 5198 Eﬂ'ugio
3276 5129 3452 5183 utitur
3464 5127 3809 5187 Castellanits.

2228 5217 2568 5288 priefationis
2597 5218 2665 5274 ad
2711 5219 2736 5274 l
2773 5220 3042 5277 Bimestre
3066 5235 3190 5292 pag.
3235 5220 3327 5286 25,
3381 5221 3516 5278 dum
3547 5221 3812 5279 dillicults-

2230 5319 2338 5374 tem
2370 5310 2675 5375 declinans,
2729 5311 2807 5366 ait
2854 5312 3158 5368 Usuardum
3196 5328 3302 5369 non
3339 5327 3593 5370 asserere
3622 5313 3813 5370 θεειο-

2230 5420 2349 5459 rum
2380 5403 2754 5479 descripsisse.
2779 5402 2853 5467 At
2879 5405 3074 5471 melius
3098 5404 3241 5460 idem
3274 5405 3391 5475 ipse
3416 5406 3477 5461 in
3509 5420 3677 5477 opere
3699 5418 3809 5467 suo,

2231 5513 2353 5569 pag.
2383 5495 2506 5562 76b,
2534 5495 2757 5560 fatetur,
2793 5495 3095 5552 Usuarduui
3121 5496 3329 5552 Adonis
3365 5496 3809 5566 manuscripIum.

2231 5588 2491 5661 Lugdune
2518 5588 2586 5643 ad
2617 5602 2676 5644 se
2703 5587 3031 5644 destinatum
3055 5629 3070 5653 ,
3109 5602 3210 5659 pro
3253 5587 3419 5645 Floro
3462 5586 3815 5658 descripsisse

2234 5690 2288 5737 et
2317 5680 2684 5738 abbreviasse.
2729 5678 2870 5748 Quid
2900 5680 3046 5738 enim
3076 5679 3223 5737 aliud
3251 5690 3451 5738 sonant
3481 5681 3650 5743 verba
3694 5677 3811 5753 ιιιι·
