3936 6348
466 306 471 311 δ
573 330 682 389 διδ

1448 337 1823 395 USUARDUS
1863 338 2239 406 MONACIIUS
2281 339 2929 407 SANGERMANENSIS.

3792 355 3897 409 ειι

570 454 698 514 pata
718 451 802 501 est
818 486 833 513 ,
858 459 981 516 quis
1008 445 1139 502 mihi
1168 445 1256 502 hic
1277 446 1394 504 lieri
1414 459 1597 520 posset
1625 452 1861 507 maxime
1880 452 2037 508 obvia
2061 453 2156 509 ob-
2182 454 2231 515 Α
2260 464 2433 511 strum
2453 458 2681 515 subinde
2709 461 2962 528 accessit,
2986 460 3091 518 sub
3115 462 3269 519 titulo
3291 464 3616 522 Rudimenti
3651 469 3889 525 noritis-

565 535 816 609 jectatio,
841 553 939 593 cur
965 539 1173 595 scilicet
1195 548 1315 610 post
1349 550 1456 595 tam
1483 541 1683 597 multas
1708 542 1998 598 Usuardini
2022 542 2156 599 Mar-

569 630 823 701 tyrologii
841 630 1128 698 editiones,
1147 647 1269 701 quae
1283 632 1335 685 in
1349 632 1589 688 omnium
1608 635 1859 690 manibus
1876 644 2021 701 sunt,
2039 636 2156 691 haec

568 730 757 779 nostra
784 736 924 775 nova
952 730 1006 777 et
1030 730 1137 775 tam
1168 737 1396 792 operose
1417 723 1690 781 elaborata
1722 727 1963 795 prodeat.
1994 727 2153 783 Brevi

569 824 829 882 responso
850 827 967 868 rem
994 812 1312 881 conﬁciam,
1344 816 1387 870 si
1420 815 1611 873 dixero
1644 815 1849 879 nullam
1888 820 2154 876 hactenus

566 900 856 958 editionem
889 912 1189 971 repertam,
1234 919 1355 974 quae
1400 921 1510 961 non
1559 906 1781 964 alterius
1822 910 2151 966 desiderium

566 1002 690 1063 post
716 1007 775 1052 se
801 993 1110 1064 reliquerit;
1144 996 1343 1066 quippe
1372 1013 1497 1053 cum
1535 999 1684 1055 nulla
1729 1000 1850 1056 talis
1894 1002 1994 1067 sit,
2020 1001 2151 1072 quin

568 1100 751 1141 rerum
799 1088 1342 1160 martyrologicarum
1382 1091 1580 1162 periti,
1613 1107 1805 1163 graves
1846 1093 1900 1149 in
1947 1108 2012 1150 ea
2057 1091 2152 1150 de-

528 1172 742 1231 .t‘ectus
786 1184 842 1230 et
885 1177 1071 1247 plures
1113 1193 1372 1236 excessus
1399 1182 1887 1251 deprehenderint,
1931 1184 2065 1241 adeo
2092 1194 2153 1241 ut

560 1263 712 1318 multi
741 1267 940 1321 eruditi
967 1269 1104 1334 viri,
1153 1270 1318 1325 etiam
1359 1274 1736 1329 recentissime
1759 1315 1774 1341 ,
1807 1275 2151 1334 doctissimos

559 1351 754 1410 Patres
776 1355 1161 1415 Benedictinos
1203 1362 1438 1417 emnobii
1480 1364 1655 1419 sancti
1678 1364 1934 1421 Germani
1961 1382 1991 1421 a
2015 1366 2151 1423 Pra-

560 1444 633 1499 tis
676 1446 1071 1517 exeitaverint,
1099 1458 1155 1507 et
1185 1459 1393 1507 tantum
1441 1468 1548 1511 non
1578 1454 1877 1512 vellicando
1916 1459 2151 1529 compel-

557 1534 673 1591 lere
708 1539 893 1593 conati
938 1539 1083 1607 sint,
1114 1550 1177 1595 ut
1197 1545 1591 1614 autograpltum
1618 1561 1805 1613 suum,
1836 1562 1931 1604 seu
1957 1564 2147 1605 verum

558 1640 655 1682 seu
702 1630 1045 1700 putatitium,
1094 1634 1294 1703 publici
1336 1637 1649 1706 aliquandiu
1676 1638 1818 1708 juris
1866 1641 2142 1709 facerent;

557 1721 700 1789 quod
730 1721 799 1776 ab
832 1723 964 1791 ipsis
994 1724 1259 1783 hactenus
1284 1728 1564 1799 impetrari
1596 1746 1705 1786 non
1738 1732 1944 1802 potuit,
1972 1740 2031 1788 ut
2053 1748 2147 1789 su-

2260 562 2395 601 rum.
2428 547 2619 604 Annus
2639 551 2889 607 editionis
2912 552 3213 610 rectissime
3237 556 3572 613 observatos
3601 568 3735 623 est,
3762 576 3885 614 ua-

2257 636 2328 693 ita
2358 637 2424 692 ad
2450 638 2656 696 calcem
2712 643 3074 712 copiosissimi
3102 646 3307 703 indicis
3335 651 3637 721 totiusque
3694 656 3881 722 operis

2254 726 2485 797 legitur:
2518 730 2671 786 Anno
2695 733 2983 788 secundum
3014 752 3225 791 carnem
3278 736 3410 794 Filii
3443 740 3548 795 Dei
3579 759 3619 795 α
3656 741 3880 796 Nothi-

2254 828 2359 873 tate
2389 835 2722 889 uccccnxxv,
2752 825 2864 890 ipso
2892 825 2977 881 die
3001 828 3319 883 sanctissimi
3350 831 3490 901 regis
3521 842 3581 887 et
3611 837 3875 903 many-is

2255 908 2609 983 Oswaldi,qui
2628 930 2703 969 est
2729 933 2756 970 ν
2775 913 3017 986 Augusti,
3034 920 3358 981 sanctissimo
3376 920 3433 976 in
3452 921 3698 980 Christo
3718 922 3873 981 Pam

2251 1015 2312 1052 ac
2341 998 2550 1055 domino
2572 1010 2748 1056 nostro
2764 1001 2918 1059 Sixto
2941 1022 3077 1075 papa
3102 1006 3133 1060 Ι
3145 1006 3211 1073 γ,
3237 1008 3616 1066 illustrissimo
3637 1015 3867 1082 prcide-

2252 1090 2472 1144 rissima:
2494 1092 2680 1147 domus
2710 1093 2940 1155 Austrite
2962 1094 3244 1154 Frederico
3272 1104 3450 1169 tertio,
3482 1090 3863 1159 Romam

2250 1177 2561 1248 imperatore
2589 1181 2951 1252 invictissime,
2975 1204 3176 1258 semper
3202 1190 3457 1261 Augusto,
3488 1210 3565 1246 ac
3593 1211 3701 1262 pro
3735 1213 3858 1253 saw

2250 1263 2484 1323 Colonia:
2507 1271 2795 1339 existente;
2823 1273 3084 1344 imperiali
3113 1276 3273 1332 nobili
3302 1279 3355 1332 in
3382 1281 3522 1335 urbe
3548 1280 3854 1345 Lubecm.

2249 1367 2362 1411 arte
2389 1359 2749 1431 intpressoria,
2775 1365 2990 1434 speciali
3018 1368 3191 1437 gratia
3212 1369 3415 1435 diuina,
3446 1374 3776 1429 animum:
3803 1377 3853 1427 si

2247 1446 2469 1502 salutem
2505 1449 2743 1519 ﬁdelium
2771 1453 3015 1509 inventa:
3041 1456 3301 1525 epithoma
3344 1460 3524 1525 istud,
3581 1474 3767 1531 partes
3806 1466 3850 1519 is

2246 1554 2361 1606 seat,
2400 1540 2559 1609 juxta
2584 1543 2767 1597 mundi
2792 1560 2885 1599 sea:
2910 1554 3094 1602 anates
3121 1549 3363 1614 diuisum,
3410 1553 3577 1621 prius
3598 1545 3738 1606 alibi
3760 1571 3849 1608 nos

2247 1638 2527 1697 repertum,
2545 1632 2685 1700 quod
2708 1632 2908 1700 placuit
2922 1633 3293 1692 Rudimentum
3310 1641 3651 1695 novitiorum
3672 1644 3843 1697 intiss-

2247 1716 2351 1771 lari
2364 1735 2385 1784 ;
2426 1718 2525 1774 Dei
2549 1722 2837 1792 adjutorio,
2854 1726 2945 1796 qui
2970 1744 3226 1797 supernas
3247 1747 3326 1785 res
3350 1748 3418 1784 ac
3435 1733 3732 1789 subterna:
3753 1737 3846 1805 fer-

555 1823 652 1876 pra
674 1809 807 1865 satis
825 1811 1236 1872 insinuavimus.
1254 1814 1458 1873 Causas
1483 1819 1555 1873 ibi
1574 1830 1903 1877 memoratas
1922 1838 2029 1878 non
2051 1838 2140 1880 ro-

2247 1807 2385 1874 titer,
2414 1813 2644 1869 suaviter
2671 1816 3055 1889 tranquilleque
3083 1819 3371 1891 dispensat,
3396 1839 3497 1893 per
3534 1803 3837 1895 magistra

553 1906 713 1967 peto;
732 1902 974 1958 omnium
998 1904 1174 1962 instar
1198 1908 1271 1964 sit
1293 1909 1540 1967 Bollandi
1565 1912 1737 1969 nostri
1766 1915 2081 1970 meditatum
2109 1931 2139 1970 a

556 1999 635 2061 tot
656 1995 818 2050 annis
841 1998 1127 2054 consilium
1145 2039 1161 2066 ,
1193 2000 1261 2057 de
1288 2003 1497 2059 edendo
1533 2004 1662 2063 olim
1693 2005 1940 2062 Usuardo
1964 2010 2141 2063 nativa

554 2084 890 2155 simplicitate
913 2128 927 2153 ,
954 2089 1021 2143 ad
1052 2105 1214 2160 quam
1247 2094 1541 2148 eruendam
1587 2094 1742 2165 plura
1789 2096 1948 2153 nobis
1990 2097 2143 2168 adju-

553 2183 734 2238 menta
756 2191 1066 2245 accessere,
1092 2196 1255 2250 quam
1274 2183 1330 2253 in
1349 2185 1531 2253 operis
1551 2186 1619 2241 de
1640 2187 1790 2243 Actis
1817 2188 2140 2245 Sanctorum

553 2266 810 2333 exordio,
841 2277 935 2324 aut
962 2268 1295 2343 Rosweydus
1325 2283 1417 2329 aut
1444 2276 1736 2333 Bollandus
1762 2279 2018 2350 colligere
2044 2295 2142 2350 ps-

552 2360 777 2416 tuerint.
810 2360 882 2417 Ut
910 2373 1089 2420 autem
1115 2365 1181 2421 de
1206 2366 1310 2422 hac
1333 2376 1522 2425 nostra
1560 2371 1800 2429 editione
1826 2381 2036 2429 rectum
2063 2374 2141 2431 fe-

552 2460 706 2509 ratur
727 2451 1020 2523 judicium,
1070 2459 1442 2526 prtemittenda
1491 2470 1574 2518 est
1621 2463 1851 2520 aliarum
1896 2466 2137 2522 omnium

551 2557 817 2609 censura;
869 2544 1189 2613 subjiciendi
1226 2548 1482 2620 deinceps
1530 2552 1863 2623 singulorum
1888 2555 2136 2611 codicum

551 2646 686 2687 mss.
709 2634 1083 2701 characteres,
1113 2653 1182 2692 ex
1206 2640 1681 2708 quibusomnibus
1716 2643 1933 2699 decerni
1973 2656 2137 2714 queat

551 2736 658 2777 non
709 2724 1063 2794 superﬂuam,
1114 2744 1215 2784 nec
1254 2730 1497 2797 inutilem
1541 2734 1877 2804 diligentiam
1923 2738 1978 2793 in
2014 2739 2137 2794 hoc

548 2823 714 2880 opere
734 2827 766 2867 a
789 2815 945 2870 nobis
963 2815 1306 2873 collocatam.
1325 2820 1402 2875 En
1418 2822 1713 2892 pollicitam
1738 2826 2130 2882 recensionem.

626 2903 749 2957 171.
800 2904 981 2960 Prima
1009 2909 1251 2965 omnium
1304 2926 1476 2982 eaque
1522 2916 1920 2985 antiquissima,
1971 2933 2133 2988 quam

548 2991 740 3047 saltem
772 2996 1102 3064 noverimus,
1150 2999 1381 3057 Usuardi
1424 3004 1589 3061 editio
1618 3021 1681 3061 ea
1706 3016 1810 3073 est,
1837 3023 1999 3078 quam
2026 3009 2135 3066 fre-

549 3087 903 3152 quentissime
930 3092 1153 3146 citatam
1180 3091 1347 3149 habes
1378 3095 1479 3150 sub
1500 3098 1717 3154 nomine
1744 3099 1977 3156 Mutus:
2024 3100 2129 3158 Lu-

550 3188 788 3230 cceium.
819 3177 1163 3234 Lubecanam
1177 3196 1319 3249 esse,
1339 3195 1392 3240 et
1414 3200 1556 3241 anno
1576 3186 1714 3242 H75
1738 3189 1877 3259 typis
1897 3192 2131 3259 primum

551 3262 824 3333 vulgatam
867 3267 1085 3324 tradunt
1120 3269 1352 3340 majores
1396 3276 1566 3331 nostri
1598 3276 1652 3331 in
1674 3277 1844 3345 Actis,
1875 3289 2039 3352 atque
2077 3283 2130 3338 in

552 3354 739 3411 multis
766 3371 954 3415 eorum
984 3361 1197 3428 schedis
1249 3367 1483 3435 reperio.
1527 3369 1582 3424 ln
1606 3369 1724 3439 ipso
1765 3386 1929 3442 opere
1954 3389 2131 3430 annus

551 3454 770 3531 notatus
800 3464 905 3505 non
932 3461 1174 3521 apparet,
1200 3470 1324 3510 cum
1343 3457 1415 3513 sit
1439 3473 1565 3528 pars
1594 3460 1775 3531 aliqua
1797 3477 1827 3516 a
1854 3465 2131 3533 grandiori

549 3534 821 3594 volumine
870 3544 1078 3608 avulsa,
1121 3561 1244 3614 quo,
1279 3554 1340 3601 ut
1368 3547 1422 3601 in
1451 3548 1663 3622 epilogo
1710 3552 1928 3621 dicitur,
1964 3573 2131 3613 same

545 3628 933 3701 fasciculariter
958 3637 1119 3691 totius
1148 3638 1333 3693 mundi
1376 3640 1609 3697 historiae
1638 3645 1867 3701 ambitus
1896 3650 2129 3703 contine-

545 3728 654 3774 tur.
684 3721 838 3779 Patet
858 3725 912 3780 id
939 3742 1007 3782 ex
1031 3729 1351 3799 paginarum
1398 3747 1627 3790 numero
1659 3750 1891 3807 superne
1917 3738 1974 3793 in
2009 3755 2125 3796 me-

544 3809 635 3864 dio
663 3812 852 3880 prima
877 3815 1034 3871 faciei
1067 3818 1278 3874 calamo
1304 3822 1540 3892 ascripta
1585 3825 1676 3893 qui
1710 3826 1900 3897 incipit
1947 3844 1978 3883 a
2023 3829 2128 3886 409

542 3903 831 3974 pergitque
858 3907 925 3961 ad
951 3907 1059 3962 455
1091 3909 1308 3965 unicam
1328 3926 1543 3982 semper
1558 3912 1670 3970 folii
1690 3915 1883 3972 faciem
1912 3928 2127 3976 notans.

546 3992 745 4048 Forma
775 3996 830 4049 in
879 3997 989 4054 lato
1020 4001 1306 4072 spissoque
1330 4003 1460 4060 folio
1508 4021 1746 4077 expansa
1775 4018 1881 4075 est,
1926 4013 2069 4068 unde
2097 4029 2127 4067 a

545 4083 704 4139 nobis
738 4086 934 4144 merito
962 4087 1203 4146 Maxima
1226 4093 1547 4163 appellatur,
1574 4097 2034 4172 tlistinguiturque
2061 4103 2130 4158 ab
2168 4162 2185 4179 ,

544 4172 651 4229 alia
697 4175 860 4231 etiam
888 4177 1173 4236 Lubccana
1203 4185 1330 4238 anni
1360 4185 1496 4242 M90
1526 4187 1592 4242 de
1620 4204 1723 4259 qua
1749 4190 1974 4248 inferius
2003 4209 2128 4264 ago-

542 4278 683 4320 mus.
711 4264 855 4322 Nihil
879 4268 1035 4325 habet
1058 4270 1173 4328 hate
1195 4274 1358 4330 editio
1384 4291 1491 4346 quo
1506 4293 1829 4350 magnopere
1849 4297 2127 4339 commen-

540 4354 731 4422 detur;
786 4372 910 4412 nam
955 4360 1066 4431 typi
1120 4362 1224 4431 ipsi
1255 4364 1539 4421 Teutonici
1574 4383 1668 4423 seu
1715 4369 1928 4427 Gothici
1975 4374 2127 4431 valde

540 4442 844 4513 imperfecti
892 4456 1049 4515 sunt,
1093 4461 1372 4523 scatetque
1426 4463 1596 4511 totttm
1643 4474 1779 4527 opus
1830 4462 2126 4519 innumeris

540 4537 782 4604 utendis;
824 4539 1001 4609 ipsum
1027 4557 1158 4598 vero
1185 4543 1624 4619 Martyrologium
1652 4552 1807 4623 longe
1829 4556 2034 4611 recedit
2057 4557 2127 4619 ah

541 4623 841 4686 Usuardina
870 4633 1126 4705 puritate,
1158 4652 1298 4706 saepe
1322 4641 1533 4696 auctius
1547 4650 1602 4698 et
1624 4643 2024 4714 interpolatum,
2053 4648 2124 4704 si-

539 4718 774 4789 niileque
800 4724 973 4779 codici
1007 4728 1405 4799 manuscripto;
1441 4747 1602 4802 quem
1634 4751 1753 4789 cum
1780 4738 2000 4808 proprio
2028 4755 2124 4796 no-

540 4809 688 4865 mine
710 4813 983 4883 appellare
1021 4832 1126 4872 non
1166 4822 1434 4889 potuerim
1462 4823 1889 4897 Antuerpiensem
1914 4831 2122 4903 simpli-

536 4900 678 4957 citer
710 4919 981 4976 nuncupo,
1013 4916 1074 4967 ut
1101 4926 1131 4963 a
1181 4913 1389 4970 duobus
1411 4915 1533 4971 aliis
1582 4920 1776 4990 majori
1808 4929 1863 4977 et
1889 4900 2118 4980 maxime

535 4990 866 5057 discernam.
896 4996 1157 5055 Advertat
1197 5001 1368 5059 lector
1408 5020 1529 5060 cum
1573 5006 1859 5064 Lubccana
1905 5020 1961 5067 et
2001 5013 2116 5069 An-

542 5084 837 5154 tuerpiensi
894 5089 1212 5161 plerumque
1259 5094 1513 5167 conjungi
1562 5100 1805 5157 codicem
1855 5100 2119 5173 Ugltellia-

536 5191 687 5241 num,
718 5184 778 5233 ut
804 5177 931 5235 alibi
959 5180 1153 5236 dicam.
1180 5182 1295 5238 Non
1322 5194 1408 5241 est
1438 5186 1765 5260 itaque,qua
1793 5190 1862 5246 de
1882 5194 2114 5263 agimus,

535 5265 704 5335 editio
745 5269 934 5337 primae
957 5279 1013 5326 et
1037 5273 1256 5343 optimae
1282 5285 1450 5344 nolui,
1490 5279 1719 5336 classem
1748 5282 1918 5339 ferme
1949 5300 2114 5355 pecu-

536 5353 725 5411 liarem
772 5373 897 5418 cum
922 5361 1130 5420 duobus
1155 5364 1278 5421 aliis
1307 5369 1639 5429 constituens
1668 5372 1811 5437 inter
1827 5353 2032 5443 primos
2059 5386 2114 5433 et

535 5447 762 5515 medios,
790 5452 1007 5507 tametsi
1036 5454 1235 5526 saepius
1274 5456 1416 5516 inter
1466 5460 1758 5531 primarios
1804 5462 1982 5520 locum
2010 5468 2108 5524 ob-

537 5536 724 5601 tineat.

611 5631 730 5684 172.
773 5631 1031 5691 Volumen
1083 5637 1258 5708 ipsum
1315 5642 1546 5712 ingentis
1576 5644 1748 5710 molis,
1782 5663 1813 5700 a
1860 5664 1968 5717 quo
2010 5649 2110 5706 hoc

535 5725 979 5801 martyrologium
1036 5730 1357 5788 distractum
1376 5733 1629 5803 diximus,
1662 5737 1731 5794 ad
1760 5737 1998 5795 Museum
2022 5757 2111 5798 no-

2245 1899 2443 1964 Lucam
2476 1902 2707 1968 Brandis
2733 1907 2798 1962 de
2826 1907 3044 1977 Schass,
3071 1911 3294 1981 feliciter
3339 1923 3420 1968 est
3457 1932 3722 1970 excusant
3772 1933 3841 1971 ei.

2242 2010 2341 2063 que
2379 1996 2607 2063 finitum.
2638 1996 2781 2055 Nihil
2810 1999 2898 2056 hic
2928 2000 2995 2057 ad
3025 2017 3111 2057 me
3134 2005 3329 2060 attinet
3376 2006 3447 2062 de
3474 2016 3596 2062 tota
3643 2009 3735 2063 illa
3765 2027 3837 2065 rc-

2243 2101 2365 2141 rum
2394 2088 2661 2167 farragine
2686 2089 2951 2160 judicium
2979 2093 3156 2163 ferre;
3192 2113 3300 2154 non
3344 2100 3574 2156 aliunde
3601 2105 3839 2172 pretium

2242 2195 2405 2250 quam
2443 2183 2511 2237 ab
2534 2184 2906 2254 impressionis
2935 2197 3095 2244 :etate
3116 2190 3318 2246 habere
3348 2192 3588 2260 videtur,
3607 2196 3759 2265 quod
3784 2206 3840 2250 et

2244 2269 2296 2322 in
2324 2270 2767 2345 Martyrologium
2821 2276 3057 2332 derivari
3102 2278 3261 2335 facile
3288 2281 3564 2352 patimur,
3595 2286 3832 2356 quateris

2242 2359 2308 2415 de
2335 2371 2552 2429 caetero,
2610 2372 2669 2419 ut
2696 2366 3046 2436 purissimum
3078 2369 3447 2427 Usuardinum
3493 2389 3608 2430 non
3650 2376 3831 2430 admit-

2244 2459 2441 2507 tamus.

2311 2541 2434 2596 175.
2463 2541 2663 2600 AStatis
2690 2546 2879 2602 ordine
2908 2548 3142 2619 priorem
3171 2553 3377 2624 excipit
3395 2553 3577 2611 editio
3603 2571 3702 2611 seu
3725 2572 3816 2613 rer-

2239 2630 2324 2686 sio
2366 2632 2595 2691 Usuardi
2623 2636 2859 2709 Belgica,
2887 2640 3041 2712 cujus
3078 2657 3173 2698 sex
3213 2644 3313 2699 soli
3356 2646 3583 2716 priores
3625 2664 3817 2709 metues

2236 2725 2377 2792 apud
2404 2742 2501 2782 nos
2531 2736 2768 2797 exstant,
2799 2731 3032 2789 immixti
3054 2734 3317 2807 Legenda:
3338 2752 3531 2793 aureae
3558 2737 3747 2794 Jacobi
3765 2741 3815 2796 de

2239 2809 2528 2885 Voragine,
2558 2818 2741 2885 itidem
2788 2820 3036 2891 Belgicae,
3073 2826 3125 2879 in
3169 2843 3336 2897 parvo
3369 2827 3505 2884 folio
3548 2830 3813 2901 Ultrajecti

2235 2902 2465 2974 vulgatae
2494 2921 2636 2963 anno
2651 2908 2807 2964 1480.
2836 2909 3038 2967 Verum
3059 2928 3233 2984 neque
3255 2916 3384 2971 huic
3404 2920 3817 2977 aestimationem

2234 3002 2479 3051 vetustas
2514 2997 2737 3066 addidit,
2770 3016 2894 3057 cum
2928 3018 3054 3059 raro
3083 3021 3215 3076 pura
3240 3007 3333 3074 sit,
3362 3018 3614 3067 extracta
3637 3028 3707 3068 ex
3734 3028 3811 3067 co-

2239 3085 2358 3142 dice
2389 3088 2568 3159 aliquo
2599 3091 2759 3147 simili
2788 3093 3041 3166 Leydensi
3070 3097 3319 3169 aliisque,
3351 3115 3493 3170 quos
3518 3098 3713 3159 media:
3737 3119 3819 3161 no-

2243 3188 2317 3232 tae
2343 3180 2618 3250 appellare
2647 3188 3050 3253 consuevimus,
3094 3200 3148 3243 et
3184 3191 3324 3245 infra
3355 3192 3518 3248 latius
3545 3196 3825 3251 describe

2238 3285 2378 3325 mus.
2432 3270 2568 3326 Huic
2592 3271 2745 3345 jungi
2784 3285 2963 3347 potest
2991 3280 3159 3336 editio
3197 3281 3491 3339 Florentiae
3528 3298 3823 3354 procurata

2234 3374 2331 3431 per
2371 3359 2724 3425 Franciscum
2770 3366 2838 3422 de
2866 3367 3248 3428 Bonaccursiis
3287 3388 3436 3430 anno
3469 3376 3637 3441 “86,
3661 3393 3819 3448 quam

2233 3450 2608 3520 Henscltenius
2636 3457 2841 3527 reperit
2868 3459 2925 3513 in
2955 3461 3275 3521 bibliotheca
3303 3464 3658 3533 Strouiana,
3684 3485 3815 3524 eam-

2231 3557 2338 3616 que
2368 3559 2493 3600 cum
2528 3544 2765 3604 editione
2789 3547 3021 3609 Greveni
3052 3552 3281 3625 aliisque
3307 3555 3520 3613 duobus
3543 3560 3819 3613 codicibus

2239 3632 2554 3697 Usuardinis
2578 3651 2709 3701 mss.
2739 3640 2984 3706 contulit,
3010 3642 3181 3700 altero
3207 3646 3456 3715 ejusdem
3481 3648 3813 3704 bibliotbetx

2234 3721 2584 3791 Strozziantc,
2609 3726 2781 3781 altero
2826 3727 3096 3785 Mediocre.
3131 3729 3270 3798 Quid
3296 3735 3362 3790 de
3393 3750 3462 3790 ea
3491 3740 3817 3793 censendum

2233 3814 2304 3879 sit
2330 3830 2434 3869 non
2470 3826 2553 3871 est
2585 3817 2716 3872 mihi
2749 3820 3015 3890 integrum
3049 3823 3136 3879 hic
3171 3825 3512 3895 depromere,
3545 3846 3688 3885 cum
3718 3831 3812 3885 sola

2233 3914 2476 3960 extracta
2510 3907 2885 3973 Henscltenius
2930 3913 3148 3982 propria
3179 3930 3341 3970 manu
3371 3917 3666 3989 descripta
3704 3921 3813 3974 reli-

2231 4002 2431 4070 querit,
2474 4017 2594 4071 quae
2640 4005 2840 4073 passim
2876 4004 3019 4060 inter
3040 4006 3298 4063 Auctaria
3325 4009 3568 4064 citamus
3602 4013 3712 4067 sub
3736 4027 3816 4066 ns-

2230 4090 2376 4146 mine
2408 4093 2654 4149 codicum
2703 4094 3188 4154 FLonsnrtuosuu.
3229 4095 3705 4167 Frequentissimi
3732 4119 3813 4156 ex—

2229 4196 2419 4239 cessus
2445 4183 2740 4240 ostendunt
2766 4201 2928 4255 quam
2963 4202 3155 4256 parum
3186 4204 3319 4258 pura
3350 4191 3420 4243 sit
3449 4193 3694 4260 prmfata
3720 4195 3813 4247 edi-

2230 4273 2326 4339 tio,
2375 4272 2527 4342 cujus
2554 4275 2831 4345 exemplar
2880 4275 3100 4348 Neapoli
3157 4280 3224 4334 ad
3251 4279 3350 4335 SS.
3398 4280 3812 4350 Apostolosas-

2228 4365 2453 4431 servari,
2482 4367 2826 4425 emendatum
2852 4383 2883 4422 a
2934 4367 3167 4440 Georgio
3218 4369 3454 4425 Antonio
3486 4371 3810 4446 VesPuecio.

2232 4457 2520 4533 praeposito
2580 4459 2907 4514 catliedralis
2960 4460 3204 4517 ecclesiae
3269 4461 3614 4520 Florentiae
3640 4508 3658 4533 ,
3731 4483 3814 4521 Io-

2234 4532 2371 4603 tavit
2395 4550 2592 4608 alicubi
2639 4550 3063 4625 Papebrocbius.
3114 4553 3294 4633 Atque
3341 4556 3459 4613 haec
3482 4572 3559 4611 ex
3590 4560 3812 4615 aliorum

2230 4641 2421 4705 relatu.

2300 4739 2422 4794 174.
2447 4740 2652 4797 Prmter
2672 4742 3009 4800 Lubecanam
3033 4747 3326 4802 maximam
3347 4747 3505 4803 citari
3543 4752 3749 4823 sapius
3765 4752 3811 4805 in

2222 4829 2372 4887 Actis
2404 4833 2541 4887 solet
2581 4833 2862 4891 Lubecana
2899 4836 3008 4892 alia
3062 4838 3192 4893 anni
3250 4838 3412 4906 H90,
3467 4855 3609 4896 cum
3652 4844 3813 4898 altera

2224 4921 2542 4989 Coloniensi,
2566 4927 2736 4995 priori
2760 4929 2983 4985 omnino
3006 4930 3191 4997 simili,
3216 4931 3445 5004 ipsoque
3463 4936 3668 4993 eodem
3683 4952 3813 4991 anno

2223 5018 2460 5090 vulgata.
2494 5020 2671 5077 Habet
2696 5023 2964 5091 posterior
2991 5022 3221 5079 formam
3244 5027 3394 5095 parvi
3424 5026 3543 5084 folii
3575 5046 3700 5085 cum
3719 5033 3811 5085 hac

2224 5108 2276 5163 in
2309 5110 2419 5166 ﬁne
2446 5112 2742 5182 epigraphe
2774 5130 2786 5165 :
2832 5112 3062 5184 Explicit
3100 5114 3556 5189 Martyrologium
3588 5119 3811 5175 [Tmarii

2222 5204 2484 5268 monachi,
2533 5204 2671 5258 sicut
2702 5204 2928 5260 habetur
2960 5218 3380 5277 augmentatum,
3416 5221 3474 5265 ut
3508 5224 3691 5281 patet;
3719 5216 3806 5267 iut-

2218 5306 2456 5360 pressum
2500 5292 2780 5364 diligenter
2804 5311 2897 5365 per
2924 5312 3005 5350 me
3033 5295 3331 5352 Iohannem
3357 5298 3617 5371 Boetho]
3634 5304 3702 5358 de
3724 5303 3811 5356 Lu-

2224 5381 2370 5448 beclt,
2396 5383 2555 5438 civem
2596 5394 2793 5439 sancta:
2818 5385 3090 5458 {elisisque
3137 5386 3378 5444 Colonias
3413 5390 3744 5462 Agrippina,
3767 5405 3807 5445 α

2220 5485 2643 5538 consummatum
2665 5476 2889 5546 feliciter
2907 5496 3044 5535 anno
3059 5479 3248 5535 salutis
3271 5498 3336 5535 ac
3349 5484 3543 5551 gratia?
3557 5499 3809 5545 uaccae,

2219 5566 2277 5618 in
2300 5566 2475 5636 vigilia
2514 5568 2965 5625 sanctissimorum
3014 5573 3174 5625 trium
3204 5570 3429 5642 Regum,
3468 5575 3716 5643 prie/ato:
3743 5576 3808 5628 ri.

2222 5657 2399 5710 vitatis
2442 5668 2782 5726 patronorum
2813 5675 2876 5713 ac
2919 5669 3270 5729 protectorum
3311 5663 3535 5732 jugitcr.
3594 5664 3806 5719 Notavit

2224 5747 2578 5819 Rosvveydus,
2615 5749 2925 5819 atljunctmu
2941 5750 3066 5807 olim
3093 5750 3256 5808 fuisse
3278 5752 3513 5823 legendo:
3534 5771 3738 5819 autem,
3761 5764 3803 5815 rt
