3936 6348
39 391 148 447 543

1423 364 1963 424 PROLEGOMENA.

3224 348 3328 404 546

43 501 198 557 auide
250 496 314 551 ab
343 490 586 549 Usuardo
618 489 854 544 variare:
890 484 1030 555 quod
1055 490 1386 554 postremum
1414 478 1637 533 verissi-
1664 488 1715 539 Α
1741 488 1859 528 rum
1882 470 2134 525 aliarum
2167 465 2466 523 editionu'n
2514 460 2917 519 Coloniensium
2946 458 3073 513 anni
3104 457 3243 512 1515
3275 466 3330 510 et

44 605 199 646 mum
236 602 359 645 esse
392 584 625 654 probant
654 576 968 649 quotidiana
1014 573 1278 637 auctaria,
1325 586 1392 628 ex
1428 571 1532 624 hac
1583 576 1641 623 et

45 681 228 735 altera
260 674 501 732 editione
534 669 822 724 Lubecana
847 663 1159 721 Usnardino
1195 660 1363 715 textui
1402 657 1640 712 immista

47 779 143 825 aut
171 766 413 837 adjecta,
443 775 674 833 quorum
697 755 927 828 plurima
950 753 1018 807 ad
1047 751 1398 808 Colonienses
1424 746 1642 818 proprie

47 835 352 933 pertinent.
391 854 564 909 Porro
595 849 880 904 Lubecana
910 843 998 899 illa
1027 841 1154 907 alia,
1184 854 1253 896 ex
1288 837 1459 909 priori
1487 835 1644 892 Colo-

52 930 259 1017 niensi,
286 956 380 1002 aut
397 943 591 1001 saltem
614 956 679 996 ex
696 935 1077 993 consimillimo
1103 930 1471 998 manuscripto
1493 935 1644 983 certo

52 1042 268 1099 certius
290 1039 601 1103 desumpta,
626 1029 864 1084 immista
878 1034 965 1081 est
988 1020 1282 1078 Doctrinali
1311 1018 1643 1075 Clericorum

55 1135 238 1189 forma
266 1134 459 1199 quarta
486 1122 711 1185 minori;
742 1120 796 1174 in
818 1133 885 1173 eo
902 1132 932 1171 a
956 1115 1125 1187 priori
1151 1113 1484 1180 discrepans,
1502 1108 1644 1179 quod

54 1198 343 1292 incipiata
370 1214 553 1283 vigilia
582 1207 892 1266 Nativitatis
920 1204 1135 1261 Domini
1187 1202 1245 1257 ln
1273 1200 1383 1256 ﬁne
1429 1198 1647 1270 apponi-

58 1288 192 1367 tur—z
230 1306 385 1363 Solus
412 1305 508 1359 iste
527 1300 733 1356 libellus
763 1297 1006 1353 directive
1055 1307 1309 1365 quemque
1346 1290 1524 1361 dirigit
1576 1288 1645 1343 ad

59 1403 273 1460 calum.
293 1398 523 1469 Explicit
544 1390 846 1449 Doctrinale
861 1388 1212 1451 Clericorum,
1235 1401 1341 1438 una
1359 1399 1478 1437 cum
1501 1381 1648 1435 Mar-

40 1493 320 1564 ,tyrologio
349 1488 689 1548 Sanctorum,
721 1481 1000 1551 diligenter
1019 1479 1073 1531 in
1106 1473 1310 1530 Lubeck
1338 1474 1647 1544 impressum

63 1562 207 1638 anno
240 1562 273 1635 a
304 1576 597 1632 Nativitate
643 1571 857 1627 Domini
912 1582 1168 1623 uccccxc.
1200 1565 1429 1619 Possent
1452 1577 1517 1618 ex
1546 1562 1648 1617 isto

68 1671 362 1731 Doctrinali
402 1666 660 1725 nonnulla
682 1664 898 1719 curiose
927 1656 1227 1722 observari,
1252 1656 1346 1711 sed
1376 1670 1440 1711 ea
1469 1652 1537 1709 ad
1564 1654 1649 1709 in-

65 1768 310 1823 stitutum
334 1774 573 1833 praesens
600 1756 908 1810 nullatenus
935 1750 1232 1821 pertinent.

1745 564 2066 632 152I,quas
2111 558 2261 637 brevi
2317 553 2741 617 recensebimus,
2798 550 2955 604 aliter
2989 546 3326 602 sentiendum

1743 662 1857 719 est;
1888 666 1982 708 eas
2032 649 2177 705 enim
2214 646 2529 711 Bollandus,
2561 640 2934 699 Henschenius
2974 648 3029 693 et
3056 636 3328 707 Papebro-

1744 744 1902 799 chius
1938 748 2256 797 constanter
2284 738 2456 792 citant
2485 735 2585 791 sub
2614 733 2833 789 nomine
2855 729 3088 784 Usuardi
3112 720 3334 781 Carthua

1744 835 1838 890 site
1868 830 2217 893 Coloniensis,
2240 827 2327 883 vel
2350 827 2450 882 sub
2478 822 2824 878 Additionun’t
2866 819 3161 875 Carthusia:
3183 814 3332 893 Co‘la-

1746 921 1940 976 niensis
1967 919 2035 973 ad
2070 889 2393 981 Usuardum,
2437 912 2522 969 vel
2571 913 2670 967 sub
2706 908 3047 982 teqnivalenti
3097 889 3336 976 descrip-

1698 1008 1704 1022 '
1748 1010 1915 1075 tione,
1945 1023 2065 1078 quce
2088 1006 2231 1061 idem
2259 1004 2536 1073 designet;
2570 998 3006 1070 frequentissime
3028 1004 3208 1051 autem
3233 995 3336 1049 suo

1748 1098 2110 1169 appellatione
2159 1092 2399 1148 GREVBNI
2435 1106 2540 1144 non
2569 1082 2812 1153 Joannis,
2866 1087 2960 1141 sed
3019 1084 3334 1146 Hermanni,

1747 1189 2021 1260 quamvis,
2058 1186 2102 1242 si
2126 1176 2216 1240 hic
2244 1183 2441 1239 obicrit
2468 1184 2611 1237 au’no
2644 1181 2799 1245 1480,
2823 1192 3009 1234 earum
3036 1177 3334 1231 editionum

1750 1292 1941 1343 auctor
1960 1295 2081 1336 esse
2102 1294 2206 1334 non
2227 1273 2485 1348 potuerit.
2509 1273 2616 1328 Sed
2639 1270 2899 1342 quidquid
2923 1270 2987 1323 de
3009 1267 3086 1321 rei
3111 1267 3339 1320 veritate

1754 1375 1972 1430 demum
1998 1377 2291 1432 statuatur,
2324 1368 2554 1434 utraque
2595 1364 2683 1416 illa
2712 1360 2980 1432 posterior
3013 1350 3176 1411 editio
3207 1353 3337 1408 Gre-

1751 1463 1975 1519 veniana
2008 1477 2038 1516 a
2069 1459 2229 1515 nobis
2274 1456 2494 1522 dicitur,
2527 1463 2644 1511 toto
2669 1467 2833 1524 opere
2860 1452 2939 1506 sic
2969 1463 3180 1519 semper
3202 1459 3339 1501 nuné

1752 1562 1967 1611 conata.

1858 1571 1967 1607 ata.

1822 1571 1949 1697 ξπ.
1985 1639 2167 1695 Anno.
2194 1638 2288 1694 illo
2313 1636 2500 1694 eodem
2558 1635 2695 1691 M90
2731 1634 2834 1688 alia
2885 1630 3115 1688 Usuardi
3172 1627 3339 1683 editio

1754 1733 1958 1804 prodiit
1982 1729 2208 1786 Parisiis
2243 1730 2296 1784 in
2321 1728 2468 1794 folio,
2508 1728 2606 1783 sub
2628 1728 2742 1784 solo
2776 1724 2930 1780 titulo
2952 1720 3337 1793 Martyrologii,

138 1852 262 1909 175.
300 1811 376 1905 υἱ
403 1846 561 1917 hujus
591 1811 983 1915 Martyrologii,
1024 1838 1109 1892 bis
1136 1853 1244 1892 uno
1273 1850 1414 1890 anno
1442 1832 1648 1898 excusi,
1681 1827 1725 1886 B
1755 1834 1815 1879 ut
1845 1831 2079 1879 testatur
2101 1821 2462 1892 Rosweydus,
2494 1820 2584 1889 qui
2614 1818 2908 1874 editionem
2960 1815 3185 1869 alteram
3213 1811 3342 1867 anni

69 1952 288 2000 auctore
309 1938 395 1995 vel
411 1942 836 2008 augmentatore,
857 1931 1132 1999 disputare
1148 1925 1331 1980 multis
1346 1939 1451 1979 non
1473 1930 1648 1978 vacat.

74 2039 318 2109 Rogatus
342 2034 471 2089 olim
500 2048 533 2087 a
570 2028 833 2085 Bollando
863 2025 923 2079 P.
973 2022 1206 2080 Jacobus
1228 2019 1518 2083 Kritsradt,
1567 2032 1655 2072 so-

70 2107 279 2185 cietatis
304 2134 524 2188 nostrae,
554 2130 614 2176 ut
638 2121 705 2176 de
730 2115 1027 2173 Hermanni
1044 2113 1278 2169 Greven.
1307 2107 1655 2165 Carthnsiani

70 2214 411 2272 Coloniensis
440 2219 603 2268 aetate
630 2215 687 2264 et
714 2205 932 2277 scriptis
956 2212 1105 2260 certa
1135 2202 1317 2272 aliqua
1351 2199 1656 2269 disquirere

71 2320 378 2376 conaretur,
402 2293 727 2377 responditv
750 2301 925 2356 Martii
948 2298 1105 2361 1650,
1122 2312 1180 2352 se
1197 2294 1499 2351 Cartlmsim
1512 2292 1657 2348 illius

78 2404 143 2457 Ρ.
174 2402 425 2456 vicarium
455 2398 672 2461 adiisse,
697 2410 762 2449 ex
801 2407 908 2462 quo
930 2389 1182 2445 didicerit
1206 2384 1489 2456 praefatum
1517 2383 1656 2437 Mar-

82 2491 399 2563 tyrologium
427 2488 549 2543 anni
575 2484 712 2541 1490
737 2484 1064 2551 desumptum
1093 2491 1217 2534 esse
1236 2474 1504 2544 exscripta
1528 2489 1658 2544 quo-

74 2562 203 2637 dam
231 2581 291 2636 V.
323 2580 392 2636 58
443 2578 554 2650 (qui
581 2585 663 2633 est
679 2586 938 2629 numerus
972 2568 1318 2625 bibliothecae
1339 2562 1656 2619 Carthusia-

74 2677 180 2747 me)
207 2693 300 2746 per
321 2674 517 2730 omnia.
541 2671 711 2727 Porro
739 2669 808 2724 ad
843 2666 1130 2737 marginem
1158 2660 1312 2718 citati
1339 2654 1659 2727 Martyrolo-

72 2770 147 2840 gii
174 2767 378 2832 excusi,
410 2766 467 2819 in
495 2763 739 2819 columna
768 2761 956 2815 dextra
989 2756 1176 2811 ultima
1211 2767 1377 2807 vacua
1405 2748 1656 2817 scriptum

74 2835 238 2917 manu
268 2860 335 2915 P.
364 2856 640 2913 Garnevelt
672 2873 724 2927 p.
750 2871 823 2908 γη.
853 2847 1232 2907 Carthusiani:
1262 2844 1459 2898 Auctor
1485 2847 1559 2894 est
1596 2835 1655 2892 V.

78 2954 142 3008 Ρ.
174 2953 474 3007 Hermanus
495 2949 693 3004 Greuen
710 2947 835 3019 (sive
858 2938 1103 3012 Crefgen)
1128 2935 1371 2992 sacerdos
1395 2931 1660 3003 professus

73 3046 369 3101 Carthasim
410 3041 736 3099 Coloniensis
761 3078 777 3104 ,
824 3036 914 3108 qui
953 3033 1080 3088 obiit
1130 3044 1270 3083 anno
1311 3038 1657 3087 uccccuxx,

73 3157 105 3195 v
131 3141 216 3194 die
245 3138 291 3194 Ν
297 3136 570 3192 ouembris.
597 3134 672 3188 At
686 3148 793 3187 non
811 3129 946 3184 satis
960 3124 1236 3196 explorata
1251 3121 1366 3175 haec
1384 3131 1503 3173 esse
1514 3122 1663 3186 patet

1760 1913 1898 1970 1556
1951 1912 2094 1982 apud
2146 1910 2491 1965 Ambrosium
2529 1907 2755 1964 Gerault
2788 1907 2841 1962 in
2879 1913 3072 1975 quarto
3125 1903 3341 1971 majori,

1755 2021 1876 2077 qua:
1899 2006 2037 2075 apud
2062 2010 2160 2058 nos
2182 2012 2379 2068 exstat,
2398 2001 2626 2056 contulit
2647 2014 2771 2055 cum
2794 1995 2982 2068 priori,
3005 2003 3216 2050 servata
3238 1990 3344 2047 Lo'-

1757 2098 1880 2154 vani
1904 2098 1958 2152 in
2001 2097 2163 2151 domo
2189 2094 2537 2150 Standonica.
2563 2092 2695 2161 Ejus
2721 2100 2913 2146 auctor
2933 2089 3019 2145 vel
3049 2089 3226 2144 editor
3241 2085 3344 2140 fuit

1754 2188 1990 2244 Joannes
2018 2187 2065 2242 le
2090 2184 2359 2252 Munerat,
2382 2195 2569 2240 cantor
2588 2194 2635 2238 et
2674 2182 3039 2247 scholasticus,
3071 2178 3343 2248 theologus

1757 2276 2099 2341 Parisiensis,
2138 2284 2199 2330 ut
2224 2274 2423 2331 alicubi
2476 2274 2687 2330 notavit
2730 2271 3103 2329 Colvenerius.
3135 2268 3340 2324 Castel-

1757 2364 1913 2426 lanus
1965 2366 2243 2440 proprium
2272 2374 2470 2423 nomen
2497 2353 2756 2432 admittit,
2810 2367 2905 2421 sed
2936 2363 3149 2418 titulum
3178 2362 3344 2416 alium

1766 2478 1877 2518 non
1912 2461 2099 2516 tribuit
2123 2464 2286 2530 q‘uam
2315 2452 2571 2513 Boursier‘
2607 2459 2679 2512 du
2711 2443 2905 2527 college
2942 2455 3006 2509 de
3040 2442 3299 2517 Navarre,
3327 2467 3345 2506 ι

1759 2553 1926 2619 Bim.,
1970 2568 2024 2622 p.
2053 2550 2179 2616 668,
2210 2548 2327 2614 ubi,
2367 2549 2475 2604 nisi
2516 2547 2693 2613 fallor,
2728 2547 2782 2602 in
2832 2543 3042 2600 duobus
3069 2551 3250 2609 errat;
3288 2544 3342 2597 l.

1758 2648 1905 2718 quod
1933 2658 2033 2715 pro
2063 2659 2207 2699 anno
2231 2642 2370 2698 1556
2397 2643 2575 2713 signet
2601 2641 2771 2707 l555;
2803 2640 2857 2695 2.
2884 2639 3028 2710 quod
3058 2638 3132 2692 ita
3161 2636 3348 2708 loqua-

1763 2745 1849 2791 tur
1877 2750 1943 2790 ac
1979 2735 2025 2790 si
2064 2750 2130 2790 eo
2159 2734 2390 2807 primum
2422 2747 2564 2787 anno
2603 2731 2770 2786 editio
2802 2729 2942 2784 facta
2980 2728 3194 2792 luisset,
3218 2742 3342 2781 cum

1762 2832 1973 2882 constet
1996 2825 2233 2896 priorem
2278 2823 2505 2878 alteram
2534 2822 2690 2876 annis
2713 2820 3069 2891 quadraginta
3100 2817 3342 2889 quinque

1760 2915 2112 2971 vetustiorem
2141 2928 2282 2979 esse,
2305 2912 2482 2982 sitque
2510 2909 2977 2966 verosimillimum
3006 2906 3345 2962 Muneratum

1766 3010 1833 3065 ad
1860 3008 2151 3065 secundam
2176 3020 2348 3075 usque
2388 3003 2679 3058 editionem
2707 3016 2815 3055 non
2836 2999 3217 3071 snpervixisse.
3243 2996 3353 3052 01)⁴

1765 3102 2072 3157 servatione
2107 3100 2302 3171 dignus
2353 3105 2438 3153 est
2467 3096 2677 3162 titulus,
2709 3096 2803 3165 qui
2829 3095 2883 3150 in
2922 3078 3212 3164 posteriori
3235 3092 3352 3147 edi-

72 3247 141 3284 ex
166 3228 272 3283 alia
302 3227 603 3289 notatione,
624 3236 788 3293 quam
818 3218 986 3274 refert
1020 3181 1161 3269 idem
1188 3207 1486 3271 Kritsradt,
1511 3181 1659 3260 nem-
1687 3198 1732 3259 C
1765 3192 1911 3248 ιίοηθ
1954 3190 2245 3248 θεοτίυίιιπ
2286 3188 2372 3243 his
2398 3187 2614 3241 verbis:
2646 3182 3107 3255 Μανιυνο¹09ί²⁸⁷ην
3151 3181 3247 3235 hoc
3275 3189 3351 3234 ⁸⁸⁸

1775 3279 1821 3293 ι.
1898 3289 1906 3293 -
2274 3277 2283 3287 ⁸
2304 3292 2311 3293 ,
2378 3276 2439 3293 κρυ
2463 3291 2471 3293 ξ
2517 3291 2525 3293 Α
2542 3273 2670 3293 ῌΑᾈΙ-
2689 3289 2773 3293 μ-.-
2848 3273 2897 3293 Β--
2963 3288 3053 3293 _-._
3109 3269 3227 3293 ---Ξ-Ι
3257 3286 3349 3293 μ..-

74 3332 162 3386 pe,
188 3318 247 3371 in
269 3317 436 3387 prima
457 3312 696 3383 ejusdem
719 3307 924 3365 codicis
949 3305 1142 3376 pagina
1156 3301 1408 3370 scriptum
1423 3311 1545 3353 esse
1564 3312 1660 3349 an-

74 3410 222 3479 tiquo
251 3382 548 3461 charactere
571 3411 690 3456 ante
711 3408 917 3454 centum
955 3409 1156 3458 annos;
1188 3388 1326 3442 Alibi
1359 3388 1434 3441 sic
1480 3382 1662 3439 scribi-

74 3512 197 3566 tur;
247 3498 477 3553 Joannes
508 3493 758 3564 Grefgen,
792 3496 983 3544 nostrce
1004 3484 1193 3538 domus
1219 3477 1478 3541 Coloniw,
1506 3472 1659 3528 auxit

75 3561 518 3659 Martyrologium
566 3561 819 3636 Usuardi.
856 3577 925 3632 Et
959 3572 1098 3631 infra
1130 3589 1143 3626 :
1172 3568 1408 3624 Joannes
1433 3561 1660 3633 Grefgen

75 3682 205 3736 obiit
231 3656 491 3734 'Kalendis
519 3673 735 3746 Aprilis.
769 3670 912 3725 lnl'ra
934 3668 1132 3730 denuo,
1163 3662 1391 3719 GRIFGIN
1438 3656 1664 3711 Cartha-

91 3775 300 3827 sianus.
330 3769 466 3825 Audi
726 3760 1039 3819 schedulam
1086 3770 1248 3811 manu
1275 3751 1445 3821 ipsius
1473 3744 1664 3802 vicarii

76 3862 375 3919 cat-thasiae
402 3855 758 3919 Coloniensis,
788 3852 852 3908 F.
882 3848 1108 3908 Joannis
1128 3844 1335 3914 Lotley,
1358 3846 1662 3899 exaratam,

75 3965 202 4020 qua:
253 3948 330 4002 ita
376 3946 574 4000 habet:
609 3941 686 3996 De
726 3938 900 4011 patria
929 3944 978 3991 et
1016 3932 1222 4004 familia
1271 3927 1338 3981 P.
1376 3923 1667 3980 Hermanni

77 4016 331 4112 Creﬁ'gen
368 4035 496 4091 nihil
520 4034 647 4087 mihi
678 4038 904 4086 constat.
931 4025 1097 4091 Alter,
1125 4023 1190 4077 de
1215 4037 1317 4092 quo
1352 4016 1667 4072 mentionem

80 4103 339 4200 {cci-,"fuit
359 4125 592 4182 Joannes
623 4119 926 4190 Scherfgen,
966 4113 1214 4184 patritius
1241 4108 1428 4164 Colon.
1459 4105 1520 4159 ob
1547 4103 1671 4172 afﬁ—

79 4197 304 4276 nitatem
331 4216 553 4272 nominis
575 4233 605 4268 a
625 4229 705 4267 me
728 4210 947 4273 relatus,
972 4206 1062 4278 qui
1088 4219 1212 4258 num
1226 4198 1427 4271 aliquid
1452 4197 1671 4278 scripse-

80 4316 150 4368 rit
194 4313 400 4383 ignoro.
446 4306 514 4361 In
547 4304 691 4359 nulla
730 4301 955 4356 editione
985 4275 1162 4352 exstat
1202 4306 1388 4347 nomen
1418 4275 1669 4350 auctoris,

78 4402 227 4476 quod
265 4397 481 4459 aliunde
503 4396 864 4465 conjecturam
893 4384 1181 4460 oportebat.

163 4492 289 4548 176.
313 4488 518 4545 Cretera
543 4486 598 4541 in
625 4486 766 4539 hanc
794 4497 907 4536 rem
939 4474 1264 4549 perquisita,
1292 4471 1387 4527 sed
1415 4482 1567 4538 aaque
1593 4466 1674 4520 in-

1764 3279 2063 3351 Martyrum
2088 3277 2342 3340 recensio,
2366 3276 2474 3328 sive
2503 3273 2796 3343 catalogus,
2844 3273 2900 3326 in
2954 3288 3078 3338 quo,
3101 3269 3227 3341 quid
3256 3286 3351 3339 pro

1763 3370 1960 3426 Christi
1987 3366 2229 3422 Ecclesia
2259 3374 2307 3420 et
2327 3365 2433 3434 ﬁde
2469 3363 2637 3419 sancti
2667 3372 2922 3433 martyres
2947 3361 3046 3415 Dei
3072 3360 3215 3431 passi
3241 3376 3355 3431 ges-

1762 3454 1950 3524 serint,
1981 3457 2241 3512 succincte
2270 3463 2316 3508 et
2340 3462 2454 3509 vere
2480 3450 3223 3519 recensetur;eorumdemque
3277 3451 3355 3519 fe-

1764 3549 2038 3610 stivitates,
2060 3547 2114 3599 in
2137 3557 2390 3614 quemque
2417 3541 2608 3594 mensis
2633 3540 2771 3593 diem
2796 3540 3088 3601 incurrant,
3114 3536 3356 3591 indicans

1764 3650 1889 3705 tur;
1922 3636 1992 3690 ad
2039 3634 2254 3689 Eusebii
2283 3643 2331 3686 et
2367 3629 2676 3700 Hieronymi
2705 3627 3035 3696 aliorumque
3076 3642 3352 3679 sacrorum

1766 3738 2042 3784 auctorum
2078 3722 2396 3794 exemplum,
2426 3737 2555 3775 cura
2586 3730 2633 3774 et
2646 3719 2807 3789 jussu
2834 3714 3013 3771 Caroli
3043 3715 3224 3785 Magni
3253 3716 3352 3769 im-

1766 3819 2023 3891 peratoris
2036 3811 2529 3887 digestum,insertis
2549 3808 2853 3863 lectionibus
2868 3797 3177 3870 moralibus,
3193 3803 3357 3860 disci-

1767 3909 1926 3982 plina:
1972 3896 2337 3964 ecclesiasticce
2366 3900 2601 3972 regulam
2649 3895 3053 3961 continentibus,
3102 3895 3167 3949 de
3203 3911 3355 3949 mane

1770 4007 1894 4061 dato
1919 4001 2169 4058 Ludovici
2196 3992 2631 4053 Christianissimi
2651 4000 2701 4045 et
2722 3988 3107 4061 g'loriosi'ssimi,
3133 3991 3359 4056 semper-

1771 4116 1870 4171 que
1892 4094 2138 4167 Augucti,
2159 4088 2490 4158 conscriptis,
2513 4102 2654 4139 anno
2676 4101 2707 4138 a
2725 4082 2937 4137 Christo
2964 4090 3086 4135 nato
3115 4092 3360 4134 ccccxvt.

1778 4168 1902 4244 Ππο
1933 4185 2090 4240 facile
2119 4179 2316 4250 corrigi
2356 4179 2616 4247 possunt;
2650 4172 2858 4227 utinam
2885 4178 2994 4224 tota
3019 4168 3183 4224 editio
3211 4181 3364 4222 erro-

1777 4281 1930 4336 ribus
1958 4273 2097 4340 aliis,
2127 4281 2182 4329 et
2211 4266 2516 4341 praesertim
2546 4259 2972 4335 typographicis,
3002 4268 3110 4312 non
3157 4255 3358 4309 redun-

1778 4362 1961 4428 daret!
2000 4368 2268 4424 Caeterum
2294 4360 2438 4415 inter
2458 4354 2710 4426 puriores
2738 4348 3016 4407 Usuardos
3043 4347 3130 4400 hic
3156 4358 3363 4399 connu-

1776 4472 1985 4527 merata
2016 4467 2119 4525 est,
2149 4463 2276 4511 tunc
2299 4450 2540 4515 exclusa,
2573 4454 2697 4501 c’um
2725 4443 2828 4497 alio
2859 4437 3114 4496 deﬂectit.

164 4523 289 4548 ισυο
313 4523 518 4545 υιυιυια
544 4523 598 4541 ιιι
629 4523 766 4539 ιιι-ην
795 4523 907 4536 ιν...
940 4523 1264 4549 νν-Ίκ---ντι
1294 4523 1385 4527 ~-f
1422 4523 1453 4524 η
1480 4523 1498 4538 ι
1778 4523 1788 4527 _
2108 4523 2112 4525 Ἴ

80 4594 265 4650 certa,
290 4593 573 4653 praetereo,
606 4593 730 4634 eum
759 4574 893 4631 satis
932 4577 1114 4642 pateat
1138 4565 1340 4621 frustra
1367 4562 1669 4617 laboratum
1704 4552 1752 4610 D
1852 4555 1976 4610 178.
1998 4548 2308 4616 Descriptas
2335 4544 2599 4598 hactenus
2622 4532 2859 4591 Usuardi
2904 4528 3188 4589 editiones,
3219 4523 3365 4580 Cele-

1783 4643 1803 4653 Α
1851 4648 1864 4653 -
1936 4651 1941 4653 Α
2231 4644 2269 4653 ,γ
2296 4651 2307 4653 _
2332 4633 2426 4653 ,ne.
2484 4645 2538 4653 --
2574 4627 2655 4653 ..ηε
2700 4622 2789 4653 Ida
2818 4621 3003 4653 ιὲιηιηα
3032 4617 3328 4653 ηΜιίῖηἷΙηΙ·
3353 4630 3365 4644 ι

83 4683 140 4734 in
192 4676 434 4734 erucndo
479 4672 699 4728 nomine
739 4665 997 4728 auctoris,
1042 4661 1134 4731 qui
1184 4657 1477 4714 editionem
1530 4652 1678 4706 illam

82 4764 455 4825 Usuardinam
499 4760 874 4818 Coloniensem
907 4752 1036 4809 anni
1074 4749 1210 4807 1490
1237 4744 1451 4802 auxerit
1477 4749 1686 4798 autex—

82 4860 218 4917 cudi
244 4855 550 4919 curaverit;
583 4852 785 4908 idcirco
811 4864 842 4902 a
876 4844 1175 4915 majoribus
1205 4838 1407 4895 nostris
1429 4833 1687 4906 simplici-

84 4966 178 5010 ter
208 4964 425 5025 semper
462 4947 628 5003 editio
652 4940 989 4999 Coloniensis
1014 4937 1172 4992 istius
1199 4932 1349 4996 anni,
1382 4946 1411 4984 a
1435 4943 1523 4985 me
1547 4940 1685 4986 .vero

96 5046 160 5098 in
192 5016 466 5095 Aucta'riis
504 5032 824 5093 Usnardinis
850 5035 929 5087 sic
966 5043 1088 5084 cum
1133 5010 1689 5085 Lubecensi'conjun-

82 5144 207 5195 cta,
234 5136 422 5185 utuno
448 5140 660 5195 semper
698 5122 914 5177 nomine
943 5125 1230 5184 utramque
1265 5110 1538 5180 designem
1590 5104 1688 5159 sub

83 5222 261 5280 titulo
286 5233 556 5275 E01110le
602 5210 1209 5271 Luneco-Commsusrs,
1239 5202 1352 5255 sive
1399 5214 1428 5251 a
1456 5194 1690 5252 Cartim-

83 5314 294 5377 sianis,
345 5326 455 5365 uno
484 5317 575 5363 aut
601 5305 866 5378 pluribus,
894 5300 1012 5354 sive
1037 5298 1106 5351 ab
1129 5295 1234 5348 alio
1266 5295 1555 5363 procurata
1577 5285 1690 5338 fue-

87 5408 192 5462 rit.
229 5372 469 5459 Aiteram
508 5401 578 5455 ab
601 5372 776 5452 altera
828 5390 1084 5446 divellere
1120 5384 1286 5447 nolui,
1320 5372 1462 5450 quod
1493 5377 1684 5431 eadem

80 5499 266 5570 plane
288 5495 514 5559 referat,
540 5490 894 5556 videaturque
942 5480 1229 5535 Lubecana
1274 5490 1337 5529 ex
1381 5466 1688 5527 Coloniensi

66 5557 296 5647 codem
319 5600 461 5640 anno
490 5557 710 5651 accepta
734 5595 751 5643 ;
780 5573 923 5648 quod
952 5586 1112 5628 nemo
1142 5576 1421 5635 tantopere
1473 5557 1694 5614 mirabi-

87 5693 214 5747 tur,
243 5680 291 5736 si
322 5675 566 5733 attendat
607 5646 842 5742 priorem
887 5668 1303 5720 consummatam
1353 5654 1519 5723 fuisse
1551 5649 1604 5704 in
1630 5646 1696 5700 ri-

83 5770 230 5844 gilia
249 5740 703 5827 sanctissimorium
734 5759 893 5814 trium
924 5754 1147 5825 Regum.
1191 5750 1267 5805 De
1296 5755 1520 5803 auctore
1566 5740 1696 5796 dua-

1783 4643 1983 4704 britate
2013 4656 2110 4697 sua
2155 4633 2431 4691 antecellit
2479 4645 2543 4686 ea
2571 4627 2658 4684 cui
2700 4622 2789 4680 hic
2818 4621 3006 4677 titulus
3032 4617 3328 4692 praeligitur
3353 4630 3369 4667 ε

1790 4730 2227 4804 Martyrologium
2263 4721 2545 4779 secundum
2574 4724 2770 4771 morem
2824 4711 3077 4766 Romanw
3103 4707 3282 4760 curia’.
3314 4705 3373 4759 In

1791 4822 1897 4879 line
1918 4799 2098 4875 autem
2126 4818 2199 4871 ita
2217 4814 2480 4870 habetur:
2516 4806 2662 4861 Finit
2692 4799 3133 4872 Martyrologium
3156 4811 3375 4849 accura-

1790 4912 1989 4969 tissime
2009 4906 2338 4964 emendatum
2366 4910 2455 4971 per
2476 4897 2786 4967 magistrum
2812 4889 3032 4945 Belnum
3074 4887 3137 4940 de
3162 4883 3373 4948 Padua,

1793 5007 1993 5065 ordinis
2020 5003 2275 5057 Fratrum
2303 4990 2687 5050 Heremitarum
2715 4986 2881 5041 sancti
2910 4980 3224 5052 Augustini;
3255 4988 3376 5032 nec-

1796 5116 1898 5155 non
1927 5092 2284 5151 additionibus
2317 5085 2537 5139 Patrum
2558 5081 2784 5135 aliarum
2800 5075 3110 5146 religionum
3138 5070 3379 5138 copiosus

1797 5195 1873 5265 (in
1903 5191 2007 5244 alia
2039 5186 2274 5242 editione
2300 5175 2590 5249 copiosum)
2622 5165 2883 5241 eﬁ‘ectum.
2920 5165 3238 5232 Impressum
3273 5157 3375 5211 Ve-

1800 5247 1951 5337 netiis
1972 5278 2126 5349 jussu
2163 5283 2209 5327 et
2241 5247 2488 5339 impensis
2520 5262 2708 5318 nobilis
2744 5259 2841 5314 viri
2867 5255 3024 5309 Luca:
3055 5247 3269 5304 Antonii
3315 5247 3381 5299 de

1802 5335 2000 5427 Giunta
2051 5335 2373 5423 Flerentini,
2424 5353 2536 5409 arte
2580 5362 2753 5405 autem
2800 5343 3027 5400 Joannis
3065 5335 3295 5393 Emerici
3321 5335 3387 5388 de

1802 5424 1978 5532 spira,
2008 5469 2148 5509 anno
2176 5458 2534 5506 lccccxcvttl.
2568 5439 2753 5493 Idibus
2785 5431 3048 5488 Octobris.
3077 5424 3386 5510 Facile-ob-

1802 5514 1987 5608 servas
2024 5545 2164 5601 male
2201 5543 2527 5611 impressum
2561 5526 2799 5585 auctoris
2825 5537 3018 5578 nomen
3047 5514 3265 5571 Belnum
3289 5528 3388 5584 pro

1808 5641 2071 5703 Belinum,
2120 5609 2364 5705 quod—in
2416 5625 2590 5680 altera
2629 5617 2868 5675 editione
2903 5609 3245 5667 emendatum
3283 5612 3387 5667 est,

1807 5734 1888 5793 vel
1918 5697 2200 5787 Bclliimin.
2232 5724 2514 5779 Postremo
2562 5715 2664 5770 hoc
2710 5707 2869 5765 modo
2896 5702 3163 5772 scripsere
3189 5697 3398 5768 passim
