3936 6348
688 367 788 423 547

1584 352 1959 414 USUARDUS
1998 351 2380 410 MONACHUS
2419 349 3071 429 SANGERMANENSIS.

3739 368 3792 429 Sit

688 479 926 553 majores
947 475 1121 534 nostri
1146 477 1204 532 in
1230 473 1401 541 Actis,
1426 486 1525 527 nec
1550 471 1708 537 male,
1739 486 1861 527 eum
1897 470 1972 525 ita
2007 470 2265 540 exprima-

1584 471 1708 537 iale,
1739 486 1861 527 eum
1897 470 1972 525 ita
2007 470 2281 540 exprima-
2309 468 2360 530 Α
2388 481 2494 536 que
2539 466 2621 520 vir
2660 465 3093 532 eruditissimus,
3144 465 3277 522 alias
3322 468 3555 530 editiones
3582 475 3789 543 Belum

688 580 780 626 tur
829 571 884 625 in
926 565 1338 639 prmfatiuncula
1388 571 1513 618 ante
1561 561 1831 618 Kalendas
1855 559 2119 616 Januarii.
2168 559 2282 627 Ego

692 662 855 717 aliam
886 658 1265 715 formationem
1293 646 1511 711 secutus
1540 648 1680 719 sum,
1706 645 1847 722 quod
1864 647 1985 705 eam
2012 648 2281 737 veriorem

691 751 1119 809 existimaverim
1170 753 1295 805 cdm
1321 748 1376 803 in
1413 742 1652 803 editione
1684 743 1977 801 Parisiensi
2029 733 2174 800 clare
2200 733 2283 824 ad

692 844 896 900 calcem
933 849 1247 913 poneretur,
1275 839 1516 909 satisque
1544 844 1832 908 appareret
1874 825 1929 890 in
1980 835 2156 905 prima
2181 833 2283 889 V'e-

693 944 819 992 neta
850 935 1086 989 litteram
1115 933 1137 987 1
1172 932 1485 1001 absorptam
1513 928 1702 984 fuisse.
1732 927 2007 984 Utramvis
2036 925 2282 982 inﬂexio-

693 1040 817 1079 nem
849 1016 1079 1094 elegeris
1125 1012 1350 1092 perinde
1385 1018 1542 1074 nohis
1568 1019 1691 1072 erit.
1723 1002 2020 1099 Monendus
2055 1014 2146 1069 hic
2174 1012 2282 1069 lec-

694 1122 779 1169 tor
819 1127 1211 1182 nonnunquam
1242 1111 1295 1165 in
1326 1109 1513 1175 Actis,
1563 1106 1839 1163 memoria:
1873 1106 2044 1176 lapsu,
2079 1104 2278 1183 priefaf

692 1214 802 1260 tam
833 1202 1128 1259 editionem
1158 1202 1421 1258 Venetam
1445 1201 1668 1256 citatam
1698 1213 1819 1254 esse
1847 1196 1949 1253 sub
1971 1211 2114 1251 anno
2141 1188 2279 1250 MSS

692 1309 790 1364 pro
831 1308 963 1348 vero
1010 1293 1151 1346 anno
1206 1291 1377 1357 H98;
1444 1291 1525 1344 sic
1554 1289 1784 1344 habetur
1837 1293 1981 1343 toruo
2035 1284 2080 1340 ll
2127 1283 2275 1350 Maii,

689 1399 818 1456 pag.
853 1383 978 1450 657,
1009 1391 1116 1437 etc.
1944 1463 1952 1465 Α
1984 1460 1989 1465 .
2057 1464 2066 1465 7
2233 1450 2237 1454 _
2274 1458 2277 1461 _

765 1474 887 1528 179.
930 1473 1119 1528 Liceat
1158 1472 1291 1526 mihi
1320 1466 1410 1525 hic
1444 1469 1611 1524 verbo
1642 1470 1887 1537 quaerere
1932 1463 2167 1520 fueritne
2198 1470 2280 1535 ty.-

691 1568 1001 1638 pograpbus
1033 1567 1124 1621 ille
1150 1563 1383 1620 Joannes
1424 1564 1696 1619 Emericus
1723 1563 1786 1617 de
1815 1561 1997 1633 Spira,
2026 1561 2168 1615 filius
2188 1564 2283 1614 aut

691 1677 860 1731 nepos
879 1663 1103 1717 Joannis
1129 1658 1318 1731 Spirw,
1349 1659 1434 1714 vel
1459 1660 1525 1715 de
1548 1658 1729 1730 Spir-ri,
1760 1671 1829 1711 an
1855 1657 1999 1712 idem
2025 1652 2162 1727 ipse,
2186 1654 2280 1726 qui

621 1821 625 1825 ν
693 1754 837 1824 typis
891 1753 1046 1824 longe
1095 1751 1533 1823 elegantissimis,
1587 1742 1833 1807 rutundis
1876 1765 1971 1804 seu
2022 1747 2281 1804 Romanis

2380 560 2758 647 praecessisse;
2811 560 2905 615 sed
2941 559 3068 647 huic
3114 559 3315 630 primas
3352 562 3537 622 delcrre
3556 568 3788 647 voluit,quu

2381 648 2724 708 communior
2750 649 2914 717 eéset,
2945 648 3222 721 mugiuiue
3262 652 3558 726 pervulgata.

2393 817 2398 823 ν
2454 745 2577 806 181.
2633 742 2837 799 Prmter
2886 731 3118 814 primam
3165 745 3309 800 illam
3350 748 3573 804 Venetam
3614 747 3783 815 editiones

2385 838 2514 893 anni
2547 831 2704 902 1498,
2744 845 2826 893 est
2847 830 3016 908 penes
3046 853 3146 892 nos
3181 824 3434 909 posterior
3456 838 3783 908 Parisieusisani

2382 928 2557 993 152i;
2592 936 2756 997 atque
2782 927 2865 982 hie
2893 917 3195 996 solaeSunt,
3231 936 3361 999 quas
3393 938 3493 985 toto
3536 919 3657 1002 opere
3687 938 3781 1003 citavi,

2381 1007 2504 1074 cum
2530 1019 2860 1089 posteriores
2895 1033 2989 1074 seu
3019 1018 3254 1074 Venetas
3282 1035 3372 1075 seu
3398 1020 3516 1077 alias
3544 1014 3780 1095 impressiones

2380 1110 2436 1164 in
2465 1106 2650 1165 Museo
2691 1118 2880 1187 nostro
2910 1125 3017 1164 non
3047 1106 3356 1179 repererim.
3374 1110 3448 1177 De
3472 1111 3778 1187 aliquibusloqn

2380 1209 2469 1256 tur
2494 1186 2738 1258 Mola’nus
2788 1188 2842 1256 in
2886 1186 3124 1258 editione
3175 1202 3299 1256 anni
3331 1202 3471 1269 1575,
3509 1186 3775 1274 prmlationeid

2380 1290 2664 1358 Iect'o‘rem,‘
2697 1308 2823 1363 pag.
2856 1307 2928 1346 vn
2962 1310 2975 1347 :
3013 1290 3245 1348 Veneti'is
3282 1284 3347 1345 ad
3389 1286 3565 1364 signum
3595 1286 3679 1365 Spei
3699 1316 3774 1351 cni-

2380 1369 2498 1437 Sum
2550 1383 2744 1455 (Belini
2791 1377 3258 1455 Martyrologium)
3302 1398 3430 1439 anno
3474 1383 3548 1449 49,
3582 1397 3619 1440 et
3654 1372 3772 1444 Parisiis

2381 1489 2519 1528 anno
2546 1473 2610 1528 21
2639 1475 2713 1546 (et
2741 1474 2841 1529 hac
2862 1474 3203 1543 potissimum
3224 1470 3445 1530 editiOue
3462 1476 3598 1530 utitur
3614 1476 3770 1533 Nolunt

2389 1579 2406 1613 ι
2440 1560 2668 1616 Videtur
2693 1556 2857 1618 etiam
2887 1564 2940 1617 id
2970 1552 3217 1617 nonnihil
3262 1565 3463 1620 auxisse
3494 1565 3767 1631 sanctisPidu,

2382 1662 2435 1708 et
2460 1652 2678 1708 Venetae
2717 1653 2981 1719 ecclesiae,
3010 1660 3066 1707 et
3089 1654 3415 1709 diversarum
3452 1655 3697 1725 religionum.
3716 1657 3767 1710 lis-

2383 1749 2531 1799 stant
2571 1752 2627 1798 et
2662 1743 2766 1798 alia
2812 1742 3073 1799 Romanae
3118 1743 3356 1800 ecclesiae
3397 1745 3765 1818 Martyrologium

688 1820 832 1899 anno
864 1820 1007 1900 una
1029 1820 1269 1900 Venetiis
1311 1844 1608 1899 excuderat
1649 1842 1763 1898 Caii
1792 1842 1951 1896 Plinii
1982 1830 2276 1897 Historiam
2306 1821 2354 1880 Β
2381 1826 2488 1890 nan
2514 1834 2645 1889 vidi.
2676 1833 2918 1889 Ecclesia
2954 1835 3101 1890 enim
3126 1834 3298 1891 sancti
3324 1820 3459 1890 Petri
3483 1839 3611 1891 utitur
3628 1837 3765 1909 Minyis

692 1934 999 1989 naturalem
1028 1934 1083 1989 in
1107 1934 1439 2003 amplissima
1465 1932 1640 1988 forma
1663 1939 1720 1987 et
1749 1931 1964 2003 quidem
2005 1933 2279 2001 membra-

690 2038 830 2089 nea;
879 2038 1044 2093 quam
1111 2024 1252 2079 dono
1301 2033 1508 2078 aeterna
1558 2023 1821 2078 memoria
1867 2024 2051 2093 (ligno,
2093 2022 2278 2079 Museo

691 2123 882 2170 nostro
910 2116 1333 2186 hagiograpbico
1363 2116 1619 2170 traditam
1646 2104 1819 2171 Voluit
1862 2116 1943 2169 vir
1980 2114 2278 2171 illustriési-

692 2222 815 2273 mus
844 2207 1124 2278 nostrique
1165 2209 1345 2279 cperis
1371 2209 1801 2264 studiosissimus
1843 2208 2160 2265 Guillelmus
2188 2209 2277 2265 Al-

689 2296 898 2365 hertus,
923 2297 1055 2352 baro
1080 2298 1146 2352 de
1167 2298 1474 2368 Grisperre,
1501 2297 1684 2370 Goyck
1709 2305 1761 2353 et
1792 2296 2122 2364 Libersaert,
2145 2299 2271 2354 Bra-

686 2382 887 2443 hantia:
923 2388 1294 2453 cancellarins,
1333 2389 1401 2443 de
1433 2404 1538 2458 qua
1562 2389 1727 2444 verbo
1766 2390 1988 2444 memini
2031 2391 2084 2446 in
2127 2390 2276 2446 dedi-

688 2477 900 2532 Catione
932 2477 1218 2533 Tractatus
1259 2479 1365 2533 mei
1392 2479 1460 2533 de
1506 2474 1841 2534 Patriarchis
1870 2477 2271 2548 Alexandrinis,

690 2575 816 2620 ante
838 2576 1041 2621 tomum
1072 2565 1115 2621 ν
1141 2566 1307 2632 Junii,
1338 2568 1513 2623 cidem
1546 2575 1775 2637 patrono
1797 2562 1983 2624 nostro
2009 2579 2065 2625 et
2090 2568 2276 2625 Maece-

686 2658 799 2712 nati
824 2658 1093 2728 inscripti.
1111 2658 1342 2714 Dubium
1363 2671 1539 2715 movet
1557 2660 1762 2730 adjecta
1777 2652 2001 2732 praefato
2015 2653 2273 2718 volumini

687 2749 912 2804 metrica
939 2749 1246 2818 huiusmodi
1274 2749 1599 2821 epigrapbe:

780 2896 935 2966 Quem
957 2901 1099 2950 modo
1122 2908 1217 2950 tam
1233 2897 1404 2966 rarum
1429 2902 1631 2966 cupiens
1656 2904 1733 2953 vix
1761 2900 1918 2952 lector
1938 2900 2169 2966 haberet,"

842 2963 1203 3025 Quiqne‘etiam
1227 2962 1405 3012 fractus
1428 2962 1557 3023 pene
1580 2964 1824 3025 legendus
1848 2975 2001 3025 eram,

779 3021 1011 3084 Restituit
1034 3022 1241 3084 Venetis
1261 3037 1340 3079 me
1363 3021 1520 3084 nuper
1544 3021 1682 3074 Setia
1707 3024 1919 3074 JOANNES

841 3081 1204 3145 Exscripsitque
1228 3082 1376 3134 libros
1394 3081 1494 3133 aere
1515 3093 1711 3135 notante
1730 3096 1883 3147 meos,
1910 3092 2009 3137 etc.

2381 1924 2523 1997 Iogio
2554 1921 2797 1979 Venetiis
2846 1925 3116 1995 impresso
3158 1940 3299 1981 anno
3337 1926 3419 1982 60.
3458 1926 3579 1994 Quod
3596 1929 3765 1985 Alexander

2379 2015 2708 2087 Peregrinus
2743 2015 3063 2083 Brixiensis,
3094 2016 3218 2072 Julii
3252 2017 3390 2073 tertii
3432 2021 3765 2090 sacellauus,opcn

2378 2123 2477 2163 sua
2502 2106 2852 2163 emendatum
2876 2107 3065 2162 edidit.
3097 2108 3336 2163 Ecclesia
3366 2118 3524 2166 autem
3541 2110 3765 2166 Latemueusis

2376 2198 2551 2252 utitur
2599 2196 2983 2269 Martyrologio
3042 2198 3184 2268 apud
3246 2198 3582 2271 Hieronymum
3618 2199 3764 2255 Civilia

2378 2287 2563 2359 lupum
2594 2293 2738 2343 anno
2768 2288 2906 2343 1561
2932 2282 3222 2359 impresso.
3263 2310 3280 2342 ι
3317 2289 3489 2346 Videor
3508 2291 3763 2354 recordari.»

2378 2382 2611 2437 minatas
2663 2380 2859 2436 alicubi
2912 2381 3178 2437 editiones
3222 2376 3465 2438 annOrum
3500 2381 3603 2437 1548
3620 2393 3656 2437 et
3682 2381 3757 2441 l555.

2377 2470 2483 2525 nisi
2532 2468 2766 2525 fortasse
2805 2470 2859 2524 in
2897 2472 3142 2526 numeris
3187 2476 3415 2527 erratum
3446 2472 3519 2537 sit,
3541 2480 3581 2525 et
3613 2470 3757 2524 iniussi

2375 2562 2474 2630 pro
2495 2557 2584 2625 64,
2613 2568 2668 2614 et
2692 2559 2762 2615 48
2788 2574 2885 2630 pro
2906 2560 2976 2616 49
3004 2560 3148 2616 male
3175 2562 3422 2617 redditus.
3450 2560 3535 2617 Sed
3556 2559 3755 2631 quidquidk
3810 2580 3811 2583 η

2375 2650 2462 2705 his
2487 2650 2578 2715 sit,
2607 2650 2736 2706 solae
2759 2651 2878 2706 duas
2909 2653 3163 2722 superius
3193 2653 3412 2709 laudata:
3428 2669 3454 2708 a
3476 2653 3595 2708 nobis
3614 2652 3755 2721 sppdhr

2376 2750 2484 2809 tur,
2510 2759 2740 2812 quarum
2790 2745 3059 2815 posterior
3088 2761 3120 2800 a
3151 2747 3377 2816 puritate
3421 2745 3645 2801 Usuardina
3673 2743 3754 2811 magis

2376 2835 2642 2901 deﬂectit;
2692 2851 2948 2892 excessus
2994 2846 3048 2892 et
3091 2837 3335 2893 defectus
3361 2838 3459 2894 suis
3480 2837 3626 2906 quique
3647 2834 3754 2889 locisia

2373 2924 2645 2995 Auctariis
2671 2926 3074 2981 describuntur.

2447 3014 2569 3069 182.
2596 3014 2893 3070 Belinianis
2924 3015 3082 3088 longe
3110 3020 3418 3090 castigatior
3439 3027 3485 3073 ct
3505 3012 3756 3080 accuratiore-

2374 3105 2521 3160 mina
2576 3104 2917 3161 Coloniensis
2961 3108 3130 3162 editio
3167 3110 3291 3163 anni
3337 3108 3462 3163 1515
3481 3116 3524 3161 et
3550 3104 3757 3167 multum

755 3206 865 3263 Cur
889 3215 1067 3263 autem
1100 3207 1210 3262 ﬁlio
1230 3209 1428 3276 potius,
1454 3208 1632 3279 nepoti
1664 3208 1749 3264 vel
1769 3208 1925 3264 alteri
1950 3208 2267 3281 conSangui-
2296 3175 2340 3240 Ο
2373 3205 2658 3267 utramque
2689 3196 3000 3254 Hermanno
3043 3198 3272 3271 (ἶνείθεη
3314 3216 3401 3256 se“
3436 3190 3758 3267 δνείθίαωοηίοτί

683 3288 810 3362 nco,
836 3294 1009 3351 Belini
1037 3297 1329 3353 editionem
1354 3296 1692 3354 tribuendam
1714 3314 1969 3361 censeam
2007 3299 2141 3355 facit
2164 3302 2267 3355 im—

680 3380 871 3442 mensa
895 3390 1142 3458 typorum
1191 3388 1497 3455 diversitas,
1530 3390 1939 3461 etcudendique
1966 3391 2106 3446 ratio
2154 3400 2265 3446 tam

678 3483 871 3545 parum
920 3485 1194 3546 accurata,
1249 3487 1307 3533 ut
1342 3478 1515 3534 Belini
1577 3480 1852 3536 Usuardus
1903 3481 1971 3536 ad
2029 3478 2263 3536 Plinium

678 3576 781 3624 nec
804 3580 902 3639 per
932 3568 1181 3624 umbram
1230 3570 1626 3641 comparandus
1650 3571 1738 3625 sit.
1770 3569 1877 3627 Sed
1901 3571 1967 3627 ad
2017 3571 2264 3627 Belinum

677 3658 986 3715 redeamus.

750 3748 874 3805 180.
915 3748 1205 3804 Ρηεωίιιίι
1256 3750 1371 3819 ipse
1416 3750 1589 3806 solitis
1617 3750 2025 3821 praefationibus
2076 3748 2259 3819 aliam,

675 3836 909 3894 fortasse
931 3854 1086 3895 suam
1112 3840 1517 3910 particularem,
1548 3857 1576 3896 a
1604 3841 1817 3897 Molano
1845 3842 2010 3898 etiam
2033 3844 2260 3908 editam,

679 3944 788 4000 qua
817 3930 1021 3984 fatetur
1056 3940 1115 3985 se
1141 3930 1286 3986 solos
1314 3932 1449 3987 duos
1479 3931 1889 4003 Martyrologos,
1920 3948 2114 4005 nempe
2139 3933 2262 3990 Hie-

677 4007 964 4090 ronymum
991 4020 1283 4089 etBedam,
1310 4022 1557 4078 Usuardo
1584 4024 1916 4094 antiquiores
1940 4041 2257 4097 agnoscere.

683 4132 702 4164 ι
741 4111 989 4178 Tertius,
1038 4112 1234 4183 inquit,
1276 4113 1378 4169 fuit
1429 4115 1701 4171 Usuardus
1759 4118 2078 4185 monachus,
2107 4119 2261 4190 cujus

676 4201 817 4270 Opus
839 4201 1258 4272 magishahetur
1279 4204 1332 4258 iu
1351 4221 1448 4259 usu
1472 4206 1611 4274 apud
1632 4206 1827 4261 multas
1849 4208 2261 4279 ecclesias,qu:e

677 4290 844 4346 etiam
866 4293 1166 4348 creduntur
1194 4292 1374 4364 aliqua
1404 4293 1521 4363 ejus
1540 4292 1692 4365 operi
1722 4296 1776 4349 in
1807 4295 1941 4352 locis
1965 4297 2134 4353 variis
2162 4300 2257 4355 ad-

676 4382 902 4448 didisse,
933 4385 1203 4455 praecipue
1250 4386 1316 4441 de
1343 4376 1561 4441 sanctis
1580 4393 1636 4441 et
1673 4384 1824 4441 festis
1864 4386 2260 4458 pertinentibus

677 4470 747 4526 ad
787 4473 1025 4528 easdem.
1077 4475 1147 4528 Et
1192 4473 1350 4543 hujus
1372 4484 1457 4532 est
1485 4475 1928 4547 Martyrologium
1972 4477 2253 4549 scriptum,

674 4562 818 4631 Quod
846 4579 944 4619 nos
981 4580 1079 4635 pro
1124 4566 1315 4636 majori
1358 4575 1513 4637 parte
1551 4567 1801 4622 duximus
1845 4567 2150 4638 eligendum
2202 4574 2258 4625 et

674 4667 787 4723 prae
808 4655 927 4711 aliis
952 4658 1260 4713 tenendum.
1293 4678 1311 4711 ι
1357 4659 1593 4715 Candide
1620 4669 1673 4715 et
1712 4659 1838 4715 Vere
1858 4660 1966 4726 ait,
2014 4678 2109 4731 pro
2140 4677 2258 4716 ma-

665 4744 780 4814 jori
800 4756 968 4816 parte,
1000 4762 1127 4802 nam
1156 4758 1212 4804 et
1233 4749 1346 4819 ipse
1368 4760 1582 4805 sanctos
1613 4757 1667 4804 et
1714 4749 1853 4805 festa
1903 4765 2003 4820 pro
2030 4752 2257 4807 arbitrio

672 4834 774 4892 suo
799 4837 1027 4905 addidit;
1056 4849 1115 4894 ut
1155 4844 1220 4895 ei
1269 4842 1539 4897 Auctariis
1571 4841 1888 4898 Usuardinis
1914 4858 2054 4913 saepe
2098 4852 2253 4913 pate-

672 4916 770 4981 bit.
817 4927 1177 4986 Nihilominus
1206 4948 1235 4986 a
1274 4933 1628 5000 ScardeOnio,
1659 4934 1726 4988 de
1752 4934 2074 5004 antiquitate
2104 4934 2255 4989 urbis

671 5012 944 5075 Patavinae
968 5020 1063 5076 lib.
1095 5038 1155 5087 ιι,
1194 5022 1368 5078 classe
1388 5024 1441 5089 7,
1466 5039 1587 5095 pag.
1613 5016 1739 5090 154,
1762 5024 2014 5080 laudatur
2033 5025 2252 5081 Belinus

668 5109 777 5165 nan
805 5111 978 5167 solum
999 5121 1060 5167 ut
1085 5114 1279 5178 editor,
1318 5116 1412 5170 scd
1432 5126 1492 5170 ut
1516 5118 1792 5175 correCtor
1819 5136 1837 5168 ι
1861 5117 2247 5189 Martyrologii,

667 5198 810 5269 quod
831 5202 959 5257 olim
982 5218 1104 5258 cum
1133 5220 1233 5274 pro
1262 5220 1359 5260 sua
1400 5208 1626 5263 raritate
1669 5208 1722 5263 in
1754 5208 1932 5264 choris
1956 5217 2162 5264 tantum
2194 5218 2253 5265 et

666 5288 722 5347 in
746 5295 1100 5351 conventibus
1143 5296 1355 5365 publice
1388 5297 1675 5367 legeretur,
1706 5316 1848 5356 nunc
1879 5300 2038 5371 hujus
2083 5311 2246 5372 opera

663 5377 888 5446 factum,
918 5392 981 5438 ut
1006 5384 1075 5440 ab
1117 5386 1368 5442 omnibus
1394 5387 1600 5459 legatur
1635 5409 1654 5442 ι
1685 5400 1791 5446 etc.
1819 5391 1971 5446 Adde
1997 5391 2083 5447 his
2110 5389 2244 5448 Cas-

664 5471 844 5526 tellani
873 5475 1061 5539 verba,
1088 5474 1338 5532 Bimestri
1368 5494 1408 5546 ι,
1441 5496 1562 5552 pag.
1597 5481 1723 5547 154,
1747 5482 1942 5551 quibus
1968 5483 2109 5538 hanc
2131 5482 2247 5539 lau-

661 5564 784 5618 dem
836 5564 1021 5622 Belino
1054 5568 1261 5636 tribuit,
1292 5573 1433 5641 quod
1483 5574 1935 5643 quemadmodum
1977 5575 2245 5632 Notkerus

662 5650 806 5736 inter
825 5655 1078 5726 antiquos
1111 5658 1369 5718 classicos
1394 5661 1783 5736 Martyrologos
1801 5674 2105 5735 postremus
2135 5676 2238 5727 est.

676 5734 731 5793 ta
756 5741 972 5800 Belinus
1001 5747 1143 5804 inter
1167 5753 1501 5809 recentiores
1525 5754 1593 5809 sit
1622 5734 1845 5823 primus.
1884 5756 2102 5813 Sciebat
2129 5759 2223 5812 uti.

2368 3290 2660 3347 inﬂexione
2698 3289 2917 3355 Greven)
2963 3307 2993 3347 a
3043 3293 3341 3363 majoribus
3375 3287 3543 3348 nostris
3567 3284 3756 3353 adscriptam

2368 3383 2683 3453 nuperrime
2716 3382 2853 3449 dixr,
2909 3392 2963 3437 et
2999 3393 3167 3453 porro
3213 3386 3496 3441 adscribere
3531 3376 3755 3451 pel'l‘eii,non

2367 3474 2474 3529 alio
2500 3476 2664 3544 quam
2714 3472 2938 3529 Creveni
2973 3472 3217 3544 nomine;
3244 3478 3422 3533 ambas
3462 3471 3668 3544 appellans.
3695 3464 3755 3517 Scit

2367 3565 2521 3619 citari
2547 3558 2838 3634 aliquando
2867 3565 2966 3620 sub
2990 3568 3315 3637 generaliori
3336 3559 3622 3636 appellatione
3636 3555 3755 3611 Cinis.

2367 3657 2483 3722 sire,
2517 3656 2600 3711 vel
2632 3655 3112 3712 Cartlritsianorum
3159 3658 3546 3721 Coloniensium;
3568 3648 3753 3709 sedlntslﬂ

2364 3747 2609 3817 pluribus
2666 3746 2922 3803 tribuitur
2978 3752 3122 3820 quod
3170 3751 3237 3806 ab
3287 3754 3389 3805 uno
3427 3749 3522 3805 solo
3553 3748 3754 3815 procurata

2364 3846 2466 3902 est,
2494 3843 2553 3892 ut
2581 3840 2649 3891 ex
2675 3836 2792 3909 ejus
2822 3836 3004 3895 verbis
3030 3841 3194 3910 paulo
3238 3840 3447 3897 inferius
3485 3825 3754 3894 constantia
3810 3888 3811 3899 χ

2363 3943 2559 4009 magna
2590 3928 2643 3982 in
2674 3943 2734 3984 re
2764 3929 2908 3985 inter
2928 3939 3220 4003 utrumque
3252 3932 3523 3994 diversitas,
3545 3917 3755 4013 pauloij

2363 4018 2417 4073 in
2448 4006 2618 4090 stylo;
2651 4021 2746 4076 sed
2787 4020 2976 4076 ultima
3025 4025 3324 4079 cerrectior
3354 4030 3444 4087 est,
3482 4027 3525 4075 et
3562 4028 3646 4072 eum

2362 4109 2435 4164 ita
2466 4108 2682 4175 collata,
2716 4120 2775 4167 ut
2798 4127 2865 4167 ex
2897 4129 3001 4169 una
3052 4116 3329 4186 utriusque
3351 4110 3574 4169 sententia
3592 4102 3755 4193 perspidf'

2363 4214 2468 4258 tur.
2504 4203 2746 4274 Utraque
2785 4206 2927 4275 apud
2976 4212 3073 4262 nos
3105 4216 3212 4273 est,
3244 4216 3503 4274 utramque
3534 4192 3755 4283 consului,
3810 4260 3811 4283 ᾗ

2360 4297 2577 4366 quando
2599 4299 3177 4354 commemorationum
3219 4300 3437 4354 varietas
3467 4294 3511 4350 id
3535 4286 3668 4347 mereri
3683 4279 3754 4335 Viti?“
3810 4316 3811 4321 π

2359 4388 2540 4451 batur.
2566 4387 2778 4458 Optime
2806 4386 3052 4468 profecto
3080 4391 3148 4445 de
3183 4388 3417 4445 Usuardo'
3444 4374 3755 4468 meritusm‘fﬁl

2362 4478 2707 4535 Hermannus
2751 4480 2867 4550 ipse
2909 4458 3212 4547 Grevenus,
3262 4484 3349 4534 aut
3402 4477 3659 4548 quiscunque
3688 4458 3754 4513 aliis

2361 4571 2626 4627 editiones
2674 4572 2793 4626 illas
2843 4573 3127 4627 adornavit
3169 4579 3220 4627 et
3267 4558 3754 4649 correxitidumgie‘jjw

2360 4661 2535 4732 ipsum
2561 4659 2946 4729 Usuardinum,
2969 4664 3218 4733 apposito
3252 4666 3413 4731 Signo;
3447 4656 3504 4711 ab
3536 4640 3755 4743 addiﬁouiifs

2358 4752 2638 4807 variarum
2666 4753 3020 4812 ecclesiarum
3049 4754 3275 4810 sollicite
3298 4746 3539 4810 discrevit,
3561 4750 3635 4795 nou
3657 4736 3754 4826 sic

2359 4858 2482 4898 men
2521 4850 2580 4898 ut
2616 4853 2794 4898 textus
2823 4843 2940 4913 ejus
2971 4860 3187 4915 semper
3223 4843 3430 4899 Omnino
3469 4825 3755 4915 er‘purgalnSS“;

2357 4934 2475 4990 Non
2530 4934 2678 4990 lubet
2728 4936 2817 4990 hic
2850 4907 2967 4991 dies
3019 4907 3207 4992 omnes
3250 4907 3756 5016 percurreretluibfIs

2356 5026 2663 5087 omnimoda
2692 5025 2928 5096 puritate
2959 5026 3191 5093 recedit;
3227 4997 3377 5081 faciet
3409 5021 3453 5077 id
3478 5019 3620 5073 lector.
3641 4997 3754 5061 535"”

2347 5117 2567 5186 junctos
2601 5118 2921 5175 Usuardinis
2945 5120 3181 5175 tex‘tibus
3203 5118 3405 5174 codices
3422 5111 3495 5167 vel
3513 5105 3638 5163 solum
3657 5100 3756 5195 nam:

2354 5226 2477 5266 rare
2520 5209 2772 5266 v‘oluerit.
2819 5210 3066 5267 Notanda
3127 5212 3213 5267 hic
3258 5215 3377 5265 sunt
3406 5216 3510 5276 qum
3535 5190 3755 5253 cnvenit!“

2351 5300 2576 5356 editioni
2603 5300 2821 5371 propria
2853 5301 3347 5357 animadvertimus;

2426 5393 2544 5448 185.
2582 5392 2728 5449 Satis
2772 5403 2982 5449 certum
3029 5404 3113 5450 est
3150 5394 3435 5450 Grcvenum
3475 5381 3558 5448 (Sic

2349 5488 2403 5543 in
2440 5497 2716 5558 posterum
2763 5489 3045 5545 nominare
3090 5488 3282 5559 liceat)
3331 5484 3534 5555 priorem
3576 5464 3752 5559 αΙὶιὶοηέίξ

2348 5554 2723 5635 Coloniensem
2755 5579 3012 5636 habuisse
3042 5594 3151 5652 prae
3179 5578 3373 5642 oculis;
3401 5581 3450 5628 at
3479 5566 3686 5652 attenuat
3699 5554 3755 5652 ἐξ

2299 5718 2319 5729 ,
2347 5667 2573 5721 nuinnm
2628 5669 2697 5722 ab
2731 5627 3131 5724 accessionibus
3173 5668 3477 5722 secerneret,
3520 5651 3672 5720 adjutus
3699 5627 3754 5686 ’δ’

2346 5759 2530 5814 codice
2570 5758 2751 5827 aliquo
2800 5759 3105 5817 Usuardino
3144 5772 3224 5840 er
3249 5751 3408 5813 Gallia
3457 5728 3753 5813 acceptae”
