3936 6348
37 414 168 469 549

1428 390 1967 451 PROLEGUMENA.

3224 381 3331 440 550

39 527 457 584 Carnotensem
484 518 684 581 fuisse,
713 513 947 586 probant
997 510 1363 565 additamenta
1394 506 1443 562 ei
1473 505 1648 561 eecle-
1677 509 1721 564 Α
1752 496 1885 552 sulis
1908 496 2263 557 Flandrorum
2291 501 2474 549 natum
2501 507 2642 559 esse,
2672 506 2813 547 anno
2844 490 3000 547 1555.
3033 510 3049 543 ι
3091 493 3209 560 Quo
3232 500 3341 564 pa-'

42 620 162 676 sise
190 616 430 690 propria,
464 629 495 667 a
523 626 610 666 me
637 610 765 665 hinc
796 605 922 661 inde
950 605 1184 668 detecta,
1209 610 1271 657 ut
1313 617 1404 656 xw
1427 599 1604 654 Martii
1636 616 1650 652 :

47 709 276 766 Eodem
314 707 400 761 die
449 700 701 765 Carnoti,
742 697 910 753 sancti
946 695 1167 749 Leonini
1199 694 1424 765 episcOpi
1455 702 1502 746 et
1532 707 1657 743 con-

51 798 312 868 fessoris.
348 794 479 848 Item
527 806 615 845 xvr
643 787 767 843 Maii
800 784 906 840 ειη
930 800 1066 854 pago
1107 783 1391 837 Carnotino
1416 823 1431 847 ,
1455 780 1655 852 ipassio

48 889 248 943 sancti
274 882 487 948 Emam’,
522 879 762 935 Mauritii
805 885 961 946 atque
986 872 1212 927 Almari.
1248 873 1409 927 Solus
1452 870 1659 925 mensis

52 981 314 1037 October
346 974 591 1046 exempla
625 980 862 1042 quatuor
885 967 1215 1036 suppeditat,
1263 974 1323 1019 ut
1362 979 1439 1018 vn
1486 962 1607 1018 Oet.
1640 977 1655 1015 :

54 1068 297 1125 Civitate
337 1064 577 1128 Carnoti,
623 1061 850 1126 inventio
894 1057 1128 1127 corporis
1180 1055 1349 1109 sancti
1389 1051 1656 1112 Caletrici,

56 1161 248 1231 ipsius
270 1155 493 1211 civitatis
523 1151 769 1222 episcopi.
804 1149 942 1203 Tum
966 1162 1057 1203 xv:
1093 1164 1105 1200 :
1144 1142 1412 1206 Carnutis,
1466 1142 1658 1194 natalis

59 1249 252 1306 sancti
288 1244 461 1299 Prisci
503 1243 777 1311 martyris,
807 1255 964 1308 super
983 1235 1032 1290 F
1035 1236 1233 1290 luvium
1257 1234 1490 1287 Andure.
1522 1231 1662 1285 Ilur-

65 1354 179 1394 sus
202 1352 313 1391 xvu
340 1354 354 1390 :
378 1332 614 1395 Carnoti,
640 1340 834 1385 sancta:
858 1328 1056 1384 Salinae
1085 1325 1320 1395 virginis.
1349 1322 1500 1394 Apud
1521 1337 1664 1376 eam-

42 1426 203 1484 ‘dem
234 1427 431 1489 urbem,
455 1422 714 1478 dedicatio
736 1420 967 1476 basilica:
990 1420 1046 1473 in
1073 1417 1326 1471 memoria
1351 1415 1662 1468 beatissima:

70 1517 277 1573 Mariae
303 1514 490 1568 matris
518 1512 617 1568 Dei
646 1520 695 1566 et
724 1510 938 1565 Domini
971 1509 1135 1563 nostri
1157 1508 1285 1562 Jesu
1312 1504 1524 1559 Christi.
1554 1503 1661 1558 De-

70 1610 252 1680 nique
274 1621 382 1661 xxv
411 1623 426 1659 :
456 1604 610 1672 Apud
653 1601 966 1666 Carnotum,
999 1601 1262 1656 dedicatio
1284 1598 1514 1653 ecclesiis
1540 1614 1665 1652 san-

74 1703 151 1757 cti
181 1699 406 1757 Joannis
458 1697 737 1767 Baptistae,
771 1704 819 1749 et
853 1695 1022 1749 sancti
1086 1690 1365 1757 Vincentii,
1396 1690 1587 1745 Levita:
1615 1698 1663 1743 et

71 1795 352 1865 martyris.
388 1793 521 1859 Qua:
564 1790 778 1859 aliaque
818 1788 873 1843 in
915 1788 1143 1841 decursu
1186 1783 1368 1853 operis
1414 1798 1663 1838 nonnun-

1759 598 1863 651 ter,
1913 589 2105 657 inquit,
2138 587 2378 642 discendi
2422 585 2695 640 idiomatis
2746 584 2937 640 Gallici
2982 582 3177 654 gratia,
3211 599 3335 639 cum

1758 696 1927 736 uxore
1972 687 2305 750 praegnante,
2343 684 2704 732 concesserat.
2753 696 2772 728 ι
2826 675 3020 730 Mirum
3074 658 3338 745 estquod

1758 772 1931 836 addit,
1968 790 1987 823 ι
2036 769 2246 824 nonnisi
2311 768 2539 822 materni
2589 783 2654 822 ac
2708 764 3019 831 vernaculi,
3086 763 3192 820 hoc
3257 750 3343 821 esi

1761 865 2069 919 Brabantici
2120 862 2407 926 sermonis,
2455 870 2680 932 gnarum
2730 844 2919 924 fuisse,
2971 851 3344 928 maluisseque

1761 956 2153 1010 Locaniensem
2203 954 2409 1017 audire,
2444 972 2462 1006 ι
2499 968 2528 1007 a
2557 952 2744 1006 matris
2779 951 2976 1020 patria,
3015 966 3138 1005 cum
3191 939 3350 1021 pater

1762 1054 1906 1100 esset
1949 1042 2453 1098 Schoonhovianus.
2488 1043 2598 1112 Ego
2627 1056 2657 1096 e
2683 1040 2876 1095 Molani
2928 1041 3160 1096 lcetione
3206 1038 3343 1094 mihi

1761 1137 1920 1206 plane
1966 1149 2367 1206 persuaseram,
2402 1131 2593 1187 Gallici
2642 1133 2911 1187 sermonis
2952 1131 3207 1202 peritum,
3235 1124 3349 1185 imo'

1764 1227 1818 1281 in
1849 1226 2113 1280 servanda
2137 1223 2343 1279 Gallica
2381 1222 2653 1278 scribendi
2686 1223 2895 1275 ratione
2925 1221 3088 1291 paulo
3114 1235 3344 1290 scrupu-

1763 1318 2038 1380 losiorcm,
2067 1325 2255 1384 utpote
2295 1313 2387 1383 qui
2428 1314 2629 1382 ubique
2672 1313 2741 1368 ab
2760 1312 3096 1368 ellermando
3135 1310 3203 1366 W
3237 1300 3350 1366 stti-

1765 1411 1915 1468 diose
1928 1408 2221 1472 abstineat,
2244 1407 2386 1475 quod
2408 1406 2583 1475 ipsum
2612 1404 2663 1458 in
2691 1403 2951 1459 auctariis
2972 1402 3087 1472 ejus
3107 1401 3348 1471 plerum—

1763 1516 1870 1572 que
1894 1499 2252 1555 servavimus.
2283 1496 2453 1551 Nimis
2484 1495 2733 1565 religiose
2754 1493 3007 1558 fortasse,
3038 1493 3134 1548 sed
3158 1492 3350 1547 eadem

1765 1590 2036 1647 scribendi
2077 1589 2308 1653 ratione,
2338 1600 2459 1657 qua:
2481 1586 2535 1641 in
2567 1585 2689 1640 aliis
2719 1583 3041 1640 Usuardinis
3070 1582 3351 1637 codicibus

1765 1681 1965 1753 passim
2001 1688 2215 1736 servata
2236 1686 2339 1743 est,
2370 1686 2430 1732 ut
2456 1677 2538 1732 vel
2564 1678 2691 1732 hinc
2716 1676 2982 1732 haberent
3011 1675 3212 1731 curiosi
3241 1688 3351 1746 quo

1766 1773 1835 1829 de
1863 1771 2194 1841 singulorum
2214 1769 2390 1841 pretio
2416 1768 2655 1823 facerent
2676 1765 3064 1837 conjecturam.
3346 1754 3347 1757 “

75 1900 248 1958 quam
297 1886 625 1949 οῧεθννθιθι
670 1880 840 1944 dare:
896 1878 950 1932 ηί
1000 1875 1180 1941 fano“
1223 1874 1512 1971 °_Sle'_'d""'
1559 1890 1666 1971 "9“
1699 1872 1744 1932 Β
1843 1902 1964 1959 186.
2009 1873 2147 1971 Quid
2185 1897 2231 1958 si
2272 1913 2452 1957 autem
2502 1901 2555 1955 in
2606 1900 2788 1971 lingua
2818 1899 3017 1955 Molani
3063 1899 3355 1956 vernacula

76 1980 325 2051 potuisse
376 1977 467 2032 illa
518 1974 767 2032 Usuardo
812 1971 994 2034 tribui,
1042 1970 1146 2024 nisi
1174 1968 1299 2038 quia
1351 1968 1404 2022 in
1444 1966 1665 2037 proprio

78 2069 400 2125 Carnotensi
433 2067 621 2121 codice
655 2072 895 2134 reperta,
926 2075 1086 2131 quem
1112 2060 1284 2114 solum
1313 2059 1581 2120 habuerit,
1610 2064 1667 2113 et

82 2170 341 2229 tanquam
362 2172 557 2228 purum
578 2153 883 2210 Usuardum
899 2150 1178 2207 Grevenus
1199 2149 1303 2205 sibi
1328 2148 1664 2218 sequendum

80 2248 402 2319 praeﬁxerit.

157 2338 284 2393 181.
334 2337 515 2393 Utitur
551 2335 658 2391 alio
702 2335 858 2405 signo
899 2331 1200 2395 Grevenus,
1237 2329 1318 2386 sic
1353 2328 1522 2385 ferme
1555 2328 1666 2385 for—

90 2444 263 2494 mato,
285 2446 340 2495 ι,
361 2430 423 2484 de
442 2445 548 2499 quo
567 2429 640 2483 ita
677 2427 919 2497 loquitur
944 2424 996 2478 in
1019 2422 1334 2493 przefatione
1357 2437 1455 2478 sua
1472 2421 1564 2477 fol.
1588 2423 1661 2478 5:

95 2539 115 2572 ι
144 2520 425 2573 interdum
448 2528 645 2583 autem,
668 2515 867 2587 inquit,
897 2528 1097 2585 parvus
1116 2529 1149 2567 ι.
1172 2513 1407 2583 ponitur,
1441 2513 1509 2568 ad
1533 2513 1666 2568 insi-

84 2611 375 2665 nuandum
420 2617 663 2665 sanctum
693 2607 862 2671 illum,
907 2606 995 2662 cui
1021 2606 1376 2675 praeponitur,
1406 2606 1665 2675 superad-

84 2702 265 2756 ditum
308 2715 427 2755 esse
475 2699 741 2764 Usuardo,
772 2696 1021 2767 quamvis
1055 2705 1195 2760 ante
1229 2695 1397 2767 (aliud
1426 2694 1664 2765 signum)

82 2800 342 2862 ponatur.
373 2790 527 2858 Quod
557 2800 736 2845 tamen
769 2789 823 2843 in
875 2788 1028 2844 festis
1083 2787 1485 2858 Oonceptionis,
1515 2787 1662 2842 Pne-

83 2883 447 2949 sentationis,
501 2891 557 2937 et
612 2881 945 2938 Visitationis
1002 2881 1177 2936 beatae
1216 2878 1445 2945 Mariae,
1491 2878 1666 2934 sancti

84 2974 333 3038 Thomte,
362 2972 603 3043 episcopi
631 2979 688 3027 et
712 2970 992 3042 martyris,
1020 2978 1075 3024 et
1102 2977 1305 3024 sancta:
1334 2967 1663 3033 Gatharinze,

82 3066 316 3135 virginis
357 3075 413 3119 et
456 3064 717 3135 martyris
761 3062 983 3117 minime
1024 3061 1371 3116 observatum
1407 3071 1511 3115 est.
1547 3078 1567 3112 ι
1598 3060 1671 3114 At

82 3169 415 3224 quocunque
442 3155 596 3226 signo
622 3153 813 3209 aﬁ‘ecta
862 3152 945 3208 vel
990 3166 1097 3206 non
1138 3149 1330 3205 affecta
1377 3150 1580 3205 merint
1603 3164 1668 3204 ea

1767 1995 2036 2050 tantillum
2088 1994 2356 2049 aberrarit
2403 1992 2667 2059 Valerius,
2718 1993 2810 2061 qui
2854 2006 2955 2046 nec
2984 1991 3358 2064 Martyrologii‘

1754 2084 1883 2155 ejus
1923 2083 2190 2138 editiones
2227 2083 2358 2137 satis
2392 2092 2644 2158 accurate
2688 2080 2978 2136 consuluit.
3004 2082 3214 2135 Etenim
3244 2081 3358 2136 Mo-

1765 2175 1874 2230 lani
1932 2175 2136 2244 scripta
2188 2189 2533 2238 enumerans,
2592 2173 2673 2228 sic
2718 2161 2889 2227 habet
2947 2173 3123 2241 primo
3187 2172 3353 2228 loco:

1769 2264 2002 2320 Usuardi
2029 2264 2489 2335 Martyrologium,
2533 2264 2960 2318 adnotationibus
3000 2274 3214 2318 auctum
3255 2263 3359 2318 Lo-

1764 2359 1917 2425 vani,
1958 2372 2205 2411 IDLXXIII
2254 2366 2304 2411 et
2358 2371 2638 2411 nanxvn.
2673 2355 2830 2425 Typis
2868 2354 3088 2409 Hieron.
3126 2355 3353 2412 Wellazi.

1766 2448 2087 2503 Dormitavit
2105 2447 2194 2502 nie
2219 2447 2495 2512 Valerius;
2524 2460 2651 2501 nam
2673 2446 2847 2516 prima
2870 2446 3037 2500 editio
3063 2444 3360 2501 Wellaeana'

1765 2552 1968 2592 annum
1991 2536 2211 2607 praefert
2244 2535 2405 2602 1568,
2437 2535 2606 2590 altera
2635 2535 2795 2599 1575,
2830 2535 2991 2587 tertia
3017 2545 3099 2589 est
3119 2534 3358 2590 Antuer—

1764 2629 1969 2700 piensis
2011 2630 2154 2700 apud
2196 2628 2416 2683 Nutium
2452 2628 2581 2683 anni
2614 2627 2773 2692 1582,
2800 2643 2920 2698 quze
2941 2629 3104 2682 etiam
3136 2628 3361 2685 Parisiis

1765 2734 1963 2789 magno
2012 2719 2273 2775 volumini
2320 2717 2573 2772 Historia:
2624 2725 2866 2772 veterum
2898 2717 3120 2771 Patrum
3164 2732 3263 2789 per
3305 2718 3359 2773 la

1765 2810 1933 2867 Barre
1975 2811 2177 2867 inserta
2218 2819 2322 2876 est,
2353 2810 2541 2865 eodem
2572 2809 2687 2880 ipso
2727 2796 2870 2864 anno
2896 2809 3068 2873 L385;
3100 2824 3201 2864 nec
3225 2807 3364 2864 alias

1768 2902 1882 2957 scio
1911 2903 2176 2957 hactenus
2207 2900 2493 2971 prodiisse.
2540 2898 2658 2953 lluc
2687 2907 2896 2968 spectat
2941 2899 3256 2954 allucinatio
3281 2899 3362 2953 al-

1769 2998 1909 3059 tera,
1934 2992 2039 3047 nisi
2067 2990 2248 3056 fallor,
2276 2989 2340 3043 γε
2365 2989 2428 3044 C.
2456 2989 2529 3044 du
2553 2990 2674 3054 Pin,
2706 2990 2797 3058 qui
2825 2989 2879 3044 in
2908 3003 3007 3043 sua
3031 2990 3359 3060 scriptorum

1767 3083 2102 3139 Bibliotheca
2131 3082 2389 3137 editionis
2412 3079 2954 3145 Amstelodamens'ts,
2988 3094 3101 3135 see.
3134 3097 3212 3147 ιχ,
3234 3098 3358 3153 pag.

1774 3174 1909 3241 200,-
1930 3173 2032 3228 col.
2080 3173 2138 3236 2,
2191 3171 2623 3242 impressionem,
2671 3169 2858 3225 nescio
2904 3185 3086 3240 quam,
3114 3169 3362 3226 Antuer-

82 3263 215 3318 ηοω
240 3247 407 3302 textui
434 3246 739 3303 Usuardino
761 3244 1108 3334 adﬁcimur,-
1130 3256 1193 3298 θα
1217 3242 1375 3334 ποι)ίὲ
1399 3240 1673 3334 efﬁciens
1700 3219 1744 3281 C
1776 3219 2318 3334 {iniusti—iii};
2336 3219 2653 3314 usus
2671 3219 3368 3331 ᾗὲἷᾶὲὲηιζέίῖἷὲέῐ,”ι,ξ›ἷα.

90 3347 241 3392 ratio
263 3346 365 3392 est.
394 3334 850 3407 quemadmodum
886 3332 1013 3390 alibi
1054 3348 1162 3389 non
1203 3331 1373 3387 semel
1412 3331 1667 3396 diximus,

85 3440 153 3486 ut
178 3429 463 3485 Greveuus
491 3445 522 3485 e
543 3443 803 3500 purorum
848 3426 1093 3482 codicum
1138 3438 1369 3479 numero
1412 3421 1672 3476 excluda-

88 3531 205 3575 tur.
241 3520 333 3576 Sic
378 3520 549 3575 habes
590 3519 773 3576 citatis
802 3516 916 3586 jam
971 3514 1181 3581 diebus,
1227 3514 1359 3570 item
1391 3529 1413 3569 ι
1447 3512 1672 3585 Aprilis,

89 3615 129 3665 ὑ
152 3620 213 3668 et
242 3616 311 3666 xx’
335 3610 588 3682 Augusti,
615 3626 713 3665 xm
745 3609 1080 3681 Septembris
1099 3617 1155 3664 et
1191 3607 1338 3662 alibi.
1365 3607 1422 3661 ln
1447 3606 1555 3662 line
1595 3614 1677 3660 to-

88 3705 207 3760 tius
243 3705 424 3774 operis
444 3705 711 3759 rationem
733 3703 906 3758 reddit
929 3717 1030 3757 cur
1054 3707 1273 3756 sanctos
1301 3699 1512 3769 aliquos
1537 3696 1679 3752 Mar-

93 3795 371 3868 tyrologio
396 3810 503 3849 non
548 3795 821 3865 putaverit
864 3792 1219 3857 inserendos;
1245 3791 1336 3846 ubi
1388 3790 1530 3844 inter
1571 3789 1677 3843 alia

88 3887 175 3942 sic
204 3886 467 3955 loquitur,
512 3893 574 3940 ut
619 3899 748 3939 vere
786 3883 966 3954 colligi
1007 3881 1180 3952 possit
1218 3894 1326 3937 non
1353 3879 1556 3950 plures,
1583 3879 1680 3934 sed

89 3978 325 4034 unicum
370 3976 538 4031 totius
573 3974 907 4031 collectionis
948 3979 1227 4027 auctorem
1256 3981 1395 4027 esse.
1431 3969 1513 4024 En
1562 3968 1683 4038 ejus

89 4069 265 4124 verba
298 4085 317 4121 :
347 4065 499 4121 Finis
518 4063 880 4135 Martyrologii
905 4060 1135 4117 Usuardi
1159 4060 1421 4126 monachi,
1446 4076 1565 4114 cum
1586 4058 1691 4113 (ιιι-ι’

87 4160 388 4216 ditionibus
415 4174 482 4214 ea:
508 4158 729 4213 diversis
752 4152 1153 4225 Martyrologiis
1170 4150 1336 4207 multo
1357 4151 1549 4205 sudore
1573 4148 1684 4204 col-

88 4253 269 4315 lectis,
322 4250 707 4322 separatimque
748 4248 868 4317 jam
906 4244 1159 4308 secundo,
1204 4258 1344 4296 anno
1385 4242 1449 4297 D.
1490 4256 1680 4305 Ipxxr,

88 4344 242 4415 apud
285 4341 557 4397 Coloniam
580 4340 924 4410 Agrippinam
955 4335 1193 4406 adjectis.
1230 4333 1299 4388 In
1323 4332 1509 4405 quibus
1532 4332 1685 4386 addi-

88 4433 354 4500 tionibus,
398 4447 489 4496 om
529 4445 673 4487 I‘PSAS
708 4443 1002 4492 omnem,
1050 4426 1212 4496 juxta
1251 4426 1565 4479 sententiam
1613 4422 1679 4477 ι).

90 4528 417 4598 Hieronymi
442 4527 518 4582 vel
544 4525 726 4589 Bedw,
752 4522 1061 4591 simpliciter
1084 4518 1242 4589 ﬁdem
1272 4519 1380 4573 sive
1422 4518 1681 4584 historice,-

90 4634 268 4685 qrtam
288 4617 509 4690 legebat,
545 4620 649 4672 sive
674 4616 1001 4671 diversorum
1037 4613 1092 4665 in
1114 4611 1214 4664 hac
1252 4626 1307 4663 re
1354 4608 1682 4663 studiosissi~

88 4726 314 4767 morunt
346 4710 558 4779 scriptis
580 4704 1024 4767 accommodavit;
1056 4701 1340 4771 deprecans
1373 4698 1684 4751 cltari'tatem

91 4802 343 4872 Spiritus
371 4800 561 4864 sancti,
585 4808 643 4852 ut
679 4797 831 4851 labor
856 4811 984 4850 suus
1014 4793 1245 4863 fructum
1279 4791 1337 4845 in
1380 4789 1683 4844 devotorum

92 4891 368 4964 profectu,
397 4891 465 4944 ad
492 4890 586 4944 Dei
609 4898 657 4942 et
684 4895 985 4942 sanctorum
1030 4885 1145 4954 ejus
1175 4882 1421 4953 gloriam,
1454 4882 1684 4936 invenire

88 4982 299 5040 valeat.
322 4981 451 5049 Quae
488 4982 578 5036 hic
612 4980 735 5034 addi
768 4983 988 5047 possent
1029 4989 1097 5031 ex
1139 4973 1386 5044 proxime
1413 4971 1685 5042 sequenti-

91 5075 208 5131 bus
231 5072 394 5130 facile
421 5072 809 5143 intelligantur.

175 5167 306 5222 185.
356 5165 587 5222 Usuardi
631 5162 966 5218 editionibus‘
1005 5160 1269 5215 hactenus
1330 5156 1686 5221 enumeratis,

90 5259 307 5324 nitore,
328 5256 597 5327 elegantia
625 5265 680 5308 et
707 5253 945 5325 puritate
969 5249 1205 5321 palmam
1237 5248 1465 5303 omnino
1503 5245 1682 5315 eripit,

92 5358 382 5425 postrema
409 5350 634 5413 ordine,
663 5361 825 5416 quam
873 5343 1135 5414 peculiari
1182 5340 1362 5397 studio
1405 5340 1692 5395 adornavit

87 5443 346 5500 Joannes
398 5439 666 5505 Molanus,
712 5434 1066 5491 Lovaniensis
1107 5431 1406 5501 theologus,
1436 5444 1566 5484 vero
1600 5444 1692 5483 cu-

25 5528 33 5555 ⁸
88 5536 368 5608 gnomine
415 5534 630 5606 Belgico
684 5527 1025 5591 Vermeu.’en,-
1058 5525 1204 5595 quod
1271 5524 1491 5582 Gallice,
1529 5520 1690 5574 vertit

90 5624 449 5681 Castellanus
476 5624 531 5678 in
558 5620 878 5692 prmfatione
899 5620 966 5672 ad
999 5613 1446 5686 Martyrologium
1469 5612 1691 5666 univer-

90 5717 245 5781 sale,
271 5716 337 5769 de
356 5715 409 5769 la
434 5713 626 5769 Meule.
647 5700 830 5766 Malim
865 5722 966 5780 ego
996 5716 1209 5763 vertere
1237 5706 1302 5759 de
1330 5703 1554 5758 Moulin.
1589 5701 1689 5756 Te-

92 5816 289 5864 statur
318 5806 563 5861 Valerius
590 5802 838 5858 Andreas
878 5800 932 5854 in
975 5796 1312 5855 Bibliotheca
1341 5795 1576 5866 Belgica,
1610 5793 1692 5846 In-

1776 3356 1951 3412 niensi
1976 3355 2102 3408 anni
2136 3353 2294 3408 1568.
2326 3351 2525 3407 Verum
2550 3353 2793 3421 .conjicio
2838 3352 2978 3407 male
3019 3352 3215 3423 legisse
3242 3368 3368 3407 eru-

1777 3448 2106 3504 ditissimum
2144 3445 2346 3509 virum,
2374 3451 2466 3496 aut
2495 3440 2636 3497 forte
2680 3442 2849 3496 cilras
2878 3442 3235 3510 transpositas
3283 3458 3369 3497 re.

1776 3539 2006 3611 perisse,
2038 3536 2175 3591 sicut
2207 3548 2306 3604 pro
2337 3532 2539 3587 ultimae
2581 3532 2834 3586 editionis
2877 3546 3018 3586 anno
3049 3532 3186 3587 1585
3213 3532 3369 3588 vide-

1780 3630 1853 3685 rit
1877 3626 2048 3690 1538;
2086 3625 2180 3695 qui
2206 3632 2357 3679 certe
2383 3622 2555 3677 facilis
2594 3623 2774 3690 lapsus
2793 3629 2911 3684 cst;
2935 3628 2991 3673 at
3016 3620 3226 3690 turpius
3249 3630 3370 3676 erat

1781 3722 1923 3777 idem
1973 3716 2399 3788 bibliographus,
2453 3713 2580 3769 dum
2634 3712 2689 3766 in
2749 3711 2915 3765 citata
2957 3710 3070 3781 ipsa
3115 3711 3371 3768 columna

1780 3812 2099 3868 Bollandum
2131 3811 2184 3865 in
2223 3806 2495 3863 Mosandri
2540 3805 2717 3860 locum
2763 3803 3066 3871 substituit,
3118 3802 3368 3859 Suriani«

1783 3920 1889 3978 que
1914 3901 2276 3975 supplementi
2313 3909 2586 3955 auctorem
2616 3896 2764 3951 facit.

1856 4041 1980 4098 187.
2023 4036 2296 4107 Quidquid
2337 4034 2556 4090 interim
2605 4032 2676 4088 sit
2721 4030 2789 4086 de
2837 4027 3037 4085 Molani
3080 4026 3377 4096 natalibus,

1785 4141 1881 4189 aut
1901 4127 2196 4186 vernaculo
2241 4138 2510 4189 sermone,
2525 4130 2775 4186 constat,
2800 4120 3104 4175 eruditione
3152 4128 3207 4173 et
3246 4121 3376 4174 scri-

1785 4223 1913 4295 ptis,
1941 4236 2060 4292 quae
2088 4220 2162 4274 ibi
2199 4216 2445 4273 Valerius
2473 4214 2726 4284 explicat,
2760 4211 3029 4266 celebrem
3058 4209 3246 4275 fuisse,
3277 4212 3375 4264 sel

1785 4318 1963 4389 prima
2001 4311 2291 4369 Usuardini
2342 4307 2709 4377 Hartyrologii
2746 4305 2984 4359 editione
3013 4304 3376 4359 celebratissi-

1788 4422 1958 4464 mum.
1987 4405 2116 4461 Hmc
2139 4419 2245 4459 una
2273 4411 2376 4467 est,
2409 4416 2572 4472 quam
2616 4414 2777 4469 supra
2811 4396 3076 4463 dicebam,
3105 4396 3379 4466 antiquio—'

1792 4499 1941 4553 ribus
1968 4494 2218 4550 omnibus
2264 4491 2496 4563 palmam
2544 4487 2910 4560 prmripuissc,
2938 4502 3003 4541 co
3029 4486 3379 4555 potissimum

1718 4570 1764 4628 Ῐ)
1791 4591 1934 4662 quod
1962 4586 2192 4642 Usuardi
2224 4593 2451 4655 textum,
2475 4590 2677 4653 quanta
2710 4579 2823 4634 ﬁeri
2852 4579 3028 4650 potuit
3071 4578 3377 4649 diligentia;

1790 4679 1985 4735 nativae
2022 4676 2244 4748 puritati
2293 4683 2349 4730 et
2378 4671 2712 4743 simplicitati
2754 4670 3072 4725 restituerit.
3102 4668 3251 4725 Hanc
3280 4686 3375 4725 ex-

1792 4767 2007 4833 tollunt,
2033 4767 2172 4820 hanc
2211 4764 2507 4827 celebrant,
2544 4762 2687 4816 hanc
2715 4760 2908 4814 merito
2934 4760 3237 4830 suspiciunt
3267 4760 3377 4815 lla-

1789 4858 2011 4931 giophili
2048 4871 2257 4922 omnes,
2325 4862 2581 4923 tantoque
2634 4852 2689 4906 in
2745 4851 2920 4921 pre;io
2965 4850 3067 4904 fuit
3112 4851 3374 4907 cardinal'i

1788 4957 2045 5022 Baronio,
2074 4963 2135 5011 ut
2167 4954 2271 5009 hoc
2321 4949 2697 5008 aestimationis
2738 4962 2849 5004 suae
2895 4961 3133 5018 perenne
3185 4962 3375 5003 monu-

1793 5056 2056 5114 mentum,
2085 5045 2299 5117 prtel‘at.
2340 5044 2408 5099 ad
2436 5041 2878 5113 Martyrologium
2906 5039 3207 5103 Romanum
3249 5054 3378 5108 cap;

1792 5144 1824 5199 9
1847 5139 2064 5198 exstare
2101 5138 2333 5195 voluerit
2376 5150 2390 5190 :
2426 5155 2443 5188 ι
2484 5134 2644 5189 Tanti
2678 5133 2803 5198 viri,
2833 5133 2898 5187 de
2930 5131 3170 5187 Ecclesia
3204 5130 3295 5185 Dei
3321 5127 3378 5185 et

1791 5236 2021 5292 veritate
2040 5232 2307 5289 catholica
2329 5230 2529 5301 optime
2555 5228 2755 5293 meriti,
2780 5241 2880 5281 nec
2905 5227 3123 5281 brevem
3147 5222 3382 5278 schedu-‘

1794 5329 1900 5383 lam
1948 5326 2194 5395 deperire
2235 5321 2612 5394 :equanimitcr
2640 5320 2815 5390 patior
2847 5337 2859 5371 :
2891 5318 2976 5373 cui
3005 5316 3202 5388 (dicam
3229 5314 3379 5388 inge.

1798 5418 1924 5491 nne)
1947 5419 2096 5473 istam
2120 5416 2324 5483 omnia,
2354 5416 2454 5470 hac
2483 5419 2557 5468 ex
2573 5423 2727 5484 parte
2758 5420 2979 5482 accepta
3004 5408 3295 5477 fero,-quod
3321 5409 3382 5462 in?

1797 5512 2176 5567 densissimam
2231 5509 2421 5564 silvam
2474 5508 2685 5579 primus
2736 5505 2848 5572 ipse
2901 5504 3197 5574 ingressus,
3244 5502 3383 5556 mihi

1796 5603 2025 5673 aliisque
2054 5602 2257 5656 aditum
2308 5596 2582 5670 patefecit,
2631 5610 2738 5666 quo
2782 5594 2945 5649 etiam
2985 5592 3221 5656 nomine,
3252 5604 3383 5646 cunr

1799 5711 1922 5767 ego,
1949 5705 2060 5750 tum
2087 5695 2281 5750 eruditi
2310 5707 2500 5747 omnes
2533 5689 2825 5761 plurimum
2856 5685 2917 5741 ei‘
2936 5684 3154 5749 debere,
3190 5682 3379 5737 lnben-
3410 5740 3425 5753 ,

1800 5802 1881 5845 ter
1914 5785 2254 5859 agnoscimus
2284 5794 2331 5838 el
2379 5782 2719 5838 conﬁtemur.
2760 5801 2775 5832 ι
2814 5778 3019 5833 Laudat
3067 5776 3175 5831 illic
3217 5777 3390 5830 etiam'
