3936 6348
578 327 679 383 551

1484 296 1870 374 USUARDUS’
1896 315 2275 373 MONACHUS
2316 312 2958 371 SANGERMANENSIS.

3792 320 3882 375 552

579 441 843 501 Baronius
872 439 1164 497 editionem
1185 436 1561 508 posteriorem,
1590 452 1684 491 seu
1709 434 1879 490 mavis
1898 435 2161 507 posterio-
2190 438 2238 495 Α
2266 432 2489 487 suosnlii
2516 431 2818 496 habuimus,
2844 431 2987 501 quod
3005 430 3186 500 plures
3209 431 3385 487 omnis
3396 431 3644 503 generis
3669 434 3883 492 codices

582 542 700 601 res;
729 548 854 588 nam
892 526 983 601 qui
1028 544 1215 585 earum
1252 536 1411 583 unam
1434 528 1581 581 novit
1606 536 1797 582 Omnes
1824 526 2000 590 novit;
2030 526 2166 580 mihi

2271 526 2337 581 ad
2368 539 2585 580 manum
2617 525 2836 588 inierint,
2886 524 3031 594 quod
3082 525 3200 594 ejus
3246 526 3607 597 aliorumque
3666 527 3879 585 solertia

580 640 712 682 vero
750 623 1109 692 omnibusque
1146 624 1293 690 pura:
1322 622 1378 674 et
1401 620 1596 673 nativa:
1624 608 1941 672 Usuardinte
1962 617 2168 688 simpli-
2270 616 2458 685 adjuti,
2482 616 2701 686 apertis,
2734 615 3019 679 consultis,
3066 615 3383 686 collatisque
3419 616 3693 674 Usuardi
3725 618 3876 675 fonn-

582 712 764 770 citatis
787 709 1182 772 adoratoribus,
1220 708 1375 761 unice
1398 707 1563 761 chara
1605 720 1923 775 summoque
1956 705 2009 759 in
2038 714 2163 775 pre”-

583 794 660 859 tio
696 811 780 858 est
801 801 976 871 prima
1007 798 1118 864 illa,
1152 798 1203 851 in
1230 812 1335 866 qua
1363 797 1477 852 sola
1520 794 1801 851 Usuardns
1826 794 2159 865 agndscitur,

581 894 751 949 altera
777 890 863 946 vel
898 888 1105 953 alteris,
1135 888 1321 942 nescio
1350 902 1581 957 quorum
1631 887 1792 940 duetu
1821 895 1876 940 et
1912 884 2162 950 consilio,

582 980 994 1045 mutatiOnibus,
1027 976 1563 1047 tranSpositionibus,
1599 984 1761 1046 atque
1789 973 2165 1044 interpolatio-

580 1075 739 1127 nibiis
778 1072 851 1126 ita
882 1069 1226 1135 deformatis,
1266 1077 1324 1123 ut
1364 1064 1643 1123 Usuardns
1669 1080 1836 1136 prope
1880 1081 1948 1120 ex
1993 1065 2163 1120 oculis

578 1153 780 1234 fugisse
809 1160 1082 1215 videatur.
1105 1157 1283 1215 Priori
1309 1158 1492 1230 itaque
1517 1157 1583 1211 ad
1606 1156 1901 1212 eruendum
1930 1153 2161 1209 Usuardi

578 1262 787 1307 textum
834 1250 915 1305 usi
962 1265 1168 1314 sumus,
1223 1249 1342 1303 alim
1392 1248 1650 1319 augendis
1691 1246 1861 1302 ferme
1885 1246 2160 1301 Auctariis

575 1338 893 1413 plerumque
944 1338 1311 1395 subserviunt.
1346 1339 1645 1393 Audiamus
1685 1337 1845 1393 modo
1888 1336 2159 1391 Moiauum

577 1428 750 1501 ipsum
794 1432 861 1486 de
890 1430 1064 1501 prima
1097 1430 1186 1485 illa
1220 1437 1316 1485 sua
1343 1430 1580 1484 editione
1609 1426 1945 1499 praefationis
1972 1442 2091 1498 cap.
2124 1428 2158 1481 4

576 1514 954 1578 disserentem.
2018 1520 2021 1525 ’

648 1614 771 1670 188.
801 1614 954 1668 Mitto
990 1608 1077 1668 illa
1105 1613 1156 1667 in
1189 1613 1387 1684 Quibus
1421 1627 1542 1667 cum
1575 1610 1857 1682 Sig‘eberto
1894 1619 1987 1665 aut
2030 1625 2155 1665 cum

574 1704 696 1761 aliis
718 1720 749 1758 ει
779 1719 907 1759 vero
932 1703 1234 1769 aberravit;
1267 1704 1347 1758 sic
1365 1701 1435 1757 ibi
1459 1701 1833 1771 prosequitur:
1855 1719 1874 1752 ι
1897 1699 1954 1754 1η
1978 1701 2154 1768 primo

2267 709 2388 773 hiis,
2418 707 2630 763 facilius
2661 706 2816 778 longe
2843 704 2997 761 nobis
3021 702 3184 761 fuerit
3206 706 3339 762 falsa
3361 723 3390 761 a
3421 708 3610 773 veris,
3649 711 3873 781 genium

2266 800 2545 870 aspuriis,
2596 801 2827 854 scoriam
2879 799 2945 853 ab
2978 805 3203 870 argento
3255 813 3585 855 secernere.
3626 800 3695 855 Si
3758 804 3871 872 quid

2266 901 2493 945 conatus
2546 896 2765 945 nostros
2811 888 3220 961 subterfugerit,
3271 898 3325 944 et
3371 893 3777 960 cognoscendi
3824 906 3867 948 et

2264 982 2572 1054 ignoscendi
2600 982 2767 1037 errati
2799 980 2974 1036 locum
2999 980 3156 1035 nobis
3191 981 3373 1035 datum
3403 981 3499 1045 iri,
3544 981 3730 1051 plane
3752 998 3865 1037 coo-

2266 1072 2497 1127 lidimus.
2530 1071 2861 1143 Argumenta
2887 1071 3027 1125 ultro
3051 1071 3291 1140 citroque
3306 1071 3373 1125 ad
3403 1071 3739 1126 eruendam
3761 1088 3862 1143 pro-

2262 1165 2605 1232 bandamqne
2649 1162 2881 1218 Usuardi
2924 1161 3217 1232 puritatem
3246 1162 3544 1228 ventilata,
3597 1163 3698 1218 hic
3731 1180 3860 1233 rape

2263 1263 2378 1308 tere
2418 1251 2973 1323 superﬂunmjudico,
3019 1267 3142 1307 cum
3192 1253 3306 1307 haec
3350 1254 3428 1307 sit
3480 1254 3679 1307 totius
3710 1258 3855 1309 nostri

2259 1346 2439 1415 operis
2464 1358 2561 1415 per
2598 1343 2835 1414 singulos
2860 1344 2976 1399 dies
3001 1345 3231 1399 deducta
3261 1345 3559 1399 materies.

2332 1436 2454 1491 190.
2474 1435 2662 1504 Pergit
2696 1434 2937 1489 Molanus
2968 1453 2982 1488 :
3013 1433 3225 1488 Contuli
3247 1443 3426 1488 autem
3456 1433 3719 1489 [ἴδιαήὲ
3740 1436 3853 1490 ,Ιπ-

2259 1522 2573 1594 tgrologium
2614 1522 2855 1578 Colonia
2916 1525 2971 1577 in
3010 1525 3043 1579 8
3095 1524 3313 1592 (minori
3348 1524 3569 1594 forma)
3626 1542 3848 1580 nam

2258 1627 2422 1669 anxr
2456 1614 2782 1686 (Grevenum
2833 1614 3053 1679 indicat,
3099 1616 3165 1669 de
3201 1631 3306 1684 quo
3351 1617 3629 1685 proxime
3666 1619 3847 1687 θείως

2257 1721 2373 1757 cum
2398 1704 2653 1758 Romana!
2673 1702 2900 1758 ecclesia:
2922 1703 3320 1775 Martyrologio,
3346 1722 3413 1759 ea
3436 1709 3591 1761 enim
3623 1706 3844 1761 Usum

574 1805 755 1852 autem
781 1802 1022 1867 prologo,
1066 1795 1208 1850 inter
1233 1809 1327 1849 eos
1377 1793 1469 1862 qui
1508 1790 1753 1846 Usuardo
1796 1790 2157 1846 communiter
2185 1807 2231 1866 Β
2263 1803 2419 1847 aucto
2449 1794 2636 1847 utitur.
2669 1793 2744 1847 Ea
2766 1800 2849 1847 est
2878 1792 3047 1847 Belini
3068 1793 3252 1860 editio,
3284 1810 3454 1864 quam
3484 1811 3600 1865 pro
3628 1795 3843 1851 Romam

570 1888 829 1958 praemitti
859 1887 1052 1952 solent,
1094 1894 1336 1950 notatur,
1368 1882 1597 1939 Usuardi
1625 1896 1760 1951 opus
1796 1870 1967 1952 magis
1990 1896 2154 1951 quam

573 1978 890 2050 Hieronymi
915 1987 1010 2032 aut
1048 1977 1205 2031 Beda:
1246 1976 1300 2029 in
1329 1991 1428 2029 usu
1456 1973 1645 2029 haberi
1675 1972 1817 2042 apud
1840 1972 2040 2026 multas
2065 1986 2156 2027 ec-

574 2069 799 2134 clesias;
851 2083 972 2137 qua:
997 2069 1161 2123 etiam
1207 2066 1325 2135 ejus
1365 2064 1518 2135 operi
1557 2063 1852 2118 creduntur
1887 2062 2068 2132 aliqua
2097 2062 2152 2115 in

574 2159 711 2216 locis
735 2160 901 2215 variis
922 2159 1215 2221 addidisse,
1243 2138 1512 2227 pra’ecipue
1537 2156 1606 2210 de
1651 2154 1854 2210 sanctis
1897 2163 1955 2208 et
2001 2152 2155 2209 festis

574 2250 977 2321 pertinentibus
1021 2248 1334 2319 specialiter
1376 2248 1444 2301 ad
1485 2245 1727 2302 easdem.
1757 2243 1986 2313 Propter
2024 2244 2155 2298 istas

578 2356 758 2401 autem
787 2342 1091 2397 additiones
1123 2341 1192 2395 ad
1240 2338 1571 2404 Usuardum,
1603 2351 1710 2391 non
1755 2334 1914 2390 facile
1957 2344 2042 2390 est
2075 2334 2155 2404 ip-

574 2451 695 2491 sum
730 2432 1034 2491 Usuardnm
1064 2432 1237 2488 solum
1280 2440 1336 2487 et
1368 2431 1574 2500 absque
1601 2427 1966 2484 additionibus
1986 2426 2035 2482 ei
2065 2425 2152 2480 in-

570 2525 826 2580 distincte
846 2522 1123 2592 permistis
1153 2520 1304 2592 prelo
1337 2521 1497 2586 dare;
1539 2518 1682 2588 quod
1722 2525 1905 2573 tamen
1935 2532 2036 2572 nos
2078 2516 2155 2571 le-

570 2617 940 2685 eisse_spero,
985 2613 1234 2683 quamvis
1274 2611 1636 2675 subdubitem,
1671 2623 1799 2662 num
1834 2621 2010 2677 pauca
2058 2621 2156 2661 no-

571 2714 955 2762 strosconatus
981 2703 1425 2775 subter-fugerint.
1452 2701 1752 2771 luterposui
1777 2700 1994 2769 quidem
2021 2713 2157 2754 non-

570 2797 714 2851 nulla
761 2797 814 2851 in
863 2796 983 2865 ipso
1039 2794 1286 2851 Usuardo
1337 2808 1405 2847 ex
1454 2793 1619 2858 Beda,
1662 2792 1872 2856 Adone,
1919 2790 2154 2845 diversis

568 2885 924 2943 ecclesiarum
954 2884 1351 2957 Martyrologiis
1398 2891 1453 2937 et
1498 2882 1734 2947 aliunde,
1763 2880 1858 2935 sed
1885 2879 1990 2934 alio
2019 2881 2151 2934 cha-

573 2986 791 3033 ractere
818 2985 874 3032 et
899 2976 1179 3046 praemissa
1209 2976 1408 3039 littera,
1432 2989 1528 3042 per
1553 2988 1671 3042 quae
1702 2961 1872 3035 lector
1899 2970 2153 3025 facillime

573 3068 821 3123 advertat
869 3082 936 3122 ea
1002 3065 1236 3145 Usuardi
1305 3079 1413 3120 non
1474 3078 1613 3121 esse.
1689 3062 1903 3119 Contuli
1970 3070 2151 3118 autem

2216 1882 2219 1885 ’
2257 1882 2641 1954 Martyrologio
2685 1883 2897 1952 accepit
2935 1882 3201 1947 Molanus,
3228 1900 3297 1939 ex
3330 1886 3441 1938 hoc
3475 1886 3675 1955 capite
3700 1903 3730 1940 ι
3753 1887 3839 1941 Ba-

2256 1972 2411 2027 riono
2437 1973 2818 2041 reprehensus,
2862 1972 2957 2027 sed
2988 1971 3270 2038 tolerabili,
3297 1974 3480 2043 inquit
3508 1976 3600 2028 vir
3619 1976 3843 2030 eminen.

2254 2063 2522 2129 tissimus,
2551 2071 2599 2115 et
2627 2063 2772 2116 venia
2807 2062 2964 2132 digno
3009 2079 3206 2128 errore,
3242 2080 3366 2118 cum
3401 2067 3518 2135 ipse
3552 2076 3661 2119 tas
3704 2067 3843 2136 longe

2251 2157 2471 2226 positus,
2493 2163 2575 2209 'ea
2607 2156 2899 2219 nesciverit,
2925 2171 3045 2227 qua:
3089 2155 3190 2221 illi,
3217 2157 3311 2227 qui
3338 2156 3527 2212 Rom
3546 2168 3729 2228 agunt,
3760 2160 3844 2213 ri:

2252 2261 2443 2315 magno
2477 2244 2678 2310 labore,
2702 2245 2939 2315 pervigili
2964 2245 3256 2316 diligentia,
3286 2256 3336 2301 et
3373 2264 3589 2301 summa
3616 2258 3741 2302 sunt
3769 2249 3840 2301 is-

2252 2336 2459 2389 dustria
2485 2338 2766 2389 consecuti.
2816 2334 2874 2390 Si
2916 2337 3133 2405 quidem
3163 2338 3217 2393 id
3264 2341 3559 2395 consecuti
3590 2340 3726 2407 sint,
3758 2351 3835 2394 aut

2252 2427 2511 2496 consequi
2539 2427 2835 2497 potuerint,
2860 2428 3026 2482 rebus
3063 2427 3170 2484 illis
3212 2430 3395 2485 adhuc
3422 2431 3478 2484 in
3516 2431 3832 2485 obscurab-

2254 2518 2511 2573 tentibus.
2536 2517 2853 2587 Quanquam
2876 2519 3020 2572 enim
3049 2518 3316 2573 Baronius
3337 2520 3611 2588 praeclare
3642 2521 3821 2582 doceat.

2253 2611 2557 2666 Romanum
2585 2610 2799 2679 aliquod
2826 2610 3112 2679 antiquum
3140 2609 3312 2666 fuisse
3341 2611 3828 2683 Hartyrologinna

2253 2708 2441 2758 sancto
2486 2701 2750 2770 Gregorio
2795 2701 3161 2769 descriptum,
3205 2700 3366 2755 fateri
3418 2710 3603 2756 tamen
3642 2702 3829 2771 cogitur

2253 2792 2630 2847 seistiusmodi
2679 2790 3118 2861 Martyrologium
3147 2806 3426 2861 nunquam
3458 2792 3710 2853 vidisse;
3753 2807 3829 2846 nos

2251 2902 2382 2941 vero
2401 2888 2500 2941 sub
2526 2886 2850 2956 principium
2864 2886 3162 2955 superioris
3182 2887 3381 2957 capitis
3411 2888 3695 2944 evicimus
3718 2887 3832 2943 Gre-

2252 2977 2387 3047 gorii
2416 2977 2757 3031 characteres
2804 2976 2857 3030 in
2906 2975 3370 3047 Martyrologium,
3416 2976 3491 3031 ab
3520 2977 3723 3033 Adone
3746 2975 3832 3031 Ba.

2252 3081 2441 3122 vennte
2468 3075 2763 3137 repertum,
2797 3066 3103 3122 nullatenus
3130 3068 3457 3135 convenire;
3498 3070 3554 3123 in
3592 3084 3712 3138 quo
3740 3068 3833 3123 llo-

576 3158 809 3215 Usuardi
831 3155 1273 3228 Martyrologium
1300 3154 1537 3211 Colonia:
1572 3154 1625 3209 in
1655 3153 1690 3209 8
1716 3168 1975 3210 excusum
2004 3167 2147 3208 anno
2175 3150 2221 3213 C
2251 3157 2427 3211 manis
2454 3156 2592 3211 nihil
2622 3156 2805 3211 damni
2855 3156 3045 3215 datum
3084 3164 3189 3221 est,
3239 3171 3365 3211 cum
3414 3172 3518 3227 pro
3554 3172 3676 3211 uno
3722 3157 3835 3211 bim

574 3250 734 3315 1521,
756 3264 880 3306 cum
909 3248 1169 3304 Romana:
1188 3246 1444 3302 Ecclesiae
1464 3245 1881 3316 Martyrologio;
1913 3259 1978 3300 ea
2002 3244 2151 3299 enim

574 3341 824 3396 Usuardo
864 3347 1025 3395 aucto
1053 3339 1224 3393 utitur
1254 3353 1269 3391 :
1298 3341 1427 3394 item
1457 3353 1580 3394 cum
1622 3337 1853 3393 diversis
1879 3336 2149 3408 Martyro-

571 3432 731 3504 logiis
756 3431 812 3486 in
844 3430 1077 3487 Francia
1119 3430 1354 3495 excusis,
1377 3445 1498 3501 quae
1529 3429 1712 3484 omnia
1739 3436 1866 3484 sunt
1892 3428 2147 3496 Usuardi,

571 3522 668 3578 sed
712 3530 871 3577 aucta
915 3538 929 3575 :
968 3529 1027 3577 et
1059 3529 1336 3590 postremo
1370 3536 1495 3576 cum
1524 3535 1657 3576 mss.
1701 3520 1937 3591 aliquot,
1984 3526 2039 3576 et
2081 3534 2149 3573 ex

569 3615 764 3669 borum
813 3612 1099 3670 collatione
1144 3613 1505 3669 animadverti
1556 3612 1863 3669 Usuardum
1914 3611 2151 3669 Coloniae

566 3705 828 3776 praedicto
855 3718 1000 3759 anno
1025 3703 1372 3774 impressum,
1408 3718 1609 3773 paucas
1630 3711 1855 3775 tantum
1896 3702 2151 3757 habuisse

562 3794 870 3851 additiones
895 3794 967 3849 ab
999 3794 1247 3850 Usuardo
1285 3793 1631 3849 indistinctas
1663 3810 1676 3847 :
1712 3793 1975 3862 plurimas
2001 3793 2149 3847 enim

569 3887 752 3951 habet,
780 3885 873 3941 sed
902 3884 971 3940 ab
1000 3882 1232 3941 Usuardi
1268 3885 1449 3940 verbis
1491 3884 1673 3940 notula
1727 3883 1905 3953 aliqua
1952 3884 2147 3938 distin-

568 3985 703 4031 ctas.
730 3975 1264 4041 lndislinctisitnque
1287 3974 1392 4029 illis
1416 3974 1798 4029 additamentis
1811 3989 1878 4027 ex
1904 3972 2149 4028 Usuardo

568 4065 875 4136 expunctis,
913 4068 997 4121 est
1038 4065 1090 4120 in
1139 4066 1241 4120 hoc
1285 4064 1667 4137 Martyrologio
1716 4065 1829 4134 ipse
1869 4062 2149 4120 Usuardns

571 4155 761 4226 majori
790 4158 1106 4213 charactere
1128 4157 1295 4222 solus,
1322 4157 1727 4212 ctdiversorum
1754 4155 2147 4225 exemplarium

485 4314 500 4322 η
568 4236 812 4305 subsidio
858 4250 1172 4319 castigatus.
1222 4247 1280 4303 In
1325 4249 1519 4319 quibus
1568 4247 1819 4303 omnibus
1862 4247 2148 4303 Usnxnovs

566 4344 831 4414 scriptum
869 4342 1107 4409 invenio,
1154 4341 1321 4397 semel
1352 4350 1513 4412 atque
1556 4341 1752 4396 iterum
1789 4329 2143 4404 Huscannus;

568 4430 904 4489 Trithem‘ius
934 4440 1115 4489 tamen
1144 4439 1199 4487 et
1221 4431 1404 4503 plures
1431 4431 1837 4487 Germanicum
1876 4430 2146 4486 lsusnnun

569 4525 869 4580 nominant.
901 4543 920 4576 ι

641 4614 762 4669 189.
796 4614 875 4669 Ex
928 4612 1011 4670 bis
1054 4614 1284 4685 paucula
1311 4614 1466 4670 nobis
1519 4611 1869 4684 expendenda
1917 4611 2042 4667 sunt
2092 4620 2148 4667 e’t

568 4700 906 4757 illustranda.
941 4700 1294 4758 Verissimum
1322 4712 1539 4766 censeo,
1578 4701 1721 4770 quod
1765 4700 1841 4753 ait
1877 4698 2140 4764 Molanus,

566 4803 778 4864 propter
827 4793 1120 4847 additiones
1176 4793 1244 4846 ad
1293 4791 1618 4855 Usuardum,
1680 4805 1785 4845 non
1833 4790 1991 4860 facile
2035 4806 2144 4845 esse

572 4879 874 4937 Usuardum
901 4881 1095 4949 solum,
1119 4894 1167 4937 et
1203 4884 1395 4953 absque
1434 4882 1793 4937 additionibus
1819 4881 1866 4934 ei
1893 4880 2141 4934 indistin-

567 4992 647 5059 cte
671 4982 942 5051 permixtis
973 4982 1117 5053 prelo
1151 4983 1310 5047 dare;
1345 4997 1467 5035 nam
1496 4979 1736 5035 adhibita
1768 4977 1914 5032 omni
1938 4991 2035 5032 sua
2066 4976 2147 5031 di-

566 5068 809 5141 ligentia,
827 5070 959 5126 locis
973 5072 1256 5143 plusquam
1276 5072 1493 5141 triginta
1510 5070 1577 5125 ab
1593 5067 1895 5124 Usuardina
1913 5067 2147 5147 puritate

564 5163 877 5229 recessisse,
900 5163 952 5217 in
976 5162 1455 5219 Observationibus
1481 5160 1679 5217 nostris
1706 5157 2144 5214 lectorinveniet.

564 5256 677 5312 Nec
706 5256 993 5328 quisquam
1023 5256 1298 5311 existimet
1338 5269 1423 5311 me
1462 5255 1535 5308 ita
1576 5252 1709 5307 mihi
1740 5249 2062 5313 adbiandiri,
2088 5255 2149 5302 ut

563 5350 966 5421 simplicitatem
984 5360 1198 5404 omnem
1216 5357 1522 5404 assecutum
1539 5356 1746 5418 putem,
1762 5346 1903 5416 quod
1916 5345 2007 5415 qui
2031 5344 2148 5399 ﬁeri

563 5444 698 5498 satis
715 5444 995 5499 commode
1019 5443 1192 5515 possit
1217 5456 1324 5497 non
1341 5426 1520 5508 video,
1546 5457 1667 5497 cum
1698 5441 1838 5495 inter
1858 5447 1937 5493 tot
1958 5438 2151 5493 editio-

562 5551 661 5593 nes
688 5536 799 5608 jam
829 5537 1150 5603 recensitos,
1181 5546 1235 5591 et
1267 5545 1343 5591 tot
1376 5552 1505 5591 mss.
1534 5536 1772 5595 codices,
1825 5548 1963 5601 quos
1986 5546 2150 5601 porro

563 5629 992 5698 recensebimus,
1015 5630 1194 5687 nullus
1213 5632 1306 5697 sit,
1331 5631 1420 5701 qui
1447 5645 1552 5684 non
1582 5627 1823 5698 pluribus
1838 5626 2151 5681 excessibus

564 5729 658 5775 aut
694 5720 995 5778 defectibus
1019 5722 1268 5780 laborare
1283 5721 1665 5793 comperiantur.
1711 5719 1767 5774 Id
1793 5733 1902 5790 prae
1938 5717 2149 5773 Molano

2254 3245 2632 3319 Martyrologia
2655 3260 2805 3312 vera,
2832 3247 3086 3317 genuina,
3115 3254 3354 3312 vetusta,
3395 3257 3455 3302 et
3498 3249 3709 3317 pridem
3736 3263 3835 3317 pa-

2250 3338 2406 3394 blicis
2426 3338 2565 3409 juris
2586 3337 2729 3393 facta
2769 3338 2903 3408 ipsis
2939 3337 3407 3393 vindicaverimus.
3434 3337 3560 3392 Haec
3584 3338 3838 3393 comic

2252 3429 2409 3486 ianus
2438 3430 2791 3501 ignoraverit,
2823 3429 3044 3485 Belinus
3088 3438 3268 3485 autem
3311 3430 3539 3485 editioni
3589 3429 3835 3499 attegia-

2253 3522 2457 3577 riosum
2503 3521 2716 3576 titulum
2756 3520 3123 3592 Martyrologii
3165 3521 3458 3599 secundum
3499 3537 3715 3576 rnorem
3746 3519 3835 3574 Βο-

2251 3631 2425 3669 mance
2469 3616 2631 3668 curia:
2685 3613 3041 3684 praeﬁxisset,
3077 3613 3235 3667 venia
3285 3622 3435 3668 certe
3488 3611 3835 3683 dignissimis

2253 3702 2359 3758 fuit
2404 3717 2561 3758 error
2604 3703 2694 3758 ille
2741 3702 3100 3773 perexiguos,
3153 3718 3259 3774 quo
3305 3701 3481 3757 Belini
3532 3699 3831 3757 Usa-adu

2251 3792 2506 3848 Ecclesia:
2534 3791 2787 3847 Romana:
2810 3791 3247 3863 Martyrologium
3277 3793 3603 3864 appellavit.

2321 3887 2445 3943 191.
2486 3886 2862 3957 Cancrumque
2892 3897 3124 3959 utroque
3164 3890 3271 3944 isto
3298 3888 3534 3946 Greveni
3585 3900 3654 3946 et
3689 3891 3835 3946 Belini

2250 3977 2633 4049 Martyrologio
2685 3993 2840 4033 usum
2896 3977 3068 4034 fuisse
3124 3978 3393 4034 Molanum
3448 3995 3516 4034 ex
3567 3983 3701 4037 sola
3748 3981 3839 4037 col-

2251 4067 2452 4124 latione
2479 4068 2843 4124 certissimum
2870 4078 2973 4135 est,
3004 4070 3141 4125 adeo
3170 4080 3231 4125 ut
3257 4074 3396 4142 saepe
3422 4073 3609 4128 etiam
3639 4089 3838 4130 errores

2252 4159 2611 4228 adeptaverit,
2646 4167 2740 4213 aut
2764 4158 2955 4215 saltem
3002 4159 3057 4214 in
3086 4160 3345 4216 Auctaria
3382 4160 3685 4231 reiecerit,
3722 4180 3837 4235 ιιι-ιι

2252 4250 2441 4304 sertim
2468 4260 2536 4303 ex
2565 4248 2734 4303 altera
2766 4249 2857 4304 illa
2888 4250 3060 4305 Belini
3093 4251 3334 4308 editione
3364 4251 3709 4320 Parisieusi,
3730 4270 3835 4310 cun

2251 4338 2593 4409 prima—ipsa
2638 4347 2695 4394 et
2740 4340 2931 4409 purior
2974 4339 3179 4397 Veneta
3225 4344 3349 4397 anni
3400 4359 3757 4402 Iccccxcvm
3794 4346 3837 4399 ei

2254 4438 2382 4486 nota
2436 4430 2603 4486 fuisse
2657 4444 2767 4486 non
2817 4431 3087 4487 videatur.
3138 4432 3379 4489 Contulit
3424 4436 3559 4490 item
3612 4437 3838 4494 Iolaum

2170 4506 2225 4566 Ῑ)
2253 4522 2555 4578 Usuardum
2610 4538 2728 4576 cum
2773 4523 2991 4579 diversis
3047 4523 3447 4598 Hartyrologiis
3497 4529 3565 4582 in
3618 4528 3837 4584 Francia

2246 4615 2474 4678 excusis,
2522 4628 2641 4683 qua:
2669 4614 2847 4667 omnia
2889 4623 3011 4668 sunt
3052 4613 3311 4684 Usuardi,
3365 4619 3462 4671 sed
3485 4630 3679 4674 aucta.
3723 4620 3837 4687 Qut

2246 4708 2446 4764 fuerint
2473 4709 2687 4765 diversa
2731 4708 2822 4763 illa
2866 4708 3250 4782 Martyrologia
3292 4712 3537 4782 explicat
3580 4716 3839 4786 imepra.L

2247 4800 2466 4856 fationis
2512 4814 2631 4870 cap.
2666 4801 2753 4867 19,
2789 4815 2962 4871 eaque
3007 4804 3352 4872 potissimum
3399 4818 3744 4861 revocantur
3780 4806 3839 4859 ad

2245 4892 2405 4947 binas
2430 4893 2700 4947 editiones
2730 4891 2995 4948 Munerati
3023 4902 3077 4949 et
3122 4894 3466 4949 Belinianam
3509 4900 3653 4953 anni
3684 4913 3835 4953 mn

2251 4983 2319 5038 de
2348 4984 2545 5055 quibus
2578 4998 2743 5054 supra
2770 4984 3025 5041 diximus.
3055 4984 3263 5041 Vellem
3290 4987 3618 5046 distinctius
3641 4991 3838 5047 ωὐίως

2252 5088 2381 5129 suos
2422 5089 2553 5128 mss.
2606 5084 2980 5129 enumerasset
3023 5073 3288 5141 Molanus,
3340 5076 3496 5131 illum
3546 5080 3837 5149 pmseﬂim

2249 5177 2412 5234 quem
2441 5171 2574 5219 citat
2601 5164 2702 5219 sub
2749 5163 2928 5220 littera
2967 5164 3034 5231 ρ,
3087 5181 3360 5237 quemque
3398 5169 3665 5226 eumdem
3690 5171 3839 5241 plane

2250 5253 2504 5309 existimo
2527 5267 2650 5309 cum
2678 5254 3095 5324 praeclarissimo
3121 5265 3310 5315 nostro
3362 5257 3709 5328 Heriniensi,
3752 5260 3839 5331 qui

2251 5347 2305 5401 in
2335 5346 2531 5401 Mulani
2568 5360 2760 5400 manus
2795 5345 2961 5402 facile
2994 5347 3182 5402 venire
3229 5348 3445 5418 potuit,
3489 5366 3620 5407 cum
3666 5355 3836 5423 meum

2251 5439 2507 5493 habuerit
2550 5436 2888 5507 Augustinus
2921 5437 3217 5503 Hunna-us,
3258 5439 3548 5511 theologus
3586 5454 3645 5498 et
3684 5459 3839 5500 cano-

2251 5531 2405 5585 nicus
2456 5529 2826 5594 Lovaniensis,
2882 5529 3077 5585 Molani
3126 5531 3369 5601 :eq'uaiis.
3424 5534 3597 5590 Paulo
3640 5536 3840 5591 clarius

2251 5620 2526 5675 laudatum
2578 5620 2820 5676 codicem
2874 5620 3124 5692 designat
3174 5623 3227 5675 in
3286 5625 3545 5678 secundae
3589 5626 3842 5680 editionis

2250 5712 2473 5782 epistola
2528 5714 2593 5769 ad
2645 5711 2899 5768 lectorem
2960 5728 3083 5784 pag.
3141 5715 3177 5769 6
3221 5729 3403 5783 verso,
3457 5730 3586 5771 eum
3644 5731 3845 5774 vocans
