3936 6348
54 392 181 455 555

1454 401 1988 459 ΡΗΟῌΒΟΜΕΝΑ.

3247 414 3350 469 554

56 512 387 571 Usuardunt
422 534 519 572 ms.
543 519 634 588 qui
662 520 749 574 vix
773 518 912 573 ullas
934 521 1155 575 habebat
1192 520 1506 584 additiones,
1531 534 1668 589 pras-
1693 519 1746 577 Α
1770 517 2096 574 venerabilis
2122 521 2315 576 ‘nostri
2365 522 2513 578 Petri
2561 523 2763 580 Canisii
2793 566 2807 590 ,
2862 526 2986 583 licet
3033 529 3353 605 plerumque

53 614 314 675 terquam
344 612 409 662 de
433 610 630 663 sanctis
649 608 1012 677 Remensibus,
1039 627 1162 682 qua:
1208 619 1300 667 est
1354 612 1469 682 ipsa
1525 611 1666 665 nati-

50 696 297 753 vissima
325 697 662 757 Heriuiensis
692 703 859 758 nostri
880 703 1105 777 effigies.
1138 705 1359 761 Interim
1385 723 1449 762 ex
1472 722 1665 778 perpe-

55 798 157 844 tua
191 789 519 848 Mola'nisnze
546 794 802 850 editionis
831 796 1145 868 codicisque
1173 801 1345 855 nostri
1378 799 1668 857 collatione

52 896 173 936 non
204 882 368 939 video
397 883 641 940 adhibita
667 900 792 942 esse
818 888 1027 954 omnia,
1056 904 1178 959 quae
1206 889 1517 959 adjumento
1543 906 1666 948 esse

51 983 350 1044 poterant,
378 986 438 1033 ut
471 978 675 1034 clarius
705 979 979 1036 docebunt
1006 981 1422 1040 observationes
1463 993 1664 1041 nostra:

50 1064 414 1124 Usuardinte.
1536 1126 1547 1135 .
1652 1126 1658 1133 .

131 1156 267 1213 192.
302 1156 479 1214 Unum
508 1168 591 1215 est
638 1164 783 1232 quod
814 1164 1081 1220 hactenus
1101 1165 1245 1220 haud
1293 1167 1427 1223 satis
1477 1169 1661 1239 explo-

52 1262 191 1302 rare
240 1250 413 1318 potui,
462 1250 605 1307 unde
637 1252 893 1308 nimirum
941 1253 1281 1321 Castellano,
1332 1256 1585 1312 Bimestri
1619 1273 1660 1320 ι,

51 1354 190 1409 pag.
228 1340 343 1404 196,
379 1341 675 1398 innotuerit
703 1359 859 1400 usum
893 1344 1059 1401 fuisse
1101 1345 1374 1402 Molanum
1426 1347 1482 1401 in
1510 1348 1662 1403 addi-

57 1430 309 1485 tionibus
338 1428 720 1504 Martyrologio
769 1450 873 1489 ms.
919 1436 1161 1491 ecclesia:
1191 1435 1536 1503 Parisiensis,
1567 1438 1662 1493 de-

53 1521 271 1591 scripto
298 1509 361 1578 ex
395 1524 689 1594 antiquiori
720 1540 863 1583 anno
895 1527 1034 1583 1516
1062 1537 1116 1583 et
1144 1544 1335 1585 rursus
1360 1538 1663 1586 transsum—

50 1618 156 1682 pto
185 1627 328 1667 anno
356 1613 513 1670 1529.
547 1614 708 1671 Certe
736 1617 883 1673 inter
916 1620 1098 1674 omnia
1122 1636 1243 1690 quae
1288 1621 1342 1676 in
1390 1623 1660 1692 praefatio-

55 1702 228 1759 nibus
285 1711 398 1759 tum
446 1707 645 1775 prioris
694 1716 805 1763 tum
866 1712 1184 1781 posterioris
1235 1713 1489 1769 editionis
1540 1714 1659 1771 fuse

54 1805 457 1850 commemorat
505 1795 773 1863 Molanus,
805 1799 871 1855 de
924 1801 1014 1856 tali
1059 1801 1351 1859 Parisiensi
1401 1821 1504 1861 ms.
1537 1822 1659 1862 nus-

57 1877 257 1953 quam,
280 1884 423 1955 quod
453 1886 657 1952 sciam,
693 1890 962 1945 meminit.
998 1890 1192 1948 Videat
1220 1894 1391 1950 lector
1425 1911 1544 1966 cap.
1590 1897 1659 1953 12
1689 1883 1787 1972 Bg
1819 1908 1859 1961 Ι.
1892 1936 1955 1949 -
1990 1913 2069 1965 De
2101 1914 2356 1968 Codlcibus
2380 1924 2675 1987 purioribus,

57 1982 119 2028 et
148 1975 215 2030 15
239 1973 572 2045 praefationis
600 1977 808 2048 primae,
834 1988 892 2034 et
919 1978 947 2052 §
979 1980 1044 2034 10
1086 1983 1328 2051 epistolae
1366 1987 1433 2041 ad
1458 1987 1654 2057 editio-

61 2081 191 2120 nem
235 2068 551 2123 secnndam.
595 2068 653 2125 Si
700 2070 926 2128 dixisset
959 2074 1296 2133 Castellanus
1340 2080 1656 2149 pmluxisse

60 2158 329 2214 editiones
374 2159 663 2228 Munerati,
718 2170 774 2218 et
817 2163 1012 2233 Belini,
1065 2166 1118 2220 id
1167 2179 1312 2224 recte
1362 2173 1653 2244 attigisset,

62 2248 211 2319 quod
235 2251 462 2319 ipsemet
495 2249 742 2308 Molanus
775 2256 992 2320 asserit,
1037 2258 1329 2315 contulisse
1356 2275 1416 2317 se
1454 2262 1657 2319 Usuar-

64 2345 200 2399 dum
225 2363 342 2400 cum
367 2346 586 2402 diversis
626 2347 1022 2421 Martyrologiis
1047 2353 1101 2405 in
1146 2352 1382 2410 Francia
1424 2362 1647 2414 excusis.

68 2436 276 2493 Videor
320 2440 483 2495 etiam
512 2455 675 2511 posse
720 2442 972 2514 colligere
1002 2461 1109 2501 non
1153 2448 1353 2505 vidisse
1382 2450 1653 2508 Molanum

68 2540 262 2581 verum
292 2527 377 2583 vel
400 2537 723 2598 pratensum
753 2535 1150 2606 autograpbum
1180 2541 1324 2608 quod
1351 2541 1405 2595 in
1436 2540 1494 2597 S.
1526 2541 1656 2598 Ger-

61 2617 275 2671 mania
300 2618 478 2675 Pratis
521 2619 745 2678 Parisiis
788 2637 1120 2696 asservatur,
1188 2645 1367 2701 neque
1412 2632 1655 2702 ejusdem

61 2710 393 2781 ecgraphum
426 2714 516 2769 .ad
574 2714 750 2786 ipsum
812 2717 982 2775 fuisse
1040 2724 1460 2792 transmissum,
1512 2729 1656 2797 quod

60 2800 358 2859 lectoribus
420 2805 759 2878 significare.
795 2824 1139 2883 nequaquam
1194 2817 1651 2885 praetermisisset.

61 2895 386 2963 Decaztero,
437 2911 560 2953 cum
611 2912 678 2954 ex
709 2907 790 2954 tot
834 2902 1132 2970 codicibus,
1192 2914 1303 2961 tum
1354 2922 1487 2964 mss.
1540 2918 1654 2965 tum

60 2986 207 3058 typis
253 2986 458 3053 editis,
514 3003 579 3044 ea
631 2988 829 3047 Molani
879 2994 1047 3051 editio
1091 2996 1354 3055 adornata
1405 2999 1513 3065 sit,
1562 3016 1657 3057 eos

59 3094 253 3136 omnes
321 3081 459 3138 meis
520 3086 871 3140 annumerari
934 3089 1132 3158 cupio,
1195 3107 1304 3161 quo
1366 3102 1656 3161 postremae

1772 606 2076 664 Usuardum
2102 611 2321 677 referat,
2346 614 2439 669 sed
2478 614 2897 686 locupletissime
2917 629 3158 676 auctum.
3205 623 3349 680 Rur-

1769 715 1883 765 sus,
1914 700 2059 765 nulla
2088 711 2173 758 est
2200 704 2382 760 habita
2430 708 2568 763 ratio
2594 707 2928 767 additionum
2960 715 3352 786 manuscriptu-

1768 808 1889 847 rum
1941 793 2298 864 Papcbrochii
2346 798 2414 852 ad
2460 799 2752 858 editionem
2794 801 3170 873 Coloniensem
3223 809 3349 864 anni

1768 884 1910 941 1490
1930 901 1999 941 ex
2020 886 2209 943 codice
2229 889 2458 945 abbatis:
2482 890 2540 946 S.
2566 891 2841 950 Michaelis
2856 894 3190 967 Antuerpite,
3206 886 3352 970 q’uod

1767 990 1844 1033 ea:
1871 977 2187 1048 plerumque
2210 995 2241 1033 a
2272 990 2459 1036 nostro
2485 982 2734 1040 Usuardo
2762 986 3078 1058 longissime
3128 990 3353 1048 recede-

1767 1076 1909 1123 rent.
1938 1068 2008 1126 Ut
2033 1072 2222 1140 paucis
2244 1087 2357 1145 rem
2383 1073 2721 1140 concludam,
2760 1085 2838 1133 tot
2884 1079 3103 1136 aliunde
3149 1098 3347 1153 suppe-

1767 1159 1949 1216 tebant
1970 1163 2207 1229 codices,
2232 1172 2293 1218 ut
2318 1164 2502 1234 plures
2530 1180 2777 1235 quaerere
2804 1180 2949 1226 esset
2974 1171 3306 1243 superﬂuum
3331 1194 3346 1231 :

1766 1250 1981 1307 aliunde
2024 1269 2178 1319 vero,
2226 1255 2300 1309 ita
2358 1256 2615 1313 Auctaria
2662 1262 2985 1332 quandoque
3032 1279 3353 1337 exercuere

1764 1344 2288 1411 animadvertebam,
2312 1356 2371 1403 ut
2393 1349 2459 1405 de
2480 1352 2853 1410 rescindendis
2873 1356 3054 1426 potius
3079 1359 3353 1416 nonnullis

1763 1449 1923 1504 quam
1961 1436 2028 1492 de
2057 1440 2211 1496 novis
2237 1444 2584 1500 accersendis
2619 1462 2724 1502 non
2777 1450 2944 1505 semel
2975 1453 3346 1524 cogitaverim.

1763 1522 1889 1581 Haec
1911 1526 1976 1581 dc
1989 1527 2220 1599 vulgatis
2240 1529 2471 1589 Usuardi
2492 1534 2666 1603 libris,
2693 1554 2839 1597 nunc
2862 1541 2930 1596 ad
2950 1522 3352 1616 manuscriptos

1761 1616 2129 1684 procedimus.

2300 1711 2698 1771 ARTICULUS
2729 1717 2816 1773 IV.

1974 1794 2055 1850 De
2085 1796 2360 1855 Codicibus
2402 1801 2721 1861 Usuardin‘is
2747 1812 3134 1883 manuscriptis.

2046 1929 2069 2001 ξ
2101 1929 2356 1968 uoatcmus
2380 1929 2675 2039 ptgltggztstls,
2709 1936 2766 1976 sc
2791 1929 3015 1995 primum,
3038 1934 3104 1985 de
3131 1935 3350 1989 Usuardo

1834 2076 1959 2131 194.
1992 2076 2140 2135 Inter
2160 2083 2375 2141 codices
2405 2086 2740 2148 Usuardinos
2763 2110 2895 2151 mss.
2928 2112 3063 2167 quos
3088 2102 3351 2161 habemus

1759 2164 1946 2241 decem
1976 2176 2031 2222 et
2077 2181 2284 2243 septem
2314 2191 2545 2234 numero
2591 2181 2847 2255 integros,
2892 2164 2960 2244 et
2977 2190 3201 2249 collatos
3226 2211 3350 2251 cum

1759 2254 2030 2325 Greveno,
2061 2272 2157 2317 aut
2190 2263 2334 2330 aliis,
2362 2283 2526 2340 supra
2561 2254 2804 2345 triginta,
2833 2290 3033 2348 praeter
3051 2281 3349 2342 Chillletia-

1759 2364 1860 2405 nos
1899 2354 2199 2411 octodecim
2230 2367 2287 2413 et
2312 2360 2497 2431 plures
2524 2365 2692 2433 alios;
2744 2371 2888 2426 inter
2935 2373 3077 2442 illos,
3105 2377 3345 2447 inquam,

1758 2455 1952 2499 omnes
1981 2445 2350 2518 principatum
2379 2455 2521 2525 apud
2566 2474 2666 2515 nos
2695 2476 2909 2532 semper
2939 2468 3131 2531 tenuit,
3162 2445 3205 2524 si
3242 2486 3349 2527 non

1757 2622 1847 2679 ille
1873 2627 1964 2695 qui
1992 2627 2045 2682 in
2076 2633 2326 2689 coenobio
2359 2634 2418 2692 S.
2451 2637 2708 2698 Germani
2746 2660 2777 2699 a
2821 2644 3020 2715 Pratis,
3082 2660 3345 2724 tanquam

1758 2719 1996 2775 auctoris
2018 2721 2190 2791 ipsius
2204 2741 2367 2781 manu
2384 2730 2620 2801 scriptus
2640 2734 2757 2791 sive
2777 2743 3169 2811 autographus,
3197 2762 3348 2802 sum-

1758 2822 1849 2861 mo
1880 2809 1934 2863 in
1963 2814 2140 2881 pretio
2171 2815 2434 2886 habetur;
2469 2821 2605 2877 adeo
2633 2834 2693 2879 ut
2720 2827 2879 2885 nullis
2922 2809 3212 2892 conatibus
3239 2837 3345 2892 im-

1756 2906 1973 2968 petrare
2022 2906 2315 2976 potuerim,
2348 2911 2433 2965 ad
2483 2912 2664 2980 breve,
2693 2918 2884 2976 saltem
2942 2932 3179 2996 tempus,
3237 2944 3346 3000 quo

1759 2992 2005 3048 securius
2052 2994 2105 3049 in
2138 2996 2241 3053 hac
2267 2999 2506 3058 editione
2534 3009 2905 3077 procederem,
2937 2992 3071 3070 mihi
3103 2992 3346 3075 commo-

1758 3082 1996 3139 daretur.
2025 3087 2099 3142 De
2124 3104 2191 3144 eo
2218 3090 2271 3145 in
2296 3094 2613 3163 praefatione
2633 3114 2730 3156 sua
2756 3105 3005 3165 meminit
3032 3108 3343 3178 Bollandus,

59 3168 191 3224 huic
221 3177 417 3226 nostra:
460 3172 683 3229 editioni
716 3191 820 3232 non
851 3178 1105 3250 exiguum
1157 3183 1497 3239 auctoritatis
1543 3201 1654 3242 mo-
1682 3249 1724 3271 η
1755 3189 1877 3245 ρηε.
1904 3176 1992 3243 51,
2023 3177 2097 3271 il?
2130 3182 2377 3241 scribens
2412 3199 2427 3239 ε
2471 3207 2489 3239 ι
2511 3187 2647 3244 Eum
2674 3193 2916 3250 COdicem
2945 3197 3175 3256 Usuardi
3206 3217 3345 3271 ἶιένο.

2843 3249 2851 3250 ,
2954 3249 3175 3256 --πων
3207 3249 3345 3271 ...η

58 3266 306 3315 mentum
356 3263 614 3319 accedere
660 3274 876 3337 οροτιει
903 3308 919 3334 ,
953 3249 1045 3324 ίιη
1095 3279 1219 3342 pom
1264 3290 1386 3329 cum
1454 3292 1522 3331 ex
1578 3285 1653 3332 ιοι
1680 3249 1726 3314 C
1757 3269 2570 3347 autnonmultopostscriptum
2588 3292 2779 3338 censet
2798 3284 3119 3346 Sirmondus
3141 3300 3346 3361 noster,

58 3350 464 3421 exemplaribus
502 3363 655 3410 eruta
687 3357 780 3424 sit,
830 3362 1122 3429 recensita,
1169 3365 1459 3437 castigata,
1503 3383 1655 3424 ema—

64 3439 270 3497 culata.

129 3531 257 3587 193.
300 3530 543 3590 Inveniet
569 3545 833 3615 praeterea
877 3539 1050 3597 lector
1096 3544 1321 3600 citatum
1351 3546 1657 3619 aliquoties

58 3636 251 3676 mense
292 3621 555 3681 Januario
600 3626 909 3686 Usuardum
967 3632 1204 3704 aliquem
1256 3638 1392 3695 satis
1436 3654 1652 3709 purum,

58 3711 269 3768 editum
292 3728 416 3769 cum
444 3715 714 3798 ligonibus
743 3718 1068 3792 Martyrum,
1092 3724 1207 3781 sive
1253 3742 1378 3783 cum
1404 3728 1542 3786 libro
1563 3731 1656 3802 qui

58 3805 213 3861 hunc
240 3806 453 3862 titulum
489 3794 737 3887 praefert,
764 3826 926 3881 quem
980 3814 1188 3872 utinam
1233 3817 1504 3891 integrum
1554 3794 1655 3876 h-a-

60 3895 405 3952 buissemus!
440 3896 640 3955 Verum
665 3916 790 3956 cum
820 3902 971 3959 solus
1001 3903 1090 3959 ille
1113 3908 1318 3964 mensis
1362 3919 1559 3977 exstet,
1588 3912 1654 3968 de

63 4002 132 4043 eo
167 3986 413 4058 pluribus
438 3988 618 4045 dicere
646 3993 992 4062 supersedeo.
1020 3994 1117 4052 Est
1160 3999 1323 4054 etiam
1365 4017 1531 4073 penes
1556 4019 1655 4061 nos

62 4077 510 4152 Martyrologium
567 4095 662 4138 seu
731 4081 881 4139 Viola
927 4085 1249 4145 Sanctorum
1269 4094 1524 4152 editionis
1552 4097 1655 4153 Ar-

58 4170 402 4242 gentiuensis
430 4173 559 4228 anni
582 4174 743 4244 1508,
774 4177 932 4250 cujus
961 4194 1068 4236 non
1096 4184 1265 4240 semel
1288 4186 1342 4242 in
1364 4188 1518 4246 Actis
1540 4207 1653 4249 me-

60 4263 343 4321 minerunt
387 4264 617 4335 majores
669 4271 864 4327 nostri.
906 4273 1008 4329 Ast
1050 4289 1118 4331 eo
1146 4277 1228 4333 usi
1280 4294 1389 4335 non
1437 4298 1649 4352 sumus,

55 4356 207 4428 quod
252 4356 706 4429 frequentissimis
761 4365 1084 4436 magnisque
1139 4368 1652 4441 interpolationibus

55 4448 292 4504 nimium
314 4449 382 4503 ah
416 4447 651 4506 Usuardi
680 4452 821 4525 stylo
846 4454 1117 4512 deﬂectat.
1143 4459 1337 4516 Ferme
1367 4463 1421 4518 in
1443 4468 1653 4536 opposi-

55 4549 174 4595 tum
199 4548 390 4610 peccat
431 4539 872 4616 Martyrologium
913 4549 1114 4605 ordinis
1145 4553 1312 4606 sancti
1352 4553 1647 4626 Benedicti,

54 4631 204 4701 quod
228 4632 489 4711 habemus
517 4643 572 4688 et
594 4639 1022 4710 manuscriptum
1046 4652 1101 4697 et
1130 4644 1357 4711 editum,
1396 4664 1502 4703 non
1528 4667 1646 4706 ma-

52 4722 140 4791 gis
165 4722 234 4799 ad
263 4720 648 4809 Benedictinos
674 4743 839 4797 quam
874 4708 943 4786 ad
967 4732 1105 4789 alios
1131 4708 1400 4805 quoslibet
1439 4741 1651 4813 religio-

51 4828 150 4870 sos
176 4804 457 4885 spectans,
488 4818 633 4873 nulla
661 4819 885 4897 lociaut
914 4827 1040 4880 anni
1072 4804 1199 4882 nota
1225 4831 1490 4900 apposita.
1526 4804 1646 4892 ﬁon

51 4906 249 4961 deerat
280 4905 434 4963 nobis
453 4908 700 4964 codicum
724 4911 952 4967 aliorum
974 4916 1178 4985 optima
1200 4928 1256 4974 et
1292 4920 1646 4981 abundantis-

49 4998 196 5053 sima
227 4997 441 5054 messis.
490 4999 846 5074 Hagiologion
874 5003 1090 5063 Franco
1130 5007 1344 5077 Gallice,
1375 5030 1405 5068 a
1456 5025 1644 5074 nostro

46 5087 282 5144 Labbeo
301 5088 527 5156 editum,
551 5106 656 5146 non
680 5094 993 5151 merebatur
1034 5113 1230 5156 nomen
1280 5101 1645 5179 Martyrologii

48 5180 363 5237 authentici
391 5182 930 5259 (trés-authentique),
964 5198 1024 5244 ut
1057 5188 1233 5260 ipsum
1257 5205 1414 5249 vocat
1435 5196 1646 5254 Castel-

49 5275 244 5336 Ianus,
284 5289 407 5345 pag.
455 5273 589 5357 654;
650 5291 773 5331 nam
808 5278 969 5347 plane
1011 5281 1401 5354 incompletum
1449 5298 1551 5357 est,
1591 5301 1648 5348 et
1714 5288 1725 5299 ’

47 5364 323 5437 quidquid
342 5365 467 5421 boni
491 5354 672 5429 habet,
702 5377 904 5453 prater
928 5370 1288 5431 Bituricensia
1311 5354 1550 5450 propria,
1579 5398 1645 5439 ex

50 5456 313 5516 Usuardo
367 5457 483 5514 fere
530 5459 844 5530 decerptum
891 5472 995 5519 est.
1023 5463 1116 5522 Sic
1142 5483 1243 5524 nec
1269 5468 1643 5544 Maurolycum

49 5557 156 5604 aut
188 5549 521 5606 recentiores
548 5550 682 5607 alios
707 5551 939 5608 Usuardi
984 5572 1090 5612 non
1141 5559 1400 5628 editores,
1444 5564 1538 5619 sed
1569 5564 1648 5620 in-

50 5639 442 5711 terpolatores,
464 5642 531 5696 ad
560 5643 851 5713 genuinum
874 5645 994 5715 ejus
1023 5656 1227 5705 textum
1264 5652 1646 5723 inquirendum

49 5732 423 5789 consulendos
446 5734 662 5805 putavi;
687 5739 1142 5805 quemadmodum
1168 5746 1411 5815 neglecta
1428 5757 1512 5804 cst
1534 5748 1649 5805 edi-

51 5823 474 5882 tioGermanica
488 5825 783 5883 Walasseri
799 5830 961 5915 citata
976 5835 1301 5907 quandoque
1315 5839 1414 5895 sub
1428 5843 1650 5900 nomine

542 5942 817 6005 Ps'rnoe.
863 5945 1155 6010 CXXIII.

1758 3357 1848 3425 qui
1873 3374 1972 3426 pro
1987 3375 2082 3414 sua
2110 3363 2451 3421 humanitate
2473 3383 2652 3426 meum
2676 3372 2805 3428 illud
2825 3381 3195 3450 apographum
3221 3357 3346 3440 cum

1759 3448 1866 3503 alio
1895 3452 2415 3525 quadringentorum
2441 3459 2601 3518 facile
2624 3478 2911 3532 annorum,
2940 3448 3219 3528 autetiam
3251 3491 3347 3531 ve-

1758 3540 2008 3607 tustiore,
2037 3544 2128 3613 qui
2160 3546 2212 3599 in
2242 3548 2430 3602 eodem
2463 3554 2635 3606 sancti
2660 3554 2917 3612 Germani
2966 3562 3216 3616 coenobio
3244 3563 3348 3619 Pa-

1758 3627 1905 3683 risiis
1934 3642 2268 3700 asservatur,
2293 3649 2551 3693 accurate
2575 3644 2824 3699 contulit.
2853 3664 2873 3696 ›
2899 3647 2974 3701 Ita
2996 3648 3101 3704 fert
3120 3654 3348 3708 notabile

1756 3717 1927 3773 codici
1971 3730 2158 3777 nostro
2207 3724 2512 3795 praeﬁxum,
2556 3730 2648 3787 ubi
2683 3732 2960 3791 indicatur
2986 3752 3085 3807 per
3105 3738 3344 3798 litteram

1752 3805 1802 3873 Α
1839 3807 1989 3877 prius
2040 3809 2171 3864 illud
2220 3813 2529 3886 designari;
2585 3833 2682 3889 per
2729 3820 2794 3889 Β,
2835 3805 3127 3894 posterius.
3159 3828 3348 3903 Pergit

1756 3895 1959 3953 ibidem
1986 3898 2311 3959 Sirmondus
2342 3924 2354 3960 :
2391 3925 2409 3959 t
2446 3906 2559 3965 Hoc
2600 3920 2843 3970 nostrum
2875 3918 3250 3991 autigraphum
3267 3895 3346 3979 ex

1753 3989 1936 4057 priore
1960 3993 2293 4066 descriptum
2326 4009 2440 4067 est;
2468 4003 2522 4058 in
2552 4018 2658 4073 quo
2684 4022 2805 4077 qua:
2825 3989 3035 4069 lineolis
3058 3989 3346 4092 subnotata

1755 4090 1904 4149 sunt,
1936 4099 1999 4140 ea
2020 4094 2088 4141 ex
2109 4094 2447 4163 autographo
2473 4096 2520 4150 A
2543 4099 2626 4153 vel
2656 4101 2725 4156 ad
2750 4106 3050 4176 marginem
3076 4090 3344 4183 apposita,

1753 4177 1841 4232 vel
1858 4177 1914 4234 in
1945 4187 2153 4238 textum
2183 4184 2381 4256 ipsum,
2404 4190 2506 4245 sub
2532 4191 2696 4248 finem
2723 4197 2986 4270 cujusque
3010 4177 3126 4259 diei
3139 4177 3346 4263 inserta

1754 4267 1996 4340 fuerunt,
2025 4275 2131 4330 alia
2163 4292 2349 4347 manu,
2394 4281 2568 4339 ferme
2606 4267 3062 4365 tamenﬁantiqua.
3113 4297 3194 4354 Ex
3237 4317 3345 4373 quo

1753 4375 1979 4435 apparet
1998 4384 2063 4424 ea
2090 4385 2197 4425 non
2218 4374 2495 4442 pertinere
2519 4379 2584 4433 ad
2619 4378 2851 4438 Usuardi
2876 4384 3343 4463 Martyrologium,

1755 4458 1851 4513 sed
1876 4459 2087 4531 adjecta
2116 4471 2240 4531 post
2260 4464 2432 4523 fuisse
2458 4484 2487 4522 a
2512 4474 2817 4540 monachis,
2844 4480 3146 4546 praesertim
3168 4458 3343 4543 sancti

1755 4549 2035 4621 Germani,
2065 4556 2131 4610 ad
2156 4572 2293 4627 quos
2326 4575 2519 4632 magna
2542 4579 2605 4618 ex
2630 4578 2787 4636 parte
2814 4580 3080 4639 spectant.
3117 4594 3135 4627 ι

1829 4646 1952 4701 195.
1994 4648 2165 4716 Quam
2195 4663 2507 4708 accuratam
2538 4660 2728 4714 moniti
2762 4660 2921 4731 lmjus
2949 4667 3216 4724 rationem
3244 4671 3345 4727 ha-

1754 4735 2056 4803 buerimus,
2082 4754 2150 4794 ex
2174 4744 2375 4798 nostris
2405 4744 2884 4809 Observationihus
2910 4757 3123 4814 abunde
3149 4760 3338 4832 liquet.

1753 4822 1812 4878 In
1844 4824 1952 4882 ﬁne
1976 4829 2323 4899 paginze‘alia
2348 4850 2510 4891 manu
2540 4838 2771 4910 legitur:
2791 4842 2909 4899 Hoc
2940 4844 3175 4904 Usuardi
3195 4822 3343 4908 flar-

1752 4916 2067 4988 tyrologiunt
2092 4918 2214 4976 cum
2238 4925 2412 4981 citatis
2441 4928 2525 4983 hic
2546 4932 2830 5000 codicibus,
2873 4953 2981 4993 una
3014 4956 3133 4995 cum
3159 4941 3222 4997 Β.
3271 4944 3340 5002 Ρ.

1751 5010 1951 5067 Jacobo
1983 5011 2269 5073 Sirmondo
2290 5022 2490 5078 contuli
2515 5021 2737 5082 Parisiis
2763 5046 2903 5085 anno
2928 5032 3088 5090 1651.
3105 5034 3341 5094 Joannes

1754 5104 1995 5177 Baptista
2041 5110 2105 5164 de
2151 5111 2356 5179 Cortas,
2396 5118 2658 5175 societatis
2701 5120 2833 5177 Iesu
2866 5127 3130 5182 sacerdos.
3171 5129 3343 5201 Vulgo

1754 5205 1880 5251 nota
1907 5207 1988 5254 est
2015 5201 2357 5261 celeberrimi
2405 5206 2682 5266 Sirmondi
2711 5213 2763 5268 in
2793 5216 3134 5273 conferendis
3153 5219 3343 5290 digno-

1753 5287 2077 5359 scendisque
2126 5294 2367 5365 antiquis
2415 5299 2693 5358 codicibus
2716 5306 2910 5374 peritia
2946 5326 2958 5362 :
2990 5287 3344 5368 nihilominus

1754 5391 1878 5431 cum
1910 5378 2038 5435 hinc
2063 5391 2118 5437 et
2140 5383 2267 5441 inde
2291 5401 2359 5442 ex
2388 5388 2684 5447 Castellani
2733 5395 3084 5453 citationibus
3108 5400 3343 5456 nonnulv

1753 5468 1863 5525 lam
1888 5472 1958 5527 ah
1976 5476 2301 5548 antigrapho
2331 5491 2518 5539 nostro
2542 5485 2908 5543 diversitatem
2941 5491 3339 5559 observassem,

1755 5564 1824 5619 ad
1856 5580 1980 5621 eum
2009 5568 2183 5638 ipsum
2208 5572 2445 5645 confugi,
2472 5588 2531 5630 ut
2557 5579 2903 5648 deprwdicto
2932 5582 3120 5638 codice
3149 5583 3342 5641 distin-

1755 5662 1865 5721 cte,
1890 5657 2139 5715 minutim
2161 5672 2216 5719 et
2238 5675 2428 5721 exacte
2457 5668 2781 5739 instrueret;
2834 5674 2979 5743 quod
3006 5684 3061 5730 et
3086 5677 3342 5744 praestitit

1756 5750 1945 5815 semel,
2004 5752 2197 5809 iterum
2230 5773 2295 5811 ac
2343 5761 2503 5815 tertio
2548 5762 2615 5816 ad
2658 5761 2862 5820 fontem
2894 5767 3247 5833 recurrendo,
3276 5785 3340 5825 ea
3421 5763 3430 5767 ”

1758 5843 2033 5917 diligentia
2059 5856 2114 5903 et
2143 5851 2458 5919 scrupulosa
2487 5852 2659 5911 ferme
2685 5857 2967 5929 religione,
2993 5869 3047 5914 ut
3094 5875 3193 5916 nec
3231 5861 3345 5932 api-

2833 5972 2907 6032 18
