3936 6348
2762 148 2787 167 ο

578 325 682 382 B59
1489 327 1856 386 [ESUARDUS
1894 331 2271 392 MONACHUS
2311 336 2486 394 SANG
2497 339 2956 398 ERMANENSIS.
3771 349 3865 405 560

550 420 751 500 'video.
777 404 1041 509 Primum,
1073 442 1118 497 si
1150 443 1498 511 concedatur,
1530 454 1805 502 auetorem
1836 446 2152 520 Martyrolo-
2177 452 2229 512 Α
2254 467 2381 506 num
2409 454 2513 509 869
2541 464 2596 510 et
2622 456 2758 523 877;
2811 458 2922 514 imo
2952 459 3343 516 admittendum
3395 462 3505 517 erit
3560 460 3859 534 'scriptuu,

572 536 646 607 gii
696 534 1024 599 Usuardum,
1070 550 1206 606 opus
1254 551 1409 590 suum
1451 536 1616 591 semel
1665 546 1825 609 alque
1874 540 2069 595 iterum
2097 548 2153 598 et

544 620 716 683 'forte
761 628 923 683 tertio
974 629 1380 697 transcripsisse
1435 636 1528 684 aut
1575 632 1863 687 transcribi
1910 648 2148 699 curasse,

542 710 652 775 .sic
701 729 759 774 ut
805 721 1073 791 ecgrapha
1130 719 1219 774 illa
1278 722 1584 777 successive
1631 723 1940 795 descripta,
1993 735 2153 795 prout

546 812 713 869 ‘forte
743 812 1051 882 imperatori
1083 821 1176 867 aut
1201 813 1322 868 aliis
1346 813 1527 870 offerri
1554 815 1845 882 debebant,
1874 818 1999 873 hinc
2027 816 2151 873 inde

568 912 758 973 postea
791 903 1146 978 ingnonnullis
1171 905 1238 960 ab
1264 915 1485 963 auctore
1515 907 1634 978 ipso
1667 916 1936 975 correcta,
1963 909 2149 965 limata

570 1003 666 1048 aut
716 1002 923 1048 mutata
964 994 1185 1060 fuerint,
1221 997 1628 1065 accedentibus,
1666 1007 1724 1053 ut
1758 999 1839 1066 fit,
1873 1000 2027 1055 novis
2056 1016 2151 1056 no-

569 1085 728 1151 titiis,
774 1101 866 1141 seu
911 1087 1055 1141 veris
1094 1102 1189 1142 seu
1236 1085 1408 1143 falsis.
1454 1089 1623 1145 Porro
1670 1106 1735 1144 ex
1769 1090 1998 1146 diversis
2044 1091 2150 1149 illis

567 1177 955 1247 transsumptis
1000 1188 1221 1248 accepta
1270 1178 1469 1232 fuerint
1499 1182 1803 1251 apographa
1855 1181 1983 1246 illa,
2028 1198 2149 1252 quae

561 1284 684 1323 cum
732 1269 1067 1340 antographo
1115 1269 1170 1323 in
1216 1272 1388 1325 sancti
1440 1269 1696 1326 Germani
1749 1272 1976 1338 relicto,
2040 1288 2145 1328 nou

560 1378 946 1432 usquequaque
990 1363 1343 1418 concordant.
1396 1363 1509 1418 Hoc
1553 1380 1681 1419 vero
1727 1365 1799 1421 ibi
1846 1376 2142 1433 servatum,

561 1456 724 1511 toties
754 1457 981 1511 subinde
1006 1455 1263 1522 deletum,
1291 1471 1532 1523 erasum,
1560 1459 2025 1528 superinductum,
2059 1460 2144 1515 in-

560 1547 886 1617 terpolatum
934 1555 988 1601 et
1029 1548 1372 1627 deturpatum
1421 1549 1513 1614 sit,
1565 1557 1625 1603 ut
1666 1549 1882 1605 Mabilio
1922 1552 2037 1621 ipse
2078 1553 2145 1609 de

558 1654 687 1692 vera
723 1639 838 1709 ejus
869 1639 1145 1693 authentia
1176 1639 1522 1695 dubitaverit.
1570 1640 1729 1696 Certe
1769 1641 1990 1712 aliquid,
2022 1658 2142 1698 mea

558 1731 774 1801 quidem
816 1731 1107 1795 sententia,
1146 1729 1382 1786 defuisse
1415 1730 1693 1787 fatendmn
1722 1740 1825 1796 est,
1859 1748 1981 1787 cum
2012 1749 2140 1789 eru-

556 1821 654 1876 diti
684 1820 758 1875 illi
792 1821 915 1885 viri,
945 1829 1022 1875 tot
1059 1820 1409 1890 antiquorum
1449 1822 1936 1891 manuscriptorum
1968 1824 2139 1880 edito-
2167 1815 2215 1876 B

556 1927 668 1976 res.
707 1913 774 1967 ab
813 1914 917 1967 hoc
946 1911 1356 1982 promulgando,
1391 1913 1739 1983 quantumvis
1777 1927 1920 1983 saepe
1947 1928 2141 1984 provo-

547 2006 697 2067 cati,
727 2003 917 2058 tandiu
950 2003 1313 2057 abstinuerint
1350 2021 1363 2055 :
1408 2002 1592 2073 procul
1626 2003 1813 2070 dubio,
1852 2004 2138 2060 liturarum

553 2108 607 2151 et
642 2098 1001 2151 mutationum
1050 2095 1528 2150 intercurrentium
1577 2095 1920 2150 multitudine
1961 2097 2142 2151 deter-

554 2187 667 2241 riti.
720 2186 825 2241 Sed
869 2185 1129 2256 quidquid
1186 2201 1216 2240 a
1255 2185 1522 2256 vulgando
1550 2184 1798 2242 Usuardo
1846 2203 1944 2242 suo
1991 2188 2139 2258 ipsos

554 2260 821 2335 remorari
866 2278 1120 2350 potuerit,
1154 2278 1240 2333 via
1292 2278 1379 2332 hic
1414 2278 1708 2347 assignata,
1753 2278 1820 2333 ad
1864 2278 2139 2337 elidendas

550 2382 607 2430 ct
649 2373 1006 2444 aliquousque
1053 2370 1421 2442 explanandas
1464 2369 1707 2438 objectas
1760 2370 2133 2437 difﬁcultates,

551 2466 685 2522 mihi
716 2480 930 2535 semper
958 2463 1386 2528 verosimillima,
1425 2462 1651 2532 aliisque
1690 2463 1942 2519 omnibus
1973 2479 2138 2534 expe-

549 2557 715 2612 ditior
740 2556 853 2610 visa
880 2564 982 2611 est.

617 2648 742 2703 205.
786 2647 959 2701 Aliam
998 2646 1372 2713 nihilominus,
1414 2663 1507 2703 seu
1550 2646 1767 2703 modum
1807 2646 1970 2702 alium
2013 2663 2137 2718 sug-

546 2753 698 2811 gero,
726 2738 966 2809 praefatis
991 2738 1389 2809 objectionibus
1434 2754 1555 2794 sese
1583 2738 1916 2804 extricandi;
1960 2754 2135 2808 quan-

511 2824 515 2829 ”
548 2846 712 2901 quam
747 2846 854 2885 non
906 2838 1056 2885 tanta
1098 2829 1476 2900 probabilitate
1524 2829 1824 2885 subsistat:
1858 2830 1903 2884 si
1940 2844 2134 2900 nempe

547 2925 813 2995 tantisper
854 2932 1186 2995 supponatur
1218 2924 1423 2993 primos
1464 2924 1611 2993 ipsos
1661 2923 1949 2979 Usuardini
1980 2932 2133 2978 autc.

545 3018 738 3089 graphi
780 3017 1166 3087 descriptores,
1212 3025 1306 3069 aut
1350 3031 1446 3085 per
1494 3015 1837 3071 oscitantiam
1884 3016 2134 3072 omisisse

544 3111 760 3182 aliqua,
803 3120 895 3165 aut
929 3110 1149 3181 proprio
1195 3110 1422 3165 arbitrio
1461 3110 1793 3181 decerpsisse
1829 3127 1948 3181 quae
1995 3112 2133 3166 arri-

544 3204 754 3269 derent,
793 3204 1089 3272 eademque
1128 3202 1482 3268 auctoritate,
1528 3217 1648 3272 quae
1693 3217 1799 3257 non
1827 3201 2125 3272 placerent,

541 3295 892 3365 praeteriisse.
948 3294 1003 3349 ld
1038 3294 1290 3366 equidem
1339 3295 1473 3351 satis
1520 3294 1877 3366 plausibiliter
1915 3296 2132 3367 excogi-

542 3387 646 3442 tari
694 3402 855 3457 posse
916 3401 1021 3441 non
1070 3386 1319 3450 inlicior;
1376 3400 1563 3441 verum
1611 3401 1678 3440 an
1724 3387 1914 3441 harum
1948 3403 2129 3443 rerum

540 3479 723 3550 periti,
763 3478 814 3532 id
850 3478 952 3534 sibi
993 3478 1304 3548 persuaderi
1336 3477 1653 3548 patientur?
1690 3477 1771 3532 An
1803 3478 2024 3534 credent
2076 3479 2129 3534 id

541 3579 650 3624 tam
692 3569 850 3625 facile
890 3570 1205 3641 contingere
1252 3577 1344 3623 aut
1383 3569 1643 3640 potuisse,
1696 3578 1790 3624 aut
1826 3570 2016 3626 saltem
2063 3570 2130 3625 li-

537 3664 751 3729 cuisse,
790 3663 840 3717 in
871 3678 934 3718 eo
964 3662 1305 3733 potissimum
1336 3662 1743 3735 Martyrologio,
1777 3665 1920 3734 quod
1949 3662 2127 3720 Caesa-

538 3771 650 3819 rea,
682 3763 738 3808 ut
771 3755 844 3808 ita
883 3756 1079 3820 dicam,
1113 3755 1460 3819 auctoritate,
1499 3755 1565 3809 ad
1593 3770 1934 3811 communem
1961 3755 2125 3811 Galli-

537 3862 798 3901 canarum
830 3846 1194 3901 Ecclesiarum
1220 3861 1376 3900 usum
1408 3845 1820 3901 destinabatur?
1844 3848 2040 3917 quibus
2070 3847 2124 3903 id

538 3936 757 4006 quidem
806 3951 1126 3990 concessum
1197 3936 1356 3989 fateri
1406 3951 1691 4005 possumus
1723 3978 1738 4002 ,
1798 3946 1857 3992 ut
1905 3937 2121 4008 propria

454 4054 463 4059 ί
536 4028 778 4083 ecclesia:
805 4045 915 4082 sum
945 4029 1079 4082 festa
1107 4029 1429 4099 adjicerent;
1463 4030 1692 4086 Sanetus
1719 4039 1896 4086 autem
1929 4042 2118 4086 extru-

535 4124 694 4187 dere,
734 4131 828 4175 ant
871 4122 1415 4177 commemorationes
1465 4131 1705 4189 mutare;
1764 4124 1817 4178 id
1848 4138 1977 4178 vero
2012 4133 2117 4188 est,

532 4214 675 4284 quod
719 4213 819 4268 sub
862 4214 991 4284 ipsis
1030 4214 1309 4285 principiis
1346 4215 1650 4281 toleratum,
1702 4217 2117 4286 haudquaquam
2190 4221 2195 4226 ’

529 4308 924 4362 existinmmns.
974 4308 1099 4363 llzec
1135 4307 1251 4363 fere
1289 4320 1433 4375 sunt,
1471 4325 1590 4380 qtue
1620 4325 1719 4380 pro
1755 4312 2115 4381 suspectanda

529 4401 613 4456 vel
662 4402 1050 4473 propugnanda
1110 4404 1415 4473 tuendaque
1461 4403 1738 4460 Pratensis
1779 4406 1985 4461 codicis
2023 4421 2116 4462 ve-

2254 548 2337 602 vel
2373 549 2563 605 saltem
2611 550 2940 621 completum
2985 551 3155 608 fuisse
3183 564 3305 624 post
3344 571 3561 609 annum
3593 555 3734 620 875,
3763 573 3859 626 quo

2250 643 2482 712 primum
2511 643 2708 700 Calvus
2730 644 3024 714 imperator
3052 656 3267 703 creatus
3296 657 3397 714 cst,
3433 650 3716 719 adeoque
3740 666 3855 721 pro-

2248 736 2580 793 babilissime
2620 753 2765 793 anno
2800 741 3045 809 proxime
3081 742 3327 812 sequenti
3357 743 3488 797 876.
3545 743 3853 800 lnsistemb

2250 829 2554 886 Mabilionis
2629 833 2993 904 conjecturae,
3081 850 3430 907 consequens
3500 836 3700 892 etiam
3760 840 3849 893 erit

2249 921 2451 977 obiisse
2477 921 2782 978 Usuardum
2819 933 2945 980 ante
2972 925 3194 981 Calvum
3218 967 3233 991 ,
3263 910 3389 982 cum
3421 926 3524 981 hic
3558 925 3680 980 alia
3706 942 3846 982 manu

2249 1014 2564 1088 Necrologio
2607 1018 2899 1089 inscriptus
2933 1020 3024 1086 sit,
3053 1021 3414 1091 proindeque,
3444 1029 3512 1076 ut
3557 1036 3841 1085 summum,

2225 1109 2315 1163 'ad
2364 1111 2577 1165 initium
2604 1112 2733 1167 anni
2772 1114 2878 1169 877
2911 1117 3298 1186 supervixisse,
3331 1132 3447 1173 uno
3473 1118 3721 1172 circiter
3740 1128 3841 1188 pret

2248 1201 2551 1257 absolutum
2594 1211 2648 1258 et
2676 1204 2918 1260 oblatum
2946 1205 3141 1263 Carolo
3167 1209 3492 1280 imperatori
3530 1208 3839 1281 Martyrolo-

2247 1293 2392 1363 gium
2432 1309 2609 1348 suum.
2640 1295 2774 1362 Quis
2795 1295 2908 1365 jam
2952 1299 3325 1361 credatunius
3367 1309 3470 1355 aut
3523 1299 3703 1369 paulo
3737 1316 3835 1353 εει

2246 1386 2387 1456 plius
2414 1387 2541 1440 anni
2567 1387 2871 1454 intervallo,
2904 1391 3206 1445 tam'multa
3227 1390 3485 1448 Usuardo
3510 1393 3835 1453 occurrisse,

2245 1491 2365 1546 quae
2400 1478 2452 1532 in
2482 1477 2863 1551 Martyrologio
2891 1483 3108 1536 vixdum
3139 1484 3483 1552 imperatori,
3517 1493 3694 1554 atque
3720 1486 3834 1540 ade)

2244 1568 2489 1625 ecclesiis
2538 1570 2831 1627 Gallicanis
2878 1574 3304 1640 communicato,
3355 1575 3679 1641 eradenda,
3732 1593 3830 1631 Inl-

2246 1662 2428 1725 tanda,
2457 1661 2817 1729 obliteranda,
2848 1666 3242 1736 transponenda
3264 1707 3279 1728 ,
3316 1666 3716 1737 interpolanda
3738 1667 3829 1722 fue-

2244 1751 2388 1806 rint?
2424 1751 2537 1807 lmo
2574 1754 2697 1823 quis
2734 1755 3001 1825 suspicari
3044 1757 3191 1811 ausit
3232 1757 3287 1812 id
3338 1757 3608 1814 Usuardo
3635 1769 3735 1813 aut
3763 1758 3829 1814 fas

2242 1851 2336 1898 aut
2380 1844 2646 1914 integrum
2690 1846 2879 1915 fuisse,
2931 1859 3219 1918 pOStquam
3270 1849 3737 1923 Martyrologium
3774 1853 3826 1906 ab

2242 1937 2569 2008 imperatore
2618 1947 2673 1994 et
2715 1940 2958 1996 ecclesiis
3008 1951 3153 1998 esset
3199 1943 3549 1999 admissum?
3605 1944 3826 2009 Rursus,

2240 2030 2363 2100 quis
2407 2031 2632 2087 suadeat
2678 2034 2838 2088 toties
2888 2050 3232 2091 recursurum
3278 2037 3534 2092 eamdem
3592 2054 3825 2104 manum,

2240 2122 2562 2190 addentem,
2613 2125 3011 2193 detrahentem,
3034 2138 3246 2195 etc.,et
3300 2137 3487 2184 tamen
3530 2139 3635 2185 tam
3685 2147 3830 2202 sepe

2240 2230 2500 2286 apparere
2544 2227 2908 2273 atramentum
2961 2218 3125 2285 aliud,
3165 2219 3251 2275 vel
3297 2220 3501 2277 indicia
3534 2222 3665 2288 alia,
3706 2238 3830 2293 qua:

2239 2308 2374 2361 satis
2414 2309 2739 2364 convincant
2781 2310 2980 2367 multos
3023 2327 3195 2368 annos
3230 2311 3509 2368 faciendis
3541 2316 3825 2371 correctio-

2240 2398 2400 2453 nibus
2429 2408 2580 2454 certo
2609 2401 3013 2458 intercurrisse.

2310 2490 2438 2546 207.
2467 2493 2625 2548 Aliud
2653 2503 2759 2561 est,
2787 2496 2930 2565 quod
2957 2496 3161 2553 codicis
3184 2496 3473 2554 Pratensis
3502 2500 3814 2555 authentim

2238 2600 2332 2640 seu
2363 2588 2774 2658 autographiam
2821 2589 3083 2644 incertam
3118 2591 3317 2656 reddit,
3361 2590 3494 2645 inde
3544 2593 3811 2648 deductu

2235 2678 2379 2747 quod
2416 2678 2587 2748 prima
2626 2680 2740 2749 ipsa
2777 2681 3059 2751 scriptoris
3100 2697 3293 2737 manus
3321 2691 3588 2737 constare
3618 2684 3816 2738 omnino

2235 2776 2487 2836 nequeat.
2566 2766 2623 2823 Si
2671 2770 2815 2823 enim
2864 2771 2976 2825 sola
3037 2771 3161 2835 ista,
3212 2787 3334 2842 quae
3388 2773 3576 2842 ipsum
3628 2783 3812 2828 textum

2234 2861 2508 2931 exprimit,
2541 2863 2874 2933 autographa
2902 2872 2957 2918 et
2978 2863 3290 2922 .Usuardina
3319 2880 3523 2920 manus
3548 2873 3661 2929 est,
3692 2882 3815 2934 que-

2232 2968 2466 3024 cumque
2502 2969 2662 3008 manu
2704 2955 2806 3009 alia
2844 2963 2901 3010 et
2938 2956 3228 3021 recentiori
3269 2957 3338 3011 ad
3371 2958 3688 3028 marginem
3723 2958 3817 3011 sive

2232 3045 2298 3099 ad
2343 3044 2547 3100 calcem
2587 3044 2940 3114 adjiciuntur,
2975 3046 3225 3103 Usuardo
3269 3046 3640 3117 adjudicanda
3688 3057 3817 3103 sunt.

2232 3135 2396 3206 Atqui
2436 3151 2542 3192 non
2593 3154 2717 3192 raro
2765 3140 3023 3205 occurrit,
3070 3148 3129 3194 ut
3160 3139 3364 3194 similia
3399 3140 3821 3208 adjectamenta,

2237 3226 2288 3279 in
2332 3226 2585 3281 omnibus
2643 3226 2765 3282 aliis
2812 3228 3089 3284 codicibus
3134 3228 3359 3300 proprio
3408 3228 3519 3283 loco
3556 3238 3820 3298 reperta,

2234 3328 2385 3375 certo
2428 3318 2803 3376 demonstrent
2863 3321 2952 3376 illa
3015 3322 3131 3394 ipsa
3179 3321 3466 3377 verissime
3512 3320 3819 3377 Usuardina

2234 3427 2388 3477 esse;
2428 3411 2553 3467 hinc
2604 3412 2785 3482 itaque
2838 3413 3215 3483 consequitur,
3270 3414 3475 3472 omnia,
3505 3428 3637 3483 qua
3671 3413 3728 3467 in
3760 3428 3819 3468 eo

2232 3505 2417 3559 codice
2452 3493 2819 3572 continentur,
2847 3506 3018 3576 prima
3048 3507 3163 3577 ipsa
3198 3505 3431 3562 Usuardi
3473 3522 3657 3561 manu
3700 3507 3818 3561 scri-

2228 3606 2319 3666 pta
2366 3612 2472 3653 non
2518 3613 2661 3665 esse,
2705 3599 2789 3653 vel
2830 3600 3004 3671 ipsum
3052 3601 3266 3655 diverso
3310 3601 3647 3655 charactere
3682 3615 3817 3655 um

2196 3676 2199 3679 ’
2229 3690 2414 3756 fuisse,
2449 3706 2678 3761 quorum
2712 3692 3033 3749 alterutrum
3062 3708 3169 3749 non
3197 3693 3354 3749 facile
3380 3693 3653 3764 digerent
3682 3703 3815 3747 auto-

2194 3782 2414 3859 graphi
2466 3783 2629 3847 illius,
2661 3799 2755 3839 seu
2784 3784 2898 3840 veri
2943 3800 3037 3840 seu
3071 3785 3324 3855 pratensi
3352 3796 3815 3855 propugnatores.

2224 3875 2371 3929 Inter
2399 3876 2549 3931 varia
2581 3876 2850 3948 exempla,
2885 3876 3014 3932 illud
3055 3878 3108 3932 in
3151 3886 3532 3949 argumentum
3583 3894 3817 3939 assumo,

2188 4017 2205 4045 ,ἢ
2224 3969 2366 4037 quod
2412 3967 2568 4023 nobis
2606 3967 2764 4023 offert
2796 3970 3002 4025 mensis
3025 3969 3341 4026 Novembris
3367 3971 3489 4026 dies
3514 3988 3610 4027 vn
3647 3975 3700 4029 in
3725 3972 3819 4027 elo-

2223 4058 2311 4130 gio
2341 4059 2624 4114 llerculani
2653 4060 2906 4118 Perusini
2951 4063 3229 4133 episc0pi:
3269 4063 3437 4132 Cujus
3476 4082 3691 4136 corpus
3722 4075 3818 4134 post

2222 4149 2563 4205 abscisionem
2596 4153 2804 4223 capitis,
2832 4162 2965 4219 etc.,
2998 4156 3338 4224 desumptum
3370 4170 3443 4210 ex
3473 4155 3675 4229 Magni
3704 4157 3820 4214 Gre-

2220 4240 2356 4311 gorii
2390 4241 2733 4311 Dialogorum
2770 4243 2866 4299 lib.
2914 4261 2994 4309 ιιι,
3029 4260 3149 4315 cap.
3181 4245 3262 4299 i5.
3300 4245 3414 4300 Hoc
3449 4257 3652 4303 autem
3687 4266 3819 4320 repe-

2220 4333 2359 4387 ritur
2393 4334 2447 4387 in
2481 4335 2881 4405 exemplaribus
2902 4338 3177 4402 omnibus,
3208 4353 3301 4393 seu
3339 4339 3574 4408 primae,
3609 4358 3709 4396 seu
3742 4358 3817 4394 se-

2217 4426 2426 4492 cundae,
2470 4441 2565 4480 seu
2605 4428 2978 4499 cujuscunque
3020 4438 3198 4495 notae,
3241 4431 3355 4485 sive
3398 4435 3816 4506 manuscriptis,

522 4501 724 4550 tustate
773 4494 1003 4550 candide
1056 4497 1365 4551 censuimus
1395 4537 1410 4562 ,
1459 4496 1563 4552 hoc
1608 4498 1766 4553 unice
1805 4508 2191 4611 quaerentesD
2217 4517 2331 4573 sive
2379 4518 2521 4590 typis
2564 4494 2757 4584 εάίίεε,
2802 4519 2848 4575 si
2878 4494 3278 4577 ᾠοτηδοεηέθη,
3325 4532 3375 4577 ει
3419 4494 3818 4582 Ρυιεδηαξεεέ

524 4594 581 4611 ..ι
632 4587 675 4611 Αέ
729 4596 869 4611 -.ι-ι-
939 4597 1072 4611 ιιι-.-
1136 4598 1349 4611 -----.-,Α
1407 4591 1486 4611 “-l
1531 4591 1637 4611 2..--
1692 4591 1921 4611 IY-,_-__J!
1960 4601 2077 4611 μ.Ᾱᾷ
2323 4608 2332 4611 -
2380 4609 2389 4611 4
2586 4608 2615 4611 _-
2747 4608 2759 4611 -

502 4582 585 4641 ‘ut
628 4587 677 4642 ei
728 4596 874 4643 sarta
939 4597 1078 4644 tecta
1136 4598 1353 4645 maneat
1407 4591 1487 4646 vel
1530 4591 1646 4661 ipsa
1692 4591 1923 4648 Usuardi
1952 4601 2104 4657 tetas,

2230 4582 2478 4679 excipias,
2506 4608 2703 4680 quibus
2738 4582 3226 4668 familiarissimum
3269 4623 3354 4668 est
3397 4616 3622 4672 similia
3660 4620 3817 4689 elogia

524 4677 948 4747 admittatnrque
1016 4679 1383 4735 correctiones
1451 4696 1678 4748 omnes,
1733 4683 2105 4753 interpolatio-

522 4784 640 4831 nes,
678 4775 810 4841 etc.,
844 4768 895 4821 in
926 4770 1124 4839 quibus
1153 4771 1338 4825 eadem
1370 4787 1562 4826 manus
1602 4783 1849 4843 apparet,
1880 4775 1949 4831 ab
1988 4774 2106 4845 ipso

521 4855 774 4912 Usuardo
805 4856 976 4913 factas
1005 4858 1212 4925 fuisse;
1262 4876 1570 4931 quanquam
1621 4864 1674 4919 id
1714 4867 1921 4921 creditu
1969 4866 2107 4922 ditii-

513 4947 798 5013 cillimum,
838 4959 1057 5020 propter
1087 4951 1230 5006 aliud
1266 4968 1481 5023 quoque
1516 4966 1892 5027 argumentum
1912 4999 1927 5024 ,
1958 4960 2103 5030 quod

508 5030 601 5094 hic
629 5041 874 5112 subjicio.

579 5134 703 5188 9.06.
743 5134 844 5203 Qui
873 5134 1181 5193 Usuardum
1209 5138 1419 5208 pridem
1454 5141 1522 5196 ad
1547 5138 1727 5195 Caroli
1752 5139 1929 5211 Magni
1961 5148 2099 5196 tem-

501 5243 637 5298 pora
691 5227 1016 5298 rejecerunt,
1063 5247 1126 5286 ea
1174 5233 1320 5288 ducti
1373 5242 1500 5289 sunt
1549 5235 1780 5300 ratione,
1811 5236 1952 5305 quod
1977 5234 2095 5305 ejus

503 5317 953 5393 Martyrologium
1009 5322 1205 5379 Carolo
1233 5325 1477 5397 Augusto
1543 5327 1851 5382 dedicatum
1910 5337 2085 5393 esset;

498 5421 585 5465 ast
635 5412 727 5467 alii
773 5415 1056 5471 nobiscum
1099 5427 1244 5473 recte
1297 5430 1656 5489 reposuerunt
1713 5421 2090 5490 probationem

496 5502 702 5558 nullam
739 5520 888 5572 esse,
927 5522 1049 5563 cum
1086 5518 1141 5564 et
1167 5509 1397 5568 Carolus
1433 5512 1631 5569 Calvus
1652 5514 1948 5586 Augustus,
1992 5530 2089 5571 seu

497 5594 797 5666 imperator
848 5598 1045 5667 fuerit,
1086 5612 1251 5673 atque
1299 5605 1427 5660 huic
1467 5614 1526 5659 ut
1570 5606 1885 5675 imperatori
1935 5605 2088 5661 obla-

497 5696 632 5741 tum.
674 5689 851 5760 Supra
892 5701 1070 5748 autem
1119 5711 1186 5750 ex
1212 5695 1520 5753 Mabilionis
1548 5697 1862 5768 conjectura
1918 5700 2090 5756 admi-

493 5778 665 5839 simus
727 5781 987 5854 scriptum
1068 5784 1232 5842 fuisse
1310 5787 1751 5881 Martyrologium
1800 5793 1941 5848 inter
1991 5808 2088 5861 an-

2212 4711 2306 4756 aut
2343 4703 2649 4770 decurtare,
2690 4712 2785 4762 aut
2821 4721 3047 4776 prorsus
3089 4710 3427 4766 rescindere.
3460 4712 3541 4767 At
3566 4730 3709 4772 vero
3730 4717 3819 4771 hoc

2213 4792 2387 4863 ipsum
2420 4794 2651 4866 elogium
2700 4797 2873 4853 codici
2901 4798 3149 4856 Pratensi
3192 4802 3257 4857 ad
3303 4805 3632 4873 marginem
3682 4809 3816 4878 adje-

2211 4895 2360 4941 ctum
2387 4895 2492 4951 est,
2525 4902 2589 4942 ac
2618 4896 2755 4944 teste
2776 4888 3085 4947 Castellano
3116 4892 3169 4963 (ὰ
3190 4891 3239 4946 la
3263 4910 3448 4964 margc
3473 4907 3530 4950 et
3552 4915 3625 4953 ea
3653 4899 3819 4954 (eum

2210 4979 2381 5032 moins
2433 4979 2713 5034 ancienne:
2751 4997 2852 5052 que
2894 4981 2942 5036 le
2986 4982 3144 5055 texta)
3190 4985 3294 5039 hoc
3337 4994 3459 5052 est,
3517 4991 3817 5049 recentiori

2211 5084 2377 5124 manu
2403 5087 2416 5125 :
2442 5086 2574 5141 ergo
2602 5072 2653 5126 in
2678 5073 2904 5143 prmfato
2929 5075 3117 5130 codice
3139 5076 3319 5147 aliqua
3342 5094 3474 5135 vere
3502 5080 3817 5140 Usuardina

2209 5168 2358 5226 sunt,
2385 5177 2505 5232 quae
2534 5162 2886 5221 nihilominus
2914 5168 3204 5223 recentiori
3224 5185 3386 5224 manu
3415 5176 3815 5241 ascribuntur;

2205 5265 2335 5321 ergo
2361 5268 2467 5306 non
2510 5263 2725 5308 constat
2748 5256 2977 5324 primam
3008 5273 3226 5312 manum
3251 5274 3374 5315 esse
3415 5261 3815 5322 Usuardinam.

2205 5340 2420 5409 Quaero,
2456 5351 2579 5397 utra
2612 5344 2718 5400 sit?
2758 5345 2894 5401 Falli
2922 5356 2978 5403 et
3008 5348 3190 5404 doceri
3230 5352 3410 5422 cupio,
3447 5364 3508 5409 at
3549 5366 3639 5412 tot
3667 5359 3815 5414 defe-

2205 5441 2341 5497 ctus,
2366 5445 2677 5506 augmenta,
2708 5437 3069 5507 inductiones,
3092 5442 3481 5510 mutilationes,
3502 5450 3817 5520 etc.,plane

2203 5530 2345 5578 naue
2373 5535 2503 5579 sunt
2532 5526 2895 5597 suspicionem
2926 5529 3171 5601 injicere,
3208 5533 3453 5589 codicem
3489 5536 3817 5638 Πικηνίτιδ-

2203 5614 2543 5638 ΙΛ--...--.....---
2605 5634 2704 5638 μγ---
2758 5634 2832 5638 κ---
2854 5620 2918 5638 λι-
2965 5636 3050 5638 “HA
3233 5633 3244 5638 -
3510 5637 3515 5638 ,
3720 5636 3726 5638 ν
3757 5633 3767 5638 -

2200 5614 2567 5686 lemcumque,
2604 5634 2710 5672 non
2755 5620 2928 5690 magis
2955 5636 3119 5691 quam
3148 5633 3379 5680 caeteros
3424 5614 3815 5701 autographa:

2198 5706 2558 5778 prmrogativa
2589 5709 2867 5764 donatum.
3154 5707 3162 5716 ’

2270 5793 2396 5848 208.
2430 5794 2557 5852 Haec
2592 5808 2643 5853 et
2684 5780 3031 5872 quaecunqute
3077 5802 3182 5858 alia
3225 5807 3276 5860 in
3305 5803 3815 5865 Observationibus
