3936 6348
73 384 165 440 561

1432 368 1805 427 PROLEGOM
1815 368 1946 426 ENA
1957 408 1970 426 .

3228 373 3333 428 562

75 492 384 553 Usuardinis
431 491 498 546 de
549 487 914 545 illustrissimo
964 487 1174 551 codice,
1204 488 1347 542 ultro
1401 487 1647 554 citroque
1674 484 1725 543 A
1750 484 2031 550 stellantis,
2062 484 2273 540 sincere
2317 485 2587 551 testando,
2630 486 3096 543 annuntiationem
3125 488 3280 543 istam
3316 508 3329 543 :

73 590 239 649 dicta,
304 583 384 639 sic
422 578 582 638 velim
642 578 911 648 accipiant
974 576 1327 632 eruditissimi
1386 577 1647 645 nobisque

71 675 464 736 mstimat‘issimi
508 672 623 728 RR.
648 671 751 727 PP.
777 670 1113 727 Benedictini
1154 669 1327 725 sancti
1363 667 1643 732 Germani,

74 779 144 832 ut,
171 766 414 822 veritatis
443 763 759 834 indagandae
784 761 979 833 gratia,
1005 761 1164 816 unice
1192 760 1432 816 discussa
1454 767 1508 815 et
1532 759 1643 814 dis-

72 868 265 933 putata.
315 857 497 915 Solam
548 855 719 921 il'lam,
757 854 928 909 solam
969 852 1331 910 Usuardinam
1383 850 1645 921 simplici-

75 965 248 1020 tatem,
287 955 402 1024 jam
442 960 520 1007 tot
558 949 716 1005 annis
739 957 901 1019 atque
939 963 1006 1003 ex
1044 956 1154 1002 tam
1177 948 1346 1002 variis
1375 945 1646 1015 exempla-

74 1049 226 1105 ribus.
247 1048 639 1119 quasivimus;
690 1060 812 1115 qua:
847 1045 893 1100 si
931 1059 995 1100 ex
1041 1043 1155 1100 solo
1176 1043 1424 1099 Pratensi
1454 1058 1648 1098 mann-

74 1142 263 1212 seripto
288 1140 496 1196 hauriri
526 1138 813 1209 potuisset,
841 1153 947 1192 non
974 1137 1226 1192 existimo
1253 1136 1457 1192 codicis
1505 1136 1647 1192 illius

72 1244 439 1301 possessores,
484 1238 562 1284 tot
596 1227 811 1284 saeculis
847 1228 1087 1283 eruditos
1128 1243 1337 1288 omnes.
1375 1227 1492 1296 ejus
1534 1228 1649 1283 avi-

74 1321 324 1385 dissimo,
370 1329 520 1375 tanto
569 1320 825 1375 thesauro
885 1319 1194 1389 privaturos
1241 1318 1429 1375 fuisse.
1499 1320 1648 1375 Solet

70 1410 264 1479 passim
283 1409 440 1481 longe
463 1409 638 1481 pluris
664 1408 783 1463 ﬁeri
798 1407 992 1463 Molani
1017 1410 1203 1473 editio,
1219 1426 1381 1480 quam
1398 1409 1647 1466 laudatus

77 1506 222 1556 toties
269 1502 462 1567 codex,
518 1501 632 1557 sive
663 1515 789 1556 vere
815 1503 932 1555 sive
958 1512 1222 1570 prastense
1254 1504 1644 1573 autographus,

73 1609 163 1649 nec
189 1609 278 1648 me
306 1594 359 1648 in
405 1594 480 1647 ita
506 1592 856 1649 sentientium
898 1608 1123 1647 numero
1148 1609 1269 1649 esse
1299 1593 1514 1649 difﬁteri
1545 1610 1645 1648 au-

74 1686 185 1739 sim.
234 1683 294 1740 Si
336 1682 515 1749 fallor,
561 1698 803 1739 errorem
845 1693 899 1738 et
940 1685 1071 1740 mihi
1113 1694 1167 1741 et
1205 1687 1417 1742 caneris
1442 1688 1648 1743 eximat

72 1790 134 1829 ex
176 1789 237 1828 ea
283 1773 637 1829 celeberrima
684 1774 1122 1846 Congregatione
1171 1776 1365 1832 doctus
1412 1777 1640 1848 aliquis,

1748 571 1815 626 In
1866 585 2037 627 monte
2094 572 2361 640 Verziaco,
2400 582 2532 640 etc.,
2576 577 2896 631 secundaria
2943 577 3123 648 aliqua
3168 595 3333 635 manu

1745 662 1921 719 codici
1969 662 2215 719 Pratensi
2246 663 2533 733 adjectam,
2566 672 2627 720 ut
2671 683 2767 722 xm
2803 667 3045 723 Januarii
3080 671 3331 741 agnosci-

1746 769 1895 822 mus;
1928 754 1983 809 id
2021 755 2166 825 quod
2203 770 2233 810 a
2276 752 2569 813 Sirmondo
2607 764 2661 812 et
2699 755 2947 815 Cortasio
2985 750 3334 816 observatum

1746 858 1852 897 non
1884 842 2081 898 fuerat.

1814 936 1963 992 21ου
1985 937 2041 993 Si
2077 937 2144 992 de
2186 939 2468 1008 utriusque
2495 940 2849 1009 manuscripti
2892 948 3163 998 vetustate
3189 957 3339 1013 qua:-

1746 1028 1908 1093 ritur,
1942 1027 2084 1085 ultro
2125 1037 2181 1084 et
2216 1028 2405 1085 lubens
2435 1029 2630 1097 fateor,
2666 1029 3044 1087 Heriniensem
3087 1028 3337 1088 nostrum

1746 1120 2154 1176 membraneum
2197 1120 2446 1176 Pratensi
2492 1121 2729 1191 palmam
2775 1122 2996 1178 omnino
3044 1124 3258 1189 cedere,
3289 1125 3337 1180 si

1745 1211 1830 1267 vel
1880 1211 1994 1268 sola
2043 1210 2379 1268 'characteris
2423 1212 2598 1269 forma
2626 1215 2984 1279 .attendatur,
3014 1231 3168 1285 quae,
3201 1224 3341 1274 teste.

1746 1299 2075 1368 Castellano,
2106 1302 2159 1357 in
2186 1303 2436 1359 Pratensi
2467 1304 2685 1361 modum
2722 1304 2993 1361 scribendi
3025 1305 3341 1376 antiquissi-

1747 1413 1895 1452 mum
1941 1396 2124 1462 refert,
2150 1412 2312 1467 quem
2362 1399 2476 1468 ipse
2513 1408 2672 1455 vocat
2700 1397 3200 1470 Carlovingiacum;
3230 1397 3339 1453 He-

1748 1487 1999 1542 riniensis
2036 1504 2185 1554 vero,
2240 1488 2400 1559 paulo
2451 1489 2840 1561 elegantiorem
2887 1505 2953 1544 ac
3000 1490 3337 1556 nitidiorem,

1748 1579 1954 1635 duobus
1982 1580 2262 1634 minimum
2292 1580 2504 1636 szeeulis
2534 1582 2913 1652 posteriorem.
2948 1580 3019 1635 At
3047 1582 3092 1637 si
3124 1582 3338 1652 purita-

1751 1679 1856 1725 tem
1884 1683 2210 1741 spectemus,
2237 1672 2630 1739 sinceritatem,
2661 1673 3051 1743 integritatem,
3080 1675 3343 1744 simplici-

1748 1770 1949 1829 tatem,
1996 1779 2102 1818 non
2163 1763 2387 1819 dubium
2429 1773 2515 1819 est
2567 1764 2695 1836 quin
2742 1766 2913 1820 codex
2958 1774 3146 1821 noster
3183 1765 3341 1821 alteri

76 1864 361 1934 harumque
409 1880 590 1919 rerum
639 1865 847 1935 peritus
871 1882 886 1929 ς
913 1845 1077 1921 dubia
1113 1883 1251 1931 mea,
1287 1868 1396 1924 ίιηο
1432 1845 1641 1936 (πέδω,
1671 1845 1719 1904 Β
1746 1852 1905 1924 longe
1934 1854 2242 1911 antecellat.
2278 1854 2562 1926 Scriptura
2590 1866 2914 1912 vetustatem
2959 1857 3094 1913 satis
3123 1858 3338 1928 probat,

75 1954 124 2008 in
165 1970 310 2025 quae,
354 1955 542 2010 codice
586 1955 701 2025 ipso
744 1956 1010 2025 privatus,
1060 1957 1247 2022 incidi,
1291 1958 1547 2029 explanet
1590 1969 1646 2014 et

75 2045 262 2111 diluat;
291 2047 499 2116 primus
536 2061 637 2118 ego
676 2048 1080 2118 promptissime
1123 2053 1428 2107 retraetaho
1490 2054 1643 2123 quid-

75 2135 193 2204 quid
232 2135 366 2191 forte
406 2136 473 2191 de
507 2139 840 2209 autographo
872 2139 963 2194 illo
1005 2140 1245 2210 iniquius
1276 2143 1510 2198 sensisse
1538 2144 1643 2199 dici

73 2242 303 2295 possum.
337 2226 479 2283 Satis
522 2228 771 2299 equidem
802 2232 869 2287 de
909 2233 1182 2303 republica
1227 2235 1488 2291 litteraria
1532 2252 1645 2293 mc-

75 2316 210 2370 rilns
251 2318 487 2383 videbor,
520 2320 564 2374 si
597 2320 648 2373 id
681 2320 750 2376 ab
778 2320 911 2390 ipsis
939 2321 1305 2392 importunius
1338 2316 1643 2393 extorsero,

80 2415 223 2481 quod
275 2431 427 2470 nemo
468 2417 728 2473 hactenus
786 2418 1037 2488 precibus
1078 2429 1132 2473 et
1175 2422 1646 2479 exhortationibus

77 2501 365 2574 impetrare
409 2507 610 2562 valuit:
644 2517 791 2578 puta,
845 2510 890 2564 si
935 2509 986 2564 id
1033 2511 1457 2569 dubitationibus
1508 2516 1645 2569 meis

73 2594 299 2653 efficiam
328 2608 385 2653 ut
414 2598 712 2656 Usuardum
750 2602 852 2671 ipsi
880 2618 1037 2658 suum
1065 2606 1247 2659 nativa
1275 2606 1642 2676 simplicitate,

74 2686 263 2756 iisque,
292 2690 485 2761 quibus
512 2692 796 2758 voluerint,
824 2695 1263 2753 adnotationibus
1292 2698 1644 2765 vindicatum,

71 2778 266 2847 publici
304 2781 443 2851 juris
488 2783 778 2854 aliquando
819 2784 1052 2853 faciant;
1096 2788 1205 2844 imo
1248 2790 1294 2846 si
1326 2791 1516 2846 eodem
1548 2793 1646 2846 im-

73 2882 190 2939 petu
244 2873 545 2931 Usuardnm
599 2887 841 2933 nostrum
898 2890 1182 2938 succutere
1226 2895 1512 2946 conentur,
1568 2885 1649 2940 sic

70 2966 344 3034 cecidisse,
384 2970 693 3040 triumphus
728 2972 877 3040 erit;
906 2975 1157 3031 eumdem
1197 2991 1387 3034 omnes
1428 2993 1648 3050 scepnm

70 3057 343 3124 praeﬁxum
372 3060 658 3127 habemus,
700 3071 780 3128 ut,
820 3064 1098 3136 dissipatis
1139 3067 1401 3133 tenebris,
1438 3085 1652 3125 errores
1686 3114 1689 3117 ρ

69 3146 429 3217 depellantur,
455 3162 681 3208 eruatur
705 3155 925 3222 veritas,
960 3157 1255 3228 antiquitas
1279 3160 1648 3216 ecclesiastica

70 3239 149 3292 vel
172 3240 384 3296 aemulis
412 3242 606 3299 studiis
633 3236 958 3312 illustrétur,
995 3248 1064 3303 ad
1093 3248 1357 3318 majorem
1386 3252 1478 3307 Dei
1523 3267 1650 3308 san-

69 3340 383 3405 ctorumque
414 3335 668 3409 gloriam.

216 3476 243 3540 §
280 3476 346 3533 ll.
364 3504 430 3517 —'
449 3479 524 3532 De
548 3476 714 3533 nostro
737 3485 969 3548 primario
988 3487 1272 3541 Heriniensi
1295 3491 1479 3542 codice.

132 3601 260 3658 209.
313 3604 600 3664 Bollandus
648 3608 795 3685 dicto
842 3612 1090 3682 superius
1152 3610 1486 3683 praefationis
1537 3613 1656 3670 loco

65 3693 298 3764 pag.51,
315 3706 597 3769 postquam
618 3699 963 3768 Pratensem,
978 3711 1035 3758 et
1048 3703 1210 3758 alium
1233 3703 1397 3759 Minei
1413 3705 1654 3761 codicem

64 3782 366 3853 laudasset,
397 3789 474 3867 sic
495 3792 670 3864 pergit
698 3807 713 3846 :
750 3812 769 3845 ι
801 3791 911 3867 Sed;
929 3795 1071 3864 quod
1093 3810 1254 3864 supra
1278 3797 1442 3853 citavi
1475 3811 1658 3852 exem-

64 3876 184 3945 plar
204 3886 476 3946 nostrum,
500 3882 717 3953 utrique
744 3882 820 3938 illi
845 3883 1001 3955 longe
1028 3884 1278 3955 prtefero,
1303 3895 1360 3941 et
1384 3888 1572 3958 purius
1593 3904 1657 3945 ac

61 3970 341 4026 sincerius
378 3988 525 4041 reor,
549 3991 673 4039 nam
697 3977 1134 4047 antiquissimum
1169 3978 1298 4034 illud
1328 3979 1655 4047 Parisiense,

64 4060 246 4119 Idibus
286 4062 530 4145 Januarii
566 4068 683 4123 hzec
724 4069 887 4125 nabet
916 4088 930 4123 :
963 4070 1020 4124 In
1059 4079 1243 4126 monte
1282 4070 1561 4136 Verziaco,
1597 4073 1654 4129 S.

68 4150 318 4210 Viventii
346 4158 690 4224 confessoris,
719 4174 843 4214 cum
866 4168 1098 4226 constet,
1129 4172 1251 4232 post
1279 4162 1506 4218 Usuardi
1534 4172 1663 4218 mta-

64 4254 175 4301 tem
211 4247 516 4306 translatas
539 4265 660 4306 esse
686 4250 1005 4323 Vergiacum
1035 4251 1092 4309 S.
1128 4254 1358 4309 Viventii
1380 4256 1657 4325 reliquias,

56 4336 162 4392 nisi
197 4340 472 4396 extremis
512 4341 743 4397 fortasse
773 4342 919 4398 Calvi
959 4343 1291 4414 temporibus
1333 4346 1574 4417 scripsit,
1608 4355 1663 4401 et

57 4427 151 4482 diu
182 4437 383 4501 postea
423 4431 498 4487 illi
543 4442 819 4503 superstes
852 4433 1007 4500 vixit,
1043 4434 1254 4504 istaque
1292 4445 1420 4491 tunc
1458 4438 1664 4492 adscri-

1748 1945 1962 2001 tametsi
2008 1961 2040 1999 a
2081 1946 2410 2015 peritissimo
2450 1946 2671 2002 librario
2706 1949 2916 2018 depicta
2948 1949 3039 2013 sit,
3072 1950 3345 2020 habetque

1745 2051 1858 2108 prze
1895 2035 2110 2091 caeteris
2150 2033 2321 2091 ferme
2353 2036 2653 2102 codicibus,
2684 2039 2828 2107 quod
2869 2039 3265 2110 diphthongum
3297 2056 3345 2095 ae

1746 2129 1892 2185 clare
1927 2142 2142 2198 semper
2176 2126 2423 2184 ell‘ormet
2469 2145 2565 2199 per
2605 2137 2668 2196 e,
2712 2139 2931 2201 recepto
2980 2146 3132 2187 more
3175 2146 3347 2186 saecu-

1748 2223 1799 2280 lo
1829 2241 1906 2289 ιιι,
1942 2224 2008 2278 ad
2051 2224 2196 2293 quod
2226 2224 2471 2280 codicem
2518 2224 2668 2280 illum
2715 2229 3079 2283 revocandum
3111 2226 3347 2297 majores

1746 2315 1920 2370 nostri
1966 2315 2161 2395 merito
2187 2324 2536 2383 censuerunt,
2567 2332 2689 2372 cum
2720 2317 2849 2372 nulli
2881 2319 3053 2374 sancti
3080 2333 3146 2375 eo
3174 2334 3347 2374 saecu-

1746 2409 1799 2465 lo
1844 2411 2180 2465 recentiores
2236 2409 2581 2480 adjiciantur.
2636 2412 2731 2468 Sic
2779 2427 2870 2468 xtx
2921 2413 3121 2484 Aprilis
3170 2414 3344 2469 textui

1749 2499 2056 2556 Usuardino
2098 2502 2396 2557 attexitur:
2432 2502 2697 2571 Depositio
2735 2504 2916 2558 donmi
2951 2503 3141 2559 Leonis
3169 2521 3344 2575 papas,

1746 2593 1835 2663 qui
1859 2591 2151 2647 Ecclesiam
2176 2592 2315 2647 beati
2349 2593 2571 2664 Remigii
2600 2595 2860 2649 dedicavit
2887 2615 2905 2651 :
2936 2598 3053 2663 sed,
3079 2607 3139 2651 ut
3167 2597 3342 2661 vides,

1748 2685 1954 2754 absque
2006 2686 2179 2757 sancti
2249 2684 2438 2751 titulo;
2492 2687 2627 2740 obiit
2682 2688 2936 2742 nimirum
2992 2704 3135 2743 anno
3181 2688 3342 2743 1054.

1746 2767 1881 2832 Item
1912 2776 2098 2832 tJunii
2137 2777 2304 2850 legit:
2342 2777 2577 2833 Treveris
2626 2781 2860 2846 civitate,
2902 2781 3157 2852 depositio
3198 2781 3337 2836 beati

1750 2870 2009 2926 Simeonis
2060 2873 2339 2937 monachi,
2399 2882 2532 2939 etc.,
2586 2886 2749 2943 quem
2799 2884 3071 2930 mortuum
3128 2882 3347 2931 constat

1750 2977 1892 3017 anno
1932 2963 2090 3019 1055.
2121 2962 2301 3020 Titulo
2345 2965 2479 3019 beati
2521 2965 2838 3036 insignitur,
2866 2967 3140 3021 communi
3173 2967 3349 3021 nomi-

1753 3070 1840 3120 ne,
1871 3055 2033 3112 etiam
2079 3064 2204 3126 post
2237 3059 2704 3114 canonizationem
2743 3061 2908 3130 (anno
2950 3060 3086 3115 1042
3125 3060 3346 3126 factam)

1754 3162 1784 3199 a
1809 3146 2188 3219 Martyrologis
2226 3148 2389 3203 tribui
2425 3150 2604 3205 solito.
2630 3151 2763 3206 Cum
2803 3160 2983 3207 autem
3016 3168 3071 3206 1x
3101 3151 3225 3207 Maii
3260 3170 3347 3208 re-

1758 3235 1967 3292 feratur
2008 3238 2289 3294 translatio
2321 3242 2492 3295 sancti
2529 3241 2763 3309 Nicolai,
2796 3244 2839 3298 si
2889 3243 3003 3298 haec
3048 3257 3176 3299 vere
3222 3260 3353 3299 con-

1759 3329 1877 3399 tigit
1919 3344 2060 3384 anno
2094 3330 2251 3397 1087,
2297 3333 2558 3402 consequi
2605 3334 2767 3389 debet
2815 3335 3056 3390 codicem
3100 3344 3352 3392 nostrum

1757 3418 1858 3474 sub
1888 3418 2072 3474 saeculi
2104 3418 2266 3474 ﬁnem
2292 3430 2576 3476 exaratum
2608 3422 2794 3479 fuisse.

1827 3508 1952 3565 211.
1996 3507 2121 3564 Scio
2151 3509 2386 3580 majores
2416 3521 2632 3567 nostros
2666 3528 2764 3583 pro
2795 3515 3197 3570 occurrentium
3239 3516 3349 3570 cir-

1758 3602 2524 3671 cumstantiarumvarietate,
2555 3621 2945 3675 nonnunquam
2991 3608 3137 3663 circa
3185 3607 3349 3677 hujus

1760 3693 1963 3749 codicis
2009 3703 2246 3761 aetatem,
2295 3696 2605 3766 Opinionem
2656 3697 2923 3752 tantillum
2969 3706 3232 3764 mutasse,
3272 3699 3354 3754 uti

1761 3786 1827 3842 de
1853 3785 2199 3842 Henschenio
2222 3788 2465 3844 invenies
2505 3790 2877 3857 tomolJnnii,
2916 3806 3037 3862 pag.
3084 3806 3351 3855 Lxxxvnt,

1762 3880 1866 3936 litt.
1884 3879 1972 3947 D.;
1992 3889 2048 3936 at
2064 3882 2130 3936 de
2143 3881 2458 3937 sinceritate
2478 3891 2533 3938 et
2551 3883 2787 3954 puritate
2810 3882 3045 3939 dubitari
3065 3884 3350 3955 haudqua-

1761 3988 1923 4043 quam
1956 3973 2152 4046 potuit.
2191 3971 2306 4029 Non
2350 3975 2659 4045 negaverim
2693 3975 3000 4033 addit‘iones
3050 3977 3261 4047 aliquas
3287 3978 3359 4033 ab

1763 4067 2014 4123 Usuardo
2061 4067 2306 4123 diversas
2355 4068 2483 4123 hinc
2526 4068 2648 4123 inde
2698 4084 3022 4136 occurrere;
3072 4085 3260 4124 verum
3313 4070 3358 4127 si

1765 4158 2120 4224 Rhemenses,
2161 4166 2256 4213 aut
2296 4158 2589 4229 provinciae
2635 4159 2977 4225 Rhemensis,
3012 4175 3132 4231 quae
3162 4149 3359 4215 'ferme

1766 4248 2046 4306 Treverim
2078 4265 2251 4321 usque
2287 4250 2699 4316 extendebatur,
2738 4252 2911 4307 sancti
2950 4262 3357 4318 removeantur,

1764 4340 1886 4396 luce
1916 4341 2217 4396 meridiana
2256 4341 2455 4396 clarius
2492 4350 2733 4412 patescet
2764 4343 2906 4397 inter
2929 4357 3119 4397 omnes
3150 4341 3357 4396 Usuar-

1766 4436 1922 4489 dinos
1946 4435 2181 4500 codices,
2210 4443 2323 4489 tum
2352 4449 2600 4500 excuses,
2627 4442 2738 4489 tum
2763 4434 3184 4505 manuscriptos,
3209 4434 3360 4504 prin-

55 4523 190 4591 psit.
245 4522 363 4579 Sed
403 4540 433 4579 a
475 4535 662 4582 nostro
690 4527 805 4593 illa,
830 4529 973 4598 quod
1003 4529 1124 4584 ideo
1165 4530 1335 4600 magis
1369 4530 1661 4600 genuinum
1690 4567 1741 4628 ι)
1768 4526 1941 4596 cipem
1981 4524 2155 4579 locum
2192 4524 2541 4580 meritissime
2573 4533 2776 4590 tenere,
2809 4525 3053 4595 adeoque
3081 4540 3145 4579 ex
3178 4525 3360 4595 aliquo

55 4629 300 4680 censeo,
332 4615 527 4672 absunt
568 4618 884 4688 exemplari.
925 4618 1048 4673 Fuit
1088 4618 1191 4674 hoc
1236 4622 1505 4688 quondam
1541 4635 1659 4675 mo-

53 4706 306 4763 nasterii
350 4706 862 4783 Carthusianorum,
914 4713 1059 4781 quod
1098 4710 1162 4766 B.
1201 4711 1381 4767 Maria:
1424 4712 1662 4782 Virginis

53 4798 314 4869 Capellae
340 4798 555 4866 dicitur,
587 4801 703 4856 sive
740 4801 808 4857 de
844 4801 1076 4858 Herines
1112 4822 1131 4855 ι
1164 4802 1314 4874 (hinc
1353 4818 1452 4858 nos
1494 4801 1661 4859 Ηειιι-

52 4905 284 4945 mzssns
310 4889 720 4961 appellationem
746 4891 1137 4964 derivavimus)
1164 4890 1352 4961 «juxta
1375 4892 1661 4965 Edingam,

52 4993 154 5037 aut
185 4989 257 5037 ut
294 4996 433 5036 nunc
460 4981 760 5053 appellatur
782 4983 1144 5054 Engliianum,
1166 4983 1335 5056 Belgii
1365 4985 1618 5055 oppidum
1648 5004 1660 5039 :

52 5073 273 5128 deinde
302 5072 582 5153 Augustini
621 5073 872 5141 Hunnzei,
906 5075 1006 5130 viri
1046 5076 1280 5132 celebris
1323 5074 1445 5143 fuit,
1478 5086 1663 5147 postea

51 5166 340 5220 donatum
394 5164 619 5236 collegio
678 5173 864 5222 nostro
914 5166 1260 5223 Lovaniensi.
1310 5187 1329 5220 ι
1373 5166 1526 5235 Quod
1577 5168 1667 5225 hic

51 5255 377 5311 Bollandus
421 5254 892 5325 prmclarissimum
936 5257 1181 5314 codicem
1225 5266 1468 5314 nostrum
1513 5257 1665 5313 Heri-

51 5348 330 5402 niensem
386 5345 628 5402 Pratensi
673 5346 927 5418 praeferat
976 5348 1201 5404 minime
1248 5349 1448 5416 miror;
1496 5351 1667 5421 magis

51 5439 242 5494 etiam
289 5436 520 5493 fortasse
564 5438 905 5509 prsetnlisset,
936 5439 983 5495 si
1013 5438 1163 5495 labes
1194 5441 1435 5496 novisset
1461 5450 1513 5495 et
1548 5458 1664 5495 ma-

51 5527 513 5598 culas,,quibus
562 5544 868 5598 respersum
909 5544 1029 5587 esse
1069 5546 1099 5585 a
1140 5530 1447 5603 Castellano
1490 5532 1669 5587 edocti

51 5634 317 5675 sumus:
347 5619 597 5689 praeferet
643 5620 900 5690 quilibet,
953 5623 1054 5678 nisi
1096 5625 1445 5679 vehementer
1488 5623 1665 5689 fallor,

51 5713 151 5783 qui
184 5718 494 5780 utrumque
522 5712 820 5783 inspexerit
844 5713 1261 5785 contuleritque.
1294 5714 1490 5770 Verum
1519 5716 1668 5784 illud,

51 5819 173 5875 quo
230 5802 527 5859 Bollandus
574 5804 764 5871 utitur,
796 5815 1171 5878 argumentum
1212 5806 1360 5862 elidit
1404 5808 1542 5863 idem
1569 5809 1671 5865 Ca-

1768 4615 2073 4672 Usuardino
2095 4617 2448 4687 autographo,
2480 4617 2563 4671 vel
2593 4617 2780 4673 saltem
2813 4618 3105 4688 purissimo
3132 4635 3361 4690 apogra-

1768 4708 1875 4779 pho
1910 4707 2039 4762 olim
2090 4707 2256 4763 fuisse
2302 4708 2651 4778 descriptum.
2680 4707 2977 4765 Diﬂicultas
3016 4710 3360 4766 Henschcnio

1767 4803 1880 4857 visa
1908 4810 1994 4857 est
2021 4801 2163 4870 quod
2202 4816 2271 4855 xv
2296 4799 2546 4857 Octobris
2577 4802 2630 4855 in
2661 4809 2808 4857 textu
2842 4803 3081 4859 secundo
3122 4803 3241 4859 loco
3280 4804 3363 4860 in~

1768 4904 1983 4950 seratur
2015 4911 2027 4947 :
2063 4892 2261 4947 Eodem
2290 4893 2374 4948 die
2397 4910 2415 4948 :
2442 4894 2612 4948 sancti
2641 4892 2893 4961 Oswaldi,
2921 4896 3148 4965 episcopi
3171 4906 3217 4950 ct
3234 4913 3361 4950 con-

1770 4988 2004 5057 fessoris,
2044 4994 2103 5040 ut
2151 4985 2380 5041 habetur
2431 4994 2575 5041 tomo
2595 4985 2658 5041 ΙΙΙ
2685 4987 2993 5055 Februarii,
3050 5004 3169 5058 pag.
3206 5004 3355 5043 necs.

1774 5078 1879 5135 Sed
1909 5088 2035 5133 tunc
2075 5078 2127 5132 in
2158 5093 2221 5133 ea
2250 5087 2369 5133 erat
2397 5079 2651 5147 opinione
2692 5080 3065 5136 llenschenius
3096 5083 3237 5152 quod
3270 5099 3362 5135 co-

1773 5170 1876 5226 dex
1917 5178 2103 5225 noster
2130 5168 2328 5225 s:ecnlo
2357 5186 2388 5223 χ
2417 5178 2564 5226 esset
2589 5171 2881 5241 antiquior,
2912 5186 3033 5226 eum
3075 5172 3177 5225 alia
3217 5171 3357 5233 loca,

1774 5278 1895 5332 quas
1929 5263 2202 5333 juniorem
2248 5264 2563 5328 ostendunt,
2611 5265 2838 5320 necdum
2891 5264 3256 5335 expcndisset.
3301 5264 3357 5320 Si

1776 5368 1990 5423 quaeras
2025 5367 2126 5409 cur
2153 5368 2218 5408 eo
2244 5353 2330 5408 die
2355 5353 2534 5423 potius
2571 5371 2734 5425 quam
2776 5371 2944 5410 xxvm
2978 5358 3071 5408 aut
3104 5371 3233 5408 xxix
3263 5354 3362 5409 Fe-

1774 5441 1984 5497 bruarii
2014 5441 2326 5498 Oswaldum
2358 5444 2605 5499 retulerit
2630 5446 2833 5500 codicis
2869 5445 3188 5516 descriptor,
3222 5445 3360 5501 fale-

1776 5531 1876 5588 hor
1905 5546 1992 5587 me
2019 5548 2202 5588 veram
2231 5549 2451 5591 causam
2479 5535 2750 5604 ignorare.
2781 5534 2838 5589 Si
2868 5536 3210 5607 conjecturas
3240 5538 3365 5608 quis

1778 5625 1977 5696 cupiat,
2027 5625 2165 5695 apud
2208 5626 2605 5689 ﬂenschenium
2652 5628 2817 5682 citato
2868 5627 2986 5683 loco
3029 5630 3365 5699 requirenda!

1780 5728 1923 5774 sunt.
1979 5716 2238 5773 Fatemur
2276 5721 2740 5776 annuntiationem
2767 5721 3002 5776 ()svvaldi
3030 5724 3365 5779 additamen—

1784 5822 1894 5867 tum
1927 5828 2044 5867 esse
2084 5830 2150 5869 ex
2193 5813 2363 5881 cultu,
2400 5830 2560 5884 quem
2608 5815 2659 5868 in
2708 5814 2910 5882 Gallia,
2961 5818 3261 5888 praesertim
3310 5817 3369 5873 in
