3936 6348
550 416 658 472 563

1447 413 1818 472 USUABDUS
1855 412 2234 471 MONACHUS
2273 414 2927 474 SANGERMANENSIS.

553 534 830 605 provincia
884 533 1207 601 Rhemensi,
1260 531 1521 605 peculiari
1570 533 1753 603 aliquo
1794 532 1953 589 titulo
1993 532 2136 587 obti-
2165 535 2218 595 Α
2243 532 2603 591 institutione.
2646 534 2785 589 Tum
2824 548 2953 599 xxv,
2986 533 3053 589 In
3101 550 3236 605 pago
3287 526 3756 592 Vironmndeusi.
3798 530 3855 586 S.

552 626 753 682 nuerit.

623 720 748 776 212.
787 719 947 776 Tales
987 705 1326 777 accessiones
1352 718 1690 775 Rhemenses
1731 716 1787 772 in
1818 716 1923 772 hoc
1949 722 2148 773 nostro:

553 814 739 882 codice
764 813 1101 884 frequentius
1126 811 1427 870 oﬂ'eruntur
1443 829 1467 878 ;
1490 826 1611 883 qua:
1636 812 1683 867 si
1710 811 1980 876 abessem,
2007 824 2141 880 pau-

553 906 785 962 cissimae
828 905 946 961 alia:
990 905 1379 976 reperirentur,
1408 912 1468 959 ut
1503 913 1651 959 recte
1692 902 1939 958 Molanus
1977 912 2147 972 supra:

554 1013 781 1055 numero
825 997 931 1054 l9i.
962 998 1138 1068 ipsum
1190 998 1496 1061 vocaverit,
1535 995 1898 1052 Usuardinum
1952 1012 2142 1050 manu-

550 1092 826 1163 scriptum,
854 1092 946 1163 qui
974 1091 1062 1146 uia:
1086 1090 1227 1145 ullas
1266 1091 1417 1146 liabet
1448 1090 1763 1155 additiones,
1791 1095 2149 1160 praterquantr

551 1186 612 1245 de
663 1187 857 1240 sanctis
887 1184 1285 1240 Rhemensibus.
1313 1184 1466 1239 Hanc
1507 1182 1710 1239 codicis
1752 1181 1985 1253 patriam
2019 1193 2142 1236 esse

550 1294 775 1349 prorsus
825 1293 932 1333 non
979 1278 1168 1333 dubito
1209 1295 1222 1329 :
1270 1276 1395 1332 inde
1443 1276 1764 1332 translatum
1812 1280 2025 1344 oportet
2072 1272 2141 1327 ad

551 1369 884 1425 carthusiam
934 1367 1346 1433 Heriniensem,
1397 1367 1524 1422 olim
1574 1364 1631 1421 S.
1680 1364 1870 1419 Mariw
1924 1363 2138 1430 Eremi,

474 1498 483 1505 ι
551 1476 642 1514 seu
669 1459 865 1514 Montis
890 1458 1011 1525 Dei,
1032 1473 1154 1529 qua
1176 1472 1207 1513 e
1233 1457 1424 1529 primis
1460 1457 1627 1513 totius
1652 1454 1821 1526 Belgii
1846 1451 2140 1521 carthusjis

553 1549 671 1606 fuit.
709 1551 1109 1622 Conjecturam.
1146 1553 1288 1607 hanc
1334 1564 1534 1616 meam,
1577 1557 1740 1619 atque
1785 1562 1892 1602 una
1936 1544 2142 1603 codicis

551 1652 769 1699 mtatem
796 1643 1085 1700 conﬁrmat
1116 1643 1300 1698 addita
1328 1641 1618 1697 recentiori
1654 1654 1818 1695 manu
1843 1638 1911 1694 ad
1943 1636 2141 1709 margi-

552 1748 676 1791 nem
706 1751 745 1790 ιι
768 1733 968 1801 Nonas,
993 1749 1086 1791 seu
1118 1735 1205 1790 die
1230 1732 1577 1799 vr'Octobris,
1602 1733 1719 1788 haec
1741 1743 2141 1786 commemora-

550 1827 628 1882 tio
659 1844 673 1881 :
707 1826 775 1881 In
804 1826 1075 1892 Calabria,
1103 1826 1358 1897 depositio
1394 1825 1533 1880 beati
1564 1823 1835 1879 Brunonis
1874 1821 2141 1891 confesso-

2241 623 2612 695 Hunegundis.
2651 623 2836 681 Mense
2882 625 3209 695 Septembri,
3242 641 3283 689 ι,
3311 625 3427 695 agit
3480 624 3559 679 de
3609 620 3852 692 digitio,

2240 714 2464 784 Sinicio,
2490 726 2545 773 et
2576 716 2847 784 Nivando,
2877 725 3136 788 tanquam
3166 717 3630 779 Rhemensihus;
3665 728 3751 780 ιιι,
3772 715 3856 769 ad-

2239 811 2388 866 ditur
2419 809 2733 877 Remaclus;
2770 827 2870 876 vn,
2899 826 3007 866 xxv
3031 818 3086 866 et
3106 827 3274 874 χχιιι,
3306 812 3438 866 item
3474 813 3555 864 de
3590 808 3855 863 Rhemu-

2240 903 2391 959 sihus
2420 921 2433 957 :
2459 912 2517 959 at
2536 919 2569 957 x
2600 903 2848 961 nonnihil
2869 890 3089 958 mutilus
3111 913 3226 968 est;
3263 917 3330 956 xx
3358 899 3776 971 interpolatae,
3803 909 3851 954 ut

2241 993 2665 1052 Observationes
2691 1003 2894 1051 nostra:
2926 994 3096 1051 fusius
3121 994 3419 1065 explicant.
3454 993 3671 1047 Mense
3700 990 3848 1046 Octo-

2242 1086 2348 1153 bri,
2380 1103 2420 1152 l,
2445 1102 2613 1157 purus
2634 1101 2741 1142 non
2771 1094 2887 1152 est;
2920 1100 3092 1150 xxvn,
3124 1085 3343 1155 ponitur
3388 1082 3615 1154 Vigilia
3656 1092 3849 1135 sancto-

2244 1191 2361 1232 rum
2408 1176 2642 1232 Simonis
2688 1188 2737 1231 et
2785 1175 2977 1240 Judw;
3020 1175 3087 1230 de
3134 1190 3240 1244 qua
3282 1172 3537 1229 dubitari
3578 1180 3763 1242 patest
3790 1186 3845 1224 an

2245 1269 2549 1327 Usuardina
2579 1286 2686 1325 non
2714 1270 2814 1335 sit;
2864 1285 2941 1334 ιιι,
2971 1284 3062 1334 xv,
3089 1283 3202 1333 xvt,
3232 1283 3322 1332 xx,
3361 1282 3459 1321 xxi
3488 1274 3561 1320 et
3591 1280 3728 1329 xxv,
3753 1278 3844 1319 ιω

2242 1363 2460 1420 excedit
2482 1363 2589 1419 nisi
2618 1364 2672 1418 in
2703 1361 2831 1418 solis
2866 1360 3285 1418 Rhemensibus.
3315 1359 3511 1414 Mense
3536 1356 3840 1419 Novembri,

2243 1475 2282 1524 ι.
2325 1475 2387 1524 ιι,
2416 1474 2493 1526 vi,
2532 1474 2612 1525 tx,
2653 1473 2742 1523 xv,
2790 1472 2946 1523 xvnt,
2984 1470 3144 1520 χχιιι,
3188 1469 3336 1509 xxvi.
3379 1453 3631 1508 Demum
3677 1464 3843 1504 mense

2245 1551 2549 1618 Decembri,
2599 1567 2673 1617 tv,
2724 1567 2814 1606 xvr
2859 1559 2916 1606 et
2966 1564 3115 1613 xxix,
3157 1548 3421 1618 pleraque
3469 1544 3837 1599 additamenta

2244 1659 2378 1716 pure
2400 1642 2729 1699 Rhemensia
2761 1650 2908 1698 sunt.
2942 1640 3093 1695 lneat
3142 1639 3303 1694 modo
3350 1638 3638 1693 rationem
3682 1635 3843 1690 curio-

2245 1750 2339 1791 sus
2373 1733 2588 1804 aliquis,
2618 1732 2868 1789 conferat
2895 1731 3271 1787 Heriniensem
3303 1744 3429 1785 cum
3460 1728 3691 1783 famoso
3720 1726 3836 1781 Prs-

2247 1828 2385 1883 tensi
2440 1827 2798 1897 autographo,
2833 1825 3121 1894 utriusque
3155 1838 3416 1879 excessus
3458 1831 3562 1876 aut
3608 1821 3835 1876 deiectas

551 1918 656 1983 ris,
710 1918 867 1988 primi
916 1918 1234 1974 inslilutort's
1278 1918 1479 1974 ordinis
1513 1914 1936 1981 Carthusiensis,
1975 1928 2140 1985 quam
2170 1900 2218 1960 B
2247 1920 2315 1975 ad
2342 1934 2551 1989 aequam
2581 1918 2815 1984 lancem,
2846 1918 2916 1972 ad
2945 1915 3148 1986 justam
3191 1916 3455 1970 trutinam
3504 1913 3772 1975 excutiat,
3799 1912 3834 1965 si

550 2007 849 2077 appositam
899 2022 1026 2064 reor
1070 2022 1137 2063 ex
1186 2006 1303 2062 solo
1347 2006 1608 2078 singulari
1654 2005 1815 2076 hujus
1849 2004 2142 2061 carthusim
2244 2009 2393 2066 nullo
2433 2010 2667 2066 ducatur
2705 2008 2941 2080 partium
2980 2007 3181 2072 studio,
3211 2005 3481 2077 spondere
3505 2006 3707 2067 ausim,
3756 2018 3834 2055 ra-

551 2113 681 2170 erga
708 2107 988 2169 parentem
1030 2098 1403 2165 veneratione,
1428 2113 1553 2154 cum
1593 2098 1811 2153 aliunde
1848 2104 2037 2152 notum
2069 2095 2142 2152 sit
2244 2104 2392 2159 tione
2422 2104 2526 2158 rite
2562 2102 2848 2168 subducta,
2883 2098 3112 2172 pedibus
3133 2106 3191 2154 et
3224 2097 3482 2153 manibus
3517 2096 3568 2150 in
3593 2103 3837 2148 nostram

553 2203 715 2258 quam
747 2191 902 2245 tarde
928 2188 1170 2244 Brunoni
1211 2188 1484 2259 publicum
1522 2188 1725 2244 cultum
1769 2187 2011 2246 Ecclesia
2046 2187 2142 2244 de.
2244 2194 2451 2250 iturum
2486 2193 2837 2250 sententiam.

553 2274 807 2337 creverit.
851 2281 930 2338 Ex
978 2282 1065 2338 his
1095 2281 1308 2338 abunde
1337 2281 1685 2338 declarantur
1709 2281 1942 2338 Usuardi
1983 2280 2145 2352 hujus

554 2371 892 2429 Heriniensis
931 2382 1100 2438 aetas,
1143 2373 1347 2443 patria,
1398 2372 1603 2429 natales
1641 2381 1696 2428 et
1742 2372 2139 2445 migrationcs;

552 2479 624 2521 ne
653 2464 784 2534 quid
824 2464 984 2529 desit,
1012 2473 1067 2519 et
1093 2463 1325 2520 formam
1357 2465 1516 2531 addo,
1542 2481 1662 2536 quae
1688 2472 1908 2535 recepto
1934 2479 2056 2529 usu,
2087 2463 2143 2518 in

552 2562 749 2629 quarto
781 2555 1081 2625 nuncupari
1121 2554 1286 2622 solet;
1317 2566 1509 2625 estque
1539 2563 1854 2625 compactus
1878 2569 2001 2610 cum
2028 2562 2144 2608 tra-

556 2654 705 2702 ctatu
762 2647 1132 2717 manuscripto
1185 2648 1362 2704 sancti
1399 2647 1715 2720 Hieronymi
1765 2648 1820 2703 in
1873 2645 2145 2718 Epistolas

558 2737 710 2793 Pauli
730 2746 785 2793 et
810 2738 946 2793 alias
967 2737 1301 2803 Canonicas;
1326 2739 1414 2794 cui
1446 2739 1501 2793 in
1530 2738 1638 2795 line
1662 2738 1926 2794 attexitur
1952 2736 2148 2793 Kalen-

555 2831 771 2886 darium
801 2847 926 2886 cum
957 2831 1345 2888 anniversariis
1375 2831 1609 2888 emnobii
1638 2830 1995 2887 Heriniensis.
2023 2829 2146 2885 Dixi

554 2936 718 2991 supra
752 2937 901 2975 num.
930 2920 1032 2976 169
1063 2937 1265 2976 annum
1295 2921 1347 2976 in
1374 2921 1478 2977 hoc
1501 2920 1710 2986 codice,
1741 2921 1820 2977 uti
1840 2929 1898 2977 et
1919 2921 1974 2976 in
2008 2918 2144 2976 Pra-

556 3011 717 3077 tensi,
750 3011 995 3066 inchoari
1024 3026 1056 3066 a
1078 3011 1261 3083 vigilia
1292 3010 1602 3066 Nativitatis
1627 3011 1863 3067 Domini.

627 3104 751 3159 215.
791 3103 911 3160 iam
935 3120 1085 3171 vero,
1113 3114 1172 3161 ut
1213 3106 1279 3162 de
1318 3104 1558 3177 ejusdem
1600 3104 1948 3176 simplicitate
1968 3112 2025 3160 et
2049 3120 2151 3176 pu-

556 3196 719 3251 ritate
744 3204 975 3262 statuas,
1014 3212 1275 3267 percurre
1318 3212 1531 3254 menses
1567 3196 1827 3268 singulos,
1852 3208 2142 3271 augmenta

2289 2361 2315 2423 ς
2337 2359 2424 2411 ιιι.
2533 2358 2610 2410 De
2635 2354 3177 2466 Tornacensgrzgmge
3202 2351 3559 2403 vetustioribus
3586 2351 3794 2399 nube

2919 2432 3153 2481 pronatus.

2314 2552 2445 2609 2l5.
2478 2550 2790 2608 Secundum
2832 2549 2900 2604 ab
2934 2546 3239 2604 Heriniensi
3269 2545 3521 2601 codicem
3560 2556 3819 2599 censemur

2245 2667 2369 2707 eum
2420 2648 2514 2719 qui
2549 2648 2692 2719 apud
2733 2661 2833 2702 nos
2867 2644 3211 2700 Tornacensis
3253 2649 3508 2705 vocatur,
3543 2654 3711 2709 quem
3747 2636 3823 2690 ﬁ-

2246 2742 2464 2813 quando
2500 2737 2798 2797 cathedrali
2841 2736 2918 2791 illi
2960 2734 3296 2807 perantiquis
3332 2730 3389 2785 in
3429 2746 3537 2785 usu
3590 2726 3825 2785 missae

2246 2835 2463 2896 aliunde
2479 2833 2636 2889 nobis
2647 2847 2752 2887 non
2766 2836 3062 2892 constaret,
3075 2841 3143 2882 ex
3158 2823 3531 2881 additionibus
3543 2822 3594 2876 ei
3609 2817 3826 2877 ecclesia

2246 2928 2481 3001 propriis
2502 2926 2636 2982 satis
2649 2904 3132 2980 demonstraretur.
3150 2916 3434 2975 Credimus
3460 2924 3652 2969 autem
3672 2927 3741 2966 ex
3759 2909 3831 2963 Al-

2248 3017 2602 3076 tovillariensi
2624 3030 2793 3088 prope
2814 3013 3055 3069 Rhemos
3080 3009 3327 3067 coenobio
3354 3006 3680 3062 Tornacum
3709 3001 3833 3057 deh-

2250 3121 2387 3178 tum,
2417 3118 2512 3166 aut
2532 3109 2675 3165 forte
2700 3122 2765 3163 ex
2789 3103 3104 3163 monasterii
3133 3102 3278 3158 illius
3296 3100 3490 3155 codice
3515 3096 3705 3167 aliquo
3723 3093 3832 3148 olim

2251 3212 2700 3274 transsumptum,
2725 3206 2786 3255 ut
2808 3199 2920 3255 dixi
2948 3198 3005 3263 in
3023 3193 3509 3252 Ohservationibus
3527 3189 3685 3251 meis,
3706 3199 3837 3256 pne-

556 3286 883 3342 Rhemensia
913 3301 1158 3352 secerne,
1204 3287 1462 3343 continuo
1490 3286 1786 3358 perspicies
1834 3268 2008 3357 pauca
2054 3288 2145 3344 ad-
2172 3268 2219 3329 ί)
2250 3298 2437 3354 sel-tim
2479 3268 2704 3351 liv-Julii.
2746 3292 2818 3345 At
2854 3301 3193 3361 quacunque
3220 3285 3439 3339 demum
3470 3279 3668 3336 codicis
3687 3277 3841 3346 origo

560 3378 856 3433 ditamenta
903 3378 1220 3445 immisceri,
1252 3394 1409 3435 raras
1456 3376 1921 3448 interpolationes,
1953 3378 2145 3435 lituras

557 3468 647 3523 vix
675 3484 835 3523 unam
872 3478 963 3523 aut
991 3469 1239 3526 alteram.
1268 3470 1349 3526 Ad
1378 3484 1432 3526 tv
1457 3467 1699 3526 Januarii
1726 3468 1959 3526 refertur
1986 3469 2144 3541 Rigoo

558 3560 728 3615 bertus
758 3559 1082 3618 Rhemcnsis
1130 3562 1600 3635 archiepiscopus;
1633 3578 1701 3617 xv
1731 3562 1797 3617 de
1824 3560 2014 3617 Mauro
2048 3561 2145 3616 ad-

552 3654 778 3725 jectum,
814 3654 1057 3725 discipuli
1086 3654 1152 3709 Β.
1185 3655 1454 3710 Benedicti
1495 3654 1720 3709 abbatis.
1750 3654 1976 3709 Demum
2008 3668 2143 3708 xxm

559 3748 743 3803 nescio
779 3748 921 3804 unde
949 3749 1247 3804 accersitus
1270 3748 1344 3803 sit
1371 3748 1700 3802 beatissimus
1728 3746 2142 3818 Hildepltonstts.

558 3840 660 3895 nisi
692 3840 780 3896 hic
808 3848 904 3894 aut
928 3840 984 3895 in
1008 3839 1288 3911 provincia
1326 3838 1644 3905 themensi,
1672 3848 1766 3895 aut
1791 3839 1844 3894 in
1871 3839 2141 3906 coenobio,

557 3930 709 3999 cujus
739 3929 870 3986 olim
903 3930 1075 3985 codex
1108 3928 1230 3995 fuit,
1267 3929 1591 4000 peculiarem
1629 3929 1832 3985 cultum
1872 3930 2141 3986 habuerit.

560 4020 742 4077 Mense
787 4020 1109 4088 Februario,
1134 4019 1349 4077 Blasius
1392 4022 1460 4077 ad
1496 4037 1557 4077 ιιι
1600 4028 1870 4077 retractus
1904 4029 2020 4086 est;
2046 4035 2144 4076 vnt

558 4112 774 4167 additur
814 4111 1020 4168 Paulus
1072 4109 1476 4178 Virodunensis,
1516 4110 1658 4168 forte
1700 4111 1772 4166 ibi
1811 4110 1974 4168 etiam
2020 4125 2143 4180 pro-

559 4204 729 4275 prius.
755 4203 939 4261 Mense
968 4203 1181 4269 Martio,
1209 4203 1322 4259 sola
1349 4204 1522 4274 prima
1551 4203 1641 4258 die
1675 4202 1918 4259 defectus
1948 4201 2144 4272 aliquis

559 4298 849 4370 reperitur.
875 4295 1060 4352 Mense
1084 4294 1278 4367 Aprili,
1308 4306 1507 4366 praeter
1530 4295 1881 4362 Rhemensia,
1911 4310 2040 4350 xvm
2075 4295 2144 4351 de

555 4388 818 4455 Materno,
847 4404 961 4454 xxx,
991 4388 1057 4444 de
1086 4385 1259 4442 Leone
1284 4384 1369 4443 IX
1387 4405 1405 4453 ;
1435 4402 1583 4453 xxiv,
1613 4388 1680 4443 de
1703 4387 1849 4443 Bora
1877 4396 1925 4442 et
1950 4386 2136 4453 Deda;

555 4501 682 4550 xxx,
708 4485 773 4540 de
794 4482 1178 4550 Maderniano;
1203 4481 1316 4541 sola
1337 4482 1576 4539 occurrit
1596 4480 1771 4536 Maria
1792 4481 2139 4553 /Egyptiaca,

552 4593 673 4647 qua:
699 4576 767 4632 ad
792 4592 847 4631 Ix
869 4576 1081 4646 signata
1102 4583 1188 4630 est
1210 4574 1391 4631 Mense
1411 4574 1584 4640 Maio;
1613 4574 1853 4645 quinque
1873 4573 1990 4629 dies
2015 4582 2142 4629 sunt

554 4672 621 4725 ah
664 4669 908 4727 Usuardo
951 4668 1171 4733 diversi,
1200 4677 1259 4723 ut
1287 4686 1304 4724 I
1329 4668 1395 4724 de
1438 4665 1741 4736 Marculfo;
1781 4682 1899 4732 νιιι,
1947 4667 2014 4723 de
2042 4663 2138 4720 Gi—

559 4763 779 4827 briauo;
818 4778 894 4827 1x,
927 4761 995 4818 de
1019 4760 1367 4816 translatione
1384 4758 1740 4825 Nicolai;xx,
1773 4757 1997 4814 Romani
2024 4774 2140 4812 mo—

550 4855 938 4922 uachi;xx1x,
985 4854 1052 4911 de
1099 4853 1444 4909 translatione
1486 4852 1749 4924 Remigii;
1781 4854 1876 4909 sed
1912 4851 2141 4907 multum

554 4944 714 4999 fallor
742 4944 842 5000 nisi
884 4944 999 5000 haec
1041 4944 1222 4999 omnia
1266 4943 1560 4999 Rhemensi
1588 4943 1882 5012 provinciae
1920 4941 2141 5013 pr0pria

551 5043 680 5096 sint.
720 5039 904 5095 Mense
939 5039 1119 5105 Junio,
1151 5054 1247 5094 un
1295 5039 1348 5093 in
1398 5036 1675 5099 Medardo,
1714 5036 1917 5106 aliquid
1948 5037 2136 5101 deest;

553 5147 667 5196 xxi,
687 5131 922 5187 omissus
948 5129 1263 5199 Leutfredus
1278 5144 1297 5193 ;
1326 5143 1481 5192 xxm,
1506 5128 1657 5183 deest
1681 5124 1838 5182 Felix
1860 5124 2130 5194 Sutrinus,

555 5225 1010 5293 quemadmodum
1051 5233 1105 5277 et
1158 5239 1219 5278 ιιι
1249 5221 1411 5289 Julii,
1462 5221 1596 5277 socii
1643 5221 1761 5292 ejus
1807 5220 2047 5277 Irenazus
2076 5230 2134 5277 et

553 5316 826 5381 Mustiola,
856 5316 923 5371 de
951 5316 1147 5386 quibus
1184 5315 1302 5372 vide
1340 5324 1557 5372 nostras
1582 5313 2021 5371 Observationes.

619 5412 744 5468 2M.
785 5412 1080 5477 Praeterea,
1115 5426 1302 5467 mense
1346 5410 1488 5468 iulio
1534 5427 1640 5467 una
1683 5410 1924 5467 occurrit
1968 5408 2131 5465 litura

546 5506 603 5561 in
630 5505 916 5576 principio,
943 5520 1104 5576 quam
1141 5514 1269 5575 puto
1310 5521 1428 5561 esse
1462 5505 1530 5560 de
1560 5503 1914 5560 translatione
1946 5502 2005 5559 S.
2030 5501 2134 5559 Be-

2168 4630 2220 4690 D

2252 3390 2433 3453 fuerit,
2468 3386 2705 3458 speciem
2731 3393 2787 3440 et
2814 3382 3089 3452 antiquam
3111 3386 3167 3433 et
3187 3376 3489 3446 elegantem
3513 3370 3715 3433 refert,
3742 3382 3839 3422 m-

2244 3483 2349 3553 jori
2378 3483 2550 3538 forma
2574 3480 2629 3534 in
2662 3475 2979 3532 membrana
3012 3472 3269 3543 scriptus,
3292 3476 3456 3539 atque
3481 3463 3831 3545 elegantibus.

2248 3575 2495 3647 quamvis
2541 3568 2783 3628 nonnihil
2826 3566 3060 3631 extritis,
3093 3560 3349 3620 cancellis
3373 3560 3703 3624 distinctus,
3737 3553 3833 3624 qui

2210 3688 2216 3695 ο
2247 3670 2350 3723 bus
2386 3663 2710 3738 quanquue
2748 3671 2933 3718 textos
2974 3659 3147 3728 magis
3191 3655 3363 3728 aptari
3404 3652 3657 3715 videtur,
3691 3662 3834 3719 quam

2248 3759 2475 3818 cancelli
2522 3756 2837 3829 ipsi‘textui
2884 3751 3380 3810 accommodentur.
3433 3745 3695 3801 Elateia
3739 3742 3835 3809 εἱσι

2247 3869 2314 3909 ex
2358 3845 2643 3921 subjuncto
2695 3845 3033 3916 Necrologio,
3079 3842 3302 3905 eadem,
3346 3847 3407 3895 ut
3446 3844 3722 3906 apparet,
3760 3831 3836 3887 sed

2247 3945 2508 4018 pressiori
2557 3958 2717 3999 manu
2772 3941 3005 4011 scripto,
3050 3937 3130 3992 sic
3181 3932 3538 4008 probabiliter
3586 3944 3767 3989 emes.
3800 3923 3838 3980 si

2248 4035 2502 4092 attendas
2548 4031 2860 4087 Anselmum
2924 4036 2979 4084 et
3030 4026 3341 4083 Geraudum
3380 4022 3466 4078 vel
3512 4020 3836 4079 Geraldum,

2249 4126 2624 4181 Tornacenses
2672 4119 2855 4176 saeculi
2897 4134 2976 4174 xu
3018 4117 3320 4188 episcopos;
3353 4120 3517 4182 atque
3564 4108 3700 4165 item
3736 4108 3840 4161 Ste-

2247 4218 2484 4288 phanum
2532 4222 2587 4269 et
2626 4209 2948 4275 Gosuinum,
2980 4208 3116 4263 alias
3156 4204 3528 4269 Goscelinum,
3572 4204 3675 4272 qui
3713 4213 3840 4253 anno

2248 4306 2477 4365 l205et
2504 4305 2639 4360 1218
2668 4304 2777 4358 vita
2816 4300 2986 4357 functi
3017 4307 3166 4364 sunt,
3207 4297 3381 4369 prima
3410 4310 3585 4349 manu
3616 4290 3836 4365 signari;

2246 4412 2302 4458 at
2349 4416 2476 4456 vero
2517 4397 2835 4461 Walterum,
2868 4393 3153 4449 oriundum
3183 4390 3249 4444 de
3274 4388 3540 4451 Tornaco,
3578 4385 3743 4456 Iutsz
3766 4398 3835 4437 ea-

2246 4494 2418 4549 cleaia:
2457 4492 2778 4563 episcopum,
2813 4487 2902 4542 cui
2952 4482 3359 4540 Sammarthani
3416 4486 3839 4551 cognomentum

2246 4583 2444 4640 Marvis
2473 4573 2767 4652 apponunt,
2794 4578 2994 4649 quique
3023 4575 3206 4632 sedem
3240 4568 3413 4628 tenuit
3441 4570 3512 4625 ab
3537 4585 3691 4624 anno
3722 4567 3848 4623 liis

2248 4676 2313 4731 ad
2343 4673 2502 4738 1252,
2531 4673 2584 4728 in
2611 4670 2838 4742 praelato
2864 4666 3185 4735 Necrologio
3209 4662 3400 4743 referri
3419 4676 3511 4716 xlv
3547 4659 3675 4714 Kal.
3709 4658 3844 4713 Mar-

2250 4769 2330 4835 tii,
2363 4782 2526 4822 manu
2574 4763 2916 4828 secundaria,
2955 4756 3416 4832 quemadmodum
3462 4762 3523 4808 et
3570 4766 3845 4808 successo-

2247 4874 2358 4924 res,
2382 4858 2681 4915 Walterum
2705 4857 2771 4912 de
2798 4853 3043 4918 Mandra,
3066 4850 3382 4906 defunctum
3412 4843 3583 4912 ηεξ,
3610 4853 3669 4899 et
3690 4844 3842 4897 Joa-

2247 4965 2371 5007 uem
2402 4950 2467 5005 de
2506 4947 2709 5004 Buchel
2738 4946 2822 5003 vel
2860 4943 3146 5009 Buchiaul,
3178 4947 3457 4997 martuum
3487 4936 3666 5001 1266;
3708 4934 3843 4989 unde

2248 5042 2631 5100 verosimiliter
2664 5038 2951 5098 coniicitur
2994 5036 3257 5106 scriptum
3307 5031 3478 5087 fuisse
3525 5026 3842 5101 Martyrolo-

2243 5135 2390 5207 gium
2433 5134 2574 5189 inter
2624 5146 2796 5187 annos
2839 5127 2977 5184 1219
3020 5136 3076 5214 et
3118 5124 3275 5179 1252.
3328 5120 3456 5178 Haec
3494 5134 3601 5191 pro
3644 5116 3842 5175 codicis

2242 5238 2341 5284 tnta
2350 5236 2421 5284 te.

2312 5318 2439 5375 216.
2482 5318 2558 5373 De
2585 5315 2900 5372 sinceritate
2923 5319 2978 5369 et
2998 5308 3349 5380 simplicitate
3378 5322 3448 5361 ex
3486 5301 3844 5360 Observatio-

2242 5412 2404 5468 nibus
2451 5409 2652 5466 nastris
2713 5413 2954 5463 statuent
2996 5401 3137 5473 mqui
3182 5400 3440 5456 lectores.
3480 5396 3719 5452 Certum
3769 5400 3845 5445 est

2243 5525 2272 5563 a
2311 5505 2585 5577 prioribus
2629 5501 2840 5557 duobus
2876 5497 3107 5553 multum
3151 5492 3431 5556 recedere,
3467 5505 3579 5544 non
3618 5483 3842 5555 quidet

548 5599 774 5665 nedicti;
808 5613 978 5664 xvm,
1014 5596 1256 5666 adjectus
1295 5605 1382 5652 est
1428 5594 1716 5666 Arnulfus;
1761 5594 1953 5652 deinde
1983 5609 2053 5649 xx
2080 5601 2137 5651 et
2239 5598 2437 5668 saepius
2468 5596 2520 5650 in
2563 5599 2876 5649 sanctorum
2907 5601 3154 5653 numero,
3185 5584 3282 5639 sed
3318 5578 3581 5637 nonnulla
3628 5588 3846 5668 annun-

546 5706 682 5746 xxut
715 5691 1094 5746 translationes
1126 5690 1524 5746 Rhemensihus
1568 5688 1810 5745 celebres
1852 5689 1920 5744 de
1967 5688 2132 5745 Theo-

2240 5664 2524 5744 tiationum
2562 5682 2926 5753 con‘eplioue,
2953 5677 3109 5750 quasi
3154 5689 3346 5732 revera
3379 5671 3590 5743 paratis
3628 5664 3847 5723 camelo

548 5782 698 5835 tlosia
725 5791 782 5837 et
811 5781 1049 5837 Nicasio.
1086 5782 1271 5839 Mense
1303 5783 1568 5853 Augusto,
1611 5798 1704 5836 nx
1752 5782 2133 5853 superadditur
2237 5780 2325 5845 lis,
2358 5788 2415 5833 ut
2450 5777 2563 5847 jam
2602 5775 2867 5838 dicebam,
2907 5768 3197 5828 Usnardini
3246 5765 3471 5823 indiculi
3515 5762 3702 5833 aptari
3753 5759 3846 5814 de-

551 5871 719 5928 textui
762 5870 1032 5945 Bertulfus
1080 5873 1259 5940 abbas,
1286 5888 1349 5926 ex
1384 5872 1620 5946 propria,
1652 5873 1866 5947 opinor,
1893 5873 2125 5929 coenobii

2235 5870 2483 5935 buerint;
2532 5867 2618 5921 vel
2658 5863 2801 5938 quod
2831 5859 3087 5919 librarius
3132 5859 3331 5917 minori
3362 5854 3652 5929 scrupulo,
3686 5868 3845 5926 gras-
