3936 6348
43 404 200 461 >65
1473 402 1985 460 PROLEGOMENA
1998 446 2010 459 .
3120 416 3125 421 ’
3285 410 3391 466 566

44 522 201 576 :ari
240 534 659 591 nonnunquam.
682 528 737 575 et
766 519 1036 590 longiores
1066 519 1340 574 orationes
1360 520 1701 585 contrahere,
1734 523 1783 582 Α
1809 529 1969 574 artato
1994 530 2280 589 supparcm
2312 535 2463 583 esse;
2493 523 2637 591 quod
2682 523 2846 576 etiam
2888 524 3125 578 ostendit
3153 525 3400 596 apposita

43 614 193 669 sibi
230 614 443 671 licitum
479 612 770 685 putaverit.
799 613 953 680 Quod
982 613 1026 667 si
1060 612 1294 668 cavisset
1322 612 1555 681 seriptor
1584 604 1703 676 ille,
1816 612 2032 681 utrique
2063 627 2169 667 xxv
2204 611 2525 669 Novembris
2567 623 2773 669 sanctae
2809 613 3116 672 Catharina:
3161 631 3402 674 comme-

44 710 417 782 pxicunque
437 712 648 789 primus
674 710 917 764 codicem
944 708 1250 773 temeravit,
1279 708 1345 763 de
1371 706 1553 762 nativa
1581 706 1710 762 sim-

43 801 350 857 )licitate
386 800 564 856 codex’
604 800 692 855 hic
742 808 866 856 eum
913 796 1219 855 Herinicnsi
1250 796 1421 855 ferme
1448 802 1705 853 certaret.

43 896 363 967 Singulas
384 894 787 950 contractiones
836 892 1160 948 enuinerare
1214 893 1377 948 nimis
1424 891 1709 948 taediosum

43 986 292 1052 i'oret;
337 985 652 1058 gener’atlm'
684 983 971 1055 loquendo,
1004 992 1096 1039 aut
1138 998 1309 1054 purus
1353 984 1576 1055 passim,
1616 992 1711 1039 aut

43 1095 244 1147 puro
289 1078 572 1150 proximtls
611 1070 727 1143 est’;
779 1075 1171 1147 aliquantulum
1218 1074 1396 1131 dcviat
1430 1092 1541 1141 xvt,
1576 1092 1703 1141 xvn,

44 1186 239 1227 xx'xu
283 1180 339 1226 et
369 1188 439 1225 xx
467 1168 619 1236 Julii,
645 1179 809 1240 atque
833 1171 959 1225 item
990 1182 1080 1224 xix
1114 1168 1384 1235 Octobris,
1420 1167 1511 1224 ubi
1539 1183 1705 1225 excu-

50 1264 215 1320 sari
270 1273 473 1335 potest,
505 1263 647 1333 quod
686 1263 902 1333 propria
948 1262 1147 1331 aliqua,
1180 1270 1274 1315 aut
1309 1260 1706 1315 Altovillarieno

52 1358 204 1417 sia.
244 1366 341 1411 aut
369 1355 470 1411 alia
503 1371 785 1429 perperam
814 1352 1083 1422 Usuardo,
1108 1355 1190 1410 vel
1221 1356 1409 1411 saltem
1434 1355 1702 1428 Martyro-

54 1448 247 1519 logio
306 1449 408 1502 sub
464 1446 695 1503 Usuardi
749 1447 970 1501 nomine
1023 1447 1354 1517 ascripserit.
1408 1445 1702 1500 Dolendum

56 1538 353 1609 profecto
384 1537 798 1595 amanuensium
832 1538 915 1593 vel
944 1538 1170 1601 incuria,
1208 1536 1287 1592 vel
1333 1537 1555 1593 audacia
1589 1544 1700 1592 tam

63 1632 305 1704 insigni
368 1632 539 1688 codici
601 1630 840 1687 debitum
918 1633 1168 1688 decorem
1245 1630 1701 1703 splendoremque

66 1727 416 1796 ademptum
491 1724 674 1781 luisse.
723 1724 934 1780 Titulus
991 1733 1045 1780 et
1098 1724 1441 1797 prmfationes
1496 1722 1698 1780 avulsa:

69 1829 250 1883 sunt,
280 1817 551 1888 habetque
579 1817 784 1873 hiatum
812 1817 967 1888 plane
995 1818 1288 1873 notabilem
1320 1834 1347 1872 a
1381 1835 1434 1872 1x
1466 1816 1695 1890 Augusti
1733 1888 1751 1890 ῃ
1802 1817 1917 1864 illm
1941 1811 2176 1865 maxime
2195 1827 2321 1867 cum
2351 1813 2440 1870 hic
2461 1829 2493 1869 a
2518 1823 2837 1872 cmterorum
2864 1817 3019 1872 turba
3051 1817 3274 1872 recedit.

76 1911 164 1962 al
225 1925 355 1964 xxvi
407 1906 762 1980 Septembris,
821 1907 1042 1974 avulsis,
1086 1908 1460 1980 imperitorum
1514 1888 1691 1977 culpa,
1727 1888 1771 1950 Β
1869 1901 1998 1958 219.
2050 1902 2348 1962 Postremis
2396 1906 2605 1965 duobus
2662 1907 2922 1966 Usuardis
2962 1910 3049 1965 hic
3090 1910 3398 1982 descriptis,

1758 713 1762 717 ‘
1812 704 2065 769 mbratio,
2112 706 2167 759 in
2200 707 2619 777 antiquioribus,
2660 707 2927 773 Pratensl,
2960 708 3288 776 Heriniensi,
3324 728 3405 768 se-

1756 814 1759 829 :
1811 795 1998 865 quanti
2028 794 2391 866 Rosweydino
2420 796 2650 867 aliisque
2670 797 2882 869 ignaue.
2910 798 3082 854 Porro
3102 801 3271 856 codex
3304 802 3407 857 iste

1813 887 2033 942 utinter
2071 887 2403 945 Usuardinos
2444 890 2666 961 proprio
2697 891 2878 962 aliquo
2914 894 3132 948 nomine
3158 894 3407 963 designa-
3441 914 3455 932 ι’

1813 986 1985 1044 retur,
2015 979 2249 1035 breviori
2277 980 2635 1051 appellatione
2660 998 2689 1037 a
2708 982 2865 1038 nobis
2888 993 3111 1040 vocatus
3130 966 3217 1042 est
3240 986 3408 1040 Antuc

1809 1073 2062 1141 erplensis
2113 1074 2309 1144 major,
2350 1084 2409 1129 ut
2461 1078 2945 1134 contradistinctns
2989 1096 3017 1133 a
3072 1079 3300 1135 minimo
3351 1080 3406 1135 in

1810 1163 1985 1220 forma
2014 1176 2227 1232 octava,
2253 1183 2414 1238 quem
2455 1170 2773 1240 simpliciter
2799 1174 3229 1243 Antuerpiensem
3267 1176 3406 1231 dici-

1810 1274 1951 1323 mus,
1985 1260 2231 1315 etallum
2278 1262 2538 1332 grandem
2595 1272 2822 1331 tomum,
2872 1267 2962 1336 qui
3012 1270 3407 1339 Antuerpiensis

1809 1351 2073 1404 maximus
2104 1352 2442 1417 nominatur,
2484 1367 2609 1409 cum
2662 1355 2751 1411 hic
2796 1366 2980 1411 noster
3007 1358 3077 1412 sit
3120 1359 3171 1413 in
3224 1357 3403 1414 forma

1807 1452 2001 1510 quarta
2033 1442 2434 1510 membraneus,
2465 1456 2782 1517 compactus
2804 1464 2929 1503 cum
2980 1449 3127 1505 Beda
3154 1451 3405 1505 ecclesiae

1804 1533 2204 1602 Atrebatensis,
2257 1552 2323 1592 ex
2353 1552 2462 1607 quo
2518 1537 2711 1595 Florus
2756 1540 2844 1594 ille
2891 1556 2921 1595 a
2978 1543 3180 1597 nostris
3225 1542 3405 1599 editus

1803 1626 2145 1695 potissimum
2176 1630 2402 1684 eductus
2429 1638 2533 1686 est.
2564 1629 2758 1687 Notavi
2783 1626 3036 1704 superius
3080 1650 3187 1689 non
3230 1649 3404 1707 pauca

1803 1714 1931 1771 hinc
1960 1716 2086 1772 inde
2110 1718 2358 1788 reperiri,
2376 1720 2430 1775 in
2452 1721 2648 1791 quibus
2665 1723 3062 1780 cum'Pratensi
3085 1720 3400 1792 concordat,
3433 1737 3436 1741 ‘

74 1998 357 2068 prctiOsis
401 1996 562 2052 foliis.
598 1996 672 2051 De
704 1997 957 2068 adjtmcto
987 1996 1326 2069 Necrologio,
1365 1997 1498 2054 satis
1534 1995 1696 2077 dil'l'uf

75 2106 190 2157 so,
246 2091 431 2146 dicere
478 2091 772 2171 coepimus;
821 2106 887 2147 ex
937 2107 1005 2149 eo
1046 2090 1409 2149 Tornacensis
1455 2091 1699 2149 ecclesiae

79 2185 482 2242 benefactores
522 2183 742 2256 plurimi
792 2184 951 2242 facile
990 2185 1233 2259 dignosci
1281 2187 1698 2258 enumerarique

80 2286 341 2349 possent.

175 2370 305 2425 an.
346 2369 675 2426 Tornacensi
719 2377 881 2427 aetate
929 2386 1153 2442 suppar,
1203 2369 1296 2441 qui
1346 2368 1518 2425 multo
1559 2368 1703 2424 anti-

97 2462 271 2530 quior
321 2460 607 2531 majoribus
659 2461 863 2518 nostris
910 2461 1059 2517 visus
1108 2473 1228 2528 est,
1285 2461 1457 2518 codex
1506 2462 1699 2517 domus

91 2550 370 2622 professa:
396 2554 660 2610 societatis
688 2552 815 2610 Jesu
856 2552 1192 2625 Antaei-piae,
1222 2569 1381 2624 quem
1421 2553 1698 2609 Hensche-

87 2645 243 2707 nius,
263 2659 371 2700 non
405 2658 507 2699 uno
525 2644 671 2712 loco;
701 2653 846 2700 tomo
866 2642 907 2701 ll
925 2644 1149 2716 Aprilis,
1176 2661 1298 2717 pag.
1327 2660 1584 2711 ccccxm,
1615 2646 1697 2699 in-

89 2735 179 2789 fra
220 2734 288 2797 E;
324 2743 471 2791 torno
497 2734 541 2791 ll
559 2734 704 2802 Maii,
735 2752 858 2808 pag.
908 2751 1090 2802 cxxxr,
1132 2735 1363 2803 infraB;
1402 2735 1699 2792 inPraeter-

88 2824 298 2891 missis,
331 2826 399 2881 de
424 2824 480 2882 S.
505 2825 772 2893 Letardo;
807 2830 997 2885 rursus
1034 2844 1165 2885 xvm
1184 2827 1332 2894 Maii,
1375 2829 1429 2885 in
1467 2827 1699 2885 Praeter“-

85 2915 277 2973 missis
299 2915 366 2973 de
389 2916 447 2973 S.
477 2903 736 2974 Mildreda
767 2916 1002 2991 virgine;
1038 2929 1184 2975 torno
1204 2916 1291 2985 IV,
1321 2936 1444 2991 pag.
1473 2935 1696 2988 cxxxvr,

86 3009 240 3065 infra
270 3008 341 3079 A,
367 3020 424 3067 et
448 3010 600 3079 alibi,
625 3020 751 3068 ante
786 3029 958 3069 annos
990 3020 1278 3069 sexcentos
1303 3013 1562 3085 scriptum
1598 3030 1692 3085 pu-

88 3105 255 3159 tavit.
290 3102 599 3177 Specimina
639 3122 706 3163 ex
750 3123 814 3164 eo
845 3108 988 3163 inter
1015 3105 1174 3165 Bedae
1213 3107 1542 3180 exemplaria
1572 3123 1697 3179 pro-

87 3196 221 3250 tulit
247 3195 538 3253 Bollandus
577 3195 910 3269 praefationis
952 3200 1219 3271 generalis
1262 3216 1385 3273 pag.
1412 3216 1558 3267 xux,
1600 3200 1692 3255 ubi

1802 1999 1965 2047 aetate
1989 1994 2149 2062 paulo
2184 1997 2433 2066 superior
2474 2006 2557 2054 est
2607 1998 2907 2070 praeclarus
2933 2001 3158 2055 omnino
3206 2003 3398 2068 codex,

1802 2098 1966 2140 manu
1990 2085 2395 2157 elegantissima
2428 2091 2481 2144 in
2512 2091 2854 2159 membrana,
2880 2092 3074 2163 majori
3106 2092 3276 2149 forma
3304 2110 3400 2150 seu

1801 2175 1933 2232 folio
1955 2186 2245 2246 exaratos,
2273 2181 2366 2250 qui
2389 2180 2492 2238 fuit
2513 2184 2759 2240 ecclesiae
2784 2186 2842 2239 Β.
2870 2185 3054 2241 Marhc
3098 2186 3399 2258 Ultrajecti,

1803 2271 1944 2327 tanti
1975 2269 2105 2327 olim
2136 2286 2166 2326 a
2197 2271 2832 2346 Rosweydoaastimatus,
2856 2286 2993 2333 utex
3015 2293 3081 2333 eo
3105 2279 3398 2347 genuinum

1804 2362 2113 2419 Usaardum
2140 2364 2369 2421 reddere
2398 2367 2721 2439 cogitaverit
2767 2370 2819 2424 in
2854 2386 3050 2441 magna
3079 2371 3169 2426 illa
3197 2370 3399 2443 Marty-

1803 2457 2160 2529 rologiorum,
2192 2460 2403 2515 duobus
2426 2460 2791 2518 voluminibus
2837 2463 3158 2519 collectione
3202 2480 3396 2518 ntanu-

1802 2551 2029 2621 scripta,
2053 2567 2172 2621 qua:
2198 2553 2337 2623 apud
2364 2568 2463 2608 nos
2492 2562 2696 2622 exstat,
2719 2554 2877 2623 hujus
2895 2555 3227 2626 prrcl‘ationis
3240 2571 3396 2611 exoro

1803 2640 1899 2695 di‘o'
1915 2650 2081 2712 atque
2128 2641 2256 2698 alibi
2299 2659 2407 2699 non
2452 2645 2621 2701 semel
2669 2646 2856 2702 citata.
2895 2645 3030 2702 Hinc
3074 2648 3244 2703 codici
3295 2647 3394 2717 ipsi

1805 2746 2002 2787 nomen
2050 2732 2282 2788 inditum
2314 2752 2327 2788 :
2363 2749 2433 2790 ne
2458 2734 2603 2790 enim
2638 2737 2835 2812 saepius
2881 2746 3188 2793 recurrerct
3238 2737 3393 2809 longa

1803 2822 1893 2877 illa
1939 2824 2295 2894 paraphrasis
2348 2825 2583 2881 ecclesia:
2606 2824 2672 2881 Β.
2704 2825 2898 2881 'Mariw
2928 2825 3226 2898 Ultrajecti,
3277 2828 3396 2883 bre-

1745 2926 1749 2931 '
1804 2913 1943 2968 vicri
1972 2915 2382 2971 nomenclatura
2413 2915 2807 2990 Rosweydi,vel
2832 2918 3231 2990 Rosweydinum
3250 2933 3393 2975 sem-

1803 3017 1901 3073 per
1931 3004 2341 3076 appellavimus.
2383 3005 2557 3065 llabet
2589 3022 2722 3064 sane
2756 3017 3004 3065 nostrum
3049 3010 3151 3065 hoc
3195 3024 3387 3064 manu-

1804 3097 2065 3168 scriptum
2089 3114 2196 3170 quo
2236 3101 2437 3168 nitore,
2487 3113 2682 3157 ornatu
2713 3110 2780 3157 et-
2803 3100 3069 3172 elegantia
3097 3101 3390 3174 legentium

1803 3191 1990 3247 oculos
2019 3194 2227 3265 rapiat;
2261 3203 2319 3250 at
2341 3195 2487 3251 enim
2518 3196 2644 3252 licet
2669 3197 2755 3252 bis
2781 3196 2972 3263 titulis,
3007 3197 3117 3252 imo
3141 3206 3195 3252 et
3242 3203 3394 3253 vetu-

88 3298 245 3344 recte
276 3289 526 3356 advertit,
554 3286 717 3367 Beda;
746 3291 974 3367 nomine,
1003 3291 1093 3346 sed
1128 3292 1193 3347 ab
1225 3293 1510 3348 recentiore
1530 3308 1690 3346 manu
1721 3276 1766 3337 ο
1800 3291 1941 3338 Slale
1963 3299 2061 3338 sua
2091 3284 2304 3355 priores
2339 3284 2474 3342 duos
2503 3285 2908 3344 TornaccHSem
2950 3298 3002 3343 et
3030 3287 3395 3359 Autuerpien-

83 3380 469 3449 prwlitulatum
503 3395 644 3438 esse.
677 3362 840 3438 Notat
880 3383 1034 3451 item,
1063 3394 1117 3439 et
1168 3398 1312 3446 vere,
1344 3381 1691 3454 Anglicanam

85 3488 237 3539 esse,
271 3489 397 3529 nam
437 3474 685 3547 pluribus
715 3476 926 3544 diebus,
954 3486 1011 3531 ut
1038 3476 1164 3531 alibi
1211 3492 1354 3548 saepe
1397 3476 1510 3533 suis
1561 3477 1695 3533 locis

85 3566 460 3632 ostendimus,
525 3557 813 3639 augmenta
858 3565 1158 3640 Anglicana
1200 3564 1410 3637 adjecta
1450 3567 1691 3648 exhibet.

86 3656 210 3714 Hoc
240 3674 371 3715 vero
395 3659 571 3716 codici
619 3660 750 3717 huic
785 3660 1063 3733 peculiare
1090 3662 1235 3733 quod
1270 3660 1557 3717 uniformis
1585 3676 1691 3717 non

89 3750 191 3816 sit,
221 3750 508 3822 aliquando
544 3752 708 3827 enim,
737 3760 798 3808 ut
824 3767 1012 3810 mense
1036 3751 1318 3819 Januario,
1347 3753 1560 3809 auctior
1586 3762 1689 3820 est,

89 3845 226 3901 alibi
256 3834 458 3916 passim
487 3863 654 3919 purus
683 3844 988 3913 Usuardus;
1026 3860 1214 3903 mense
1251 3846 1472 3903 Octobri
1503 3854 1557 3902 et
1586 3844 1711 3902 No-'

88 3936 306 3992 vembri
350 3951 513 3993 manu
556 3935 716 4010 paulo
759 3938 1047 3995 recentiori
1095 3937 1391 4011 suppletus.
1423 3937 1576 4006 Quod
1626 3937 1693 3994 de

92 4026 407 4085 Heriniensi
447 4029 703 4111 diximus,
740 4012 966 4087 seclusis
1010 4028 1431 4096 Rhemeusibus,
1461 4029 1691 4101 purissi-

91 4134 247 4187 mum
276 4134 416 4187 esse,
440 4120 495 4176 id
522 4119 693 4176 ferme
715 4121 781 4177 de
807 4122 909 4177 hoc
936 4121 1122 4178 codice
1148 4122 1254 4177 dici
1283 4129 1484 4192 posset,
1514 4121 1560 4177 si
1582 4121 1692 4177 An-

90 4209 305 4282 glicaua
355 4212 719 4291 nonnullaque
766 4213 820 4268 in
856 4212 1123 4286 principio
1152 4212 1407 4269 liberiora
1438 4229 1693 4285 augmen-

94 4309 149 4354 ta
194 4302 460 4359 abessent.
504 4303 579 4358 De
605 4302 882 4359 Auctariis
912 4302 1258 4374 Anglicanis,
1317 4304 1441 4360 vide
1493 4304 1693 4361 mensi-

92 4397 201 4452 bus
253 4398 475 4470 singulis
521 4398 636 4455 dies
687 4396 1007 4471 plerumque
1062 4397 1302 4469 aliquos;
1362 4396 1587 4454 notavi:
1622 4415 1691 4455 ex

91 4493 264 4561 Julio,
293 4510 352 4561 ιι,
393 4511 471 4562 v1,
508 4510 604 4561 vn,
646 4510 770 4563 vut,
801 4510 892 4561 xv,
928 4510 1062 4562 xvu,
1094 4510 1244 4548 xxxi.
1295 4490 1375 4548 Ex
1424 4493 1686 4566 Augusto,

94 4603 252 4642 xxiv.
279 4586 355 4642 Ex
399 4586 724 4658 Septembri,
773 4603 851 4653 tv,
877 4603 987 4653 xvr,
1039 4602 1169 4641 xxx.
1208 4584 1285 4640 Ex
1326 4583 1569 4653 Octobri,
1612 4603 1687 4653 vr,

94 4695 220 4745 Vill,
251 4694 323 4746 ιι,
356 4695 454 4745 xu,
486 4695 584 4735 xm
613 4689 670 4737 et
695 4696 788 4749 xv,
819 4692 926 4737 etc.

169 4770 292 4828 218.
329 4769 455 4831 Haec
507 4771 711 4845 codicis
748 4774 982 4849 patriam
1037 4771 1506 4828 abundantissime
1546 4788 1674 4843 pro-

92 4866 253 4925 bant.
278 4863 355 4919 Ad
378 4872 596 4923 aetatem
624 4865 781 4941 quod
809 4865 1023 4930 attinet,
1077 4875 1207 4935 puto
1241 4865 1468 4921 extritas
1508 4865 1686 4921 rubri-

96 4970 213 5020 cas,
238 4970 420 5011 exesas
443 4956 671 5022 litteras,
689 4965 745 5012 et
767 4956 946 5012 lacera
970 4957 1097 5014 hinc
1112 4958 1236 5013 inde
1253 4956 1382 5012 folia
1404 4955 1682 5013 liensche-

66 5046 179 5127 _nii
208 5046 388 5103 oculos
408 5046 670 5120 fefelisse,
703 5064 832 5104 nam
888 5063 955 5104 ex
1000 5049 1275 5105 sexcentis
1326 5048 1507 5117 annis,
1559 5063 1682 5105 meo

67 5133 314 5208 lquidem
333 5137 561 5210 judicio,
582 5141 708 5197 bina
738 5140 939 5197 saecula
972 5141 1182 5199 subdici
1210 5151 1459 5212 possunt,
1506 5141 1585 5198 sic
1628 5152 1689 5207 ut

98 5232 173 5286 ad
222 5232 470 5289 saeculum
520 5249 621 5289 xm
654 5233 943 5304 pertineat.
972 5233 1173 5290 Forma
1221 5232 1524 5291 litterarum
1557 5250 1683 5292 cum

101 5322 428 5383 Tornacensi
474 5327 609 5383 satis
637 5336 825 5399 aperte
880 5328 1165 5394 convenit;
1219 5335 1276 5383 at
1320 5322 1681 5386 decretorium

99 5428 470 5489 argumentum
521 5421 725 5491 praebet
782 5420 991 5476 adnexa
1026 5435 1100 5475 vn
1150 5417 1299 5487 Julii,
1354 5418 1415 5476 S.
1468 5419 1683 5477 Thoma:

103 5510 341 5581 martyris
387 5511 687 5577 translatio,
730 5512 821 5593 ubi
876 5511 1180 5599 certissime
1227 5511 1677 5570 Cantuariensem

100 5602 400 5675 episcOpnm
428 5603 662 5685 indicari
686 5603 959 5671 existimo,
992 5602 1145 5675 cujus
1169 5604 1451 5661 translatio
1480 5620 1545 5661 eo
1569 5605 1676 5673 die,

101 5696 283 5771 saltem
307 5712 373 5754 eo
402 5712 588 5759 mense
614 5696 754 5757 facta
778 5697 1125 5769 cognoscitur
1152 5712 1295 5754 anno
1322 5714 1417 5754 vm
1446 5698 1675 5756 Honorii

100 5788 161 5845 ΙΙΙ
194 5789 479 5859 pontiﬁcis,
508 5791 602 5860 qui
641 5799 726 5847 est
779 5789 937 5847 1225.
984 5789 1138 5847 Unde
1185 5800 1335 5862 patet
1385 5807 1473 5848 me
1524 5801 1677 5850 recte

96 5882 353 5961 principio
396 5883 599 5942 dixisse
654 5881 894 5941 codicem
971 5884 1117 5942 hunc
1142 5883 1296 5957 jcum
1348 5890 1676 5952 Tornacensi

1797 3388 1911 3429 sem
1944 3373 2207 3443 majorem
2236 3379 2543 3445 antecellat,
2584 3379 2765 3436 locum
2816 3381 3083 3436 duntaxat
3135 3388 3388 3451 quartum

1796 3464 1941 3521 inter
1961 3465 2298 3524 Usuardinos
2326 3468 2512 3526 Musaei
2543 3472 2719 3528 nostri
2745 3471 2975 3539 obtinet,
3002 3488 3124 3529 cum
3153 3472 3396 3543 puritate

1795 3568 1850 3613 et
1879 3557 2192 3615 sinceritate
2227 3568 2434 3616 tantum
2466 3560 2571 3618 illis
2621 3562 2848 3618 inferior
2887 3564 2958 3619 sit
3003 3572 3264 3635 quantum
3297 3579 3388 3618 su-

1795 3655 1950 3723 perat
1988 3654 2332 3725 antiquitate.
2363 3654 2481 3713 Non
2507 3657 2677 3713 multa
2706 3659 2981 3714 contrahit
3009 3659 3096 3713 hic
3124 3659 3388 3729 scriptor,

1795 3744 1889 3802 sed
1920 3760 2018 3817 pro
2042 3763 2137 3803 sua
2159 3746 2378 3805 licentia
2409 3750 2741 3821 amplificat;
2774 3745 3140 3822 fiequentiora
3170 3767 3234 3807 ex
3262 3749 3387 3808 Hie-

1796 3841 2131 3912 ronymianis
2206 3842 2483 3900 codicibus
2549 3844 2918 3900 additamenta
2999 3858 3383 3915 nonnunquam

1794 3926 1929 3987 mihi
1977 3932 2341 4004 suspicionem
2392 3933 2650 4005 iniecere,
2702 3935 3007 3993 Grevcnum
3058 3936 3111 3991 in
3143 3935 3389 4007 augendo
3434 4006 3435 4009 η

1798 4022 2065 4090 Usuardo,
2095 4024 2179 4080 vel
2206 4024 2383 4097 ipsum
2412 4027 2557 4083 hunc
2599 4028 2867 4095 codicem,
2913 4028 2995 4084 vel
3031 4028 3220 4084 saltent
3268 4028 3385 4099 ejus

1796 4110 2128 4187 ecgraphum
2164 4117 2497 4176 adhibuisse.

1864 4194 1992 4263 220.
2040 4206 2310 4264 Caeterum
2366 4208 2432 4265 de
2475 4209 2680 4265 codicis
2729 4211 2889 4282 hujus
2954 4219 3114 4266 {etate
3181 4208 3390 4263 notavit

1793 4298 2170 4356 Henschenius
2214 4309 2358 4356 tomo
2387 4298 2430 4355 ll
2458 4301 2677 4371 Aprilis,
2728 4318 2851 4374 pag.
2877 4317 2972 4367 vn,
3005 4301 3147 4356 infra
3181 4302 3285 4355 litt.
3313 4300 3384 4365 Α,

1798 4383 1901 4448 hec
1954 4389 2398 4464 Martyrologium
2454 4395 2652 4461 citans,
2700 4394 2838 4466 quod
2896 4401 3021 4449 ante
3073 4395 3385 4465 quingentos
3453 4444 3457 4451 .

1794 4502 1962 4541 annos
1988 4500 2053 4541 ea:
2083 4484 2467 4557 Martyrologio
2486 4485 2663 4559 aliqua
2691 4486 2985 4558 Anglicano
3012 4487 3215 4541 videtur
3243 4495 3388 4539 tran-

1794 4579 2067 4652 scriptum.
2106 4576 2207 4634 Hic
2234 4588 2289 4634 et
2319 4589 2450 4635 aetas
2490 4589 2545 4636 et
2573 4580 2748 4650 patria
2778 4595 2908 4636 vere
2938 4581 3006 4635 ab
3040 4577 3386 4635 Henschenio

1794 4673 2165 4743 designantur.
2197 4672 2273 4728 De
2286 4674 2443 4728 annis
2457 4672 2980 4745 quingentisiterum‘
3006 4672 3117 4744 agit
3143 4682 3287 4728 tomo
3318 4669 3385 4727 IV

1792 4767 1964 4835 Junii,
1996 4785 2119 4843 pag.
2148 4769 2507 4837 cccccv1,col'.
2530 4770 2581 4836 l,
2599 4769 2741 4826 circa
2758 4768 2940 4825 linem.
2958 4769 3030 4825 At
3050 4768 3138 4825 die
3165 4785 3192 4822 v
3214 4766 3383 4835 Junii,

1792 4852 1915 4931 pag.
1947 4858 2073 4926 456,
2107 4859 2213 4916 litt.
2248 4860 2311 4927 D,
2338 4858 2392 4917 in
2434 4859 2714 4917 Bonifacio
2746 4862 3001 4937 episcopo
3045 4860 3379 4933 Moguntino,

1791 4950 2110 5023 praedic-tam
2138 4961 2353 5009 aetatem
2404 4953 2713 5010 distinctius
2760 4952 3106 5022 determinat,
3154 4954 3387 5010 all‘erens

1792 5050 2079 5123 exaratum
2107 5043 2273 5099 fuisse
2315 5028 2459 5101 circa
2513 5056 2714 5100 annum
2748 5045 2905 5102 1158.
2953 5045 3140 5113 Recte,
3168 5046 3383 5116 opinor,

1794 5144 1850 5190 et
1874 5142 2148 5205 accurate,
2192 5136 2354 5207 idque
2399 5132 2776 5195 Henschenius
2807 5138 3058 5211 colligere
3086 5139 3263 5209 potuit
3315 5148 3382 5191 ex

1794 5216 2118 5286 brevissimo
2148 5231 2428 5299 chronico,
2456 5231 2948 5305 Martyrologioisti
2980 5229 3384 5304 prmiixo,quod

1794 5321 1861 5378 ad
1897 5324 2100 5379 annum
2126 5323 2262 5381 1158
2284 5326 2569 5397 pertingit,
2609 5326 2661 5381 in
2693 5343 2800 5405 quo
2846 5325 3147 5381 clarissime
3190 5323 3381 5381 eadem

1793 5432 2017 5490 apparet
2067 5437 2260 5478 manus
2290 5438 2396 5493 qua
2427 5431 2601 5479 totum
2628 5421 3075 5495 Martyrologium
3121 5419 3383 5490 scriptum

1791 5521 1896 5567 est.
1952 5511 2069 5569 Non
2120 5524 2251 5586 puto
2300 5514 2681 5571 verosimiliori
2718 5520 3039 5586 argumento
3067 5510 3268 5567 veteris
3290 5498 3409 5566 οὐαί

1782 5599 2001 5671 jusdam
2032 5590 2238 5661 codiCis
2266 5613 2478 5661 aetatem
2512 5605 2724 5662 deliniri
2747 5618 2907 5675 posse
2933 5621 2946 5671 ;
2978 5612 3142 5673 atque
3166 5602 3270 5657 hoc
3292 5609 3377 5656 est

1790 5696 1935 5767 quod
1966 5698 2235 5766 dicebam,
2268 5698 2596 5754 Tornacensi
2651 5706 2705 5753 et
2744 5693 3128 5767 Antuerpiensi
3173 5695 3380 5765 majore

1791 5789 2148 5860 antiquiorem
2184 5805 2324 5847 esse.
2374 5790 2599 5845 Accedit
2645 5796 2700 5844 et
2751 5788 2855 5844 alia
2902 5787 3059 5845 valde
3087 5784 3385 5859 probabilis

1790 5870 1948 5954 ratio,
1983 5886 2127 5957 quod
2158 5894 2347 5942 careat
2376 5883 2792 5941 annuntiatione
2822 5890 3026 5939 sanctae
3072 5879 3407 5938 Catharinte‘
