  <div class='ocr_page' id='page_1' title='image "/cluster/home/n/w/nwhite01/storage/ocr_20150623/123/hvd.32044011218062/301.png"; bbox 0 0 3936 6348; ppageno 0'>
   <div class='ocr_carea' id='block_1_1' title="bbox 515 396 620 451">
    <p class='ocr_par' dir='ltr' id='par_1_1' title="bbox 515 396 620 451">
     <span class='ocr_line' id='line_1_1' title="bbox 515 396 620 451; baseline -0.01 0"><span class='ocrx_word' id='word_1_1' title='bbox 515 396 620 451; x_wconf 84' lang='grc'><strong>567</strong></span> 
     </span>
    </p>
   </div>
   <div class='ocr_carea' id='block_1_2' title="bbox 1369 398 2847 463">
    <p class='ocr_par' dir='ltr' id='par_1_2' title="bbox 1369 398 2847 463">
     <span class='ocr_line' id='line_1_2' title="bbox 1369 398 2847 463; baseline 0.004 -8"><span class='ocrx_word' id='word_1_2' title='bbox 1369 398 1742 455; x_wconf 80' lang='lat' dir='ltr'><strong>USUARDUS</strong></span> <span class='ocrx_word' id='word_1_3' title='bbox 1782 398 2162 457; x_wconf 81' lang='lat' dir='ltr'><strong>MONACHUS</strong></span> <span class='ocrx_word' id='word_1_4' title='bbox 2198 400 2847 463; x_wconf 75' lang='lat' dir='ltr'><strong>SANGERMANENSIS.</strong></span> 
     </span>
    </p>
   </div>
   <div class='ocr_carea' id='block_1_3' title="bbox 3695 411 3811 468">
    <p class='ocr_par' dir='ltr' id='par_1_3' title="bbox 3695 411 3811 468">
     <span class='ocr_line' id='line_1_3' title="bbox 3695 411 3811 468; baseline 0 -3"><span class='ocrx_word' id='word_1_5' title='bbox 3695 411 3811 468; x_wconf 79' lang='lat'><strong>568</strong></span> 
     </span>
    </p>
   </div>
   <div class='ocr_carea' id='block_1_4' title="bbox 517 508 3806 589">
    <p class='ocr_par' dir='ltr' id='par_1_4' title="bbox 517 508 3806 589">
     <span class='ocr_line' id='line_1_4' title="bbox 517 508 3806 589; baseline 0.003 -25"><span class='ocrx_word' id='word_1_6' title='bbox 517 510 741 580; x_wconf 75' lang='lat' dir='ltr'><strong>virginis</strong></span> <span class='ocrx_word' id='word_1_7' title='bbox 770 525 878 583; x_wconf 85' lang='lat' dir='ltr'><strong>xxv</strong></span> <span class='ocrx_word' id='word_1_8' title='bbox 929 508 1266 567; x_wconf 80' lang='lat' dir='ltr'><strong>Novembris.</strong></span> <span class='ocrx_word' id='word_1_9' title='bbox 1315 512 1428 567; x_wconf 88' lang='lat' dir='ltr'><strong>lmo</strong></span> <span class='ocrx_word' id='word_1_10' title='bbox 1469 511 1792 577; x_wconf 81' lang='lat' dir='ltr'><strong>clarissime,</strong></span> <span class='ocrx_word' id='word_1_11' title='bbox 1831 512 1887 566; x_wconf 91' lang='lat' dir='ltr'><strong>ni</strong></span> <span class='ocrx_word' id='word_1_12' title='bbox 1914 510 2096 577; x_wconf 85' lang='lat' dir='ltr'><strong>fallor,</strong></span> <span class='ocrx_word' id='word_1_13' title='bbox 2124 514 2176 574; x_wconf 76' lang='grc' dir='ltr'>Α</span> <span class='ocrx_word' id='word_1_14' title='bbox 2202 528 2650 583; x_wconf 86' lang='lat' dir='ltr'><strong>nonpossumus,</strong></span> <span class='ocrx_word' id='word_1_15' title='bbox 2675 515 2995 586; x_wconf 72' lang='lat' dir='ltr'><strong>simpliciter</strong></span> <span class='ocrx_word' id='word_1_16' title='bbox 3040 532 3297 574; x_wconf 84' lang='lat' dir='ltr'><strong>vocamus</strong></span> <span class='ocrx_word' id='word_1_17' title='bbox 3329 518 3806 589; x_wconf 71' lang='lat' dir='ltr'><strong>Antuerpiensens.</strong></span> 
     </span>
    </p>
   </div>
   <div class='ocr_carea' id='block_1_5' title="bbox 514 600 2096 675">
    <p class='ocr_par' dir='ltr' id='par_1_5' title="bbox 514 600 2096 675">
     <span class='ocr_line' id='line_1_5' title="bbox 514 600 2096 675; baseline 0.003 -21"><span class='ocrx_word' id='word_1_18' title='bbox 514 600 709 656; x_wconf 81' lang='lat' dir='ltr'><strong>confici</strong></span> <span class='ocrx_word' id='word_1_19' title='bbox 733 610 915 671; x_wconf 77' lang='lat' dir='ltr'><strong>potest</strong></span> <span class='ocrx_word' id='word_1_20' title='bbox 939 616 1006 655; x_wconf 93' lang='lat' dir='ltr'><strong>ex</strong></span> <span class='ocrx_word' id='word_1_21' title='bbox 1036 617 1101 657; x_wconf 90' lang='lat' dir='ltr'><strong>eo</strong></span> <span class='ocrx_word' id='word_1_22' title='bbox 1125 603 1269 672; x_wconf 90' lang='lat' dir='ltr'><strong>quod</strong></span> <span class='ocrx_word' id='word_1_23' title='bbox 1299 603 1363 657; x_wconf 89' lang='lat' dir='ltr'><strong>de</strong></span> <span class='ocrx_word' id='word_1_24' title='bbox 1391 614 1581 657; x_wconf 89' lang='lat' dir='ltr'><strong>sancto</strong></span> <span class='ocrx_word' id='word_1_25' title='bbox 1610 603 1816 659; x_wconf 91' lang='lat' dir='ltr'><strong>Tboma</strong></span> <span class='ocrx_word' id='word_1_26' title='bbox 1840 604 2096 675; x_wconf 89' lang='lat' dir='ltr'><strong>episcopo</strong></span> 
     </span>
    </p>
   </div>
   <div class='ocr_carea' id='block_1_6' title="bbox 514 693 2149 768">
    <p class='ocr_par' dir='ltr' id='par_1_6' title="bbox 514 693 2149 768">
     <span class='ocr_line' id='line_1_6' title="bbox 514 693 2149 768; baseline 0.003 -21"><span class='ocrx_word' id='word_1_27' title='bbox 514 693 913 760; x_wconf 86' lang='lat' dir='ltr'><strong>Cantuariensi,</strong></span> <span class='ocrx_word' id='word_1_28' title='bbox 945 694 1299 750; x_wconf 89' lang='lat' dir='ltr'><strong>celeberrimo</strong></span> <span class='ocrx_word' id='word_1_29' title='bbox 1329 695 1510 751; x_wconf 69' lang='lat' dir='ltr'><strong>saeculi</strong></span> <span class='ocrx_word' id='word_1_30' title='bbox 1541 712 1617 750; x_wconf 86' lang='lat' dir='ltr'><strong>xu</strong></span> <span class='ocrx_word' id='word_1_31' title='bbox 1646 705 1901 768; x_wconf 76' lang='lat' dir='ltr'><strong>martyre,</strong></span> <span class='ocrx_word' id='word_1_32' title='bbox 1925 698 2096 752; x_wconf 90' lang='lat' dir='ltr'><strong>altum</strong></span> <span class='ocrx_word' id='word_1_33' title='bbox 2144 731 2149 735; x_wconf 88' lang='lat'><strong>-</strong></span> 
     </span>
    </p>
   </div>
   <div class='ocr_carea' id='block_1_7' title="bbox 513 785 2093 858">
    <p class='ocr_par' dir='ltr' id='par_1_7' title="bbox 513 785 2093 858">
     <span class='ocr_line' id='line_1_7' title="bbox 513 785 2093 858; baseline 0.003 -19"><span class='ocrx_word' id='word_1_34' title='bbox 513 785 696 849; x_wconf 89' lang='lat' dir='ltr'><strong>sileat,</strong></span> <span class='ocrx_word' id='word_1_35' title='bbox 735 799 858 841; x_wconf 89' lang='lat' dir='ltr'><strong>cum</strong></span> <span class='ocrx_word' id='word_1_36' title='bbox 888 786 935 840; x_wconf 90' lang='lat' dir='ltr'><strong>is</strong></span> <span class='ocrx_word' id='word_1_37' title='bbox 961 786 1013 840; x_wconf 91' lang='lat' dir='ltr'><strong>in</strong></span> <span class='ocrx_word' id='word_1_38' title='bbox 1046 798 1273 856; x_wconf 87' lang='lat' dir='ltr'><strong>utroque</strong></span> <span class='ocrx_word' id='word_1_39' title='bbox 1301 787 1482 856; x_wconf 86' lang='lat' dir='ltr'><strong>priore</strong></span> <span class='ocrx_word' id='word_1_40' title='bbox 1511 788 1711 843; x_wconf 90' lang='lat' dir='ltr'><strong>diserte</strong></span> <span class='ocrx_word' id='word_1_41' title='bbox 1739 788 2093 858; x_wconf 74' lang='lat' dir='ltr'><strong>exprimatur,</strong></span> 
     </span>
    </p>
   </div>
   <div class='ocr_carea' id='block_1_8' title="bbox 512 877 2006 944">
    <p class='ocr_par' dir='ltr' id='par_1_8' title="bbox 512 877 2006 944">
     <span class='ocr_line' id='line_1_8' title="bbox 512 877 2006 944; baseline 0.005 -14"><span class='ocrx_word' id='word_1_42' title='bbox 512 886 570 932; x_wconf 90' lang='lat' dir='ltr'><strong>nt</strong></span> <span class='ocrx_word' id='word_1_43' title='bbox 605 880 728 934; x_wconf 91' lang='lat' dir='ltr'><strong>vide</strong></span> <span class='ocrx_word' id='word_1_44' title='bbox 754 880 807 933; x_wconf 91' lang='lat' dir='ltr'><strong>in</strong></span> <span class='ocrx_word' id='word_1_45' title='bbox 842 877 1115 934; x_wconf 81' lang='lat' dir='ltr'><strong>Auctariis</strong></span> <span class='ocrx_word' id='word_1_46' title='bbox 1144 894 1272 934; x_wconf 85' lang='lat' dir='ltr'><strong>xxtx</strong></span> <span class='ocrx_word' id='word_1_47' title='bbox 1312 880 1641 938; x_wconf 89' lang='lat' dir='ltr'><strong>Decembris.</strong></span> <span class='ocrx_word' id='word_1_48' title='bbox 2003 940 2006 944; x_wconf 19' lang='grc' dir='ltr'><strong>Α</strong></span> 
     </span>
    </p>
   </div>
   <div class='ocr_carea' id='block_1_9' title="bbox 586 957 2096 1050">
    <p class='ocr_par' dir='ltr' id='par_1_9' title="bbox 586 957 2096 1050">
     <span class='ocr_line' id='line_1_9' title="bbox 586 957 2096 1050; baseline 0.007 -26"><span class='ocrx_word' id='word_1_49' title='bbox 586 970 711 1024; x_wconf 70' lang='grc'>221.</span> <span class='ocrx_word' id='word_1_50' title='bbox 749 957 913 1036; x_wconf 65' lang='lat' dir='ltr'><strong>Quod</strong></span> <span class='ocrx_word' id='word_1_51' title='bbox 939 984 1067 1024; x_wconf 88' lang='lat' dir='ltr'><strong>vero</strong></span> <span class='ocrx_word' id='word_1_52' title='bbox 1094 970 1216 1026; x_wconf 89' lang='lat' dir='ltr'><strong>aliis</strong></span> <span class='ocrx_word' id='word_1_53' title='bbox 1241 971 1359 1026; x_wconf 91' lang='lat' dir='ltr'><strong>istis</strong></span> <span class='ocrx_word' id='word_1_54' title='bbox 1382 972 1748 1050; x_wconf 76' lang='lat' dir='ltr'><strong>simplicitatis</strong></span> <span class='ocrx_word' id='word_1_55' title='bbox 1769 984 1934 1046; x_wconf 89' lang='lat' dir='ltr'><strong>atque</strong></span> <span class='ocrx_word' id='word_1_56' title='bbox 1960 978 2096 1035; x_wconf 82' lang='lat' dir='ltr'><strong>adeo</strong></span> 
     </span>
    </p>
   </div>
   <div class='ocr_carea' id='block_1_10' title="bbox 516 1066 2095 1141">
    <p class='ocr_par' dir='ltr' id='par_1_10' title="bbox 516 1066 2095 1141">
     <span class='ocr_line' id='line_1_10' title="bbox 516 1066 2095 1141; baseline 0.004 -21"><span class='ocrx_word' id='word_1_57' title='bbox 516 1067 857 1122; x_wconf 79' lang='lat' dir='ltr'><strong>auctoritatis</strong></span> <span class='ocrx_word' id='word_1_58' title='bbox 881 1066 1073 1122; x_wconf 85' lang='lat' dir='ltr'><strong>ordine</strong></span> <span class='ocrx_word' id='word_1_59' title='bbox 1098 1078 1475 1139; x_wconf 89' lang='lat' dir='ltr'><strong>postponatur,</strong></span> <span class='ocrx_word' id='word_1_60' title='bbox 1513 1071 1644 1125; x_wconf 82' lang='lat' dir='ltr'><strong>facit</strong></span> <span class='ocrx_word' id='word_1_61' title='bbox 1678 1070 1788 1141; x_wconf 92' lang='lat' dir='ltr'><strong>jam</strong></span> <span class='ocrx_word' id='word_1_62' title='bbox 1820 1072 2095 1128; x_wconf 86' lang='lat' dir='ltr'><strong>insinuata</strong></span> 
     </span>
    </p>
   </div>
   <div class='ocr_carea' id='block_1_11' title="bbox 515 1157 2095 1234">
    <p class='ocr_par' dir='ltr' id='par_1_11' title="bbox 515 1157 2095 1234">
     <span class='ocr_line' id='line_1_11' title="bbox 515 1157 2095 1234; baseline 0.006 -25"><span class='ocrx_word' id='word_1_63' title='bbox 515 1157 869 1226; x_wconf 87' lang='lat' dir='ltr'><strong>descriptoris</strong></span> <span class='ocrx_word' id='word_1_64' title='bbox 916 1158 1158 1221; x_wconf 87' lang='lat' dir='ltr'><strong>libertas,</strong></span> <span class='ocrx_word' id='word_1_65' title='bbox 1214 1162 1303 1230; x_wconf 90' lang='lat' dir='ltr'><strong>qui</strong></span> <span class='ocrx_word' id='word_1_66' title='bbox 1344 1162 1782 1234; x_wconf 79' lang='lat' dir='ltr'><strong>Martyrologium</strong></span> <span class='ocrx_word' id='word_1_67' title='bbox 1836 1163 2095 1219; x_wconf 88' lang='lat' dir='ltr'><strong>Usnardi-</strong></span> 
     </span>
    </p>
   </div>
   <div class='ocr_carea' id='block_1_12' title="bbox 517 1246 2096 1327">
    <p class='ocr_par' dir='ltr' id='par_1_12' title="bbox 517 1246 2096 1327">
     <span class='ocr_line' id='line_1_12' title="bbox 517 1246 2096 1327; baseline 0.008 -26"><span class='ocrx_word' id='word_1_68' title='bbox 517 1263 645 1301; x_wconf 89' lang='lat' dir='ltr'><strong>num</strong></span> <span class='ocrx_word' id='word_1_69' title='bbox 680 1248 840 1302; x_wconf 91' lang='lat' dir='ltr'><strong>nimis</strong></span> <span class='ocrx_word' id='word_1_70' title='bbox 864 1246 1175 1319; x_wconf 87' lang='lat' dir='ltr'><strong>frequenter</strong></span> <span class='ocrx_word' id='word_1_71' title='bbox 1221 1267 1285 1305; x_wconf 84' lang='lat' dir='ltr'><strong>ex</strong></span> <span class='ocrx_word' id='word_1_72' title='bbox 1332 1254 1607 1309; x_wconf 89' lang='lat' dir='ltr'><strong>codicibus</strong></span> <span class='ocrx_word' id='word_1_73' title='bbox 1658 1255 2096 1327; x_wconf 82' lang='lat' dir='ltr'><strong>Hieronymianis</strong></span> 
     </span>
    </p>
   </div>
   <div class='ocr_carea' id='block_1_13' title="bbox 515 1338 2095 1411">
    <p class='ocr_par' dir='ltr' id='par_1_13' title="bbox 515 1338 2095 1411">
     <span class='ocr_line' id='line_1_13' title="bbox 515 1338 2095 1411; baseline 0.006 -20"><span class='ocrx_word' id='word_1_74' title='bbox 515 1347 569 1391; x_wconf 88' lang='lat' dir='ltr'><strong>et</strong></span> <span class='ocrx_word' id='word_1_75' title='bbox 611 1354 672 1392; x_wconf 87' lang='lat' dir='ltr'><strong>ex</strong></span> <span class='ocrx_word' id='word_1_76' title='bbox 716 1338 919 1394; x_wconf 81' lang='lat' dir='ltr'><strong>Adone</strong></span> <span class='ocrx_word' id='word_1_77' title='bbox 961 1340 1324 1410; x_wconf 86' lang='lat' dir='ltr'><strong>interpolavit,</strong></span> <span class='ocrx_word' id='word_1_78' title='bbox 1372 1354 1469 1399; x_wconf 91' lang='lat' dir='ltr'><strong>aut</strong></span> <span class='ocrx_word' id='word_1_79' title='bbox 1513 1345 1729 1401; x_wconf 86' lang='lat' dir='ltr'><strong>aliunde</strong></span> <span class='ocrx_word' id='word_1_80' title='bbox 1782 1348 1954 1411; x_wconf 85' lang='lat' dir='ltr'><strong>auxit,</strong></span> <span class='ocrx_word' id='word_1_81' title='bbox 2002 1356 2095 1402; x_wconf 89' lang='lat' dir='ltr'><strong>aut</strong></span> 
     </span>
    </p>
   </div>
   <div class='ocr_carea' id='block_1_14' title="bbox 514 1431 2089 1507">
    <p class='ocr_par' dir='ltr' id='par_1_14' title="bbox 514 1431 2089 1507">
     <span class='ocr_line' id='line_1_14' title="bbox 514 1431 2089 1507; baseline 0.006 -24"><span class='ocrx_word' id='word_1_82' title='bbox 514 1431 727 1485; x_wconf 88' lang='lat' dir='ltr'><strong>modice</strong></span> <span class='ocrx_word' id='word_1_83' title='bbox 761 1431 1046 1501; x_wconf 88' lang='lat' dir='ltr'><strong>corripuit,</strong></span> <span class='ocrx_word' id='word_1_84' title='bbox 1076 1442 1136 1487; x_wconf 91' lang='lat' dir='ltr'><strong>ut</strong></span> <span class='ocrx_word' id='word_1_85' title='bbox 1181 1433 1603 1491; x_wconf 85' lang='lat' dir='ltr'><strong>Observationes</strong></span> <span class='ocrx_word' id='word_1_86' title='bbox 1630 1438 1955 1507; x_wconf 81' lang='lat' dir='ltr'><strong>quotidianae</strong></span> <span class='ocrx_word' id='word_1_87' title='bbox 1978 1439 2089 1493; x_wconf 82' lang='lat' dir='ltr'><strong>Au-</strong></span> 
     </span>
    </p>
   </div>
   <div class='ocr_carea' id='block_1_15' title="bbox 509 1524 2087 1594">
    <p class='ocr_par' dir='ltr' id='par_1_15' title="bbox 509 1524 2087 1594">
     <span class='ocr_line' id='line_1_15' title="bbox 509 1524 2087 1594; baseline 0.006 -17"><span class='ocrx_word' id='word_1_88' title='bbox 509 1524 791 1594; x_wconf 88' lang='lat' dir='ltr'><strong>ctariaque</strong></span> <span class='ocrx_word' id='word_1_89' title='bbox 812 1535 1000 1582; x_wconf 90' lang='lat' dir='ltr'><strong>nostra</strong></span> <span class='ocrx_word' id='word_1_90' title='bbox 1025 1527 1315 1583; x_wconf 83' lang='lat' dir='ltr'><strong>manifeste</strong></span> <span class='ocrx_word' id='word_1_91' title='bbox 1344 1530 1655 1585; x_wconf 89' lang='lat' dir='ltr'><strong>ostendunt.</strong></span> <span class='ocrx_word' id='word_1_92' title='bbox 1683 1530 1777 1586; x_wconf 87' lang='lat' dir='ltr'><strong>llis</strong></span> <span class='ocrx_word' id='word_1_93' title='bbox 1826 1532 1964 1586; x_wconf 87' lang='lat' dir='ltr'><strong>adde</strong></span> <span class='ocrx_word' id='word_1_94' title='bbox 1994 1546 2087 1587; x_wconf 89' lang='lat' dir='ltr'><strong>ac-</strong></span> 
     </span>
    </p>
   </div>
   <div class='ocr_carea' id='block_1_16' title="bbox 510 1612 2089 1689">
    <p class='ocr_par' dir='ltr' id='par_1_16' title="bbox 510 1612 2089 1689">
     <span class='ocr_line' id='line_1_16' title="bbox 510 1612 2089 1689; baseline 0.004 -23"><span class='ocrx_word' id='word_1_95' title='bbox 510 1613 787 1669; x_wconf 89' lang='lat' dir='ltr'><strong>cessiones</strong></span> <span class='ocrx_word' id='word_1_96' title='bbox 812 1612 1142 1685; x_wconf 80' lang='lat' dir='ltr'><strong>Anglicanas</strong></span> <span class='ocrx_word' id='word_1_97' title='bbox 1169 1616 1334 1687; x_wconf 91' lang='lat' dir='ltr'><strong>(unde</strong></span> <span class='ocrx_word' id='word_1_98' title='bbox 1363 1618 1593 1687; x_wconf 88' lang='lat' dir='ltr'><strong>patriam</strong></span> <span class='ocrx_word' id='word_1_99' title='bbox 1622 1620 1875 1689; x_wconf 87' lang='lat' dir='ltr'><strong>superius</strong></span> <span class='ocrx_word' id='word_1_100' title='bbox 1902 1620 2089 1674; x_wconf 84' lang='lat' dir='ltr'><strong>obser-</strong></span> 
     </span>
    </p>
   </div>
   <div class='ocr_carea' id='block_1_17' title="bbox 508 1702 2089 1782">
    <p class='ocr_par' dir='ltr' id='par_1_17' title="bbox 508 1702 2089 1782">
     <span class='ocr_line' id='line_1_17' title="bbox 508 1702 2089 1782; baseline 0.008 -28"><span class='ocrx_word' id='word_1_101' title='bbox 508 1703 671 1771; x_wconf 81' lang='lat' dir='ltr'><strong>vabat</strong></span> <span class='ocrx_word' id='word_1_102' title='bbox 712 1702 1106 1775; x_wconf 85' lang='lat' dir='ltr'><strong>Henschenius)</strong></span> <span class='ocrx_word' id='word_1_103' title='bbox 1159 1721 1389 1775; x_wconf 89' lang='lat' dir='ltr'><strong>quarum</strong></span> <span class='ocrx_word' id='word_1_104' title='bbox 1436 1708 1521 1762; x_wconf 87' lang='lat' dir='ltr'><strong>hic</strong></span> <span class='ocrx_word' id='word_1_105' title='bbox 1552 1709 1813 1778; x_wconf 88' lang='lat' dir='ltr'><strong>pauculas</strong></span> <span class='ocrx_word' id='word_1_106' title='bbox 1843 1710 2089 1782; x_wconf 90' lang='lat' dir='ltr'><strong>attigisse</strong></span> 
     </span>
    </p>
   </div>
   <div class='ocr_carea' id='block_1_18' title="bbox 507 1782 2090 1869">
    <p class='ocr_par' dir='ltr' id='par_1_18' title="bbox 507 1782 2090 1869">
     <span class='ocr_line' id='line_1_18' title="bbox 507 1782 2090 1869; baseline 0.007 -23"><span class='ocrx_word' id='word_1_107' title='bbox 507 1794 641 1869; x_wconf 81' lang='lat' dir='ltr'><strong>satis</strong></span> <span class='ocrx_word' id='word_1_108' title='bbox 666 1804 780 1860; x_wconf 90' lang='lat' dir='ltr'><strong>est;</strong></span> <span class='ocrx_word' id='word_1_109' title='bbox 813 1804 1038 1852; x_wconf 66' lang='lat' dir='ltr'><strong>caeteras</strong></span> <span class='ocrx_word' id='word_1_110' title='bbox 1065 1796 1236 1852; x_wconf 87' lang='lat' dir='ltr'><strong>lector</strong></span> <span class='ocrx_word' id='word_1_111' title='bbox 1270 1800 1381 1853; x_wconf 83' lang='lat' dir='ltr'><strong>suis</strong></span> <span class='ocrx_word' id='word_1_112' title='bbox 1408 1782 1541 1853; x_wconf 85' lang='lat' dir='ltr'><strong>locis</strong></span> <span class='ocrx_word' id='word_1_113' title='bbox 1570 1799 1726 1855; x_wconf 84' lang='lat' dir='ltr'><strong>facile</strong></span> <span class='ocrx_word' id='word_1_114' title='bbox 1751 1802 2090 1857; x_wconf 81' lang='lat' dir='ltr'><strong>animadver-</strong></span> 
     </span>
    </p>
   </div>
   <div class='ocr_carea' id='block_1_19' title="bbox 2198 603 3812 683">
    <p class='ocr_par' dir='ltr' id='par_1_19' title="bbox 2198 603 3812 683">
     <span class='ocr_line' id='line_1_19' title="bbox 2198 603 3812 683; baseline 0.006 -25"><span class='ocrx_word' id='word_1_115' title='bbox 2198 603 2354 660; x_wconf 86' lang='lat' dir='ltr'><strong>anla</strong></span> <span class='ocrx_word' id='word_1_116' title='bbox 2377 615 2527 662; x_wconf 90' lang='lat' dir='ltr'><strong>certa</strong></span> <span class='ocrx_word' id='word_1_117' title='bbox 2548 608 2726 663; x_wconf 65' lang='lat' dir='ltr'><strong>astatis</strong></span> <span class='ocrx_word' id='word_1_118' title='bbox 2740 608 2892 678; x_wconf 90' lang='lat' dir='ltr'><strong>signa</strong></span> <span class='ocrx_word' id='word_1_119' title='bbox 2906 608 3144 683; x_wconf 83' lang='lat' dir='ltr'><strong>praefert,</strong></span> <span class='ocrx_word' id='word_1_120' title='bbox 3166 617 3365 680; x_wconf 69' lang='lat' dir='ltr'><strong>praeter</strong></span> <span class='ocrx_word' id='word_1_121' title='bbox 3384 610 3812 677; x_wconf 73' lang='lat' dir='ltr'><strong>characterem,</strong></span> 
     </span>
    </p>
   </div>
   <div class='ocr_carea' id='block_1_20' title="bbox 2197 697 3810 774">
    <p class='ocr_par' dir='ltr' id='par_1_20' title="bbox 2197 697 3810 774">
     <span class='ocr_line' id='line_1_20' title="bbox 2197 697 3810 774; baseline 0.005 -23"><span class='ocrx_word' id='word_1_122' title='bbox 2197 697 2291 767; x_wconf 87' lang='lat' dir='ltr'><strong>qui</strong></span> <span class='ocrx_word' id='word_1_123' title='bbox 2340 698 2593 753; x_wconf 76' lang='lat' dir='ltr'><strong>saeculum</strong></span> <span class='ocrx_word' id='word_1_124' title='bbox 2624 715 2722 754; x_wconf 86' lang='lat' dir='ltr'><strong>xm</strong></span> <span class='ocrx_word' id='word_1_125' title='bbox 2760 714 2952 770; x_wconf 86' lang='lat' dir='ltr'><strong>sapere</strong></span> <span class='ocrx_word' id='word_1_126' title='bbox 2997 701 3220 757; x_wconf 89' lang='lat' dir='ltr'><strong>omnino</strong></span> <span class='ocrx_word' id='word_1_127' title='bbox 3250 702 3487 769; x_wconf 89' lang='lat' dir='ltr'><strong>videtur,</strong></span> <span class='ocrx_word' id='word_1_128' title='bbox 3545 703 3810 774; x_wconf 84' lang='lat' dir='ltr'><strong>mihique</strong></span> 
     </span>
    </p>
   </div>
   <div class='ocr_carea' id='block_1_21' title="bbox 2198 787 3810 865">
    <p class='ocr_par' dir='ltr' id='par_1_21' title="bbox 2198 787 3810 865">
     <span class='ocr_line' id='line_1_21' title="bbox 2198 787 3810 865; baseline 0.004 -21"><span class='ocrx_word' id='word_1_129' title='bbox 2198 787 2408 857; x_wconf 29' lang='lat' dir='ltr'><strong>id‘adeo</strong></span> <span class='ocrx_word' id='word_1_130' title='bbox 2438 790 2649 846; x_wconf 80' lang='lat' dir='ltr'><strong>facilius</strong></span> <span class='ocrx_word' id='word_1_131' title='bbox 2668 792 2991 861; x_wconf 84' lang='lat' dir='ltr'><strong>persuadeo,</strong></span> <span class='ocrx_word' id='word_1_132' title='bbox 3013 794 3159 864; x_wconf 91' lang='lat' dir='ltr'><strong>quod</strong></span> <span class='ocrx_word' id='word_1_133' title='bbox 3172 792 3349 850; x_wconf 89' lang='lat' dir='ltr'><strong>nullos</strong></span> <span class='ocrx_word' id='word_1_134' title='bbox 3369 802 3608 850; x_wconf 84' lang='lat' dir='ltr'><strong>sanctos</strong></span> <span class='ocrx_word' id='word_1_135' title='bbox 3630 796 3810 865; x_wconf 74' lang='lat' dir='ltr'><strong>signet</strong></span> 
     </span>
    </p>
   </div>
   <div class='ocr_carea' id='block_1_22' title="bbox 2197 882 3811 957">
    <p class='ocr_par' dir='ltr' id='par_1_22' title="bbox 2197 882 3811 957">
     <span class='ocr_line' id='line_1_22' title="bbox 2197 882 3811 957; baseline 0.002 -19"><span class='ocrx_word' id='word_1_136' title='bbox 2197 897 2265 938; x_wconf 89' lang='lat' dir='ltr'><strong>eo</strong></span> <span class='ocrx_word' id='word_1_137' title='bbox 2295 882 2495 939; x_wconf 61' lang='lat' dir='ltr'><strong>sseculo</strong></span> <span class='ocrx_word' id='word_1_138' title='bbox 2515 884 2869 955; x_wconf 90' lang='lat' dir='ltr'><strong>posteriores.</strong></span> <span class='ocrx_word' id='word_1_139' title='bbox 2914 884 3055 940; x_wconf 90' lang='lat' dir='ltr'><strong>Sunt</strong></span> <span class='ocrx_word' id='word_1_140' title='bbox 3106 885 3161 941; x_wconf 90' lang='lat' dir='ltr'><strong>in</strong></span> <span class='ocrx_word' id='word_1_141' title='bbox 3204 885 3433 957; x_wconf 68' lang='lat' dir='ltr'><strong>praeﬁxo</strong></span> <span class='ocrx_word' id='word_1_142' title='bbox 3462 885 3811 943; x_wconf 74' lang='lat' dir='ltr'><strong>Kalendario</strong></span> 
     </span>
    </p>
   </div>
   <div class='ocr_carea' id='block_1_23' title="bbox 2197 971 3809 1047">
    <p class='ocr_par' dir='ltr' id='par_1_23' title="bbox 2197 971 3809 1047">
     <span class='ocr_line' id='line_1_23' title="bbox 2197 971 3809 1047; baseline 0.001 -17"><span class='ocrx_word' id='word_1_143' title='bbox 2197 974 2257 1030; x_wconf 92' lang='lat' dir='ltr'><strong>S.</strong></span> <span class='ocrx_word' id='word_1_144' title='bbox 2295 974 2520 1030; x_wconf 83' lang='lat' dir='ltr'><strong>Thomas</strong></span> <span class='ocrx_word' id='word_1_145' title='bbox 2542 976 2830 1045; x_wconf 78' lang='lat' dir='ltr'><strong>confessor,</strong></span> <span class='ocrx_word' id='word_1_146' title='bbox 2854 991 2925 1030; x_wconf 88' lang='lat' dir='ltr'><strong>vn</strong></span> <span class='ocrx_word' id='word_1_147' title='bbox 2950 976 3162 1040; x_wconf 83' lang='lat' dir='ltr'><strong>Martii;</strong></span> <span class='ocrx_word' id='word_1_148' title='bbox 3194 971 3326 1032; x_wconf 83' lang='lat' dir='ltr'><strong>xxix</strong></span> <span class='ocrx_word' id='word_1_149' title='bbox 3359 977 3581 1047; x_wconf 79' lang='lat' dir='ltr'><strong>Aprilis</strong></span> <span class='ocrx_word' id='word_1_150' title='bbox 3606 976 3809 1032; x_wconf 64' lang='lat' dir='ltr'><strong>Boter-</strong></span> 
     </span>
    </p>
   </div>
   <div class='ocr_carea' id='block_1_24' title="bbox 2198 1064 3805 1134">
    <p class='ocr_par' dir='ltr' id='par_1_24' title="bbox 2198 1064 3805 1134">
     <span class='ocr_line' id='line_1_24' title="bbox 2198 1064 3805 1134; baseline 0.002 -15"><span class='ocrx_word' id='word_1_151' title='bbox 2198 1074 2281 1119; x_wconf 82' lang='lat' dir='ltr'><strong>tus</strong></span> <span class='ocrx_word' id='word_1_152' title='bbox 2302 1064 2484 1131; x_wconf 88' lang='lat' dir='ltr'><strong>abbas,</strong></span> <span class='ocrx_word' id='word_1_153' title='bbox 2517 1065 2564 1119; x_wconf 89' lang='lat' dir='ltr'><strong>is</strong></span> <span class='ocrx_word' id='word_1_154' title='bbox 2601 1065 2746 1120; x_wconf 85' lang='lat' dir='ltr'><strong>haud</strong></span> <span class='ocrx_word' id='word_1_155' title='bbox 2774 1064 2933 1120; x_wconf 83' lang='lat' dir='ltr'><strong>dubie</strong></span> <span class='ocrx_word' id='word_1_156' title='bbox 2962 1066 3053 1134; x_wconf 92' lang='lat' dir='ltr'><strong>qui</strong></span> <span class='ocrx_word' id='word_1_157' title='bbox 3096 1066 3343 1123; x_wconf 87' lang='lat' dir='ltr'><strong>ordinem</strong></span> <span class='ocrx_word' id='word_1_158' title='bbox 3371 1065 3805 1123; x_wconf 75' lang='lat' dir='ltr'><strong>Cistercieusen:</strong></span> 
     </span>
    </p>
   </div>
   <div class='ocr_carea' id='block_1_25' title="bbox 2196 1154 3801 1225">
    <p class='ocr_par' dir='ltr' id='par_1_25' title="bbox 2196 1154 3801 1225">
     <span class='ocr_line' id='line_1_25' title="bbox 2196 1154 3801 1225; baseline 0.003 -17"><span class='ocrx_word' id='word_1_159' title='bbox 2196 1154 2405 1225; x_wconf 91' lang='lat' dir='ltr'><strong>primus</strong></span> <span class='ocrx_word' id='word_1_160' title='bbox 2426 1154 2718 1210; x_wconf 85' lang='lat' dir='ltr'><strong>inchoavit.</strong></span> <span class='ocrx_word' id='word_1_161' title='bbox 2744 1154 2880 1209; x_wconf 88' lang='lat' dir='ltr'><strong>Tum</strong></span> <span class='ocrx_word' id='word_1_162' title='bbox 2912 1171 2983 1210; x_wconf 90' lang='lat' dir='ltr'><strong>xx</strong></span> <span class='ocrx_word' id='word_1_163' title='bbox 3012 1155 3266 1225; x_wconf 85' lang='lat' dir='ltr'><strong>Augusti,</strong></span> <span class='ocrx_word' id='word_1_164' title='bbox 3293 1156 3493 1213; x_wconf 87' lang='lat' dir='ltr'><strong>litteris</strong></span> <span class='ocrx_word' id='word_1_165' title='bbox 3530 1158 3801 1220; x_wconf 79' lang='lat' dir='ltr'><strong>miniatis,</strong></span> 
     </span>
    </p>
   </div>
   <div class='ocr_carea' id='block_1_26' title="bbox 2199 1244 3798 1320">
    <p class='ocr_par' dir='ltr' id='par_1_26' title="bbox 2199 1244 3798 1320">
     <span class='ocr_line' id='line_1_26' title="bbox 2199 1244 3798 1320; baseline 0.003 -21"><span class='ocrx_word' id='word_1_166' title='bbox 2199 1244 2474 1299; x_wconf 84' lang='lat' dir='ltr'><strong>Bernadus</strong></span> <span class='ocrx_word' id='word_1_167' title='bbox 2505 1244 2687 1310; x_wconf 88' lang='lat' dir='ltr'><strong>abbas,</strong></span> <span class='ocrx_word' id='word_1_168' title='bbox 2707 1246 2850 1300; x_wconf 91' lang='lat' dir='ltr'><strong>unde</strong></span> <span class='ocrx_word' id='word_1_169' title='bbox 2878 1261 2985 1301; x_wconf 92' lang='lat' dir='ltr'><strong>non</strong></span> <span class='ocrx_word' id='word_1_170' title='bbox 3014 1246 3196 1317; x_wconf 89' lang='lat' dir='ltr'><strong>inepte</strong></span> <span class='ocrx_word' id='word_1_171' title='bbox 3223 1248 3520 1320; x_wconf 82' lang='lat' dir='ltr'><strong>conjicitur</strong></span> <span class='ocrx_word' id='word_1_172' title='bbox 3552 1251 3798 1305; x_wconf 71' lang='lat' dir='ltr'><strong>codicem</strong></span> 
     </span>
    </p>
   </div>
   <div class='ocr_carea' id='block_1_27' title="bbox 2196 1333 3796 1409">
    <p class='ocr_par' dir='ltr' id='par_1_27' title="bbox 2196 1333 3796 1409">
     <span class='ocr_line' id='line_1_27' title="bbox 2196 1333 3796 1409; baseline 0.004 -21"><span class='ocrx_word' id='word_1_173' title='bbox 2196 1333 2322 1388; x_wconf 90' lang='lat' dir='ltr'><strong>olim</strong></span> <span class='ocrx_word' id='word_1_174' title='bbox 2349 1333 2417 1388; x_wconf 91' lang='lat' dir='ltr'><strong>ad</strong></span> <span class='ocrx_word' id='word_1_175' title='bbox 2440 1333 2805 1389; x_wconf 86' lang='lat' dir='ltr'><strong>Cisterciense</strong></span> <span class='ocrx_word' id='word_1_176' title='bbox 2828 1333 3045 1405; x_wconf 87' lang='lat' dir='ltr'><strong>aliquod</strong></span> <span class='ocrx_word' id='word_1_177' title='bbox 3069 1338 3464 1392; x_wconf 87' lang='lat' dir='ltr'><strong>monasterium</strong></span> <span class='ocrx_word' id='word_1_178' title='bbox 3492 1348 3796 1409; x_wconf 75' lang='lat' dir='ltr'><strong>spectasse.</strong></span> 
     </span>
    </p>
   </div>
   <div class='ocr_carea' id='block_1_28' title="bbox 2193 1423 3795 1496">
    <p class='ocr_par' dir='ltr' id='par_1_28' title="bbox 2193 1423 3795 1496">
     <span class='ocr_line' id='line_1_28' title="bbox 2193 1423 3795 1496; baseline 0.007 -19"><span class='ocrx_word' id='word_1_179' title='bbox 2193 1423 2276 1477; x_wconf 81' lang='lat' dir='ltr'><strong>Ad</strong></span> <span class='ocrx_word' id='word_1_180' title='bbox 2328 1440 2418 1490; x_wconf 97' lang='lat' dir='ltr'><strong>xv,</strong></span> <span class='ocrx_word' id='word_1_181' title='bbox 2468 1424 2741 1490; x_wconf 87' lang='lat' dir='ltr'><strong>Octobris,</strong></span> <span class='ocrx_word' id='word_1_182' title='bbox 2784 1426 3006 1496; x_wconf 90' lang='lat' dir='ltr'><strong>ponitur</strong></span> <span class='ocrx_word' id='word_1_183' title='bbox 3035 1424 3397 1495; x_wconf 86' lang='lat' dir='ltr'><strong>Franciscus;</strong></span> <span class='ocrx_word' id='word_1_184' title='bbox 3427 1430 3498 1484; x_wconf 89' lang='lat' dir='ltr'><strong>ad</strong></span> <span class='ocrx_word' id='word_1_185' title='bbox 3560 1446 3657 1486; x_wconf 78' lang='lat' dir='ltr'><strong>xix</strong></span> <span class='ocrx_word' id='word_1_186' title='bbox 3692 1431 3795 1488; x_wconf 85' lang='lat' dir='ltr'><strong>No-</strong></span> 
     </span>
    </p>
   </div>
   <div class='ocr_carea' id='block_1_29' title="bbox 2195 1510 3793 1581">
    <p class='ocr_par' dir='ltr' id='par_1_29' title="bbox 2195 1510 3793 1581">
     <span class='ocr_line' id='line_1_29' title="bbox 2195 1510 3793 1581; baseline 0.008 -15"><span class='ocrx_word' id='word_1_187' title='bbox 2195 1514 2453 1581; x_wconf 90' lang='lat' dir='ltr'><strong>vembris,</strong></span> <span class='ocrx_word' id='word_1_188' title='bbox 2486 1514 2775 1569; x_wconf 79' lang='lat' dir='ltr'><strong>Elisabetlt.</strong></span> <span class='ocrx_word' id='word_1_189' title='bbox 2803 1515 2877 1569; x_wconf 87' lang='lat' dir='ltr'><strong>At</strong></span> <span class='ocrx_word' id='word_1_190' title='bbox 2910 1530 3042 1572; x_wconf 88' lang='lat' dir='ltr'><strong>vero</strong></span> <span class='ocrx_word' id='word_1_191' title='bbox 3073 1510 3371 1574; x_wconf 78' lang='lat' dir='ltr'><strong>notandum</strong></span> <span class='ocrx_word' id='word_1_192' title='bbox 3397 1518 3793 1579; x_wconf 75' lang='lat' dir='ltr'><strong>Kalendas-inm</strong></span> 
     </span>
    </p>
   </div>
   <div class='ocr_carea' id='block_1_30' title="bbox 2195 1600 3791 1687">
    <p class='ocr_par' dir='ltr' id='par_1_30' title="bbox 2195 1600 3791 1687">
     <span class='ocr_line' id='line_1_30' title="bbox 2195 1600 3791 1687; baseline 0.007 -27"><span class='ocrx_word' id='word_1_193' title='bbox 2195 1622 2224 1660; x_wconf 88' lang='lat' dir='ltr'><strong>a</strong></span> <span class='ocrx_word' id='word_1_194' title='bbox 2254 1624 2413 1662; x_wconf 90' lang='lat' dir='ltr'><strong>manu</strong></span> <span class='ocrx_word' id='word_1_195' title='bbox 2436 1608 2594 1680; x_wconf 89' lang='lat' dir='ltr'><strong>longe</strong></span> <span class='ocrx_word' id='word_1_196' title='bbox 2608 1600 2897 1665; x_wconf 87' lang='lat' dir='ltr'><strong>recentiori</strong></span> <span class='ocrx_word' id='word_1_197' title='bbox 2911 1624 3031 1665; x_wconf 89' lang='lat' dir='ltr'><strong>esse</strong></span> <span class='ocrx_word' id='word_1_198' title='bbox 3046 1600 3220 1680; x_wconf 51' lang='lat' dir='ltr'><strong>&#39;quam</strong></span> <span class='ocrx_word' id='word_1_199' title='bbox 3243 1612 3314 1667; x_wconf 88' lang='lat' dir='ltr'><strong>sit</strong></span> <span class='ocrx_word' id='word_1_200' title='bbox 3334 1610 3791 1687; x_wconf 76' lang='lat' dir='ltr'><strong>Martyrologium</strong></span> 
     </span>
    </p>
   </div>
   <div class='ocr_carea' id='block_1_31' title="bbox 2196 1700 3786 1778">
    <p class='ocr_par' dir='ltr' id='par_1_31' title="bbox 2196 1700 3786 1778">
     <span class='ocr_line' id='line_1_31' title="bbox 2196 1700 3786 1778; baseline 0.004 -24"><span class='ocrx_word' id='word_1_201' title='bbox 2196 1700 2280 1755; x_wconf 91' lang='lat' dir='ltr'><strong>cui</strong></span> <span class='ocrx_word' id='word_1_202' title='bbox 2323 1702 2704 1771; x_wconf 59' lang='lat' dir='ltr'><strong>prcemittitur;</strong></span> <span class='ocrx_word' id='word_1_203' title='bbox 2730 1712 2881 1759; x_wconf 91' lang='lat' dir='ltr'><strong>certe</strong></span> <span class='ocrx_word' id='word_1_204' title='bbox 2910 1703 3062 1759; x_wconf 91' lang='lat' dir='ltr'><strong>nullli</strong></span> <span class='ocrx_word' id='word_1_205' title='bbox 3093 1705 3150 1760; x_wconf 90' lang='lat' dir='ltr'><strong>in</strong></span> <span class='ocrx_word' id='word_1_206' title='bbox 3171 1705 3276 1761; x_wconf 89' lang='lat' dir='ltr'><strong>hoc</strong></span> <span class='ocrx_word' id='word_1_207' title='bbox 3297 1706 3473 1761; x_wconf 84' lang='lat' dir='ltr'><strong>sancti</strong></span> <span class='ocrx_word' id='word_1_208' title='bbox 3502 1710 3786 1778; x_wconf 85' lang='lat' dir='ltr'><strong>reperiun-</strong></span> 
     </span>
    </p>
   </div>
   <div class='ocr_carea' id='block_1_32' title="bbox 2197 1790 3786 1851">
    <p class='ocr_par' dir='ltr' id='par_1_32' title="bbox 2197 1790 3786 1851">
     <span class='ocr_line' id='line_1_32' title="bbox 2197 1790 3786 1851; baseline 0.004 -8"><span class='ocrx_word' id='word_1_209' title='bbox 2197 1798 2285 1843; x_wconf 91' lang='lat' dir='ltr'><strong>tur</strong></span> <span class='ocrx_word' id='word_1_210' title='bbox 2303 1790 2595 1846; x_wconf 83' lang='lat' dir='ltr'><strong>Francisco</strong></span> <span class='ocrx_word' id='word_1_211' title='bbox 2624 1801 2716 1847; x_wconf 86' lang='lat' dir='ltr'><strong>aut</strong></span> <span class='ocrx_word' id='word_1_212' title='bbox 2737 1792 3021 1848; x_wconf 84' lang='lat' dir='ltr'><strong>Elisabeth</strong></span> <span class='ocrx_word' id='word_1_213' title='bbox 3045 1795 3397 1850; x_wconf 88' lang='lat' dir='ltr'><strong>recentiores.</strong></span> <span class='ocrx_word' id='word_1_214' title='bbox 3424 1793 3786 1851; x_wconf 75' lang='lat' dir='ltr'><strong>Purissimun</strong></span> 
     </span>
    </p>
   </div>
   <div class='ocr_carea' id='block_1_33' title="bbox 510 1855 2096 1962">
    <p class='ocr_par' dir='ltr' id='par_1_33' title="bbox 510 1855 2092 1962">
     <span class='ocr_line' id='line_1_33' title="bbox 510 1855 2092 1962; baseline 0.006 -25"><span class='ocrx_word' id='word_1_215' title='bbox 510 1864 605 1953; x_wconf 76' lang='lat' dir='ltr'><strong>tet.</strong></span> <span class='ocrx_word' id='word_1_216' title='bbox 629 1887 711 1941; x_wconf 84' lang='lat' dir='ltr'><strong>Ad</strong></span> <span class='ocrx_word' id='word_1_217' title='bbox 734 1855 874 1941; x_wconf 53' lang='lat' dir='ltr'><strong>«nem</strong></span> <span class='ocrx_word' id='word_1_218' title='bbox 907 1903 982 1942; x_wconf 83' lang='lat' dir='ltr'><strong>xu</strong></span> <span class='ocrx_word' id='word_1_219' title='bbox 1008 1888 1181 1943; x_wconf 85' lang='lat' dir='ltr'><strong>Martii</strong></span> <span class='ocrx_word' id='word_1_220' title='bbox 1205 1889 1460 1959; x_wconf 86' lang='lat' dir='ltr'><strong>adjicitur</strong></span> <span class='ocrx_word' id='word_1_221' title='bbox 1478 1890 1730 1962; x_wconf 80' lang='lat' dir='ltr'><strong>Elfragus</strong></span> <span class='ocrx_word' id='word_1_222' title='bbox 1758 1855 2092 1948; x_wconf 48' lang='lat' dir='ltr'><strong>mmo’tsi-</strong></span> 
     </span>
    </p>
   </div>
   <div class='ocr_carea' id='block_1_34' title="bbox 2189 1855 3787 1962">
    <p class='ocr_par' dir='ltr' id='par_1_34' title="bbox 2200 1879 3787 1944">
     <span class='ocr_line' id='line_1_34' title="bbox 2200 1879 3787 1944; baseline 0.005 -8"><span class='ocrx_word' id='word_1_223' title='bbox 2200 1879 2507 1936; x_wconf 88' lang='lat' dir='ltr'><strong>Usuardum</strong></span> <span class='ocrx_word' id='word_1_224' title='bbox 2551 1897 2659 1938; x_wconf 91' lang='lat' dir='ltr'><strong>non</strong></span> <span class='ocrx_word' id='word_1_225' title='bbox 2688 1897 2809 1939; x_wconf 91' lang='lat' dir='ltr'><strong>esse</strong></span> <span class='ocrx_word' id='word_1_226' title='bbox 2837 1884 3110 1941; x_wconf 84' lang='lat' dir='ltr'><strong>docebunt</strong></span> <span class='ocrx_word' id='word_1_227' title='bbox 3152 1886 3434 1944; x_wconf 84' lang='lat' dir='ltr'><strong>Auctaria.</strong></span> <span class='ocrx_word' id='word_1_228' title='bbox 3483 1886 3567 1943; x_wconf 88' lang='lat' dir='ltr'><strong>De</strong></span> <span class='ocrx_word' id='word_1_229' title='bbox 3595 1898 3787 1943; x_wconf 68' lang='lat' dir='ltr'><strong>caetero</strong></span> 
     </span>
    </p>
   </div>
   <div class='ocr_carea' id='block_1_35' title="bbox 502 1979 2090 2053">
    <p class='ocr_par' dir='ltr' id='par_1_35' title="bbox 502 1979 2090 2053">
     <span class='ocr_line' id='line_1_35' title="bbox 502 1979 2090 2053; baseline 0.007 -24"><span class='ocrx_word' id='word_1_230' title='bbox 502 1979 575 2043; x_wconf 75' lang='lat' dir='ltr'><strong>sis</strong></span> <span class='ocrx_word' id='word_1_231' title='bbox 609 1980 899 2049; x_wconf 83' lang='lat' dir='ltr'><strong>episcopus.</strong></span> <span class='ocrx_word' id='word_1_232' title='bbox 948 1980 1028 2034; x_wconf 82' lang='lat' dir='ltr'><strong>Ad</strong></span> <span class='ocrx_word' id='word_1_233' title='bbox 1086 1996 1135 2034; x_wconf 86' lang='lat' dir='ltr'><strong>vt</strong></span> <span class='ocrx_word' id='word_1_234' title='bbox 1187 1980 1337 2044; x_wconf 87' lang='lat' dir='ltr'><strong>Julii,</strong></span> <span class='ocrx_word' id='word_1_235' title='bbox 1380 1982 1632 2052; x_wconf 76' lang='lat' dir='ltr'><strong>depositio</strong></span> <span class='ocrx_word' id='word_1_236' title='bbox 1667 1982 1970 2053; x_wconf 69' lang='lat' dir='ltr'><strong>Sexburgte.</strong></span> <span class='ocrx_word' id='word_1_237' title='bbox 2013 1984 2090 2040; x_wconf 87' lang='lat' dir='ltr'><strong>Ne</strong></span> 
     </span>
    </p>
   </div>
   <div class='ocr_carea' id='block_1_36' title="bbox 505 2071 2095 2141">
    <p class='ocr_par' dir='ltr' id='par_1_36' title="bbox 505 2071 2095 2141">
     <span class='ocr_line' id='line_1_36' title="bbox 505 2071 2095 2141; baseline 0.004 -17"><span class='ocrx_word' id='word_1_238' title='bbox 505 2071 712 2140; x_wconf 84' lang='lat' dir='ltr'><strong>singula</strong></span> <span class='ocrx_word' id='word_1_239' title='bbox 745 2087 1063 2141; x_wconf 86' lang='lat' dir='ltr'><strong>prosequar,</strong></span> <span class='ocrx_word' id='word_1_240' title='bbox 1094 2073 1382 2127; x_wconf 85' lang='lat' dir='ltr'><strong>videantur</strong></span> <span class='ocrx_word' id='word_1_241' title='bbox 1428 2090 1549 2139; x_wconf 88' lang='lat' dir='ltr'><strong>xm,</strong></span> <span class='ocrx_word' id='word_1_242' title='bbox 1599 2091 1668 2129; x_wconf 91' lang='lat' dir='ltr'><strong>xv</strong></span> <span class='ocrx_word' id='word_1_243' title='bbox 1716 2085 1771 2129; x_wconf 93' lang='lat' dir='ltr'><strong>et</strong></span> <span class='ocrx_word' id='word_1_244' title='bbox 1803 2092 1929 2131; x_wconf 70' lang='lat' dir='ltr'><strong>xxxx</strong></span> <span class='ocrx_word' id='word_1_245' title='bbox 1980 2076 2095 2131; x_wconf 85' lang='lat' dir='ltr'><strong>Au-</strong></span> 
     </span>
    </p>
   </div>
   <div class='ocr_carea' id='block_1_37' title="bbox 506 2160 2089 2235">
    <p class='ocr_par' dir='ltr' id='par_1_37' title="bbox 506 2160 2089 2235">
     <span class='ocr_line' id='line_1_37' title="bbox 506 2160 2089 2235; baseline 0.006 -25"><span class='ocrx_word' id='word_1_246' title='bbox 506 2160 686 2228; x_wconf 83' lang='lat' dir='ltr'><strong>gusti;</strong></span> <span class='ocrx_word' id='word_1_247' title='bbox 722 2176 773 2215; x_wconf 85' lang='lat' dir='ltr'><strong>tv</strong></span> <span class='ocrx_word' id='word_1_248' title='bbox 804 2160 1141 2230; x_wconf 86' lang='lat' dir='ltr'><strong>Septembris</strong></span> <span class='ocrx_word' id='word_1_249' title='bbox 1169 2170 1223 2216; x_wconf 91' lang='lat' dir='ltr'><strong>et</strong></span> <span class='ocrx_word' id='word_1_250' title='bbox 1244 2162 1373 2217; x_wconf 85' lang='lat' dir='ltr'><strong>alibi</strong></span> <span class='ocrx_word' id='word_1_251' title='bbox 1397 2178 1559 2233; x_wconf 80' lang='lat' dir='ltr'><strong>saepe.</strong></span> <span class='ocrx_word' id='word_1_252' title='bbox 1592 2164 1765 2235; x_wconf 83' lang='lat' dir='ltr'><strong>PrOpe</strong></span> <span class='ocrx_word' id='word_1_253' title='bbox 1809 2166 2089 2220; x_wconf 77' lang='lat' dir='ltr'><strong>exciderat</strong></span> 
     </span>
    </p>
   </div>
   <div class='ocr_carea' id='block_1_38' title="bbox 506 2250 2086 2323">
    <p class='ocr_par' dir='ltr' id='par_1_38' title="bbox 506 2250 2086 2323">
     <span class='ocr_line' id='line_1_38' title="bbox 506 2250 2086 2323; baseline 0.005 -21"><span class='ocrx_word' id='word_1_254' title='bbox 506 2250 791 2316; x_wconf 83' lang='lat' dir='ltr'><strong>adnotare,</strong></span> <span class='ocrx_word' id='word_1_255' title='bbox 823 2254 965 2323; x_wconf 90' lang='lat' dir='ltr'><strong>quod</strong></span> <span class='ocrx_word' id='word_1_256' title='bbox 994 2254 1047 2307; x_wconf 92' lang='lat' dir='ltr'><strong>in</strong></span> <span class='ocrx_word' id='word_1_257' title='bbox 1098 2253 1219 2309; x_wconf 90' lang='lat' dir='ltr'><strong>aliis</strong></span> <span class='ocrx_word' id='word_1_258' title='bbox 1245 2254 1521 2309; x_wconf 81' lang='lat' dir='ltr'><strong>codicibus</strong></span> <span class='ocrx_word' id='word_1_259' title='bbox 1560 2270 1743 2309; x_wconf 88' lang='lat' dir='ltr'><strong>rarum</strong></span> <span class='ocrx_word' id='word_1_260' title='bbox 1780 2264 1885 2321; x_wconf 90' lang='lat' dir='ltr'><strong>est,</strong></span> <span class='ocrx_word' id='word_1_261' title='bbox 1931 2255 1984 2311; x_wconf 88' lang='lat' dir='ltr'><strong>id</strong></span> <span class='ocrx_word' id='word_1_262' title='bbox 2030 2256 2086 2310; x_wconf 92' lang='lat' dir='ltr'><strong>in</strong></span> 
     </span>
    </p>
   </div>
   <div class='ocr_carea' id='block_1_39' title="bbox 503 2343 2087 2417">
    <p class='ocr_par' dir='ltr' id='par_1_39' title="bbox 503 2343 2087 2417">
     <span class='ocr_line' id='line_1_39' title="bbox 503 2343 2087 2417; baseline 0.006 -20"><span class='ocrx_word' id='word_1_263' title='bbox 503 2343 608 2398; x_wconf 86' lang='lat' dir='ltr'><strong>hoc</strong></span> <span class='ocrx_word' id='word_1_264' title='bbox 640 2346 886 2415; x_wconf 90' lang='lat' dir='ltr'><strong>reperiri,</strong></span> <span class='ocrx_word' id='word_1_265' title='bbox 916 2362 982 2401; x_wconf 83' lang='lat' dir='ltr'><strong>ex</strong></span> <span class='ocrx_word' id='word_1_266' title='bbox 1011 2362 1118 2417; x_wconf 90' lang='lat' dir='ltr'><strong>quo</strong></span> <span class='ocrx_word' id='word_1_267' title='bbox 1160 2349 1226 2401; x_wconf 93' lang='lat' dir='ltr'><strong>de</strong></span> <span class='ocrx_word' id='word_1_268' title='bbox 1267 2348 1384 2417; x_wconf 87' lang='lat' dir='ltr'><strong>ejus</strong></span> <span class='ocrx_word' id='word_1_269' title='bbox 1412 2355 1680 2403; x_wconf 82' lang='lat' dir='ltr'><strong>vetustate</strong></span> <span class='ocrx_word' id='word_1_270' title='bbox 1711 2350 1870 2404; x_wconf 89' lang='lat' dir='ltr'><strong>liceat</strong></span> <span class='ocrx_word' id='word_1_271' title='bbox 1903 2349 2087 2407; x_wconf 89' lang='lat' dir='ltr'><strong>facere</strong></span> 
     </span>
    </p>
   </div>
   <div class='ocr_carea' id='block_1_40' title="bbox 501 2436 2085 2509">
    <p class='ocr_par' dir='ltr' id='par_1_40' title="bbox 501 2436 2085 2509">
     <span class='ocr_line' id='line_1_40' title="bbox 501 2436 2085 2509; baseline 0.005 -19"><span class='ocrx_word' id='word_1_272' title='bbox 501 2436 889 2505; x_wconf 73' lang='lat' dir='ltr'><strong>conjecturam,</strong></span> <span class='ocrx_word' id='word_1_273' title='bbox 948 2452 1160 2508; x_wconf 88' lang='lat' dir='ltr'><strong>nempe,</strong></span> <span class='ocrx_word' id='word_1_274' title='bbox 1219 2440 1362 2507; x_wconf 86' lang='lat' dir='ltr'><strong>quod</strong></span> <span class='ocrx_word' id='word_1_275' title='bbox 1420 2453 1572 2509; x_wconf 83' lang='lat' dir='ltr'><strong>aeque</strong></span> <span class='ocrx_word' id='word_1_276' title='bbox 1632 2455 1696 2495; x_wconf 89' lang='lat' dir='ltr'><strong>ac</strong></span> <span class='ocrx_word' id='word_1_277' title='bbox 1745 2440 2085 2498; x_wconf 84' lang='lat' dir='ltr'><strong>Heriniensis</strong></span> 
     </span>
    </p>
   </div>
   <div class='ocr_carea' id='block_1_41' title="bbox 499 2526 2084 2602">
    <p class='ocr_par' dir='ltr' id='par_1_41' title="bbox 499 2526 2084 2602">
     <span class='ocr_line' id='line_1_41' title="bbox 499 2526 2084 2602; baseline 0.006 -24"><span class='ocrx_word' id='word_1_278' title='bbox 499 2526 890 2596; x_wconf 80' lang='lat' dir='ltr'><strong>diphthongum</strong></span> <span class='ocrx_word' id='word_1_279' title='bbox 914 2545 957 2581; x_wconf 71' lang='lat' dir='ltr'><strong>re</strong></span> <span class='ocrx_word' id='word_1_280' title='bbox 980 2528 1219 2587; x_wconf 82' lang='lat' dir='ltr'><strong>ascribat</strong></span> <span class='ocrx_word' id='word_1_281' title='bbox 1238 2545 1333 2599; x_wconf 91' lang='lat' dir='ltr'><strong>per</strong></span> <span class='ocrx_word' id='word_1_282' title='bbox 1355 2540 1392 2601; x_wconf 61' lang='grc' dir='ltr'><em>ς</em></span> <span class='ocrx_word' id='word_1_283' title='bbox 1424 2530 1870 2601; x_wconf 90' lang='lat' dir='ltr'><strong>subvirgulatum,</strong></span> <span class='ocrx_word' id='word_1_284' title='bbox 1895 2547 2084 2602; x_wconf 84' lang='lat' dir='ltr'><strong>quem-</strong></span> 
     </span>
    </p>
   </div>
   <div class='ocr_carea' id='block_1_42' title="bbox 498 2618 2084 2690">
    <p class='ocr_par' dir='ltr' id='par_1_42' title="bbox 498 2618 2084 2690">
     <span class='ocr_line' id='line_1_42' title="bbox 498 2618 2084 2690; baseline 0.004 -20"><span class='ocrx_word' id='word_1_285' title='bbox 498 2618 788 2672; x_wconf 89' lang='lat' dir='ltr'><strong>admodum</strong></span> <span class='ocrx_word' id='word_1_286' title='bbox 816 2634 976 2689; x_wconf 85' lang='lat' dir='ltr'><strong>supra</strong></span> <span class='ocrx_word' id='word_1_287' title='bbox 1006 2621 1070 2674; x_wconf 89' lang='lat' dir='ltr'><strong>de</strong></span> <span class='ocrx_word' id='word_1_288' title='bbox 1095 2620 1355 2690; x_wconf 87' lang='lat' dir='ltr'><strong>primario</strong></span> <span class='ocrx_word' id='word_1_289' title='bbox 1386 2620 1476 2676; x_wconf 94' lang='lat' dir='ltr'><strong>illo</strong></span> <span class='ocrx_word' id='word_1_290' title='bbox 1504 2622 1691 2677; x_wconf 86' lang='lat' dir='ltr'><strong>codice</strong></span> <span class='ocrx_word' id='word_1_291' title='bbox 1717 2631 1904 2678; x_wconf 91' lang='lat' dir='ltr'><strong>nostro</strong></span> <span class='ocrx_word' id='word_1_292' title='bbox 1928 2621 2084 2678; x_wconf 83' lang='lat' dir='ltr'><strong>Heri-</strong></span> 
     </span>
    </p>
   </div>
   <div class='ocr_carea' id='block_1_43' title="bbox 499 2710 2079 2785">
    <p class='ocr_par' dir='ltr' id='par_1_43' title="bbox 499 2710 2079 2785">
     <span class='ocr_line' id='line_1_43' title="bbox 499 2710 2079 2785; baseline 0.004 -23"><span class='ocrx_word' id='word_1_293' title='bbox 499 2710 672 2765; x_wconf 85' lang='lat' dir='ltr'><strong>nicnsi</strong></span> <span class='ocrx_word' id='word_1_294' title='bbox 701 2712 939 2766; x_wconf 83' lang='lat' dir='ltr'><strong>studiose</strong></span> <span class='ocrx_word' id='word_1_295' title='bbox 969 2713 1297 2767; x_wconf 90' lang='lat' dir='ltr'><strong>monuimus.</strong></span> <span class='ocrx_word' id='word_1_296' title='bbox 1333 2712 1444 2768; x_wconf 91' lang='lat' dir='ltr'><strong>lloc</strong></span> <span class='ocrx_word' id='word_1_297' title='bbox 1470 2714 1701 2784; x_wconf 88' lang='lat' dir='ltr'><strong>denique</strong></span> <span class='ocrx_word' id='word_1_298' title='bbox 1728 2714 2079 2785; x_wconf 89' lang='lat' dir='ltr'><strong>repetendum</strong></span> 
     </span>
    </p>
   </div>
   <div class='ocr_carea' id='block_1_44' title="bbox 497 2802 2079 2875">
    <p class='ocr_par' dir='ltr' id='par_1_44' title="bbox 497 2802 2079 2875">
     <span class='ocr_line' id='line_1_44' title="bbox 497 2802 2079 2875; baseline 0.006 -22"><span class='ocrx_word' id='word_1_299' title='bbox 497 2802 639 2869; x_wconf 83' lang='lat' dir='ltr'><strong>quod</strong></span> <span class='ocrx_word' id='word_1_300' title='bbox 671 2802 735 2856; x_wconf 89' lang='lat' dir='ltr'><strong>de</strong></span> <span class='ocrx_word' id='word_1_301' title='bbox 769 2803 1152 2872; x_wconf 82' lang='lat' dir='ltr'><strong>Autuerpiensi</strong></span> <span class='ocrx_word' id='word_1_302' title='bbox 1184 2803 1392 2875; x_wconf 84' lang='lat' dir='ltr'><strong>majore</strong></span> <span class='ocrx_word' id='word_1_303' title='bbox 1422 2804 1767 2861; x_wconf 86' lang='lat' dir='ltr'><strong>observatum</strong></span> <span class='ocrx_word' id='word_1_304' title='bbox 1800 2815 1905 2872; x_wconf 91' lang='lat' dir='ltr'><strong>est,</strong></span> <span class='ocrx_word' id='word_1_305' title='bbox 1939 2804 2079 2862; x_wconf 84' lang='lat' dir='ltr'><strong>Ros-</strong></span> 
     </span>
    </p>
   </div>
   <div class='ocr_carea' id='block_1_45' title="bbox 498 2894 2078 2968">
    <p class='ocr_par' dir='ltr' id='par_1_45' title="bbox 498 2894 2078 2968">
     <span class='ocr_line' id='line_1_45' title="bbox 498 2894 2078 2968; baseline 0.004 -22"><span class='ocrx_word' id='word_1_306' title='bbox 498 2894 828 2964; x_wconf 75' lang='lat' dir='ltr'><strong>weydinum,</strong></span> <span class='ocrx_word' id='word_1_307' title='bbox 875 2912 983 2965; x_wconf 87' lang='lat' dir='ltr'><strong>quo</strong></span> <span class='ocrx_word' id='word_1_308' title='bbox 1024 2894 1092 2950; x_wconf 85' lang='lat' dir='ltr'><strong>dc</strong></span> <span class='ocrx_word' id='word_1_309' title='bbox 1132 2896 1418 2965; x_wconf 86' lang='lat' dir='ltr'><strong>loquimur,</strong></span> <span class='ocrx_word' id='word_1_310' title='bbox 1462 2898 1910 2968; x_wconf 87' lang='lat' dir='ltr'><strong>manuscriptum,</strong></span> <span class='ocrx_word' id='word_1_311' title='bbox 1954 2913 2078 2952; x_wconf 87' lang='lat' dir='ltr'><strong>cum</strong></span> 
     </span>
    </p>
   </div>
   <div class='ocr_carea' id='block_1_46' title="bbox 499 2984 2081 3061">
    <p class='ocr_par' dir='ltr' id='par_1_46' title="bbox 499 2984 2081 3061">
     <span class='ocr_line' id='line_1_46' title="bbox 499 2984 2081 3061; baseline 0.006 -25"><span class='ocrx_word' id='word_1_312' title='bbox 499 2984 726 3052; x_wconf 59' lang='lat' dir='ltr'><strong>pne-fato</strong></span> <span class='ocrx_word' id='word_1_313' title='bbox 752 2987 938 3041; x_wconf 78' lang='lat' dir='ltr'><strong>codice</strong></span> <span class='ocrx_word' id='word_1_314' title='bbox 970 2998 1024 3041; x_wconf 87' lang='lat' dir='ltr'><strong>et</strong></span> <span class='ocrx_word' id='word_1_315' title='bbox 1053 2988 1465 3057; x_wconf 83' lang='lat' dir='ltr'><strong>Aquicinctino,</strong></span> <span class='ocrx_word' id='word_1_316' title='bbox 1514 2988 1791 3045; x_wconf 88' lang='lat' dir='ltr'><strong>Pratensis</strong></span> <span class='ocrx_word' id='word_1_317' title='bbox 1838 2990 2081 3061; x_wconf 86' lang='lat' dir='ltr'><strong>vestigiis</strong></span> 
     </span>
    </p>
   </div>
   <div class='ocr_carea' id='block_1_47' title="bbox 498 3077 2080 3152">
    <p class='ocr_par' dir='ltr' id='par_1_47' title="bbox 498 3077 2080 3152">
     <span class='ocr_line' id='line_1_47' title="bbox 498 3077 2080 3152; baseline 0.008 -25"><span class='ocrx_word' id='word_1_318' title='bbox 498 3077 813 3147; x_wconf 70' lang='lat' dir='ltr'><strong>plerumque</strong></span> <span class='ocrx_word' id='word_1_319' title='bbox 857 3078 1125 3142; x_wconf 47' lang='lat' dir='ltr'><strong>insistere,</strong></span> <span class='ocrx_word' id='word_1_320' title='bbox 1161 3080 1287 3135; x_wconf 92' lang='lat' dir='ltr'><strong>dum</strong></span> <span class='ocrx_word' id='word_1_321' title='bbox 1344 3080 1432 3136; x_wconf 91' lang='lat' dir='ltr'><strong>hic</strong></span> <span class='ocrx_word' id='word_1_322' title='bbox 1476 3096 1505 3135; x_wconf 89' lang='lat' dir='ltr'><strong>a</strong></span> <span class='ocrx_word' id='word_1_323' title='bbox 1562 3081 1784 3152; x_wconf 87' lang='lat' dir='ltr'><strong>reliquis</strong></span> <span class='ocrx_word' id='word_1_324' title='bbox 1829 3083 2080 3139; x_wconf 90' lang='lat' dir='ltr'><strong>omnibus</strong></span> 
     </span>
    </p>
   </div>
   <div class='ocr_carea' id='block_1_48' title="bbox 498 3166 770 3224">
    <p class='ocr_par' dir='ltr' id='par_1_48' title="bbox 498 3166 770 3224">
     <span class='ocr_line' id='line_1_48' title="bbox 498 3166 770 3224; baseline 0.007 -7"><span class='ocrx_word' id='word_1_325' title='bbox 498 3166 770 3224; x_wconf 80' lang='lat' dir='ltr'><strong>dissentit.</strong></span> 
     </span>
    </p>
   </div>
   <div class='ocr_carea' id='block_1_49' title="bbox 548 3243 2154 3336">
    <p class='ocr_par' dir='ltr' id='par_1_49' title="bbox 548 3243 2154 3336">
     <span class='ocr_line' id='line_1_49' title="bbox 548 3243 2154 3336; baseline 0.006 -24"><span class='ocrx_word' id='word_1_326' title='bbox 548 3257 691 3313; x_wconf 49' lang='grc' dir='ltr'><strong>εἰει.</strong></span> <span class='ocrx_word' id='word_1_327' title='bbox 716 3256 979 3312; x_wconf 88' lang='lat' dir='ltr'><strong>lllustrem</strong></span> <span class='ocrx_word' id='word_1_328' title='bbox 1003 3260 1212 3314; x_wconf 89' lang='lat' dir='ltr'><strong>vocavit</strong></span> <span class='ocrx_word' id='word_1_329' title='bbox 1239 3260 1616 3319; x_wconf 82' lang='lat' dir='ltr'><strong>Henschenius</strong></span> <span class='ocrx_word' id='word_1_330' title='bbox 1639 3271 1783 3319; x_wconf 90' lang='lat' dir='ltr'><strong>tomo</strong></span> <span class='ocrx_word' id='word_1_331' title='bbox 1810 3263 1830 3318; x_wconf 90' lang='grc' dir='ltr'>Ι</span> <span class='ocrx_word' id='word_1_332' title='bbox 1856 3264 2076 3336; x_wconf 79' lang='lat' dir='ltr'><strong>Aprilis,</strong></span> <span class='ocrx_word' id='word_1_333' title='bbox 2108 3243 2154 3309; x_wconf 69' lang='grc' dir='ltr'>ο</span> 
     </span>
    </p>
   </div>
   <div class='ocr_carea' id='block_1_50' title="bbox 498 3348 2077 3428">
    <p class='ocr_par' dir='ltr' id='par_1_50' title="bbox 498 3348 2077 3428">
     <span class='ocr_line' id='line_1_50' title="bbox 498 3348 2077 3428; baseline 0.008 -28"><span class='ocrx_word' id='word_1_334' title='bbox 498 3362 620 3418; x_wconf 80' lang='lat' dir='ltr'><strong>pag.</strong></span> <span class='ocrx_word' id='word_1_335' title='bbox 652 3364 761 3415; x_wconf 80' lang='lat' dir='ltr'><strong>xiv,</strong></span> <span class='ocrx_word' id='word_1_336' title='bbox 798 3348 939 3404; x_wconf 89' lang='lat' dir='ltr'><strong>infra</strong></span> <span class='ocrx_word' id='word_1_337' title='bbox 967 3349 1070 3405; x_wconf 91' lang='lat' dir='ltr'><strong>litt.</strong></span> <span class='ocrx_word' id='word_1_338' title='bbox 1123 3351 1182 3417; x_wconf 94' lang='lat' dir='ltr'><strong>E,</strong></span> <span class='ocrx_word' id='word_1_339' title='bbox 1216 3354 1458 3409; x_wconf 89' lang='lat' dir='ltr'><strong>codicem</strong></span> <span class='ocrx_word' id='word_1_340' title='bbox 1508 3355 1693 3421; x_wconf 87' lang='lat' dir='ltr'><strong>alium,</strong></span> <span class='ocrx_word' id='word_1_341' title='bbox 1737 3372 1767 3409; x_wconf 87' lang='lat' dir='ltr'><strong>a</strong></span> <span class='ocrx_word' id='word_1_342' title='bbox 1813 3357 2077 3428; x_wconf 71' lang='lat' dir='ltr'><strong>prtecipua</strong></span> 
     </span>
    </p>
   </div>
   <div class='ocr_carea' id='block_1_51' title="bbox 496 3437 2079 3517">
    <p class='ocr_par' dir='ltr' id='par_1_51' title="bbox 496 3437 2079 3517">
     <span class='ocr_line' id='line_1_51' title="bbox 496 3437 2079 3517; baseline 0.007 -25"><span class='ocrx_word' id='word_1_343' title='bbox 496 3437 616 3507; x_wconf 87' lang='lat' dir='ltr'><strong>ejus</strong></span> <span class='ocrx_word' id='word_1_344' title='bbox 673 3441 1084 3498; x_wconf 89' lang='lat' dir='ltr'><strong>annuntiatione</strong></span> <span class='ocrx_word' id='word_1_345' title='bbox 1130 3458 1202 3498; x_wconf 91' lang='lat' dir='ltr'><strong>xx</strong></span> <span class='ocrx_word' id='word_1_346' title='bbox 1252 3444 1399 3500; x_wconf 85' lang='lat' dir='ltr'><strong>Junii</strong></span> <span class='ocrx_word' id='word_1_347' title='bbox 1446 3447 1640 3517; x_wconf 85' lang='lat' dir='ltr'><strong>posita,</strong></span> <span class='ocrx_word' id='word_1_348' title='bbox 1700 3444 2079 3503; x_wconf 84' lang='lat' dir='ltr'><strong>Pulsanensem</strong></span> 
     </span>
    </p>
   </div>
   <div class='ocr_carea' id='block_1_52' title="bbox 497 3531 2077 3601">
    <p class='ocr_par' dir='ltr' id='par_1_52' title="bbox 497 3531 2077 3601">
     <span class='ocr_line' id='line_1_52' title="bbox 497 3531 2077 3601; baseline 0.006 -19"><span class='ocrx_word' id='word_1_349' title='bbox 497 3531 721 3595; x_wconf 83' lang='lat' dir='ltr'><strong>dictum,</strong></span> <span class='ocrx_word' id='word_1_350' title='bbox 757 3532 1012 3601; x_wconf 89' lang='lat' dir='ltr'><strong>quoniam</strong></span> <span class='ocrx_word' id='word_1_351' title='bbox 1045 3534 1118 3588; x_wconf 89' lang='lat' dir='ltr'><strong>ibi</strong></span> <span class='ocrx_word' id='word_1_352' title='bbox 1148 3534 1214 3589; x_wconf 92' lang='lat' dir='ltr'><strong>de</strong></span> <span class='ocrx_word' id='word_1_353' title='bbox 1263 3534 1473 3590; x_wconf 86' lang='lat' dir='ltr'><strong>Joanne</strong></span> <span class='ocrx_word' id='word_1_354' title='bbox 1520 3536 1716 3593; x_wconf 84' lang='lat' dir='ltr'><strong>abbate</strong></span> <span class='ocrx_word' id='word_1_355' title='bbox 1761 3536 2077 3593; x_wconf 84' lang='lat' dir='ltr'><strong>Pulsanensi</strong></span> 
     </span>
    </p>
   </div>
   <div class='ocr_carea' id='block_1_53' title="bbox 496 3622 2078 3700">
    <p class='ocr_par' dir='ltr' id='par_1_53' title="bbox 496 3622 2078 3700">
     <span class='ocr_line' id='line_1_53' title="bbox 496 3622 2078 3700; baseline 0.005 -24"><span class='ocrx_word' id='word_1_356' title='bbox 496 3622 572 3700; x_wconf 84' lang='lat' dir='ltr'><strong>ita</strong></span> <span class='ocrx_word' id='word_1_357' title='bbox 600 3622 730 3693; x_wconf 79' lang='lat' dir='ltr'><strong>agit,</strong></span> <span class='ocrx_word' id='word_1_358' title='bbox 754 3633 813 3677; x_wconf 93' lang='lat' dir='ltr'><strong>ut</strong></span> <span class='ocrx_word' id='word_1_359' title='bbox 840 3623 997 3693; x_wconf 89' lang='lat' dir='ltr'><strong>plane</strong></span> <span class='ocrx_word' id='word_1_360' title='bbox 1022 3625 1113 3680; x_wconf 89' lang='lat' dir='ltr'><strong>det</strong></span> <span class='ocrx_word' id='word_1_361' title='bbox 1136 3626 1434 3698; x_wconf 87' lang='lat' dir='ltr'><strong>intelligere</strong></span> <span class='ocrx_word' id='word_1_362' title='bbox 1458 3626 1585 3682; x_wconf 88' lang='lat' dir='ltr'><strong>olim</strong></span> <span class='ocrx_word' id='word_1_363' title='bbox 1618 3628 1671 3682; x_wconf 89' lang='lat' dir='ltr'><strong>in</strong></span> <span class='ocrx_word' id='word_1_364' title='bbox 1698 3628 1953 3684; x_wconf 65' lang='lat' dir='ltr'><strong>coenobio</strong></span> <span class='ocrx_word' id='word_1_365' title='bbox 1985 3628 2078 3684; x_wconf 91' lang='lat' dir='ltr'><strong>illo</strong></span> 
     </span>
    </p>
   </div>
   <div class='ocr_carea' id='block_1_54' title="bbox 496 3715 2074 3790">
    <p class='ocr_par' dir='ltr' id='par_1_54' title="bbox 496 3715 2074 3790">
     <span class='ocr_line' id='line_1_54' title="bbox 496 3715 2074 3790; baseline 0.006 -23"><span class='ocrx_word' id='word_1_366' title='bbox 496 3731 561 3768; x_wconf 83' lang='lat' dir='ltr'><strong>ex</strong></span> <span class='ocrx_word' id='word_1_367' title='bbox 578 3715 867 3785; x_wconf 83' lang='lat' dir='ltr'><strong>antiquiori</strong></span> <span class='ocrx_word' id='word_1_368' title='bbox 891 3715 1189 3771; x_wconf 89' lang='lat' dir='ltr'><strong>Usuardino</strong></span> <span class='ocrx_word' id='word_1_369' title='bbox 1210 3718 1507 3788; x_wconf 88' lang='lat' dir='ltr'><strong>exemplari</strong></span> <span class='ocrx_word' id='word_1_370' title='bbox 1530 3719 1860 3790; x_wconf 90' lang='lat' dir='ltr'><strong>descriptum</strong></span> <span class='ocrx_word' id='word_1_371' title='bbox 1885 3718 2074 3783; x_wconf 86' lang='lat' dir='ltr'><strong>fuisse.</strong></span> 
     </span>
    </p>
   </div>
   <div class='ocr_carea' id='block_1_55' title="bbox 497 3806 2078 3876">
    <p class='ocr_par' dir='ltr' id='par_1_55' title="bbox 497 3806 2078 3876">
     <span class='ocr_line' id='line_1_55' title="bbox 497 3806 2078 3876; baseline 0.006 -18"><span class='ocrx_word' id='word_1_372' title='bbox 497 3807 591 3859; x_wconf 86' lang='lat' dir='ltr'><strong>sed</strong></span> <span class='ocrx_word' id='word_1_373' title='bbox 628 3806 927 3876; x_wconf 79' lang='lat' dir='ltr'><strong>saepissime</strong></span> <span class='ocrx_word' id='word_1_374' title='bbox 953 3816 1293 3863; x_wconf 76' lang='lat' dir='ltr'><strong>contractura</strong></span> <span class='ocrx_word' id='word_1_375' title='bbox 1322 3819 1377 3865; x_wconf 91' lang='lat' dir='ltr'><strong>et</strong></span> <span class='ocrx_word' id='word_1_376' title='bbox 1416 3810 1777 3865; x_wconf 89' lang='lat' dir='ltr'><strong>decurtatum.</strong></span> <span class='ocrx_word' id='word_1_377' title='bbox 1831 3811 1909 3866; x_wconf 90' lang='lat' dir='ltr'><strong>Ex</strong></span> <span class='ocrx_word' id='word_1_378' title='bbox 1934 3827 2078 3867; x_wconf 87' lang='lat' dir='ltr'><strong>anno</strong></span> 
     </span>
    </p>
   </div>
   <div class='ocr_carea' id='block_1_56' title="bbox 499 3903 2079 3980">
    <p class='ocr_par' dir='ltr' id='par_1_56' title="bbox 499 3903 2079 3980">
     <span class='ocr_line' id='line_1_56' title="bbox 499 3903 2079 3980; baseline 0.004 -23"><span class='ocrx_word' id='word_1_379' title='bbox 499 3905 680 3959; x_wconf 90' lang='lat' dir='ltr'><strong>obitus</strong></span> <span class='ocrx_word' id='word_1_380' title='bbox 708 3903 951 3970; x_wconf 74' lang='lat' dir='ltr'><strong>Joannis,</strong></span> <span class='ocrx_word' id='word_1_381' title='bbox 979 3904 1244 3960; x_wconf 91' lang='lat' dir='ltr'><strong>incarnati</strong></span> <span class='ocrx_word' id='word_1_382' title='bbox 1276 3904 1439 3960; x_wconf 85' lang='lat' dir='ltr'><strong>Verbi</strong></span> <span class='ocrx_word' id='word_1_383' title='bbox 1472 3907 1631 3972; x_wconf 82' lang='grc'>1159,</span> <span class='ocrx_word' id='word_1_384' title='bbox 1664 3906 1834 3963; x_wconf 90' lang='lat' dir='ltr'><strong>ferme</strong></span> <span class='ocrx_word' id='word_1_385' title='bbox 1863 3906 2079 3980; x_wconf 86' lang='lat' dir='ltr'><strong>collegit</strong></span> 
     </span>
    </p>
   </div>
   <div class='ocr_carea' id='block_1_57' title="bbox 498 3993 2109 4069">
    <p class='ocr_par' dir='ltr' id='par_1_57' title="bbox 498 3993 2109 4069">
     <span class='ocr_line' id='line_1_57' title="bbox 498 3993 2109 4069; baseline 0.003 -22"><span class='ocrx_word' id='word_1_386' title='bbox 498 3993 905 4062; x_wconf 85' lang='lat' dir='ltr'><strong>Papebrocbius</strong></span> <span class='ocrx_word' id='word_1_387' title='bbox 928 4004 1073 4049; x_wconf 92' lang='lat' dir='ltr'><strong>tomo</strong></span> <span class='ocrx_word' id='word_1_388' title='bbox 1110 3993 1176 4048; x_wconf 88' lang='lat' dir='ltr'><strong>IV</strong></span> <span class='ocrx_word' id='word_1_389' title='bbox 1222 3994 1388 4062; x_wconf 86' lang='lat' dir='ltr'><strong>Junii,</strong></span> <span class='ocrx_word' id='word_1_390' title='bbox 1409 4012 1530 4069; x_wconf 89' lang='lat' dir='ltr'><strong>pag.</strong></span> <span class='ocrx_word' id='word_1_391' title='bbox 1581 3996 1670 4062; x_wconf 77' lang='lat'><strong>39,</strong></span> <span class='ocrx_word' id='word_1_392' title='bbox 1704 4013 1852 4052; x_wconf 92' lang='lat' dir='ltr'><strong>num.</strong></span> <span class='ocrx_word' id='word_1_393' title='bbox 1884 3998 1939 4063; x_wconf 89' lang='lat'><strong>8,</strong></span> <span class='ocrx_word' id='word_1_394' title='bbox 1968 4007 2077 4052; x_wconf 82' lang='lat' dir='ltr'><strong>tam</strong></span> <span class='ocrx_word' id='word_1_395' title='bbox 2106 4004 2109 4007; x_wconf 75' lang='grc'>’</span> 
     </span>
    </p>
   </div>
   <div class='ocr_carea' id='block_1_58' title="bbox 494 4087 2076 4159">
    <p class='ocr_par' dir='ltr' id='par_1_58' title="bbox 494 4087 2076 4159">
     <span class='ocr_line' id='line_1_58' title="bbox 494 4087 2076 4159; baseline 0.003 -19"><span class='ocrx_word' id='word_1_396' title='bbox 494 4096 751 4140; x_wconf 75' lang='lat' dir='ltr'><strong>vetustum</strong></span> <span class='ocrx_word' id='word_1_397' title='bbox 778 4087 1021 4141; x_wconf 89' lang='lat' dir='ltr'><strong>essehoc</strong></span> <span class='ocrx_word' id='word_1_398' title='bbox 1044 4087 1505 4159; x_wconf 82' lang='lat' dir='ltr'><strong>Martyrologium,</strong></span> <span class='ocrx_word' id='word_1_399' title='bbox 1535 4100 1591 4143; x_wconf 83' lang='lat' dir='ltr'><strong>ut</strong></span> <span class='ocrx_word' id='word_1_400' title='bbox 1630 4089 1724 4144; x_wconf 88' lang='lat' dir='ltr'><strong>sub</strong></span> <span class='ocrx_word' id='word_1_401' title='bbox 1773 4090 2076 4145; x_wconf 83' lang='lat' dir='ltr'><strong>immediato</strong></span> 
     </span>
    </p>
   </div>
   <div class='ocr_carea' id='block_1_59' title="bbox 493 4176 2077 4253">
    <p class='ocr_par' dir='ltr' id='par_1_59' title="bbox 493 4176 2077 4253">
     <span class='ocr_line' id='line_1_59' title="bbox 493 4176 2077 4253; baseline 0.005 -26"><span class='ocrx_word' id='word_1_402' title='bbox 493 4176 663 4229; x_wconf 75' lang='lat' dir='ltr'><strong>sancti</strong></span> <span class='ocrx_word' id='word_1_403' title='bbox 690 4192 985 4231; x_wconf 81' lang='lat' dir='ltr'><strong>successore</strong></span> <span class='ocrx_word' id='word_1_404' title='bbox 1024 4177 1264 4233; x_wconf 82' lang='lat' dir='ltr'><strong>Jordano</strong></span> <span class='ocrx_word' id='word_1_405' title='bbox 1304 4180 1552 4251; x_wconf 84' lang='lat' dir='ltr'><strong>scriptum</strong></span> <span class='ocrx_word' id='word_1_406' title='bbox 1584 4180 1843 4247; x_wconf 79' lang='lat' dir='ltr'><strong>videatur,</strong></span> <span class='ocrx_word' id='word_1_407' title='bbox 1889 4182 2077 4253; x_wconf 81' lang='lat' dir='ltr'><strong>quippe</strong></span> 
     </span>
    </p>
   </div>
   <div class='ocr_carea' id='block_1_60' title="bbox 494 4266 2076 4351">
    <p class='ocr_par' dir='ltr' id='par_1_60' title="bbox 494 4266 2076 4351">
     <span class='ocr_line' id='line_1_60' title="bbox 494 4266 2076 4351; baseline 0.006 -33"><span class='ocrx_word' id='word_1_408' title='bbox 494 4267 723 4321; x_wconf 61' lang='lat' dir='ltr'><strong>aliorum</strong></span> <span class='ocrx_word' id='word_1_409' title='bbox 762 4266 1169 4323; x_wconf 82' lang='lat' dir='ltr'><strong>Pulsanensium</strong></span> <span class='ocrx_word' id='word_1_410' title='bbox 1208 4281 1510 4326; x_wconf 72' lang='lat' dir='ltr'><strong>sanclorum</strong></span> <span class='ocrx_word' id='word_1_411' title='bbox 1545 4273 1758 4351; x_wconf 77' lang='lat' dir='ltr'><strong>nomina</strong></span> <span class='ocrx_word' id='word_1_412' title='bbox 1796 4271 1942 4327; x_wconf 78' lang='lat' dir='ltr'><strong>nulla</strong></span> <span class='ocrx_word' id='word_1_413' title='bbox 1975 4273 2076 4328; x_wconf 79' lang='lat' dir='ltr'><strong>Ita-</strong></span> 
     </span>
    </p>
   </div>
   <div class='ocr_carea' id='block_1_61' title="bbox 492 4359 2077 4436">
    <p class='ocr_par' dir='ltr' id='par_1_61' title="bbox 492 4359 2077 4436">
     <span class='ocr_line' id='line_1_61' title="bbox 492 4359 2077 4436; baseline 0.004 -22"><span class='ocrx_word' id='word_1_414' title='bbox 492 4361 638 4415; x_wconf 84' lang='lat' dir='ltr'><strong>bens.</strong></span> <span class='ocrx_word' id='word_1_415' title='bbox 661 4359 842 4417; x_wconf 88' lang='lat' dir='ltr'><strong>Facile</strong></span> <span class='ocrx_word' id='word_1_416' title='bbox 864 4362 1151 4429; x_wconf 88' lang='lat' dir='ltr'><strong>assentior,</strong></span> <span class='ocrx_word' id='word_1_417' title='bbox 1181 4379 1303 4419; x_wconf 92' lang='lat' dir='ltr'><strong>cum</strong></span> <span class='ocrx_word' id='word_1_418' title='bbox 1337 4378 1400 4419; x_wconf 87' lang='lat' dir='ltr'><strong>ea</strong></span> <span class='ocrx_word' id='word_1_419' title='bbox 1452 4364 1604 4435; x_wconf 88' lang='lat' dir='ltr'><strong>signa</strong></span> <span class='ocrx_word' id='word_1_420' title='bbox 1657 4362 1911 4436; x_wconf 59' lang='lat' dir='ltr'><strong>praeferat</strong></span> <span class='ocrx_word' id='word_1_421' title='bbox 1955 4379 2077 4435; x_wconf 63' lang='lat' dir='ltr'><strong>quas</strong></span> 
     </span>
    </p>
   </div>
   <div class='ocr_carea' id='block_1_62' title="bbox 492 4458 2075 4515">
    <p class='ocr_par' dir='ltr' id='par_1_62' title="bbox 492 4458 2075 4515">
     <span class='ocr_line' id='line_1_62' title="bbox 492 4458 2075 4515; baseline 0.003 -6"><span class='ocrx_word' id='word_1_422' title='bbox 492 4465 820 4512; x_wconf 87' lang='lat' dir='ltr'><strong>vetustatem</strong></span> <span class='ocrx_word' id='word_1_423' title='bbox 836 4458 1059 4514; x_wconf 91' lang='lat' dir='ltr'><strong>omnino</strong></span> <span class='ocrx_word' id='word_1_424' title='bbox 1087 4460 1483 4514; x_wconf 86' lang='lat' dir='ltr'><strong>commendent.</strong></span> <span class='ocrx_word' id='word_1_425' title='bbox 1504 4458 1763 4514; x_wconf 90' lang='lat' dir='ltr'><strong>Indicium</strong></span> <span class='ocrx_word' id='word_1_426' title='bbox 1787 4474 1916 4515; x_wconf 88' lang='lat' dir='ltr'><strong>vero</strong></span> <span class='ocrx_word' id='word_1_427' title='bbox 1930 4458 2075 4514; x_wconf 87' lang='lat' dir='ltr'><strong>haud</strong></span> 
     </span>
    </p>
   </div>
   <div class='ocr_carea' id='block_1_63' title="bbox 492 4548 2077 4614">
    <p class='ocr_par' dir='ltr' id='par_1_63' title="bbox 492 4548 2077 4614">
     <span class='ocr_line' id='line_1_63' title="bbox 492 4548 2077 4614; baseline 0.002 -12"><span class='ocrx_word' id='word_1_428' title='bbox 492 4548 782 4602; x_wconf 88' lang='lat' dir='ltr'><strong>obscurum</strong></span> <span class='ocrx_word' id='word_1_429' title='bbox 807 4549 1047 4614; x_wconf 79' lang='lat' dir='ltr'><strong>exhibet,</strong></span> <span class='ocrx_word' id='word_1_430' title='bbox 1079 4549 1205 4604; x_wconf 90' lang='lat' dir='ltr'><strong>dum</strong></span> <span class='ocrx_word' id='word_1_431' title='bbox 1229 4550 1294 4605; x_wconf 88' lang='lat' dir='ltr'><strong>de</strong></span> <span class='ocrx_word' id='word_1_432' title='bbox 1316 4548 1523 4605; x_wconf 89' lang='lat' dir='ltr'><strong>Tboma</strong></span> <span class='ocrx_word' id='word_1_433' title='bbox 1570 4550 1950 4605; x_wconf 87' lang='lat' dir='ltr'><strong>Cantuariensi</strong></span> <span class='ocrx_word' id='word_1_434' title='bbox 2009 4550 2077 4606; x_wconf 91' lang='lat' dir='ltr'><strong>ad</strong></span> 
     </span>
    </p>
   </div>
   <div class='ocr_carea' id='block_1_64' title="bbox 494 4641 2078 4711">
    <p class='ocr_par' dir='ltr' id='par_1_64' title="bbox 494 4641 2078 4711">
     <span class='ocr_line' id='line_1_64' title="bbox 494 4641 2078 4711; baseline 0.002 -16"><span class='ocrx_word' id='word_1_435' title='bbox 494 4641 792 4711; x_wconf 86' lang='lat' dir='ltr'><strong>marginem</strong></span> <span class='ocrx_word' id='word_1_436' title='bbox 825 4649 880 4695; x_wconf 92' lang='lat' dir='ltr'><strong>et</strong></span> <span class='ocrx_word' id='word_1_437' title='bbox 932 4642 1219 4697; x_wconf 89' lang='lat' dir='ltr'><strong>recentiori</strong></span> <span class='ocrx_word' id='word_1_438' title='bbox 1249 4650 1529 4697; x_wconf 86' lang='lat' dir='ltr'><strong>caractere</strong></span> <span class='ocrx_word' id='word_1_439' title='bbox 1562 4642 1834 4708; x_wconf 89' lang='lat' dir='ltr'><strong>meminit,</strong></span> <span class='ocrx_word' id='word_1_440' title='bbox 1889 4653 1949 4697; x_wconf 89' lang='lat' dir='ltr'><strong>ut</strong></span> <span class='ocrx_word' id='word_1_441' title='bbox 1994 4651 2078 4698; x_wconf 88' lang='lat' dir='ltr'><strong>est</strong></span> 
     </span>
    </p>
   </div>
   <div class='ocr_carea' id='block_1_65' title="bbox 494 4732 2075 4807">
    <p class='ocr_par' dir='ltr' id='par_1_65' title="bbox 494 4732 2075 4807">
     <span class='ocr_line' id='line_1_65' title="bbox 494 4732 2075 4807; baseline 0.001 -20"><span class='ocrx_word' id='word_1_442' title='bbox 494 4733 547 4807; x_wconf 84' lang='lat' dir='ltr'><strong>in</strong></span> <span class='ocrx_word' id='word_1_443' title='bbox 572 4732 844 4788; x_wconf 82' lang='lat' dir='ltr'><strong>Auctariis</strong></span> <span class='ocrx_word' id='word_1_444' title='bbox 865 4733 1031 4788; x_wconf 89' lang='lat' dir='ltr'><strong>citata</strong></span> <span class='ocrx_word' id='word_1_445' title='bbox 1054 4733 1302 4804; x_wconf 91' lang='lat' dir='ltr'><strong>superius</strong></span> <span class='ocrx_word' id='word_1_446' title='bbox 1324 4733 1410 4789; x_wconf 85' lang='lat' dir='ltr'><strong>die</strong></span> <span class='ocrx_word' id='word_1_447' title='bbox 1434 4750 1566 4789; x_wconf 71' lang='lat' dir='ltr'><strong>xxnx</strong></span> <span class='ocrx_word' id='word_1_448' title='bbox 1590 4733 1928 4789; x_wconf 88' lang='lat' dir='ltr'><strong>Decembris.</strong></span> <span class='ocrx_word' id='word_1_449' title='bbox 1957 4733 2075 4801; x_wconf 86' lang='lat' dir='ltr'><strong>Quo</strong></span> 
     </span>
    </p>
   </div>
   <div class='ocr_carea' id='block_1_66' title="bbox 492 4823 2077 4895">
    <p class='ocr_par' dir='ltr' id='par_1_66' title="bbox 492 4823 2077 4895">
     <span class='ocr_line' id='line_1_66' title="bbox 492 4823 2077 4895; baseline 0.001 -16"><span class='ocrx_word' id='word_1_450' title='bbox 492 4833 651 4895; x_wconf 90' lang='lat' dir='ltr'><strong>pacto</strong></span> <span class='ocrx_word' id='word_1_451' title='bbox 685 4824 753 4878; x_wconf 90' lang='lat' dir='ltr'><strong>ad</strong></span> <span class='ocrx_word' id='word_1_452' title='bbox 805 4838 904 4878; x_wconf 91' lang='lat' dir='ltr'><strong>nos</strong></span> <span class='ocrx_word' id='word_1_453' title='bbox 950 4824 1280 4894; x_wconf 83' lang='lat' dir='ltr'><strong>perverierit,</strong></span> <span class='ocrx_word' id='word_1_454' title='bbox 1313 4823 1546 4893; x_wconf 83' lang='lat' dir='ltr'><strong>explicat</strong></span> <span class='ocrx_word' id='word_1_455' title='bbox 1590 4823 1790 4879; x_wconf 87' lang='lat' dir='ltr'><strong>ibidem</strong></span> <span class='ocrx_word' id='word_1_456' title='bbox 1829 4823 2077 4880; x_wconf 91' lang='lat' dir='ltr'><strong>laudatus</strong></span> 
     </span>
    </p>
   </div>
   <div class='ocr_carea' id='block_1_67' title="bbox 489 4914 2071 4986">
    <p class='ocr_par' dir='ltr' id='par_1_67' title="bbox 489 4914 2071 4986">
     <span class='ocr_line' id='line_1_67' title="bbox 489 4914 2071 4986; baseline -0.001 -15"><span class='ocrx_word' id='word_1_457' title='bbox 489 4914 919 4986; x_wconf 85' lang='lat' dir='ltr'><strong>Papebrocbins,</strong></span> <span class='ocrx_word' id='word_1_458' title='bbox 959 4931 1026 4971; x_wconf 93' lang='lat' dir='ltr'><strong>ex</strong></span> <span class='ocrx_word' id='word_1_459' title='bbox 1054 4915 1235 4970; x_wconf 91' lang='lat' dir='ltr'><strong>notula</strong></span> <span class='ocrx_word' id='word_1_460' title='bbox 1284 4931 1315 4970; x_wconf 89' lang='lat' dir='ltr'><strong>a</strong></span> <span class='ocrx_word' id='word_1_461' title='bbox 1345 4914 1603 4971; x_wconf 89' lang='lat' dir='ltr'><strong>Bollando</strong></span> <span class='ocrx_word' id='word_1_462' title='bbox 1631 4915 1803 4971; x_wconf 91' lang='lat' dir='ltr'><strong>codici</strong></span> <span class='ocrx_word' id='word_1_463' title='bbox 1831 4914 2071 4986; x_wconf 71' lang='lat' dir='ltr'><strong>praeﬁxa.</strong></span> 
     </span>
    </p>
   </div>
   <div class='ocr_carea' id='block_1_68' title="bbox 492 5006 2075 5078">
    <p class='ocr_par' dir='ltr' id='par_1_68' title="bbox 492 5006 2075 5078">
     <span class='ocr_line' id='line_1_68' title="bbox 492 5006 2075 5078; baseline 0.001 -16"><span class='ocrx_word' id='word_1_464' title='bbox 492 5007 739 5078; x_wconf 88' lang='lat' dir='ltr'><strong>Scriptus</strong></span> <span class='ocrx_word' id='word_1_465' title='bbox 763 5016 848 5061; x_wconf 84' lang='lat' dir='ltr'><strong>est</strong></span> <span class='ocrx_word' id='word_1_466' title='bbox 874 5007 928 5061; x_wconf 91' lang='lat' dir='ltr'><strong>in</strong></span> <span class='ocrx_word' id='word_1_467' title='bbox 960 5006 1296 5074; x_wconf 88' lang='lat' dir='ltr'><strong>membrana,</strong></span> <span class='ocrx_word' id='word_1_468' title='bbox 1342 5007 1513 5063; x_wconf 89' lang='lat' dir='ltr'><strong>forma</strong></span> <span class='ocrx_word' id='word_1_469' title='bbox 1545 5016 1759 5074; x_wconf 85' lang='lat' dir='ltr'><strong>octava,</strong></span> <span class='ocrx_word' id='word_1_470' title='bbox 1811 5007 2075 5078; x_wconf 88' lang='lat' dir='ltr'><strong>principio</strong></span> 
     </span>
    </p>
   </div>
   <div class='ocr_carea' id='block_1_69' title="bbox 491 5097 2075 5170">
    <p class='ocr_par' dir='ltr' id='par_1_69' title="bbox 491 5097 2075 5170">
     <span class='ocr_line' id='line_1_69' title="bbox 491 5097 2075 5170; baseline 0.003 -18"><span class='ocrx_word' id='word_1_471' title='bbox 491 5099 684 5153; x_wconf 83' lang='lat' dir='ltr'><strong>diebus</strong></span> <span class='ocrx_word' id='word_1_472' title='bbox 718 5109 953 5168; x_wconf 86' lang='lat' dir='ltr'><strong>quatuor</strong></span> <span class='ocrx_word' id='word_1_473' title='bbox 983 5099 1226 5154; x_wconf 91' lang='lat' dir='ltr'><strong>mutilus.</strong></span> <span class='ocrx_word' id='word_1_474' title='bbox 1259 5097 1382 5154; x_wconf 88' lang='lat' dir='ltr'><strong>Jam</strong></span> <span class='ocrx_word' id='word_1_475' title='bbox 1408 5099 1542 5166; x_wconf 86' lang='lat' dir='ltr'><strong>dixi,</strong></span> <span class='ocrx_word' id='word_1_476' title='bbox 1584 5108 1639 5154; x_wconf 92' lang='lat' dir='ltr'><strong>et</strong></span> <span class='ocrx_word' id='word_1_477' title='bbox 1667 5113 1736 5154; x_wconf 87' lang='lat' dir='ltr'><strong>ex</strong></span> <span class='ocrx_word' id='word_1_478' title='bbox 1770 5108 1884 5156; x_wconf 89' lang='lat' dir='ltr'><strong>toto</strong></span> <span class='ocrx_word' id='word_1_479' title='bbox 1909 5114 2075 5170; x_wconf 84' lang='lat' dir='ltr'><strong>opere</strong></span> 
     </span>
    </p>
   </div>
   <div class='ocr_carea' id='block_1_70' title="bbox 490 5191 2077 5263">
    <p class='ocr_par' dir='ltr' id='par_1_70' title="bbox 490 5191 2077 5263">
     <span class='ocr_line' id='line_1_70' title="bbox 490 5191 2077 5263; baseline 0 -16"><span class='ocrx_word' id='word_1_480' title='bbox 490 5202 679 5248; x_wconf 88' lang='lat' dir='ltr'><strong>nostro</strong></span> <span class='ocrx_word' id='word_1_481' title='bbox 733 5193 905 5263; x_wconf 90' lang='lat' dir='ltr'><strong>liquet</strong></span> <span class='ocrx_word' id='word_1_482' title='bbox 956 5191 1234 5247; x_wconf 83' lang='lat' dir='ltr'><strong>multoties</strong></span> <span class='ocrx_word' id='word_1_483' title='bbox 1279 5191 1589 5248; x_wconf 87' lang='lat' dir='ltr'><strong>Usuardum</strong></span> <span class='ocrx_word' id='word_1_484' title='bbox 1645 5191 1972 5256; x_wconf 87' lang='lat' dir='ltr'><strong>abbreviari,</strong></span> <span class='ocrx_word' id='word_1_485' title='bbox 2020 5199 2077 5247; x_wconf 91' lang='lat' dir='ltr'><strong>et</strong></span> 
     </span>
    </p>
   </div>
   <div class='ocr_carea' id='block_1_71' title="bbox 489 5282 2069 5354">
    <p class='ocr_par' dir='ltr' id='par_1_71' title="bbox 489 5282 2069 5354">
     <span class='ocr_line' id='line_1_71' title="bbox 489 5282 2069 5354; baseline 0.001 -17"><span class='ocrx_word' id='word_1_486' title='bbox 489 5283 746 5338; x_wconf 89' lang='lat' dir='ltr'><strong>nonnulla</strong></span> <span class='ocrx_word' id='word_1_487' title='bbox 797 5283 1124 5354; x_wconf 84' lang='lat' dir='ltr'><strong>quandoque</strong></span> <span class='ocrx_word' id='word_1_488' title='bbox 1176 5283 1337 5338; x_wconf 91' lang='lat' dir='ltr'><strong>nimis</strong></span> <span class='ocrx_word' id='word_1_489' title='bbox 1388 5283 1560 5338; x_wconf 90' lang='lat' dir='ltr'><strong>libere</strong></span> <span class='ocrx_word' id='word_1_490' title='bbox 1607 5283 1826 5349; x_wconf 90' lang='lat' dir='ltr'><strong>omitti;</strong></span> <span class='ocrx_word' id='word_1_491' title='bbox 1888 5282 2069 5354; x_wconf 90' lang='lat' dir='ltr'><strong>addo,</strong></span> 
     </span>
    </p>
   </div>
   <div class='ocr_carea' id='block_1_72' title="bbox 490 5354 2075 5443">
    <p class='ocr_par' dir='ltr' id='par_1_72' title="bbox 490 5354 2075 5443">
     <span class='ocr_line' id='line_1_72' title="bbox 490 5354 2075 5443; baseline 0.002 -16"><span class='ocrx_word' id='word_1_492' title='bbox 490 5354 680 5430; x_wconf 85' lang='lat' dir='ltr'><strong>mense</strong></span> <span class='ocrx_word' id='word_1_493' title='bbox 704 5373 865 5429; x_wconf 90' lang='lat' dir='ltr'><strong>Junio</strong></span> <span class='ocrx_word' id='word_1_494' title='bbox 896 5374 1204 5431; x_wconf 90' lang='lat' dir='ltr'><strong>Usuardnm</strong></span> <span class='ocrx_word' id='word_1_495' title='bbox 1244 5389 1629 5443; x_wconf 87' lang='lat' dir='ltr'><strong>nonnunquam</strong></span> <span class='ocrx_word' id='word_1_496' title='bbox 1676 5375 1878 5441; x_wconf 89' lang='lat' dir='ltr'><strong>deseri,</strong></span> <span class='ocrx_word' id='word_1_497' title='bbox 1908 5383 1963 5429; x_wconf 91' lang='lat' dir='ltr'><strong>et</strong></span> <span class='ocrx_word' id='word_1_498' title='bbox 2005 5389 2075 5430; x_wconf 90' lang='lat' dir='ltr'><strong>ex</strong></span> 
     </span>
    </p>
   </div>
   <div class='ocr_carea' id='block_1_73' title="bbox 490 5462 2074 5537">
    <p class='ocr_par' dir='ltr' id='par_1_73' title="bbox 490 5462 2074 5537">
     <span class='ocr_line' id='line_1_73' title="bbox 490 5462 2074 5537; baseline 0.001 -18"><span class='ocrx_word' id='word_1_499' title='bbox 490 5462 930 5537; x_wconf 87' lang='lat' dir='ltr'><strong>Hieronymianis</strong></span> <span class='ocrx_word' id='word_1_500' title='bbox 966 5464 1240 5535; x_wconf 88' lang='lat' dir='ltr'><strong>suppleri,</strong></span> <span class='ocrx_word' id='word_1_501' title='bbox 1289 5463 1426 5520; x_wconf 87' lang='lat' dir='ltr'><strong>forte</strong></span> <span class='ocrx_word' id='word_1_502' title='bbox 1484 5466 1629 5535; x_wconf 92' lang='lat' dir='ltr'><strong>quod</strong></span> <span class='ocrx_word' id='word_1_503' title='bbox 1672 5466 1725 5519; x_wconf 92' lang='lat' dir='ltr'><strong>in</strong></span> <span class='ocrx_word' id='word_1_504' title='bbox 1763 5466 2074 5537; x_wconf 86' lang='lat' dir='ltr'><strong>apographo</strong></span> 
     </span>
    </p>
   </div>
   <div class='ocr_carea' id='block_1_74' title="bbox 490 5555 2073 5629">
    <p class='ocr_par' dir='ltr' id='par_1_74' title="bbox 490 5555 2073 5629">
     <span class='ocr_line' id='line_1_74' title="bbox 490 5555 2073 5629; baseline 0.003 -18"><span class='ocrx_word' id='word_1_505' title='bbox 490 5555 819 5625; x_wconf 87' lang='lat' dir='ltr'><strong>Usuardino,</strong></span> <span class='ocrx_word' id='word_1_506' title='bbox 866 5574 934 5613; x_wconf 88' lang='lat' dir='ltr'><strong>ex</strong></span> <span class='ocrx_word' id='word_1_507' title='bbox 998 5573 1106 5629; x_wconf 90' lang='lat' dir='ltr'><strong>quo</strong></span> <span class='ocrx_word' id='word_1_508' title='bbox 1157 5557 1463 5629; x_wconf 89' lang='lat' dir='ltr'><strong>descriptus</strong></span> <span class='ocrx_word' id='word_1_509' title='bbox 1507 5567 1592 5613; x_wconf 90' lang='lat' dir='ltr'><strong>est</strong></span> <span class='ocrx_word' id='word_1_510' title='bbox 1636 5559 1833 5624; x_wconf 85' lang='lat' dir='ltr'><strong>codex,</strong></span> <span class='ocrx_word' id='word_1_511' title='bbox 1892 5559 2073 5628; x_wconf 89' lang='lat' dir='ltr'><strong>aliqua</strong></span> 
     </span>
    </p>
   </div>
   <div class='ocr_carea' id='block_1_75' title="bbox 490 5647 1701 5721">
    <p class='ocr_par' dir='ltr' id='par_1_75' title="bbox 490 5647 1701 5721">
     <span class='ocr_line' id='line_1_75' title="bbox 490 5647 1701 5721; baseline 0.002 -21"><span class='ocrx_word' id='word_1_512' title='bbox 490 5647 757 5703; x_wconf 83' lang='lat' dir='ltr'><strong>defuerint</strong></span> <span class='ocrx_word' id='word_1_513' title='bbox 783 5666 904 5721; x_wconf 69' lang='lat' dir='ltr'><strong>qua:</strong></span> <span class='ocrx_word' id='word_1_514' title='bbox 923 5650 1163 5720; x_wconf 88' lang='lat' dir='ltr'><strong>oportuit</strong></span> <span class='ocrx_word' id='word_1_515' title='bbox 1186 5650 1401 5705; x_wconf 86' lang='lat' dir='ltr'><strong>aliunde</strong></span> <span class='ocrx_word' id='word_1_516' title='bbox 1431 5650 1701 5721; x_wconf 87' lang='lat' dir='ltr'><strong>accipere.</strong></span> 
     </span>
    </p>
   </div>
   <div class='ocr_carea' id='block_1_76' title="bbox 526 5726 2074 5813">
    <p class='ocr_par' dir='ltr' id='par_1_76' title="bbox 526 5726 2074 5813">
     <span class='ocr_line' id='line_1_76' title="bbox 526 5726 2074 5813; baseline 0.005 -22"><span class='ocrx_word' id='word_1_517' title='bbox 526 5726 684 5813; x_wconf 33' lang='lat'><strong>.223.</strong></span> <span class='ocrx_word' id='word_1_518' title='bbox 720 5740 887 5795; x_wconf 79' lang='lat' dir='ltr'><strong>Vetus</strong></span> <span class='ocrx_word' id='word_1_519' title='bbox 940 5743 1091 5807; x_wconf 83' lang='lat' dir='ltr'><strong>item,</strong></span> <span class='ocrx_word' id='word_1_520' title='bbox 1138 5744 1536 5806; x_wconf 84' lang='lat' dir='ltr'><strong>mcmbrancus,</strong></span> <span class='ocrx_word' id='word_1_521' title='bbox 1590 5743 1641 5797; x_wconf 90' lang='lat' dir='ltr'><strong>in</strong></span> <span class='ocrx_word' id='word_1_522' title='bbox 1675 5742 1869 5798; x_wconf 89' lang='lat' dir='ltr'><strong>minori</strong></span> <span class='ocrx_word' id='word_1_523' title='bbox 1901 5742 2074 5798; x_wconf 86' lang='lat' dir='ltr'><strong>forma</strong></span> 
     </span>
    </p>
   </div>
   <div class='ocr_carea' id='block_1_77' title="bbox 494 5830 2077 5904">
    <p class='ocr_par' dir='ltr' id='par_1_77' title="bbox 494 5830 2077 5904">
     <span class='ocr_line' id='line_1_77' title="bbox 494 5830 2077 5904; baseline 0.005 -23"><span class='ocrx_word' id='word_1_524' title='bbox 494 5830 729 5900; x_wconf 86' lang='lat' dir='ltr'><strong>scriptus</strong></span> <span class='ocrx_word' id='word_1_525' title='bbox 787 5843 867 5886; x_wconf 87' lang='lat' dir='ltr'><strong>est</strong></span> <span class='ocrx_word' id='word_1_526' title='bbox 898 5832 1067 5888; x_wconf 82' lang='lat' dir='ltr'><strong>codex</strong></span> <span class='ocrx_word' id='word_1_527' title='bbox 1115 5833 1220 5896; x_wconf 84' lang='lat' dir='ltr'><strong>ille,</strong></span> <span class='ocrx_word' id='word_1_528' title='bbox 1278 5849 1438 5904; x_wconf 89' lang='lat' dir='ltr'><strong>quem</strong></span> <span class='ocrx_word' id='word_1_529' title='bbox 1490 5834 1613 5903; x_wconf 89' lang='lat' dir='ltr'><strong>quia</strong></span> <span class='ocrx_word' id='word_1_530' title='bbox 1646 5832 1750 5887; x_wconf 92' lang='lat' dir='ltr'><strong>alio</strong></span> <span class='ocrx_word' id='word_1_531' title='bbox 1799 5835 2077 5889; x_wconf 89' lang='lat' dir='ltr'><strong>remittere</strong></span> 
     </span>
    </p>
   </div>
   <div class='ocr_carea' id='block_1_78' title="bbox 2194 1971 3783 2047">
    <p class='ocr_par' dir='ltr' id='par_1_78' title="bbox 2194 1971 3783 2047">
     <span class='ocr_line' id='line_1_78' title="bbox 2194 1971 3783 2047; baseline 0.004 -22"><span class='ocrx_word' id='word_1_532' title='bbox 2194 1971 2375 2025; x_wconf 89' lang='lat' dir='ltr'><strong>notavi</strong></span> <span class='ocrx_word' id='word_1_533' title='bbox 2403 1973 2653 2043; x_wconf 89' lang='lat' dir='ltr'><strong>superius</strong></span> <span class='ocrx_word' id='word_1_534' title='bbox 2684 1989 2833 2028; x_wconf 91' lang='lat' dir='ltr'><strong>num.</strong></span> <span class='ocrx_word' id='word_1_535' title='bbox 2859 1973 2964 2029; x_wconf 78' lang='grc'><strong>172</strong></span> <span class='ocrx_word' id='word_1_536' title='bbox 2988 1989 3056 2031; x_wconf 90' lang='lat' dir='ltr'><strong>ex</strong></span> <span class='ocrx_word' id='word_1_537' title='bbox 3074 1975 3389 2047; x_wconf 88' lang='lat' dir='ltr'><strong>hujusmodi</strong></span> <span class='ocrx_word' id='word_1_538' title='bbox 3416 1978 3783 2047; x_wconf 83' lang='lat' dir='ltr'><strong>manuscripto</strong></span> 
     </span>
    </p>
   </div>
   <div class='ocr_carea' id='block_1_79' title="bbox 2192 2067 3777 2141">
    <p class='ocr_par' dir='ltr' id='par_1_79' title="bbox 2192 2067 3777 2141">
     <span class='ocr_line' id='line_1_79' title="bbox 2192 2067 3777 2141; baseline 0.003 -19"><span class='ocrx_word' id='word_1_539' title='bbox 2192 2067 2393 2123; x_wconf 87' lang='lat' dir='ltr'><strong>factam</strong></span> <span class='ocrx_word' id='word_1_540' title='bbox 2421 2084 2541 2125; x_wconf 89' lang='lat' dir='ltr'><strong>esse</strong></span> <span class='ocrx_word' id='word_1_541' title='bbox 2567 2070 2798 2141; x_wconf 89' lang='lat' dir='ltr'><strong>primam</strong></span> <span class='ocrx_word' id='word_1_542' title='bbox 2827 2070 2977 2127; x_wconf 87' lang='lat' dir='ltr'><strong>illam</strong></span> <span class='ocrx_word' id='word_1_543' title='bbox 3002 2080 3057 2128; x_wconf 93' lang='lat' dir='ltr'><strong>et</strong></span> <span class='ocrx_word' id='word_1_544' title='bbox 3082 2072 3328 2128; x_wconf 90' lang='lat' dir='ltr'><strong>omnium</strong></span> <span class='ocrx_word' id='word_1_545' title='bbox 3352 2073 3777 2128; x_wconf 84' lang='lat' dir='ltr'><strong>vetustissimam</strong></span> 
     </span>
    </p>
   </div>
   <div class='ocr_carea' id='block_1_80' title="bbox 2191 2160 3769 2235">
    <p class='ocr_par' dir='ltr' id='par_1_80' title="bbox 2191 2160 3769 2235">
     <span class='ocr_line' id='line_1_80' title="bbox 2191 2160 3769 2235; baseline 0.004 -21"><span class='ocrx_word' id='word_1_546' title='bbox 2191 2160 2484 2216; x_wconf 86' lang='lat' dir='ltr'><strong>editionem</strong></span> <span class='ocrx_word' id='word_1_547' title='bbox 2532 2160 2875 2218; x_wconf 88' lang='lat' dir='ltr'><strong>Lubecanam</strong></span> <span class='ocrx_word' id='word_1_548' title='bbox 2922 2164 3051 2219; x_wconf 88' lang='lat' dir='ltr'><strong>anni</strong></span> <span class='ocrx_word' id='word_1_549' title='bbox 3109 2163 3286 2232; x_wconf 72' lang='lat' dir='ltr'><strong>M75;</strong></span> <span class='ocrx_word' id='word_1_550' title='bbox 3330 2165 3473 2220; x_wconf 89' lang='lat' dir='ltr'><strong>unde</strong></span> <span class='ocrx_word' id='word_1_551' title='bbox 3511 2166 3559 2219; x_wconf 87' lang='lat' dir='ltr'><strong>in</strong></span> <span class='ocrx_word' id='word_1_552' title='bbox 3604 2181 3769 2235; x_wconf 83' lang='lat' dir='ltr'><strong>opere</strong></span> 
     </span>
    </p>
   </div>
   <div class='ocr_carea' id='block_1_81' title="bbox 2190 2256 3763 2331">
    <p class='ocr_par' dir='ltr' id='par_1_81' title="bbox 2190 2256 3763 2331">
     <span class='ocr_line' id='line_1_81' title="bbox 2190 2256 3763 2331; baseline 0.001 -20"><span class='ocrx_word' id='word_1_553' title='bbox 2190 2265 2380 2312; x_wconf 90' lang='lat' dir='ltr'><strong>nostro</strong></span> <span class='ocrx_word' id='word_1_554' title='bbox 2415 2273 2630 2327; x_wconf 89' lang='lat' dir='ltr'><strong>semper</strong></span> <span class='ocrx_word' id='word_1_555' title='bbox 2668 2256 3069 2326; x_wconf 74' lang='lat' dir='ltr'><strong>conjunguntur</strong></span> <span class='ocrx_word' id='word_1_556' title='bbox 3102 2259 3218 2317; x_wconf 82' lang='lat' dir='ltr'><strong>haec</strong></span> <span class='ocrx_word' id='word_1_557' title='bbox 3258 2260 3367 2315; x_wconf 92' lang='lat' dir='ltr'><strong>duo</strong></span> <span class='ocrx_word' id='word_1_558' title='bbox 3397 2258 3763 2331; x_wconf 72' lang='lat' dir='ltr'><strong>Martyrologia</strong></span> 
     </span>
    </p>
   </div>
   <div class='ocr_carea' id='block_1_82' title="bbox 2190 2347 3774 2421">
    <p class='ocr_par' dir='ltr' id='par_1_82' title="bbox 2190 2347 3774 2421">
     <span class='ocr_line' id='line_1_82' title="bbox 2190 2347 3774 2421; baseline 0.003 -19"><span class='ocrx_word' id='word_1_559' title='bbox 2190 2347 2408 2403; x_wconf 90' lang='lat' dir='ltr'><strong>citando</strong></span> <span class='ocrx_word' id='word_1_560' title='bbox 2432 2347 2681 2417; x_wconf 80' lang='lat' dir='ltr'><strong>Auluerp.</strong></span> <span class='ocrx_word' id='word_1_561' title='bbox 2723 2357 2769 2402; x_wconf 84' lang='lat' dir='ltr'><strong>et</strong></span> <span class='ocrx_word' id='word_1_562' title='bbox 2801 2347 3191 2416; x_wconf 53' lang='lat' dir='ltr'><strong>Manu-Labeo;</strong></span> <span class='ocrx_word' id='word_1_563' title='bbox 3222 2350 3423 2420; x_wconf 89' lang='lat' dir='ltr'><strong>quibus</strong></span> <span class='ocrx_word' id='word_1_564' title='bbox 3466 2350 3774 2421; x_wconf 81' lang='lat' dir='ltr'><strong>plerumque</strong></span> 
     </span>
    </p>
   </div>
   <div class='ocr_carea' id='block_1_83' title="bbox 2188 2428 3769 2510">
    <p class='ocr_par' dir='ltr' id='par_1_83' title="bbox 2188 2428 3769 2510">
     <span class='ocr_line' id='line_1_83' title="bbox 2188 2428 3769 2510; baseline 0.005 -20"><span class='ocrx_word' id='word_1_565' title='bbox 2188 2438 2399 2493; x_wconf 91' lang='lat' dir='ltr'><strong>accedit</strong></span> <span class='ocrx_word' id='word_1_566' title='bbox 2425 2428 2595 2492; x_wconf 89' lang='lat' dir='ltr'><strong>codex</strong></span> <span class='ocrx_word' id='word_1_567' title='bbox 2618 2432 2957 2510; x_wconf 55' lang='lat' dir='ltr'><strong>alius,&#39;cujus</strong></span> <span class='ocrx_word' id='word_1_568' title='bbox 2986 2439 3157 2495; x_wconf 88' lang='lat' dir='ltr'><strong>solum</strong></span> <span class='ocrx_word' id='word_1_569' title='bbox 3183 2449 3499 2497; x_wconf 87' lang='lat' dir='ltr'><strong>extractum</strong></span> <span class='ocrx_word' id='word_1_570' title='bbox 3537 2458 3633 2497; x_wconf 86' lang='lat' dir='ltr'><strong>seu</strong></span> <span class='ocrx_word' id='word_1_571' title='bbox 3669 2442 3769 2497; x_wconf 84' lang='lat' dir='ltr'><strong>col-</strong></span> 
     </span>
    </p>
   </div>
   <div class='ocr_carea' id='block_1_84' title="bbox 2186 2516 3770 2595">
    <p class='ocr_par' dir='ltr' id='par_1_84' title="bbox 2186 2516 3770 2595">
     <span class='ocr_line' id='line_1_84' title="bbox 2186 2516 3770 2595; baseline 0.004 -14"><span class='ocrx_word' id='word_1_572' title='bbox 2186 2526 2446 2583; x_wconf 89' lang='lat' dir='ltr'><strong>lationem</strong></span> <span class='ocrx_word' id='word_1_573' title='bbox 2494 2516 2819 2595; x_wconf 76' lang='lat' dir='ltr'><strong>habemus,</strong></span> <span class='ocrx_word' id='word_1_574' title='bbox 2888 2544 2955 2584; x_wconf 89' lang='lat' dir='ltr'><strong>ex</strong></span> <span class='ocrx_word' id='word_1_575' title='bbox 3032 2529 3360 2586; x_wconf 80' lang='lat' dir='ltr'><strong>bibliotheca</strong></span> <span class='ocrx_word' id='word_1_576' title='bbox 3435 2530 3770 2587; x_wconf 71' lang='lat' dir='ltr'><strong>celeberrimi</strong></span> 
     </span>
    </p>
   </div>
   <div class='ocr_carea' id='block_1_85' title="bbox 2186 2619 3770 2693">
    <p class='ocr_par' dir='ltr' id='par_1_85' title="bbox 2186 2619 3770 2693">
     <span class='ocr_line' id='line_1_85' title="bbox 2186 2619 3770 2693; baseline 0.002 -19"><span class='ocrx_word' id='word_1_577' title='bbox 2186 2620 2399 2678; x_wconf 88' lang='lat' dir='ltr'><strong>abbatis</strong></span> <span class='ocrx_word' id='word_1_578' title='bbox 2432 2619 2663 2689; x_wconf 85' lang='lat' dir='ltr'><strong>Ugbclli,</strong></span> <span class='ocrx_word' id='word_1_579' title='bbox 2698 2621 2839 2675; x_wconf 85' lang='lat' dir='ltr'><strong>unde</strong></span> <span class='ocrx_word' id='word_1_580' title='bbox 2872 2636 3069 2677; x_wconf 92' lang='lat' dir='ltr'><strong>nomen</strong></span> <span class='ocrx_word' id='word_1_581' title='bbox 3101 2621 3355 2689; x_wconf 90' lang='lat' dir='ltr'><strong>inditum,</strong></span> <span class='ocrx_word' id='word_1_582' title='bbox 3415 2620 3770 2693; x_wconf 72' lang='lat' dir='ltr'><strong>Uglaells‘auss,</strong></span> 
     </span>
    </p>
   </div>
   <div class='ocr_carea' id='block_1_86' title="bbox 2186 2709 3411 2783">
    <p class='ocr_par' dir='ltr' id='par_1_86' title="bbox 2186 2709 3411 2783">
     <span class='ocr_line' id='line_1_86' title="bbox 2186 2709 3411 2783; baseline 0.002 -19"><span class='ocrx_word' id='word_1_583' title='bbox 2186 2710 2253 2764; x_wconf 91' lang='lat' dir='ltr'><strong>de</strong></span> <span class='ocrx_word' id='word_1_584' title='bbox 2276 2725 2383 2780; x_wconf 92' lang='lat' dir='ltr'><strong>quo</strong></span> <span class='ocrx_word' id='word_1_585' title='bbox 2404 2724 2524 2765; x_wconf 91' lang='lat' dir='ltr'><strong>cum</strong></span> <span class='ocrx_word' id='word_1_586' title='bbox 2565 2709 2684 2765; x_wconf 89' lang='lat' dir='ltr'><strong>aliis</strong></span> <span class='ocrx_word' id='word_1_587' title='bbox 2712 2711 2977 2766; x_wconf 87' lang='lat' dir='ltr'><strong>extractis</strong></span> <span class='ocrx_word' id='word_1_588' title='bbox 3002 2710 3142 2766; x_wconf 89' lang='lat' dir='ltr'><strong>infra</strong></span> <span class='ocrx_word' id='word_1_589' title='bbox 3167 2727 3411 2783; x_wconf 87' lang='lat' dir='ltr'><strong>agemus.</strong></span> 
     </span>
    </p>
   </div>
   <div class='ocr_carea' id='block_1_87' title="bbox 2253 2800 3771 2874">
    <p class='ocr_par' dir='ltr' id='par_1_87' title="bbox 2253 2800 3771 2874">
     <span class='ocr_line' id='line_1_87' title="bbox 2253 2800 3771 2874; baseline 0.003 -19"><span class='ocrx_word' id='word_1_590' title='bbox 2253 2800 2381 2855; x_wconf 72' lang='grc'><strong>224.</strong></span> <span class='ocrx_word' id='word_1_591' title='bbox 2411 2800 2729 2856; x_wconf 84' lang='lat' dir='ltr'><strong>Usuardinis</strong></span> <span class='ocrx_word' id='word_1_592' title='bbox 2762 2802 3145 2874; x_wconf 83' lang='lat' dir='ltr'><strong>manuscriptis</strong></span> <span class='ocrx_word' id='word_1_593' title='bbox 3175 2803 3418 2860; x_wconf 91' lang='lat' dir='ltr'><strong>melioris</strong></span> <span class='ocrx_word' id='word_1_594' title='bbox 3436 2814 3583 2860; x_wconf 74' lang='lat' dir='ltr'><strong>notae</strong></span> <span class='ocrx_word' id='word_1_595' title='bbox 3614 2808 3771 2861; x_wconf 80' lang='lat' dir='ltr'><strong>etiam</strong></span> 
     </span>
    </p>
   </div>
   <div class='ocr_carea' id='block_1_88' title="bbox 2185 2891 3770 2967">
    <p class='ocr_par' dir='ltr' id='par_1_88' title="bbox 2185 2891 3770 2967">
     <span class='ocr_line' id='line_1_88' title="bbox 2185 2891 3770 2967; baseline 0.004 -22"><span class='ocrx_word' id='word_1_596' title='bbox 2185 2891 2626 2946; x_wconf 89' lang='lat' dir='ltr'><strong>annumerandus</strong></span> <span class='ocrx_word' id='word_1_597' title='bbox 2690 2891 2836 2946; x_wconf 87' lang='lat' dir='ltr'><strong>venit</strong></span> <span class='ocrx_word' id='word_1_598' title='bbox 2888 2892 3059 2949; x_wconf 88' lang='lat' dir='ltr'><strong>codex</strong></span> <span class='ocrx_word' id='word_1_599' title='bbox 3108 2892 3553 2962; x_wconf 74' lang='lat' dir='ltr'><strong>Marchianensis,</strong></span> <span class='ocrx_word' id='word_1_600' title='bbox 3622 2912 3770 2967; x_wconf 83' lang='lat' dir='ltr'><strong>quem</strong></span> 
     </span>
    </p>
   </div>
   <div class='ocr_carea' id='block_1_89' title="bbox 2182 2983 3771 3058">
    <p class='ocr_par' dir='ltr' id='par_1_89' title="bbox 2182 2983 3771 3058">
     <span class='ocr_line' id='line_1_89' title="bbox 2182 2983 3771 3058; baseline 0 -18"><span class='ocrx_word' id='word_1_601' title='bbox 2182 2994 2435 3056; x_wconf 90' lang='lat' dir='ltr'><strong>putamus</strong></span> <span class='ocrx_word' id='word_1_602' title='bbox 2461 2983 2515 3038; x_wconf 91' lang='lat' dir='ltr'><strong>in</strong></span> <span class='ocrx_word' id='word_1_603' title='bbox 2540 2983 2655 3053; x_wconf 89' lang='lat' dir='ltr'><strong>ipsa</strong></span> <span class='ocrx_word' id='word_1_604' title='bbox 2677 2984 2893 3039; x_wconf 88' lang='lat' dir='ltr'><strong>abbatia</strong></span> <span class='ocrx_word' id='word_1_605' title='bbox 2923 2985 3191 3058; x_wconf 90' lang='lat' dir='ltr'><strong>integrum</strong></span> <span class='ocrx_word' id='word_1_606' title='bbox 3213 3001 3321 3040; x_wconf 91' lang='lat' dir='ltr'><strong>non</strong></span> <span class='ocrx_word' id='word_1_607' title='bbox 3350 2995 3573 3044; x_wconf 84' lang='lat' dir='ltr'><strong>exstare</strong></span> <span class='ocrx_word' id='word_1_608' title='bbox 3608 3004 3771 3057; x_wconf 87' lang='lat' dir='ltr'><strong>quan-</strong></span> 
     </span>
    </p>
   </div>
   <div class='ocr_carea' id='block_1_90' title="bbox 2184 3075 3770 3149">
    <p class='ocr_par' dir='ltr' id='par_1_90' title="bbox 2184 3075 3770 3149">
     <span class='ocr_line' id='line_1_90' title="bbox 2184 3075 3770 3149; baseline 0.001 -15"><span class='ocrx_word' id='word_1_609' title='bbox 2184 3076 2469 3149; x_wconf 90' lang='lat' dir='ltr'><strong>doquidem</strong></span> <span class='ocrx_word' id='word_1_610' title='bbox 2502 3075 2674 3131; x_wconf 89' lang='lat' dir='ltr'><strong>solum</strong></span> <span class='ocrx_word' id='word_1_611' title='bbox 2704 3091 2945 3132; x_wconf 90' lang='lat' dir='ltr'><strong>mensem</strong></span> <span class='ocrx_word' id='word_1_612' title='bbox 2971 3076 3329 3132; x_wconf 87' lang='lat' dir='ltr'><strong>Februarium</strong></span> <span class='ocrx_word' id='word_1_613' title='bbox 3368 3079 3498 3135; x_wconf 90' lang='lat' dir='ltr'><strong>inde</strong></span> <span class='ocrx_word' id='word_1_614' title='bbox 3543 3094 3770 3149; x_wconf 82' lang='lat' dir='ltr'><strong>accepe-</strong></span> 
     </span>
    </p>
   </div>
   <div class='ocr_carea' id='block_1_91' title="bbox 2182 3166 3774 3240">
    <p class='ocr_par' dir='ltr' id='par_1_91' title="bbox 2182 3166 3774 3240">
     <span class='ocr_line' id='line_1_91' title="bbox 2182 3166 3774 3240; baseline 0.001 -16"><span class='ocrx_word' id='word_1_615' title='bbox 2182 3171 2376 3234; x_wconf 88' lang='lat' dir='ltr'><strong>rimus,</strong></span> <span class='ocrx_word' id='word_1_616' title='bbox 2408 3183 2529 3222; x_wconf 90' lang='lat' dir='ltr'><strong>cum</strong></span> <span class='ocrx_word' id='word_1_617' title='bbox 2555 3167 2752 3222; x_wconf 88' lang='lat' dir='ltr'><strong>lacinia</strong></span> <span class='ocrx_word' id='word_1_618' title='bbox 2777 3166 2957 3238; x_wconf 90' lang='lat' dir='ltr'><strong>aliqua</strong></span> <span class='ocrx_word' id='word_1_619' title='bbox 2993 3170 3197 3225; x_wconf 86' lang='lat' dir='ltr'><strong>mensis</strong></span> <span class='ocrx_word' id='word_1_620' title='bbox 3217 3168 3415 3225; x_wconf 79' lang='lat' dir='ltr'><strong>Martii.</strong></span> <span class='ocrx_word' id='word_1_621' title='bbox 3450 3170 3529 3225; x_wconf 90' lang='lat' dir='ltr'><strong>Ex</strong></span> <span class='ocrx_word' id='word_1_622' title='bbox 3564 3187 3640 3226; x_wconf 83' lang='lat' dir='ltr'><strong>eo</strong></span> <span class='ocrx_word' id='word_1_623' title='bbox 3665 3188 3774 3240; x_wconf 85' lang='lat' dir='ltr'><strong>spe-</strong></span> 
     </span>
    </p>
   </div>
   <div class='ocr_carea' id='block_1_92' title="bbox 2184 3260 3771 3333">
    <p class='ocr_par' dir='ltr' id='par_1_92' title="bbox 2184 3260 3771 3333">
     <span class='ocr_line' id='line_1_92' title="bbox 2184 3260 3771 3333; baseline -0.001 -15"><span class='ocrx_word' id='word_1_624' title='bbox 2184 3263 2384 3318; x_wconf 89' lang='lat' dir='ltr'><strong>cimine</strong></span> <span class='ocrx_word' id='word_1_625' title='bbox 2420 3270 2615 3317; x_wconf 66' lang='lat' dir='ltr'><strong>caetera</strong></span> <span class='ocrx_word' id='word_1_626' title='bbox 2671 3260 2830 3316; x_wconf 88' lang='lat' dir='ltr'><strong>facile</strong></span> <span class='ocrx_word' id='word_1_627' title='bbox 2866 3277 3191 3333; x_wconf 89' lang='lat' dir='ltr'><strong>cognosces;</strong></span> <span class='ocrx_word' id='word_1_628' title='bbox 3221 3263 3452 3329; x_wconf 86' lang='lat' dir='ltr'><strong>utinam,</strong></span> <span class='ocrx_word' id='word_1_629' title='bbox 3500 3262 3545 3317; x_wconf 84' lang='lat' dir='ltr'><strong>si</strong></span> <span class='ocrx_word' id='word_1_630' title='bbox 3603 3263 3771 3317; x_wconf 81' lang='lat' dir='ltr'><strong>adhuc</strong></span> 
     </span>
    </p>
   </div>
   <div class='ocr_carea' id='block_1_93' title="bbox 2185 3349 3773 3423">
    <p class='ocr_par' dir='ltr' id='par_1_93' title="bbox 2185 3349 3773 3423">
     <span class='ocr_line' id='line_1_93' title="bbox 2185 3349 3773 3423; baseline 0.001 -17"><span class='ocrx_word' id='word_1_631' title='bbox 2185 3350 2479 3421; x_wconf 84' lang='lat' dir='ltr'><strong>supersint,</strong></span> <span class='ocrx_word' id='word_1_632' title='bbox 2509 3350 2577 3406; x_wconf 91' lang='lat' dir='ltr'><strong>ad</strong></span> <span class='ocrx_word' id='word_1_633' title='bbox 2610 3364 2708 3405; x_wconf 93' lang='lat' dir='ltr'><strong>nos</strong></span> <span class='ocrx_word' id='word_1_634' title='bbox 2748 3349 3042 3421; x_wconf 86' lang='lat' dir='ltr'><strong>aliquando</strong></span> <span class='ocrx_word' id='word_1_635' title='bbox 3088 3351 3568 3407; x_wconf 85' lang='lat' dir='ltr'><strong>transmittantur:</strong></span> <span class='ocrx_word' id='word_1_636' title='bbox 3600 3352 3658 3407; x_wconf 89' lang='lat' dir='ltr'><strong>id</strong></span> <span class='ocrx_word' id='word_1_637' title='bbox 3689 3368 3773 3423; x_wconf 83' lang='lat' dir='ltr'><strong>per</strong></span> 
     </span>
    </p>
   </div>
   <div class='ocr_carea' id='block_1_94' title="bbox 2184 3437 3772 3513">
    <p class='ocr_par' dir='ltr' id='par_1_94' title="bbox 2184 3437 3772 3513">
     <span class='ocr_line' id='line_1_94' title="bbox 2184 3437 3772 3513; baseline 0.002 -19"><span class='ocrx_word' id='word_1_638' title='bbox 2184 3440 2393 3510; x_wconf 88' lang='lat' dir='ltr'><strong>aliquos</strong></span> <span class='ocrx_word' id='word_1_639' title='bbox 2423 3455 2454 3495; x_wconf 90' lang='lat' dir='ltr'><strong>e</strong></span> <span class='ocrx_word' id='word_1_640' title='bbox 2490 3440 2689 3495; x_wconf 90' lang='lat' dir='ltr'><strong>nostris</strong></span> <span class='ocrx_word' id='word_1_641' title='bbox 2731 3437 2990 3496; x_wconf 88' lang='lat' dir='ltr'><strong>Patribus</strong></span> <span class='ocrx_word' id='word_1_642' title='bbox 3035 3456 3177 3513; x_wconf 70' lang='lat' dir='ltr'><strong>saepe</strong></span> <span class='ocrx_word' id='word_1_643' title='bbox 3209 3441 3323 3513; x_wconf 83' lang='lat' dir='ltr'><strong>jam</strong></span> <span class='ocrx_word' id='word_1_644' title='bbox 3369 3440 3573 3497; x_wconf 81' lang='lat' dir='ltr'><strong>frustra</strong></span> <span class='ocrx_word' id='word_1_645' title='bbox 3614 3443 3772 3513; x_wconf 88' lang='lat' dir='ltr'><strong>impe-</strong></span> 
     </span>
    </p>
   </div>
   <div class='ocr_carea' id='block_1_95' title="bbox 2182 3531 3775 3606">
    <p class='ocr_par' dir='ltr' id='par_1_95' title="bbox 2182 3531 3775 3606">
     <span class='ocr_line' id='line_1_95' title="bbox 2182 3531 3775 3606; baseline 0.001 -19"><span class='ocrx_word' id='word_1_646' title='bbox 2182 3543 2331 3587; x_wconf 84' lang='lat' dir='ltr'><strong>trare</strong></span> <span class='ocrx_word' id='word_1_647' title='bbox 2417 3532 2767 3587; x_wconf 87' lang='lat' dir='ltr'><strong>tentavimus.</strong></span> <span class='ocrx_word' id='word_1_648' title='bbox 2842 3531 3069 3588; x_wconf 68' lang='lat' dir='ltr'><strong>Viciniaa</strong></span> <span class='ocrx_word' id='word_1_649' title='bbox 3119 3534 3318 3606; x_wconf 89' lang='lat' dir='ltr'><strong>gratia,</strong></span> <span class='ocrx_word' id='word_1_650' title='bbox 3371 3533 3775 3590; x_wconf 79' lang='lat' dir='ltr'><strong>Marcbianensi</strong></span> 
     </span>
    </p>
   </div>
   <div class='ocr_carea' id='block_1_96' title="bbox 2182 3623 3771 3696">
    <p class='ocr_par' dir='ltr' id='par_1_96' title="bbox 2182 3623 3771 3696">
     <span class='ocr_line' id='line_1_96' title="bbox 2182 3623 3771 3696; baseline 0.001 -18"><span class='ocrx_word' id='word_1_651' title='bbox 2182 3624 2448 3695; x_wconf 88' lang='lat' dir='ltr'><strong>subjungo</strong></span> <span class='ocrx_word' id='word_1_652' title='bbox 2474 3623 2893 3694; x_wconf 78' lang='lat' dir='ltr'><strong>Aquicinctinum</strong></span> <span class='ocrx_word' id='word_1_653' title='bbox 2915 3624 3213 3695; x_wconf 86' lang='lat' dir='ltr'><strong>exemplar,</strong></span> <span class='ocrx_word' id='word_1_654' title='bbox 3243 3625 3385 3696; x_wconf 88' lang='lat' dir='ltr'><strong>quod</strong></span> <span class='ocrx_word' id='word_1_655' title='bbox 3427 3625 3562 3680; x_wconf 86' lang='lat' dir='ltr'><strong>licet</strong></span> <span class='ocrx_word' id='word_1_656' title='bbox 3605 3635 3771 3680; x_wconf 72' lang='lat' dir='ltr'><strong>totum</strong></span> 
     </span>
    </p>
   </div>
   <div class='ocr_carea' id='block_1_97' title="bbox 2181 3717 3773 3789">
    <p class='ocr_par' dir='ltr' id='par_1_97' title="bbox 2181 3717 3773 3789">
     <span class='ocr_line' id='line_1_97' title="bbox 2181 3717 3773 3789; baseline 0 -17"><span class='ocrx_word' id='word_1_657' title='bbox 2181 3734 2397 3789; x_wconf 91' lang='lat' dir='ltr'><strong>quoque</strong></span> <span class='ocrx_word' id='word_1_658' title='bbox 2444 3726 2498 3773; x_wconf 92' lang='lat' dir='ltr'><strong>et</strong></span> <span class='ocrx_word' id='word_1_659' title='bbox 2544 3718 2761 3788; x_wconf 92' lang='lat' dir='ltr'><strong>plenum</strong></span> <span class='ocrx_word' id='word_1_660' title='bbox 2806 3733 2911 3772; x_wconf 90' lang='lat' dir='ltr'><strong>non</strong></span> <span class='ocrx_word' id='word_1_661' title='bbox 2952 3718 3268 3784; x_wconf 86' lang='lat' dir='ltr'><strong>habeamus,</strong></span> <span class='ocrx_word' id='word_1_662' title='bbox 3317 3717 3596 3774; x_wconf 87' lang='lat' dir='ltr'><strong>defectum</strong></span> <span class='ocrx_word' id='word_1_663' title='bbox 3632 3720 3773 3774; x_wconf 76' lang='lat' dir='ltr'><strong>illum</strong></span> 
     </span>
    </p>
   </div>
   <div class='ocr_carea' id='block_1_98' title="bbox 2180 3809 3774 3883">
    <p class='ocr_par' dir='ltr' id='par_1_98' title="bbox 2180 3809 3774 3883">
     <span class='ocr_line' id='line_1_98' title="bbox 2180 3809 3774 3883; baseline -0.001 -16"><span class='ocrx_word' id='word_1_664' title='bbox 2180 3812 2393 3869; x_wconf 90' lang='lat' dir='ltr'><strong>abunde</strong></span> <span class='ocrx_word' id='word_1_665' title='bbox 2431 3812 2644 3883; x_wconf 91' lang='lat' dir='ltr'><strong>supplet</strong></span> <span class='ocrx_word' id='word_1_666' title='bbox 2682 3811 3093 3867; x_wconf 87' lang='lat' dir='ltr'><strong>accuratissima</strong></span> <span class='ocrx_word' id='word_1_667' title='bbox 3117 3810 3359 3879; x_wconf 87' lang='lat' dir='ltr'><strong>ejusdem</strong></span> <span class='ocrx_word' id='word_1_668' title='bbox 3380 3809 3636 3875; x_wconf 87' lang='lat' dir='ltr'><strong>collatio,</strong></span> <span class='ocrx_word' id='word_1_669' title='bbox 3661 3827 3774 3867; x_wconf 76' lang='lat' dir='ltr'><strong>cum</strong></span> 
     </span>
    </p>
   </div>
   <div class='ocr_carea' id='block_1_99' title="bbox 2120 3894 3775 3971">
    <p class='ocr_par' dir='ltr' id='par_1_99' title="bbox 2120 3894 3775 3971">
     <span class='ocr_line' id='line_1_99' title="bbox 2120 3894 3775 3971; baseline -0.002 -12"><span class='ocrx_word' id='word_1_670' title='bbox 2120 3894 2125 3897; x_wconf 62' lang='grc'><strong>’</strong></span> <span class='ocrx_word' id='word_1_671' title='bbox 2181 3903 2420 3959; x_wconf 90' lang='lat' dir='ltr'><strong>secunda</strong></span> <span class='ocrx_word' id='word_1_672' title='bbox 2450 3901 2647 3957; x_wconf 88' lang='lat' dir='ltr'><strong>Molani</strong></span> <span class='ocrx_word' id='word_1_673' title='bbox 2674 3902 2911 3959; x_wconf 90' lang='lat' dir='ltr'><strong>editione</strong></span> <span class='ocrx_word' id='word_1_674' title='bbox 2936 3902 3064 3956; x_wconf 88' lang='lat' dir='ltr'><strong>anni</strong></span> <span class='ocrx_word' id='word_1_675' title='bbox 3102 3901 3261 3968; x_wconf 79' lang='grc'>1575,</span> <span class='ocrx_word' id='word_1_676' title='bbox 3291 3903 3384 3958; x_wconf 88' lang='lat' dir='ltr'><strong>ubi</strong></span> <span class='ocrx_word' id='word_1_677' title='bbox 3419 3918 3481 3958; x_wconf 88' lang='lat' dir='ltr'><strong>ea</strong></span> <span class='ocrx_word' id='word_1_678' title='bbox 3511 3917 3638 3971; x_wconf 86' lang='lat' dir='ltr'><strong>qua</strong></span> <span class='ocrx_word' id='word_1_679' title='bbox 3670 3903 3775 3957; x_wconf 76' lang='lat' dir='ltr'><strong>ﬁeri</strong></span> 
     </span>
    </p>
   </div>
   <div class='ocr_carea' id='block_1_100' title="bbox 2176 3993 3776 4069">
    <p class='ocr_par' dir='ltr' id='par_1_100' title="bbox 2176 3993 3776 4069">
     <span class='ocr_line' id='line_1_100' title="bbox 2176 3993 3776 4069; baseline -0.002 -17"><span class='ocrx_word' id='word_1_680' title='bbox 2176 3998 2355 4069; x_wconf 90' lang='lat' dir='ltr'><strong>potuit</strong></span> <span class='ocrx_word' id='word_1_681' title='bbox 2382 3997 2682 4068; x_wconf 86' lang='lat' dir='ltr'><strong>diligentia,</strong></span> <span class='ocrx_word' id='word_1_682' title='bbox 2711 3996 2986 4052; x_wconf 88' lang='lat' dir='ltr'><strong>variantes</strong></span> <span class='ocrx_word' id='word_1_683' title='bbox 3012 3993 3273 4058; x_wconf 89' lang='lat' dir='ltr'><strong>lectiones</strong></span> <span class='ocrx_word' id='word_1_684' title='bbox 3299 4008 3487 4050; x_wconf 91' lang='lat' dir='ltr'><strong>omnes</strong></span> <span class='ocrx_word' id='word_1_685' title='bbox 3507 3995 3776 4065; x_wconf 74' lang='lat' dir='ltr'><strong>apposita:</strong></span> 
     </span>
    </p>
   </div>
   <div class='ocr_carea' id='block_1_101' title="bbox 2179 4087 3777 4159">
    <p class='ocr_par' dir='ltr' id='par_1_101' title="bbox 2179 4087 3777 4159">
     <span class='ocr_line' id='line_1_101' title="bbox 2179 4087 3777 4159; baseline -0.003 -14"><span class='ocrx_word' id='word_1_686' title='bbox 2179 4101 2325 4155; x_wconf 90' lang='lat' dir='ltr'><strong>sunt,</strong></span> <span class='ocrx_word' id='word_1_687' title='bbox 2367 4104 2433 4145; x_wconf 91' lang='lat' dir='ltr'><strong>ex</strong></span> <span class='ocrx_word' id='word_1_688' title='bbox 2461 4089 2657 4159; x_wconf 88' lang='lat' dir='ltr'><strong>quibus</strong></span> <span class='ocrx_word' id='word_1_689' title='bbox 2693 4088 2759 4143; x_wconf 89' lang='lat' dir='ltr'><strong>de</strong></span> <span class='ocrx_word' id='word_1_690' title='bbox 2796 4088 2960 4143; x_wconf 88' lang='lat' dir='ltr'><strong>totius</strong></span> <span class='ocrx_word' id='word_1_691' title='bbox 2996 4088 3214 4143; x_wconf 85' lang='lat' dir='ltr'><strong>codicis</strong></span> <span class='ocrx_word' id='word_1_692' title='bbox 3261 4087 3496 4158; x_wconf 81' lang='lat' dir='ltr'><strong>puritate</strong></span> <span class='ocrx_word' id='word_1_693' title='bbox 3545 4096 3617 4141; x_wconf 83' lang='lat' dir='ltr'><strong>et</strong></span> <span class='ocrx_word' id='word_1_694' title='bbox 3658 4088 3777 4143; x_wconf 79' lang='lat' dir='ltr'><strong>sim-</strong></span> 
     </span>
    </p>
   </div>
   <div class='ocr_carea' id='block_1_102' title="bbox 2177 4176 3778 4255">
    <p class='ocr_par' dir='ltr' id='par_1_102' title="bbox 2177 4176 3778 4255">
     <span class='ocr_line' id='line_1_102' title="bbox 2177 4176 3778 4255; baseline -0.004 -17"><span class='ocrx_word' id='word_1_695' title='bbox 2177 4184 2418 4255; x_wconf 91' lang='lat' dir='ltr'><strong>plicitate</strong></span> <span class='ocrx_word' id='word_1_696' title='bbox 2441 4181 2703 4253; x_wconf 88' lang='lat' dir='ltr'><strong>judicium</strong></span> <span class='ocrx_word' id='word_1_697' title='bbox 2741 4179 2968 4234; x_wconf 87' lang='lat' dir='ltr'><strong>feratur.</strong></span> <span class='ocrx_word' id='word_1_698' title='bbox 2996 4179 3073 4233; x_wconf 84' lang='lat' dir='ltr'><strong>Ex</strong></span> <span class='ocrx_word' id='word_1_699' title='bbox 3107 4176 3343 4250; x_wconf 74' lang='lat' dir='ltr'><strong>praefatis</strong></span> <span class='ocrx_word' id='word_1_700' title='bbox 3385 4179 3663 4235; x_wconf 80' lang='lat' dir='ltr'><strong>extractis</strong></span> <span class='ocrx_word' id='word_1_701' title='bbox 3706 4178 3778 4232; x_wconf 79' lang='lat' dir='ltr'><strong>vi-</strong></span> 
     </span>
    </p>
   </div>
   <div class='ocr_carea' id='block_1_103' title="bbox 2180 4269 3776 4348">
    <p class='ocr_par' dir='ltr' id='par_1_103' title="bbox 2180 4269 3776 4348">
     <span class='ocr_line' id='line_1_103' title="bbox 2180 4269 3776 4348; baseline -0.004 -17"><span class='ocrx_word' id='word_1_702' title='bbox 2180 4278 2311 4333; x_wconf 86' lang='lat' dir='ltr'><strong>deor</strong></span> <span class='ocrx_word' id='word_1_703' title='bbox 2339 4291 2498 4348; x_wconf 91' lang='lat' dir='ltr'><strong>posse</strong></span> <span class='ocrx_word' id='word_1_704' title='bbox 2550 4273 2823 4344; x_wconf 88' lang='lat' dir='ltr'><strong>conjicere</strong></span> <span class='ocrx_word' id='word_1_705' title='bbox 2872 4272 3117 4328; x_wconf 92' lang='lat' dir='ltr'><strong>codicem</strong></span> <span class='ocrx_word' id='word_1_706' title='bbox 3169 4272 3320 4326; x_wconf 92' lang='lat' dir='ltr'><strong>illum</strong></span> <span class='ocrx_word' id='word_1_707' title='bbox 3360 4269 3568 4326; x_wconf 63' lang='lat' dir='ltr'><strong>sarculo</strong></span> <span class='ocrx_word' id='word_1_708' title='bbox 3619 4270 3776 4326; x_wconf 83' lang='lat' dir='ltr'><strong>tertio</strong></span> 
     </span>
    </p>
   </div>
   <div class='ocr_carea' id='block_1_104' title="bbox 2179 4363 3777 4438">
    <p class='ocr_par' dir='ltr' id='par_1_104' title="bbox 2179 4363 3777 4438">
     <span class='ocr_line' id='line_1_104' title="bbox 2179 4363 3777 4438; baseline -0.005 -12"><span class='ocrx_word' id='word_1_709' title='bbox 2179 4370 2390 4426; x_wconf 90' lang='lat' dir='ltr'><strong>decimo</strong></span> <span class='ocrx_word' id='word_1_710' title='bbox 2420 4368 2563 4423; x_wconf 92' lang='lat' dir='ltr'><strong>baud</strong></span> <span class='ocrx_word' id='word_1_711' title='bbox 2593 4367 2945 4438; x_wconf 87' lang='lat' dir='ltr'><strong>posteriorem</strong></span> <span class='ocrx_word' id='word_1_712' title='bbox 2969 4380 3129 4432; x_wconf 87' lang='lat' dir='ltr'><strong>esse;</strong></span> <span class='ocrx_word' id='word_1_713' title='bbox 3161 4364 3351 4420; x_wconf 89' lang='lat' dir='ltr'><strong>eadem</strong></span> <span class='ocrx_word' id='word_1_714' title='bbox 3378 4379 3478 4436; x_wconf 91' lang='lat' dir='ltr'><strong>pro</strong></span> <span class='ocrx_word' id='word_1_715' title='bbox 3503 4363 3777 4420; x_wconf 51' lang='lat' dir='ltr'><strong>Marchir</strong></span> 
     </span>
    </p>
   </div>
   <div class='ocr_carea' id='block_1_105' title="bbox 2179 4456 3775 4529">
    <p class='ocr_par' dir='ltr' id='par_1_105' title="bbox 2179 4456 3775 4529">
     <span class='ocr_line' id='line_1_105' title="bbox 2179 4456 3775 4529; baseline -0.003 -13"><span class='ocrx_word' id='word_1_716' title='bbox 2179 4461 2332 4516; x_wconf 90' lang='lat' dir='ltr'><strong>nensi</strong></span> <span class='ocrx_word' id='word_1_717' title='bbox 2360 4459 2650 4516; x_wconf 85' lang='lat' dir='ltr'><strong>sententia.</strong></span> <span class='ocrx_word' id='word_1_718' title='bbox 2681 4457 2795 4515; x_wconf 82' lang='lat' dir='ltr'><strong>Hoc</strong></span> <span class='ocrx_word' id='word_1_719' title='bbox 2818 4466 3000 4513; x_wconf 90' lang='lat' dir='ltr'><strong>autem</strong></span> <span class='ocrx_word' id='word_1_720' title='bbox 3022 4456 3405 4529; x_wconf 86' lang='lat' dir='ltr'><strong>Aquicinctino</strong></span> <span class='ocrx_word' id='word_1_721' title='bbox 3434 4467 3639 4511; x_wconf 73' lang='lat' dir='ltr'><strong>nostno</strong></span> <span class='ocrx_word' id='word_1_722' title='bbox 3661 4471 3775 4513; x_wconf 82' lang='lat' dir='ltr'><strong>cum</strong></span> 
     </span>
    </p>
   </div>
   <div class='ocr_carea' id='block_1_106' title="bbox 2179 4549 3775 4625">
    <p class='ocr_par' dir='ltr' id='par_1_106' title="bbox 2179 4549 3775 4625">
     <span class='ocr_line' id='line_1_106' title="bbox 2179 4549 3775 4625; baseline -0.002 -15"><span class='ocrx_word' id='word_1_723' title='bbox 2179 4553 2564 4625; x_wconf 83' lang='lat' dir='ltr'><strong>Autuerpiensi</strong></span> <span class='ocrx_word' id='word_1_724' title='bbox 2599 4550 2805 4621; x_wconf 85' lang='lat' dir='ltr'><strong>majore</strong></span> <span class='ocrx_word' id='word_1_725' title='bbox 2854 4561 2911 4607; x_wconf 91' lang='lat' dir='ltr'><strong>et</strong></span> <span class='ocrx_word' id='word_1_726' title='bbox 2958 4549 3316 4622; x_wconf 81' lang='lat' dir='ltr'><strong>Rosweydino</strong></span> <span class='ocrx_word' id='word_1_727' title='bbox 3350 4564 3653 4607; x_wconf 88' lang='lat' dir='ltr'><strong>commune</strong></span> <span class='ocrx_word' id='word_1_728' title='bbox 3680 4558 3775 4613; x_wconf 78' lang='lat' dir='ltr'><strong>est,</strong></span> 
     </span>
    </p>
   </div>
   <div class='ocr_carea' id='block_1_107' title="bbox 2185 4639 3776 4716">
    <p class='ocr_par' dir='ltr' id='par_1_107' title="bbox 2185 4639 3776 4716">
     <span class='ocr_line' id='line_1_107' title="bbox 2185 4639 3776 4716; baseline -0.003 -17"><span class='ocrx_word' id='word_1_729' title='bbox 2185 4645 2329 4716; x_wconf 88' lang='lat' dir='ltr'><strong>quod</strong></span> <span class='ocrx_word' id='word_1_730' title='bbox 2360 4645 2448 4699; x_wconf 90' lang='lat' dir='ltr'><strong>ubi</strong></span> <span class='ocrx_word' id='word_1_731' title='bbox 2490 4643 2770 4699; x_wconf 88' lang='lat' dir='ltr'><strong>Pratensis</strong></span> <span class='ocrx_word' id='word_1_732' title='bbox 2798 4658 2827 4696; x_wconf 90' lang='lat' dir='ltr'><strong>a</strong></span> <span class='ocrx_word' id='word_1_733' title='bbox 2853 4640 3075 4711; x_wconf 88' lang='lat' dir='ltr'><strong>reliquis</strong></span> <span class='ocrx_word' id='word_1_734' title='bbox 3104 4640 3302 4704; x_wconf 84' lang='lat' dir='ltr'><strong>deviat,</strong></span> <span class='ocrx_word' id='word_1_735' title='bbox 3336 4639 3427 4693; x_wconf 90' lang='lat' dir='ltr'><strong>hic</strong></span> <span class='ocrx_word' id='word_1_736' title='bbox 3477 4653 3613 4695; x_wconf 88' lang='lat' dir='ltr'><strong>cum</strong></span> <span class='ocrx_word' id='word_1_737' title='bbox 3647 4642 3776 4695; x_wconf 82' lang='lat' dir='ltr'><strong>duo-</strong></span> 
     </span>
    </p>
   </div>
   <div class='ocr_carea' id='block_1_108' title="bbox 2187 4727 3777 4800">
    <p class='ocr_par' dir='ltr' id='par_1_108' title="bbox 2187 4727 3777 4800">
     <span class='ocr_line' id='line_1_108' title="bbox 2187 4727 3777 4800; baseline -0.006 -9"><span class='ocrx_word' id='word_1_738' title='bbox 2187 4736 2286 4791; x_wconf 92' lang='lat' dir='ltr'><strong>bus</strong></span> <span class='ocrx_word' id='word_1_739' title='bbox 2311 4733 2486 4791; x_wconf 87' lang='lat' dir='ltr'><strong>solitis</strong></span> <span class='ocrx_word' id='word_1_740' title='bbox 2515 4734 2679 4789; x_wconf 88' lang='lat' dir='ltr'><strong>sociis</strong></span> <span class='ocrx_word' id='word_1_741' title='bbox 2719 4733 2945 4788; x_wconf 85' lang='lat' dir='ltr'><strong>classcm</strong></span> <span class='ocrx_word' id='word_1_742' title='bbox 3005 4730 3149 4785; x_wconf 92' lang='lat' dir='ltr'><strong>illam</strong></span> <span class='ocrx_word' id='word_1_743' title='bbox 3196 4727 3529 4800; x_wconf 85' lang='lat' dir='ltr'><strong>peculiarem</strong></span> <span class='ocrx_word' id='word_1_744' title='bbox 3570 4730 3777 4785; x_wconf 86' lang='lat' dir='ltr'><strong>consti-</strong></span> 
     </span>
    </p>
   </div>
   <div class='ocr_carea' id='block_1_109' title="bbox 2186 4818 3781 4894">
    <p class='ocr_par' dir='ltr' id='par_1_109' title="bbox 2186 4818 3781 4894">
     <span class='ocr_line' id='line_1_109' title="bbox 2186 4818 3781 4894; baseline -0.001 -16"><span class='ocrx_word' id='word_1_745' title='bbox 2186 4832 2320 4888; x_wconf 90' lang='lat' dir='ltr'><strong>tuat,</strong></span> <span class='ocrx_word' id='word_1_746' title='bbox 2372 4823 2439 4878; x_wconf 91' lang='lat' dir='ltr'><strong>de</strong></span> <span class='ocrx_word' id='word_1_747' title='bbox 2482 4839 2588 4894; x_wconf 89' lang='lat' dir='ltr'><strong>qua</strong></span> <span class='ocrx_word' id='word_1_748' title='bbox 2624 4823 2737 4893; x_wconf 89' lang='lat' dir='ltr'><strong>jam</strong></span> <span class='ocrx_word' id='word_1_749' title='bbox 2784 4837 2925 4892; x_wconf 61' lang='lat' dir='ltr'><strong>saepe</strong></span> <span class='ocrx_word' id='word_1_750' title='bbox 2978 4818 3229 4890; x_wconf 88' lang='lat' dir='ltr'><strong>superius</strong></span> <span class='ocrx_word' id='word_1_751' title='bbox 3274 4827 3440 4889; x_wconf 85' lang='lat' dir='ltr'><strong>atque</strong></span> <span class='ocrx_word' id='word_1_752' title='bbox 3484 4819 3542 4874; x_wconf 91' lang='lat' dir='ltr'><strong>in</strong></span> <span class='ocrx_word' id='word_1_753' title='bbox 3586 4819 3781 4877; x_wconf 81' lang='lat' dir='ltr'><strong>Obser-</strong></span> 
     </span>
    </p>
   </div>
   <div class='ocr_carea' id='block_1_110' title="bbox 2184 4909 3781 4982">
    <p class='ocr_par' dir='ltr' id='par_1_110' title="bbox 2184 4909 3781 4982">
     <span class='ocr_line' id='line_1_110' title="bbox 2184 4909 3781 4982; baseline -0.003 -10"><span class='ocrx_word' id='word_1_754' title='bbox 2184 4916 2495 4973; x_wconf 89' lang='lat' dir='ltr'><strong>vationibus</strong></span> <span class='ocrx_word' id='word_1_755' title='bbox 2570 4915 2773 4972; x_wconf 90' lang='lat' dir='ltr'><strong>nostris</strong></span> <span class='ocrx_word' id='word_1_756' title='bbox 2831 4913 3156 4971; x_wconf 87' lang='lat' dir='ltr'><strong>Usuardinis</strong></span> <span class='ocrx_word' id='word_1_757' title='bbox 3216 4909 3539 4982; x_wconf 67' lang='lat' dir='ltr'><strong>frequenter</strong></span> <span class='ocrx_word' id='word_1_758' title='bbox 3604 4926 3781 4969; x_wconf 78' lang='lat' dir='ltr'><strong>sermo</strong></span> 
     </span>
    </p>
   </div>
   <div class='ocr_carea' id='block_1_111' title="bbox 2183 5009 2435 5065">
    <p class='ocr_par' dir='ltr' id='par_1_111' title="bbox 2183 5009 2435 5065">
     <span class='ocr_line' id='line_1_111' title="bbox 2183 5009 2435 5065; baseline -0.012 0"><span class='ocrx_word' id='word_1_759' title='bbox 2183 5009 2435 5065; x_wconf 85' lang='lat' dir='ltr'><strong>recurrit.</strong></span> 
     </span>
    </p>
   </div>
   <div class='ocr_carea' id='block_1_112' title="bbox 2250 5093 3781 5168">
    <p class='ocr_par' dir='ltr' id='par_1_112' title="bbox 2250 5093 3781 5168">
     <span class='ocr_line' id='line_1_112' title="bbox 2250 5093 3781 5168; baseline -0.007 -11"><span class='ocrx_word' id='word_1_760' title='bbox 2250 5101 2376 5157; x_wconf 70' lang='lat'><strong>225.</strong></span> <span class='ocrx_word' id='word_1_761' title='bbox 2407 5098 2505 5156; x_wconf 81' lang='lat' dir='ltr'><strong>His</strong></span> <span class='ocrx_word' id='word_1_762' title='bbox 2522 5099 2777 5157; x_wconf 89' lang='lat' dir='ltr'><strong>omnibus</strong></span> <span class='ocrx_word' id='word_1_763' title='bbox 2799 5096 3050 5168; x_wconf 80' lang='lat' dir='ltr'><strong>subiungi</strong></span> <span class='ocrx_word' id='word_1_764' title='bbox 3076 5094 3256 5161; x_wconf 89' lang='lat' dir='ltr'><strong>debet,</strong></span> <span class='ocrx_word' id='word_1_765' title='bbox 3281 5093 3329 5150; x_wconf 88' lang='lat' dir='ltr'><strong>si</strong></span> <span class='ocrx_word' id='word_1_766' title='bbox 3360 5109 3472 5149; x_wconf 92' lang='lat' dir='ltr'><strong>non</strong></span> <span class='ocrx_word' id='word_1_767' title='bbox 3498 5094 3781 5164; x_wconf 80' lang='lat' dir='ltr'><strong>puritatis,</strong></span> 
     </span>
    </p>
   </div>
   <div class='ocr_carea' id='block_1_113' title="bbox 2181 5184 3780 5263">
    <p class='ocr_par' dir='ltr' id='par_1_113' title="bbox 2181 5184 3780 5263">
     <span class='ocr_line' id='line_1_113' title="bbox 2181 5184 3780 5263; baseline -0.006 -16"><span class='ocrx_word' id='word_1_768' title='bbox 2181 5200 2277 5247; x_wconf 89' lang='lat' dir='ltr'><strong>aut</strong></span> <span class='ocrx_word' id='word_1_769' title='bbox 2302 5190 2690 5263; x_wconf 87' lang='lat' dir='ltr'><strong>simplicitatis,</strong></span> <span class='ocrx_word' id='word_1_770' title='bbox 2724 5188 2915 5244; x_wconf 88' lang='lat' dir='ltr'><strong>saltem</strong></span> <span class='ocrx_word' id='word_1_771' title='bbox 2938 5186 3278 5257; x_wconf 86' lang='lat' dir='ltr'><strong>antiquitatis</strong></span> <span class='ocrx_word' id='word_1_772' title='bbox 3303 5184 3452 5255; x_wconf 88' lang='lat' dir='ltr'><strong>jure,</strong></span> <span class='ocrx_word' id='word_1_773' title='bbox 3483 5194 3647 5240; x_wconf 79' lang='lat' dir='ltr'><strong>vetus</strong></span> <span class='ocrx_word' id='word_1_774' title='bbox 3689 5199 3780 5238; x_wconf 79' lang='lat' dir='ltr'><strong>eo-</strong></span> 
     </span>
    </p>
   </div>
   <div class='ocr_carea' id='block_1_114' title="bbox 2182 5277 3782 5351">
    <p class='ocr_par' dir='ltr' id='par_1_114' title="bbox 2182 5277 3782 5351">
     <span class='ocr_line' id='line_1_114' title="bbox 2182 5277 3782 5351; baseline -0.006 -11"><span class='ocrx_word' id='word_1_775' title='bbox 2182 5284 2286 5343; x_wconf 81' lang='lat' dir='ltr'><strong>dex</strong></span> <span class='ocrx_word' id='word_1_776' title='bbox 2314 5283 2487 5340; x_wconf 90' lang='lat' dir='ltr'><strong>sancti</strong></span> <span class='ocrx_word' id='word_1_777' title='bbox 2513 5280 2779 5347; x_wconf 81' lang='lat' dir='ltr'><strong>Ricbarii,</strong></span> <span class='ocrx_word' id='word_1_778' title='bbox 2805 5296 2966 5351; x_wconf 90' lang='lat' dir='ltr'><strong>quem</strong></span> <span class='ocrx_word' id='word_1_779' title='bbox 3000 5295 3029 5334; x_wconf 91' lang='lat' dir='ltr'><strong>a</strong></span> <span class='ocrx_word' id='word_1_780' title='bbox 3053 5278 3223 5350; x_wconf 92' lang='lat' dir='ltr'><strong>priori</strong></span> <span class='ocrx_word' id='word_1_781' title='bbox 3246 5277 3487 5333; x_wconf 69' lang='grc' dir='ltr'><strong>ρωποι)Ῐί</strong></span> <span class='ocrx_word' id='word_1_782' title='bbox 3511 5278 3661 5332; x_wconf 89' lang='lat' dir='ltr'><strong>illius</strong></span> <span class='ocrx_word' id='word_1_783' title='bbox 3691 5292 3782 5331; x_wconf 89' lang='lat' dir='ltr'><strong>no-</strong></span> 
     </span>
    </p>
   </div>
   <div class='ocr_carea' id='block_1_115' title="bbox 2181 5369 3780 5443">
    <p class='ocr_par' dir='ltr' id='par_1_115' title="bbox 2181 5369 3780 5443">
     <span class='ocr_line' id='line_1_115' title="bbox 2181 5369 3780 5443; baseline -0.008 -10"><span class='ocrx_word' id='word_1_784' title='bbox 2181 5378 2331 5433; x_wconf 89' lang='lat' dir='ltr'><strong>mine</strong></span> <span class='ocrx_word' id='word_1_785' title='bbox 2357 5374 2722 5431; x_wconf 83' lang='lat' dir='ltr'><strong>Centulensem</strong></span> <span class='ocrx_word' id='word_1_786' title='bbox 2753 5372 3126 5443; x_wconf 89' lang='lat' dir='ltr'><strong>indigitamus,</strong></span> <span class='ocrx_word' id='word_1_787' title='bbox 3178 5378 3235 5424; x_wconf 91' lang='lat' dir='ltr'><strong>et</strong></span> <span class='ocrx_word' id='word_1_788' title='bbox 3283 5369 3505 5434; x_wconf 89' lang='lat' dir='ltr'><strong>merito,</strong></span> <span class='ocrx_word' id='word_1_789' title='bbox 3538 5384 3666 5424; x_wconf 90' lang='lat' dir='ltr'><strong>cum</strong></span> <span class='ocrx_word' id='word_1_790' title='bbox 3715 5381 3780 5421; x_wconf 85' lang='lat' dir='ltr'><strong>ex</strong></span> 
     </span>
    </p>
   </div>
   <div class='ocr_carea' id='block_1_116' title="bbox 2181 5460 3783 5537">
    <p class='ocr_par' dir='ltr' id='par_1_116' title="bbox 2181 5460 3783 5537">
     <span class='ocr_line' id='line_1_116' title="bbox 2181 5460 3783 5537; baseline -0.007 -11"><span class='ocrx_word' id='word_1_791' title='bbox 2181 5487 2237 5527; x_wconf 76' lang='grc' dir='ltr'>ιν</span> <span class='ocrx_word' id='word_1_792' title='bbox 2267 5468 2432 5532; x_wconf 85' lang='lat' dir='ltr'><strong>Junii,</strong></span> <span class='ocrx_word' id='word_1_793' title='bbox 2462 5483 2585 5521; x_wconf 67' lang='lat' dir='ltr'><strong>xxv:</strong></span> <span class='ocrx_word' id='word_1_794' title='bbox 2603 5465 2854 5537; x_wconf 78' lang='lat' dir='ltr'><strong>Augusti,</strong></span> <span class='ocrx_word' id='word_1_795' title='bbox 2883 5481 2921 5521; x_wconf 81' lang='grc' dir='ltr'><strong>ιι</strong></span> <span class='ocrx_word' id='word_1_796' title='bbox 2973 5462 3289 5519; x_wconf 86' lang='lat' dir='ltr'><strong>Decembris</strong></span> <span class='ocrx_word' id='word_1_797' title='bbox 3327 5471 3383 5517; x_wconf 91' lang='lat' dir='ltr'><strong>et</strong></span> <span class='ocrx_word' id='word_1_798' title='bbox 3424 5461 3549 5516; x_wconf 81' lang='lat' dir='ltr'><strong>aliis</strong></span> <span class='ocrx_word' id='word_1_799' title='bbox 3591 5460 3783 5515; x_wconf 75' lang='lat' dir='ltr'><strong>diebus</strong></span> 
     </span>
    </p>
   </div>
   <div class='ocr_carea' id='block_1_117' title="bbox 2179 5549 3777 5625">
    <p class='ocr_par' dir='ltr' id='par_1_117' title="bbox 2179 5549 3777 5625">
     <span class='ocr_line' id='line_1_117' title="bbox 2179 5549 3777 5625; baseline -0.01 -7"><span class='ocrx_word' id='word_1_800' title='bbox 2179 5560 2385 5618; x_wconf 90' lang='lat' dir='ltr'><strong>clarum</strong></span> <span class='ocrx_word' id='word_1_801' title='bbox 2408 5559 2479 5616; x_wconf 91' lang='lat' dir='ltr'><strong>sit</strong></span> <span class='ocrx_word' id='word_1_802' title='bbox 2500 5558 2574 5613; x_wconf 92' lang='lat' dir='ltr'><strong>ibi</strong></span> <span class='ocrx_word' id='word_1_803' title='bbox 2596 5556 2724 5611; x_wconf 90' lang='lat' dir='ltr'><strong>olim</strong></span> <span class='ocrx_word' id='word_1_804' title='bbox 2759 5554 3025 5625; x_wconf 88' lang='lat' dir='ltr'><strong>scriptum</strong></span> <span class='ocrx_word' id='word_1_805' title='bbox 3051 5560 3214 5623; x_wconf 88' lang='lat' dir='ltr'><strong>atque</strong></span> <span class='ocrx_word' id='word_1_806' title='bbox 3240 5559 3566 5621; x_wconf 86' lang='lat' dir='ltr'><strong>usurpatum</strong></span> <span class='ocrx_word' id='word_1_807' title='bbox 3587 5549 3777 5604; x_wconf 82' lang='lat' dir='ltr'><strong>fuisse.</strong></span> 
     </span>
    </p>
   </div>
   <div class='ocr_carea' id='block_1_118' title="bbox 2181 5640 3780 5718">
    <p class='ocr_par' dir='ltr' id='par_1_118' title="bbox 2181 5640 3780 5718">
     <span class='ocr_line' id='line_1_118' title="bbox 2181 5640 3780 5718; baseline -0.009 -11"><span class='ocrx_word' id='word_1_808' title='bbox 2181 5652 2342 5707; x_wconf 88' lang='lat' dir='ltr'><strong>Manu</strong></span> <span class='ocrx_word' id='word_1_809' title='bbox 2388 5665 2485 5706; x_wconf 90' lang='lat' dir='ltr'><strong>sua</strong></span> <span class='ocrx_word' id='word_1_810' title='bbox 2529 5647 2780 5718; x_wconf 89' lang='lat' dir='ltr'><strong>ascripsit</strong></span> <span class='ocrx_word' id='word_1_811' title='bbox 2827 5643 3166 5715; x_wconf 79' lang='lat' dir='ltr'><strong>Rosweydus</strong></span> <span class='ocrx_word' id='word_1_812' title='bbox 3214 5656 3273 5697; x_wconf 88' lang='lat' dir='ltr'><strong>se</strong></span> <span class='ocrx_word' id='word_1_813' title='bbox 3329 5640 3780 5713; x_wconf 76' lang='lat' dir='ltr'><strong>Martyrologium</strong></span> 
     </span>
    </p>
   </div>
   <div class='ocr_carea' id='block_1_119' title="bbox 2181 5730 3782 5803">
    <p class='ocr_par' dir='ltr' id='par_1_119' title="bbox 2181 5730 3782 5803">
     <span class='ocr_line' id='line_1_119' title="bbox 2181 5730 3782 5803; baseline -0.009 -5"><span class='ocrx_word' id='word_1_814' title='bbox 2181 5759 2336 5798; x_wconf 91' lang='lat' dir='ltr'><strong>suum</strong></span> <span class='ocrx_word' id='word_1_815' title='bbox 2370 5742 2611 5796; x_wconf 76' lang='lat' dir='ltr'><strong>habuisse</strong></span> <span class='ocrx_word' id='word_1_816' title='bbox 2662 5755 2726 5793; x_wconf 83' lang='lat' dir='ltr'><strong>ea:</strong></span> <span class='ocrx_word' id='word_1_817' title='bbox 2773 5736 2985 5791; x_wconf 80' lang='lat' dir='ltr'><strong>abbatia</strong></span> <span class='ocrx_word' id='word_1_818' title='bbox 3039 5732 3103 5789; x_wconf 89' lang='lat' dir='ltr'><strong>S.</strong></span> <span class='ocrx_word' id='word_1_819' title='bbox 3148 5730 3380 5799; x_wconf 84' lang='lat' dir='ltr'><strong>Vedasti,</strong></span> <span class='ocrx_word' id='word_1_820' title='bbox 3433 5733 3579 5788; x_wconf 84' lang='lat' dir='ltr'><strong>unde</strong></span> <span class='ocrx_word' id='word_1_821' title='bbox 3624 5732 3782 5803; x_wconf 82' lang='lat' dir='ltr'><strong>prius</strong></span> 
     </span>
    </p>
   </div>
   <div class='ocr_carea' id='block_1_120' title="bbox 2181 5821 3783 5902">
    <p class='ocr_par' dir='ltr' id='par_1_120' title="bbox 2181 5821 3783 5902">
     <span class='ocr_line' id='line_1_120' title="bbox 2181 5821 3783 5902; baseline -0.007 -14"><span class='ocrx_word' id='word_1_822' title='bbox 2181 5833 2508 5902; x_wconf 83' lang='lat' dir='ltr'><strong>ccgraphum</strong></span> <span class='ocrx_word' id='word_1_823' title='bbox 2534 5832 2634 5887; x_wconf 84' lang='lat' dir='ltr'><strong>sibi</strong></span> <span class='ocrx_word' id='word_1_824' title='bbox 2661 5826 2897 5886; x_wconf 86' lang='lat' dir='ltr'><strong>describi</strong></span> <span class='ocrx_word' id='word_1_825' title='bbox 2929 5834 3241 5891; x_wconf 86' lang='lat' dir='ltr'><strong>curaverat,</strong></span> <span class='ocrx_word' id='word_1_826' title='bbox 3269 5823 3415 5895; x_wconf 90' lang='lat' dir='ltr'><strong>quod</strong></span> <span class='ocrx_word' id='word_1_827' title='bbox 3470 5823 3615 5879; x_wconf 89' lang='lat' dir='ltr'><strong>inter</strong></span> <span class='ocrx_word' id='word_1_828' title='bbox 3665 5821 3783 5877; x_wconf 69' lang='lat' dir='ltr'><strong>colo</strong></span> 
     </span>
    </p>
   </div>
  </div>
