3936 6348
77 386 224 444 569
1471 372 2006 437 PROLEGOMENA.
2514 401 2520 407 -
3272 351 3377 407 570

82 502 256 556 lecta
280 498 673 568 manuscripts,
702 496 770 552 ad
792 494 993 551 Bedam
1029 468 1379 563 pertinentia,
1406 490 1703 560 repositum
1729 492 1780 552 Α
1809 488 2193 543 nominandum
2222 486 2428 543 censui.
2454 483 2729 556 Belgicam
2757 493 2879 536 esse
2918 482 3150 536 constat,
3178 488 3244 526 ex
3296 468 3378 524 fe-

86 592 325 650 inveni.
348 562 797 651 Fefellit-titulus,
833 586 936 640 hoc
964 562 1124 638 modo
1148 595 1439 652 expressus
1469 596 1483 633 :
1512 578 1704 648 Incipit
1807 580 1909 635 slis
1938 579 2170 649 propriis
2219 579 2271 633 in
2311 576 2634 632 Kalendario
2672 571 2922 643 signatis,
2953 567 3042 623 ubi
3073 582 3107 620 ι
3130 562 3253 620 Julii
3283 575 3405 627 no-,

90 678 567 750 Martyrologium
594 677 882 731 secundum
907 672 1129 737 Bedam,
1157 688 1250 742 per
1267 671 1394 725 anni
1428 668 1702 723 circulum.
1805 681 1984 727 tante:-
2046 671 2265 743 ponitur
2285 711 2300 737 ,
2362 669 2622 741 singulari
2686 665 2916 722 rubricae
2982 657 3334 733 praerogativa
3361 695 3379 721 ,
3464 682 3469 685 ι

88 772 257 827 llinc
271 745 478 825 factum
504 779 562 822 ut
588 781 618 820 a
645 764 902 819 Bollando
926 760 1258 831 praafatiunis
1279 757 1550 829 generalis
1578 772 1700 827 pag.
1807 761 1870 818 S,
1900 761 2229 832 Αυιειθεγρα,
2253 776 2375 830 quas,
2402 775 2526 827 cum
2580 758 2636 813 in
2686 762 2869 811 monte
2907 748 3193 807 Btandinio
3231 745 3383 801 [θειί-

91 878 288 918 XLVI“
313 861 489 932 P'imo
516 859 636 914 ιοθο
660 858 801 911 im"
843 855 1001 910 Βθάτθ
1042 851 1371 922 θιθηῖριίπίθ
1402 848 1700 920 τεροείιιιηι
1804 857 1926 912 vius
1949 854 2177 919 colatur,
2202 852 2563 924 suspicionem
2588 849 2807 921 ingerit.
2835 854 2930 902 aut
2959 846 3012 900 in
3052 832 3380 902 ea‘abbatia,

92 956 209 1019 sit,
233 929 502 1008 extractis
526 964 623 1005 sex
649 948 839 1019 primis
880 946 1007 1000 anni
1037 943 1245 1007 diebus,
1285 943 1410 996 licet
1438 956 1469 995 a
1522 938 1704 1008 vigilia
1806 957 1901 1003 θυι
1928 947 2116 1003 sane,“
2145 944 2386 1002 Gandavi
2416 943 2655 999 codicem
2684 941 2813 995 οιίηι
2853 942 3171 1006 usurpatum
3197 929 3381 984 fuisse,

98 1017 435 1099 Nativitatis
459 1017 693 1111 scriptor
721 1035 1159 1109 Martyrologium
1190 1034 1520 1090 esordiatur.
1543 1031 1708 1085 Evin-
1806 1038 2041 1094 Aglaien,
2071 1035 2362 1092 scrutando
2388 1033 2584 1105 reperi,
2610 1046 2733 1086 nam
2765 1030 2912 1084 ξηιθι-
2938 1038 3103 1097 ρει-νε
3128 1017 3383 1092 opuscula

96 1144 252 1190 cunt
286 1133 387 1190 soli
412 1132 499 1188 isti
528 1110 645 1186 dies
668 1129 801 1185 nihil
840 1129 893 1183 in
935 1135 1049 1195 toto
1080 1125 1171 1181 illo
1201 1124 1582 1195 Martyrologio
1611 1122 1709 1176 ha-

1840 1128 2188 1201 lartyrologio
2230 1123 2537 1194 subiuncta,
2585 1130 2729 1186 ante,
2778 1115 3110 1174 Provinciale
3151 1110 3386 1167 omnium

100 1227 234 1282 beri
263 1225 407 1296 quod
438 1223 504 1278 ad
530 1222 730 1277 Bedam
750 1220 860 1274 ullo
886 1219 1046 1273 modo
1089 1215 1379 1286 pertineat.
1424 1214 1555 1269 Mihi
1594 1212 1708 1267 evi-

1840 1223 2033 1275 artium
2054 1219 2257 1285 mundi,
2283 1219 2335 1273 in
2355 1215 2714 1288 explicatione
2738 1209 3127 1267 versiculorum
3152 1202 3386 1259 Pascha-

101 1320 260 1375 dens
329 1325 414 1373 εει
470 1315 810 1385 scriptorem.
883 1310 1129 1381 (ιιιίείιιιὶε
1167 1309 1349 1374 fuerit.
1400 1301 1709 1363 Usuardum
1806 1311 1960 1376 lium,
1986 1310 2257 1366 indicatur
2277 1323 2450 1364 annus
2478 1306 2640 1371 1425,
2666 1304 2850 1360 eadem
2879 1315 3038 1355 manu
3062 1312 3166 1368 qua
3188 1303 3386 1351 caetera

105 1410 383 1465 habuisse
408 1422 520 1477 pra:
544 1405 736 1469 oculis,
758 1417 919 1473 quem
947 1416 1046 1472 pro
1083 1415 1181 1456 suo
1207 1399 1363 1477 libitu
1411 1407 1506 1453 aut
1553 1411 1706 1452 com-

1845 1403 1987 1458 mnia
2016 1401 2304 1471 ascriptus.
2341 1398 2555 1454 Codicis
2582 1395 2920 1466 splendorem
2950 1399 3006 1447 et
3038 1385 3389 1477 magnificen-

106 1498 286 1554 modo
311 1468 555 1558 mutavit,
590 1468 872 1564 corripuit,
897 1468 1269 1562 interpolavit,
1295 1490 1349 1546 in
1384 1489 1436 1544 id
1474 1488 1708 1543 maxime
1807 1494 1938 1548 tiam
1968 1508 2035 1547 ex
2080 1507 2144 1547 eo
2165 1468 2462 1560 intelligas,
2498 1487 2641 1558 quod
2691 1484 2916 1556 singula:
2958 1468 3156 1545 facies,
3176 1476 3386 1546 dierum

110 1589 386 1651 intentus,
420 1594 477 1640 ut
497 1585 739 1655 quotidie
762 1582 1018 1652 pleraque
1050 1581 1411 1637 abbreviaret.
1454 1577 1571 1633 Jam
1597 1577 1706 1633 dixi
1808 1583 2141 1654 singulorum
2196 1577 2513 1637 Usum-diuis
2564 1576 2802 1632 tempus
2852 1564 3387 1642 respondeam;sin-

111 1677 570 1751 Martyrologium
594 1675 838 1745 incipere
888 1689 920 1728 a
967 1673 1152 1743 vigilia
1192 1671 1539 1736 Nativitatis;
1568 1670 1708 1726 addo
1808 1675 2109 1739 ceritatem,
2150 1688 2217 1728 ex
2240 1680 2353 1726 toto
2379 1669 2561 1741 operis
2586 1667 2756 1724 nostri
2784 1666 3033 1721 decursu.

114 1772 217 1827 hic
241 1769 568 1842 principium
608 1766 710 1822 tale
753 1781 895 1831 esse,
938 1764 1064 1821 utsi
1100 1764 1353 1820 librarius
1405 1764 1612 1833 reliqua
1642 1777 1706 1817 eo

119 1864 288 1918 modo
339 1869 660 1932 prosecutus
707 1857 919 1923 fuisset,
969 1856 1166 1921 merito
1209 1856 1379 1911 codex
1428 1855 1518 1910 ille
1564 1854 1708 1909 inter

120 1953 467 2010 Usuardinos
536 1951 726 2021 prima:
795 1958 851 2004 et
914 1934 1131 2019 optimae
1177 1954 1318 2003 notae
1369 1954 1712 2018 computare-

124 2056 238 2101 tur.
1460 2030 1485 2053 '

199 2136 324 2192 226.
364 2135 447 2191 Ad
476 2134 620 2206 quod
658 2132 917 2189 saeculum
962 2130 1299 2187 reducendus
1328 2129 1419 2195 sit,
1456 2144 1521 2184 ex
1574 2127 1713 2184 scri-

127 2240 306 2302 pturae.
350 2229 510 2283 modo
550 2242 656 2283 non
710 2225 866 2282 facile
912 2233 1137 2289 statues,
1164 2223 1252 2279 hic
1285 2223 1427 2278 enim
1470 2230 1715 2277 vetusta-

130 2329 272 2381 tem,
346 2319 448 2374 nisi
493 2319 843 2374 vehementer
889 2314 1078 2381 fallor,
1126 2315 1276 2384 justo
1343 2315 1707 2384 antiquiorem

136 2407 370 2478 pratlen.
400 2408 621 2464 Pressus
668 2408 970 2472 character,
1026 2407 1159 2463 satis
1194 2406 1412 2477 elegans
1460 2415 1516 2461 et
1555 2405 1716 2476 paulo

142 2499 393 2568 grandior
439 2499 490 2553 in
536 2500 872 2569 membrana,
900 2496 1073 2552 forma
1103 2506 1320 2567 quarta,
1351 2497 1404 2551 in
1450 2496 1718 2566 principio

140 2589 370 2643 multum
395 2600 604 2656 exesus,
624 2589 880 2645 saeculum
902 2604 977 2643 xn
1004 2588 1172 2643 ferme
1203 2603 1394 2661 sapere
1420 2587 1717 2652 videretur,

137 2679 244 2734 nisi
268 2679 339 2734 ibi
365 2678 595 2750 legerem
629 2679 696 2735 ad
719 2695 770 2734 ιν
802 2678 920 2733 Kal.
950 2677 1100 2743 Maii,
1128 2693 1222 2733 seu
1260 2670 1433 2732 mm
1475 2669 1713 2747 Aprilis:

1738 1836 1783 1897 Β
1878 1808 2005 1863 228.
2045 1805 2426 1876 Antuerpiensi
2472 1803 2559 1859 isti
2610 1801 2849 1857 maximo
2886 1808 2978 1853 aut
3025 1809 3247 1865 compar
3292 1798 3388 1846 aut

1809 1901 2089 1974 proximus
2120 1908 2205 1954 est
2238 1896 2515 1953 Usuardus
2549 1892 2949 1964 Ultrajectinus,
2979 1888 3150 1943 forma
3191 1891 3387 1954 quarta
3471 1886 3481 1906 '

1810 2005 1865 2051 et
1893 1996 2008 2065 ipse
2038 1992 2418 2048 membraneus
2441 2005 2504 2044 ac
2529 1987 2697 2042 nitide
2726 1984 2981 2054 scriptus,
3007 1980 3072 2035 ad
3097 1977 3250 2045 cujus
3278 1973 3391 2029 cal-

1811 2103 1951 2153 cem,
1975 2095 2100 2141 ante
2122 2088 2396 2140 variarum
2441 2078 2877 2136 benedictionnm
2908 2063 3305 2141 collectionem,
3337 2071 3394 2117 et

1812 2181 2047 2253 patriam
2084 2194 2235 2234 suam
2258 2187 2312 2231 et
2332 2177 2550 2231 domum
2584 2171 2855 2241 designat,
2884 2167 2970 2222 his
2995 2163 3174 2219 verbis
3210 2175 3224 2213 :
3259 2155 3391 2210 Per-

1815 2250 1939 2327 tinet
1963 2271 2030 2325 ad
2066 2270 2274 2324 domum
2300 2264 2620 2322 Clericorum
2647 2261 2707 2318 S.
2727 2257 3035 2329 Hieronymi
3056 2255 3112 2309 in
3135 2250 3392 2320 Trajecto.

1815 2364 1943 2422 Haec
1969 2360 2311 2434 cognomenti
2338 2360 2479 2414 ratio
2510 2357 2634 2421 fuit,
2658 2364 2822 2425 atque
2859 2363 2920 2406 ut
2951 2366 2982 2404 a
3018 2347 3226 2428 duobus
3278 2340 3397 2396 aliis

1823 2454 2143 2513 Usuardinis
2193 2449 2564 2521 Ultrajectinis
2616 2445 3074 2514 distingueretur,
3134 2434 3398 2505 majorem

1818 2550 1966 2605 illum
1991 2547 2282 2617 insignem,
2305 2542 2397 2614 qui
2428 2540 2529 2595 fuit
2550 2537 2791 2593 ecclesia:
2814 2535 2873 2588 Β.
2894 2531 3097 2594 Mariae,
3130 2533 3399 2597 quemque
3445 2557 3449 2563 η

1821 2640 1954 2696 tanti
2008 2616 2149 2694 fecit
2189 2632 2543 2705 Rosweydus,
2591 2628 2659 2684 ab
2710 2629 2826 2698 ipso
2875 2637 3035 2693 supra
3086 2616 3401 2673 vocavimus

136 2770 335 2825 Eodem
366 2770 450 2825 die
475 2770 784 2837 Mediolani,
812 2771 980 2825 sancti
1008 2767 1157 2824 Petri
1180 2770 1428 2839 martyris
1457 2768 1521 2822 ab
1549 2769 1717 2822 Intre-

135 2863 252 2917 ticis
277 2863 454 2917 occisi.
496 2862 628 2918 Item
677 2879 782 2919 xxv
811 2862 1043 2935 Augusti
1071 2882 1084 2916 :
1118 2861 1188 2916 In
1232 2858 1494 2925 Francia,
1546 2860 1717 2914 sancti

133 2952 387 3010 Ludovici
418 2957 551 3025 regis
586 2952 940 3021 Francorum,
969 2972 1032 3008 ac
1052 2953 1416 3026 gloriosissimi
1455 2952 1720 3022 confesso-

134 3045 230 3112 ris,
260 3061 357 3109 xu,
391 3043 460 3099 lc.
511 3047 566 3099 in
620 3062 735 3116 cap.
777 3043 903 3101 Hum
930 3046 1077 3101 enim
1129 3045 1291 3116 plane
1318 3044 1547 3100 innuunt
1584 3042 1723 3099 scri-

135 3149 286 3210 ptum
317 3140 581 3196 duntaxat
609 3138 775 3197 fuisse
798 3139 897 3195 sub
941 3139 1154 3195 initium
1205 3138 1384 3196 δείξουιί
1420 3140 1531 3193 xiv.
1557 3136 1724 3206 Atqui

139 3235 256 3292 haec
284 3244 464 3291 tamen
485 3235 881 3307 qualiscunque
894 3244 1050 3298 aetas,
1074 3232 1378 3303 praecipuus
1404 3239 1490 3288 est
1513 3229 1723 3295 titulus,

135 3344 245 3399 quo
273 3329 376 3385 sibi
405 3328 814 3385 aestimationem
847 3328 1083 3398 aliquam
1125 3326 1298 3381 codex
1334 3323 1424 3380 ille
1455 3322 1726 3386 conciliat,

138 3436 264 3477 cum
296 3421 361 3476 de
380 3428 578 3477 caetero
605 3420 900 3483 rarissime,
930 3429 1292 3490 praeterquam
1341 3416 1397 3470 in
1438 3414 1727 3486 principio,

145 3512 441 3583 puritatem
473 3513 722 3582 attingat,
752 3525 966 3581 semper
990 3509 1057 3564 ad
1081 3507 1339 3564 Auctaria
1368 3503 1727 3577 rejiciendus;

140 3602 285 3658 sicut
338 3601 649 3672 plurimum,
703 3600 1032 3672 singularem
1093 3598 1322 3655 classem
1369 3597 1727 3659 constituens,

138 3693 594 3765 quemadmodum
626 3691 755 3748 facit
789 3692 956 3748 codex
986 3691 1143 3756 alter,
1174 3690 1267 3761 qui
1298 3690 1447 3747 inter.
1491 3676 1732 3743 extracta

141 3783 439 3839 collocatus
483 3793 569 3838 est
605 3783 735 3838 olim
765 3781 998 3837 cmnobii
1045 3779 1529 3837 Carthusianorum
1555 3775 1735 3832 Ultra-

135 3874 481 3945 jectensium,
514 3874 614 3929 sub
663 3873 884 3929 nomine
937 3870 1261 3938 Matriculw,
1311 3869 1453 3924 unde
1491 3867 1736 3940 quotidie

142 3965 299 4019 inter
343 3965 685 4020 accessiones
713 3963 914 4020 citatur
942 3963 1043 4018 sub
1093 3961 1249 4017 titulo
1271 3958 1571 4025 Matrieula:
1606 3956 1736 4014 Car-

141 4058 316 4112 thusw
367 4055 787 4128 Ultrajcctensis,
818 4071 940 4128 quae
968 4064 1053 4112 est
1095 4054 1258 4109 etiam
1306 4067 1500 4123 purum
1546 4059 1738 4122 putum

145 4150 384 4207 Usuardi
418 4150 818 4222 compendium,
852 4164 993 4219 saepe
1044 4147 1131 4203 vel
1173 4146 1227 4202 in
1278 4144 1394 4201 solo
1425 4152 1738 4200 sanctorum

144 4256 377 4297 numero
404 4240 681 4296 deficiens.
707 4239 934 4311 Utrique
964 4237 1019 4293 id
1042 4235 1441 4308 quodammodo
1466 4232 1737 4305 privilegii

144 4345 493 4399 concessum,
515 4342 574 4389 ut
601 4334 884 4389 amborum
920 4340 1103 4389 textus
1143 4329 1340 4402 integri
1390 4328 1580 4384 diebus
1628 4327 1739 4384 sin-

146 4423 295 4497 gulis
336 4423 677 4480 describendi
722 4422 943 4479 fuerint.

233 4571 264 4635 ς
286 4570 371 4622 IV.
393 4596 457 4609 -—-
476 4571 554 4623 De
575 4569 826 4621 codicibus
844 4580 972 4633 quos
994 4565 1170 4619 media:
1193 4569 1321 4616 note
1340 4562 1655 4643 appellamus.

216 4704 349 4759 227.
386 4696 751 4774 Seqbentibus
763 4703 1062 4767 codicibus,
1076 4698 1350 4771 plerisque
1361 4695 1607 4767 Belgicis,
1626 4676 1751 4749 me—i

147 4798 257 4855 die
267 4811 360 4853 seu
373 4796 562 4853 saltem
577 4796 849 4852 inferioris
861 4803 1001 4850 notae
1013 4792 1424 4865 appellationem
1439 4789 1748 4854 indidimus,

147 4889 298 4961 quod
316 4897 430 4944 tum
443 4887 644 4953 aetatis,
662 4896 775 4941 tum
792 4885 1111 4943 Usuardinae
1132 4881 1496 4954 simplicitatis
1514 4879 1749 4943 ratione,

147 4994 280 5037 cum
310 4977 681 5049 superioribus
708 4978 870 5047 plane
898 4973 1134 5031 conferri
1162 4988 1267 5028 non
1296 4971 1523 5043 possint.
1554 4969 1750 5024 Viden-

155 5082 253 5128 tur
300 5087 367 5126 ex
414 5070 627 5135 eodem,
680 5078 776 5123 aut
804 5067 994 5124 saltem
1048 5081 1154 5123 non
1220 5063 1448 5119 multum
1500 5057 1748 5116 dissimili

153 5162 306 5219 fonte
354 5174 700 5234 promanare,
737 5158 1072 5229 longioribus
1101 5156 1228 5211 hinc
1273 5155 1399 5209 inde
1424 5151 1614 5223 elogiis
1664 5164 1751 5205 re-

154 5256 369 5327 spersi;
395 5255 513 5319 sed,
536 5253 681 5325 quod
706 5253 923 5318 mirere,
953 5266 1058 5307 non
1085 5248 1268 5305 multis
1290 5244 1494 5302 sanctis
1523 5242 1753 5315 Belgicis

158 5357 257 5404 aut
295 5349 413 5403 aliis
442 5347 792 5420 popularibus
820 5345 987 5401 aucti.
1016 5343 1163 5399 Inter
1211 5342 1334 5406 hos,
1379 5354 1411 5392 a
1463 5335 1755 5393 voluminis

159 5444 535 5516 magnitudine
565 5458 762 5499 nomen
790 5440 1040 5504 sortitus,
1056 5436 1364 5510 praecipuus
1383 5442 1448 5489 et
1466 5431 1753 5504 speciosis-

160 5537 336 5591 simus
377 5545 461 5590 est
486 5603 488 5606 ν
513 5536 682 5591 codex
738 5533 1027 5597 maximus,
1082 5528 1312 5601 eleganti
1347 5527 1667 5582 charactere
1700 5523 1753 5578 in

167 5625 220 5679 in
247 5624 563 5680 membrana
597 5625 924 5694 descriptus,
958 5623 1109 5679 corio
1135 5619 1292 5676 suillo
1322 5618 1572 5674 vestitus.
1603 5615 1759 5687 cujus

165 5732 293 5773 eum
332 5733 521 5773 verum
569 5716 899 5772 domicilium
958 5716 1222 5771 hactenus
1276 5728 1380 5767 non
1435 5708 1757 5773 detexerim,

169 5801 598 5889 Antuerpiensem
638 5811 924 5863 maximum
981 5825 1009 5862 a
1040 5809 1290 5865 diuturna
1336 5794 1763 5860 commoratione

1821 2731 2262 2802 Roswcydinum;
2307 2726 2535 2780 alterum
2566 2736 2697 2776 vero
2742 2718 2883 2791 typis
2918 2727 3198 2776 excusem,
3246 2705 3402 2776 cujus

1822 2823 1993 2878 solum
2021 2828 2284 2875 semestre
2322 2817 2556 2888 primum
2608 2811 2674 2865 ad
2726 2824 2825 2864 nos
2866 2805 3133 2878 pervenit,
3185 2802 3259 2888 de
3292 2811 3404 2888 quo

1823 2912 2166 2970 meminimus
2188 2887 2339 2963 num.
2358 2905 2483 2969 175,
2498 2903 2776 2959 editionem
2798 2894 3199 2967 Ultrajectinam
3228 2887 3403 2958 Belgi-

1825 3021 1959 3068 cam,
1993 3005 2138 3063 hunc
2168 2998 2492 3070 simpliciter
2522 2991 2923 3064 Ultrajcctinum
2953 2984 3155 3058 placuit
3191 2994 3403 3037 nuncu-

1824 3112 1973 3169 pare.
2002 3094 2277 3165 Nusquam
2328 3097 2623 3147 occurrunt
2648 3094 2797 3142 certa
2834 3082 3011 3139 aetatis
3046 3078 3276 3143 indicia;
3329 3084 3406 3139 at,

1752 3192 1799 3255 ρ
1831 3190 1876 3244 si
1916 3196 2061 3243 recte
2110 3163 2360 3253 coniicio,
2396 3177 2780 3250 Antuerpiensi
2815 3174 3051 3231 maxime
3086 3185 3196 3225 non
3242 3163 3411 3221 multo

1831 3280 2106 3349 antiquior
2135 3290 2266 3355 esse
2296 3281 2494 3346 potest.
2528 3270 2808 3339 Quodnam
2835 3264 3050 3336 proprie
3074 3270 3287 3330 tempus
3314 3256 3411 3311 de-

1831 3373 2008 3442 signet
2033 3351 2328 3439 festivitatis
2360 3378 2633 3419 sacrorum
2658 3360 2999 3431 Stigmatum,
3046 3369 3137 3408 xvr
3167 3351 3416 3421 Septem-

1832 3440 1947 3519 bris
1972 3461 2149 3532 primo
2179 3458 2299 3512 loco
2339 3456 2537 3527 posita,
2573 3467 2679 3507 non
2712 3450 2882 3505 ausim
2930 3440 3419 3519 temerc’determi-

1832 3529 1987 3609 nare.
2015 3549 2087 3607 Ut
2112 3559 2172 3604 ut
2213 3547 2396 3610 fuerit,
2446 3542 2579 3599 nihil
2611 3539 2784 3597 codici
2826 3538 2902 3593 illi
2932 3535 3236 3591 detractum
3260 3529 3417 3584 volu-

1836 3660 1979 3709 mus,
1999 3639 2212 3698 tametsi
2238 3640 2290 3692 in
2316 3636 2457 3692 serie
2472 3632 2900 3691 Usuardinorum
2927 3622 3418 3693 manuscriptorum

1838 3735 2029 3792 media:
2059 3740 2200 3787 noue
2224 3723 2607 3797 Antuerpiensi
2637 3721 2875 3778 maximo
2894 3720 3271 3790 postponatur.

1906 3866 2032 3923 229.
2075 3864 2393 3934 Sequuntur
2421 3859 2533 3915 bini
2582 3857 2819 3920 codices,
2870 3849 3031 3909 simul
3066 3843 3335 3918 compacti
3366 3841 3423 3898 in

1839 3963 2014 4018 forma
2044 3966 2259 4029 quarta,
2291 3967 2524 4025 quorum
2563 3949 2704 4006 alter
2731 3946 2947 4019 Belgice
2981 3943 3035 3999 in
3075 3938 3418 4029 membrana,

1839 4050 1980 4106 alter
2009 4024 2202 4103 Latine
2230 4045 2285 4101 in
2314 4024 2506 4100 charta
2541 4037 2800 4097 crassiori
2830 4040 3106 4091 exaratus.
3149 4027 3277 4083 Fuit
3305 4024 3418 4088 ille,

1838 4142 1932 4215 qui
1962 4136 2252 4196 vernacula
2275 4135 2455 4207 lingua
2489 4132 2727 4203 scriptus
2754 4140 2859 4194 est,
2891 4126 2961 4182 ad
2990 4137 3150 4180 usum
3168 4120 3424 4191 sororum

1841 4208 2163 4305 regularium
2206 4227 2353 4282 locus
2402 4233 2600 4279 sanctae
2646 4220 2835 4275 Maria:
2879 4217 3037 4287 juxta
3078 4208 3337 4305 Bcgdam,
3369 4212 3432 4259 ut

1841 4295 2051 4380 notavit
2087 4318 2381 4376 Bollandus
2428 4324 2575 4370 tomo
2612 4295 3259 4389 [Januarii,tpag.'165;
3291 4295 3428 4389 alter

1843 4416 1898 4471 in
1920 4415 2071 4472 Actis
2102 4420 2327 4469 vocatur
2355 4398 2636 4465 Usuardus
2649 4385 2930 4471 Leydensis
2952 4402 3147 4450 sancta:
3177 4385 3427 4444 chiliw.

1746 4496 1815 4565 ’.ε
1844 4508 1954 4565 Nos
1983 4522 2104 4563 eam
2129 4484 2601 4561 nomenclaturam
2628 4496 2683 4551 in
2714 4501 2946 4561 utroque
2973 4483 3330 4545 servavimus,
3359 4491 3433 4533 ne

1766 4552 1821 4613 D

1852 4588 1997 4656 alias
2034 4596 2264 4667 longiori
2315 4588 2632 4665 paraphrasi
2681 4584 3055 4655 Lugdunenses
3112 4573 3432 4630 Batavorum

1853 4691 2066 4748 dicendi
2101 4695 2303 4752 essent,
2337 4695 2431 4740 aut
2457 4682 2503 4738 si
2541 4676 2862 4751 simplicius,
2902 4670 3289 4741 Lugdunenses
3333 4674 3434 4717 vo-

1853 4790 2126 4847 carentur,
2146 4778 2304 4834 facile
2336 4773 2640 4846 imperitior
2659 4766 2858 4839 aliquis
2880 4761 3201 4833 Lugdunum
3223 4751 3434 4817 Galliae,

1856 4889 1978 4931 cum
1994 4871 2254 4943 Lugdune
2265 4868 2591 4923 Batavorum
2603 4858 2977 4918 confunderet.
3000 4850 3203 4907 Ambos
3223 4846 3438 4903 codices

1857 4941 2194 5026 Usuardinos
2222 4978 2345 5018 esse
2369 4957 2605 5017 dubitari
2637 4953 2860 5011 omnino
2889 4945 3098 5020 nequit,
3133 4941 3225 5000 sed
3251 4946 3439 4995 auctos

1859 5069 2022 5132 atque
2040 5056 2312 5129 prioribus
2338 5052 2547 5109 duobus
2584 5043 2969 5117 Antuerpiensi
2994 5037 3230 5096 maximo
3257 5041 3312 5088 et
3351 5028 3441 5085 Ul-

1859 5153 2144 5224 trajectino
2168 5163 2426 5222 perquam
2452 5143 2680 5202 similes.
2708 5131 2906 5197 Fateor
2942 5131 3238 5224 Belgicum,
3270 5137 3441 5224 quan-

1860 5216 2021 5319 quam
2059 5216 2199 5299 male
2241 5216 2532 5311 depictum,
2582 5243 2969 5301 nonnunquam
3024 5221 3212 5295 purius
3260 5216 3443 5319 aliqua

1862 5304 2087 5405 referre,
2119 5338 2171 5392 in
2220 5332 2419 5405 quibus
2464 5344 2588 5386 cum
2627 5318 3019 5405 Antuerpiensi
3064 5313 3303 5370 maximo
3347 5304 3446 5361 ali.

1861 5402 2081 5505 quando
2112 5402 2406 5488 consentit,
2430 5402 2773 5475 utsuis'locis
2802 5412 3095 5467 indicatum
3122 5413 3205 5459 cst
3225 5420 3236 5456 :
3258 5411 3448 5455 verum

1864 5498 1927 5581 ea
1947 5523 2149 5596 passim
2175 5511 2283 5574 tam
2313 5514 2491 5586 exigui
2535 5506 2790 5583 momenti
2838 5510 2986 5568 sunt,
3032 5509 3090 5554 ut
3135 5498 3239 5553 hac
3282 5506 3449 5550 causa

1866 5587 2135 5686 Belgicus
2169 5607 2363 5665 Latino
2414 5601 2814 5686 pneferrignon
2856 5606 3194 5686 magnopere.
3234 5587 3447 5686 debeat.

1870 5673 2183 5761 Ubivautem
2214 5673 2514 5756 concordes
2554 5682 2790 5755 invenio,
2838 5680 3291 5757 quemadmodum
3340 5673 3457 5765 ple;

1871 5794 2100 5869 rquue
2130 5791 2489 5857 concordant,
2516 5779 2773 5843 subuno
2807 5771 2998 5837 eodem
3032 5772 3318 5847 Leydensis
3350 5767 3452 5824 noo'
