3936 6348
455 393 551 450 571

1353 387 1723 446 USUABDUS
1762 382 2144 443 MONACHUS
2185 378 2833 440 SANGERMANENSIS.

3653 383 3797 441 5‘7}

456 507 602 561 mine
634 512 924 575 utrumque
957 503 1309 576 complector.
1340 500 1543 557 Neuter
1572 500 1897 570 antiquitate
1941 512 2041 553 sae-
2069 507 2117 560 Α
2147 497 2281 550 beati
2313 494 2606 560 Francisci,
2635 495 2827 565 festum
2869 495 3042 564 majus
3076 493 3290 565 duplex.
3320 495 3452 552 Item
3486 512 3588 551 xix
3645 497 3779 550 Aa-

457 597 635 653 culum
667 612 735 650 xv
759 611 1019 667 superare
1050 597 1279 651 videtur.

526 688 653 743 250.
694 689 914 745 Duobus
953 688 1197 759 proxime
1241 687 1580 743 adumbratis
1612 685 1911 755 elegantior
1934 691 2038 743 est.

458 780 552 836 sed
575 780 836 850 ejusdem,
871 776 971 835 nisi
1001 779 1228 834 multum
1258 777 1437 845 fallor,
1482 780 1675 844 aetatis,
1708 778 1878 834 codex
1906 775 2043 831 alius

457 872 700 941 eiusdem
732 873 936 935 fomite,
975 872 1031 926 in
1074 873 1391 927 membrana
1429 872 1757 943 descriptus,
1806 886 1966 942 quem
2012 885 2043 924 a

458 962 684 1034 collegio
714 970 899 1017 nostro
927 959 1273 1027 Lovaniensi,
1320 960 1473 1030 cujus
1520 961 1650 1016 olim
1700 958 1823 1026 fuit,
1874 959 2063 1014 Lova-‘

461 1051 1073 1122 niensemindigitamu‘s.
1100 1050 1276 1122 ipsum
1293 1066 1360 1106 ex
1386 1052 1768 1121 Antuerpiensi
1788 1051 2043 1117 maxime,

456 1143 541 1198 vel
574 1141 1021 1213 Antuerpiensem
1048 1143 1348 1197 maximum
1383 1158 1451 1199 ex
1495 1144 1611 1214 ipso
1649 1149 2045 1211 transumptum

457 1237 731 1304 crederes,
779 1238 884 1295 nisi
926 1239 1122 1310 saepius
1167 1248 1480 1295 sanctorum
1543 1239 1715 1311 elogia
1770 1240 2046 1294 decurtata

457 1337 549 1384 aut
586 1330 830 1385 mutilata
878 1338 1314 1402 repraesentaret.
1378 1329 1707 1387 Submonuit
1758 1329 2049 1401 Bollandus

457 1423 653 1478 alicubi
687 1422 1126 1496 Martyrologium
1152 1425 1252 1479 hoc
1283 1424 1625 1480 Lovaniense
1665 1423 1921 1479 Ecclesia:
1951 1422 2048 1477 ali-

460 1513 613 1584 cujus
641 1513 873 1583 Belgica:
897 1514 1025 1569 olim
1064 1514 1263 1579 fuisse;
1292 1530 1415 1570 cum
1449 1523 1666 1569 sanctos
1692 1516 1870 1586 signet
1904 1514 2040 1568 dite-

460 1604 600 1659 cesis
618 1602 1049 1670 Cameracensis,
1100 1613 1159 1659 ut
1201 1602 1474 1669 Gudilam,
1529 1603 1866 1667 Rumoldum,
1913 1600 2053 1663 Gau-

457 1696 710 1766 gericum,
744 1695 1020 1752 Nicasium
1051 1705 1105 1752 et
1130 1695 1285 1753 alios.
1321 1696 1393 1751 At
1429 1696 1689 1767 postremi
1719 1697 1825 1751 duo
1848 1694 2052 1752 Usuar-

459 1787 575 1843 dini
600 1796 751 1855 sunt,
797 1797 858 1845 ut
914 1790 1142 1860 proinde
1191 1805 1220 1844 a
1267 1789 1400 1846 solis
1445 1790 1640 1845 Gudiia
1680 1799 1734 1845 et
1784 1787 2050 1844 Bumoldo

2146 585 2312 657 gusti,
2344 585 2660 640 charactere
2684 585 2849 639 etiam
2880 599 3058 639 novo:
3109 583 3335 640 Civitntc
3387 586 3779 653 Hassiliensi,

2146 678 2280 731 beati
2310 676 2559 731 Ludovici
2585 677 2811 748 episcopi
2846 686 2894 731 et
2936 678 3272 748 confessoris,
3301 679 3366 733 de
3392 680 3589 733 ordine
3614 678 3778 734 Fra-

2146 778 2286 823 trum
2309 767 2596 833 Minorum,
2627 768 2816 838 festum
2846 770 3023 839 majus
3047 769 3259 841 duplex.
3290 770 3508 826 Rursus
3557 788 3616 825 ιιι
3652 771 3779 827 0c-

2147 864 2317 919 tobris
2350 883 2362 918 :
2396 863 2702 917 Translatio
2726 873 2922 918 sancite
2948 861 3125 918 Clarae
3151 863 3383 934 virginis,
3423 865 3634 935 festum
3668 866 3777 919 nri—

2147 974 2245 1012 nus
2293 956 2504 1027 duplex.
2541 958 2608 1013 Et
2634 959 2730 1012 νιιι
2778 955 3138 1013 Novembris:
3179 956 3313 1012 Item
3349 959 3651 1014 translatio
3705 959 3773 1017 S.

2149 1046 2398 1102 Ludovici
2419 1047 2752 1117 confessoris.
2793 1047 2885 1102 Sic
2910 1047 2975 1102 ad
3016 1048 3317 1119 marginem
3350 1050 3595 1120 appositi
3635 1060 3775 1105 sunt

2148 1138 2512 1194 Bernardinus
2541 1157 2611 1195 xx
2640 1140 2762 1196 Maii
2790 1157 2803 1207 ;
2842 1139 3239 1208 Bonaventura,
3273 1158 3364 1197 xrv
3418 1142 3596 1209 Junii,
3653 1157 3770 1200 etc.

2149 1231 2470 1290 Franciscus
2492 1236 2727 1307 primum
2756 1236 2934 1292 locum
2965 1238 3019 1292 in
3054 1245 3204 1292 textu
3236 1248 3493 1309 occupat,
3516 1257 3571 1294 tv
3594 1240 3770 1297 Octo-

2149 1331 2262 1386 bris
2283 1348 2387 1386 xxv
2414 1332 2581 1386 Maii:
2622 1331 2775 1403 Apud
2813 1333 3094 1399 Assisium,
3136 1333 3415 1388 translatio
3461 1335 3773 1390 beatissimi

2152 1418 2331 1476 Patris
2359 1422 2524 1476 nostri
2554 1420 2851 1477 Francisci.
2891 1420 3024 1478 Cum
3056 1433 3236 1478 autem
3265 1423 3560 1479 translatio
3587 1428 3763 1480 Anto-

2152 1513 2225 1593 ιιΞί
2240 1510 2486 1567 Patavini
2518 1512 2657 1568 facta
2691 1513 2832 1568 i549
2860 1522 2953 1568 aut
2989 1513 3151 1580 1550,
3174 1523 3229 1569 et
3254 1530 3375 1583 qua:
3402 1515 3589 1586 primo
3622 1517 3767 1570 cita-

2151 1603 2327 1657 vimus
2357 1605 2424 1657 ab
2448 1602 2553 1658 alia
2586 1618 2748 1657 manu
2776 1602 2904 1668 sint,
2930 1604 3146 1659 videtur
3167 1603 3363 1674 conjici
3402 1621 3575 1676 posse
3608 1607 3763 1662 codi-

2151 1708 2268 1748 cem
2302 1691 2451 1747 illum
2480 1693 2677 1748 smculo
2706 1710 2796 1748 xxv
2822 1695 3180 1749 recentiorem
3205 1709 3311 1749 non
3334 1709 3481 1763 esse.
3512 1694 3760 1751 Patriam

2153 1786 2504 1843 manifestam
2532 1803 2568 1842 x
2593 1795 2648 1843 et
2676 1803 2731 1842 ιι
2761 1787 2906 1854 Julii,
2939 1786 3184 1843 Kanutus
3227 1794 3275 1843 el
3323 1786 3584 1855 Ketillus,
3642 1788 3762 1845 alii-

459 1876 723 1933 ﬁrmanda
779 1879 850 1935 sit
897 1877 1230 1948 conjectura.
1281 1880 1514 1935 Aliunde
1567 1880 1702 1935 satis
1776 1877 2047 1951 colligitur
2075 1862 2122 1923 Β
2152 1895 2258 1950 que
2286 1879 2418 1935 lucis
2446 1880 2584 1935 aliis.
2625 1878 2898 1947 Quantum
2940 1894 3105 1950 porro
3156 1881 3222 1936 ab
3266 1878 3575 1936 Usuardina
3616 1881 3757 1936 sim-

459 1965 628 2022 fuisse
686 1968 920 2023 cmnohii
980 1967 1207 2037 alicujus
1256 1969 1464 2024 ordinis
1515 1968 1687 2023 sancti
1738 1967 2050 2039 Augustini,

458 2058 897 2129 quandoquidem
920 2061 1266 2116 sanctissimo
1295 2059 1504 2116 doctori
1535 2075 1751 2130 semper
1777 2059 2075 2133 adjectum.

460 2147 715 2203 exhibeat
740 2149 954 2203 titulum
987 2147 1167 2204 Patris
1218 2152 1401 2212 nostri,
1446 2151 1607 2221 idque
1650 2166 1755 2206 non
1795 2151 1970 2206 solum
1997 2151 2051 2205 in

460 2238 628 2309 ipsius
669 2239 1034 2312 Martyrologii
1079 2250 1358 2315 contextu,
1409 2258 1597 2297 verum
1644 2243 1892 2298 etiamin
1925 2243 2052 2298 sub-

454 2326 616 2396 jectis
651 2330 943 2401 opusculis,
980 2346 1099 2402 quae
1126 2346 1249 2386 cum
1288 2330 1667 2403 Martyrologio
1718 2332 1845 2388 olim
1900 2347 2051 2387 com-

460 2428 647 2497 pacta,
683 2435 748 2476 ac
777 2421 1044 2492 religiosis
1076 2421 1181 2476 illis
1217 2421 1626 2493 Augustinianis
1648 2422 1708 2499 in
1752 2438 1850 2477 usu
1887 2420 2055 2477 fuisse

459 2512 732 2567 existimo.
762 2512 1052 2569 Canonicis
1077 2521 1259 2568 autem
1289 2513 1648 2585 Regularibus
1676 2515 1857 2585 potius
1890 2530 2053 2585 quam

459 2602 717 2659 Eremitis
745 2606 1057 2672 servivisse,
1083 2606 1207 2661 inde
1224 2606 1454 2675 coniicio
1477 2609 1621 2679 quod
1652 2608 1719 2663 de
1744 2617 1933 2664 sancto
1962 2608 2054 2662 Ni-

459 2697 610 2754 colao
637 2697 977 2756 Tolentinate
1007 2715 1112 2756 non
1150 2700 1477 2757 meminerit.

529 2790 654 2845 251.
697 2790 895 2848 Sextus
939 2792 1130 2848 mediae
1160 2801 1300 2848 notae
1337 2794 1505 2849 codex
1551 2808 1750 2848 nomen
1778 2792 1942 2848 habet
1987 2793 2055 2848 ab

458 2897 527 2947 eo
552 2884 801 2940 coenobio
831 2882 986 2953 cujus
1029 2892 1213 2939 notam
1257 2883 1477 2953 praefert
1522 2884 1606 2939 his
1634 2885 1814 2939 verbis
1840 2884 2055 2954 apposi-

463 2983 573 3037 tam
611 2991 625 3028 :
658 2974 812 3030 Liber
844 2976 1149 3030 monasterii
1178 2976 1315 3030 beati
1344 2975 1595 3030 Antltonii
1643 2976 1697 3029 in
1743 2975 2055 3045 Alberghen,

463 3062 849 3121 Canonicorum
874 3062 1237 3134 Regularium,
1264 3064 1420 3117 datus
1449 3081 1479 3117 α
1513 3064 1792 3119 venerabili
1844 3064 2055 3119 domino

466 3138 698 3208 llenrico
725 3153 947 3218 Mathie,
984 3154 1180 3209 vicario
1234 3155 1286 3208 in
1341 3155 1598 3211 Wcrsloe.
1633 3156 1712 3210 Ex
1747 3155 1951 3222 Mirtco,
1999 3157 2055 3211 in

465 3243 778 3314 Originibus
805 3242 1205 3301 Canonicorum
1246 3245 1592 3316 Regularium
1627 3248 1812 3313 didici,
1861 3247 2059 3318 praedi-

465 3345 612 3390 ctum
642 3335 944 3391 cmnobium
981 3336 1144 3391 situm
1173 3336 1342 3393 fuisse
1368 3338 1423 3391 in
1441 3337 1661 3404 Tuenta,
1683 3338 1917 3394 diaeresis
1934 3338 2058 3393 olim

469 3424 887 3496 Ultrajectensis,
934 3441 1001 3482 ex
1030 3443 1135 3498 qua
1166 3428 1337 3483 codex
1369 3428 1457 3484 hic
1507 3438 1727 3485 sanctos
1768 3429 2060 3500 plerosque

466 3517 770 3589 consignat.
801 3517 1002 3574 Forma
1036 3528 1091 3575 et
1124 3521 1394 3592 scriptura
1420 3537 1544 3577 cum
1575 3521 1842 3595 Leydensi
1864 3520 2060 3577 Latino

465 3612 598 3667 catis
637 3612 912 3678 convenit,
968 3612 1065 3668 sed
1113 3614 1218 3669 isto
1250 3629 1641 3685 nonnunquam
1688 3614 1901 3670 auctior
1951 3622 2055 3669 est.

469 3700 714 3781 Scriptus
742 3702 955 3758 videtur
981 3703 1050 3758 ad
1078 3719 1236 3759 usum
1282 3703 1505 3759 Patrum
1547 3705 1754 3760 ordinis
1786 3704 1843 3759 S.
1879 3703 2055 3759 Fran-

467 3794 618 3859 cisci,
651 3796 794 3864 quod
823 3782 972 3866 patet
1007 3810 1073 3851 ex
1107 3813 1160 3851 ιγ
1186 3807 1240 3853 et
1272 3814 1328 3854 χι
1352 3797 1624 3865 Octobris,
1649 3814 1719 3853 ex
1752 3814 1851 3853 xm
1881 3813 1945 3854 ac
1988 3812 2059 3852 xx

466 3884 609 3941 Junii
634 3886 863 3957 aliisque
888 3888 1042 3944 locis.
1070 3888 1180 3945 Nec
1214 3890 1413 3945 mirum
1446 3891 1620 3946 videri
1648 3891 1703 3945 id
1728 3890 1905 3957 debet,
1935 3905 2059 3945 cum

468 3979 860 4033 monasterium
886 3979 1031 4036 istud
1057 3980 1401 4053 Aibergeuse'
1419 3983 1625 4039 exstrui
1666 3983 1901 4055 primum
1944 3998 2058 4039 cm-

468 4070 613 4137 perit
634 4084 779 4125 anno
815 4068 972 4137 1406,
1017 4079 1074 4125 ut
1118 4072 1281 4128 habet
1330 4074 1585 4145 antiquus
1640 4074 1837 4145 aliquis
1888 4075 2059 4131 codex

473 4169 660 4214 noster
693 4175 796 4216 ms.
829 4160 929 4217 sub
973 4172 1099 4218 nota
1133 4162 1173 4236 -ι-
1210 4180 1312 4221 ms.
1351 4164 1453 4232 54,
1489 4165 1859 4223 fundatiouem
1892 4167 2074 4237 ipsius"

471 4247 835 4319 describens;
889 4262 1228 4328 narratisque
1272 4267 1527 4314 evocatos
1583 4257 1707 4313 illuc
1752 4255 1951 4314 fratres
1990 4254 2059 4315 ex

471 4341 887 4413 congregatione
925 4344 1235 4415 Zwollcnsi,
1282 4363 1401 4418 qure
1437 4363 1534 4419 per
1581 4349 1635 4404 id
1678 4357 1889 4420 tempus
1937 4365 2060 4406 cum

474 4435 848 4494 Daveutriensi
902 4440 1167 4510 regularis
1228 4439 1527 4513 disciplinae
1593 4443 1941 4499 observantia
2006 4451 2061 4499 et

474 4528 779 4585 sanctitatis
832 4529 976 4586 fama
1023 4532 1260 4587 maxime
1311 4531 1723 4599 inclarescebat,
1756 4543 1892 4589 teste
1921 4547 2061 4604 prte-

473 4618 585 4673 i'ato
632 4630 824 4678 nostro
884 4623 1071 4680 codice
1120 4623 1493 4697 manuscripto
1540 4625 1768 4697 aliisque
1817 4627 2062 4685 historiis

474 4709 869 4772 Transisalanis
908 4718 1090 4774 saeculi
1119 4732 1209 4773 xv.
1242 4718 1419 4790 Atque
1454 4718 1568 4774 haec
1593 4733 1694 4791 pro
1737 4719 1939 4776 codicis
1966 4734 2063 4776 no-

475 4805 594 4860 titia
625 4808 758 4862 satis
786 4807 929 4864 dicta
968 4811 1097 4866 sint.

542 4907 669 4964 252.
700 4908 903 4968 Ordine
930 4912 1009 4967 uti
1049 4920 1104 4968 et
1130 4913 1447 4970 sinceritate
1486 4913 1759 4986 posterior
1801 4921 1904 4981 est,
1937 4914 2065 4971 licet

472 4999 705 5059 fortasse
744 5008 905 5060 aetate
934 5004 1095 5076 paulo
1138 5006 1308 5078 prior,
1345 5005 1517 5063 codex
1571 5014 1756 5062 noster
1805 5005 2061 5074 Danicus,

472 5095 563 5164 qui
595 5096 664 5151 ab
688 5093 920 5153 Henrico
950 5098 1183 5170 quodam
1212 5102 1381 5169 equite
1408 5140 1423 5167 ,
1468 5100 1771 5171 cognomine
1818 5097 2061 5167 Rancou,

472 5197 672 5259 emptus
706 5186 927 5245 Lubeca:
990 5189 1168 5258 1584,
1211 5191 1278 5246 ad
1325 5189 1543 5246 domum
1572 5189 1888 5260 'professam
1957 5190 2063 5245 So-

472 5281 687 5339 cietatis
734 5292 933 5341 nostra)
975 5284 1303 5360 Pragensem
1355 5287 1663 5352 devenerat,
1715 5286 1858 5342 dono
1908 5285 2064 5341 datus

472 5375 655 5432 Bartio
701 5387 755 5433 et
795 5376 1063 5451 Janningo
1101 5395 1191 5437 an.
1243 5378 1383 5436 1688
1435 5378 1506 5435 ibi
1569 5379 1945 5434 existentibus.
2005 5376 2062 5433 In

473 5467 647 5537 prima
695 5470 895 5545 pagina,
938 5470 1174 5543 ascripta
1208 5480 1333 5527 sunt
1362 5472 1477 5526 haec
1504 5472 1707 5524 verba:
1750 5469 1904 5523 Liber
1942 5486 2065 5524 con-

474 5558 655 5615 ventus
685 5560 1018 5618 Nistadensis
1048 5563 1331 5636 provincia:
1365 5561 1571 5617 Daniar.
1623 5561 1702 5617 Ad
1747 5561 2068 5627 Francisca-

476 5649 603 5735 nam
634 5654 891 5710 familiam
937 5666 1215 5727 spectasse
1249 5665 1574 5712 conventum
1610 5655 1759 5711 illum
1790 5656 1983 5726 probat
2013 5656 2062 5713 in

479 5746 739 5803 inferiore
752 5766 848 5805 ora
871 5748 982 5805 folii
1009 5766 1121 5805 xvu
1151 5750 1493 5822 Septembris
1506 5750 1779 5804 recentius
1794 5749 2028 5821 ascripta
2049 5766 2062 5804 :

482 5838 554 5898 In
603 5849 776 5896 monte.
818 5840 1064 5910 Alverno,
1120 5842 1391 5915 impressio
1438 5858 1712 5900 sacrorum
1760 5843 2060 5916 stigmatum

2154 1970 2423 2045 plicitate.
2452 1970 2656 2037 distet,
2709 1985 2776 2026 ex
2827 1968 3158 2041 quotidianis
3210 1969 3478 2027 auctariis
3525 1968 3761 2042 intelligi

2155 2061 2395 2117 dabitur.

2226 2154 2351 2210 255.
2377 2152 2682 2226 Supersunt
2705 2156 2922 2212 codices
2951 2156 3058 2210 duo
3085 2156 3307 2228 integri,
3325 2173 3433 2211 non
3464 2156 3741 2227 ignobiles,

2156 2246 2327 2301 forma
2357 2254 2571 2316 quarta,
2616 2246 2950 2302 membranei
3003 2255 3059 2302 et
3102 2234 3243 2304 satis
3275 2249 3504 2318 antiqui,
3532 2246 3756 2301 Bruxel-

2156 2338 2313 2393 lensis
2352 2348 2408 2393 et
2452 2337 2871 2410 Hagenoyensis,
2925 2340 3123 2409 quibus
3170 2342 3311 2396 inter
3359 2340 3759 2411 manuscriptos

2159 2431 2351 2486 mediae
2377 2440 2520 2486 notae
2548 2440 2857 2502 postremus
2901 2432 3054 2487 locus
3095 2433 3304 2487 dandus
3332 2433 3455 2497 fuit,
3504 2432 3757 2503 quoniam

2157 2537 2355 2598 prseter
2377 2537 2604 2584 cmteros
2633 2526 2857 2584 liberius
2880 2543 2943 2583 ac
2977 2527 3258 2583 liberalius
3294 2527 3436 2582 aucti
3486 2536 3543 2581 et
3594 2528 3747 2582 inter»

2158 2619 2325 2691 poiati
2381 2627 2549 2675 sunt:
2600 2629 2965 2691 prieterquam
3022 2619 3167 2690 quod
3227 2618 3397 2690 stylo,
3459 2618 3661 2673 ordine
3711 2626 3758 2672 et

2159 2712 2411 2782 ineptiori
2468 2712 2739 2768 scribendi
2771 2712 2931 2767 modo
2981 2711 3204 2782 reliquis
3252 2712 3446 2767 cedere
3503 2709 3754 2765 debeant.

2159 2803 2530 2860 Bruxeliensis
2558 2813 2735 2859 tomos
2760 2804 2894 2859 duos
2920 2803 3322 2875 complectitur,
3371 2802 3608 2874 praefixo
3662 2801 3757 2855 lia-

2160 2894 2402 2949 lendario
2450 2901 2506 2949 et
2549 2902 2782 2949 tractatu
2834 2894 2898 2948 de
2943 2895 3119 2948 decem
3162 2892 3640 2963 persecutionibus,
3675 2908 3758 2962 per

2162 2985 2377 3057 gentiles
2405 2985 2761 3041 Romanorum
2780 2987 3118 3056 imperatores
3140 2984 3391 3039 Ecclesia:
3411 2984 3609 3049 illatis,
3629 2995 3753 3050 εις..

2162 3072 2357 3144 quibus
2408 3075 2746 3130 subnectitur
2791 3074 3039 3130 canonici
3088 3073 3462 3129 Bruxeliensis
3493 3070 3752 3144 praefatio,

2164 3168 2275 3232 ubi,
2316 3167 2549 3222 laudatis
2580 3166 2927 3238 antiquorum
2976 3167 3489 3239 Martyrologorum,
3515 3183 3752 3237 przeser-

2164 3258 2256 3312 tim
2291 3258 2539 3322 Usuardi,
2572 3259 2878 3323 conatibus,
2904 3260 2983 3315 sic
3011 3261 3156 3315 inter
3177 3260 3279 3314 alia
3307 3259 3549 3315 disserit:
3586 3278 3604 3309 ‹
3641 3252 3751 3312 Sed

2159 3350 2501 3421 negligentia:
2528 3351 2661 3406 vitio
2699 3351 2979 3422 hucusque
3018 3369 3122 3408 non
3168 3352 3362 3416 caruit,
3401 3351 3544 3421 quod
3567 3350 3756 3421 hujus-

2161 3443 2305 3498 modi
2355 3454 2669 3497 sanctorum
2701 3442 2860 3515 (quos
2893 3443 3136 3499 Ecclesia
3190 3441 3562 3497 Bruxeliensis
3614 3426 3756 3496 reco-

2160 3533 2325 3604 lebat)
2364 3535 2417 3589 in
2466 3535 2695 3591 lcetione
2724 3534 3087 3607 Martyrologii
3120 3535 3379 3589 memoria
3407 3548 3511 3587 non
3579 3532 3757 3599 ﬁeret,

2160 3644 2258 3699 pro
2280 3629 2345 3683 iis
2383 3630 2593 3696 diebus,
2631 3628 2830 3700 quibus
2861 3646 2960 3685 uos
2987 3645 3174 3684 eorum
3212 3629 3349 3685 festa
3387 3628 3755 3684 celebramus.

2159 3717 2290 3786 Quae
2326 3734 2413 3775 res
2459 3720 2546 3790 pia
2573 3721 2806 3790 quadam
2848 3720 3230 3785 sollicitudine,
3264 3718 3621 3775 venerabiles
3672 3720 3759 3774 do-

2160 3809 2358 3875 minos,
2411 3818 2777 3880 praeceptores
2821 3825 2990 3874 meos,
3031 3809 3296 3864 decauum
3348 3818 3403 3863 et
3456 3808 3759 3878 capitulum

2161 3899 2320 3968 hujus
2368 3900 2612 3955 ecclesiae
2669 3899 2968 3971 collegiata:
3028 3908 3082 3955 et
3132 3899 3393 3963 plebanize
3442 3894 3771 3955 sanctorum"

2160 3991 2439 4047 Michaelis
2499 3991 2809 4062 archangeli
2867 4000 2923 4046 et
2974 3990 3182 4047 Gudilm
3209 3990 3457 4061 virginis,
3511 3982 3765 4045 [nutricis

2163 4084 2392 4138 aliarum
2436 4083 2794 4139 ecclesiarum
2846 4083 3016 4138 totius
3065 4081 3227 4150 hujus
3283 4081 3510 4153 insignis
3582 4077 3763 4156 Oppidi

2159 4172 2528 4229 Bruxeliensis
2576 4171 2988 4229 Cameracensis
3028 4170 3304 4237 dimccsis,
3338 4171 3406 4226 ad
3429 4168 3758 4249 jubentium,

2163 4279 2357 4336 meque
2380 4266 2619 4336 ipsorum
2646 4264 2891 4320 inutilem
2922 4265 3249 4320 canonicum
3281 4265 3349 4319 ad
3392 4262 3765 4319 obedientium

2163 4356 2442 4427 compulit,
2469 4364 2738 4427 quatenus
2762 4372 2828 4412 ex
2855 4356 3208 4425 praefatorum
3235 4354 3459 4411 Patrum
3493 4350 3762 4427 Martyro-

2163 4448 2340 4520 iogiis,
2378 4455 2694 4504 sanctorum
2732 4448 3143 4515 solemnitates,
3192 4467 3211 4501 i
3254 4457 3361 4503 etc.
3416 4445 3566 4502 Hinc
3606 4448 3763 4503 licen-

2090 4542 2281 4639 Βιὶιιξ
2298 4550 2581 4639 evagatus,
2629 4541 3083 4639 multacoilegit,
3141 4541 3236 4639 sed
3514 4555 3630 4611 pro
3677 4553 3764 4611 suo

2169 4632 2398 4687 arbitrio
2436 4633 2722 4705 disposuit,
2757 4633 2839 4687 uti
2870 4632 3117 4689 auctaria
3158 4631 3360 4704 legenti
3384 4631 3537 4687 ultro
3582 4646 3758 4688 occur-

2167 4732 2275 4789 ret,
2316 4738 2384 4778 ex
2413 4723 2611 4793 quibus
2655 4723 2822 4779 etiam
2871 4723 3139 4795 intelliget
3189 4731 3454 4794 quantum
3504 4721 3657 4779 absit
3703 4722 3765 4776 ab

2168 4813 2720 4887 Hieronymianorum
2766 4815 3033 4872 brevitate
3062 4857 3077 4883 ,
3130 4813 3199 4871 de
3253 4828 3361 4886 qua
3418 4820 3491 4870 re
3536 4814 3766 4870 diximus

2168 4925 2321 4967 num.
2346 4909 2437 4965 58.
2462 4908 2701 4965 Aitatem
2729 4924 2890 4965 nemo
2928 4908 3089 4965 facile
3116 4915 3268 4965 eruet
3298 4927 3311 4963 :
3354 4908 3461 4965 nisi
3489 4906 3676 4972 fallor,
3706 4904 3767 4960 ad

2168 5003 2335 5060 ﬁnem
2366 5002 2547 5059 saeculi
2582 5018 2672 5058 xtv
2700 5002 2786 5059 vel
2810 5002 2879 5058 ad
2902 5003 3116 5058 initium
3146 5000 3328 5058 saeculi
3364 5018 3437 5057 xv
3474 5000 3733 5075 pertinet.

2236 5091 2364 5149 254.
2418 5091 2849 5165 Hagenoyensem
2910 5108 3169 5149 vocamus
3211 5092 3280 5148 ab
3324 5091 3572 5148 incolatu
3598 5133 3612 5156 ,
3662 5090 3766 5147 sive

2168 5209 2199 5248 a
2253 5205 2568 5264 possessore
2623 5186 2767 5263 Mog.
2840 5188 3083 5245 Nicolao'
3116 5183 3356 5245 Sclticlrio
3385 5229 3403 5254 ,
3469 5185 3763 5265 Hageuoio,

2169 5300 2295 5340 nam
2324 5284 2391 5338 de
2417 5291 2613 5337 caetero
2641 5298 2748 5337 non
2769 5282 2930 5337 video
2948 5280 3118 5354 magis
3133 5281 3200 5336 ad
3224 5279 3581 5353 Hagenoyam
3608 5276 3769 5350 quani

2171 5379 2239 5435 ad
2268 5378 2426 5433 aliam
2446 5376 2740 5447 quamlibet
2769 5374 2999 5431 Alsacia:
3020 5372 3103 5430 vel
3133 5372 3472 5429 Palatinatus
3490 5373 3760 5429 civitatem

2170 5472 2415 5529 revocari
2469 5470 2686 5525 debere.
2744 5468 2992 5538 Scriptor
3037 5483 3235 5525 nomen
3272 5467 3478 5523 indicat
3519 5464 3760 5520 versibus

2171 5572 2403 5637 quatuor
2472 5561 2772 5632 pinguior-is
2829 5560 3085 5617 Minervae
3142 5560 3208 5615 ad
3254 5559 3462 5615 calcem
3514 5555 3760 5628 adjectis.

2171 5672 2238 5712 ex
2263 5655 2459 5726 quibus
2493 5653 2755 5708 habemus
2804 5653 3068 5722 scriptum
3106 5650 3273 5706 fuisse
3319 5647 3758 5719 Martyrologium

2172 5766 2309 5803 anno
2337 5745 2549 5801 milleno
2579 5755 2763 5817 quater
2799 5743 2838 5799 C
2868 5754 2915 5799 et
2943 5743 3208 5809 duodena,
3234 5742 3386 5797 Junii
3430 5740 3526 5794 die
3558 5739 3758 5794 decima

2170 5850 2339 5909 sexta,
2364 5836 2548 5895 Petma
2577 5835 2703 5909 facit
2731 5835 2932 5893 litteras
2961 5835 3133 5911 Wydo
3159 5831 3467 5891 Krentzclin
3490 5830 3590 5887 ltus
3604 5826 3760 5901 gluti-
