3936 6348
91 361 267 419 575
1534 368 1753 426 PROLE

1863 371 2074 427 MENA.
3341 378 3459 441 δη

94 489 343 534 mtas.
373 478 595 535 Poterat
618 478 931 549 scriptionis
953 488 1163 552 tempus
1194 497 1302 539 non
1325 484 1758 554 improbabiliter
1784 490 1836 549 A
1861 493 2061 562 passim
2093 494 2253 549 simili
2277 494 2827 559 editioniLubecanee
2852 513 3100 557 mammae
3133 512 3186 558 et
3212 506 3447 564 Autuer—

99 573 348 647 colligi
392 588 458 630 ex
496 590 644 630 xxvu
693 575 1050 646 Septembris,
1103 577 1193 633 ubi
1242 579 1519 635 Elzearins
1566 580 1756 636 Ariani
1861 582 2032 654 piensi
2070 587 2468 658 manuscripto;
2502 588 2696 659 prioris
2720 591 3242 653 enimadditamenta
3265 600 3447 658 omnia

102 681 356 724 comes
397 684 489 738 per
516 664 788 722 Urbanum
822 666 867 722 V
891 670 1090 724 nouiter
1130 673 1474 727 canonizatus
1508 673 1752 729 dicitur:
1860 677 2204 734 eractissime
2220 688 2402 735 notata
2422 690 2563 743 sunt,
2581 698 2684 738 non
2705 684 2832 739 item
2863 699 2926 741 ea
2951 702 3070 757 quae
3110 688 3250 745 haud
3286 674 3451 750 dubie

103 772 288 813 cum
312 760 462 814 enim
488 773 551 815 ea
585 761 927 816 canonizatio
966 761 1109 818 facta
1144 763 1308 820 fuerit
1340 781 1426 820 an.
1460 765 1619 833 1469,
1649 783 1757 823 non
1862 766 1915 821 in
1950 768 2125 823 medio
2155 776 2301 824 textu
2333 771 2535 827 inserta
2575 771 2811 830 fuerant.
2845 776 2998 844 Quod
3027 794 3148 833 cum
3178 780 3450 852 Papeer-

110 855 385 914 poterat
411 849 583 904 codex
609 864 643 904 a
686 849 794 905 fine
832 851 1011 907 saeculi
1049 869 1139 908 xw
1169 855 1253 909 vel
1301 856 1457 911 initio
1486 874 1555 912 xv
1601 857 1757 930 longe
1862 857 1985 911 chio
2036 858 2244 933 pridem
2281 861 2599 933 obiicerem,
2634 865 2863 923 candide
2895 867 3072 924 fassus
3119 880 3202 926 est
3250 849 3323 927 ita
3380 874 3449 929 ab

112 940 449 996 recedere.
478 940 650 997 Porro
675 942 721 997 si
747 940 1133 1001 Krentzelinus
1165 947 1288 1011 iste,
1335 948 1531 1004 alicubi
1572 948 1757 1005 aCas—
1863 947 1993 1018 ipsis
2046 936 2325 1008 institutas
2372 953 2537 1009 finisse
2586 955 2899 1012 collationes
2951 960 3447 1030 manuscriptorum

117 1033 373 1089 tellano
401 1032 623 1101 citatus,
664 1034 827 1105 hujus
858 1035 1227 1110 Martyrologii
1268 1040 1526 1097 collector
1569 1041 1754 1110 fuerit,
1861 1054 1982 1093 cum
2010 1039 2276 1106 Greveno,
2311 1051 2369 1097 ut
2396 1047 2606 1100 nonnisi
2638 1047 2704 1101 de
2730 1048 2900 1118 prima
2929 1056 2983 1103 et
3030 1048 3216 1104 ultima
3242 1067 3452 1107 annun-

117 1140 271 1181 non
308 1142 560 1199 magnam
592 1128 778 1199 retulit
816 1129 1053 1197 laudem,
1100 1133 1283 1188 nescio
1328 1151 1466 1204 quas
1503 1134 1775 1191 historias
1862 1128 2086 1186 tiatione
2110 1132 2324 1187 solliciti
2352 1133 2571 1189 fuerint.
2602 1135 2726 1192 llaec
2756 1153 3088 1208 praemonere
3111 1142 3351 1210 oportuit
3396 1150 3457 1198 ut

123 1219 375 1287 passim
398 1214 761 1277 commiscens
787 1237 909 1292 qua:
927 1221 997 1277 ab
1018 1224 1261 1281 Usuardi
1291 1226 1631 1299 aliorumque
1663 1243 1759 1284 co-

126 1308 355 1365 dicum
388 1309 816 1368 Usuardinorum
853 1314 994 1387 style
1024 1317 1402 1375 remotissimae
1427 1327 1575 1386 sunt,
1603 1335 1763 1391 quas-

133 1415 273 1471 que
304 1416 445 1472 saepe
468 1402 672 1459 referre
699 1405 892 1478 piguit.
938 1407 1053 1463 Non
1108 1419 1321 1480 poterat
1366 1422 1544 1468 tamen
1589 1417 1757 1472 codex

136 1492 229 1547 ab
263 1492 575 1550 Usuardina
600 1496 774 1552 classe
797 1498 1032 1567 excludi,
1062 1516 1185 1556 cum
1207 1503 1528 1576 plerumque
1540 1507 1758 1562 eosdem

140 1594 411 1649 sanctos,
449 1585 561 1641 imo
604 1588 808 1658 passim
852 1588 1085 1647 Usuardi
1119 1592 1288 1664 ipsius
1340 1595 1548 1666 phrasi,
1591 1612 1762 1667 quan-

141 1690 333 1745 quam
375 1688 631 1750 corrupta
672 1690 728 1738 et
782 1681 989 1751 luxata,
1039 1687 1339 1759 consignet.
1391 1689 1662 1747 Hactenus
1696 1691 1761 1749 de

143 1769 449 1826 codicibus
476 1771 650 1842 plenis
677 1781 733 1827 et
758 1773 986 1846 integris
1008 1778 1205 1849 quibus
1227 1780 1280 1835 in
1308 1781 1411 1837 hac
1441 1783 1677 1840 editione
1706 1794 1762 1841 et

147 1864 492 1919 recensione
511 1864 596 1920 usi
628 1880 837 1922 sumus.

711 1979 1113 2053 ARTICULUS
1154 1982 1216 2041 v.

198 2065 283 2123 De
320 2067 591 2125 codicibus
645 2087 870 2142 quorum
914 2075 1028 2129 sola
1074 2077 1323 2134 habemus
1365 2091 1601 2136 extracta
1634 2100 1727 2139 seu

220 2150 223 2151 '
688 2141 932 2199 lectiones
959 2147 1242 2203 variantes.

235 2229 481 2287 2351103
492 2231 710 2288 codices
722 2233 918 2290 merito
931 2236 1313 2307 distinguimus
1326 2240 1476 2297 abiis
1492 2257 1631 2312 quos
1647 2242 1782 2313 ple-‘

165 2337 274 2378 nos
298 2324 632 2395 etintegros,
659 2341 755 2382 seu
788 2327 930 2399 typis
974 2330 1169 2397 editos,
1216 2348 1309 2388 seu
1359 2338 1758 2408 manuscriptus

175 2414 434 2471 hactenus
465 2416 764 2473 retulimus.
784 2417 890 2474 Per
904 2431 1148 2478 extracta
1163 2433 1345 2479 autem
1370 2440 1463 2481 seu
1483 2428 1758 2487 variantes

172 2505 457 2571 lectiones,
484 2523 544 2562 ea
568 2508 657 2564 hic
678 2509 921 2581 intelligo
951 2512 1002 2566 in
1026 2514 1222 2582 quibus
1253 2516 1321 2570 ab
1349 2516 1579 2572 Usuardi
1607 2526 1757 2574 textu

169 2605 268 2651 aut
288 2599 552 2655 excedunt
576 2609 669 2656 aut
695 2601 975 2658 deficiunt.
1009 2603 1077 2660 Ut
1106 2620 1220 2661 rem
1243 2607 1443 2663 clarius
1466 2610 1753 2681 percipias,

164 2689 359 2757 paucis
382 2690 591 2761 explico
618 2707 738 2762 quae
769 2694 901 2749 mihi
933 2696 1128 2766 saepius
1176 2699 1417 2753 narravit
1459 2700 1613 2755 bonae
1645 2704 1781 2757 me;

162 2780 355 2835 moria:
398 2782 660 2853 magister
710 2799 863 2840 meus
916 2785 1316 2857 Papebrochius
1366 2801 1751 2859 extr-actorum,

161 2874 466 2945 praesertim
493 2876 869 2946 posteriorum,
898 2879 1037 2933 hanc
1053 2880 1315 2936 rationem
1335 2883 1584 2938 reddens.
1617 2883 1754 2940 Dum

162 2980 288 3021 cum
316 2966 660 3024 Henschenio
688 2969 847 3025 annis
880 2969 1035 3034 H560,
1073 2972 1203 3027 ltiGl
1248 2982 1302 3028 et
1332 2973 1468 3029 1662
1496 2991 1594 3045 per
1619 2975 1753 3031 Ger-

163 3060 445 3129 maniam,
494 3063 700 3119 ltaliam
743 3077 799 3120 et
847 3064 1076 3121 Galliam
1121 3071 1528 3141 peregrinatus,
1578 3088 1640 3128 ea
1688 3075 1754 3129 de

162 3154 374 3211 sanctis
396 3168 766 3224 monumenta,
799 3167 911 3214 tum
933 3160 1121 3217 Grteca
1148 3173 1260 3218 tum
1289 3163 1502 3229 Latina,
1535 3166 1754 3237 collegit

1862 1220 2110 1275 advertat
2136 1221 2305 1278 lector
2327 1240 2487 1295 quam
2514 1227 2723 1283 sincere
2739 1228 2895 1298 juxta
2930 1244 2995 1284 ac
3024 1231 3192 1301 rigide
3213 1246 3454 1303 ettpensa

1861 1321 1915 1367 et
1950 1315 2190 1371 discussa
2235 1317 2344 1372 sint
2389 1318 2710 1376 documenta
2761 1323 2942 1378 omnia
2992 1338 3056 1378 ex
3102 1327 3300 1395 quibus
3335 1328 3450 1383 haec

1824 1436 1827 1443 ι
1864 1415 2048 1460 nostra
2076 1406 2381 1465 Usuardina
2395 1412 2563 1467 editio
2579 1416 2898 1469 concinnata
2913 1422 3014 1469 est.
3040 1413 3158 1469 lam
3178 1425 3453 1484 extracta,-

1863 1506 2028 1568 a-tque
2062 1516 2165 1554 una
2196 1503 2413 1557 codices
2446 1504 2585 1559 unde
2615 1514 2834 1575 accepta
2877 1513 3021 1571 sunt,
3079 1506 3158 1561 sic
3213 1508 3451 1563 breviter

1862 1594 2283 1663 reprtesentabo,
2317 1604 2375 1648 ut
2404 1595 2536 1650 nihil
2567 1597 3031 1667 praetermissurus
3072 1599 3174 1654 sim
3213 1600 3355 1669 quod
3382 1599 3449 1655 ad

1864 1689 2223 1745 sufﬁcientem
2246 1691 2487 1745 onminm
2515 1691 2762 1747 notitiam
2787 1693 3081 1749 desiderari
3103 1702 3285 1763 queat.

1934 1779 2057 1834 237.
2100 1780 2156 1835 ln
2186 1788 2369 1836 nostra
2390 1780 2708 1837 collectione
2726 1783 2961 1851 primum
3004 1782 3178 1839 locum
3226 1792 3456 1853 occupat

1787 1859 1835 1918 Β
1862 1873 2031 1928 codex
2058 1870 2472 1943 Aquicinctinus,
2502 1888 2608 1929 non
2634 1873 2703 1928 ab
2724 1873 3065 1939 ilenschenio
3102 1882 3156 1929 et
3178 1873 3452 1945 Papehro-

1865 1962 2006 2026 chio.
2036 1962 2129 2017 sed
2153 1961 2222 2016 ab
2252 1962 2458 2031 aliquo,
2488 1962 2718 2019 fortasse
2738 1965 2975 2021 emnobii
2998 1965 3139 2019 illius
3162 1965 3450 2029 monacho,

1863 2052 2272 2107 accuratissime
2299 2060 2354 2107 et
2381 2051 2788 2108 distinctissime
2811 2052 3057 2119 collatus,
3091 2067 3159 2107 ne
3192 2053 3461 2125 neglectis‘

1862 2141 2077 2212 quidem
2130 2141 2617 2198 intercurrentibus
2674 2143 2936 2198 minutiis.
2994 2145 3070 2199 De
3124 2145 3226 2199 hoc
3289 2158 3450 2215 supra

1862 2233 2043 2287 dicere
2075 2233 2339 2303 cmpimus
2359 2248 2509 2287 num.
2541 2233 2665 2299 224,
2702 2234 2792 2291 ubi
2822 2235 2921 2305 ipsi
2963 2244 3018 2290 et
3054 2233 3455 2291 Marchianeusi

1860 2323 2164 2397 fragmento
2184 2326 2674 2396 interantiquiores
2687 2328 3038 2399 purioresque
3060 2326 3454 2397 manuscriptos

1860 2419 2073 2474 codices
2103 2420 2261 2473 datus
2296 2426 2381 2474 est
2408 2419 2580 2486 locus,
2600 2426 2953 2490 notatumque
2984 2420 3035 2475 in
3054 2420 3235 2475 multis
3256 2420 3481 2475 couv‘e.‘

1859 2509 1977 2563 nire
2005 2525 2126 2564 cum
2148 2509 2416 2575 Pratensi,
2443 2510 2825 2581 Antuerpiensi
2855 2510 3061 2580 majore
3091 2518 3146 2567 et
3184 2511 3457 2584 Roswey-'

1859 2600 2003 2663 diuo,
2042 2608 2154 2655 tum
2183 2600 2265 2655 vel
2295 2601 2552 2667 maxime,
2605 2615 2727 2655 cum
2761 2602 2813 2655 hi
2858 2617 2888 2655 a
2920 2610 3239 2657 caeterorum
3274 2592 3463 2657 turma

1858 2694 2122 2764 segregati
2150 2699 2293 2748 sunt.
2332 2692 2431 2748 Hic
2460 2701 2723 2764 praeterea
2757 2695 2956 2749 cursim
2988 2693 3290 2750 observabo
3329 2698 3449 2764 qua:

1857 2786 2059 2841 codicis
2107 2785 2470 2857 Aquicinctini
2521 2794 2737 2841 aetatem
2783 2804 2890 2843 non
2947 2788 3180 2843 obscure
3226 2774 3474 2842 definire"

1857 2886 2076 2947 queant.
2104 2877 2204 2944 Qui
2232 2876 2659 2947 manuscriptum
2687 2893 2808 2933 cum
2840 2879 3074 2933 Secunda
3106 2877 3301 2932 Molani
3335 2878 3451 2933 edi:

1860 2971 2004 3025 tione
2036 2971 2161 3024 anni
2210 2970 2346 3026 1568
2377 2971 2604 3042 contulit
2654 2972 2721 3027 ad
2768 2972 2839 3027 25
2884 2973 3134 3045 Augusti,
3179 2972 3449 3044 descripta

1856 3060 2043 3115 ultima
2069 3064 2584 3118 commemoratione
2610 3081 2622 3117 :
2656 3063 2780 3135 Ipso
2806 3064 2909 3130 die,
2945 3064 3205 3131 Parisius,
3234 3066 3449 3121 elevatio

1859 3151 1995 3204 beati
2020 3150 2270 3207 Ludovici
2292 3154 2629 3223 confessoris,
2654 3156 2839 3211 sedulo
2868 3158 3089 3222 notavit,
3111 3158 3223 3213 lucc
3245 3156 3450 3213 calamo
3476 3158 3479 3162 ’

161 3247 362 3316 quibus
408 3246 650 3305 Museum
693 3260 937 3306 ηοειιιυηι
970 3254 1185 3326 egregie
1234 3254 1616 3325 locupletatum
1650 3269 1752 3327 εει,
1783 3228 1828 3289 C
1860 3243 2011 3316 longe
2034 3247 2315 3301 recentiore
2359 3247 2564 3318 adjecta
2615 3263 2756 3304 esse.
2789 3246 2879 3305 Sic
2928 3266 3019 3305 xxi
3065 3252 3323 3314 octobris,
3379 3246 3449 3307 ad

162 3353 233 3392 ne
263 3338 317 3392 in
346 3340 715 3397 describendis
743 3341 1138 3414 Martyrologiis
1164 3343 1505 3410 Usuardinis,
1523 3362 1754 3417 quorum

163 3439 316 3484 tanta
341 3433 480 3501 apud
503 3447 601 3487 nos
623 3442 741 3489 erat
762 3435 937 3505 copia,
972 3435 1199 3490 nimium
1229 3436 1623 3506 detinerentur,
1652 3440 1756 3496 hac

162 3522 245 3576 usi
273 3532 397 3578 sunt
435 3525 709 3579 methodo.
739 3524 971 3582 Greveni
1001 3527 1259 3595 editione,
1289 3539 1348 3583 ut
1382 3528 1540 3585 facile
1569 3540 1753 3601 porta-

164 3613 242 3668 tili
299 3616 577 3687 magisque
622 3619 931 3685 commoda,
992 3620 1045 3675 in
1097 3620 1402 3691 exemplum
1451 3632 1752 3694 assumpta,

161 3705 473 3776 ubicunque
514 3710 941 3780 manuscriptum
974 3709 1207 3781 aliquem
1257 3711 1565 3769 Usuartlum
1606 3714 1753 3771 nacti

160 3806 310 3864 sunt,
345 3807 513 3855 totum
539 3815 661 3856 cum
688 3802 923 3859 Greveni
953 3804 1191 3863 editione
1228 3807 1356 3861 anni
1400 3808 1529 3863 1521
1565 3818 1755 3865 contu-

162 3891 297 3957 lere,
326 3895 659 3953 variantibus
682 3913 782 3954 seu
812 3901 1070 3956 auctariis
1114 3903 1166 3959 in
1207 3904 1518 3961 adversaria
1546 3907 1751 3973 relatis,

160 3985 308 4041 unde
346 3991 727 4059 percommode
766 3993 964 4048 accidit
999 4002 1078 4059 ut,
1115 3994 1260 4051 facto
1299 3999 1555 4068 temporis
1599 4016 1751 4056 com-

160 4078 382 4149 pendio,
410 4093 474 4135 ea
497 4083 678 4138 omnia
715 4086 1087 4156 compararint
1127 4104 1248 4159 quze
1278 4088 1414 4145 alias
1453 4090 1754 4158 longiorem

161 4186 370 4226 moram
400 4184 756 4247 sumptusque
802 4178 1035 4250 majores
1084 4183 1479 4253 postulassent;
1524 4186 1754 4256 puta,_si

161 4265 360 4336 singuli
391 4265 478 4321 isti
505 4268 717 4325 codices
745 4286 842 4341 per
870 4272 1013 4340 ipsos
1037 4282 1130 4329 aut
1166 4290 1265 4346 per
1293 4292 1649 4333 amanuenses
1686 4277 1754 4332 ad

160 4355 386 4410 verbum
417 4357 753 4416 describendi
787 4358 1036 4418 fuissent.
1066 4363 1191 4420 Haec
1220 4367 1403 4438 itaque
1425 4367 1606 4423 omnia
1631 4386 1751 4440 quze

162 4446 249 4499 sic
269 4445 518 4502 adnotata
542 4459 595 4503 et
614 4459 858 4506 extracta
876 4463 1021 4518 sunt,
1052 4453 1311 4512 lectiones
1342 4458 1613 4515 variantes
1659 4475 1752 4515 seu

161 4538 502 4594 accessiones
532 4539 867 4598 Usnardiuas
899 4560 1176 4615 vocamus,
1206 4563 1341 4618 quas
1382 4549 1522 4604 inter
1566 4558 1749 4606 nostra

116 4699 125 4708 .
164 4628 404 4683 auctaria
432 4629 743 4687 collocanda
770 4636 1098 4704 putavimus.

236 4719 360 4778 236'.
400 4721 631 4780 Prtefata
687 4737 954 4796 extracta,
1001 4747 1095 4787 seu
1136 4733 1464 4789 variantium
1515 4735 1749 4803 elencbi,

163 4813 334 4871 ferme
357 4815 577 4889 triginta
607 4829 735 4875 sunt
770 4839 1025 4891 numero;
1059 4836 1290 4897 suntque
1344 4829 1477 4884 adeo
1527 4829 1750 4884 totidem

163 4909 416 4978 codices,
467 4928 602 4982 quos
646 4914 691 4969 si
732 4917 979 4985 superius
1024 4921 1353 4976 enumeratis
1401 4921 1750 4989 editionibus,

162 4999 356 5071 quibus
393 5003 472 5058 usi
519 5020 738 5072 sumus,
791 5011 1232 5078 quatuordecim,
1290 5014 1565 5070 codicibus
1619 5030 1747 5071 mss.

164 5091 344 5145 decem
368 5092 424 5147 e't
452 5104 675 5166 septem,
705 5097 938 5170 denique
965 5102 1263 5158 octodecim
1287 5103 1405 5159 aliis
1432 5122 1461 5159 a
1481 5104 1751 5163 Chifﬂetio

164 5181 419 5250 collectis,
434 5186 770 5257 adjunxeris,
786 5192 990 5261 patebit
1009 5205 1336 5264 postremam
1354 5197 1494 5252 hanc
1509 5206 1749 5256 nostram

162 5274 451 5332 editionem
472 5294 537 5334 ex
566 5282 841 5338 codicibus
870 5300 1064 5357 propre
1089 5287 1361 5359 octoginta
1406 5291 1746 5359 adornatam,

166 5368 505 5436 illustratum,
546 5385 913 5447 repurgatam.
949 5376 1121 5434 Nolim
1174 5387 1354 5435 tamen
1410 5382 1750 5440 dissimulare

167 5470 281 5515 csSe
343 5462 542 5534 aliquid
604 5469 747 5536 quod
802 5469 855 5523 in
915 5471 1290 5529 collationibus
1354 5483 1409 5529 et
1472 5476 1748 5532 recensio-

169 5554 319 5609 nihus
364 5557 433 5612 ab
488 5558 828 5617 Henschenio
880 5571 934 5618 et
980 5564 1350 5636 Papebrochio
1405 5567 1563 5624 factis
1616 5569 1748 5624 mihi

170 5646 458 5718 displiceat,
513 5667 637 5707 cum
697 5669 765 5709 ex
816 5654 1172 5711 indiculorum
1224 5669 1531 5715 nostrorum
1588 5663 1747 5717 modo

167 5740 527 5815 perspexerim
576 5760 679 5799 non
734 5761 922 5802 omnes
982 5748 1423 5820 interpolationes
1471 5754 1745 5824 appositas

171 5846 305 5905 esse,
341 5844 401 5893 ut
446 5837 733 5898 manifeste
784 5841 1026 5914 comperi
1071 5841 1125 5898 in
1170 5842 1356 5902 codice
1398 5844 1742 5918 Ughclliano,

1777 4600 1829 4659 D

1862 3337 2003 3391 hanc
2031 3337 2275 3393 ultimam
2304 3340 2468 3394 etiam
2496 3342 2963 3396 annuntiationem
3004 3361 3018 3397 :
3063 3342 3296 3399 Coloniae
3339 3338 3446 3400 SS.

1863 3428 2102 3481 undecim
2143 3428 2365 3482 millium
2418 3431 2709 3500 virginum,
2761 3433 3014 3487 additur:
3068 3432 3201 3488 Harc
3241 3442 3363 3489 sunt
3416 3449 3451 3488 α

1860 3536 2022 3574 manu
2064 3520 2364 3573 recentiore.
2421 3520 2741 3591 llujusmodi
2789 3522 2983 3576 indicia
3038 3524 3172 3577 satis
3215 3523 3457 3593 probare

1858 3610 2112 3665 videntur
2137 3610 2378 3665 codicem
2431 3611 2605 3681 ipsum
2652 3613 3046 3683 autographnm
3098 3596 3296 3669 stucqu
3348 3628 3449 3669 xm

1860 3712 1952 3759 aut
1981 3702 2121 3759 forte
2164 3703 2326 3759 citius
2358 3713 2638 3759 exaratum
2686 3704 2872 3759 fuisse.
2908 3705 2981 3759 De
3027 3705 3129 3759 hoc
3173 3704 3333 3775 paulo
3361 3704 3447 3759 fu-

1858 3798 1991 3864 sius,
2024 3797 2262 3869 reliquos
2298 3813 2486 3854 omnes
2518 3798 2687 3854 multo
2728 3799 2945 3855 brevius
2988 3797 3445 3863 enumerabimus,
3474 3813 3478 3817 '

1858 3904 1921 3948 ea
1972 3893 2084 3949 sola
2113 3892 2469 3950 describendo
2519 3908 2639 3964 qua:
2683 3908 2713 3948 a
2760 3892 3110 3949 collatorilms
3159 3894 3449 3951 observata

1858 3983 2081 4039 fuerint.

1928 4075 2054 4131 258.
2094 4075 2447 4146 Antiquitatis
2502 4084 2556 4131 et
2609 4070 2972 4147 Simplicitatis
3034 4075 3225 4131 ordine
3293 4072 3449 4146 sequi

1858 4166 1948 4223 hic
2004 4167 2227 4223 deberet
2282 4169 2683 4238 manuscriptus
2735 4167 3017 4225 Usuardus
3074 4164 3479 4223 Marchianen-'

1856 4261 1950 4324 sis,
1979 4260 2144 4315 citato
2168 4275 2317 4313 num.
2351 4258 2458 4313 224
2502 4261 2664 4315 etiam
2713 4261 2993 4327 laudatus;
3029 4262 3122 4316 sed
3164 4275 3285 4315 cum
3326 4258 3457 4333 sola‘

1858 4352 2163 4424 fragmenta
2196 4351 2322 4417 duo,
2370 4367 2566 4423 nempe
2620 4353 2823 4408 mensis
2860 4350 3189 4408 Februarius
3226 4360 3281 4406 et
3321 4362 3480 4427 pars,

1856 4447 2033 4503 Martii
2065 4464 2233 4519 penes
2264 4463 2361 4503 nos
2392 4448 2521 4512 sint,
2546 4447 2703 4518 plura
2740 4446 2922 4501 dicere
2951 4445 3298 4515 supersedeo.

1927 4541 2052 4595 259.
2105 4538 2404 4594 Victorinus
2431 4539 2586 4595 citari
2615 4546 2830 4610 poterat
2855 4538 2955 4593 sub
2983 4537 3179 4608 duplici
3204 4536 3442 4602 nomine,

1855 4634 2055 4704 quippe
2082 4648 2204 4688 cum
2240 4633 2413 4688 altero
2467 4631 2731 4699 collatus;
2766 4632 2859 4688 sed
2915 4631 3047 4686 satis
3087 4631 3246 4686 estid
3278 4631 3447 4686 verbo
3480 4646 3481 4649 ‘

1855 4727 1943 4781 hic
1972 4726 2258 4782 iudicasse.
2288 4727 2577 4783 Variantes
2634 4741 2729 4782 seu
2768 4732 3021 4781 extracta
3066 4724 3270 4793 scripta
3320 4730 3447 4778 sunt

1857 4835 2021 4873 manu
2074 4817 2425 4887 llenschcnii,
2466 4819 2747 4891 prtemisso
2773 4818 2877 4873 hoc
2931 4814 3086 4871 titulo
3121 4833 3133 4869 :
3166 4812 3445 4869 Usuardus

1861 4911 2175 4966 Parisiensis
2214 4924 2313 4967 ms.
2359 4912 2529 4967 sancti
2581 4909 2825 4978 Victoris,
2849 4916 2901 4965 et
2945 4910 3166 4963 excusas
3207 4900 3443 4973 Moloni,

1856 5000 2077 5056 collatus
2112 5018 2231 5056 cum
2274 5019 2373 5057 ms.
2418 5000 2766 5057 serenissima:
2823 5001 3015 5072 regina:
3046 4996 3270 5063 Sueciw,
3304 4992 3445 5067 quod

1852 5093 2099 5164 pertinuit
2123 5110 2262 5148 anno
2282 5091 2417 5148 1521
2452 5092 2520 5147 ad
2569 5091 2900 5147 Bernartium
2940 5089 3277 5145 lIannetreau
3326 5100 3446 5157 prec

1853 5189 2115 5259 sbylerum
2137 5196 2380 5243 curatum
2407 5184 2474 5240 Β.
2512 5186 2700 5241 Mariae
2723 5188 2775 5241 in
2798 5185 3014 5241 ecclesia
3048 5181 3440 5238 Silvanectcnsi.

1865 5280 2084 5336 Videtur
2135 5280 2297 5351 fuisse
2327 5278 2555 5349 alicujus
2584 5276 2892 5332 monasterii
2918 5277 2971 5329 in
3010 5270 3218 5328 diwcesi
3254 5270 3421 5326 Nicer

1856 5377 2019 5432 ueusi.
2064 5375 2375 5444 Saepissime
2424 5372 2696 5437 convenit,
2764 5371 3006 5438 adeoque
3061 5366 3113 5420 in
3169 5358 3479 5419 Auctarlis"

1856 5484 1998 5541 saepe
2029 5468 2247 5534 citatur,
2273 5481 2395 5522 cum
2428 5464 2534 5520 alio
2555 5464 2742 5520 codice
2763 5461 2963 5533 regina:
2990 5455 3199 5513 Suecite
3229 5446 3478 5553 signate"

1851 5581 1907 5619 ιι.
1944 5561 2066 5630 150,
2108 5561 2175 5618 de
2202 5574 2308 5633 quo
2338 5558 2498 5615 infra.
3076 5642 3079 5643 ν
3295 5640 3308 5643 Α
3380 5641 3388 5643 _
3418 5630 3437 5643 ,η

1923 5655 2048 5709 210.
2080 5653 2395 5723 Sequuntur
2423 5651 2727 5720 fragmenta
2760 5645 2937 5714 aliqua
2968 5642 3171 5697 codicis
3199 5640 3441 5696 ecclesias
3476 5640 3477 5645 “

1852 5746 2199 5801 Pulsanensis
2249 5759 2312 5799 ac
2377 5740 2754 5804 Messanensis,
2780 5747 2891 5792 tum
2920 5731 3442 5819 Martyrologii'Ple-

1846 5839 2189 5904 schiouensis,
2242 5847 2480 5906 quorum
2528 5833 2762 5905 primum
2817 5845 2922 5887 non
2954 5829 3132 5902 magni
3161 5824 3440 5883 momenti
