3936 6348
513 286 619 345 555

1452 280 1823 338 USUARDUS
1858 278 2235 337 ΜΟΝΑοιίυὸ
2281 276 2934 333 SANGERMANENSIS.

3705 281 3823 337 556

513 415 632 458 cem
662 392 1072 469 prmtermisisse
1097 394 1269 451 videri
1301 394 1492 465 possit.
1525 394 1845 464 Quanquam
1874 394 1964 463 qui
1987 408 2093 447 non
2123 401 2171 456 Α
2201 394 2303 449 mis
2335 403 2615 464 perspecta
2646 393 2763 463 ejus
2809 396 2861 450 in
2894 395 3292 467 distinguendis
3329 398 3559 455 vetustis
3606 374 3826 456 chara—

514 492 710 552 minori
743 482 1118 545 benevolentia
1145 488 1437 544 Castellani
1477 488 1621 542 vices
1668 488 1938 559 supplevit
1981 501 2103 541 eru-

516 586 813 642 ditissimus
858 590 1042 638 noster
1093 580 1406 651 Stephanus
1455 580 1797 645 Chamillart,
1831 590 2101 651 postrema

516 677 822 742 collatione,
854 673 1139 731 nonnullos
1171 686 1352 728 naevos
1405 673 1795 743 observaverit.
1833 670 2101 727 Caeterum

514 772 851 829 Castellanus
896 783 1091 823 novam
1133 781 1197 821 ex
1236 766 1446 835 integro
1488 781 1611 821 cum
1658 766 1830 836 prima
1864 764 2104 821 editione

515 862 714 921 Moloni
743 860 1087 919 collationem
1117 873 1366 922 exorsus,
1396 858 1448 911 in
1477 857 1703 928 epistola
1732 857 1855 911 data
1878 856 1940 910 51
1975 853 2100 911 Maii

517 957 654 1014 1709
681 971 779 1027 per
802 954 917 1009 dies
941 950 1185 1023 singulos
1213 950 1543 1005 variationes
1563 948 1908 1020 quantumvis
1931 947 2103 1005 exiles

515 1047 869 1104 solertissime
888 1042 1186 1099 adnotavit.
1212 1041 1387 1111 Atque
1408 1056 1474 1096 eo
1495 1040 1738 1095 subsidio
1753 1039 2104 1095 vehementer

510 1138 778 1208 impulsus
807 1150 951 1200 sum,
983 1143 1043 1189 ut
1061 1148 1217 1202 opus,
1234 1132 1691 1188 fastidiosissimis
1709 1130 2104 1201 disquisitioni-

510 1231 615 1285 bus
642 1229 881 1299 plenum,
934 1226 1218 1282 audentius
1244 1226 1589 1296 aggrederer.
1625 1223 1859 1279 Fatebor
1886 1224 1975 1279 hic
2023 1224 2105 1279 in-

511 1336 685 1395 genue
708 1323 762 1377 in
790 1322 889 1377 viri
918 1321 1211 1392 hagiopltili
1242 1322 1599 1385 laudem,non
1629 1320 1825 1374 minori
1848 1327 2103 1374 constan-

513 1414 586 1467 tia
632 1413 688 1468 ln
743 1413 1089 1485 porrigenda,
1138 1414 1315 1482 quoad
1344 1412 1499 1475 vixit,
1550 1410 1890 1465 auxiliatrice
1939 1423 2102 1464 manu

513 1519 906 1578 perseverasse,
936 1520 1096 1575 quam
1119 1504 1385 1573 principio
1404 1518 1463 1557 se
1487 1502 1757 1557 facturum
1790 1498 2102 1571 spoponde—

512 1607 618 1663 rat,
663 1606 943 1668 postquam
994 1610 1091 1666 per
1143 1596 1539 1665 subscqnentes
1594 1593 1806 1647 litteras
1860 1591 1921 1645 51
1975 1589 2103 1646 Julii

517 1691 757 1760 ejusdem
781 1689 907 1744 anni
936 1688 1111 1754 datas,
1146 1703 1252 1742 non
1294 1688 1411 1743 sine
1458 1700 1692 1741 maerore
1724 1684 2101 1755 significasset,

511 1782 819 1852 superiores
844 1779 1077 1836 rmnobii
1107 1779 1280 1833 sancti
1315 1775 1593 1840 Germani,
1627 1776 1693 1831 ad
1722 1775 2101 1830 transmitten-

509 1872 635 1927 dum
666 1872 771 1928 huc
802 1872 1066 1935 codicem,
1092 1885 1189 1939 per
1216 1868 1643 1923 eruditissimum
1703 1867 2099 1923 Theodericum

511 1963 852 2018 Iluinartium
877 1962 1055 2016 induci
1087 1962 1309 2015 omnino
1341 1976 1447 2015 non
1470 1961 1731 2029 potuisse.

583 2054 703 2111 196.
730 2055 876 2110 inter
896 2055 1009 2109 haec
1030 2053 1259 2108 amicam
1287 2051 1735 2122 disceptationem
1762 2050 2102 2121 agitabamus

512 2150 579 2205 de
599 2148 922 2218 antiquitate
949 2161 1056 2201 non
1086 2145 1282 2208 solum,
1300 2145 1393 2199 sed
1416 2144 1651 2198 maxime
1673 2144 1741 2199 de
1766 2132 2100 2209 sinceritate,

510 2243 750 2313 puritate
778 2250 832 2296 et
861 2237 1338 2311 simplicitatejam
1365 2238 1494 2295 dicti
1524 2252 1667 2308 saepe
1696 2237 1917 2303 codicis,
1941 2250 2103 2308 quem

512 2346 593 2391 tot
617 2336 815 2401 litoris,
845 2332 1205 2399 erasionibus,
1224 2330 1815 2403 superinductionibus,
1842 2328 2099 2398 adjectio-

510 2428 690 2491 nibus,
723 2424 1167 2490 detractionibus,
1194 2421 1587 2477 mutationibus
1620 2434 1930 2491 respersum
1967 2418 2104 2474 ditii-

508 2519 611 2573 teri
644 2531 751 2573 non
801 2523 1042 2587 poterat;
1093 2515 1181 2570 cui
1228 2529 1350 2568 cum
1381 2527 1482 2583 ego
1531 2527 1863 2585 opponerent
1888 2512 2104 2568 codices

507 2620 746 2677 nostros,
773 2610 1077 2682 praesertim
1103 2609 1502 2673 Heriniensem,
1553 2608 1752 2676 ubique
1804 2608 2100 2678 integrum,

507 2701 762 2767 nitidum,
798 2700 1043 2771 plenum,
1074 2705 1345 2754 vetustate
1396 2706 1452 2753 et
1505 2697 1792 2768 splendore
1836 2712 2103 2752 veneran-

509 2795 669 2860 dum;
703 2794 802 2848 ivit
828 2792 896 2848 ad
924 2791 1058 2846 illud
1088 2791 1336 2861 denique.
1376 2805 1485 2860 quo
1513 2804 1574 2845 se
1603 2797 1812 2843 tutatur
1863 2787 2101 2853 Mabilio,

508 2902 705 2957 nempe
728 2900 797 2939 ex
820 2881 1153 2954 Necrologio,
1191 2879 1264 2936 illi
1317 2880 1491 2935 codici
1542 2880 1774 2951 adjecto,
1826 2887 2101 2943 constare,

509 2982 773 3050 scriptum
798 2977 948 3031 illum
976 2974 1207 3029 Usuardi
1234 2983 1501 3043 tempore,
1525 2988 1589 3027 ac
1612 2972 1838 3043 proinde
1861 2972 1929 3025 ab
1957 2972 2105 3040 ipso—

509 3080 623 3126 met
650 3076 871 3123 auctore
903 3084 917 3120 :
951 3065 1394 3135 interpolationes
1436 3078 1584 3126 vero,
1631 3062 1848 3127 lituras,
1897 3062 2103 3117 erasio-

512 3177 631 3226 nes,
656 3159 1017 3222 inductiones,
1043 3156 1534 3227 suprascriptioues
1560 3163 1617 3210 et
1635 3152 1943 3224 hujusmodi
1968 3154 2097 3217 alia,

508 3257 663 3327 signa
693 3253 794 3308 sibi
815 3251 1009 3316 videri,
1034 3265 1101 3304 ex
1135 3249 1331 3319 quibus
1371 3263 1501 3303 vere
1549 3248 1943 3320 autographum
1974 3263 2102 3302 cen-

509 3351 618 3407 seri
654 3348 867 3413 debeat,
896 3345 963 3400 ab
1011 3344 1258 3401 Usuardo
1298 3343 1414 3413 ipso
1463 3342 1695 3397 diversis
1740 3342 2098 3411 temporibus,

505 3454 607 3512 pro
640 3439 953 3496 notitiarum
981 3434 1350 3491 accedentium
1381 3433 1716 3498 diversitate,
1759 3432 1838 3487 sic
1885 3441 2103 3487 trunca-

508 3541 648 3596 tum,
676 3518 914 3592 auctum,
932 3526 1299 3589 imminutum,
1325 3524 1616 3589 variatum,
1645 3521 2101 3593 quemadmodum

508 3624 564 3679 in
596 3619 969 3694 autographis,
1002 3618 1177 3688 prima
1220 3631 1383 3670 manu
1407 3616 1643 3685 scriptis,
1676 3616 1876 3685 passim
1906 3629 2103 3669 usuve-

506 3718 628 3773 nire
652 3713 851 3772 eruditi
884 3712 1153 3768 noverint.
1202 3709 1339 3765 Hinc
1370 3709 1435 3763 ad
1466 3707 1799 3779 probandam
1854 3715 2100 3762 vetusta-

507 3818 618 3863 tem
648 3807 753 3861 huc
780 3805 847 3859 ad
874 3818 962 3858 me
988 3799 1290 3856 transmisit
1339 3797 1600 3852 Monitum
1640 3813 1669 3850 a
1703 3795 1991 3851 Mahilione
2014 3810 2103 3850 co-

509 3898 614 3953 dici
646 3896 719 3950 illi
750 3894 971 3965 propria
999 3906 1163 3945 manu
1188 3888 1488 3960 praefixum,
1540 3887 1680 3958 quod
1706 3902 1829 3941 cum
1859 3888 1913 3941 in
1936 3887 2103 3942 citata

510 3988 707 4060 saepius
728 3984 1045 4057 praefatione
1074 3983 1140 4037 ad
1167 3997 1291 4037 saec.
1328 3996 1380 4036 tv
1408 3980 1840 4045 Benedi'ctinum,
1867 3989 2017 4050 parte
2040 3996 2102 4045 ιι,

510 4096 635 4154 pag.
670 4093 917 4143 Lxxxvtt,
956 4075 1161 4130 editum
1208 4073 1509 4145 reperiam,
1557 4071 1698 4126 malo
1750 4072 1923 4141 ipsum
1980 4072 2104 4126 inde

512 4181 875 4228 transumere.
894 4167 988 4223 Sic
1009 4166 1081 4221 ibi
1104 4165 1295 4222 scribit
1316 4164 1401 4219 vir
1418 4164 1820 4219 eruditissimus
1840 4162 2103 4232 nobisque

510 4277 728 4335 semper
753 4259 1213 4317 aestimatissimus
1239 4255 1457 4311 Mabilio
1492 4274 1505 4309 :

583 4356 702 4411 197.
747 4371 765 4405 ‹
824 4352 891 4407 Et
936 4365 1068 4407 sane
1111 4348 1545 4419 antiquissimum
1579 4346 1697 4418 ejus
1733 4342 2102 4418 Martyrologii

508 4448 791 4518 exemplar
819 4448 1103 4507 habemus,
1137 4458 1202 4498 eo
1233 4452 1475 4511 tempore
1504 4439 1720 4513 (nempe
1767 4438 1966 4496 szeculo
2010 4455 2105 4493 no-

511 4557 604 4608 no,
638 4555 744 4611 quo
772 4536 1051 4595 Usuardus
1088 4534 1323 4604 vivebat)
1348 4541 1661 4598 exaratum,
1704 4546 1825 4588 cum
1863 4530 2107 4601 subjecto

512 4631 850 4703 Necrologio,
885 4631 940 4685 in
968 4645 1075 4699 quo
1107 4628 1364 4699 primaria
1402 4642 1561 4681 manu
1589 4641 1735 4681 mors
1763 4626 2105 4711 lrtnintrudis

513 4724 736 4796 reginae,
773 4721 961 4778 uxoris
984 4720 1165 4776 Caroli
1188 4720 1358 4785 Calvi,
1391 4720 1603 4791 signata
1632 4726 1715 4774 est
1737 4719 1906 4775 Nonis
1943 4717 2105 4775 Octo-

512 4796 660 4883 bris;
692 4815 871 4870 obitus
899 4827 1028 4868 vero
1052 4810 1231 4867 Caroli
1258 4810 1299 4866 ll
1324 4812 1685 4881 imperatoris,
1716 4810 1892 4881 pridie
1922 4810 2103 4865 Nonas

510 4907 766 4965 Octobris
788 4920 950 4959 manu
979 4902 1286 4959 recentiori.
1319 4902 1504 4972 Itaque
1532 4902 1619 4956 hic
1646 4901 1813 4957 codex
1865 4901 2100 4970 scriptus

511 5010 598 5058 est
626 5014 693 5055 eo
740 4998 999 5068 temporis
1051 4995 1333 5050 intervallo
1377 4995 1520 5064 quod
1561 4989 1767 5049 efﬂuxit
1820 4992 1960 5047 inter
2007 5008 2101 5045 an-

513 5111 643 5151 num
672 5093 809 5159 869,
842 5090 1185 5147 lrtnintrudis
1227 5103 1570 5159 supremum,
1621 5096 1676 5142 et
1722 5101 1922 5140 annum
1972 5085 2097 5149 877,

512 5202 625 5258 quo
649 5184 874 5241 Carolus
909 5181 1105 5238 Calvus
1136 5180 1421 5236 defunctus
1463 5187 1564 5234 est.
1595 5179 1738 5232 Idem
1781 5178 1944 5232 etiam
1973 5193 2101 5232 cou-

515 5281 765 5334 lirmatur
788 5291 851 5331 ex
884 5273 1105 5328 Ebroini
1149 5271 1384 5340 episcopi
1434 5279 1488 5323 et
1516 5268 1726 5322 abbatis
1754 5268 1925 5322 sancti
1968 5266 2099 5321 Ger-

515 5371 660 5427 mani
688 5371 859 5433 obitu,
894 5368 984 5439 qui
1017 5382 1158 5420 anno
1188 5366 1291 5420 87:8
1317 5362 1562 5433 contigit,
1589 5361 1762 5431 prima
1800 5376 1960 5415 manu
2008 5376 2099 5415 xiv

513 5462 633 5521 Kal.
672 5460 798 5516 Maii
842 5459 1191 5529 consignato;
1231 5471 1354 5511 cum
1411 5468 1787 5509 successorum
1833 5454 1950 5524 ejus
1995 5452 2103 5506 Hil.

517 5553 664 5610 duini
694 5560 751 5608 et
784 5549 1026 5615 Gozlini,
1052 5564 1142 5602 xvt
1174 5546 1296 5601 Kal.
1345 5544 1503 5610 Maii;
1535 5553 1697 5613 atque
1726 5543 1899 5607 Eboli,
1925 5560 1977 5598 vt
2003 5543 2105 5599 No-

519 5664 616 5705 nas
643 5648 892 5705 Octobris
921 5646 1100 5701 obitus
1130 5643 1365 5700 secunda
1395 5657 1553 5695 manu
1584 5640 1875 5711 conscripti
1904 5642 2030 5696 sint.
2077 5661 2094 5694 ι

519 5739 691 5797 Nimis
731 5741 860 5796 mihi
904 5740 1129 5810 probata
1168 5745 1250 5793 est
1277 5733 1577 5790 Mabilionis
1598 5734 1806 5789 sincera
1839 5733 1987 5796 ﬁdes,
2024 5734 2103 5787 ni-

2134 1745 2181 1806 B

2208 486 2447 540 cteribus
2468 485 2708 550 solertia,
2722 495 2784 540 ut
2804 486 3066 543 adductas
3077 488 3344 545 obituales
3358 500 3530 555 notas,
3546 506 3827 547 earumve

2207 576 2540 647 exploratam
2569 578 2938 635 diversitatem
2982 579 3036 633 in
3072 580 3295 635 dubium
3330 581 3490 636 velim
3520 598 3821 645 revocare,

2209 670 2457 740 quamvis
2506 670 2549 725 si
2606 670 2846 725 codicem
2895 671 3069 740 ipsum
3113 670 3355 737 licuisset
3401 673 3702 744 inspicere,
3752 689 3825 730 ac

2208 761 2471 817 severiori
2503 762 2692 817 critice
2726 761 3104 832 Necrologium
3132 764 3277 818 istud
3297 775 3572 830 excutere,
3620 768 3823 822 omnia

2211 853 2353 912 inter
2405 868 2465 908 se
2525 855 2901 924 componendo
2948 855 3425 927 conferendoque,
3484 857 3627 913 forte
3685 875 3822 913 non-

2208 945 2358 1002 nulla
2418 946 2787 1002 occurrissent
2841 962 2963 1017 qua‘
3012 948 3122 1003 vim
3176 951 3479 1021 argumenti
3537 953 3820 1025 infringe-

2209 1052 2375 1109 rent,
2444 1053 2539 1097 aut
2602 1043 2793 1098 saltem
2862 1044 3275 1115 exceptionibus
3342 1060 3529 1101 ansam
3595 1051 3821 1119 praet-e-

2210 1143 2352 1192 rent.

2280 1225 2403 1282 198.
2444 1222 2630 1296 Neque
2675 1241 2803 1283 vero
2848 1242 2916 1282 ex
2962 1228 3192 1300 signatis
3217 1226 3521 1302 Necrologii
3554 1232 3725 1285 annis
3752 1247 3815 1286 ea

2208 1319 2461 1373 convictio
2490 1318 2759 1384 exoritur,
2783 1334 2945 1390 quam
2968 1320 3100 1375 mihi
3127 1320 3415 1391 ingerebat
3439 1321 3814 1378 Castellanus.

2209 1409 2347 1479 Quid
2393 1410 2439 1465 si
2470 1410 2616 1466 enim
2664 1418 2810 1466 totus
2851 1410 2943 1466 ille
2980 1411 3175 1478 codex,
3220 1420 3441 1467 centum
3490 1423 3565 1479 et,
3619 1414 3669 1468 si
3712 1410 3813 1475 vis,

2206 1501 2455 1557 ducentis
2502 1502 2663 1557 annis
2710 1511 2837 1572 post
2889 1500 3121 1558 Usuardi
3173 1504 3382 1559 obitum
3428 1505 3676 1578 scriptus
3724 1508 3811 1571 sit,

2208 1598 2402 1668 ecquid
2463 1598 2652 1653 eadem
2702 1597 2876 1667 prima
2925 1611 3117 1652 manus
3170 1596 3553 1670 Necrologium
3630 1599 3813 1670 aliquo

2210 1700 2382 1758 usque
2437 1686 2692 1757 prosequi
2754 1687 2968 1757 potuit,
3013 1687 3331 1742 secundaria
3385 1698 3567 1742 autem
3632 1690 3813 1744 nescio

2208 1793 2329 1848 quae
2360 1776 2563 1847 reliqua
2594 1778 2992 1849 superaddere?
3018 1776 3086 1832 Ut
3111 1779 3263 1834 valde
3285 1779 3568 1849 probabile
3598 1782 3807 1835 admitti

2205 1869 2365 1925 debet
2384 1868 2685 1925 Mabilionis
2707 1879 3106 1941 argumentum,
3136 1880 3195 1924 ut
3222 1872 3577 1937 convincens,
3614 1887 3812 1942 nequa-

2210 1974 2411 2031 quam:
2442 1962 2614 2033 magis
2640 1964 3007 2027 convinceret,
3031 1962 3134 2017 nisi
3165 1963 3417 2019 adessent
3439 1979 3562 2034 qua:
3595 1965 3811 2020 incedi-

2207 2053 2288 2109 eis
2319 2054 2844 2110 commendationem
2877 2071 2983 2111 non
3016 2069 3345 2127 magnopere
3378 2056 3608 2112 faciunt.
3651 2057 3810 2113 Certe

2209 2163 2278 2205 ex
2308 2148 2429 2204 aliis
2457 2164 2580 2204 mox
2629 2150 2978 2216 deducendis,
3029 2150 3352 2205 alterutrum
3389 2150 3527 2207 forte
3558 2153 3811 2223 probabi-

2210 2242 2316 2298 lius
2358 2242 2551 2299 confici
2597 2258 2757 2314 posse
2785 2241 3085 2309 videbitur;
3117 2243 3199 2299 vel
3238 2243 3453 2299 diversa
3500 2242 3805 2301 Usuardutn

2209 2335 2496 2407 scripsisse
2533 2333 2914 2406 Martyrologia
2941 2376 2956 2401 ,
3006 2350 3101 2389 seu
3150 2330 3391 2406 ejusdem
3443 2334 3805 2408 Martyrologii

2208 2427 2418 2481 variata
2444 2427 2715 2497 exempla,
2739 2441 2806 2481 ex
2837 2442 3069 2497 quorum
3104 2441 3213 2480 uno
3244 2425 3580 2482 Heriniensis
3620 2437 3804 2483 noster

2210 2524 2373 2588 atque
2413 2517 2503 2572 alii
2548 2517 2949 2588 processerint,
3000 2515 3455 2586 quemadmodum
3501 2531 3572 2573 ex
3615 2518 3793 2588 aliquo

2209 2614 2315 2669 alio
2340 2612 2587 2668 Pratensi
2636 2611 2821 2676 simili,
2852 2611 3048 2682 sumpti
3082 2612 3344 2681 apparent
3388 2609 3803 2681 Antuerpiensis

2211 2705 2428 2773 major,
2487 2702 2881 2775 Rosweydinus
2957 2708 3013 2757 et
3059 2700 3514 2770 Aquicinctinus;
3589 2700 3678 2753 vel
3744 2702 3802 2753 ad

2214 2794 2451 2850 Usuardi
2487 2801 2701 2849 tetatem
2735 2792 3048 2861 praedictum
3092 2790 3355 2846 Pratense
3378 2791 3802 2862 manuscriptmn

2209 2888 2521 2957 pertingere
2556 2900 2664 2939 non
2697 2899 2878 2956 posse,
2926 2881 3101 2953 atque
3132 2883 3267 2939 adeo
3303 2883 3579 2939 recentius
3615 2897 3803 2937 exara-

2210 2988 2326 3033 tum
2384 2978 2486 3033 dici
2537 2985 2834 3048 oportere,
2881 2975 3134 3047 idemque
3185 2988 3214 3030 a
3275 2977 3512 3048 posteris
3566 2976 3803 3043 ejusdem

2216 3072 2447 3128 instituti
2478 3072 2779 3137 monachis,
2819 3087 2882 3127 eo
2912 3086 3021 3142 quo
3060 3070 3174 3139 jam
3219 3080 3395 3126 exstat
3433 3071 3593 3125 modo
3645 3070 3808 3124 inter-

2206 3166 2444 3238 polatum
2465 3174 2519 3221 et
2540 3164 2912 3230 reformatum,
2928 3174 3018 3219 aut
3033 3165 3213 3236 potius
3229 3165 3586 3220 deformatum
3610 3162 3803 3225 fuisse,

2204 3259 2347 3329 quod
2371 3273 2437 3313 ex
2463 3266 2573 3313 tota
2597 3258 2803 3313 codicis
2829 3267 3125 3322 structura,
3169 3272 3236 3311 ex
3267 3259 3419 3311 vario
3461 3257 3806 3319 charactere,

2206 3361 2299 3405 aut
2344 3365 2411 3405 ex
2464 3351 2745 3421 scripturae
2787 3349 3055 3420 ejusdem,
3104 3349 3336 3404 diversis
3368 3348 3718 3418 temporibus
3759 3355 3808 3400 et

2209 3442 2426 3496 diverso
2472 3449 2823 3505 atramento,
2881 3439 3255 3511 appositione,
3335 3438 3614 3509 naevisque
3697 3437 3807 3491 aliis

2204 3548 2402 3604 magno
2446 3549 2674 3588 numero
2720 3533 3157 3597 occurrentibus,
3188 3530 3291 3587 sibi
3337 3531 3596 3587 continuo
3650 3530 3805 3599 obiici

2203 3638 2383 3696 posse,
2412 3623 2569 3679 facile
2606 3624 2840 3679 advertit
2862 3623 3098 3679 Mabilio.

2278 3716 2401 3772 199.
2468 3717 2768 3772 Audiamus
2826 3731 2955 3771 vero
3004 3732 3111 3788 quo
3165 3724 3325 3786 pacto
3379 3715 3444 3769 ad
3506 3714 3631 3769 hzec
3699 3727 3807 3768 sese

2203 3809 2528 3877 praemuniat
2555 3807 2720 3863 citato
2761 3806 3072 3879 nuperrime
3116 3806 3255 3863 loco.
3315 3803 3407 3861 Sic
3447 3804 3522 3860 ibi
3578 3806 3803 3875 pergit:

2201 3898 2230 3951 ἰ
2266 3899 2323 3953 lu
2356 3898 2445 3953 illo
2471 3899 2702 3955 Usuardi
2736 3900 2838 3971 (sic
2879 3898 3024 3953 enim
3068 3897 3342 3969 appellare
3375 3896 3518 3962 licet)
3546 3906 3807 3969 autogra-

2201 3993 2313 4063 pho
2342 3992 2595 4047 nonnulla
2621 3993 2821 4064 passim
2850 3993 3220 4048 additamenta
3255 3992 3631 4063 reperiuntur,
3667 4008 3806 4063 qua:-

2202 4086 2328 4141 'dam
2361 4085 2526 4139 etiam
2564 4085 2737 4140 litura:
2766 4094 2819 4139 et
2851 4086 3155 4155 scriptum,
3201 4086 3413 4150 eodem,
3460 4093 3520 4137 ut
3563 4085 3801 4148 videtur,

2206 4185 2450 4247 tempore
2478 4177 2893 4247 superinductte,
2940 4176 3171 4233 fortasse
3221 4177 3389 4247 ipsius
3417 4177 3670 4231 auctoris
3702 4193 3807 4232 ma-

2204 4284 2299 4334 nu,
2331 4270 2420 4339 qui
2447 4285 2584 4340 opus
2610 4284 2765 4323 suum
2807 4268 3099 4323 identidem
3150 4267 3548 4339 recognoverit.
3594 4286 3614 4319 ι
3666 4265 3805 4321 Haud

2204 4360 2454 4432 equidem
2496 4359 2726 4416 diﬂiteor
2756 4361 2809 4414 id
2851 4360 2922 4414 ita
2965 4360 3081 4414 fieri
3136 4359 3402 4429 potuisse,
3432 4367 3493 4412 ut
3533 4358 3676 4413 mihi
3707 4374 3807 4413 non

2133 4491 2184 4551 Β
2211 4452 2378 4507 semel
2414 4467 2442 4505 a
2472 4451 2785 4506 Castellano
2815 4452 3018 4506 dictum
3055 4460 3439 4521 regestumque
3466 4457 3574 4502 est.
3607 4446 3806 4503 Vellem

2212 4543 2287 4597 ita
2324 4543 2619 4597 verisimile
2652 4542 2799 4597 reddi
2841 4549 3046 4611 posset,
3091 4550 3253 4612 atque
3300 4540 3506 4595 codicis
3544 4540 3700 4595 illius
3724 4554 3809 4610 pa—

2211 4637 2383 4691 tronis
2413 4634 2667 4707 effugium
2698 4633 2873 4703 placet
2918 4633 3183 4689 :aliunde
3228 4630 3373 4688 enim
3419 4631 3566 4687 infra
3617 4649 3808 4703 argue-

2209 4742 2348 4790 mus,
2381 4727 2425 4781 si
2473 4740 2632 4781 verus
2678 4733 2762 4780 est
2806 4724 3114 4781 Mabilionis
3147 4724 3413 4790 Achilles,
3448 4740 3558 4779 non
3600 4735 3807 4780 tantum

2203 4817 2328 4871 vitae
2386 4816 2635 4872 Usuardo
2698 4815 3097 4886 superfuisse;
3130 4824 3190 4869 ut
3230 4824 3309 4870 tot
3362 4815 3711 4872 variationes
3759 4817 3808 4869 in

2204 4909 2595 4979 autographum
2626 4922 2783 4961 suum
2813 4907 3113 4963 induceret.
3142 4907 3284 4979 Ergo
3312 4907 3449 4962 mihi
3475 4908 3674 4963 videor
3698 4922 3808 4961 rem

2204 5016 2419 5056 omnem
2454 4999 2677 5061 diutius,
2723 4999 3009 5065 maturius,
3042 4999 3349 5053 accuratius
3374 5009 3431 5052 et
3462 5013 3525 5053 ex
3558 4988 3810 5068 professo

2205 5092 2559 5161 expendisse,
2620 5091 2747 5146 dum
2794 5092 2985 5147 diebus
3030 5090 3256 5163 singulis
3306 5099 3489 5146 textus
3539 5091 3808 5163 singulos,

2206 5186 2315 5241 imo
2363 5183 2695 5255 singulorum
2751 5193 2995 5239 textuum
3053 5185 3632 5249 commemoratioues,
3689 5198 3811 5238 cum

2206 5280 2328 5334 aliis
2375 5277 2649 5335 codicibus
2681 5319 2694 5342 ,
2739 5278 2924 5332 itidem
2976 5277 3295 5335 Usuardinis
3326 5318 3341 5341 ,
3386 5277 3716 5348 purioribus
3761 5282 3811 5329 et

2203 5368 2592 5440 integrioribus
2617 5368 2853 5433 contuli;
2907 5383 2972 5422 ex
3020 5383 3124 5437 qua
3177 5366 3470 5422 collatione
3516 5364 3813 5421 dilliculta-

2202 5470 2290 5516 tcs
2321 5459 2536 5524 oﬂ‘eudi,
2569 5474 2689 5530 quae
2730 5459 3072 5529 praedictum,
3106 5472 3199 5512 seu
3231 5473 3374 5518 vere,
3408 5473 3504 5512 seu
3537 5454 3814 5525 pratense

2208 5553 2600 5625 autograpltum
2636 5552 2686 5606 in
2734 5551 3013 5622 pluribus,
3049 5559 3106 5605 ut
3153 5549 3438 5604 minimum
3488 5557 3812 5617 suspectum

2208 5644 2481 5707 reddant,
2538 5658 2849 5713 quanquam
2892 5642 2957 5697 de
3015 5650 3212 5696 ctetcro
3260 5641 3495 5711 primum
3553 5638 3603 5692 ei
3668 5638 3816 5691 inter

2212 5736 2345 5791 alios
2396 5733 2573 5788 locum
2639 5748 2853 5803 semper
2922 5730 3224 5786 tribuerim.
3274 5727 3455 5783 Liceat
3505 5727 3646 5781 mihi
3696 5727 3817 5783 hae-
