3936 6348
535 313 638 371 559

1446 316 1813 376 liSUARDUS
1852 321 2227 383 MONACHUS
2268 327 2913 390 SANGERMANENSIS.

2718 139 2744 157 Δ

3701 342 3811 398 560

508 408 707 488 'video.
735 430 998 498 Primum,
1030 431 1075 486 si
1107 432 1455 501 concedatur,
1487 444 1762 491 auctorem
1792 437 2109 510 Martyrolo-
2134 442 2186 503 Α
2212 458 2339 497 num
2365 444 2470 501 869
2498 455 2552 501 et
2579 446 2715 514 877;
2767 449 2879 505 imo
2908 450 3300 507 admittendum
3353 453 3457 508 erit
3502 449 3807 527 scriptum,

529 524 603 596 gii
652 522 980 588 Usuardum,
1026 539 1163 594 opus
1211 540 1366 580 suum
1408 526 1573 581 semel
1621 537 1782 599 atque
1831 530 2026 586 iterum
2054 540 2110 588 et

500 608 673 672 'forte
717 616 880 671 tertio
930 618 1337 687 transcripsisse
1392 626 1484 673 aut
1532 622 1819 677 transcribi
1867 639 2105 690 curasse,

500 700 609 764 'sic
657 717 716 763 ut
761 710 1029 779 ecgrapha
1086 708 1176 764 illa
1234 712 1541 767 successive
1588 713 1896 785 descripta,
1949 724 2109 785 prout

502 800 668 857 'forte
699 801 1007 871 imperatori
1039 810 1132 856 aut
1158 802 1279 857 aliis
1302 802 1484 859 oll'erri
1510 805 1800 873 debebant,
1829 808 1955 862 hinc
1982 807 2108 863 inde

523 900 713 961 postea
747 892 800 947 in
831 892 1102 948 nonnullis
1127 894 1193 949 ab
1220 905 1441 952 auctore
1471 897 1590 968 ipso
1623 906 1891 965 correcta,
1919 899 2105 955 limata

525 989 621 1036 aut
672 990 878 1037 mutata
920 982 1140 1049 fuerint,
1177 987 1583 1054 accedentibus,
1622 997 1680 1042 ut
1713 989 1794 1055 lit,
1829 990 1982 1045 novis
2010 1007 2106 1046 no—

524 1073 683 1139 titiis,
729 1089 821 1129 seu
866 1075 1010 1129 veris
1049 1090 1143 1130 seu
1190 1074 1363 1132 falsis.
1410 1078 1579 1134 Porro
1625 1095 1691 1134 ex
1725 1080 1954 1137 diversis
1998 1081 2105 1139 illis

522 1165 910 1236 transsumptis
955 1176 1176 1237 accepta
1224 1167 1425 1222 fuerint
1454 1172 1758 1241 apograpba
1810 1172 1898 1225 illa
1924 1214 1938 1236 ,
1982 1188 2104 1243 quae

516 1272 639 1311 cum
687 1256 1022 1328 autographo
1071 1258 1125 1313 iu
1171 1261 1342 1314 sancti
1396 1259 1651 1315 Germani
1704 1262 1931 1328 relicto,
1995 1279 2100 1319 non

515 1366 901 1421 usquequaque
946 1352 1298 1407 concordant.
1352 1352 1464 1408 Hoc
1507 1369 1636 1409 vero
1682 1355 1753 1411 ibi
1801 1366 2096 1424 servatum,

516 1435 678 1499 toties
708 1445 935 1499 subinde
962 1444 1218 1510 deletum,
1246 1442 1487 1511 erasum,
1515 1448 1979 1518 superinductum,
2014 1451 2100 1506 in-

515 1535 841 1605 terpolatum
888 1544 943 1590 et
984 1537 1326 1617 deturpatum
1376 1538 1468 1603 sit,
1520 1546 1579 1592 ut
1620 1538 1837 1596 Mabilio
1877 1542 1991 1611 ipse
2033 1544 2100 1599 de

513 1641 642 1680 vera
677 1627 793 1697 ejus
824 1627 1099 1682 authentia
1131 1628 1477 1683 dubitaverit.
1524 1630 1684 1686 Certe
1724 1631 1945 1702 aliquid,
1978 1649 2097 1689 mea

513 1719 729 1789 quidem
771 1720 1061 1784 sententia,
1101 1718 1337 1775 defuisse
1369 1719 1647 1776 fatendum
1677 1729 1779 1787 est,
1814 1738 1935 1777 cum
1967 1739 2095 1779 eru-

511 1809 609 1864 diti
639 1808 712 1863 illi
747 1810 870 1873 viri,
900 1817 977 1863 tot
1013 1809 1363 1878 antiquorum
1404 1811 1890 1880 manuscriptorum
1922 1814 2094 1871 edito-
2122 1805 2170 1867 Β

511 1915 623 1963 res,
661 1901 730 1955 ab
768 1902 872 1955 hoc
901 1900 1311 1971 promulgando,
1345 1902 1694 1972 quantumvis
1733 1918 1875 1972 saepe
1901 1919 2095 1973 provo-

501 1994 651 2055 cati,
682 1991 871 2046 tandiu
904 1991 1267 2046 abstinuerint
1305 2010 1316 2045 :
1363 1992 1547 2062 procul
1581 1993 1766 2059 dubio,
1807 1994 2093 2051 liturarum

506 2096 561 2139 et
595 2085 954 2140 mutationum
1002 2084 1482 2140 intercurrentium
1531 2084 1873 2141 multitudine
1915 2087 2096 2142 deter-

507 2176 619 2229 riti.
672 2175 777 2230 Sed
822 2174 1082 2245 quidquid
1139 2190 1169 2230 a
1209 2174 1475 2246 vulgando
1503 2174 1752 2232 Usuardo
1800 2193 1897 2233 suo
1945 2179 2093 2249 ipsos

506 2248 773 2324 remorari
817 2267 1072 2339 potuerit,
1107 2267 1192 2322 via
1244 2267 1332 2321 hic
1367 2268 1661 2337 assignata,
1707 2269 1773 2323 ad
1817 2248 2093 2328 elidendas

503 2370 560 2418 ct
601 2362 959 2433 aliquousque
1005 2360 1375 2431 explanandas
1417 2359 1660 2428 objectas
1714 2360 2087 2429 dillicultates,

503 2455 637 2511 mibi
668 2469 882 2525 semper
910 2452 1339 2518 verosimillima,
1378 2451 1604 2522 aliisque
1644 2453 1895 2509 omnibus
1927 2469 2092 2524 expe-

502 2547 667 2602 ditior
693 2546 806 2600 visa
834 2553 935 2601 est.

571 2636 696 2692 205.
739 2636 913 2690 Aliam
951 2636 1325 2703 nihilominus,
1368 2653 1461 2693 seu
1503 2636 1721 2693 modum
1761 2636 1925 2693 alium
1967 2653 2091 2708 sug-

499 2742 652 2800 gero,
680 2727 920 2799 praclatis
945 2729 1343 2799 objectionibus
1388 2744 1509 2785 sese
1537 2729 1869 2794 extricandi;
1914 2745 2089 2799 quan-

466 2814 469 2817 ’
502 2835 666 2890 quam
702 2835 808 2875 non
861 2828 1009 2873 tanta
1050 2820 1430 2890 probabilitate
1477 2820 1778 2876 subsistat:
1812 2821 1857 2875 si
1895 2835 2088 2891 nempe

501 2914 766 2984 tantisper
808 2921 1140 2983 supponatur
1171 2914 1377 2983 primos
1417 2914 1564 2983 ipsos
1615 2913 1904 2969 Usuardini
1934 2922 2086 2968 auto—

498 3007 691 3078 grapbi
733 3005 1119 3076 descriptores,
1166 3014 1260 3058 aut
1302 3021 1400 3074 per
1448 3005 1791 3061 oscitantiam
1837 3005 2087 3062 omisisse

497 3100 712 3171 aliqua,
755 3108 847 3154 aut
882 3099 1102 3170 proprio
1149 3100 1376 3154 arbitrio
1414 3099 1745 3170 decerpsisse
1782 3116 1902 3170 qua:
1948 3102 2086 3156 arri-

496 3169 707 3257 derent,
745 3169 1042 3262 eademque
1081 3191 1435 3257 auctoritate,
1481 3169 1602 3262 quae
1646 3206 1752 3246 non
1780 3169 2078 3262 placerent,
2110 3169 2157 3233 C

494 3284 844 3354 przcteriisse.
900 3283 955 3338 Id
991 3283 1243 3355 equidem
1292 3284 1427 3340 satis
1473 3283 1830 3355 plausibiliter
1869 3286 2085 3357 excogi-

495 3376 599 3430 tari
648 3391 808 3446 posse
868 3390 973 3430 non
1023 3375 1272 3440 inlicior;
1329 3389 1516 3430 verum
1564 3390 1631 3429 an
1676 3376 1867 3430 harum
1901 3392 2082 3432 rerum

492 3468 676 3538 periti,
717 3467 766 3521 id
802 3467 905 3523 sibi
945 3467 1258 3537 persuaderi
1289 3466 1606 3536 patientur?
1644 3466 1725 3520 An
1756 3468 1977 3523 credent
2028 3469 2082 3523 id

494 3568 602 3612 tam
645 3557 803 3613 facile
843 3559 1158 3629 contingere
1204 3567 1297 3612 aut
1336 3558 1596 3629 potuisse,
1649 3567 1744 3613 aut
1778 3559 1970 3615 saltem
2016 3559 2082 3614 li-

490 3651 670 3706 cuisse
689 3692 704 3717 ,
743 3652 793 3706 in
824 3666 887 3707 eo
917 3651 1259 3722 potissimum
1290 3650 1695 3723 Martyrologio,
1730 3654 1873 3723 quod
1902 3651 2080 3709 Ctesa-
2150 3664 2153 3667 '

490 3760 603 3807 rea,
635 3751 692 3796 ut
724 3744 797 3797 ita
836 3745 1032 3808 dicam,
1066 3744 1413 3807 auctoritate,
1452 3744 1518 3797 ad
1547 3758 1887 3800 communem
1914 3744 2078 3801 Galli-

490 3850 751 3889 canarum
783 3835 1147 3889 Ecclesiarum
1173 3849 1328 3888 usum
1361 3834 1773 3889 destinabatur?
1797 3836 1993 3906 quibus
2022 3836 2077 3892 id
2146 3842 2152 3847 ’

491 3925 709 3994 quidem
758 3939 1079 3978 concessum
1150 3924 1309 3978 fateri
1358 3940 1645 3993 possumus
1676 3966 1691 3990 ,
1751 3934 1810 3980 ut
1857 3926 2073 3997 propria

487 4113 646 4175 dere,
686 4118 780 4163 aut
823 4110 1368 4165 commemorationcs
1416 4119 1658 4177 mutare;
1717 4112 1769 4166 id
1801 4127 1930 4167 vero
1965 4122 2069 4177 est,

483 4202 627 4273 quod
671 4202 771 4257 sub
814 4202 942 4272 ipsis
982 4203 1262 4273 principiis
1299 4203 1603 4269 toleratum,
1654 4204 2070 4275 haudquaquam
2144 4210 2148 4215 '

481 4296 876 4350 existimamus.
926 4296 1051 4350 Ιιιεε
1087 4295 1203 4351 fere
1241 4308 1385 4362 sunt,
1423 4313 1543 4367 qum
1573 4313 1672 4368 pro
1708 4301 2067 4370 suspectanda

482 4390 565 4444 vel
615 4390 1002 4461 propngnanda
1063 4392 1367 4461 tuendaque
1412 4391 1691 4449 Pratensis
1732 4395 1938 4449 codicis
1975 4410 2068 4452 ve-

2210 539 2293 593 vel
2329 540 2518 595 saltem
2567 542 2895 613 completum
2940 542 3109 599 fuisse
3139 554 3260 615 post
3301 562 3499 601 annum
3525 548 3661 614 875,
3696 565 3809 620 quo

2206 633 2439 703 primum
2467 634 2663 692 Calvus
2686 636 2980 706 imperator
3007 648 3223 694 creatus
3251 648 3353 704 est,
3387 642 3640 713 adeoque
3669 659 3805 714 pro-

2204 726 2535 784 babilissime
2575 745 2721 785 anno
2755 731 3000 800 proxime
3036 733 3282 803 sequenti
3314 734 3439 788 876.
3485 735 3805 793 lusistendo

2206 820 2510 878 Mabilionis
2584 824 2948 895 conjecturae,
3037 841 3383 898 consequens
3450 829 3619 884 etiam
3689 832 3805 887 erit

2205 912 2407 968 obiisse
2433 912 2738 969 Usuardum
2774 925 2900 972 ante
2927 915 3149 972 Calvum
3173 957 3188 983 ,
3218 900 3345 973 cum
3374 917 3465 973 hic
3493 918 3599 974 alia
3630 935 3801 975 manu

2205 1004 2520 1080 Necrologio
2563 1009 2854 1081 inscriptus
2888 1012 2978 1078 sit,
3007 1012 3367 1083 proindeque,
3395 1022 3455 1068 ut
3492 1029 3796 1080 summum,

2180 1100 2271 1154 -ad
2320 1102 2532 1156 initium
2559 1105 2687 1159 anni
2726 1105 2832 1161 877
2866 1108 3253 1177 supervixisse,
3288 1124 3398 1165 uno
3424 1110 3650 1166 circiter
3672 1120 3798 1181 post

2204 1192 2507 1249 absolutum
2549 1203 2602 1249 et
2630 1195 2872 1251 oblatum
2901 1197 3095 1254 Carolo
3121 1201 3440 1270 imperatori
3471 1200 3796 1274 Martyrolo-

2202 1284 2347 1354 gium
2386 1300 2564 1339 suum.
2595 1286 2728 1353 Quis
2749 1286 2863 1356 jam
2907 1290 3281 1351 credatunius
3323 1301 3420 1347 aut
3465 1292 3635 1361 paulo
3672 1307 3792 1345 am-

2201 1377 2342 1447 plius
2369 1378 2494 1431 anni
2522 1379 2825 1445 intervallo,
2858 1383 2975 1435 tam‘
2991 1382 3159 1437 multa
3181 1381 3433 1439 Usuardo
3454 1385 3793 1447 occurrisse,

2200 1482 2320 1537 quze
2354 1469 2406 1523 in
2436 1468 2817 1542 Martyrologio
2845 1474 3062 1528 vixdum
3093 1474 3431 1544 imperatori,
3460 1485 3630 1548 atque
3659 1478 3793 1532 adeo

2200 1558 2443 1615 ecclesiis
2492 1560 2784 1618 Gallicanis
2832 1565 3259 1632 communicato,
3310 1567 3618 1633 eradenda,
3672 1585 3789 1623 mu-

2201 1653 2382 1716 tanda,
2412 1652 2771 1719 obliteranda,
2802 1658 3197 1727 transponenda
3219 1698 3233 1719 ,
3271 1658 3656 1729 interpolanda
3680 1659 3789 1714 fue-

2199 1742 2342 1796 rint?
2378 1742 2491 1797 lmo
2528 1744 2651 1813 quis
2688 1747 2956 1817 suspicari
2998 1749 3144 1803 ausit
3186 1748 3241 1803 id
3293 1748 3551 1805 Usuardo
3581 1760 3676 1805 aut
3709 1750 3789 1807 fas

2196 1842 2290 1888 aut
2335 1834 2600 1905 integrum
2643 1836 2832 1906 fuisse,
2886 1850 3173 1909 postquam
3224 1840 3678 1915 Martyrologium
3723 1845 3786 1899 ab

2196 1927 2523 1999 imperatore
2571 1938 2627 1984 et
2669 1931 2912 1987 ecclesiis
2962 1942 3107 1989 esset
3153 1935 3496 1990 admissum?
3555 1934 3784 2002 Rursus.

2194 2022 2317 2091 quis
2361 2022 2585 2079 suadeat
2631 2025 2792 2080 toties
2842 2041 3188 2082 recursurum
3231 2028 3483 2084 eamdem
3543 2046 3782 2097 manum,

2194 2113 2516 2180 addentem,
2567 2116 2963 2184 detrahentem,
2988 2128 3199 2186 etc.,et
3253 2129 3436 2176 tamen
3482 2130 3600 2177 tam
3644 2139 3786 2193 sape

2194 2221 2454 2276 apparere
2497 2217 2862 2264 atramentum
2914 2210 3079 2277 aliud,
3119 2211 3205 2267 vel
3250 2212 3452 2268 iudicia
3490 2213 3625 2281 alia,
3665 2230 3786 2285 qua:

2193 2298 2328 2352 satis
2367 2300 2693 2355 convincam
2734 2301 2933 2357 multos
2976 2318 3149 2359 annos
3185 2302 3456 2360 faciendis
3489 2307 3785 2363 correctio-

2193 2388 2353 2444 nibus
2383 2399 2533 2445 certo
2563 2391 2967 2449 intercurrisse.

2264 2481 2391 2536 207.
2420 2483 2578 2538 Aliud
2607 2493 2712 2551 est,
2741 2488 2883 2556 quod
2910 2487 3115 2544 codicis
3138 2487 3420 2546 Pratensis
3448 2491 3780 2546 authentiam

2191 2590 2285 2630 seu
2316 2578 2728 2648 autograpbiam
2775 2580 3036 2635 incertam
3072 2582 3271 2648 reddit,
3312 2581 3438 2637 inde
3485 2584 3778 2638 deductum

2188 2669 2332 2738 quod
2370 2669 2541 2738 prima
2579 2670 2694 2740 ipsa
2731 2672 3012 2742 scriptoris
3054 2689 3246 2729 manus
3274 2682 3531 2728 constare
3559 2674 3782 2729 omnino

2188 2766 2441 2826 nequeat.
2519 2757 2577 2814 Si
2625 2760 2768 2814 enim
2817 2762 2929 2816 sola
2990 2762 3115 2827 ista,
3166 2778 3287 2832 quae
3339 2765 3519 2833 ipsum
3566 2773 3775 2820 textum

2188 2851 2462 2921 exprimit,
2494 2853 2827 2923 autographa
2856 2864 2911 2909 et
2937 2854 3243 2916 Usuardina
3273 2871 3465 2911 manus
3490 2864 3595 2920 est,
3627 2872 3779 2926 qure-

2186 2959 2419 3013 cumqne
2455 2959 2615 2998 manu
2657 2946 2760 2999 alia
2797 2954 2853 3001 et
2892 2947 3181 3013 recentiori
3222 2948 3290 3003 ad
3322 2949 3624 3019 marginem
3667 2950 3781 3003 sive

2186 3034 2252 3088 ad
2297 3034 2499 3090 calcem
2540 3034 2892 3104 adjiciuntur,
2929 3037 3178 3093 Usuardo
3222 3037 3578 3108 adjudicanda
3626 3048 3777 3095 sunt.

2186 3124 2348 3196 Atqui
2389 3142 2496 3182 non
2546 3144 2670 3183 raro
2718 3131 2977 3195 occurrit,
3024 3139 3082 3185 ut
3113 3130 3313 3185 similia
3349 3130 3778 3199 adjectamenta,

2190 3215 2241 3269 in
2285 3216 2538 3271 omnibus
2596 3217 2718 3272 aliis
2765 3219 3042 3275 codicibus
3086 3219 3309 3291 proprio
3358 3219 3475 3275 loco
3520 3228 3776 3290 reperta,

2187 3318 2337 3364 certo
2381 3308 2756 3366 demonstrent
2816 3311 2904 3366 illa
2969 3313 3084 3385 ipsa
3131 3312 3414 3368 verissime
3464 3312 3776 3369 Usuardiua

2187 3417 2341 3468 esse;
2380 3401 2505 3456 hinc
2557 3402 2738 3472 itaque
2790 3405 3167 3474 consequitur,
3223 3404 3422 3464 omnia,
3452 3419 3571 3474 qua:
3611 3404 3674 3459 in
3710 3420 3776 3461 eo

2185 3494 2369 3549 codice
2404 3484 2772 3563 continentur,
2799 3496 2972 3566 prima
3001 3497 3115 3568 ipsa
3150 3496 3382 3553 Usuardi
3420 3513 3587 3552 manu
3641 3499 3777 3554 serio

2181 3596 2272 3655 pta
2319 3602 2425 3642 non
2470 3603 2613 3655 esse,
2658 3589 2743 3644 vel
2783 3591 2957 3662 ipsum
3004 3591 3218 3646 diverso
3263 3591 3577 3647 charactere
3615 3607 3775 3647 usum

2182 3679 2367 3745 fuisse,
2402 3696 2631 3751 quorum
2665 3682 2986 3739 alterutrum
3014 3699 3120 3740 non
3149 3683 3308 3740 facile
3335 3685 3581 3755 digerent
3616 3693 3773 3739 auto-

2178 3772 2367 3843 grapbi
2419 3773 2581 3837 illius,
2614 3789 2708 3829 seu
2737 3775 2851 3829 veri
2895 3791 2990 3830 seu
3024 3775 3277 3846 prmtcnsi
3306 3786 3772 3846 propugnatores.

2177 3863 2324 3919 lnter
2352 3866 2501 3920 varia
2533 3866 2803 3938 exempla,
2837 3867 2966 3923 illud
3007 3869 3060 3922 in
3103 3877 3480 3939 argumentum
3519 3884 3773 3930 assumo.

491 3956 709 3994 ‘1‘““‘""
758 3956 1079 3978 “’“‘”°“"'
1150 3956 1309 3978 "'W”
1358 3956 1645 3993 l"’°°"""'°
1676 3966 1691 3990 ν
1751 3956 1810 3980 “‘
1857 3956 2073 3997 P'UP'”
2140 4006 2143 4007 ν
2177 3958 2318 4026 quod
2364 3956 2520 4013 nobis
2559 3957 2717 4013 oll‘ert
2748 3961 2954 4016 mensis
2978 3959 3295 4017 Novembris
3322 3962 3436 4017 dies
3464 3979 3538 4017 vn
3575 3964 3633 4017 in
3665 3964 3775 4019 elo—

404 4043 415 4047 -
488 4016 731 4071 ecclesia:
757 4033 866 4071 sua:
897 4016 1031 4071 festa
1059 4018 1382 4087 adjicerent;
1416 4018 1644 4073 Sanctos
1672 4028 1849 4075 autem
1882 4030 2071 4075 extru-
2153 4030 2264 4087 ’σεη
2292 4048 2574 4087 unum“;
2607 4050 2856 4087 οηνηεςης
2903 4053 3141 4087 "dum";
3167 4071 3181 4085 ,
3221 4054 3388 4087 “hu
3426 4072 3624 4087 MM“-
3661 4067 3773 4087 nu,

2176 4048 2264 4118 gio
2292 4048 2576 4104 llerculani
2604 4050 2857 4107 Perusini
2903 4053 3181 4125 episcopi:
3221 4054 3388 4123 Cujus
3423 4072 3624 4126 corpus
3658 4067 3773 4125 post

2174 4139 2517 4195 abscisionem
2549 4142 2757 4213 capitis,
2785 4152 2917 4210 etc.,
2951 4146 3292 4215 dcsumptum
3325 4162 3393 4201 ex
3419 4146 3606 4219 Magni
3640 4148 3774 4205 Grc.

2173 4229 2308 4300 gorii
2342 4230 2686 4301 Dialogorum
2724 4233 2819 4289 lib.
2866 4251 2946 4300 ιιι,
2981 4250 3101 4306 cap.
3133 4236 3215 4290 l5.
3252 4236 3365 4291 Hoc
3398 4246 3583 4293 autem
3621 4257 3773 4311 repe-

2172 4322 2312 4376 ritur
2346 4323 2399 4377 in
2433 4324 2833 4395 exemplaribus
2854 4328 3129 4393 omnibus,
3160 4344 3255 4383 seu
3292 4330 3510 4399 primm,
3540 4347 3642 4387 seu
3681 4349 3770 4386 se-

2169 4415 2378 4480 cundm,
2422 4431 2517 4470 seu
2558 4417 2930 4489 cujuscunque
2971 4428 3149 4485 notae,
3193 4421 3307 4476 sire
3349 4426 3771 4497 manuscriptis,

476 4489 677 4538 tustatc
726 4482 955 4538 candide
1008 4485 1317 4539 censuimus
1347 4525 1362 4551 ,
1411 4484 1516 4540 hoc
1560 4486 1718 4541 unice
1758 4496 2066 4557 quaerentes

477 4581 534 4599 ..ο
584 4575 627 4599 ..2
681 4584 820 4599 --_u-
891 4586 1024 4599 1..-:-
1087 4586 1299 4599 _---_,_..‘
1358 4579 1438 4599 _._I
1484 4578 1589 4599 2..-‘
1644 4580 1873 4599 IT--_A__19
1912 4591 1968 4599 η.
2020 4598 2029 4599 ,

2186 4506 2283 4561 sive
2329 4507 2473 4579 typis
2516 4508 2710 4574 editis,
2755 4509 2799 4565 si
2830 4509 3231 4568 Tornacensem
3278 4522 3329 4567 et
3371 4513 3773 4574 Pulsaneusem

477 4581 538 4629 ut
581 4575 629 4630 ei
680 4584 826 4631 sarta
891 4586 1029 4632 tecta
1087 4586 1305 4633 maneat
1358 4579 1440 4634 vel
1483 4578 1599 4649 ipsa
1644 4580 1875 4636 Usuardi
1905 4591 2056 4646 tetas,

448 4652 900 4735 admittaturque
968 4667 1335 4723 correctiones
1404 4684 1630 4736 omnes,
1685 4671 2058 4742 interpolatio-

474 4771 593 4819 nes,
632 4763 762 4831 etc.,
796 4756 847 4809 in
878 4758 1076 4828 quibus
1104 4758 1290 4813 eadem
1321 4775 1514 4814 manus
1554 4771 1801 4832 apparet,
1832 4763 1901 4819 ab
1939 4762 2058 4833 ipso

473 4843 726 4899 Usuardo
757 4844 927 4901 factas
956 4847 1164 4915 fuisse;
1213 4864 1521 4920 quanquam
1573 4852 1626 4907 id
1666 4855 1873 4910 creditu
1922 4854 2059 4910 ditii-

464 4935 750 5001 cillimum,
789 4947 1008 5007 propter
1037 4939 1181 4994 aliud
1219 4956 1433 5012 quoque
1468 4954 1878 5016 argumentum,
1910 4948 2055 5018 quod

459 5018 553 5081 ltic
582 5029 826 5099 subjicio.

531 5121 654 5176 206.
694 5121 796 5190 Qui
825 5121 1133 5181 Usuardum
1161 5127 1370 5197 pridem
1406 5128 1475 5185 ad
1499 5127 1679 5183 Caroli
1703 5128 1881 5200 Magni
1912 5137 2050 5185 tem-

451 5230 588 5285 pora
643 5214 968 5286 rejccerunt,
1015 5235 1079 5274 ea
1125 5222 1272 5277 ducti
1324 5230 1452 5277 sunt
1501 5224 1731 5289 ratione,
1762 5224 1903 5294 quod
1929 5222 2047 5293 ejus

456 5304 905 5382 Martyrologium
960 5310 1157 5368 Carolo
1185 5314 1429 5386 Augusto
1494 5315 1802 5370 dedicatum
1861 5326 2037 5383 esset;

450 5409 537 5453 ast
587 5400 679 5454 alii
725 5404 1007 5460 nobiscum
1050 5416 1196 5463 recte
1248 5418 1607 5478 reposuerunt
1665 5410 2041 5479 probationem

449 5490 653 5546 nullam
691 5508 840 5560 esse,
878 5511 1001 5552 cum
1037 5507 1093 5553 et
1119 5498 1348 5557 Carolus
1385 5501 1582 5558 Calvus
1604 5503 1899 5573 Augustus,
1943 5519 2041 5560 seu

448 5582 747 5654 imperator
800 5586 996 5655 fuerit,
1038 5600 1203 5661 atque
1251 5594 1379 5648 huic
1419 5602 1478 5647 ut
1520 5594 1837 5664 imperatori
1886 5595 2040 5651 obla-

448 5684 583 5729 tum.
626 5676 802 5748 Supra
844 5689 1023 5737 autem
1071 5699 1137 5738 ex
1162 5684 1471 5741 Mabilionis
1499 5686 1813 5756 conjectura
1869 5689 2042 5745 admi-

442 5766 615 5827 simus
677 5770 938 5844 scripturn
1018 5772 1183 5831 fuisse
1261 5775 1701 5869 Martyrologium
1750 5782 1892 5837 inter
1942 5798 2039 5851 an-

2132 4597 2430 4668 .excipias,
2459 4598 2656 4669 quibus
2690 4598 3177 4659 familiarissimum
3222 4614 3307 4660 est
3349 4607 3556 4663 similia
3595 4611 3770 4682 elogia

2165 4700 2258 4745 aut
2295 4692 2602 4760 decurtare,
2642 4703 2738 4751 aut
2773 4711 2999 4766 prorsus
3041 4701 3375 4757 rescindere.
3406 4702 3484 4758 At
3504 4720 3641 4763 vero
3666 4708 3772 4763 hoc

2165 4781 2340 4852 ipsum
2372 4784 2604 4856 elogium
2652 4787 2825 4843 codici
2852 4788 3101 4847 Pratensi
3145 4793 3210 4848 ad
3255 4796 3567 4864 marginem
3616 4799 3768 4869 adje-

2163 4883 2313 4930 ctum
2338 4884 2444 4941 est,
2477 4892 2542 4933 ac
2570 4885 2707 4933 teste
2727 4878 3037 4938 Castellano
3068 4883 3121 4955 (ὰ
3141 4882 3191 4937 la
3215 4901 3395 4956 merge
3421 4897 3473 4941 et
3493 4905 3562 4943 en
3588 4889 3771 4947 lettres

2162 4968 2333 5021 maius
2385 4969 2665 5023 ancienne:
2702 4987 2803 5041 que
2845 4971 2893 5027 le
2938 4974 3096 5046 texta)
3141 4975 3246 5031 hoc
3288 4985 3405 5042 est,
3463 4982 3768 5038 recentiori

2163 5074 2330 5113 manu
2354 5076 2369 5115 :
2394 5075 2525 5130 ergo
2554 5062 2605 5116 in
2629 5063 2856 5133 praefato
2880 5066 3069 5121 codice
3090 5066 3269 5138 aliqua
3293 5084 3422 5125 vere
3449 5070 3768 5131 Usuardina

2161 5158 2310 5216 sunt,
2337 5166 2457 5221 quae
2485 5152 2837 5211 nihilominus
2865 5158 3156 5214 recentiori
3175 5175 3336 5215 manu
3364 5166 3765 5234 ascribuntur;

2157 5255 2286 5311 ergo
2313 5257 2419 5295 non
2462 5252 2675 5298 constat
2699 5245 2929 5314 primam
2960 5264 3177 5303 manum
3202 5264 3325 5306 esse
3362 5251 3764 5313 Usuardinam.

2157 5330 2372 5398 Qmero,
2407 5341 2529 5387 utra
2563 5333 2668 5388 sit?
2708 5334 2844 5390 Falli
2873 5346 2930 5392 et
2959 5338 3141 5394 doceri
3181 5342 3359 5412 cupio,
3394 5354 3455 5399 at
3492 5356 3575 5402 tot
3599 5348 3767 5405 defe-

2156 5432 2293 5487 ctus,
2318 5434 2627 5496 augmenta,
2657 5426 3021 5498 inductiones,
3043 5432 3431 5501 mutilationes,
3450 5439 3767 5510 etc.,plane

2154 5520 2296 5568 natae
2325 5524 2454 5568 sunt
2483 5515 2845 5586 suspicionem
2876 5519 3122 5591 injicere,
3158 5523 3402 5579 codicem
3438 5527 3767 5601 illum‘qna-

2152 5603 2517 5674 lemcumque,
2554 5623 2660 5661 non
2706 5610 2878 5680 magis
2905 5588 3070 5681 quam
3098 5622 3329 5671 caeteros
3374 5588 3765 5691 autogrgp'liia:

2150 5696 2508 5768 prterogativa
2540 5698 2817 5753 donatum.
3104 5697 3112 5706 ’

2221 5782 2347 5837 208.
2380 5783 2507 5840 Haec
2542 5797 2593 5842 et
2634 5804 2982 5862 quaecunqure
3028 5792 3132 5849 alia
3175 5797 3227 5850 in
3255 5793 3765 5856 Observationibns
