3936 6348
118 380 223 436 561

1491 366 1864 425 PROLEGOM
1875 366 2005 423 ENA
2017 406 2029 424 .

3288 370 3393 424 562

119 490 445 550 Usuardinis
492 489 559 544 de
609 486 974 543 illustrissimo
1023 486 1233 549 codice,
1264 486 1407 540 ultro
1461 484 1707 553 citroque
1732 482 1784 541 A
1810 481 2091 548 stellantis,
2123 482 2333 537 sincere
2377 482 2647 549 testando,
2691 484 3156 540 annuntiationem
3184 485 3339 540 istam
3376 505 3389 539 :

116 586 301 649 dicta,
364 581 445 637 sic
482 579 643 636 velim
702 577 971 647 accipiant
1033 575 1386 631 eruditissimi
1445 575 1706 643 nobisque

113 674 524 733 mstimatissimi
569 671 684 727 RR.
708 670 812 726 PP.
837 668 1172 726 Benedicttni
1213 667 1385 724 sancti
1422 666 1702 730 Germani,

116 776 202 830 ut,
231 744 475 820 veritatis
503 761 820 833 indagandae
844 760 1039 832 gratia,
1064 759 1224 815 unice
1252 759 1492 814 discussa
1513 765 1567 814 et
1591 757 1703 812 dis-

114 866 328 931 putata.
376 855 558 914 Solam
608 853 780 919 illam,
817 852 988 909 solam
1030 850 1391 908 Usuardinam
1442 848 1705 920 simplici-

119 962 312 1018 tatem,
348 952 462 1023 jam
502 959 580 1005 tot
618 948 777 1004 annis
799 956 961 1017 atque
998 961 1066 1002 ex
1104 954 1213 1001 tam
1236 946 1406 1001 variis
1435 943 1706 1015 exempla-

116 1045 700 1118 ribusqua‘sivimus;
750 1059 872 1114 qua:
908 1044 953 1098 si
991 1058 1056 1099 ex
1101 1042 1215 1099 solo
1235 1041 1484 1097 Pratensi
1515 1057 1709 1097 manu-

117 1141 326 1211 scripto
350 1139 557 1195 hauriri
586 1137 873 1208 potuisset,
901 1151 1007 1191 non
1035 1135 1286 1191 existimo
1314 1135 1517 1191 codicis
1564 1135 1707 1191 illius

116 1243 499 1300 possessores,
544 1236 623 1283 tot
657 1225 872 1282 saeculis
907 1227 1148 1282 eruditos
1188 1242 1397 1287 omnes.
1435 1225 1552 1295 ejus
1595 1227 1708 1281 avi-

118 1320 384 1384 dissimo,
430 1328 581 1374 tanto
629 1320 887 1374 thesauro
947 1318 1255 1388 privaturos
1302 1318 1490 1374 fuisse.
1559 1318 1709 1374 Solet

114 1408 324 1478 passim
342 1408 501 1479 longe
524 1408 698 1479 pluris
724 1407 843 1462 lieri
858 1406 1053 1462 Molani
1077 1409 1264 1472 editio,
1280 1425 1442 1479 quam
1458 1408 1708 1464 laudatus

120 1504 285 1555 toties
330 1501 523 1566 codex,
578 1500 694 1556 sive
723 1514 850 1555 vere
876 1502 993 1554 sive
1019 1511 1283 1569 praetense
1315 1503 1704 1573 autographus,

118 1607 222 1648 nec
250 1608 337 1647 me
367 1592 419 1647 in
466 1592 539 1646 ita
567 1591 917 1648 sentientium
960 1607 1184 1646 numero
1209 1608 1330 1648 esse
1360 1592 1575 1648 dilliteri
1605 1609 1706 1647 au-

118 1685 259 1739 sim.
296 1682 354 1738 Si
398 1681 575 1748 fallor,
623 1697 864 1738 errorem
905 1692 960 1737 et
1001 1684 1132 1738 mihi
1173 1692 1228 1739 et
1266 1686 1479 1740 caeteris
1502 1687 1709 1742 eximat

117 1789 187 1829 ex
234 1787 298 1827 ea
343 1772 698 1828 celeberrima
745 1772 1183 1845 Congregationc
1232 1775 1426 1830 doctus
1473 1775 1701 1846 aliquis,

1806 570 1875 625 In
1926 582 2097 626 monte
2154 571 2421 639 Verziaco,
2461 580 2592 638 etc.,
2637 575 2956 629 secundaria
3004 574 3183 645 aliqua
3228 591 3392 631 manu

1805 660 1981 717 codici
2028 660 2276 717 Pratensi
2306 660 2593 731 adiectam,
2626 671 2687 719 ut
2732 680 2827 719 xm
2864 664 3106 720 Januarii
3140 668 3390 739 agnosci-

1805 767 1955 820 mus;
1989 752 2044 807 id
2081 753 2226 824 quod
2264 768 2295 808 a
2336 751 2628 811 Sirmondo
2668 761 2722 810 et
2760 752 3006 812 Cortasio
3046 754 3393 814 observatum

1806 856 1912 896 non
1944 841 2142 897 fuerat.

1874 935 2024 990 21ου
2045 936 2101 992 Si
2122 936 2205 991 de
2247 937 2529 1007 utriusque
2555 939 2909 1007 manuscripti
2951 946 3223 995 vetustate
3249 954 3398 1010 qua:-

1807 1026 1968 1092 ritur,
2002 1026 2145 1083 ultro
2187 1036 2242 1083 et
2276 1027 2467 1083 lubens
2496 1027 2691 1095 fateor,
2726 1027 3104 1084 Heriniensem
3146 1036 3396 1085 nostrum

1806 1119 2214 1175 membraneum
2258 1118 2507 1174 Pratensi
2554 1119 2789 1189 palmam
2836 1120 3056 1175 omnino
3104 1120 3317 1186 cedere,
3349 1122 3396 1176 si

1806 1209 1891 1265 vel
1941 1210 2055 1266 sola
2104 1195 2658 1269 characterisforma
2713 1212 3044 1276 attendatur,
3074 1227 3227 1282 quae,
3260 1221 3401 1270 teste

1806 1297 2135 1367 Castellano,
2167 1300 2221 1356 in
2246 1300 2497 1356 Pratensi
2529 1302 2746 1358 modum
2783 1302 3053 1359 scribendi
3085 1301 3401 1372 antiquissi-

1808 1412 1955 1451 mum
2001 1395 2186 1460 refert,
2211 1411 2374 1466 quem
2424 1396 2537 1466 ipsc
2575 1405 2733 1453 vocat
2761 1395 3256 1467 Carlovingiacum;
3290 1393 3399 1450 He-

1809 1485 2060 1540 riniensis
2098 1502 2246 1552 vero,
2302 1486 2461 1557 paulo
2513 1486 2900 1558 elegantiorem
2948 1502 3013 1540 ac
3061 1484 3398 1552 nitidiOrem,

1808 1577 2015 1633 duobus
2044 1578 2323 1632 minimum
2354 1577 2565 1634 sceculis
2596 1579 2974 1649 posteriorem.
3008 1577 3080 1631 At
3108 1579 3153 1633 si
3184 1579 3398 1648 purita-

1812 1677 1917 1723 tem
1945 1680 2272 1740 Spectcmus,
2299 1669 2691 1735 sinceritatem,
2722 1669 3111 1739 integritatem,
3141 1671 3403 1742 simplici-

1809 1768 2010 1827 tatem,
2057 1776 2163 1815 non
2225 1760 2449 1816 dubium
2491 1769 2576 1816 est
2628 1761 2757 1832 quin
2804 1762 2975 1817 codex
3019 1771 3207 1818 noster
3244 1762 3401 1818 alteri

118 1863 421 1933 harumque
470 1879 651 1918 rerum
700 1864 947 1933 peritus;
972 1843 1137 1920 dubia
1174 1880 1313 1930 mea,
1348 1866 1457 1922 imo
1494 1843 1702 1934 errata,
1732 1843 1966 1923 B’longe
1995 1851 2304 1908 antecellat.
2339 1851 2624 1923 Scriptura
2651 1862 2975 1909 vetustatem
3020 1855 3154 1909 Satis
3183 1855 3398 1925 probat,

120 1954 176 2008 in
220 1969 371 2024 quae,
414 1953 603 2008 codice
647 1953 763 2024 ipso
805 1954 1072 2023 privatus,
1120 1955 1308 2020 incidi,
1353 1956 1608 2027 explanet
1651 1968 1707 2013 et

120 2044 322 2110 diluat;
352 2046 561 2115 primus
597 2060 698 2117 ego
738 2047 1141 2116 promptissime
1185 2051 1490 2105 retractaho
1552 2053 1705 2121 quid-

119 2134 248 2205 quid
291 2133 426 2189 forte
468 2135 535 2189 de
568 2137 902 2207 autographo
934 2138 1025 2192 illo
1066 2139 1307 2208 iniquius
1338 2142 1572 2197 sensisse
1599 2142 1705 2197 dici

117 2241 360 2296 possum.
396 2225 541 2281 Salis
583 2227 832 2298 equidem
863 2230 931 2285 de
971 2232 1244 2301 republica
1289 2233 1550 2289 litteraria
1594 2250 1706 2291 me-

119 2317 265 2369 ritus
307 2316 548 2382 videbor,
581 2318 626 2372 si
658 2318 711 2372 id
744 2319 811 2375 ab
840 2319 972 2389 ipsis
1000 2320 1366 2391 importunius
1400 2313 1704 2390 extorsero,

121 2413 275 2482 quod
330 2430 484 2468 nemo
529 2415 791 2471 hactenus
848 2417 1099 2486 precibus
1140 2427 1194 2472 et
1237 2420 1708 2476 exhortationibus

119 2502 418 2575 impetrare
463 2506 673 2560 valuit:
707 2516 854 2576 pota,
907 2509 951 2563 si
997 2507 1048 2562 id
1094 2509 1519 2567 dubitationibus
1570 2514 1707 2567 meis

117 2595 352 2657 alliciam
383 2607 440 2652 ut
468 2596 775 2655 Usuardum
811 2600 913 2669 ipsi
942 2617 1099 2657 suum
1127 2604 1308 2658 nativa
1337 2604 1705 2675 simplicitate,

118 2688 321 2758 iisque,
349 2690 546 2760 quibus
573 2691 859 2756 voluerint,
887 2694 1325 2751 adnotationibus
1354 2697 1707 2763 vindicatum,

116 2778 324 2849 publici
366 2780 505 2851 juris
549 2782 841 2853 aliquando
882 2783 1114 2851 faciant;
1158 2787 1267 2842 imo
1310 2788 1356 2844 si
1388 2791 1578 2845 eodem
1610 2791 1709 2845 im-

117 2881 248 2941 petu
302 2873 607 2930 Usuardum
661 2886 905 2932 nostrum
961 2888 1245 2936 succutere
1288 2894 1574 2945 conentur,
1629 2884 1711 2939 sic

116 2967 407 3033 cecidisse,
447 2969 754 3039 triumphus
791 2971 898 3026 erit
924 2989 940 3039 ;
969 2973 1219 3029 eumdem
1260 2990 1449 3031 omnes
1491 2991 1710 3048 scepum

116 3056 407 3127 prmlixum
436 3058 720 3126 habemus,
762 3070 843 3127 ut,
883 3063 1161 3133 dissipatis
1202 3066 1464 3133 tenebris,
1501 3084 1713 3124 errores
1748 3112 1751 3115 .

116 3147 491 3218 depellantur,
518 3162 743 3207 eruatur
766 3150 988 3219 veritas,
1023 3156 1319 3226 antiquitas
1341 3159 1711 3214 ecclesiastica

115 3239 208 3293 vel
232 3240 449 3296 amulis
475 3242 668 3298 studiis
696 3236 1020 3311 illustrétur,
1058 3247 1127 3301 ad
1156 3246 1419 3316 majorem
1448 3250 1541 3306 Dei
1586 3266 1713 3306 san-

115 3341 447 3404 clarumque
477 3332 730 3408 gloriam.

279 3475 308 3540 §
344 3475 409 3532 ll.
428 3503 493 3516 —
512 3478 587 3532 De
612 3490 777 3532 nostro
799 3485 1031 3547 primario
1050 3485 1335 3538 Heriniensi
1358 3488 1542 3541 codice.

192 3601 325 3658 209.
378 3603 663 3662 Bollandus
710 3607 857 3683 dicto
904 3610 1152 3680 superius
1215 3608 1550 3681 praefationis
1601 3611 1720 3668 loco

109 3711 251 3767 pag.
264 3694 362 3763 51,
378 3706 660 3768 postquam
682 3698 1026 3767 Pratensem,
1041 3710 1097 3756 et
1110 3701 1273 3756 alium
1295 3701 1460 3757 Mirzei
1476 3702 1717 3760 codicem

108 3785 429 3853 laudasset,
459 3789 537 3844 sic
557 3791 733 3862 pergit
761 3806 775 3845 :
812 3810 831 3844 ι
863 3791 968 3846 Sed
992 3793 1134 3862 quod
1155 3809 1317 3863 supra
1341 3794 1505 3851 citavi
1538 3809 1721 3850 exem-

106 3878 250 3949 plar
270 3888 539 3946 nostrum,
563 3881 779 3952 utrique
806 3881 883 3937 illi
908 3882 1064 3953 longe
1089 3883 1342 3953 praefero,
1366 3894 1423 3939 et
1448 3887 1635 3956 purius
1656 3903 1721 3942 ac

106 3971 403 4027 sincerius
441 3987 588 4041 reor,
612 3990 735 4028 nam
760 3975 1197 4046 antiquissimum
1232 3977 1360 4032 illud
1391 3978 1718 4046 Parisiense,

107 4062 314 4119 Idibus
352 4062 593 4145 Januarii
629 4066 746 4122 haec
787 4069 949 4124 nabct
980 4086 993 4121 :
1026 4068 1083 4123 In
1121 4078 1306 4125 monte
1344 4069 1624 4135 Verziaco,
1660 4071 1717 4127 S.

113 4152 379 4209 Viventii
408 4156 752 4223 confessoris,
782 4173 906 4213 cum
928 4167 1162 4225 constet,
1192 4170 1315 4230 post
1342 4160 1569 4217 Usuardi
1597 4171 1726 4216 mta-

109 4257 248 4302 tem
282 4247 579 4305 translatas
602 4264 722 4306 esse
748 4249 1068 4321 Vergiacum
1099 4249 1156 4307 S.
1192 4252 1421 4308 Viventii
1443 4254 1721 4324 reliquias,

99 4337 237 4393 nisi
270 4338 535 4394 extremis
575 4339 806 4396 fortasse
836 4340 982 4397 Calvi
1023 4342 1354 4413 temporibus
1396 4344 1637 4416 scripsit,
1671 4354 1725 4400 ct

100 4430 223 4484 diu
253 4437 446 4500 postea
486 4430 560 4485 illi
606 4440 882 4502 superstes
916 4432 1070 4498 vixit,
1106 4433 1317 4503 istaque
1355 4443 1484 4489 tunc
1522 4436 1727 4490 adscri-

1809 1944 2023 1999 tametsi
2070 1958 2102 1997 a
2141 1943 2472 2012 peritissimo
2511 1944 2732 1999 librario
2767 1945 2977 2015 depicta
3009 1946 3099 2009 sit,
3132 1947 3405 2016 habetque

1806 2049 1919 2106 prae
1957 2033 2172 2088 caeteris
2212 2032 2383 2088 ferme
2415 2034 2715 2099 codicibus,
2746 2036 2889 2103 quod
2931 2036 3325 2106 diphthongum
3357 2053 3406 2092 ce

1808 2127 1954 2183 clare
1988 2140 2203 2195 seraper
2237 2124 2485 2182 ell‘ormet
2530 2142 2627 2197 per
2666 2135 2729 2193 e,
2774 2136 2993 2197 recepto
3041 2143 3193 2183 more
3236 2143 3409 2183 saccu-

1809 2221 1860 2278 lo
1890 2238 1968 2287 xr,
2004 2222 2070 2276 ad
2112 2222 2257 2291 quod
2288 2222 2533 2278 codicem
2579 2222 2730 2278 illum
2776 2224 3140 2279 revocandum
3172 2223 3407 2293 majores

1808 2313 1981 2369 nostri
2028 2313 2223 2393 merito
2249 2322 2598 2380 censuerunt,
2628 2330 2750 2369 cum
2781 2314 2911 2369 nulli
2942 2315 3114 2370 sancti
3141 2330 3207 2371 eo
3235 2331 3408 2371 saecu-

1808 2407 1861 2462 lo
1906 2408 2242 2463 recentiores
2297 2407 2642 2477 adjiciantur.
2698 2409 2792 2465 Sic
2840 2424 2931 2465 xtx
2983 2409 3182 2480 Aprilis
3233 2410 3406 2465 textui

1811 2497 2118 2553 Usuardino
2160 2499 2459 2553 attexitur:
2493 2499 2759 2568 Depositio
2796 2501 2977 2555 damni
3012 2499 3202 2555 Leonis
3231 2517 3406 2571 paptc,

1808 2590 1897 2661 qni
1921 2588 2213 2644 Ecclesium
2238 2590 2377 2644 beati
2411 2590 2634 2661 Remigii
2662 2592 2921 2646 dedicavit
2948 2611 2966 2647 :
2998 2594 3115 2659 sed,
3140 2602 3200 2647 ut
3228 2593 3405 2657 vides,

1810 2683 2016 2752 absque
2066 2684 2241 2757 sancti
2311 2681 2500 2748 titulo;
2554 2682 2688 2736 obiit
2743 2684 2998 2738 nimirum
3054 2700 3196 2739 anno
3242 2683 3405 2739 1054.

1809 2764 1943 2831 Item
1974 2773 2160 2830 tJunii
2199 2775 2366 2847 legit:
2404 2774 2638 2830 Treveris
2688 2777 2922 2843 civitate,
2963 2777 3219 2848 deposi:io
3260 2777 3399 2832 beati

1812 2867 2071 2924 Simonis
2122 2870 2401 2934 monachi,
2461 2879 2593 2935 etc.,
2648 2884 2811 2939 quem
2861 2880 3133 2926 mortuum
3190 2879 3409 2927 constat

1813 2976 1955 3015 anno
1994 2960 2152 3017 1055.
2183 2958 2362 3018 Titulo
2406 2962 2540 3016 beati
2582 2962 2899 3033 insignitur,
2927 2962 3202 3017 communi
3234 2963 3411 3017 nomi-

1815 3069 1902 3119 ne,
1934 3054 2096 3110 etiam
2141 3062 2266 3124 post
2298 3056 2765 3111 eanonizationem
2804 3058 2970 3127 (anno
3010 3056 3148 3111 1042
3187 3056 3408 3122 factam)

1817 3161 1847 3197 a
1872 3145 2251 3217 Martyrologis
2288 3146 2451 3201 tribui
2486 3147 2664 3203 solito.
2691 3148 2824 3203 Cum
2864 3157 3045 3203 autem
3078 3164 3133 3203 Ix
3163 3147 3287 3204 Maii
3322 3166 3409 3205 re-

1821 3234 2029 3291 feratur
2070 3236 2350 3292 translatio
2382 3239 2553 3292 sancti
2589 3238 2825 3304 Nicolai,
2857 3240 2901 3295 si
2951 3239 3066 3295 htec
3110 3254 3238 3295 vere
3284 3257 3416 3296 con-

1822 3327 1940 3397 tigit
1981 3342 2123 3382 anno
2156 3328 2313 3394 1087,
2358 3330 2619 3399 consequi
2666 3331 2829 3386 debet
2877 3331 3119 3387 codicem
3163 3340 3413 3388 nostrum

1821 3416 1921 3471 sub
1951 3416 2135 3471 saeculi
2166 3416 2327 3472 linem
2354 3427 2637 3473 exaratum
2669 3418 2855 3476 fuisse.

1890 3506 2015 3561 2U.
2058 3504 2183 3561 Scio
2213 3506 2446 3576 majores
2477 3517 2693 3564 nostros
2727 3524 2826 3579 pro
2857 3511 3261 3567 occurrentium
3302 3513 3413 3566 cir-

1822 3599 2269 3654 cumstantiarum
2305 3600 2585 3668 varietate,
2616 3617 3007 3672 nonnunquam
3053 3604 3200 3660 circa
3249 3604 3413 3673 hujus

1823 3691 2026 3747 codicis
2072 3700 2307 3757 aetatem,
2356 3692 2667 3763 opinionem
2719 3694 2986 3750 tantillum
3032 3703 3295 3760 mutasse,
3335 3696 3416 3750 uti

1824 3784 1890 3840 de
1916 3783 2261 3841 Henschenio
2284 3784 2527 3842 invenies
2567 3788 2939 3854 tomollunii,
2978 3803 3101 3860 pag.
3147 3803 3414 3852 Lxxxvm,

1826 3878 1930 3934 litt.
1947 3877 2035 3944 D.;
2055 3880 2192 3934 atde
2205 3879 2520 3936 sinceritate
2539 3888 2595 3936 et
2614 3881 2849 3952 puritate
2872 3879 3108 3937 dubitari
3128 3882 3413 3952 haudqua-

1825 3987 1987 4042 quam
2020 3972 2214 4043 potuit.
2252 3970 2368 4027 Non
2412 3973 2722 4043 negaverim
2756 3973 3063 4030 additiones
3113 3974 3324 4045 aliquas
3350 3976 3422 4031 ah

1826 4064 2077 4121 Usuardo
2124 4065 2369 4121 diversas
2417 4066 2545 4120 hinc
2588 4066 2711 4121 inde
2761 4082 3085 4133 occurrere;
3135 4083 3324 4123 verum
3376 4068 3422 4126 si

1829 4156 2183 4222 Rhemenses,
2224 4165 2319 4211 aut
2359 4157 2650 4227 provincia:
2696 4157 3039 4223 Rhemensis,
3075 4173 3195 4229 qua:
3226 4146 3423 4214 'fcrme

1829 4247 2109 4304 Treverim
2142 4264 2314 4319 usque
2350 4248 2762 4313 extendebatur,
2801 4250 2974 4305 sancti
3012 4261 3421 4317 removeantur,

1828 4338 1949 4393 luce
1980 4339 2280 4394 meridiana
2319 4338 2517 4393 clarius
2555 4347 2795 4409 patescet
2827 4340 2969 4394 inter
2992 4354 3183 4395 omnes
3212 4338 3421 4394 Usuar-

1830 4434 1986 4487 dinos
2011 4433 2245 4497 codices,
2274 4440 2385 4486 tum
2415 4447 2662 4497 excusos,
2689 4440 2800 4487 tum
2826 4432 3248 4503 manuscriptos,
3273 4431 3424 4502 prin-

98 4523 260 4595 psit.
315 4520 425 4579 Sed
465 4538 496 4578 a
538 4533 725 4580 nostro
754 4526 868 4591 illa,
893 4528 1036 4596 quod
1067 4527 1187 4582 ideo
1227 4527 1398 4598 magis
1432 4528 1724 4598 genuinum
1754 4565 1805 4626 Β
1831 4524 2005 4594 cipem
2044 4522 2218 4577 locum
2256 4521 2604 4576 meritissime
2636 4531 2840 4588 tenere,
2873 4523 3117 4592 adeoque
3145 4538 3210 4577 ex
3242 4522 3424 4592 aliquo

99 4628 362 4678 censeo,
393 4614 591 4670 absunt
631 4616 948 4686 exemplari.
989 4617 1111 4672 Fuit
1150 4616 1254 4673 hoc
1299 4620 1569 4686 quondam
1606 4633 1723 4673 mo-

96 4705 366 4765 nasterii
411 4705 926 4782 Carthusianorum,
978 4711 1122 4779 quod
1161 4708 1225 4765 B.
1264 4710 1444 4765 Mariae
1487 4710 1757 4780 Virginis.

94 4796 374 4868 Capellae
402 4797 619 4864 dicitur,
651 4800 766 4854 sive
804 4799 872 4855 de
910 4798 1140 4856 Herines
1175 4819 1195 4852 ι
1227 4800 1377 4872 (hinc
1416 4816 1517 4856 nos
1557 4800 1725 4857 Ηειιι-

92 4902 348 4948 msssns
371 4887 783 4960 appellationem
811 4889 1200 4962 derivavimus)
1227 4909 1245 4942 ι
1260 4888 1416 4958 juxta
1439 4890 1725 4963 Edingam,

91 4991 229 5039 aut
259 4986 327 5035 ut
355 4995 497 5034 nunc
524 4979 825 5051 appellatur
844 4980 1207 5051 Enghianum,
1230 4980 1399 5054 Belgii
1428 4984 1682 5054 oppidum
1712 5002 1724 5037 :

1832 4614 2137 4670 Usuardino
2159 4613 2512 4684 autographo,
2543 4614 2627 4668 vel
2657 4615 2845 4670 saltem
2877 4617 3168 4687 purissimo
3195 4633 3424 4687 apogra-

1832 4707 1939 4776 pho
1974 4704 2103 4759 olim
2154 4704 2319 4761 fuisse
2365 4704 2715 4776 descriptum.
2744 4706 3041 4763 Dillicultas
3079 4707 3423 4763 Henschcuio

1831 4800 1943 4855 visa
1972 4808 2059 4854 est
2085 4799 2229 4869 quod
2266 4814 2334 4854 xv
2360 4797 2610 4855 Octobris
2641 4800 2694 4853 in
2725 4808 2873 4854 textu
2906 4800 3145 4856 secundo
3186 4800 3305 4857 loco
3345 4802 3427 4858 in-

1832 4902 2048 4948 seratur
2080 4909 2092 4945 :
2129 4889 2325 4945 Eadem
2353 4890 2438 4946 die
2461 4908 2479 4945 :
2506 4892 2676 4946 sancti
2705 4891 2957 4958 Oswaldi,
2985 4894 3211 4963 episcopi
3234 4903 3281 4946 et
3299 4910 3426 4948 con-

1834 4984 2069 5055 fessoris,
2109 4992 2168 5038 ut
2216 4983 2444 5038 habetur
2495 4983 2722 5039 tomolll
2750 4984 3058 5051 Februarii,
3114 5001 3234 5055 pag.
3270 5000 3420 5041 DCCL.

1838 5076 1944 5133 Sed
1974 5085 2101 5131 tunc
2139 5076 2192 5130 in
2223 5091 2286 5131 ea
2314 5085 2433 5131 erat
2461 5077 2716 5145 opinione
2757 5077 3130 5133 llcnschenius
3160 5079 3302 5148 quod
3335 5095 3427 5132 co-

91 5072 339 5135 deinde
364 5071 646 5151 Augustini
686 5071 937 5138 Hunnaai,
971 5073 1070 5128 viri
1111 5073 1344 5130 celebris
1387 5072 1509 5140 fuit,
1541 5084 1728 5145 postea

88 5168 403 5224 donatum
457 5163 682 5234 collegio
742 5171 928 5219 nostro
978 5163 1323 5221 Lovaniensi.
1374 5185 1393 5217 ι
1437 5165 1590 5233 Quod
1640 5165 1732 5222 hic

88 5254 440 5316 Bollandus
485 5249 957 5324 praeclarissimum
1001 5255 1245 5311 codicem
1289 5264 1532 5312 nostrum
1578 5256 1729 5311 Heri-

85 5349 393 5406 niensem
448 5344 692 5400 Pratensi
737 5344 992 5416 pneferat
1041 5345 1265 5401 minime
1313 5347 1512 5414 miror;
1560 5349 1732 5420 magis

84 5440 314 5499 etiam
351 5435 585 5491 fortasse
629 5436 970 5508 praetulisset,
1002 5436 1048 5492 si
1079 5435 1228 5493 labes
1259 5439 1500 5494 novisset
1525 5448 1578 5494 et
1613 5456 1730 5494 ma-

82 5529 337 5593 culas,
379 5527 578 5596 quibus
628 5542 932 5597 respersum
974 5541 1094 5584 esse
1134 5543 1165 5583 a
1205 5528 1512 5585 Castellano
1554 5530 1734 5585 edocti

80 5632 341 5681 sumus
369 5634 383 5670 :
411 5617 661 5687 praeferet
708 5618 965 5688 quilibet,
1018 5620 1120 5675 nisi
1161 5622 1510 5677 vehementer
1553 5622 1731 5688 fallor,

74 5712 230 5788 qui
265 5717 559 5778 utrumque
587 5710 885 5781 inspexerit
909 5710 1326 5782 contuleritque.
1358 5711 1555 5781 Verum
1585 5714 1734 5782 illud,

74 5817 257 5880 quo
303 5799 591 5855 Bollandus
640 5801 829 5868 utitur,
861 5812 1236 5875 argumentum
1276 5804 1425 5859 elidit
1469 5805 1607 5860 idem
1635 5807 1737 5862 Ca-

1838 5168 1942 5224 dex
1982 5175 2168 5222 noster
2196 5166 2392 5222 s:eculo
2421 5183 2452 5220 χ
2481 5175 2629 5223 esset
2653 5168 2945 5238 antiquior,
2977 5183 3098 5222 cum
3139 5168 3242 5221 alia
3283 5167 3422 5229 loca,

1839 5275 1960 5330 quae
1995 5260 2267 5330 juniorem
2314 5261 2627 5326 ostendunt,
2676 5262 2903 5317 necdum
2955 5260 3320 5332 expendisset.
3366 5260 3422 5316 Si

1841 5365 2056 5421 quaeras
2091 5365 2191 5405 cur
2218 5365 2283 5405 eo
2309 5350 2394 5405 die
2420 5351 2598 5421 potius
2635 5368 2798 5422 quam
2841 5366 3008 5406 xxvur
3043 5354 3135 5404 aut
3169 5366 3298 5404 xxix
3329 5350 3428 5406 Fe-

1841 5438 2050 5494 bruarii
2080 5438 2391 5496 Oswaldum
2424 5441 2669 5496 retulerit
2694 5443 2898 5497 codicis
2934 5442 3253 5512 descriptor,
3286 5442 3425 5497 fate-

1842 5529 1942 5585 bor
1972 5543 2059 5585 me
2085 5545 2268 5585 veram
2296 5546 2516 5587 causam
2544 5532 2814 5600 ignorare.
2845 5531 2903 5586 Si
2933 5532 3275 5603 conjecturas
3305 5534 3431 5604 quis

1844 5622 2044 5693 cupiat,
2093 5622 2231 5691 apud
2273 5623 2669 5685 liensclienium
2717 5625 2881 5679 citato
2932 5624 3050 5679 loco
3093 5626 3430 5695 requirenda.

1846 5724 1989 5771 sunt.
2046 5713 2303 5770 Fatemur
2342 5718 2804 5772 annuntiationem
2832 5718 3065 5773 Oswaldi
3095 5720 3430 5775 additamen-

1850 5820 1960 5865 tum
1992 5826 2111 5865 esse
2150 5827 2216 5866 ex
2259 5809 2429 5877 cultu,
2466 5826 2626 5881 quem
2673 5811 2724 5865 in
2772 5811 2974 5877 Gallia,
3025 5814 3325 5883 praesertim
3375 5812 3433 5869 in
