3936 6348
522 395 629 451 563

1419 393 1789 454 USUARDUS
1827 395 2207 453 MONACHUS
2245 397 2898 459 SANGERMANENSIS.

524 513 800 584 provincia
853 512 1178 582 Rbetnensi,
1230 512 1493 585 peculiari
1542 514 1724 584 aliquo
1764 514 1924 571 titulo
1965 514 2108 569 obti-
2137 518 2189 579 Α
2215 515 2575 575 institutione.
2618 518 2756 573 Tum
2796 534 2924 584 xxv,
2956 518 3023 574 In
3070 534 3207 591 pago
3259 512 3690 581 Viromandetm‘,
3735 519 3804 574 S.

523 605 724 661 nuerit.

592 699 718 755 212.
757 698 917 756 Tales
957 685 1296 757 accessiones
1324 698 1660 755 Rhemenses
1702 697 1756 754 in
1789 698 1894 754 hoc
1920 704 2119 755 nostrum

523 793 709 859 codice
734 791 1071 863 frequentius
1096 791 1428 859 otl‘eruntur;
1460 807 1582 864 quae
1607 793 1653 849 si
1680 793 1951 858 abessent,
1977 806 2115 863 pau-

522 885 755 941 cissima:
797 884 916 940 alia;
960 885 1349 955 reperirentur,
1378 893 1438 939 ut
1473 894 1621 940 recte
1662 883 1909 940 Molanus
1947 896 2107 955 supra

523 992 750 1033 numero
794 976 901 1033 191
932 978 1107 1047 ipsum
1159 979 1465 1041 vocaverit,
1504 976 1868 1033 Usuardinum
1922 994 2112 1033 manu-

518 1071 795 1141 scriptum,
823 1071 915 1141 qui
944 1070 1031 1126 via;
1056 1070 1195 1125 ullas
1235 1072 1387 1126 habet
1418 1071 1732 1136 additiones,
1760 1078 2119 1142 praeterquam

520 1164 581 1223 de
631 1165 826 1219 sanctis
856 1163 1253 1220 Rhemensibus.
1282 1164 1434 1220 Hanc
1476 1163 1678 1220 codicis
1721 1164 1954 1234 patriam
1989 1176 2111 1219 esse

518 1272 744 1328 prorsus
794 1272 901 1312 non
947 1257 1137 1312 dubito
1178 1274 1190 1309 :
1238 1257 1364 1313 inde
1412 1256 1732 1312 translatum
1781 1263 1994 1326 oportet
2041 1254 2110 1310 ad

519 1347 852 1403 cartbusiam
903 1346 1315 1413 Heriniensem,
1365 1348 1493 1403 olim
1543 1345 1617 1421 S._
1648 1345 1838 1401 Mariae
1892 1345 2107 1412 Eremi,

444 1476 451 1481 ρ
519 1453 610 1492 seu
637 1437 833 1493 Montis
859 1438 979 1505 Dei,
1000 1454 1122 1508 quae
1144 1452 1175 1494 e
1201 1438 1393 1509 primis
1428 1438 1596 1494 totius
1620 1435 1788 1508 Belgii
1815 1434 2109 1503 cartbusiis

521 1527 640 1585 fuit.
677 1530 1077 1601 Conjeeturatn.
1114 1532 1256 1587 hanc
1302 1546 1502 1596 meam,
1546 1539 1708 1601 atque
1754 1545 1861 1584 una
1904 1527 2109 1585 codicis

520 1631 737 1678 mtatem
764 1622 1053 1680 confirmat
1084 1622 1267 1677 addita
1297 1622 1586 1678 recentiori
1622 1636 1786 1677 manu
1811 1620 1879 1676 ad
1910 1619 2109 1692 margi-

520 1727 643 1770 nem
676 1730 713 1768 ιι
736 1712 936 1780 Nonas,
960 1728 1054 1770 seu
1085 1714 1173 1770 die
1197 1713 1545 1779 vt‘Octobris,
1570 1714 1686 1769 haec
1710 1726 2109 1769 commemora-

518 1806 596 1861 tio
627 1822 640 1860 :
674 1804 745 1860 In
772 1805 1043 1873 Calabria,
1071 1806 1326 1877 depositio
1362 1806 1499 1861 beati
1532 1805 1802 1861 Brunonis
1841 1804 2108 1874 confesso-

2213 606 2582 679 Hunegundis.
2622 608 2806 666 Mense
2852 610 3180 681 Septembri,
3214 626 3254 674 t,
3282 610 3394 680 agit
3445 610 3511 666 de
3553 608 3805 680 .Egidio,

2212 697 2435 767 Sinicio,
2461 710 2516 757 et
2547 700 2817 769 Nivando,
2848 710 3106 773 tanquam
3136 702 3570 767 themensibus;
3601 716 3688 768 ιιι,
3710 702 3810 757 ad-

2210 794 2358 849 ditur
2389 793 2703 862 Remaclus;
2740 811 2839 861 vtt,
2868 812 2976 851 xxv
3000 804 3055 852 et
3076 811 3245 859 xxvu,
3276 796 3404 851 item
3437 798 3506 851 de
3535 795 3809 851 Rhemen-

2210 885 2361 943 sibus
2390 904 2404 941 :
2430 896 2539 943 atx
2570 888 2818 945 nonnihil
2839 875 3058 943 mutilus
3080 898 3196 953 est,
3234 902 3300 941 xx
3328 886 3720 957 interpolatus,
3748 896 3807 942 ut

2211 976 2634 1036 Observationes
2661 988 2863 1035 nostra:
2895 979 3066 1035 fusius
3091 979 3385 1050 explicant.
3418 978 3608 1033 Mense
3640 977 3805 1034 Octo-

2211 1070 2317 1136 bri,
2350 1086 2389 1135 l,
2414 1086 2582 1141 purus
2604 1086 2710 1126 non
2740 1079 2856 1136 est;
2889 1085 3061 1134 xxvtt,
3093 1070 3313 1140 ponitur
3357 1067 3557 1139 Vigilia
3595 1078 3808 1123 sancto-

2212 1175 2330 1215 rum
2377 1160 2611 1217 Simonis
2657 1172 2706 1215 et
2754 1159 2946 1225 Judw;
2988 1160 3056 1215 dc
3102 1174 3209 1229 qua
3252 1157 3489 1214 dubitari
3526 1165 3712 1228 potest
3740 1173 3803 1211 an

2214 1252 2518 1310 Usuardina
2548 1270 2654 1309 non
2683 1255 2782 1319 sit;
2832 1270 2910 1318 xt,
2939 1269 3030 1319 xv,
3058 1268 3171 1318 xvt,
3201 1268 3291 1318 xx,
3331 1267 3422 1307 xxt
3451 1259 3511 1307 et
3538 1267 3675 1316 xxv,
3702 1266 3806 1306 non

2211 1346 2429 1403 excedit
2450 1347 2558 1403 nisi
2586 1348 2641 1402 in
2671 1346 2799 1402 solis
2834 1344 3253 1403 Rbetnensibus.
3282 1344 3468 1401 Mense
3490 1341 3802 1405 Novembri,

2212 1458 2250 1507 ι.
2293 1458 2355 1508 ιι,
2385 1458 2461 1509 vt,
2501 1458 2580 1509 tx,
2621 1458 2710 1507 xv,
2757 1456 2914 1508 xvttt,
2954 1456 3111 1506 xxttt,
3156 1455 3306 1494 xxvt.
3346 1439 3577 1494 Demum
3627 1450 3806 1491 mense

2213 1536 2518 1601 Decembri,
2567 1551 2641 1601 tv,
2692 1551 2782 1591 xvt
2826 1543 2884 1590 et
2933 1549 3083 1597 xxtx,
3124 1534 3385 1603 pleraque
3434 1531 3801 1587 additamenta

2211 1642 2346 1699 pure
2368 1627 2696 1682 Rbemensia
2729 1635 2876 1682 sunt.
2910 1625 3061 1681 Ineat
3109 1625 3271 1679 modo
3319 1624 3591 1679 rationem
3634 1621 3807 1677 curio-

2212 1734 2306 1774 sus
2341 1717 2556 1787 aliquis,
2585 1716 2835 1773 conferat
2863 1715 3238 1772 Heriniensem
3270 1730 3394 1771 cum
3425 1714 3645 1769 famoso
3674 1713 3802 1768 Pra-

2215 1811 2353 1867 tensi
2407 1812 2765 1881 autographa,
2801 1810 3088 1879 utriusque
3122 1823 3381 1865 excessus
3423 1817 3520 1863 aut
3566 1808 3801 1862 defectus

518 1896 624 1961 ris,
678 1896 835 1967 primi
883 1897 1201 1954 institutoris
1245 1898 1446 1954 ordinis
1480 1895 1903 1963 Carlhusiensis,
1942 1910 2107 1968 quam
2137 1883 2185 1943 Β
2214 1903 2282 1958 ad
2309 1918 2518 1972 aequam
2548 1902 2781 1968 lancem,
2813 1902 2882 1957 ad
2912 1900 3115 1971 justam
3156 1901 3418 1956 trutinam
3464 1899 3731 1963 excutiat.
3762 1897 3801 1951 si

518 1986 816 2056 appositam
866 2001 993 2043 reor
1036 2002 1104 2043 ex
1152 1986 1270 2043 solo
1314 1988 1575 2059 singulari
1620 1987 1782 2058 hujus
1815 1987 2109 2043 cartbusiat

518 2092 647 2149 erga
674 2087 954 2149 parentem
996 2079 1369 2147 veneratione,
1394 2095 1519 2135 cum
1559 2080 1777 2135 aliunde
1814 2086 2004 2135 notum
2035 2078 2109 2134 sit

518 2183 680 2237 quam
712 2171 867 2225 tarde
894 2168 1134 2225 Brunoni
1176 2169 1449 2241 publicum
1486 2170 1690 2226 cultum
1734 2170 1977 2228 Ecclesia
2012 2170 2109 2227 de.

518 2261 771 2317 creverit.
815 2262 894 2318 Ex
942 2263 1029 2319 his
1060 2263 1273 2319 abunde
1302 2262 1651 2319 declarantur
1675 2264 1907 2321 Usuardi
1948 2263 2111 2335 hujus

519 2351 856 2409 Heriniensis
896 2362 1064 2419 tetas,
1108 2355 1311 2425 patria,
1363 2354 1568 2411 natales
1606 2363 1662 2410 et
1708 2354 2105 2427 migrationes;

518 2460 588 2501 ne
618 2445 747 2515 quid
788 2445 948 2511 desit,
977 2454 1031 2501 et
1058 2444 1290 2503 formam
1321 2447 1482 2513 addo,
1507 2463 1628 2518 quae
1654 2454 1874 2518 recepto
1900 2462 2022 2512 usu,
2053 2446 2109 2501 in

518 2544 714 2611 quarto
747 2537 1045 2607 nuncupari
1086 2536 1251 2604 solet;
1282 2547 1474 2607 estque
1504 2545 1820 2608 compactus
1844 2552 1968 2592 cum
1993 2544 2109 2591 tra-

521 2636 670 2683 ctatu
726 2629 1098 2699 manuscripto
1150 2630 1328 2687 sancti
1364 2628 1680 2702 Hieronymi
1731 2630 1786 2685 in
1839 2627 2111 2700 Epistolas

523 2718 675 2774 Pauli
695 2727 751 2774 et
775 2720 911 2775 alias
932 2719 1266 2786 Canonicas;
1291 2721 1378 2776 cui
1411 2721 1467 2776 in
1495 2720 1603 2777 line
1628 2721 1891 2776 attexitur
1917 2719 2113 2776 Kalen-

520 2812 736 2867 dariutn
766 2829 891 2869 cum
922 2813 1311 2869 anniversariis
1340 2813 1574 2870 ctenohii
1603 2812 1961 2869 Heriniensis.
1989 2811 2111 2868 Dixi

518 2917 682 2973 supra
718 2918 866 2956 num.
896 2901 997 2958 169
1028 2918 1229 2958 annum
1260 2904 1313 2957 in
1339 2903 1443 2958 hoc
1466 2903 1675 2968 codice,
1706 2903 1784 2959 uti
1805 2912 1863 2959 et
1885 2903 1939 2958 itt
1974 2901 2109 2958 Pra-

521 2992 682 3057 tensi,
716 2992 960 3046 inchoari
990 3007 1022 3047 a
1044 2992 1226 3063 vigilia
1257 2991 1567 3047 Nativitatis
1593 2992 1829 3049 Domini.

592 3084 717 3139 215.
756 3083 877 3140 .lam
902 3100 1050 3151 vero,
1079 3095 1137 3141 ut
1177 3086 1244 3142 de
1283 3085 1523 3157 ejusdem
1565 3085 1913 3157 simplicitate
1933 3094 1990 3143 et
2014 3102 2115 3158 pu—

523 3175 685 3230 ritate
710 3184 940 3241 statuas,
980 3191 1239 3246 percurre
1283 3193 1496 3235 menses
1531 3178 1792 3249 singulos,
1817 3190 2106 3252 augmenta

2212 1993 2361 2049 nullo
2400 1993 2633 2050 ducatur
2673 1993 2907 2064 partium
2947 1992 3147 2057 studio,
3177 1991 3442 2062 spondere
3467 1992 3667 2055 ausim,
3716 2002 3800 2042 ras

2212 2086 2359 2142 tione
2388 2088 2493 2142 rite
2529 2086 2814 2152 subducta,
2849 2083 3078 2157 pedibus
3099 2091 3158 2139 et
3191 2083 3443 2139 manibus
3479 2082 3531 2136 in
3566 2088 3799 2135 nostram

2212 2178 2419 2233 iturum
2453 2177 2803 2233 sententiam.

2255 2344 2281 2406 ς
2304 2342 2390 2394 111.
2499 2341 2577 2393 De
2602 2339 3143 2466 Τοτηειοθηδέΐιὲξῗᾶξιξ
3168 2337 3517 2389 vetustioribus
3547 2336 3761 2385 maxime

2280 2535 2411 2592 215.
2444 2533 2756 2591 Secundum
2798 2533 2866 2589 ab
2900 2531 3205 2589 Heriuiensi
3235 2530 3477 2587 codicem
3515 2542 3799 2585 censemus

2210 2650 2335 2690 eum
2386 2633 2481 2703 qui
2514 2632 2658 2703 apud
2698 2645 2799 2686 nos
2832 2628 3177 2685 Tornacensis
3218 2634 3466 2690 vocatur,
3497 2639 3664 2695 quem
3708 2622 3798 2678 ali-

2211 2725 2429 2797 quando
2466 2721 2763 2780 cathedrali
2806 2720 2882 2777 illi
2926 2719 3263 2791 perantiquae
3298 2716 3353 2771 in
3394 2731 3490 2771 usu
3546 2713 3734 2773 fuisse.
3758 2711 3797 2767 si

2212 2818 2429 2878 aliunde
2445 2817 2601 2873 nobis
2612 2831 2717 2872 non
2731 2821 3027 2877 constaret,
3039 2826 3107 2867 ex
3123 2809 3486 2866 additionibus
3497 2808 3549 2862 ei
3562 2804 3800 2863 ecclesia

2212 2911 2447 2983 propriis
2467 2910 2601 2965 satis
2614 2893 3099 2964 demonstraretur.
3114 2902 3397 2959 Credimus
3422 2910 3602 2955 autem
3621 2912 3699 2951 ex
3721 2895 3802 2950 Αι-

2214 3001 2567 3058 tovillariensi
2588 3013 2758 3072 prope
2779 2997 3021 3054 Rbemos
3045 2994 3292 3052 cmnobio
3319 2992 3629 3048 Tornacum
3663 2986 3802 3043 dela-

2215 3104 2351 3161 tum,
2382 3102 2476 3150 aut
2498 3092 2639 3149 forte
2665 3106 2729 3146 ex
2754 3088 3068 3147 monasterii
3098 3086 3242 3143 illius
3262 3085 3448 3141 codice
3471 3082 3661 3152 aliquo
3680 3079 3800 3133 «dita

2215 3196 2664 3258 transsumptum,
2689 3190 2750 3239 ut
2772 3183 2884 3240 dixi
2912 3183 2970 3247 in
2987 3178 3465 3237 Observationihus
3486 3174 3649 3237 meis,
3676 3185 3802 3242 pra-

522 3265 849 3321 Rhemensia
878 3281 1122 3333 secerne,
1169 3268 1426 3323 continuo
1453 3268 1749 3338 perspicies
1798 3250 1972 3339 pan—ca
2018 3270 2109 3326 ad—
2136 3250 2182 3312 (ἶ
2214 3281 2401 3336 sel-tim
2442 3250 2667 3334 ινίυιίί.
2709 3275 2781 3330 At
2818 3286 3156 3345 quaecunque
3184 3270 3400 3324 demum
3428 3265 3633 3321 codicis
3656 3263 3807 3332 orig.

525 3356 820 3412 ditamenta
867 3357 1184 3424 immisceri,
1217 3375 1373 3415 raras
1420 3358 1885 3429 iuterpolationes,
1917 3360 2109 3417 lituras

522 3447 611 3501 vix
640 3462 799 3502 unam
836 3457 928 3502 aut
955 3448 1203 3505 alteram.
1231 3451 1313 3506 Ad
1342 3465 1396 3507 tv
1420 3448 1662 3507 Januarii
1690 3450 1923 3507 refertur
1950 3450 2107 3522 Rigoo

522 3539 692 3593 bertus
721 3538 1046 3597 Rhemeusis
1094 3542 1563 3614 archiepiscopus;
1597 3558 1665 3598 xv
1694 3543 1760 3599 de
1788 3542 1978 3599 Mauro
2012 3543 2109 3598 ad-

514 3632 740 3704 jectum,
777 3633 1021 3704 discipuli
1049 3633 1116 3688 Β.
1148 3634 1417 3690 Benedicti
1458 3634 1682 3689 abbatis.
1713 3635 1939 3691 Demum
1971 3650 2106 3690 xxttt

521 3727 706 3782 nescio
741 3727 884 3783 unde
912 3727 1210 3783 accersitus
1233 3728 1307 3782 sit
1334 3728 1662 3783 beatissimus
1691 3727 2105 3800 Hildephonsus.

519 3818 623 3873 nisi
654 3819 743 3875 hic
770 3827 866 3873 aut
891 3818 947 3874 in
970 3818 1250 3890 provincia
1288 3817 1606 3886 themensi,
1635 3829 1729 3876 aut
1753 3821 1807 3876 in
1833 3820 2103 3888 coenobio,

519 3908 671 3978 cujus
700 3909 831 3965 olim
864 3909 1037 3964 codex
1070 3908 1192 3975 fuit,
1228 3908 1553 3979 peculiarem
1592 3910 1795 3966 cultum
1834 3911 2103 3967 habuerit.

520 3999 703 4056 Mense
748 3999 1071 4067 Februario,
1095 3999 1311 4056 Blasias
1354 4002 1422 4057 ad
1458 4016 1519 4057 ιιι
1562 4010 1833 4059 retractus
1865 4011 1982 4067 est;
2008 4017 2106 4058 vttt

519 4091 735 4145 additur
775 4089 981 4146 Paulus
1034 4088 1439 4158 Virodunensis,
1478 4090 1620 4148 forte
1662 4092 1735 4147 ibi
1773 4092 1936 4149 etiam
1981 4107 2104 4162 pro-

520 4182 691 4253 prius.
715 4181 900 4238 Mense
930 4182 1141 4248 Martio,
1170 4182 1284 4239 sola
1310 4184 1485 4254 prima
1514 4184 1603 4240 die
1636 4183 1880 4241 defectus
1909 4183 2106 4254 aliquis

521 4276 811 4347 reperitur.
837 4274 1021 4331 Mense
1045 4274 1239 4348 Aprili,
1269 4285 1469 4346 prmter
1492 4275 1842 4343 Rhemensia,
1872 4292 2002 4332 xvtu
2036 4276 2105 4334 de

516 4365 780 4433 Materno,
809 4382 923 4434 xtx,
952 4367 1019 4423 de
1047 4364 1220 4423 Leone
1245 4365 1329 4423 IX
1347 4386 1366 4434 ;
1397 4383 1545 4433 xxtv,
1574 4368 1640 4423 de
1664 4367 1810 4424 Bova
1838 4377 1886 4423 et
1912 4368 2098 4435 Doda;

516 4479 644 4528 xxx,
670 4463 735 4519 de
756 4460 1139 4529 Maderniano;
1163 4462 1277 4519 sola
1298 4462 1538 4519 occurrit
1556 4461 1732 4517 Maria
1754 4462 2100 4534 ngyptiaca,

513 4571 635 4624 quae
661 4554 728 4610 ad
754 4570 808 4608 tx
830 4555 1043 4624 signata
1063 4563 1148 4609 est
1170 4553 1351 4611 Mense
1372 4554 1544 4621 Maio;
1573 4555 1813 4625 quinque
1834 4555 1951 4610 dies
1975 4564 2102 4610 sunt

515 4649 582 4702 ab
626 4647 869 4704 Usuardo
912 4647 1131 4711 diversi,
1161 4648 1355 4705 uttde
1400 4647 1701 4718 Mamilio;
1742 4663 1860 4714 vttt,
1907 4648 1974 4704 de
2002 4646 2099 4702 Gi-

520 4741 740 4806 briano;
778 4756 854 4805 tx,
887 4739 955 4796 de
980 4740 1327 4796 translatione
1343 4740 1699 4807 Nicolai;xx,
1732 4739 1957 4796 Romani
1984 4756 2100 4795 mo-

510 4834 726 4900 nachi;
748 4848 897 4901 xxtx,
945 4834 1012 4890 de
1060 4833 1404 4889 translatione
1445 4833 1707 4905 Remigii;
1740 4836 1835 4890 sed
1871 4832 2100 4889 multum

514 4922 674 4977 fallor
702 4923 801 4979 nisi
844 4923 959 4979 haec
1001 4923 1182 4978 omnia
1226 4923 1520 4979 Rhemensi
1547 4924 1841 4993 provinciae
1878 4923 2100 4994 proliria

511 5020 641 5074 sint.
682 5017 864 5073 Mense
899 5018 1079 5084 Juuio,
1111 5033 1206 5073 un
1254 5018 1308 5073 in
1358 5016 1633 5081 Medardo,
1673 5018 1875 5087 aliquid
1906 5018 2095 5084 deest;

514 5125 627 5173 χιι,
648 5108 883 5165 omissus
909 5106 1222 5177 Leutfredus
1237 5123 1257 5173 ;
1286 5122 1440 5172 χχιιι,
1465 5108 1616 5163 deest
1640 5105 1796 5162 Felix
1817 5106 2089 5176 Sutrinus,

516 5202 969 5270 quemadmodum
1010 5211 1064 5256 et
1117 5218 1179 5257 ιιι
1207 5200 1370 5269 Julii,
1421 5202 1554 5257 socii
1601 5201 1720 5272 ejus
1766 5201 2006 5258 Irenteus
2034 5212 2093 5260 et

513 5293 785 5359 Mastiola,
816 5294 883 5349 de
910 5294 1105 5365 quibus
1142 5295 1261 5351 vide
1299 5304 1516 5352 nostras
1540 5294 1979 5352 Observationes.

579 5389 704 5445 214.
744 5389 1038 5456 Praeterea,
1073 5406 1261 5447 mense
1305 5390 1447 5446 Julio
1492 5408 1598 5447 una
1642 5390 1883 5447 occurrit
1927 5390 2089 5445 litura

506 5482 561 5538 in
588 5482 874 5554 principio,
901 5498 1062 5554 quam
1098 5493 1227 5554 puto
1268 5500 1387 5540 esse
1421 5484 1488 5539 de
1519 5483 1872 5540 translatione
1905 5482 1964 5539 S.
1988 5481 2092 5540 Be-

2215 3372 2397 3437 fuerit,
2430 3370 2669 3441 speciem
2693 3376 2750 3424 et
2777 3366 3053 3436 antiquam
3075 3372 3131 3418 et
3150 3361 3447 3431 elegantem
3472 3355 3673 3419 refert,
3706 3368 3806 3409 m-

2207 3466 2311 3535 jori
2341 3466 2514 3521 forma
2536 3463 2592 3518 in
2624 3459 2943 3516 membrana
2975 3456 3232 3528 scriptus,
3255 3462 3417 3524 atque
3440 3449 3801 3532 elegantibus,

2211 3558 2458 3629 quamvis
2505 3552 2747 3612 nonnihil
2788 3551 3023 3616 extritis,
3057 3546 3314 3605 cancellis
3338 3544 3656 3607 distinctus,
3698 3539 3803 3611 qui-

2211 3652 2312 3705 bus
2348 3650 2672 3721 quandoque
2711 3654 2896 3702 textus
2937 3644 3109 3712 magis
3153 3640 3327 3712 aptari
3369 3637 3604 3700 videtur,
3645 3648 3803 3705 quam

2211 3742 2438 3801 cancelli
2486 3736 2587 3812 ipsi
2629 3740 2800 3796 textui
2847 3735 3345 3795 accommodentur.
3396 3730 3646 3788 rEtatem
3698 3728 3804 3796 ejus

2209 3852 2277 3892 ex
2321 3827 2606 3905 subiuncta
2656 3829 2996 3900 Necrologio,
3041 3827 3265 3891 eadem,
3309 3833 3371 3880 ut
3406 3829 3679 3892 apparet,
3720 3817 3805 3873 sed

2209 3928 2469 4001 pressiori
2520 3941 2679 3982 manu
2734 3925 2967 3995 scripto,
3011 3922 3092 3977 sic
3142 3918 3495 3992 probabiliter
3534 3929 3728 3979 entes,
3763 3911 3805 3966 si

2210 4018 2464 4074 attendas
2509 4015 2822 4071 Anselmum
2886 4020 2941 4068 et
2992 4010 3304 4067 Geraudum
3343 4007 3425 4063 vel
3474 4005 3803 4065 Geralduttt,

2211 4108 2585 4163 Tornacenses
2632 4103 2817 4160 saeculi
2859 4118 2937 4157 xtt
2980 4102 3282 4172 episcopos;
3316 4105 3478 4167 atque
3515 4096 3654 4149 item
3693 4093 3807 4148 Ste-

2208 4200 2445 4270 phanum
2493 4205 2549 4251 et
2587 4192 2908 4259 Gosuinum,
2942 4192 3077 4247 alias
3117 4188 3486 4253 Goscelinum,
3523 4189 3626 4256 qui
3669 4199 3807 4240 anno

2209 4288 2438 4347 1203et
2464 4287 2601 4343 1218
2629 4287 2738 4341 vita
2778 4284 2948 4340 functi
2979 4291 3126 4349 sunt,
3166 4282 3341 4353 prima
3370 4294 3532 4335 manu
3564 4276 3802 4349 signari;

2207 4393 2263 4440 at
2309 4397 2436 4438 vero
2478 4380 2795 4446 Walterum,
2829 4377 3113 4433 oriundum
3143 4374 3209 4429 de
3234 4372 3495 4435 Tornaco,
3528 4370 3703 4441 hujus
3728 4383 3808 4423 eo-

2207 4475 2378 4531 clesia:
2418 4474 2738 4545 episcopum,
2774 4471 2861 4526 cui
2913 4467 3318 4524 Sammartltani
3376 4471 3805 4536 cognomentum

2206 4565 2405 4621 Marvis
2434 4556 2727 4635 apponunt,
2754 4562 2955 4632 quique
2984 4560 3167 4617 sedem
3201 4552 3371 4613 tenuit
3399 4556 3471 4610 ab
3492 4570 3643 4609 anno
3676 4552 3807 4608 1219

2208 4658 2274 4713 ad
2304 4655 2462 4719 1252,
2492 4655 2544 4710 in
2571 4654 2798 4725 prtefalo
2825 4650 3143 4720 Necrologio
3168 4648 3358 4705 referri
3378 4662 3470 4701 xtv
3499 4644 3627 4699 Kal.
3661 4644 3805 4699 Mar-

2210 4752 2290 4817 tii,
2323 4765 2485 4805 manu
2534 4747 2876 4812 secundaria,
2916 4741 3373 4816 quemadmodum
3419 4747 3479 4793 et
3522 4751 3809 4794 success»

2206 4857 2317 4907 res,
2341 4840 2641 4897 Walterum
2665 4840 2730 4894 de
2758 4837 3003 4902 Mandra,
3026 4834 3341 4891 defunctum
3370 4828 3536 4897 1262,
3566 4840 3623 4885 et
3645 4829 3811 4884 Jour

2206 4947 2331 4990 nem
2361 4932 2426 4987 de
2466 4930 2669 4987 Buchel
2697 4929 2782 4986 vel
2820 4927 3104 4995 Bucbiaul,
3137 4932 3412 4981 mortuum
3446 4922 3621 4988 1266;
3666 4919 3811 4975 unde

2207 5024 2590 5083 verosimiliter
2624 5022 2910 5080 conficitur
2954 5021 3216 5091 scriptum
3265 5017 3436 5073 fuisse
3481 5014 3811 5087 Martyrolo-

2201 5118 2349 5189 gium
2391 5116 2533 5171 inter
2583 5130 2755 5171 annos
2799 5112 2937 5169 1219
2981 5122 3036 5167 et
3078 5109 3234 5165 1252.
3286 5106 3411 5163 Haec
3452 5116 3558 5177 pro
3599 5104 3812 5162 codicis

2200 5220 2299 5267 aeta
2309 5219 2379 5266 te.
2988 5194 2993 5199 ’

2270 5300 2398 5357 216.
2440 5301 2517 5356 De
2544 5298 2859 5355 sinceritate
2881 5303 2937 5353 et
2957 5293 3306 5365 simplicitate
3336 5307 3403 5346 ex
3443 5288 3809 5347 Observatio-

2200 5394 2362 5450 nibus
2409 5392 2610 5448 nostris
2672 5397 2913 5445 statuent
2955 5386 3095 5458 :equi
3141 5385 3395 5441 lectores.
3438 5381 3675 5437 Certum
3729 5388 3813 5433 est

2200 5506 2230 5545 a
2270 5488 2543 5559 prioribus
2587 5484 2798 5541 duobus
2836 5481 3064 5537 multum
3108 5477 3386 5541 recedere,
3426 5490 3536 5529 non
3574 5471 3809 5541 quidem

507 5576 732 5642 nedicti;
766 5591 936 5642 xvttt,
972 5575 1214 5645 adjectus
1253 5585 1339 5632 est
1386 5574 1674 5646 Amulfus;
1719 5575 1911 5631 deinde
1941 5590 2011 5629 xx
2038 5583 2095 5632 et
2196 5580 2394 5650 saepius
2425 5578 2478 5632 in
2521 5582 2834 5632 sanctorum
2864 5586 3111 5637 numero,
3142 5569 3239 5624 sed
3274 5564 3537 5622 nonnulla
3580 5575 3814 5616 annun—

505 5682 640 5724 χχιιι
673 5669 1052 5725 translationes
1084 5669 1482 5726 Rbemensihus
1525 5668 1768 5725 celebres
1810 5669 1878 5725 de
1925 5668 2091 5725 Theo-

2198 5671 2481 5725 tiationum
2519 5665 2883 5735 correptione,
2911 5661 3067 5733 quasi
3112 5673 3303 5717 revera
3335 5656 3547 5729 paratis
3579 5652 3815 5709 cancel-

504 5762 653 5816 dosia
680 5772 737 5819 et
766 5761 1007 5817 Nicasio.
1044 5762 1228 5819 Mense
1260 5763 1525 5834 Augusto,
1568 5778 1661 5816 xtx
1709 5762 2090 5834 superadditur
2195 5762 2283 5828 lis,
2315 5769 2373 5813 ut
2407 5760 2520 5829 jam
2559 5758 2824 5822 dicebam,
2864 5752 3155 5811 Usuardini
3202 5749 3429 5807 indiculi
3470 5747 3659 5819 aptari
3716 5747 3813 5802 de-

506 5854 673 5910 textui
715 5852 988 5927 Bertul-{ns
1034 5853 1214 5922 abbas,
1243 5869 1305 5908 ex
1339 5853 1576 5928 propria,
1608 5854 1823 5928 opinor,
1849 5854 2082 5911 cmuobii

2192 5851 2439 5918 buerint;
2489 5849 2574 5902 vel
2614 5847 2756 5921 quod
2789 5846 3045 5901 librarius
3089 5844 3288 5901 minori
3319 5839 3603 5915 scrupulo,
3640 5854 3812 5913 gras-
