3936 6348
147 399 271 457 565

1528 399 2041 456 PROLEGOMENA
2054 441 2067 455 .

3340 406 3446 462 566

148 518 272 572 sari
305 531 715 586 nonnunquam,
738 524 793 571 et
821 515 1091 586 longiores
1121 516 1396 570 orationes
1416 516 1757 581 contrahere,
1790 519 1839 578 Α
1865 524 2024 570 (etate
2050 530 2336 585 supparem
2367 531 2518 579 esse:
2549 519 2692 587 quod
2738 518 2901 572 etiam
2943 520 3180 575 ostendit
3208 521 3456 592 apposita

147 610 266 665 sibi
298 610 499 665 licitum
535 608 826 680 putaverit.
855 609 1008 676 Quod
1038 608 1081 663 si
1116 607 1349 664 cavisset
1377 608 1610 677 scriptor
1639 607 1754 673 ille,

146 707 473 777 quicunque
494 707 703 783 primus
730 705 972 760 codicem
1000 704 1305 770 temeravit,
1335 704 1401 759 de
1425 702 1608 758 nativa
1636 702 1765 758 sim»

144 790 406 868 plicitate
442 796 619 851 codex
659 796 748 850 i'ric
798 804 921 851 eum
968 792 1275 850 Hcrinicnsi
1306 792 1477 850 ferme
1504 796 1761 850 certaret.

151 890 419 962 Singulas
440 891 843 945 contractiones
891 889 1217 944 enumerare
1270 888 1432 944 nimis
1479 887 1765 944 taediosum

154 982 350 1047 foret;
393 978 708 1052 gen’er‘atim'
740 978 1027 1051 loquendo,
1060 989 1152 1035 aut
1194 994 1365 1050 purus
1408 980 1632 1051 passim,
1672 988 1765 1034 aut

152 1090 302 1144 puro
346 1072 628 1145 proximtis
666 1062 783 1138 esti;
834 1071 1227 1142 aliquantulum
1273 1072 1452 1127 deviat
1485 1088 1595 1138 xvi,
1630 1087 1757 1137 xvii,

152 1182 297 1222 xmt
341 1174 395 1220 et
425 1182 495 1219 xx
523 1162 674 1231 Julii,
701 1172 864 1236 atque
888 1166 1015 1220 item
1045 1178 1135 1220 x'tx
1169 1165 1440 1231 Octobris,
1476 1163 1566 1219 ubi
1594 1180 1760 1220 excu-

156 1258 277 1314 sari
329 1267 529 1329 potest,
560 1257 703 1328 quod
742 1258 958 1329 propria
1003 1257 1202 1327 aliqua,
1236 1266 1329 1311 aut
1364 1256 1762 1311 Altovillarien-

156 1353 266 1413 sia,
302 1360 397 1405 aut
425 1350 526 1406 alia
558 1366 840 1423 perperam
870 1348 1139 1417 Usuardo,
1165 1350 1246 1406 vel
1277 1352 1464 1407 saltem
1489 1350 1757 1424 Martyro-

156 1441 305 1512 logio
362 1442 462 1497 sub
519 1440 751 1498 Usuardi
805 1442 1026 1497 nomine
1079 1442 1409 1513 ascripserit.
1462 1441 1757 1496 Dolendum

154 1533 409 1605 profecto
439 1532 853 1590 amanuensium
888 1533 970 1588 vel
1000 1535 1226 1598 incuria,
1264 1532 1343 1588 vel
1388 1533 1610 1588 audacia
1644 1540 1756 1587 tam

154 1626 360 1698 insigni
423 1626 595 1682 codici
657 1625 897 1683 debitum
974 1629 1223 1683 decorem
1300 1626 1755 1699 splendoremque

155 1721 472 1791 ademptum
547 1719 730 1777 luisse.
778 1719 990 1776 Titulus
1046 1728 1100 1776 et
1153 1719 1497 1792 prml'ationcs
1550 1717 1753 1776 avulsae

154 1823 310 1877 sunt,
337 1812 607 1883 habetque
635 1812 839 1869 hiatum
867 1813 1022 1884 plane
1051 1814 1343 1869 notabilem
1374 1830 1402 1868 a
1436 1830 1490 1868 ix
1520 1802 1751 1885 Augusti

1872 608 2087 676 utrique
2118 623 2224 662 xxv
2260 607 2581 665 Novembris
2622 619 2828 665 sanctte
2864 609 3171 668 Catharina:
3216 628 3457 669 comme-

1867 700 2120 765 mbratio,
2168 702 2222 755 in
2255 702 2673 772 atttiquioribus,
2715 702 2983 767 Pratensi,
3016 705 3344 772 Heriniensi,
3380 723 3460 764 εθ-

1866 791 2053 860 quenti
2084 790 2446 862 Rosvveydino
2475 792 2705 863 aliisque
2725 793 2937 864 ignotae;
2965 793 3138 849 Porro
3158 797 3326 852 codex
3359 798 3464 852 iste

1814 900 1817 907 ·
1868 883 2088 937 utinter
2126 883 2458 940 Usuardinos
2498 886 2721 956 proprio
2751 887 2933 957 aliquo
2970 890 3188 944 nomine
3213 890 3463 959 designa-
3496 909 3510 927 --

1868 983 2040 1040 retur,
2071 974 2313 1031 breviori'
2332 976 2690 1047 appellatione
2715 994 2745 1032 a
2763 978 2921 1034 nobis
2944 989 3166 1035 vocatus
3186 961 3273 1037 est
3295 982 3464 1035 Antu-

1865 1069 2118 1138 erplensis
2168 1070 2364 1141 major,
2404 1080 2465 1124 ut
2516 1073 3000 1129 contradistinctns
3043 1092 3072 1129 a
3126 1075 3355 1131 minimo
3407 1076 3461 1130 in

1866 1159 2040 1216 forma
2070 1172 2282 1227 octava,
2308 1178 2469 1233 quem
2510 1166 2828 1235 simpliciter
2855 1169 3285 1239 Antuerpicnsem
3323 1171 3461 1226 dici-

1866 1270 2007 1319 mus,
2040 1266 2095 1311 et
2120 1255 2285 1311 alium
2333 1257 2593 1327 grandem
2650 1268 2877 1326 tomum,
2927 1262 3017 1331 qui
3067 1265 3462 1334 Antuerpiensis

1866 1346 2129 1400 maximus
2159 1347 2497 1411 nominatur,
2538 1363 2664 1405 cum
2717 1350 2806 1406 hic
2851 1361 3036 1407 noster
3062 1354 3132 1408 sit
3175 1355 3227 1408 in
3279 1351 3459 1409 forma

1862 1447 2056 1506 quarta
2088 1438 2489 1506 metnbraneus,
2519 1451 2837 1512 compactus
2860 1459 2985 1499 cum
3036 1444 3181 1500 Beda
3209 1445 3460 1501 ecclesiae

1860 1528 2260 1597 Atrebatensis,
2312 1548 2378 1587 ex
2408 1548 2517 1602 quo
2572 1532 2766 1591 Florus
2810 1535 2898 1590 ille
2945 1551 2976 1590 a
3033 1537 3236 1592 nostris
3280 1538 3460 1595 editus

1859 1621 2200 1690 potissimum
2231 1625 2457 1680 eductus
2485 1634 2588 1681 est.
2618 1625 2812 1683 Notavi
2838 1620 3092 1700 superius
3136 1645 3242 1685 non
3286 1644 3459 1702 pauca

1858 1710 1986 1766 hinc
2015 1711 2141 1768 inde
2166 1714 2413 1784 reperiri,
2430 1715 2485 1771 in
2507 1717 2703 1786 quibus
2720 1718 3117 1775 cum-Prateusi
3141 1721 3455 1788 concordat,
3488 1734 3491 1735 '

1858 1812 1972 1860 tum
1996 1806 2231 1861 maxime
2251 1823 2376 1863 cum
2405 1809 2495 1865 hic
2516 1824 2547 1864 a
2573 1819 2891 1867 cancrorum
2919 1813 3074 1867 turba
3106 1813 3329 1868 recedit.

159 1904 226 1957 al
285 1918 411 1958 xxvr
463 1902 817 1975 Septembris,
876 1902 1098 1970 avulsis,
1141 1904 1515 1975 imperitorum
1569 1884 1746 1973 culpa,
1782 1884 1827 1946 Β
1925 1896 2053 1953 219.
2105 1898 2403 1957 Postremis
2450 1902 2659 1960 duobus
2716 1903 2977 1962 Usuardis
3016 1906 3103 1961 hic
3145 1906 3452 1978 descriptis,

155 1993 413 2063 pretiosis
456 1991 617 2047 foliis.
652 1991 727 2047 De
759 1993 1013 2063 adjuncto
1043 1992 1380 2064 Necrologio,
1420 1992 1553 2049 satis
1589 1992 1751 2049 diﬂ'u‘
1802 2002 1803 2005 ‘

155 2100 249 2151 so,
305 2086 487 2141 dicere
533 2087 827 2157 coepimus;
877 2102 943 2142 ex
992 2102 1060 2145 eo
1101 2086 1464 2145 Tornacensis
1510 2087 1754 2144 ecclesia:

156 2179 537 2236 benefactores
577 2178 796 2250 plurimi
848 2179 1007 2237 facile
1046 2181 1288 2255 dignosci
1335 2182 1753 2254 enmnerarique

154 2280 397 2344 possent.

231 2364 360 2419 217.
400 2363 731 2420 Tornacensi
774 2373 937 2422 aetate
985 2381 1208 2438 suppar,
1258 2365 1350 2436 qui
1401 2363 1573 2421 multo
1615 2364 1758 2420 anti-

160 2456 323 2525 quior
373 2453 663 2526 majoribus
714 2456 919 2512 nostris
965 2456 1115 2511 visus
1163 2468 1284 2523 est,
1340 2456 1513 2513 codex
1562 2457 1755 2513 domus

153 2544 416 2618 professa:
441 2548 716 2605 societatis
744 2547 871 2604 Jesu
910 2547 1247 2619 Antuerpiac,
1277 2565 1437 2619 quem
1476 2548 1754 2604 Hensche-

153 2640 295 2703 nius,
314 2655 420 2695 non
451 2654 557 2694 uno
577 2639 727 2707 loco;
757 2648 901 2694 tomo
922 2636 963 2694 ll
981 2639 1204 2711 Aprilis,
1231 2656 1353 2712 pag.
1382 2655 1639 2705 ccccxm,
1670 2641 1753 2694 in-

153 2731 235 2784 fra
274 2730 342 2792 E;
377 2738 525 2786 tomo
552 2728 597 2787 Ιῐ
616 2729 759 2797 Maii,
790 2746 913 2803 pag.
964 2746 1146 2797 cxxxt,
1186 2730 1418 2798 inl‘raB;
1457 2732 1509 2786 in
1526 2730 1754 2787 Praeter-

150 2820 353 2887 missis,
386 2822 453 2877 de
478 2820 535 2877 S.
560 2820 827 2889 Letardo;
863 2824 1052 2880 rursus
1089 2838 1221 2880 xvnt
1240 2822 1387 2889 Maii,
1431 2823 1484 2879 in
1522 2822 1754 2879 Prteter-

148 2910 332 2968 missis
355 2911 420 2969 de
445 2911 502 2968 S.
531 2897 790 2969 Mildreda
822 2911 1057 2986 virgine;
1093 2923 1239 2970 tomo
1259 2911 1346 2979 1V,
1376 2930 1499 2986 pag.
1528 2930 1751 2982 cxxxvr,

149 3004 293 3060 infra
324 3004 396 3073 A,
422 3016 479 3062 et
502 3006 654 3074 alibi,
679 3015 805 3063 ante
841 3024 1013 3064 annos
1046 3015 1333 3064 sexcentos
1358 3008 1617 3080 scriptum
1653 3024 1746 3080 pu-

149 3100 310 3154 tavit.
346 3098 652 3171 Specimina
693 3117 760 3158 ex
804 3118 870 3158 eo
900 3102 1043 3158 inter
1070 3100 1229 3159 Bedm
1267 3102 1597 3174 exemplaria
1627 3117 1751 3174 pro-

146 3191 273 3245 tulit
302 3190 593 3248 Bollandus
630 3190 965 3265 praefationis
1006 3193 1274 3266 generalis
1318 3210 1439 3267 pag.
1468 3210 1613 3261 xux,
1654 3195 1746 3249 ubi

1858 1995 2020 2044 aetate
2044 1989 2204 2058 paulo
2239 1993 2488 2062 superior
2528 2002 2611 2049 est
2661 1994 2961 2065 praeclarus
2989 1997 3213 2051 omnino
3260 1998 3452 2063 codex,

1858 2095 2021 2136 manu
2045 2081 2449 2153 elegantissima
2482 2086 2535 2140 in
2568 2087 2909 2154 membrana,
2936 2088 3128 2159 majori
3161 2087 3330 2145 forma
3359 2104 3455 2145 seu

1856 2171 1989 2228 folio
2011 2183 2299 2241 exaratus,
2327 2177 2421 2246 qui
2442 2176 2547 2233 fuit
2568 2179 2813 2236 ecclesia:
2839 2181 2897 2236 Β.
2925 2181 3108 2236 Marizc
3153 2182 3454 2253 Ultrajecti,

1859 2268 1999 2323 tanti
2029 2265 2159 2323 olim
2191 2283 2222 2322 a
2251 2267 2551 2342 Rosweydo
2563 2271 2887 2338 aestimatus,
2910 2281 3048 2328 utex
3070 2289 3135 2329 eo
3159 2275 3452 2342 genuinum

1859 2358 2168 2415 Usuardutn
2195 2360 2423 2417 reddere
2452 2363 2775 2435 cogitaverit
2822 2365 2874 2419 in
2908 2381 3104 2436 magna
3133 2366 3224 2421 illa
3252 2366 3453 2438 Marty-

1859 2453 2214 2524 rologiorum,
2247 2456 2458 2511 duobus
2480 2455 2846 2514 voluminibus
2892 2458 3212 2515 collectione
3256 2475 3450 2513 manu-

1857 2546 2084 2616 scripta,
2108 2562 2227 2616 quze
2253 2548 2391 2618 apud
2418 2563 2517 2604 nos
2547 2557 2750 2618 exstat,
2773 2549 2931 2620 hujus
2950 2551 3281 2622 prtcl'ationis
3295 2567 3449 2606 exor-

1858 2634 1955 2691 dio’
1970 2646 2137 2707 atque
2183 2637 2310 2693 alibi
2353 2654 2462 2694 non
2506 2640 2674 2696 semel
2724 2642 2911 2697 citata.
2948 2641 3084 2697 Hinc
3128 2643 3297 2698 codici
3349 2642 3448 2712 ipsi

1861 2741 2058 2782 nomen
2106 2726 2337 2783 inditum
2368 2747 2381 2783 :
2418 2744 2487 2786 ne
2513 2730 2657 2785 enim
2692 2732 2889 2801 saepius
2935 2742 3242 2788 recurreret
3292 2733 3447 2805 longa

1859 2816 1947 2871 illa
1995 2818 2350 2889 paraphrasis
2402 2820 2637 2876 ecclesia:
2660 2820 2726 2876 Β.
2758 2821 2953 2877 'Marirc
2983 2821 3281 2894 Ultrajecti,
3330 2823 3451 2879 bre

1800 2920 1803 2923 λ
1858 2907 1998 2962 viori
2028 2910 2436 2966 uomenclatura
2467 2910 2862 2985 Rosweydi,vel
2888 2914 3285 2985 Rosweydinum
3305 2930 3448 2970 sem-

1857 3012 1955 3068 per
1986 2998 2396 3071 appellavimus.
2437 3000 2612 3060 Habet
2644 3017 2776 3060 sane
2811 3013 3058 3061 nostrum
3103 3006 3205 3061 hoc
3249 3019 3442 3060 manu-

1858 3091 2120 3162 scriptum
2145 3108 2251 3164 quo
2290 3095 2492 3163 nitore,
2542 3108 2736 3153 ornatu
2767 3106 2835 3152 et-
2858 3095 3123 3167 elegantia
3151 3097 3444 3170 legentium

1858 3186 2045 3242 oculos
2073 3189 2282 3259 rapiat;
2317 3198 2373 3245 at
2397 3191 2543 3246 enim
2573 3191 2699 3247 licet
2723 3193 2809 3248 bis
2835 3192 3026 3259 titulis,
3061 3193 3171 3247 imo
3195 3202 3249 3248 et
3296 3199 3448 3249 vetu-

146 3292 299 3339 recte
332 3283 581 3350 advertit,
609 3281 771 3362 Beda;
800 3286 1029 3362 nomine,
1058 3286 1148 3341 sed
1182 3286 1247 3341 ab
1280 3288 1565 3342 recentiore
1584 3303 1745 3341 manu
1776 3270 1820 3332 C
1854 3285 1995 3333 state
2018 3276 2116 3333 Sua
2147 3278 2359 3350 priores
2394 3279 2529 3337 duos
2558 3280 2963 3340 Tornacensem
3004 3294 3056 3340 et
3085 3282 3449 3355 Antuerpien-

141 3374 524 3444 prwtitulatum
558 3390 698 3433 esse.
731 3360 894 3433 Notat
935 3377 1088 3447 item,
1117 3388 1172 3433 et
1223 3392 1367 3441 vere,
1400 3375 1746 3449 Anglicanam

142 3482 290 3533 esse,
326 3484 452 3523 nam
494 3469 739 3541 pluribus
769 3470 980 3538 diebus,
1009 3480 1065 3526 ut
1093 3471 1220 3526 alibi
1265 3486 1408 3542 swpe
1452 3472 1565 3527 suis
1615 3471 1749 3527 locis

141 3560 515 3627 ostendimus,
580 3564 869 3633 augmenta
912 3560 1212 3635 Anglicana
1254 3559 1465 3632 adjecta
1504 3562 1745 3642 exhibet.

141 3650 261 3708 Hoc
294 3668 425 3709 vero
450 3653 625 3710 codici
674 3654 804 3712 huic
839 3654 1117 3727 peculiare
1144 3656 1289 3728 quod
1324 3655 1611 3711 uniformis
1639 3670 1746 3711 non

142 3743 241 3809 sit,
274 3744 563 3816 aliquando
599 3747 763 3823 enim,
792 3740 852 3802 ut
879 3761 1066 3805 mense
1091 3745 1373 3814 Januario,
1402 3749 1614 3804 auctior
1640 3756 1743 3815 est,

141 3838 279 3895 alibi
311 3824 512 3910 passim
541 3856 708 3912 purus
737 3839 1043 3917 Usuardus;
1081 3855 1269 3897 mense
1305 3840 1526 3898 Octobri
1557 3849 1611 3897 et
1641 3839 1765 3897 No-'

138 3931 359 3986 vembri
406 3946 568 3987 manu
611 3929 770 4004 paulo
814 3933 1102 4013 recentiori
1150 3932 1444 4005 suppletus.
1477 3932 1629 4001 Quod
1680 3932 1747 3989 de

144 4020 462 4079 Heriniensi
501 4022 758 4105 diximus,
795 4023 1021 4081 seclusis
1066 4022 1485 4090 Rhemeusibus,
1516 4024 1746 4095 purissi-

141 4128 300 4182 mum
328 4128 471 4182 esse,
494 4114 549 4170 id
576 4113 747 4171 ferme
769 4115 836 4172 de
861 4116 964 4171 hoc
990 4115 1177 4172 codice
1203 4116 1308 4171 dici
1338 4123 1538 4186 posset,
1568 4115 1614 4172 si
1636 4116 1747 4171 An-

140 4203 358 4276 glicana
409 4206 774 4281 nonnullaque
820 4207 876 4263 in
911 4207 1178 4281 principio
1206 4207 1462 4263 liberiora
1493 4224 1748 4280 augmen-

144 4303 198 4348 ta
244 4295 514 4352 abessent.
558 4280 634 4351 De
660 4297 937 4353 Auctariis
966 4282 1314 4368 Anglicanis,
1371 4297 1496 4354 vide
1548 4298 1748 4355 mensi-

140 4390 250 4447 bus
304 4392 529 4465 singulis
575 4391 691 4449 dies
742 4392 1061 4464 plerumque
1116 4392 1356 4463 aliquos;
1416 4391 1641 4448 notavi:
1676 4410 1745 4449 ex

138 4486 314 4555 Julio,
345 4504 406 4555 ιι,
448 4504 525 4556 vt,
563 4504 659 4555 vn,
700 4504 824 4558 vttt,
856 4504 946 4555 xv,
983 4504 1117 4556 xvu,
1149 4504 1298 4557 xxxi.
1350 4484 1430 4543 Ex
1477 4487 1741 4560 Augusto,

141 4596 301 4636 xxiv.
330 4580 409 4636 Ex
454 4580 778 4661 Septembri,
828 4597 905 4648 tv,
932 4597 1043 4648 xvr,
1094 4596 1224 4635 xxx.
1263 4579 1340 4634 Ex
1380 4578 1623 4648 Octobri,
1666 4597 1741 4649 vr,

140 4689 270 4740 vni,
300 4690 376 4742 xt,
409 4690 508 4740 xu,
541 4690 640 4729 xm
668 4683 725 4731 et
751 4690 843 4745 xv,
873 4686 980 4731 etc.

215 4765 344 4823 218.
383 4764 509 4829 Haec
561 4766 765 4841 codicis
802 4769 1036 4843 patriam
1093 4767 1560 4823 abundantissime
1602 4783 1728 4838 pro-

140 4859 301 4921 bant.
328 4857 409 4914 Ad
432 4867 650 4917 aetatem
678 4860 822 4933 quod
863 4860 1078 4925 attinet,
1132 4870 1263 4930 puto
1296 4860 1522 4916 extritas
1562 4860 1741 4917 rubri-

143 4965 261 5014 cas,
285 4965 474 5006 exesas
498 4951 725 5017 litteras,
744 4960 799 5007 et
820 4951 1000 5007 lacera
1025 4952 1153 5008 hinc
1168 4952 1291 5007 inde
1308 4950 1436 5007 folia
1459 4950 1736 5008 Hensche-

141 5041 223 5096 nii
255 5040 443 5097 oculos
462 5040 724 5113 fefelisse,
758 5058 887 5099 nam
942 5059 1009 5100 ex
1056 5043 1330 5111 sexcentis
1381 5043 1561 5112 annis,
1614 5058 1737 5099 meo

106 5114 369 5202 lquidetu
388 5132 615 5203 judicio,
637 5135 763 5191 bina
793 5136 992 5193 saecula
1026 5136 1237 5194 subdici
1265 5146 1513 5207 possunt,
1560 5136 1639 5193 sic
1682 5146 1742 5203 ut

138 5226 215 5281 ad
268 5225 525 5283 saeculum
577 5243 675 5283 xui
708 5228 998 5298 pertineat.
1028 5229 1228 5289 Forma
1277 5227 1578 5286 litterarum
1612 5216 1739 5287 cum

138 5317 482 5376 Tornacensi
529 5321 664 5377 satis
692 5331 880 5393 aperte
935 5324 1220 5389 convenit;
1273 5330 1330 5379 at
1374 5316 1735 5380 decretorium

134 5421 526 5482 argumentum
576 5415 780 5486 praebet
838 5415 1046 5470 adnexa
1081 5430 1155 5469 vn
1204 5412 1354 5481 Julii,
1409 5413 1470 5471 S.
1523 5413 1737 5471 Thema:

135 5505 396 5576 martyris
442 5506 742 5572 translatio,
786 5506 877 5563 tibi
931 5505 1235 5593 certissime
1282 5506 1732 5564 Cantuariensem

133 5597 456 5670 episcOpum
488 5597 717 5654 indicari
741 5598 1014 5665 existimo,
1047 5596 1200 5668 cujus
1223 5598 1506 5654 translatio
1534 5614 1599 5654 eo
1624 5599 1731 5667 die,

133 5690 337 5765 saltent
362 5705 428 5749 eo
458 5674 644 5753 mense
669 5690 809 5749 facta
833 5690 1180 5762 cognoscitur
1206 5706 1350 5747 anno
1376 5708 1471 5747 vnt
1501 5691 1729 5750 Honorii

133 5782 207 5839 111
238 5783 535 5853 ιιυηιίῆοίε,
564 5785 657 5853 qui
696 5793 781 5840 est
834 5783 992 5840 1225.
1040 5782 1193 5855 Unde
1240 5792 1390 5855 patet
1440 5800 1529 5842 me
1579 5794 1731 5844 recte

132 5875 409 5953 principio
452 5876 655 5935 dixisse
709 5875 949 5934 codicem
1025 5876 1171 5934 hunc
1196 5877 1351 5949 jcum
1403 5883 1730 5945 Tornacensi

1852 3384 1967 3424 sem
1999 3368 2262 3438 majorem
2292 3373 2597 3440 antecellat,
2639 3374 2819 3430 locum
2870 3377 3136 3431 duntaxat
3189 3385 3442 3447 quartum

1851 3460 1996 3516 inter
2016 3460 2354 3519 Usuardinos
2382 3463 2567 3521 Musaei
2598 3467 2772 3522 nostri
2799 3466 3029 3535 obtinet,
3056 3484 3178 3526 cum
3207 3468 3450 3539 puritate

1850 3563 1905 3607 et
1934 3552 2247 3610 sinceritate
2282 3562 2488 3611 tantum
2521 3555 2627 3613 illis
2675 3556 2903 3613 inferior
2942 3559 3012 3614 sit
3057 3568 3318 3631 quantum
3350 3575 3441 3614 stt-

1849 3652 2005 3718 perat
2043 3649 2387 3721 antiquitate.
2417 3649 2536 3707 Non
2563 3653 2731 3709 multa
2760 3654 3036 3709 contrahit
3063 3654 3151 3710 hic
3178 3654 3442 3725 scriptor,

1850 3738 1945 3797 sed
1975 3754 2073 3812 pro
2097 3758 2193 3799 sua
2216 3743 2434 3800 licentia
2464 3745 2756 3816 ampliﬁcat
2781 3763 2795 3811 ;
2829 3741 3194 3817 frequentiora
3224 3762 3287 3802 ex
3316 3745 3441 3803 Hie-

1850 3836 2186 3907 rouym‘ianis
2261 3837 2538 3895 codicibus
2604 3839 2972 3895 additamenta
3053 3855 3437 3910 nonnunquam

1849 3922 1984 3983 mihi
2032 3927 2395 4000 su5picionem
2446 3929 2705 4001 iniecere,
2757 3930 3061 3988 Grevcnutu
3112 3931 3165 3986 in
3197 3931 3443 4003 augendo

1852 4017 2120 4087 Usuardo,
2151 4021 2234 4075 vel
2261 4020 2438 4092 ipsum
2467 4023 2612 4079 hunc
2654 4024 2921 4091 codicem,
2967 4023 3049 4079 vel
3085 4023 3274 4079 saltem
3322 4023 3439 4095 ejus

1851 4106 2183 4183 ecgraphum
2219 4113 2552 4172 adhibuisse.

1918 4200 2047 4258 220.
2095 4202 2366 4259 Caeterum
2420 4205 2487 4260 de
2530 4205 2735 4261 codicis
2783 4207 2943 4277 hujus
3008 4215 3168 4261 aetate
3235 4204 3443 4259 notavit

1848 4292 2225 4351 Henschcnius
2269 4304 2413 4351 tomo
2442 4293 2485 4350 ll
2512 4296 2732 4366 Aprilis,
2783 4314 2904 4368 pag.
2930 4312 3027 4362 vn,
3059 4296 3199 4352 infra
3235 4297 3338 4351 litt.
3367 4296 3437 4360 A,

1853 4377 1956 4441 hoc
2008 4385 2453 4460 Martyrologium
2508 4390 2706 4455 citans,
2753 4389 2892 4460 quod
2950 4396 3075 4443 ante
3128 4390 3438 4459 quingentos
3507 4441 3511 4446 .

1849 4478 2017 4536 annos
2043 4494 2108 4536 ea:
2138 4480 2522 4552 Martyrologio
2541 4481 2717 4555 aliqua
2745 4480 3039 4553 Anglicano
3068 4481 3269 4535 videtur
3297 4490 3442 4534 tron-

1848 4574 2122 4646 scriptum.
2161 4572 2262 4630 Hic
2289 4582 2344 4629 et
2373 4584 2504 4630 aetas
2544 4584 2598 4631 et
2627 4575 2802 4644 patria
2834 4589 2962 4630 vere
2993 4575 3061 4629 ab
3094 4572 3439 4629 chschenio

1849 4668 2220 4737 designantur.
2253 4667 2328 4723 De
2341 4667 3030 4739 annisquingentisiterum
3060 4667 3171 4739 agit
3196 4676 3341 4723 tonio
3371 4664 3439 4722 IV

1847 4762 2019 4830 Junii,
2050 4780 2174 4836 pag.
2203 4764 2561 4832 ccccr.vr,col'.
2584 4764 2794 4831 l,circa
2812 4764 3083 4820 linem.“
3103 4763 3191 4820 die
3218 4780 3246 4817 v
3268 4761 3437 4831 Junii,

1846 4846 1970 4926 pag.
2002 4853 2128 4921 456,
2163 4853 2268 4910 litt.
2303 4855 2365 4922 D,
2392 4856 2446 4911 in
2487 4854 2767 4913 Bonifacio
2800 4857 3055 4930 episcopo
3099 4855 3433 4928 Moguntino,

1846 4944 2164 5017 praedictam
2193 4956 2408 5004 aetatem
2459 4948 2767 5005 distinctius
2813 4948 3159 5017 determinat,
3207 4949 3441 5005 all‘erens

1846 5045 2134 5117 exaratum
2162 5037 2328 5094 fuisse
2370 5024 2513 5095 circa
2567 5052 2768 5096 annum
2804 5040 2958 5097 1158.
3006 5040 3193 5107 Recte,
3222 5041 3437 5111 opinor,

1848 5138 1904 5185 et
1929 5136 2202 5199 accurate,
2246 5130 2409 5201 idque
2455 5128 2830 5190 Henschenius
2861 5133 3112 5206 colligere
3141 5134 3316 5203 potuit
3367 5142 3435 5186 ex

1848 5223 2173 5281 brevissimo
2202 5225 2484 5293 chronico,
2512 5225 3002 5299 Martyrologioisti
3033 5224 3437 5298 pra-ﬁxo,quod

1848 5315 1916 5371 ad
1951 5332 2153 5373 annum
2180 5317 2317 5375 H58
2340 5320 2624 5392 pertingit,
2664 5320 2716 5375 in
2748 5336 2854 5400 quo
2900 5320 3201 5376 clarissime
3244 5318 3434 5376 eadem

1847 5402 2071 5485 apparet
2121 5431 2314 5472 manus
2345 5432 2451 5487 qua
2483 5425 2655 5473 totum
2683 5414 3129 5489 Martyrologium
3175 5414 3437 5485 scriptum

1845 5514 1950 5561 est.
2007 5505 2123 5561 Non
2173 5518 2305 5579 puto
2354 5508 2735 5565 vcrositniliori
2773 5515 3092 5580 argumento
3122 5505 3322 5561 veteris
3343 5519 3439 5561 cu-

1836 5593 2055 5664 jusdam
2087 5598 2292 5655 codicis
2320 5607 2533 5655 (etatem
2568 5598 2779 5656 deliniri
2802 5613 2961 5670 posse
2987 5615 3001 5665 ;
3033 5607 3195 5667 atque
3220 5597 3323 5652 hoc
3346 5604 3431 5651 est

1844 5690 1989 5760 quod
2021 5688 2289 5759 dicebam,
2322 5691 2651 5748 Tornacensi
2706 5700 2761 5747 et
2799 5688 3181 5761 Autuerpiensi
3226 5689 3434 5760 majore

1845 5784 2204 5855 antiquiorem
2239 5798 2378 5840 esse.
2429 5784 2655 5840 Accedit
2701 5791 2755 5838 et
2806 5783 2910 5838 alia
2956 5781 3112 5838 valde
3141 5779 3437 5852 probabilis

1844 5866 2002 5948 ratio,
2038 5879 2182 5952 quod
2213 5888 2402 5936 careat
2432 5877 2847 5935 annuutiatione
2876 5884 3079 5933 sancta:
3126 5872 3445 5932 Catliarinw'
