3936 6348
492 352 597 408 567
1346 356 1719 413 USUARDUS
1758 356 2139 415 MONACHUS
2175 358 2823 423 SANGERMANENSIS.
3650 372 3757 430 568

494 466 717 536 virginis
750 482 855 520 xxv
905 464 1242 523 Novembris.
1291 469 1404 524 lmo
1446 468 1769 535 clarissime,
1807 470 1863 524 ni
1891 468 2072 536 fallor,
2101 472 2153 532 Α
2178 487 2627 542 nonpossumus,
2651 476 2971 547 simpliciter
3015 493 3272 535 vocamus
3303 478 3754 550 Antaei-picum.

490 556 685 611 conﬁci
710 565 981 627 potestex
1012 573 1077 614 eo
1101 560 1246 628 quod
1275 560 1340 615 de
1367 571 1557 615 sancto
1587 560 1792 617 Thoma
1817 562 2072 634 episcopo

491 649 889 716 Cautuariensi,
921 650 1275 706 celeberrimo
1305 653 1486 708 saeculi
1518 670 1593 708 xu
1623 662 1877 726 martyre,
1902 657 2072 711 altum
2119 690 2125 695 -

490 740 673 806 sileat,
711 756 835 797 cmn
864 742 911 796 is
936 742 989 797 in
1021 755 1249 813 utroque
1277 744 1459 813 priore
1487 745 1686 800 diserte
1714 747 2068 817 exprimatur,

488 841 546 887 ut
580 835 704 889 vide
730 835 782 889 in
818 834 1091 890 Auctariis
1120 851 1247 890 xxxx
1287 837 1617 896 Decembris.
1978 898 1982 902 Α

562 926 688 980 22L
724 912 887 992 Quod
915 940 1042 981 vero
1069 927 1191 982 aliis
1217 928 1335 983 istis
1358 929 1722 1007 simplicitatis
1744 944 1910 1004 atque
1935 936 2071 992 adeo

491 1023 833 1077 auctoritatis
857 1022 1048 1079 ordine
1073 1034 1450 1096 postponatur,
1488 1028 1619 1083 facit
1652 1028 1763 1098 jam
1795 1030 2070 1087 insinuata

490 1112 844 1182 descriptoris
891 1113 1133 1177 libertas,
1189 1118 1278 1186 qui
1319 1119 1757 1192 Martyrologium
1812 1122 2070 1178 Usuardi-

492 1218 620 1256 num
655 1203 815 1258 nimis
838 1202 1150 1274 frequenter
1195 1224 1259 1262 ex
1306 1211 1582 1269 codicibus
1632 1212 2070 1285 Hieronymianis

489 1303 543 1346 et
585 1308 647 1347 ex
691 1293 895 1350 Adone
936 1296 1299 1367 interpolavit,
1347 1311 1443 1356 aut
1487 1302 1703 1359 aliunde
1757 1306 1928 1369 auxit,
1976 1314 2069 1361 aut
2114 1338 2117 1341 -

488 1385 700 1441 modice
736 1386 1020 1457 corripuit,
1050 1399 1111 1443 ut
1156 1389 1578 1449 Observationes
1604 1396 1930 1465 quotidianae
1952 1397 2064 1452 Au-

483 1479 765 1549 ctariaque
787 1491 974 1538 nostra
1000 1483 1289 1539 manifeste
1318 1487 1630 1542 ostendunt.
1657 1488 1751 1544 llis
1800 1490 1938 1545 adde
1968 1505 2061 1546 ac-

485 1569 762 1625 cessiones
787 1569 1116 1641 Anglicanas
1143 1572 1308 1643 (unde
1337 1575 1567 1644 patriam
1596 1578 1848 1646 superius
1877 1578 2063 1633 obser-

482 1658 661 1727 vabat
687 1657 1080 1731 Henschenius)
1133 1678 1362 1731 quarum
1409 1665 1495 1741 hic
1525 1667 1787 1735 pauculas
1817 1669 2063 1741 attigisse

481 1749 615 1825 satis
641 1759 1012 1815 est;,caateras
1039 1752 1211 1808 lector
1244 1756 1355 1809 suis
1381 1738 1514 1811 locis
1544 1756 1700 1813 facile
1725 1738 2064 1815 animadver-

484 1849 579 1909 tet.
603 1842 685 1895 Ad
708 1843 848 1896 diem
881 1859 956 1898 xu
981 1844 1154 1899 Martii
1179 1845 1434 1916 adjicitur
1451 1847 1704 1920 Elfragus
1733 1849 2065 1907 Wintonien-

476 1933 548 1999 sis
583 1934 873 2005 episcopus.
921 1935 1002 1990 Ad
1060 1952 1109 1991 γι
1160 1936 1310 2001 Julii,
1354 1939 1605 2009 depositio
1640 1940 1944 2013 Sexburgw.
1986 1943 2063 1999 Ne

478 2026 685 2097 singula
719 2042 1035 2097 prosequar,
1067 2029 1354 2084 videantur
1401 2048 1521 2097 xm,
1572 2049 1642 2086 xv
1689 2042 1743 2088 et
1777 2051 1902 2090 xxxt
1953 2035 2068 2090 Au-

478 2116 657 2184 gusti;
694 2132 745 2170 tv
775 2116 1114 2187 Septembris
1141 2128 1195 2173 et
1216 2119 1345 2174 alibi
1369 2136 1532 2191 saepe.
1564 2122 1738 2192 Prope
1781 2124 2062 2180 exciderat

478 2207 762 2273 adnotare,
794 2210 1018 2279 quodin
1069 2210 1190 2266 aliis
1216 2212 1493 2267 codicibus
1532 2229 1714 2268 rarum
1752 2223 1857 2279 est,
1904 2214 1957 2270 id
2002 2214 2059 2269 in

475 2300 579 2355 hoc
610 2302 857 2372 reperiri,
887 2318 953 2358 cx
983 2320 1089 2374 quo
1131 2306 1197 2359 de
1238 2305 1355 2375 ejus
1384 2312 1652 2362 vetustate
1683 2308 1841 2363 liceat
1875 2308 2058 2366 facere

474 2393 860 2461 conjecturam,
919 2409 1131 2465 nempe,
1191 2398 1334 2465 quod
1392 2412 1545 2467 :eque
1604 2414 1669 2453 ac
1718 2398 2057 2457 Heriniensis

472 2482 861 2553 diphthongon:
885 2502 929 2538 ω
952 2486 1191 2545 ascribat
1210 2502 1305 2557 per
1327 2498 1364 2559 ς
1396 2488 1843 2559 subvirgulatum,
1868 2505 2056 2560 quem-

472 2574 760 2629 admodum
789 2591 949 2645 supra
978 2579 1043 2632 de
1066 2578 1327 2647 primario
1358 2578 1449 2634 illo
1477 2581 1664 2636 codice
1690 2589 1877 2636 nostro
1901 2580 2056 2637 Heri-

472 2667 645 2722 nieusi
675 2668 912 2723 studiose
942 2670 1270 2725 monuimus.
1305 2670 1417 2726 lloc
1443 2672 1673 2743 denique
1701 2672 2051 2743 repetendum

470 2759 611 2825 quod
644 2758 708 2813 de
743 2760 1125 2829 Antuerpiensi
1157 2760 1365 2832 majore
1395 2761 1739 2818 observatum
1773 2774 1877 2831 est,
1912 2763 2051 2820 Ros-

470 2850 801 2921 weydinum,
847 2869 956 2923 quo
997 2852 1065 2908 de
1104 2854 1390 2923 loquimur,
1434 2856 1882 2926 manuscriptum,
1926 2871 2049 2911 cum

471 2942 699 3009 praefato
724 2944 910 2999 codice
943 2955 996 2999 et
1024 2946 1437 3016 Aquicinctiuo,
1485 2946 1762 3002 Pratensis
1806 2948 2053 3019 vestigiis

468 3034 785 3105 plerumque
828 3036 1096 3101 insistere,
1132 3038 1259 3093 dum
1314 3038 1403 3094 hic
1447 3055 1475 3092 a
1532 3039 1755 3110 reliquis
1801 3041 2051 3097 omnibus

469 3124 740 3182 dissentit.

516 3216 661 3272 .222.
686 3214 949 3271 lllustrem
974 3218 1183 3273 vocavit
1210 3218 1586 3276 Henscbenius
1609 3229 1754 3277 tomo
1781 3221 1801 3277 Ι
1826 3222 2047 3293 Aprilis,

468 3322 589 3376 pag.
622 3323 731 3373 xiv,
769 3307 910 3362 infra
938 3307 1041 3364 litt.
1093 3310 1153 3375 E,
1187 3311 1429 3367 codicem
1480 3313 1664 3379 alium,
1707 3330 1737 3367 a
1784 3315 2049 3386 przecipua

466 3396 587 3466 ejus
643 3400 1055 3456 annuntiatione
1101 3417 1174 3456 xx
1224 3402 1370 3458 Junii
1417 3404 1612 3476 posita,
1671 3402 2049 3461 Pulsanensem

468 3490 692 3555 dictum,
727 3490 983 3559 quoniam
1017 3492 1090 3547 ibi
1120 3493 1186 3547 de
1236 3492 1444 3549 Joanne
1491 3494 1688 3551 abbate
1734 3494 2048 3552 Pulsanensi

467 3581 544 3659 ita
572 3581 702 3652 agit,
726 3591 784 3636 ut
811 3582 970 3651 plane
995 3583 1085 3639 det
1109 3584 1406 3657 intelligere
1430 3584 1557 3640 olim
1591 3586 1643 3640 in
1670 3586 1925 3642 coenobio
1956 3587 2049 3642 illo

467 3688 533 3726 ex
550 3674 840 3743 antiquiori
862 3674 1161 3730 Usuardino
1182 3677 1479 3746 exemplari
1502 3677 1832 3747 descriptum
1858 3676 2046 3742 fuisse,

469 3765 563 3818 sed
600 3764 899 3834 saepissime
926 3774 1265 3821 contractum
1294 3777 1349 3823 et
1389 3769 1750 3824 decurtatum.
1803 3769 1882 3824 Ex
1907 3785 2050 3827 anno

471 3862 652 3917 obitus
680 3861 924 3927 Joannis,
952 3862 1216 3918 iucarnati
1249 3862 1411 3918 Verbi
1444 3865 1604 3930 1159,
1637 3864 1806 3921 ferme
1835 3865 2050 3939 collegit

469 3950 877 4019 Papebrocbius
900 3960 1045 4007 tome
1082 3950 1149 4005 IV
1195 3951 1360 4020 Junii,
1382 3970 1502 4026 pag.
1554 3954 1643 4021 59,
1676 3971 1824 4010 ηιιιιι.
1856 3957 1910 4022 8,
1940 3965 2049 4011 tam
2078 3962 2082 3966 “

466 4054 722 4097 vetustum
750 4058 868 4098 esse
894 4044 993 4099 hoc
1015 4044 1478 4116 Martyrologium,
1506 4057 1563 4101 ut
1602 4048 1695 4102 sub
1745 4048 2047 4103 immedian
2090 4124 2093 4125 ν

464 4133 633 4185 sancti
660 4149 956 4188 successore
995 4135 1235 4190 Iordane
1275 4137 1524 4208 scriptum
1556 4138 1814 4205 videatur,
1860 4140 2047 4211 quippe

465 4224 693 4279 aliorum
734 4223 1140 4280 Pulsaueusium
1179 4238 1481 4283 sanctorum
1516 4231 1728 4309 nomina
1766 4230 1913 4286 nulla
1945 4231 2046 4286 Ita-

463 4318 608 4372 bens.
632 4316 813 4373 Facile
835 4320 1122 4387 assentior,
1151 4336 1274 4376 eum
1308 4335 1371 4376 ea
1423 4322 1575 4393 signa
1628 4321 1882 4393 praeferat
1925 4338 2047 4392 quae

462 4423 790 4469 vetustatem
807 4415 1029 4471 omnino
1057 4417 1454 4471 commendent.
1475 4416 1734 4472 Indicium
1758 4432 1887 4472 vero
1902 4416 2046 4472 haud

462 4504 752 4560 obscurum
777 4505 1018 4573 exhibet,
1049 4506 1175 4562 dum
1199 4507 1265 4563 de
1287 4505 1493 4562 Thema
1541 4508 1921 4563 Cantuariensi
1979 4508 2047 4564 ad

464 4598 762 4668 marginem
795 4606 850 4652 et
902 4599 1190 4654 recentiori
1218 4607 1499 4655 caractere
1533 4600 1804 4666 meminit,
1860 4610 1920 4654 ut
1964 4608 2048 4655 est

463 4690 517 4765 in
542 4689 814 4745 Auctariis
835 4690 1001 4745 citata
1024 4690 1272 4761 superius
1294 4690 1381 4747 die
1403 4708 1537 4747 xxix
1560 4691 1898 4747 Decembris.
1927 4690 2045 4759 Quo

462 4790 621 4851 pacto
655 4782 723 4835 ad
775 4795 874 4835 nos
919 4781 1251 4851 pervenerit,
1283 4781 1517 4851 explicat
1560 4781 1759 4838 ibidem
1799 4781 2047 4838 laudatus

459 4871 889 4942 Papebrocbius,
929 4888 996 4928 ex
1024 4872 1205 4927 notula
1254 4888 1286 4927 a
1316 4871 1573 4928 Bollando
1601 4873 1772 4928 codici
1801 4872 2041 4943 praeﬁxa.

461 4964 709 5035 Scriptus
733 4964 897 5018 estin
930 4963 1266 5031 membrana,
1312 4964 1484 5021 forma
1515 4974 1728 5032 octava,
1780 4965 2044 5035 principio

461 5056 653 5111 diebus
687 5065 923 5125 quatuor
953 5057 1196 5112 mutilus.
1229 5055 1353 5111 Jam
1378 5056 1512 5123 dixi,
1554 5064 1609 5112 et
1637 5070 1705 5111 ex
1739 5065 1853 5114 tcto
1878 5071 2045 5128 opere

460 5159 649 5205 nostro
702 5149 874 5220 liquet
926 5148 1203 5205 multoties
1249 5148 1558 5206 Usuardum
1614 5148 1941 5214 abbreviari,
1989 5157 2046 5205 et

459 5240 716 5321 nonnulla
767 5241 1094 5311 quandoque
1146 5240 1307 5294 nimis
1358 5240 1529 5295 libere
1577 5241 1795 5306 omitti;
1858 5240 2038 5311 addo,

459 5347 650 5387 mense
673 5330 835 5387 Junio
865 5331 1173 5388 Usuardum
1213 5346 1599 5401 nonnunquam
1645 5332 1846 5398 deseri,
1878 5341 1932 5387 et
1974 5347 2044 5388 ex
2078 5332 2079 5335 “

458 5420 900 5495 Hieronymianis
935 5422 1209 5492 suppleri,
1257 5421 1396 5477 forte
1454 5422 1599 5493 quod
1641 5423 1695 5477 in
1733 5423 2044 5495 apographo

460 5502 792 5583 Usuardino,
834 5532 903 5571 ex
967 5529 1076 5586 quo
1126 5514 1433 5586 descriptus
1476 5524 1562 5570 est
1606 5517 1802 5583 codex,
1860 5516 2042 5586 aliqua

459 5594 725 5660 defuerint
752 5623 873 5678 qua:
892 5608 1132 5678 oportuit
1155 5607 1370 5662 aliunde
1400 5607 1671 5678 accipere.

398 5736 413 5739 -
493 5682 653 5771 1225.
688 5697 856 5753 Vetus
909 5700 1060 5765 item,
1105 5701 1505 5763 membraneus,
1559 5700 1611 5753 in
1644 5700 1837 5755 minori
1869 5699 2043 5755 forma

459 5787 696 5859 scriptus
754 5801 834 5845 est
865 5791 1035 5847 codex
1082 5791 1188 5856 ille,
1247 5807 1406 5862 quem
1458 5791 1582 5861 quia
1614 5790 1719 5845 alio
1767 5792 2046 5847 remittere

2175 562 2329 619 Nulla
2353 574 2504 621 certa
2525 568 2702 623 atatis
2716 569 2867 643 signa
2882 568 3118 644 praefert,
3140 577 3341 640 praeter
3360 570 3762 641 characterem,

2174 656 2267 726 qui
2317 657 2569 713 saeculum
2600 675 2698 714 χιιι
2735 675 2928 731 sapere
2971 662 3194 718 omnino
3225 661 3460 730 videtur,
3508 664 3761 735 mihique

2174 746 2384 817 idadeo
2414 749 2627 823 facilius
2644 752 2965 821 persuadeo,
2988 754 3132 825 quod
3146 753 3322 810 nullos
3344 762 3567 811 sanctos
3587 757 3762 827 signet

2118 884 2122 889 .
2173 856 2240 897 eo
2271 842 2471 899 saeculo
2491 844 2844 914 posteriores.
2889 844 3028 900 Sunt
3078 845 3134 901 in
3178 845 3405 917 praeﬁxo
3434 846 3766 905 Kalendario

2172 933 2232 989 S.
2270 933 2496 990 Thomas
2517 936 2804 1006 confessor,
2828 952 2901 990 vn
2924 936 3134 1001 Martii;
3168 931 3299 991 xxix
3333 937 3543 1008 Aprilis
3566 937 3763 994 Rober-

2173 1033 2255 1078 tus
2277 1023 2459 1091 abbas,
2492 1025 2539 1079 is
2575 1025 2720 1080 haud
2748 1025 2907 1081 dubie
2936 1026 3027 1095 qui
3070 1026 3316 1083 ordinem
3346 1025 3761 1084 Cisterciensem

2170 1113 2379 1184 primus
2401 1114 2692 1170 inchoavit.
2717 1114 2854 1170 Tum
2886 1132 2957 1170 xx
2985 1115 3239 1186 Augusti,
3267 1116 3465 1173 litteris
3497 1118 3760 1184 miniatis,

2173 1203 2448 1259 Bernadus
2480 1204 2661 1271 abbas,
2682 1206 2824 1261 unde
2851 1222 2958 1262 non
2986 1207 3168 1277 inepte
3196 1208 3486 1280 conjicitur
3516 1211 3759 1266 codicem

2170 1292 2296 1347 olim
2324 1292 2391 1347 ad
2415 1292 2779 1349 Cisterciense
2801 1293 3019 1365 aliquod
3043 1298 3436 1352 monasterium
3463 1308 3757 1370 spectasse.

2168 1382 2251 1437 Ad
2302 1400 2392 1450 xv,
2442 1383 2714 1450 Octobris,
2756 1385 2978 1457 ponitur
3009 1385 3369 1455 Franciscus;
3399 1390 3466 1445 ad
3525 1407 3617 1447 xtx
3652 1391 3758 1449 No-

2169 1474 2426 1541 vembris,
2460 1473 2748 1529 Elisabeth.
2776 1475 2850 1530 At
2883 1491 3015 1532 vero
3047 1470 3344 1535 notandum
3369 1479 3756 1539 Kalendarium

2169 1581 2198 1619 a
2227 1583 2388 1621 manu
2410 1560 2870 1640 longerecentiori
2883 1584 3004 1625 esse
3019 1560 3191 1640 quam
3215 1572 3287 1627 sit
3307 1570 3756 1647 Martyrologium

2169 1659 2254 1714 cui
2296 1662 2677 1730 praemittitur;
2703 1672 2853 1719 certe
2884 1663 3034 1719 nullli
3065 1665 3122 1720 in
3142 1665 3249 1722 hoc
3269 1667 3445 1722 sancti
3471 1669 3755 1738 reperiun-

2171 1757 2259 1802 tur
2276 1749 2568 1806 Francisco
2596 1761 2689 1806 aut
2709 1752 2992 1809 Elisabeth
3017 1756 3367 1811 recentiores.
3395 1754 3755 1811 Purissimum

2173 1838 2480 1895 Usuardum
2524 1857 2631 1898 non
2661 1856 2781 1899 esse
2811 1844 3081 1901 docebunt
3122 1847 3403 1904 Auctaria.
3451 1847 3533 1904 De
3560 1857 3756 1904 caetero

2168 1930 2349 1984 notavi
2376 1932 2625 2002 superius
2656 1949 2807 1988 num.
2832 1934 2936 1989 172
2960 1950 3028 1991 ex
3046 1935 3357 2007 bujusmodi
3385 1937 3755 2007 manuscripto

2166 2026 2366 2083 factam
2393 2043 2514 2085 esse
2539 2030 2770 2100 primam
2800 2030 2949 2087 illam
2974 2040 3029 2088 et
3054 2033 3298 2088 omnium
3322 2033 3751 2089 vetustissimam

2164 2120 2457 2176 editionem
2504 2119 2847 2178 Lubecanam
2894 2125 3021 2179 anni
3080 2124 3256 2192 M75;
3300 2125 3441 2181 unde
3487 2126 3541 2180 in
3596 2141 3753 2197 opere

2163 2225 2352 2271 nostro
2387 2232 2602 2287 semper
2640 2216 3040 2285 conjunguntur
3073 2219 3189 2277 haec
3230 2221 3335 2276 duo
3364 2218 3745 2292 Martyrologia

2162 2306 2380 2362 citando
2404 2307 2653 2377 Antuerp.
2695 2317 2741 2362 et
2774 2307 3163 2376 Mona-Labeo;
3195 2310 3391 2381 quibus
3434 2310 3750 2383 plerumque

2161 2397 2371 2451 accedit
2397 2384 2566 2451 codex
2590 2396 2748 2463 alius,
2766 2391 2929 2469 'cujus
2957 2399 3129 2455 solum
3155 2410 3465 2457 extractum
3502 2418 3603 2458 seu
3642 2403 3746 2459 col-

2158 2486 2418 2542 lationem
2465 2474 2790 2554 habemus,
2860 2504 2927 2544 ex
3003 2489 3330 2547 bibliotheca
3405 2491 3747 2548 celeberrimi

2159 2578 2370 2636 abbatis
2404 2578 2635 2649 Ughclli,
2669 2581 2811 2635 unde
2844 2596 3041 2636 nomen
3072 2581 3326 2649 inditum,
3385 2580 3746 2654 Ugliellianas,

2157 2668 2224 2723 de
2247 2684 2354 2738 quo
2375 2683 2496 2723 cum
2536 2669 2655 2724 aliis
2683 2671 2948 2726 extractis
2973 2670 3114 2726 infra
3137 2687 3381 2743 agemus.

2224 2758 2353 2813 224.
2382 2759 2700 2815 Usuardinis
2733 2762 3116 2834 manuscriptis
3145 2764 3388 2820 melioris
3407 2775 3549 2820 nota:
3578 2768 3745 2822 etiam

2156 2851 2598 2905 annumerandus
2662 2852 2808 2906 venit
2859 2852 3029 2908 codex
3079 2852 3517 2922 Harclu'anensis,
3584 2872 3745 2927 quem

2152 2953 2406 3014 putamus
2432 2942 2487 2997 in
2512 2943 2627 3012 ipsa
2648 2943 2865 2998 abbatia
2893 2944 3162 3018 integrum
3184 2961 3293 3001 non
3321 2955 3539 3004 exstare
3570 2964 3745 3017 quan-

2155 3035 2441 3107 doquidem
2473 3034 2645 3090 solum
2674 3050 2916 3092 mensem
2942 3035 3301 3092 Februarium
3338 3039 3463 3094 inde
3509 3055 3743 3110 accepe-

2153 3129 2347 3192 rimus,
2379 3142 2500 3181 cum
2526 3126 2723 3181 lacinia
2748 3126 2928 3197 aliqua
2964 3130 3168 3185 mensis
3189 3128 3386 3185 Martii.
3420 3130 3494 3185 Ex
3533 3146 3597 3187 eo
3619 3149 3747 3202 spe-

2079 3201 2125 3267 C
2156 3221 2355 3276 cimine
2391 3228 2586 3275 caetera
2642 3219 2801 3275 facile
2837 3236 3162 3293 cognosces;
3193 3222 3422 3290 utinam,
3467 3222 3513 3277 si
3564 3221 3746 3278 adhuc

2156 3308 2451 3379 supersint,
2481 3310 2548 3365 ad
2581 3324 2679 3364 nos
2719 3308 3012 3380 aliquando
3058 3312 3534 3367 transmittantur:
3561 3312 3629 3379 id,
3652 3329 3748 3383 per

2155 3398 2365 3468 aliquos
2394 3414 2425 3453 e
2461 3399 2660 3455 nostris
2703 3397 2961 3456 Patribus
3006 3415 3148 3473 serpe
3180 3401 3295 3473 jam
3341 3400 3538 3458 frustra
3570 3403 3747 3473 impe-

2153 3502 2303 3546 trare
2389 3492 2739 3547 tentavimus.
2812 3491 3039 3548 Vicinia:
3090 3494 3288 3566 gratia,
3343 3493 3747 3551 Marchianensi

2154 3582 2419 3654 subjungo
2445 3583 2864 3653 Aquicinctinum
2886 3584 3183 3655 exemplar,
3213 3585 3357 3656 quod
3400 3585 3527 3640 licet
3563 3594 3744 3640 totum

2153 3692 2368 3748 quoque
2414 3685 2469 3732 et
2515 3677 2732 3748 plenum
2776 3692 2881 3732 non
2922 3678 3238 3745 habeamus,
3287 3678 3555 3735 defectum
3584 3678 3744 3733 illum

2152 3771 2364 3828 abunde
2403 3771 2615 3842 supplet
2652 3771 3064 3827 accuratissima
3088 3770 3330 3839 ejusdem
3350 3770 3587 3834 collatio,
3617 3786 3746 3826 cum

2092 3852 2097 3857 ’
2152 3862 2391 3918 secunda
2421 3861 2618 3916 Molani
2644 3861 2881 3918 editione
2907 3862 3034 3916 anni
3072 3861 3230 3928 1575,
3261 3862 3354 3918 ubi
3390 3878 3450 3918 ea
3482 3877 3591 3932 qua
3628 3863 3746 3918 ﬁeri

2148 3957 2326 4027 potuit
2352 3956 2652 4027 diligentia,
2682 3955 2957 4011 variantes
2983 3953 3243 4018 lectiones
3269 3968 3456 4011 omnes
3478 3955 3748 4024 apposita

2150 4059 2296 4115 sunt,
2337 4062 2403 4104 ex
2431 4048 2628 4118 quibus
2664 4048 2730 4103 de
2767 4047 2931 4103 totius
2980 4047 3185 4103 codicis
3231 4046 3466 4118 puritate
3513 4055 3570 4101 et
3616 4048 3748 4103 sim-

2148 4142 2387 4213 plicitate
2411 4140 2673 4211 judicium
2711 4139 2939 4194 feratur.
2966 4138 3044 4193 Ex
3078 4137 3313 4209 praefatis
3355 4137 3624 4194 extractis
3671 4138 3748 4193 vi-

2150 4236 2282 4291 deor
2308 4250 2468 4306 posse
2521 4232 2793 4303 conjicere
2843 4232 3088 4288 codicem
3139 4231 3290 4286 illum
3330 4229 3531 4286 saeculo
3575 4231 3746 4285 tertio

2149 4328 2361 4385 decimo
2390 4327 2532 4382 haud
2564 4326 2916 4397 posteriorem
2939 4340 3099 4392 esse;
3131 4325 3321 4379 eadem
3347 4339 3447 4395 pro
3474 4323 3747 4379 Marchia-

2149 4419 2301 4475 nensi
2330 4418 2620 4475 sententia.
2651 4417 2765 4474 Hoc
2788 4425 2969 4473 autem
2993 4415 3375 4488 Aquicinctino
3404 4426 3598 4471 nostro
3623 4432 3745 4472 cum

2149 4513 2533 4584 Antuerpiensi
2568 4509 2774 4580 majore
2824 4521 2881 4567 et
2928 4508 3286 4581 Rosweydino
3319 4523 3613 4566 commune
3642 4518 3746 4574 est.

2072 4578 2126 4659 Β
2155 4603 2299 4674 quod
2329 4578 2418 4657 ubi
2459 4578 2740 4657 Pratensis
2767 4616 2797 4655 a
2823 4599 3045 4671 reliquis
3074 4578 3272 4664 deviat,
3304 4598 3395 4653 hic
3445 4612 3573 4654 cum
3608 4600 3748 4655 duo—

2156 4694 2256 4749 bus
2280 4692 2455 4749 solitis
2485 4693 2649 4749 sociis
2688 4692 2915 4747 classem
2974 4689 3118 4744 illam
3142 4686 3497 4760 peculiarem
3532 4689 3749 4745 constio

2156 4790 2290 4847 tuat,
2341 4781 2409 4837 de
2452 4798 2558 4852 qua
2593 4782 2705 4852 jam
2753 4796 2895 4851 saepe
2948 4778 3198 4849 superius
3244 4786 3408 4849 atque
3452 4780 3507 4834 in
3546 4778 3753 4836 Obser-

2153 4875 2465 4931 vationibus
2539 4874 2742 4930 nostris
2801 4872 3125 4930 Usuardinis
3186 4869 3503 4942 frequenter
3566 4886 3753 4927 sermo

2153 4967 2405 5023 recurrit.

2219 5059 2346 5116 ΞΞΒ.
2377 5056 2474 5114 His
2492 5057 2745 5115 omnibus
2768 5054 3020 5128 subiungi
3046 5053 3225 5121 debet,
3250 5053 3296 5110 si
3329 5068 3437 5109 non
3464 5053 3754 5123 puritatis,

2150 5158 2246 5206 aut
2271 5148 2659 5220 simplicitatis,
2692 5146 2885 5202 saltem
2907 5145 3247 5216 antiquitatis
3272 5144 3417 5215 jure,
3448 5152 3608 5199 vetus
3653 5158 3754 5198 co—

2151 5242 2255 5301 dex
2284 5241 2457 5297 sancti
2482 5239 2748 5305 Richarii,
2775 5255 2935 5310 quem
2969 5254 2998 5293 a
3023 5237 3192 5309 priori
3215 5236 3451 5293 ctenobii
3476 5236 3622 5291 illius
3654 5252 3756 5291 no-

2150 5335 2299 5390 mine
2326 5332 2691 5389 Centulensem
2721 5331 3095 5402 indigitamus,
3147 5337 3203 5384 et
3251 5329 3470 5393 merito,
3500 5343 3628 5382 cum
3682 5341 3755 5382 ex

2150 5444 2205 5484 IV
2236 5426 2401 5488 Junii,
2430 5440 2554 5479 xxvr
2571 5424 2822 5495 Augusti,
2852 5439 2889 5479 ιι
2942 5421 3257 5478 Decembris
3294 5429 3350 5476 et
3389 5420 3510 5475 aliis
3553 5418 3759 5474 diebus

2148 5518 2353 5575 clarum
2376 5517 2447 5574 sit
2468 5516 2544 5570 ibi
2564 5514 2692 5570 olim
2728 5512 2994 5583 scriptum
3020 5519 3183 5582 atque
3208 5518 3529 5581 usurpatum
3550 5508 3752 5563 fuisse.

2150 5610 2311 5664 Manu
2357 5623 2453 5664 sua
2497 5605 2749 5676 ascripsit
2795 5602 3135 5674 Rosvveydus
3182 5616 3241 5657 se
3296 5599 3757 5673 Martyrologium

2149 5717 2305 5756 suum
2338 5700 2580 5754 habuisse
2630 5714 2695 5751 ea:
2742 5695 2954 5750 abbatia
3008 5692 3072 5749 S.
3116 5690 3347 5760 Vedasti,
3398 5692 3543 5747 unde
3586 5693 3761 5761 prius

2148 5791 2476 5860 ecgraphum
2502 5791 2603 5847 sibi
2629 5785 2865 5845 describi
2896 5794 3209 5851 curaverat,
3237 5782 3382 5854 quod
3435 5782 3580 5838 inter
3630 5783 3760 5836 col-
