3936 6348
152 394 266 451 569

1511 377 2047 441 ΡιιοιεαοιιΕΝᾼ.

3311 353 3417 409 570

154 510 299 564 lecta
323 505 713 575 manuscripts,
743 502 811 558 ad
833 500 1033 557 Bedam
1069 464 1419 569 pertinentia,
1446 495 1743 565 repositum
1768 498 1819 557 Α
1848 492 2233 549 nominandum
2262 490 2469 547 censui.
2493 486 2769 559 Belgicam
2797 496 2919 539 esse
2958 484 3191 539 constat,
3219 490 3284 528 ex
3335 471 3417 526 fe-

155 598 365 658 inveni.
388 594 602 652 Fefellit
628 593 837 657 titulus,
872 593 977 646 hoc
1003 590 1164 644 modo
1188 600 1479 658 expressus
1509 603 1523 639 :
1553 583 1744 654 Incipit

157 684 609 757 Martyrologium
635 683 922 737 secundum
947 678 1169 743 Bedam,
1197 694 1290 748 per
1307 677 1434 731 anni
1468 673 1742 729 circulum.

155 779 301 834 llinc
315 776 518 831 factum
544 785 603 829 ut
629 788 659 827 a
687 771 942 826 Bollando
966 766 1299 838 praefationis
1319 763 1590 836 generalis
1618 777 1740 833 pag.

157 885 330 925 x|.vui
354 867 530 938 primo
557 866 676 920 loco
701 864 841 917 inter
885 860 1041 917 Beda:
1082 857 1412 928 exemplaria
1442 854 1740 925 repositum

157 963 256 1025 sit,
279 957 542 1015 extractis
566 970 661 1011 sex
689 954 880 1025 primis
921 952 1048 1006 anni
1078 949 1286 1013 diebus,
1324 948 1451 1002 licet
1479 962 1509 1000 a
1563 943 1745 1014 vigilia

160 1049 475 1106 Nativitatis
499 1047 734 1117 scriptor
761 1041 1201 1115 Martyrologium
1230 1039 1561 1095 exordiatur.
1584 1036 1749 1090 Evin-

158 1151 296 1198 cunt
327 1140 427 1197 soli
452 1139 541 1195 isti
569 1138 686 1193 dies
709 1135 841 1191 nihil
880 1136 934 1189 in
976 1142 1090 1201 toto
1121 1131 1211 1187 illo
1241 1129 1624 1202 Martyrologio
1652 1126 1750 1181 ha-

160 1234 280 1290 beri
306 1231 447 1303 quod
478 1230 544 1285 ad
570 1228 771 1285 Bedam
791 1227 901 1281 ullo
927 1225 1087 1280 modo
1131 1221 1419 1292 pertineat.
1466 1220 1596 1274 Mihi
1636 1216 1750 1273 evi-

160 1329 303 1383 dens
369 1333 454 1379 est
511 1322 851 1392 scriptorem,
924 1317 1171 1388 quisquis
1208 1315 1390 1380 fuerit,
1441 1306 1751 1370 Usuardum

161 1416 423 1472 habuisse
448 1429 561 1484 pra:
585 1413 777 1476 oculis,
799 1424 959 1480 quem
988 1423 1088 1478 pro
1124 1423 1222 1463 suo
1248 1406 1404 1483 libitu
1453 1412 1548 1459 aut
1593 1417 1748 1458 com-

163 1506 326 1561 modo
352 1502 596 1564 mutavit,
631 1500 913 1571 corripuit,
938 1497 1303 1568 interpolavit,
1336 1497 1391 1551 in
1425 1495 1477 1551 id
1514 1494 1749 1548 maxime

164 1597 427 1659 intentus,
461 1590 780 1662 utquotidie
803 1588 1060 1659 pleraque
1091 1587 1452 1642 abbreviaret.
1495 1582 1613 1638 Jan)
1639 1582 1747 1638 dixi

163 1683 611 1758 Martyrologium
634 1681 879 1751 incipere
929 1695 961 1734 a
1008 1679 1194 1750 vigilia
1233 1676 1580 1741 Nativitatis;
1610 1676 1750 1731 addo

164 1779 258 1834 hic
283 1775 609 1849 principium
649 1773 752 1828 tale
794 1787 937 1837 esse,
979 1770 1106 1827 utsi
1141 1770 1395 1826 librarius
1446 1769 1654 1839 reliqua
1684 1782 1749 1822 eo

165 1870 330 1926 modo
381 1875 702 1938 prosecutus
748 1863 961 1930 fuisset,
1010 1862 1208 1929 merito
1251 1861 1422 1917 codex
1471 1860 1560 1915 ille
1606 1860 1750 1914 inter

168 1960 509 2017 Usuardinos
577 1957 768 2027 prima:
837 1964 893 2010 et
956 1954 1173 2026 optima:
1219 1960 1361 2009 notae
1412 1958 1754 2023 computare-

169 2061 278 2107 tur.
1502 2034 1529 2059 '

238 2142 367 2198 226.
407 2141 490 2196 Ad
518 2141 661 2212 quod
700 2138 959 2196 saeculum
1003 2136 1341 2194 reducendus
1371 2135 1461 2200 sit,
1499 2149 1564 2189 ex
1617 2132 1755 2189 scri-

172 2246 347 2307 pturte
393 2234 552 2288 modo
593 2248 698 2289 non
753 2231 908 2288 facile
954 2239 1179 2295 statues,
1206 2229 1295 2285 hic
1327 2229 1469 2284 enim
1512 2235 1758 2282 vetusta-

173 2335 311 2387 tem,
388 2324 491 2380 nisi
537 2325 886 2379 vehementer
933 2321 1121 2387 fallor,
1168 2320 1318 2390 justo
1386 2320 1750 2390 antiquiorem

176 2413 411 2484 praefert.
440 2413 664 2469 Pressus
711 2414 1013 2477 character,
1069 2412 1201 2468 satis
1237 2412 1454 2482 elegans
1502 2420 1559 2466 et
1598 2410 1759 2482 paulo

178 2505 433 2576 grandior
476 2505 529 2559 in
579 2506 915 2575 membrana,
944 2502 1116 2557 forma
1146 2511 1363 2573 quarta,
1394 2502 1447 2556 in
1494 2501 1762 2571 principio

177 2596 406 2650 multum
431 2604 648 2661 exesus,
669 2595 923 2651 saeculum
945 2611 1020 2649 xu
1047 2594 1215 2649 ferme
1246 2608 1438 2667 sapere
1463 2592 1760 2657 videretur,

174 2686 279 2741 nisi
306 2685 379 2741 ibi
405 2684 638 2757 legerem
673 2685 740 2740 ad
762 2700 814 2740 tv
847 2683 963 2739 Kal.
993 2683 1143 2749 Maii,
1171 2699 1265 2738 seu
1303 2676 1476 2737 xxviii
1518 2674 1757 2752 Aprilis:

175 2777 379 2833 Eodem
410 2777 494 2832 die
519 2776 828 2843 Mediolani,
855 2777 1023 2831 sancti
1052 2773 1200 2830 Petri
1224 2776 1471 2845 martyris
1500 2774 1565 2827 ab
1592 2774 1761 2827 luere-

175 2871 294 2925 ticis
321 2870 499 2924 occisi.
541 2869 672 2924 Item
720 2884 825 2924 xxv
855 2868 1085 2940 Augusti
1115 2888 1127 2922 :
1163 2866 1231 2922 In
1276 2865 1537 2931 Francia,
1590 2865 1761 2919 sancti

173 2959 432 3017 Ludovici
462 2962 595 3031 regis
630 2959 984 3026 Francorum,
1013 2977 1075 3014 ac
1095 2959 1459 3032 gloriosissimi
1499 2957 1763 3028 confesso-

174 3053 272 3119 ris,
304 3068 403 3116 xu,
436 3050 505 3106 lc.
556 3053 609 3106 in
664 3069 780 3122 cap.
822 3049 948 3107 Htec
974 3052 1121 3107 enim
1174 3050 1335 3122 plane
1362 3050 1591 3105 innuuut
1628 3048 1767 3104 scri-

175 3156 333 3218 ptum
362 3146 625 3202 duntaxat
654 3144 820 3202 fuisse
842 3145 942 3202 sub
985 3145 1199 3201 initium
1249 3144 1428 3201 saeculi
1464 3146 1575 3198 xiv.
1601 3141 1767 3212 Atqui

180 3243 302 3299 haec
330 3250 508 3297 tamen
530 3241 926 3313 qualiscunque
938 3249 1095 3304 aetas,
1118 3238 1423 3308 praecipuus
1449 3244 1533 3293 est
1557 3235 1767 3300 titulus,

176 3352 291 3408 quo
320 3336 421 3392 sibi
450 3334 859 3391 aestimationem
892 3333 1128 3403 aliquam
1170 3331 1342 3387 codex
1378 3329 1468 3385 ille
1499 3328 1769 3391 conciliat,

179 3444 311 3485 cum
340 3428 406 3483 de
426 3434 623 3483 caetero
649 3426 945 3488 rarissime,
974 3434 1337 3496 praeterquam
1386 3422 1442 3476 in
1482 3419 1771 3490 principio,

185 3519 486 3591 puritatem
518 3519 767 3588 attingat,
797 3530 1011 3587 semper
1035 3513 1103 3569 ad
1127 3512 1384 3568 Auctaria
1414 3508 1771 3582 rejicieudus;

181 3609 330 3665 sicut
382 3608 694 3678 plurimum,
748 3605 1076 3676 singularem
1138 3603 1367 3659 classem
1415 3600 1771 3664 constituens,

180 3699 639 3772 quemadmodum
670 3697 801 3753 facit
834 3697 1002 3752 codex
1032 3696 1189 3761 alter,
1219 3694 1312 3766 qui
1344 3695 1493 3751 inter.
1536 3680 1777 3751 extracta

182 3789 485 3845 collocatus
528 3798 614 3843 est
650 3788 780 3843 olim
811 3786 1044 3843 cmuobii
1090 3784 1575 3842 Carthusianorum
1600 3779 1780 3836 Ultra—

176 3880 526 3952 jectensium,
559 3879 660 3935 sub
708 3878 930 3934 nomine
983 3874 1307 3942 Matriculw,
1357 3874 1499 3928 unde
1536 3870 1781 3943 quotidie

186 3971 343 4026 inter
389 3970 730 4026 accessiones
759 3970 960 4025 citatur
988 3968 1089 4023 sub
1139 3965 1295 4022 titulo
1316 3961 1617 4029 Matriculce
1652 3959 1782 4017 Car-

186 4063 361 4119 tlume
412 4061 834 4134 Ultrajectensis,
865 4077 986 4134 quae
1014 4068 1099 4117 est
1141 4059 1304 4113 etiam
1350 4071 1545 4128 purum
1593 4062 1784 4126 putum

190 4156 428 4214 Usuardi
463 4156 865 4227 compendium,
898 4168 1039 4224 saepe
1089 4151 1177 4208 vel
1218 4151 1273 4206 in
1324 4148 1439 4205 solo
1470 4156 1784 4204 sanctorum

187 4262 422 4304 numero
450 4226 727 4302 deficiens.
753 4244 980 4315 Utrique
1010 4242 1065 4298 id
1087 4240 1486 4312 quodammodo
1512 4226 1801 4310 privilegii

187 4348 619 4405 concessum,ut
647 4339 931 4394 amborum
966 4344 1149 4393 textus
1189 4333 1386 4406 integri
1436 4332 1626 4388 diebus
1673 4330 1786 4388 sin-

188 4430 340 4505 gulis
382 4428 723 4486 describendi
769 4427 989 4484 fuerint.

284 4578 309 4641 ς
332 4576 416 4628 ιν.
439 4603 502 4615 -
523 4576 600 4628 De
621 4574 873 4626 codicibus
891 4585 1018 4638 quos
1041 4570 1216 4623 media
1240 4573 1367 4620 uota
1387 4566 1702 4647 appellamus.

268 4710 396 4765 227.
433 4708 797 4780 Sequentibus
810 4707 1109 4772 codicibus,
1125 4702 1397 4774 plerisque
1409 4700 1654 4771 Belgicis,
1675 4713 1789 4753 me-

190 4804 303 4860 dia
312 4817 406 4859 seu
420 4801 608 4859 saltem
624 4800 896 4857 inferioris
908 4808 1048 4855 notae
1060 4796 1471 4868 appellationem
1487 4793 1796 4858 indidimus,

191 4895 344 4967 quod
364 4903 477 4949 tum
490 4893 690 4959 aetatis,
709 4901 823 4947 tum
838 4890 1158 4947 Usuardinze
1180 4884 1543 4958 simplicitatis
1562 4882 1796 4947 ratione,

189 5000 326 5044 cum
357 4982 728 5054 superioribus
756 4982 917 5052 plane
945 4977 1180 5035 conferri
1209 4992 1314 5032 non
1343 4975 1571 5047 possint.
1603 4972 1798 5028 Viden-

198 5088 299 5134 tur
348 5092 415 5132 ex
461 5076 673 5141 eodem,
728 5083 824 5128 aut
851 5071 1041 5128 saltem
1096 5085 1202 5127 non
1268 5066 1497 5122 multum
1549 5060 1797 5119 dissimili

196 5169 356 5225 fonte
402 5179 748 5239 promanare,
784 5162 1120 5234 longioribus
1149 5160 1276 5215 hinc
1322 5158 1447 5213 inde
1472 5155 1663 5226 elogiis
1714 5166 1800 5208 re-

197 5261 418 5331 apersi;
444 5261 561 5323 sed,
585 5259 729 5331 quod
755 5258 971 5322 mirere,
1000 5271 1107 5311 non
1132 5251 1317 5308 multis
1338 5249 1543 5306 sanctis
1571 5245 1802 5318 Belgicis

202 5362 306 5409 aut
345 5354 461 5409 aliis
491 5352 840 5425 popularibus
868 5349 1035 5406 aucti.
1063 5348 1211 5403 Inter
1260 5346 1383 5411 hos,
1428 5359 1459 5397 a
1511 5338 1803 5398 voluminis

203 5449 584 5521 magnitudine
614 5463 811 5503 nomen
839 5445 1088 5510 sortitus,
1105 5440 1412 5514 praecipuus
1432 5447 1488 5494 et
1515 5435 1802 5508 speciosis-

205 5541 385 5596 simus
427 5549 511 5596 est
563 5539 731 5596 codex
787 5537 1076 5603 maximus,
1131 5533 1360 5605 eleganti
1396 5531 1716 5586 charactere
1749 5526 1801 5581 in

212 5631 270 5685 in
297 5630 613 5685 membrana
646 5629 973 5699 descriptus,
1008 5627 1157 5684 corio
1183 5623 1341 5681 suillo
1370 5621 1621 5678 vestitus.
1652 5619 1807 5690 cujus

200 5738 344 5780 eum
382 5738 571 5778 verum
619 5720 949 5777 domicilium
1006 5721 1271 5775 hactenus
1324 5731 1429 5771 non
1485 5711 1806 5776 detexerim,

215 5815 648 5896 Antnerpiensem
688 5816 975 5868 maximum
1031 5828 1059 5866 a
1089 5813 1339 5868 diuturna
1385 5796 1811 5864 commoratione

1847 585 1948 640 stis
1978 584 2211 654 propriis
2259 584 2311 638 in
2351 580 2674 636 Kalendario
2711 574 2962 646 signatis,
2993 570 3082 626 ubi
3113 585 3147 622 ι
3171 565 3294 622 Julii
3323 578 3445 629 nos

1846 686 2024 733 tanter
2086 677 2341 748 ponitur,
2403 672 2662 745 singulari
2726 668 2956 725 rubrica:
3022 659 3375 735 prterogativa
3401 697 3419 723 ,

1848 766 1910 823 S.
1941 766 2269 837 Amelberga,
2294 780 2415 835 qua:
2442 779 2566 819 cum
2621 763 2677 817 in
2726 765 2909 815 monte
2947 751 3233 837 Blandinio
3272 747 3423 803 festi-

1844 862 1966 918 vius
1989 834 2218 924 colatur,
2243 857 2604 929 suspicionem
2629 852 2847 925 ingerit.
2876 858 2970 905 aut
2999 849 3053 903 in
3093 834 3420 904 ea‘abbatia,

1847 962 1941 1008 ant
1968 952 2157 1008 saltem
2185 948 2427 1006 Gandavi
2456 947 2696 1003 codicem
2725 944 2853 999 olim
2894 945 3212 1009 usurpatum
3238 931 3422 986 fuisse.

1848 1043 2082 1098 Etatem
2112 1039 2403 1096 scrutando
2428 1036 2624 1108 reperi,
2651 1049 2773 1089 nam
2806 1033 2952 1087 inter
2978 1041 3144 1099 parva
3169 1019 3424 1094 opuscula

1849 1132 2228 1205 Martyrologio
2272 1128 2578 1198 subiuncta,
2624 1134 2771 1189 ante,
2819 1117 3151 1176 Provinciale
3193 1112 3426 1169 omnium

1846 1227 2075 1293 partium
2095 1223 2298 1288 mundi,
2324 1222 2377 1276 in
2396 1219 2755 1291 explicatione
2779 1212 3168 1270 versiculorum
3194 1205 3427 1261 Pascha-

1848 1316 2002 1381 lium,
2028 1314 2299 1370 indicatur
2319 1326 2491 1367 annus
2519 1309 2680 1375 1425,
2707 1307 2892 1364 eadem
2920 1318 3079 1359 manu
3104 1314 3208 1371 qua
3229 1305 3426 1353 caetera

1848 1408 2029 1473 omnia
2058 1405 2346 1475 ascriptus.
2383 1401 2596 1458 Codicis
2622 1399 2961 1469 splendorem
2991 1401 3047 1449 et
3080 1387 3430 1475 magnificen-

1848 1500 1980 1553 tiam
2010 1512 2077 1551 ex
2121 1511 2186 1551 eo
2205 1471 2503 1564 intelligas,
2540 1491 2683 1562 quod
2732 1487 2957 1559 singulae
2999 1471 3197 1547 facies,
3218 1478 3428 1533 dierum

1849 1588 2183 1659 singulorum
2238 1582 2555 1641 Usuardinis
2604 1579 2843 1636 textibus
2892 1572 3289 1645 respondeant;
3314 1565 3429 1623 siu-

1850 1680 2151 1743 ceritatem,
2192 1692 2260 1732 ex
2282 1684 2394 1731 toto
2421 1673 2602 1745 operis
2628 1671 2798 1728 nostri
2825 1669 3075 1725 decursu.

1780 1841 1825 1902 B
1920 1812 2047 1868 228.
2087 1809 2467 1880 Antuerpiensi
2514 1807 2601 1863 isti
2652 1804 2890 1861 maximo
2928 1810 3019 1856 aut
3066 1811 3289 1868 compar
3333 1800 3430 1848 aut

1851 1906 2132 1978 proximus
2162 1912 2247 1958 est
2281 1901 2557 1956 Usuardus
2591 1896 2990 1967 Ultrajectinus,
3020 1891 3192 1946 forma
3233 1893 3429 1957 quarta
3513 1888 3523 1907 '

1853 2009 1908 2055 et
1937 2001 2051 2070 ipse
2081 1996 2460 2053 mcmbraneus
2483 2008 2547 2048 ac
2572 1990 2739 2046 nitide
2769 1988 3023 2057 scriptus,
3049 1982 3114 2038 ad
3140 1979 3291 2048 cujus
3319 1975 3433 2031 cal-

1854 2108 1994 2157 cem,
2017 2100 2143 2146 ante
2166 2092 2438 2144 variarum
2484 2082 2919 2140 benedictionum
2950 2065 3347 2134 collectionem,
3379 2074 3437 2120 et

1855 2185 2091 2258 patriam
2127 2199 2278 2238 suam
2301 2191 2354 2235 et
2375 2181 2592 2235 domum
2626 2174 2897 2243 designat,
2927 2170 3011 2225 his
3037 2165 3216 2222 verbis
3252 2178 3266 2215 :
3300 2157 3433 2212 Per-

1858 2252 1983 2332 iinet
2006 2276 2073 2330 ad
2109 2275 2317 2328 domum
2342 2268 2664 2325 Clericorum
2690 2264 2750 2321 S.
2769 2260 3077 2332 Jheronymi
3099 2257 3154 2312 in
3177 2252 3434 2323 Trajecta.

1859 2369 1987 2426 Haec
2012 2364 2355 2439 cognomenti
2380 2363 2521 2419 ratio
2552 2360 2676 2424 fuit,
2701 2366 2864 2428 atque
2901 2366 2962 2408 ut
2993 2369 3024 2407 a
3060 2338 3279 2406 duobus
3320 2343 3440 2398 aliis

1867 2437 2186 2518 Usuardinis
2236 2453 2606 2525 Ultrajectinis
2659 2448 3117 2518 distingueretur,
3175 2437 3440 2509 majorem

1862 2554 2009 2609 illum
2034 2551 2325 2621 insignem,
2348 2546 2440 2618 qui
2471 2544 2573 2599 fuit
2593 2540 2834 2597 ecclesiae
2857 2538 2916 2592 Β.
2937 2535 3139 2596 Mariae,
3172 2536 3442 2600 quemque

1865 2644 1998 2700 tanti
2052 2618 2179 2697 fecit
2232 2636 2586 2708 Rosweydus,
2634 2632 2703 2687 ab
2753 2618 3444 2701 ipsosupralvocavimus

1866 2734 2263 2805 Rosweydinum
2288 2748 2306 2796 ;
2351 2707 2579 2784 alterum
2609 2739 2740 2779 vero
2785 2721 2925 2794 typis
2960 2730 3240 2778 excusum,
3288 2707 3444 2779 cujus

1866 2804 2328 2883 solumsemestre
2366 2819 2599 2891 primum
2651 2814 2718 2869 ad
2769 2827 2868 2867 nos
2909 2807 3175 2881 pervenit,
3228 2804 3295 2858 de
3335 2814 3446 2870 quo

1867 2916 2210 2975 meminimus
2231 2888 2383 2967 num.
2403 2908 2527 2973 175,
2543 2906 2819 2962 editionem
2841 2897 3241 2970 Ultrajectinam
3270 2888 3447 2960 Belgi-

1869 3026 2003 3072 cam,
2038 3009 2181 3067 hunc
2212 3002 2536 3074 simpliciter
2566 2993 2966 3067 Ultrajectinum
2996 2986 3198 3060 placuit
3234 2995 3446 3039 nuncu-

1868 3117 2017 3175 pare.
2047 3098 2321 3169 Nusquam
2373 3100 2667 3150 occurrunt
2692 3096 2840 3145 certa
2878 3084 3054 3141 aetatis
3090 3080 3319 3145 iudicia;
3373 3086 3449 3141 at,

1796 3198 1843 3260 Ο
1875 3195 1921 3249 si
1960 3201 2106 3248 recte
2154 3188 2405 3257 conjicio,
2440 3180 2824 3253 Antuerpiensi
2859 3176 3094 3233 maximo
3129 3187 3239 3227 non
3284 3165 3454 3223 multo

1876 3284 2150 3353 antiquior
2179 3294 2311 3359 esse
2341 3285 2538 3350 potest.
2572 3273 2851 3343 Quodnam
2879 3266 3094 3339 proprie
3117 3272 3330 3332 tempus
3358 3258 3455 3313 de-

1876 3378 2052 3447 signet
2077 3354 2373 3444 festivitatis
2404 3382 2677 3423 sacrornm
2702 3363 3043 3434 Stigmatum,
3090 3371 3180 3411 xv1
3210 3354 3460 3423 Septem-

1876 3469 1991 3524 bris
2017 3442 2193 3536 primo
2224 3463 2343 3516 loco
2382 3460 2581 3532 posita,
2617 3471 2723 3510 non
2755 3454 2927 3508 ausim
2975 3459 3177 3504 temere
3206 3442 3463 3521 determi-

1877 3532 2033 3614 nare.-
2059 3554 2131 3612 Ut
2156 3563 2216 3607 ut
2257 3551 2441 3615 fuerit,
2490 3546 2624 3602 nihil
2655 3543 2827 3601 codici
2870 3541 2945 3596 illi
2977 3539 3280 3594 detractum
3304 3532 3462 3586 volu-

1881 3652 2023 3713 mus,
2045 3632 2257 3702 tametsi
2283 3644 2334 3696 in
2360 3640 2502 3697 serie
2516 3635 2944 3695 Usuardinorum
2971 3625 3463 3695 manuscriptorum

1883 3739 2075 3796 media:
2103 3744 2245 3791 uota:
2270 3727 2652 3800 Antuerpiensi
2682 3724 2920 3781 maximo
2939 3723 3316 3793 postponatur.

1952 3869 2078 3926 229.
2121 3868 2439 3938 Sequuntur
2466 3863 2577 3918 bini
2626 3860 2864 3924 codices,
2915 3852 3076 3912 simul
3111 3846 3379 3920 compacti
3411 3844 3467 3900 in

1885 3966 2059 4023 forma
2089 3969 2304 4033 quarta,
2337 3970 2570 4029 quorum
2608 3953 2749 4009 alter
2776 3948 2991 4022 Belgice
3026 3945 3080 4001 in
3120 3940 3462 4033 membrana,

1886 4054 2026 4109 alter
2055 4026 2248 4107 Latine
2277 4049 2331 4105 in
2355 4026 2551 4103 charta
2587 4040 2845 4100 crassiori
2875 4043 3151 4094 exaratus.
3194 4029 3322 4086 Fuit
3350 4026 3462 4090 ille,

1885 4146 1978 4217 qui
2009 4140 2299 4199 vernacula
2321 4139 2500 4210 lingua
2534 4136 2772 4206 scriptus
2799 4143 2905 4197 est,
2936 4128 3006 4184 ad
3036 4139 3195 4183 usum
3213 4121 3469 4178 Sororum

1888 4210 2210 4308 regularium
2251 4230 2399 4285 lacus
2448 4235 2645 4283 sancta:
2691 4223 2881 4278 Μαι-ἕω
2924 4220 3083 4290 juxta
3124 4210 3383 4308 μιμέαωῖ
3414 4214 3476 4262 ut

1888 4298 2098 4383 notavit
2134 4321 2427 4378 Bollandus
2473 4328 2620 4373 tomo
2657 4298 3304 4393 [Januarii,.pag.'16§;
3337 4298 3474 4393 alter

1890 4420 1945 4475 in
1967 4417 2118 4475 Actis
2149 4422 2373 4470 vocatur
2402 4398 2681 4467 Usuardus
2695 4387 2976 4474 Leydensis
2998 4404 3193 4453 sancta:
3223 4387 3473 4445 Cteciliaz.

1900 4693 2113 4752 dicendi
2148 4697 2350 4754 essent,
2384 4697 2478 4743 aut
2504 4685 2551 4741 si
2588 4679 2908 4754 simplicius,
2948 4671 3335 4743 Lugdunenses
3378 4676 3480 4718 vo-

1900 4794 2173 4850 curentur,
2194 4780 2352 4837 facile
2384 4775 2686 4848 imperitior
2706 4768 2903 4842 aliquis
2927 4764 3247 4836 Lugdunum
3269 4754 3479 4850 Galliae,

1903 4893 2025 4935 cum
2041 4847 2302 4946 Lugdune
2313 4847 2638 4925 Batavorum
2650 4860 3023 4920 confunderet.
3046 4853 3249 4909 Ambos
3270 4847 3485 4905 codices

1905 4943 2241 5029 Usuardinos
2270 4980 2392 5021 esse
2417 4959 2653 5018 dubitari
2684 4955 2906 5013 omnino
2936 4948 3145 5021 nequit,
3179 4943 3272 5001 sed
3297 4948 3486 4996 auctos

1906 5072 2069 5134 atque
2088 5058 2359 5131 prioribus
2386 5054 2595 5111 duobus
2632 5044 3016 5118 Antuerpiensi
3040 5038 3276 5098 maximo
3303 5042 3358 5089 et
3397 5029 3487 5087 Ul-

1906 5133 2191 5226 trajectino
2215 5164 2474 5224 perquam
2500 5144 2727 5204 similes.
2756 5141 2953 5198 Fateor
2990 5133 3285 5204 Belgicum,
3317 5138 3488 5226 quan-

1908 5216 2068 5321 quam
2107 5216 2247 5302 male
2288 5216 2580 5312 depictum,
2630 5244 3017 5302 nonnunquam
3070 5222 3259 5296 purius
3307 5216 3489 5321 aliqua

1910 5306 2134 5408 referre,
2166 5340 2219 5394 in
2267 5334 2467 5407 quibus
2512 5345 2636 5387 cum
2684 5316 3066 5395 Antuerpiensi
3112 5314 3350 5372 maximo
3395 5306 3493 5361 ali-

1910 5433 2128 5508 quando
2160 5425 2454 5490 consentit,
2479 5421 2666 5477 utsuis
2687 5417 2821 5473 locis
2851 5413 3143 5499 indicatum
3169 5414 3253 5460 est
3272 5421 3283 5457 :
3305 5412 3494 5456 verum

1912 5500 1975 5584 ea
1995 5526 2197 5599 passim
2223 5532 2332 5577 tam
2361 5516 2539 5589 exigui
2582 5509 2838 5569 momenti
2887 5512 3034 5570 sunt,
3080 5509 3138 5556 ut
3182 5500 3286 5554 hac
3330 5507 3496 5550 causa

1915 5587 2159 5689 Belgicus
2216 5610 2411 5668 Latino
2460 5587 2705 5677 praeferri
2757 5614 2862 5655 non
2904 5607 3231 5666 magnopere
3282 5587 3494 5689 debeat.

1919 5672 2232 5765 Ubiuautem
2263 5697 2561 5758 concordes
2603 5684 2839 5757 invenio,
2886 5681 3339 5758 quemadmodum
3386 5672 3504 5747 ple;

1921 5793 2149 5871 rumque
2178 5793 2537 5859 concordant,
2564 5782 2821 5845 sub‘uno
2856 5772 3048 5838 eodem
3081 5774 3365 5848 Leydensis
3396 5766 3498 5824 no."
