3936 6348
532 394 628 452 5ἾΙ

1429 389 1799 448 USUARDUS
1839 384 2220 446 MONAL‘HUS
2261 384 2908 443 SANGERMANENSIS.
3647 400 3727 456 δη

533 508 678 563 mine
711 513 1000 577 utrumque
1033 505 1384 578 complector.
1416 503 1619 560 Neuter
1648 502 1973 574 antiquitate
2017 516 2117 556 sae-
2144 511 2193 563 Α
2223 500 2357 553 beati
2389 497 2681 563 Francisci,
2711 498 2901 568 festum
2944 497 3115 567 majus
3150 496 3357 569 duplex.
3386 501 3502 558 item
3528 522 3603 562 xix
3642 512 3718 567 Au.

534 598 711 654 cuium
744 613 811 652 xv
835 613 1095 668 superare
1126 599 1356 654 videtur.

603 689 728 745 230.
771 691 990 746 Duobus
1029 691 1273 760 proxime
1317 689 1656 745 adumbratis
1687 687 1987 757 elegantior
2011 694 2115 745 est.

535 781 628 837 sed
652 781 912 851 ejusdem,
946 781 1047 836 nisi
1077 781 1305 836 multum
1334 779 1514 847 fallor,
1558 782 1752 847 aetatis,
1784 780 1953 836 codex
1982 779 2119 834 alius

534 875 777 943 ejusdem
807 874 1012 937 formae,
1050 873 1109 928 in
1150 875 1467 929 membrana
1505 875 1833 945 descriptus,
1883 889 2042 944 quem
2088 888 2119 927 a

535 964 760 1035 collegio
789 972 975 1019 nostro
1004 960 1349 1029 Lovaniensi,
1396 962 1549 1032 cujus
1595 963 1726 1018 olim
1775 960 1898 1029 fuit,
1948 961 2121 1017 Lava-

538 1056 767 1108 niensem
781 1053 1149 1124 indigitamus.
1175 1052 1352 1124 Ipsum
1369 1050 1435 1108 ex
1461 1054 1844 1124 Antuerpiensi
1863 1053 2125 1121 maximo,

533 1145 617 1199 vel
651 1142 1097 1214 Antuerpiensem
1124 1145 1424 1200 maximam
1458 1160 1527 1201 ex
1570 1146 1687 1216 ipso
1725 1152 2120 1214 transumptum

532 1239 807 1306 crederes,
856 1240 960 1296 nisi
1002 1241 1198 1311 stepius
1243 1248 1555 1297 sanctorum
1618 1241 1790 1313 elogia
1846 1242 2121 1296 decurtata

533 1338 625 1385 aut
661 1331 906 1387 mutilata
954 1340 1389 1403 repraesentaret.
1454 1332 1782 1389 Submonuit
1833 1332 2124 1403 Bollandus

533 1424 729 1480 alicubi
763 1424 1201 1497 Martyrologium
1228 1427 1327 1482 hoc
1358 1425 1700 1483 Lovaniense
1740 1426 1997 1481 Ecclesiae
2026 1425 2123 1479 ali-

536 1514 689 1585 cujus
717 1514 949 1584 Belgicae
972 1516 1101 1571 olim
1140 1515 1338 1581 fuisse;
1367 1533 1489 1572 cum
1525 1526 1741 1571 sanctos
1766 1519 1945 1588 signet
1979 1517 2116 1571 dio:-

536 1605 676 1660 cesis
694 1603 1125 1672 Cameracensis,
1176 1615 1235 1661 ut
1276 1605 1549 1671 Gudilam,
1604 1606 1941 1671 Rumoldum,
1989 1602 2128 1665 Gau-

533 1697 786 1767 gericum,
820 1696 1096 1753 Nicasium
1126 1706 1181 1754 et
1205 1698 1359 1754 alios.
1396 1698 1467 1753 At
1504 1698 1765 1769 postremi
1795 1699 1900 1754 duo
1923 1696 2127 1753 Usuar—

535 1788 650 1844 dini
676 1797 826 1856 sunt,
873 1798 934 1855 ut
989 1791 1217 1861 proinde
1266 1806 1295 1845 a
1342 1791 1475 1847 solis
1520 1791 1714 1847 Gudila
1755 1801 1809 1847 et
1859 1789 2125 1846 Rumoldo

2222 589 2388 659 gusti,
2419 588 2735 643 charactere
2758 588 2923 641 etiam
2955 602 3132 642 novo:
3182 586 3398 645 Civitate
3445 593 3718 670 blandienti,

2221 681 2357 734 beati
2386 679 2634 734 Ludovici
2661 680 2887 751 episcopi
2921 688 2970 734 et
3012 681 3340 751 confessoris,
3367 684 3426 738 de
3450 688 3604 743 ordine
3622 690 3719 749 Fm.

2221 780 2361 825 trum
2384 770 2672 837 Minorum,
2702 771 2891 840 festum
2922 773 3096 842 majus
3121 772 3329 843 duplex.
3356 775 3543 834 Rursus
3581 797 3623 835 ιιι
3645 784 3720 841 0c.

2223 866 2393 922 tobris
2425 886 2438 921 :
2471 865 2777 921 Translatio
2801 876 2997 921 sancta:
3023 865 3199 921 Clara:
3225 868 3443 937 virginis,
3478 871 3634 940 festum
3652 879 3721 931 mi-

2223 976 2321 1014 nus
2369 960 2579 1030 duplex.
2616 961 2683 1016 Et
2709 976 2804 1015 vnt
2853 958 3212 1017 Novembris:
3253 960 3381 1016 Item
3413 967 3644 1024 translatio
3676 971 3718 1031 S.

2225 1049 2473 1105 Ludovici
2494 1051 2827 1121 confessoris.
2868 1050 2960 1105 Sic
2984 1050 3048 1105 ad
3090 1051 3386 1122 marginem
3414 1057 3609 1125 appositi
3635 1072 3721 1116 sunt

2223 1141 2588 1197 Bernardinus
2616 1160 2686 1198 xx
2714 1143 2836 1199 Maii
2864 1160 2878 1210 ;
2918 1142 3311 1212 Bonauentura,
3342 1162 3429 1201 xiv
3475 1146 3610 1217 Junii,
3646 1166 3718 1211 etc.

2225 1234 2544 1293 Franciseus
2566 1238 2803 1310 primum
2830 1239 3008 1295 locum
3040 1241 3095 1295 in
3131 1248 3277 1295 textu
3308 1254 3534 1313 occupat,
3551 1263 3593 1301 iv
3609 1247 3720 1307 Octo-

2224 1334 2337 1389 bris
2358 1350 2462 1389 xxv
2489 1334 2655 1389 Maii:
2697 1334 2849 1406 Apud
2888 1335 3170 1401 Assisium,
3211 1336 3473 1391 translatio
3511 1339 3722 1399 beatissimi

2226 1421 2407 1479 Patris
2434 1425 2599 1479 nostri
2629 1422 2926 1480 Francisci.
2965 1424 3099 1481 Cum
3132 1436 3309 1481 autem
3336 1428 3586 1484 translatio
3605 1434 3718 1488 Anto-

2226 1516 2301 1596 aii
2314 1513 2561 1570 Patavini
2592 1515 2731 1571 facta
2765 1515 2906 1571 1549
2934 1525 3027 1572 aut
3064 1516 3226 1582 1550,
3249 1526 3302 1571 et
3326 1534 3437 1587 qua:
3462 1520 3606 1589 primo
3628 1523 3720 1577 cita-

2225 1606 2402 1659 vimus
2432 1608 2499 1660 ab
2524 1604 2627 1660 alia
2662 1620 2822 1660 manu
2850 1605 2979 1671 sint,
3003 1606 3221 1661 videtur
3242 1606 3427 1676 conjici
3463 1625 3597 1680 posse
3619 1613 3720 1669 codi-

2225 1711 2343 1750 cem
2376 1695 2527 1750 illum
2555 1696 2751 1751 saeculo
2780 1712 2871 1751 xiv
2896 1697 3255 1752 recentiorem
3280 1712 3381 1752 non
3401 1712 3526 1765 esse.
3550 1699 3718 1756 Patriam

2228 1789 2578 1846 manifestam
2607 1806 2642 1845 x
2668 1798 2723 1846 et
2751 1806 2807 1845 ιι
2835 1790 2980 1857 Julii,
3013 1788 3065 1844 K
3068 1800 3260 1846 anulus
3301 1799 3347 1846 et
3392 1789 3605 1857 Ketillus,
3644 1792 3721 1850 alii-

533 1877 799 1935 ﬁrmanda
854 1881 925 1936 sit
972 1879 1306 1949 conjectura.
1357 1882 1589 1937 Aliunde
1642 1882 1776 1937 satis
1850 1879 2122 1953 colligitur
2151 1864 2197 1925 Β
2227 1898 2332 1953 que
2361 1882 2493 1938 lucis
2521 1882 2659 1938 aliis.
2700 1882 2973 1950 Quantum
3014 1896 3182 1952 porro
3233 1883 3298 1938 ab
3338 1882 3601 1939 Usuardina
3629 1885 3720 1939 sitn-

534 1965 703 2023 fuisse
762 1969 995 2024 ctenobii
1055 1968 1282 2039 alicujus
1331 1971 1539 2026 ordinis
1590 1971 1762 2025 sancti
1814 1970 2125 2041 Augustini,

534 2059 972 2131 quandoquidem
994 2062 1341 2117 sanctissimo
1370 2061 1579 2118 doctori
1610 2077 1826 2132 semper
1852 2062 2150 2137 adjectum

535 2148 790 2205 exhibeat
814 2150 1029 2205 titulum
1062 2148 1242 2205 Patris
1293 2154 1476 2215 nostri,
1520 2152 1682 2223 idque
1724 2168 1829 2207 non
1870 2153 2045 2208 solum
2071 2153 2126 2207 in

535 2239 703 2310 ipsius
744 2239 1109 2313 Martyrologii
1154 2252 1433 2316 contextu,
1483 2259 1672 2299 verum
1718 2246 1882 2300 etiam
1912 2246 1966 2300 in
1999 2245 2126 2300 sub-

530 2327 690 2397 jectis
726 2331 1018 2401 opusculis,
1055 2347 1174 2403 qute
1201 2347 1324 2387 cum
1362 2332 1742 2405 Martyrologio
1792 2334 1920 2390 olim
1974 2349 2126 2389 com-

536 2429 721 2499 pacta,
758 2437 823 2477 ac
852 2422 1119 2493 religiosis
1151 2422 1256 2478 illis
1293 2423 1700 2494 Augustinianis
1731 2424 1783 2478 in
1826 2440 1924 2479 usu
1961 2422 2130 2480 fuisse

534 2513 808 2568 existimo.
836 2514 1127 2570 Canonicis
1151 2522 1333 2569 autem
1363 2514 1722 2586 Reguiaribus
1750 2517 1932 2586 potius
1965 2532 2128 2586 quam

536 2603 793 2660 Eremitis
820 2607 1132 2673 servivisse,
1158 2608 1281 2663 inde
1299 2607 1529 2677 coniicio
1552 2611 1695 2680 quod
1727 2609 1794 2665 de
1818 2619 2007 2666 sancto
2036 2609 2129 2664 Ni-

535 2698 685 2755 colao
712 2698 1053 2757 Tolentinate
1082 2717 1187 2757 non
1225 2702 1552 2758 meminerit.

604 2791 729 2846 9.3L
773 2791 971 2848 Sextus
1014 2794 1205 2849 mediae
1235 2802 1375 2849 notas
1412 2795 1580 2850 codex
1626 2810 1825 2851 nomen
1853 2794 2016 2850 habet
2061 2795 2129 2850 ab

534 2897 602 2947 eo
627 2885 877 2940 emnobio
906 2883 1061 2953 cujus
1103 2893 1286 2941 notam
1332 2884 1551 2954 przelert
1596 2886 1681 2941 bis
1708 2886 1889 2941 verbis
1915 2886 2129 2956 apposi-

537 2984 647 3038 tam
686 2993 700 3029 :
732 2974 887 3030 Liber
918 2978 1224 3031 monasterii
1252 2978 1388 3032 beati
1418 2977 1669 3032 Antltonii
1716 2978 1770 3032 in
1817 2977 2130 3048 Alberghen,

538 3062 923 3122 Canonicorum
948 3064 1310 3136 Regularium,
1337 3066 1493 3120 datus
1522 3084 1552 3120 α
1586 3067 1866 3121 venerabili
1919 3067 2129 3121 domino

540 3140 770 3210 llenrico
797 3155 1020 3222 Mathie,
1056 3157 1253 3213 vicario
1306 3159 1359 3211 in
1414 3157 1671 3214 Wersloe.
1706 3159 1784 3214 Ex
1820 3157 2024 3225 Mirzeo,
2073 3159 2128 3214 in

539 3244 850 3317 Originibus
878 3245 1279 3303 Canonicorum
1319 3248 1665 3319 Regularium
1700 3251 1885 3315 didici,
1935 3250 2133 3320 praedi-

538 3348 684 3392 ctum
715 3338 1017 3394 coenobium
1054 3339 1217 3395 situm
1246 3339 1415 3395 fuisse
1440 3342 1495 3394 in
1514 3340 1734 3407 Tuenta,
1756 3342 1990 3396 diazcesis
2007 3340 2132 3395 olim

543 3428 961 3499 Ultrajectensis,
1007 3445 1073 3485 ex
1103 3447 1209 3501 qua
1239 3431 1410 3486 codex
1443 3432 1531 3488 hic
1581 3440 1800 3487 sanctos
1842 3432 2134 3502 plerosque

540 3521 845 3592 cousiguat.
875 3521 1076 3577 Forma
1110 3532 1164 3578 et
1198 3524 1467 3595 scriptura
1493 3540 1617 3580 cum
1649 3524 1915 3597 Leydensi
1938 3523 2135 3579 Latino

539 3615 672 3670 satis
712 3616 986 3681 convenit,
1043 3615 1139 3671 sed
1187 3617 1292 3672 isto
1324 3632 1714 3688 nonnunquam
1762 3616 1975 3673 auctior
2025 3624 2130 3672 est.

543 3704 788 3775 Scriptus
816 3705 1029 3762 videtur
1056 3706 1123 3761 ad
1151 3722 1310 3762 usum
1356 3706 1579 3762 Patrum
1621 3708 1828 3762 ordinis
1860 3707 1917 3762 S.
1953 3706 2129 3761 Fran-

542 3797 693 3862 cisci,
726 3799 868 3867 quod
896 3786 1047 3869 patet
1081 3813 1148 3854 ex
1182 3816 1234 3855 tv
1260 3810 1314 3855 et
1347 3816 1401 3855 χι
1426 3799 1698 3867 Octobris,
1724 3816 1793 3855 ex
1826 3816 1925 3855 χιιι
1955 3815 2020 3856 ac
2063 3814 2133 3854 xx

540 3888 684 3944 J‘uuii
708 3889 937 3960 aliisque
963 3890 1116 3947 locis.
1144 3890 1255 3946 Nec
1290 3892 1488 3947 mirum
1521 3893 1693 3948 videri
1723 3893 1776 3947 id
1802 3892 1979 3959 debet,
2009 3907 2133 3947 cum

543 3982 933 4036 monasterium
961 3982 1105 4038 istud
1131 3982 1699 4055 Albergense'exstrui
1740 3986 1976 4057 primum
2017 4000 2132 4041 cm-

543 4072 852 4140 peritanno
889 4071 1045 4138 1406,
1091 4081 1148 4128 ut
1192 4074 1355 4130 habet
1405 4076 1659 4147 antiquus
1714 4077 1911 4148 aliquis
1963 4077 2133 4133 codex

547 4170 733 4216 noster
767 4177 869 4218 ms.
903 4162 1003 4220 sub
1046 4175 1172 4221 nota
1206 4164 1247 4238 ει-
1284 4182 1387 4222 ms.
1425 4166 1527 4234 54,
1562 4167 1933 4224 i‘undationem
1965 4166 2147 4238 ipsius

545 4250 858 4309 describens
887 4274 909 4322 ,ι
963 4264 1302 4330 narratisque
1346 4269 1601 4315 evocatos
1657 4259 1781 4315 illuc
1826 4257 2025 4315 fratres
2063 4258 2134 4317 ex

545 4345 961 4416 cougtegatioue
999 4347 1308 4416 Zvvollcnsi,
1356 4364 1475 4420 quae
1511 4365 1608 4421 per
1655 4351 1708 4405 id
1751 4359 1963 4422 tempus
2010 4367 2134 4407 cum

546 4438 922 4497 Daventriensi
977 4442 1241 4512 regularis
1301 4442 1601 4515 disciplina:
1667 4445 2014 4500 observantia
2079 4453 2135 4501 et

2229 1973 2497 2047 plieilate_
2526 1972 2731 2040 distet,
2784 1987 2850 2028 ex
2901 1971 3236 2044 quotidianis
3288 1972 3526 2030 auctariis
3565 1973 3722 2046 intelligi

2230 2064 2470 2120 dabitur.
3652 2142 3655 2145 ἢ

2300 2156 2427 2213 εδδ.
2452 2155 2756 2229 Supersunt
2779 2158 2995 2215 codices
3025 2159 3137 2213 duo
3164 2158 3489 2231 integri,non
3518 2158 3721 2229 ignobiles,

2230 2248 2401 2304 forma
2431 2257 2645 2319 quarta,
2691 2249 3024 2305 membranei
3076 2257 3137 2304 et
3181 2252 3310 2306 satis
3347 2252 3548 2320 antiqui,
3569 2249 3723 2304 Bruxelo

2231 2340 2388 2395 Iensis
2426 2351 2482 2395 et
2527 2340 2945 2412 Hagenoyensis,
2999 2343 3201 2411 quibus
3247 2344 3382 2398 inter
3425 2342 3723 2412 manuscriptos

2233 2433 2425 2488 mediae
2451 2442 2594 2489 nota:
2622 2442 2931 2504 postremus
2976 2434 3132 2490 locus
3173 2434 3376 2490 dandus
3402 2436 3508 2499 iuit,
3547 2433 3723 2504 quoniam

2231 2539 2430 2600 przeter
2452 2539 2678 2586 caeteros
2706 2529 2931 2585 liberius
2954 2545 3017 2585 ac
3051 2530 3333 2586 liberalius
3367 2529 3495 2584 aucti
3532 2537 3575 2583 et
3611 2528 3709 2582 inter

2232 2622 2399 2693 polati
2455 2630 2623 2677 sunt:
2675 2631 3039 2693 praeterquam
3099 2622 3244 2692 quod
3303 2620 3462 2693 stylo,
3512 2618 3656 2674 ordine
3690 2624 3724 2670 et

2234 2714 2485 2784 ineptiori
2542 2715 2813 2770 scribendi
2845 2715 3006 2769 modo
3055 2714 3281 2784 reliquis
3327 2714 3502 2769 cedere
3545 2709 3720 2766 debeant.

2232 2806 2604 2862 Bruxeliensis
2632 2815 2809 2861 tomos
2834 2807 2968 2861 duos
2994 2806 3393 2878 complectitur,
3438 2803 3620 2876 prrelixo
3656 2798 3722 2854 lia.

2235 2896 2475 2951 leudario
2524 2904 2579 2951 et
2623 2905 2856 2951 tractatu
2908 2896 2972 2951 de
3017 2897 3196 2951 decem
3240 2893 3723 2966 persecutionibus,pet

2235 2987 2451 3059 gentiles
2479 2988 2835 3043 Romanorum
2854 2989 3195 3059 imperatores
3216 2986 3456 3042 Ecclesia:
3475 2984 3621 3045 illatis,
3635 2992 3720 3046 etc,

2237 3074 2430 3147 quibus
2481 3078 2820 3132 subnectitur
2864 3078 3116 3132 canonici
3164 3075 3514 3132 Bruxeliensis
3539 3068 3718 3149 pratulo,

2238 3170 2349 3235 ubi,
2391 3169 2623 3224 laudatis
2653 3168 3001 3240 antiquorum
3049 3169 3536 3243 Martyrologorum,
3563 3178 3720 3237 passer-

2238 3260 2330 3314 tiin
2366 3260 2613 3324 Usuardi,
2646 3261 2952 3325 conatibus,
2977 3262 3057 3317 sic
3086 3263 3232 3318 inter
3253 3263 3352 3317 alia
3379 3259 3593 3316 disserit:
3618 3276 3631 3307 ι
3654 3248 3724 3308 Sed

2233 3352 2575 3423 negligentiae
2601 3353 2735 3409 vitio
2771 3354 3053 3424 hucusque
3093 3372 3199 3410 non
3245 3354 3429 3418 caruit,
3466 3350 3583 3422 quod
3602 3346 3722 3415 hujus-

2235 3445 2379 3500 modi
2428 3456 2743 3499 sanctorum
2774 3445 2934 3517 (quos
2967 3445 3212 3501 Ecclesia
3267 3439 3594 3499 Bruxeliensis
3626 3450 3723 3491 reco-

2234 3535 2399 3606 lebat)
2438 3537 2491 3591 in
2539 3536 2769 3593 lcetione
2797 3536 3165 3609 Martyrologii
3197 3536 3447 3592 memoria
3472 3548 3561 3587 non
3603 3528 3722 3589 ﬁet-el.

2233 3647 2332 3701 pro
2352 3631 2419 3685 iis
2456 3632 2666 3698 diebus,
2705 3630 2903 3703 quibus
2934 3648 3034 3687 nos
3061 3647 3251 3687 eorum
3289 3631 3419 3687 festa
3455 3627 3722 3684 celebramus.

2233 3720 2365 3788 Quae
2399 3737 2488 3778 res
2533 3723 2619 3792 pia
2646 3723 2878 3792 quadam
2920 3722 3305 3787 sollicitudine,
3338 3715 3628 3776 venerabiles
3662 3712 3724 3765 do-

2234 3811 2432 3877 minos,
2485 3820 2850 3882 praeceptores
2895 3827 3064 3877 meos,
3107 3812 3369 3867 decanum
3418 3817 3468 3864 et
3514 3800 3724 3874 capitulum

2235 3901 2394 3971 hujus
2441 3878 2685 3957 ecclesiae
2742 3901 3041 3973 collegiatze
3104 3911 3159 3958 et
3208 3900 3459 3966 plebanite
3501 3878 3733 3979 sanctorum:

2234 3993 2513 4050 Michaelis
2572 3993 2883 4065 archangeli
2941 4002 2997 4049 et
3046 3993 3259 4049 Gudilze
3285 3991 3513 4063 virginis,
3560 3976 3731 4077 manicis

2236 4086 2465 4140 aliarum
2510 4064 2866 4141 ecclesiarum
2921 4084 3090 4141 totius
3142 4084 3303 4153 hujus
3357 4078 3559 4152 insignis
3604 4064 3729 4146 oppidi

2233 4174 2601 4231 Bruxeliensis
2649 4173 3061 4230 Cameracensis
3103 4173 3376 4239 dimcesis,
3408 4171 3470 4226 ad
3489 4164 3727 4240 jubentium.

2237 4280 2431 4338 meque
2452 4267 2692 4338 ipsorum
2720 4266 2966 4322 inutilem
2996 4269 3322 4323 canonicum
3354 4265 3417 4319 ad
3456 4253 3728 4343 obedienduttt

2236 4357 2516 4429 compulit,
2543 4367 2811 4429 quatenus
2835 4360 2901 4414 ex'
2929 4357 3284 4428 praefatorum
3310 4356 3514 4412 Patrum
3541 4346 3730 4437 Martyt’tr

2236 4450 2413 4523 logiis,
2452 4458 2769 4506 sanctorum
2805 4450 3218 4516 solemnitates,
3267 4469 3286 4503 ›
3327 4458 3427 4504 etc.
3476 4442 3591 4499 illuc
3618 4436 3732 4491 licen-

547 4530 852 4588 sanctitatis
906 4532 1059 4588 fama
1098 4534 1334 4590 maxime
1385 4534 1797 4601 inclarescebat,
1829 4544 1965 4592 teste
1994 4549 2133 4606 prae-
2163 4581 2216 4641 D
2244 4545 2350 4599 tius
2371 4552 2654 4616 evagatus,
2703 4543 2874 4601 multa
2920 4543 3157 4615 collegit,
3215 4543 3309 4601 sed
3363 4538 3507 4603 male.
3558 4545 3635 4604 Ρτο
3669 4536 3733 4597 ἓ¹³⁰

547 4622 659 4676 fato
706 4632 897 4681 nostro
957 4625 1145 4682 codice
1194 4626 1567 4698 manuscripto
1613 4627 1842 4700 aliisque
1890 4628 2136 4686 historiis

548 4712 943 4774 Transisalanis
982 4720 1164 4776 saeculi
1194 4734 1284 4776 xv.
1316 4721 1492 4791 Atque
1527 4721 1642 4776 haec
1667 4736 1767 4793 pro
1810 4721 2013 4778 codicis
2040 4736 2136 4778 no-

549 4807 668 4862 titia
699 4810 832 4864 satis
861 4808 1003 4865 dicta
1042 4812 1171 4868 sint.

616 4909 742 4965 252.
774 4910 977 4970 Ordine
1004 4914 1083 4969 uti
1122 4922 1178 4971 et
1204 4915 1520 4972 sinceritate
1560 4915 1832 4987 posterior
1874 4924 1977 4984 est,
2012 4916 2138 4973 licet

547 5000 779 5060 fortasse
818 5015 978 5062 aetate
1006 5006 1168 5078 paulo
1212 5007 1382 5080 prior,
1419 5006 1591 5063 codex
1644 5016 1829 5063 noster
1877 5007 2135 5076 Danicus,

547 5096 637 5166 qui
670 5097 738 5152 ab
763 5095 993 5155 Henrico
1023 5100 1256 5172 quodam
1286 5103 1455 5171 equite
1482 5141 1497 5168 ,
1542 5101 1845 5172 cognomine
1892 5100 2135 5169 Rancou,

547 5198 746 5260 emptus
781 5188 1001 5246 Lubeca:
1063 5191 1242 5259 1584,
1285 5192 1353 5247 ad
1399 5190 1617 5247 domum
1644 5190 1962 5262 'professam
2031 5192 2136 5247 So-

549 5281 761 5339 cietatis
809 5294 1007 5342 nostra:
1050 5284 1377 5360 Pragensem
1429 5288 1737 5353 devenerat,
1790 5288 1932 5344 dono
1981 5287 2138 5342 datus

548 5374 731 5432 Bartio
776 5388 829 5434 et
870 5378 1138 5452 Janningo
1176 5396 1266 5438 an.
1317 5378 1457 5437 i688
1511 5380 1580 5436 ibi
1643 5381 2018 5436 existentibus.
2078 5378 2136 5434 ln

550 5467 723 5537 prima
770 5471 964 5543 pagina
1012 5472 1248 5544 ascripta
1282 5482 1407 5528 sunt
1438 5472 1551 5527 haec
1578 5474 1782 5526 verba:
1824 5470 1977 5525 Liber
2016 5487 2139 5525 con-

550 5568 731 5614 uentus
761 5561 1093 5619 Nistadensis
1123 5565 1405 5637 provincia:
1439 5562 1645 5618 Daniaz.
1697 5562 1777 5618 Ad
1821 5563 2141 5627 Francisca-

552 5648 678 5708 nam
709 5654 967 5710 familiam
1012 5667 1289 5727 spectasse
1324 5666 1648 5713 conventum
1684 5656 1834 5711 illum
1864 5658 2056 5727 probat
2086 5657 2136 5713 in

555 5746 814 5805 inferiore
827 5767 923 5807 ora
946 5749 1056 5807 folii
1083 5737 1196 5806 xvn
1226 5751 1567 5824 Septembris
1581 5750 1854 5805 recentius
1869 5750 2136 5822 ascripta:

555 5840 627 5902 In
677 5853 849 5900 tuante
891 5842 1137 5913 Aluerno,
1193 5844 1479 5919 impressio
1513 5859 1786 5901 sacrorum
1834 5844 2134 5918 stigmatum

2242 4634 2471 4689 arbitrio
2509 4634 2796 4706 disposuit,
2831 4634 2912 4701 uti
2943 4635 3191 4691 auctaria
3232 4630 3424 4706 legenti
3447 4628 3571 4683 ultro
3602 4628 3729 4710 occur:

2240 4734 2349 4791 ret,
2390 4739 2457 4780 ex
2487 4704 2685 4795 quibus
2728 4725 2896 4781 etiam
2945 4724 3213 4797 intelliget
3262 4704 3506 4796 quantum
3547 4708 3656 4770 absit
3689 4704 3737 4801 ab.

2241 4815 2793 4889 Hieronymianorum
2838 4817 3106 4874 brevitate
3134 4859 3150 4884 ,
3204 4815 3272 4873 de
3325 4827 3425 4886 qua
3475 4816 3526 4866 re
3570 4800 3735 4889 diximut

2242 4928 2395 4969 num.
2420 4882 2510 4968 δέ.
2535 4910 2774 4967 Ᾱὲἒιειιθηι
2802 4925 2963 4967 nemo
3001 4882 3162 4967 facile
3189 4882 3380 4967 eruet:
3419 4904 3510 4961 nisi
3533 4896 3669 4957 fallor,
3692 4882 3737 4942 id

2242 5006 2408 5061 ﬁnem
2439 5003 2620 5061 saeculi
2654 5019 2746 5060 xiv
2774 5004 2859 5061 vel
2884 5005 2952 5060 ad
2976 5004 3191 5060 initium
3219 5000 3395 5059 saeculi
3429 5013 3491 5054 xv
3520 4986 3735 5083 pertinet.‘

2309 5093 2437 5151 2⁵4⁸
2491 5092 2922 5167 "alienos/ensem
2983 5110 3243 5151 vocamus
3284 5085 3626 5173 ab'incoiatu,
3662 5082 3736 5176 sive

2241 5210 2272 5250 a
2327 5207 2641 5265 possessore
2697 5186 2840 5265 Mag.
2912 5190 3137 5246 Nicolao
3188 5184 3419 5246 Scitickio
3446 5225 3461 5250 ,
3517 5177 3739 5257 Παθεπωοι

2242 5302 2366 5340 nam
2398 5285 2464 5340 de
2490 5293 2687 5339 czetero
2715 5300 2821 5339 non
2843 5284 3002 5339 video
3020 5283 3190 5356 magis
3206 5282 3271 5337 ad
3296 5278 3603 5351 Hagentryam
3623 5268 3736 5333 quam

2244 5380 2312 5435 ad
2342 5380 2500 5434 aliam
2519 5377 2815 5448 quamlibet
2842 5376 3072 5432 Alsacia:
3093 5375 3176 5431 vel
3204 5374 3517 5430 Palatinatus
3533 5357 3735 5457 οἰνίιὲξξθξιξ

2244 5472 2488 5530 revocari
2543 5472 2760 5527 debere.
2817 5469 3066 5540 Scriptor
3110 5484 3303 5526 nomen
3340 5463 3523 5521 iudicat
3556 5443 3735 5544 venibis

2245 5573 2477 5637 quatuor
2544 5563 2845 5634 pinguior-is
2903 5562 3156 5618 Minerva:
3213 5560 3278 5615 ad
3322 5556 3508 5613 calcem
3552 5541 3736 5637 allici“?

2244 5631 2311 5713 ex
2337 5631 2828 5726 quibus—habemus
2878 5654 3139 5723 scriptum
3177 5650 3340 5706 fuisse
3382 5631 3734 5728 Martyrolplllm‘l

2245 5722 2382 5804 anno
2410 5746 2621 5802 milleno
2652 5756 2836 5818 quater
2873 5744 2912 5799 Ο
2942 5722 2997 5799 et
3017 5743 3278 5809 duodena,
3301 5737 3444 5795 Junii
3481 5729 3561 5786 die
3587 5722 3735 5818 άιςὲπξξι

2243 5852 2412 5910 sexta,
2437 5837 2621 5896 Penno
2649 5808 2776 5911 facit
2804 5836 3006 5894 litteras
3036 5835 3205 5911 Wydo
3229 5808 3513 5890 Kreatzelin
3533 5819 3612 5874 Im
3624 5808 3737 5883 gluti-
