3936 6348
233 363 346 420 575

1602 367 1874 424 PROLEG
1881 367 2116 426 OMENA
2128 409 2141 424 .

3408 376 3525 438 571'

231 488 415 535 nutus.
442 477 665 533 Poterat
687 477 999 547 scriptionis
1022 486 1231 550 tempus
1263 496 1371 537 non
1393 482 1827 553 improbabiliter
1853 488 1904 547 A
1928 491 2129 560 passim
2161 492 2321 547 simili
2345 492 2895 557 editioniLubecanze
2922 511 3170 554 maxumm
3202 508 3255 556 et
3281 503 3516 562 Antuer«

232 573 417 646 colligi
461 587 527 629 ex
565 589 713 628 xxvn
763 573 1119 644 Septembris,
1172 576 1261 631 ubi
1310 577 1587 633 Elzearius
1634 578 1824 634 Ariani

232 680 425 723 comes
467 682 558 736 per
585 662 857 721 Urbanum
891 665 935 720 V
960 668 1159 722 nouiter
1199 671 1543 725 canonizatus
1576 670 1781 727 dicitur
1808 689 1821 725 :

232 772 364 813 cum
386 758 530 812 enim
557 772 619 814 ea
654 759 995 814 canonizatio
1035 760 1178 816 facta
1213 761 1376 818 fuerit
1409 779 1495 818 an.
1529 763 1688 832 1469,
1717 780 1826 820 non

233 854 454 916 poterat
480 847 652 902 codex
680 863 713 903 a
755 848 863 904 ﬁne
901 850 1080 905 saeculi
1116 867 1208 907 xuv
1238 853 1321 907 vel
1369 854 1526 909 initio
1555 871 1624 909 xv
1670 855 1826 927 longe

235 938 518 994 recedere.
548 939 719 995 Porro
744 940 789 995 si
816 939 1201 999 Krentzelinus
1233 945 1357 1009 iste,
1403 946 1600 1003 alicubi
1641 963 1669 1001 a
1695 946 1826 1003 Cas-

234 1031 443 1087 tellano
470 1030 692 1099 citatus,
732 1032 895 1104 hujus
927 1034 1295 1108 Martyrologii
1337 1038 1594 1095 collector
1639 1039 1823 1108 fuerit,

235 1138 349 1179 non
381 1140 629 1196 magnam
662 1126 848 1197 retulit
884 1128 1122 1196 laudem,
1169 1132 1352 1187 nescio
1397 1148 1535 1203 quas
1572 1133 1828 1189 historias

235 1216 445 1287 passim
467 1218 829 1275 commiscens
855 1235 979 1291 quae
996 1220 1065 1276 ab
1097 1222 1328 1279 Usuardi
1360 1224 1699 1297 aliorumque
1732 1240 1847 1282 co-‘

237 1306 423 1363 dicum
456 1307 885 1367 Usuardinorum
922 1313 1062 1386 stylo‘
1093 1316 1470 1372 remotissimae
1496 1325 1643 1385 sunt,
1671 1332 1831 1389 quas-

239 1401 741 1470 quesaepereferre
769 1403 960 1476 piguit.
1007 1406 1122 1461 Non
1177 1417 1390 1478 poterat
1435 1421 1614 1466 tamen
1658 1415 1825 1469 codex

240 1490 310 1545 ab
340 1490 644 1548 Usuardina
669 1494 844 1551 classe
866 1496 1101 1565 excludi,
1131 1515 1253 1554 cum
1277 1501 1597 1574 plerumque
1610 1505 1827 1560 eosdem

239 1592 479 1647 sanctos,
519 1583 630 1639 imo
673 1586 877 1656 passim
921 1587 1153 1645 Usuardi
1187 1590 1356 1662 ipsius
1408 1593 1617 1664 phrasi,
1660 1610 1831 1664 quan-

238 1689 403 1744 quam
444 1686 700 1748 corrupta
741 1688 797 1736 et
853 1679 1058 1749 luxata,
1107 1685 1407 1757 consignet.
1460 1687 1731 1745 Hactenus
1765 1690 1830 1746 de

237 1767 518 1824 codicibus
546 1770 719 1840 plenis
747 1780 803 1826 et
827 1771 1054 1844 integris
1076 1776 1273 1847 quibus
1296 1778 1348 1833 in
1378 1779 1480 1835 hac
1509 1781 1745 1838 editione
1775 1791 1831 1839 et

236 1860 563 1917 recensione
582 1862 665 1918 usi
696 1878 906 1921 sumus.

781 1978 1181 2039 ARTICULUS
1222 1982 1284 2039 V.

272 2063 353 2120 De
390 2065 661 2122 codicibus
714 2085 939 2140 quorum
983 2073 1098 2128 sola
1142 2075 1392 2132 habemus
1433 2089 1670 2134 extracta
1703 2098 1796 2136 seu

757 2140 1001 2198 lectiones
1028 2146 1310 2201 variantes.

303 2227 552 2284 255.Hos
563 2229 779 2286 codices
791 2231 988 2288 merito
1000 2234 1382 2305 distinguimus
1395 2239 1463 2294 ab
1478 2239 1545 2295 iis
1561 2255 1701 2311 quos
1716 2241 1851 2312 ple-‘

238 2335 339 2376 nos
365 2322 702 2393 etintegros,
729 2339 825 2380 seu
858 2326 1000 2398 typis
1043 2328 1238 2395 editos,
1286 2347 1379 2386 seu
1428 2336 1828 2407 manuscriptus

242 2412 500 2469 hactenus
530 2414 834 2472 retulimus.
855 2416 960 2472 Per
974 2429 1217 2476 extracta
1232 2431 1414 2477 autem
1439 2439 1532 2479 seu
1552 2426 1827 2485 variantes

236 2503 519 2569 lectiones,
547 2521 610 2560 ea
638 2506 728 2562 hic
749 2507 990 2579 intelligo
1021 2510 1072 2565 in
1096 2512 1291 2581 quibus
1322 2515 1391 2569 ab
1418 2514 1649 2571 Usuardi
1677 2525 1826 2572 textu

235 2604 331 2651 aut
350 2597 620 2653 excedunt
645 2608 739 2654 aut
764 2599 1044 2656 deficiunt.
1076 2601 1146 2658 Ut
1176 2618 1289 2659 rem
1312 2605 1512 2662 clarius
1536 2609 1823 2679 percipias,

231 2688 426 2757 paucis
449 2689 661 2760 explico
688 2705 807 2761 qua:
838 2691 971 2748 mihi
1002 2694 1198 2764 smpius
1244 2697 1487 2751 narravit
1529 2699 1683 2754 bonae
1714 2716 1826 2756 me-

230 2779 424 2835 moriae
469 2781 729 2852 magister
780 2798 933 2838 meus
986 2783 1385 2855 Papebrochius
1435 2799 1821 2858 extracturum,

230 2874 537 2945 praesertim
564 2875 939 2944 posteriorum,
967 2876 1107 2932 hanc
1122 2879 1385 2934 rationem
1404 2881 1654 2936 reddens.
1686 2882 1823 2938 Dum

228 2980 359 3022 cum
386 2965 730 3022 Henschenio
758 2967 917 3023 anuis
948 2968 1105 3033 1660,
1142 2970 1272 3025 1661
1318 2981 1371 3026 et
1401 2971 1537 3028 1662
1566 2989 1664 3043 per
1689 2973 1823 3030 Ger-

230 3060 472 3115 maniam
499 3100 516 3127 ,
563 3061 770 3117 Italiam
813 3075 869 3119 et
917 3063 1146 3120 Galliam
1191 3070 1598 3140 peregrinatus,
1648 3088 1709 3127 ea
1758 3073 1824 3128 de

230 3153 445 3209 sanctis
467 3167 835 3222 monumenta,
869 3166 980 3212 tum
1002 3158 1191 3215 Graeca
1219 3171 1330 3217 tum
1358 3162 1571 3229 Latina,
1605 3165 1824 3236 collegit

1929 582 2101 652 piensi
2138 585 2537 656 manuscripto;
2570 586 2765 657 prioris
2789 589 2932 644 enim
2946 590 3311 650 additamenta
3334 598 3516 655 omnia

1928 676 2271 732 exactissime
2287 685 2471 733 notata
2491 687 2631 742 sunt,
2650 696 2754 735 non
2774 681 2901 737 item
2931 697 2995 738 ea
3020 700 3139 754 quze
3179 686 3319 743 haud
3355 689 3519 748 dubie

1932 764 1983 819 in
2018 766 2193 821 medio
2223 774 2370 822 textu
2402 769 2603 824 inserta
2644 770 2880 828 fuerant.
2913 774 3067 842 Quod
3096 792 3217 831 cum
3247 778 3519 849 Papcbro-

1930 855 2053 908 chio
2103 856 2313 929 pridem
2349 859 2667 930 obiicerem,
2703 863 2932 920 candide
2964 865 3142 922 fassus
3188 877 3271 923 est
3320 869 3391 924 ita
3449 871 3518 927 ab

1931 944 2062 1015 ipsis
2116 934 2393 1005 institutas
2440 951 2606 1007 ftiisse
2654 953 2968 1009 collationes
3021 957 3515 1027 manuscriptorum

1930 1050 2050 1090 cum
2079 1036 2344 1103 Greveno,
2379 1049 2438 1095 ut
2465 1044 2676 1098 nonnisi
2707 1044 2773 1099 de
2799 1044 2969 1115 prima
2998 1053 3053 1099 et
3100 1046 3285 1101 ultima
3312 1064 3521 1104 annun-

1931 1126 2154 1183 tiatione
2179 1129 2393 1185 solliciti
2420 1131 2641 1187 fuerint.
2671 1132 2795 1189 litec
2824 1150 3156 1205 praemonere
3180 1139 3421 1207 oportuit
3465 1147 3526 1195 ut

1931 1217 2178 1273 advertat
2205 1218 2374 1275 lector
2396 1237 2557 1293 quam
2583 1224 2792 1280 sincere
2808 1225 2965 1295 juxta
3000 1242 3064 1281 ac
3092 1228 3262 1298 rigide
3283 1244 3523 1300 expensa

1930 1318 1984 1365 et
2019 1312 2259 1369 discussa
2305 1315 2413 1370 sint
2457 1316 2779 1373 documenta
2830 1321 3011 1375 omnia
3061 1335 3126 1375 ex
3173 1323 3369 1392 quibus
3404 1324 3520 1379 lucc

1933 1413 2117 1458 nostra
2146 1403 2450 1462 Usuardina
2464 1409 2633 1464 editio
2647 1412 2967 1467 concinnata
2982 1420 3083 1467 est.
3110 1410 3226 1467 Jam
3246 1428 3307 1467 ex
3320 1421 3491 1468 tracta
3501 1438 3523 1480 ,-

1932 1504 2097 1565 atque
2131 1514 2233 1552 una
2265 1500 2482 1555 codices
2514 1502 2654 1556 unde
2684 1511 2904 1572 accepta
2946 1510 3090 1568 sunt,
3148 1503 3227 1558 sic
3282 1506 3520 1560 breviter

1932 1591 2352 1661 reprLcsentabo,
2386 1600 2444 1646 ut
2472 1593 2604 1647 nihil
2636 1595 3100 1664 praetermissurus
3141 1595 3243 1651 sim
3282 1598 3424 1666 quod
3451 1595 3519 1651 ad

1933 1686 2291 1743 sufﬁcientem
2315 1688 2556 1742 omnium
2584 1689 2831 1745 notitiam
2857 1690 3150 1746 desiderari
3172 1699 3354 1760 queat.

2003 1776 2126 1832 237.
2170 1777 2226 1833 In
2254 1785 2438 1833 nostra
2459 1777 2777 1835 collectione
2796 1780 3030 1848 primum
3073 1779 3248 1837 locum
3295 1789 3525 1851 occupat

1833 1857 1904 1916 Β
1931 1871 2101 1926 codex
2127 1869 2542 1940 Aquicinctinus,
2571 1886 2677 1926 non
2704 1871 2773 1926 ab
2794 1871 3134 1937 ilenschenio
3172 1880 3225 1927 et
3248 1871 3521 1943 Papebro-

1934 1960 2076 2023 chio,
2106 1960 2198 2015 sed
2222 1959 2291 2014 ab
2321 1959 2525 2030 aliquo,
2557 1959 2788 2016 fortasse
2808 1962 3047 2019 emnobii
3067 1963 3209 2017 illius
3232 1962 3520 2027 monacho,

1932 2049 2341 2105 accuratissime
2368 2058 2423 2105 et
2451 2048 2857 2105 distinctissime
2880 2050 3127 2117 collatus,
3161 2065 3229 2105 ne
3262 2050 3531 2122 neglectis

1931 2140 2146 2211 quidem
2198 2139 2686 2196 intercurrentibus
2744 2141 3006 2196 minutiis.
3064 2142 3139 2197 De
3195 2143 3296 2197 hoc
3359 2156 3520 2213 supra

1931 2231 2112 2286 dicere
2144 2231 2409 2301 ccepimus
2428 2246 2579 2285 num.
2611 2231 2735 2297 221,
2773 2232 2862 2289 ubi
2892 2233 2991 2303 ipsi
3033 2241 3088 2288 et
3124 2231 3525 2288 Marchianensi

1930 2322 2233 2396 fragmento
2255 2324 2398 2379 inter
2408 2324 2744 2394 antiquiores
2758 2325 3109 2396 purioresque
3129 2324 3523 2395 manuscriptus

1929 2418 2143 2472 codices
2172 2418 2330 2472 datus
2365 2424 2450 2472 est
2477 2417 2649 2484 locus,
2670 2424 3024 2488 notatumque
3054 2418 3105 2472 in
3124 2417 3305 2473 multis
3326 2416 3549 2473 come-9

1928 2508 2047 2562 nire
2074 2524 2195 2563 cum
2217 2507 2485 2574 Pratensi,
2513 2508 2895 2579 Antuerpiensi
2925 2507 3132 2578 majore
3161 2516 3216 2564 et
3254 2508 3527 2581 Roswey—‘

1929 2599 2072 2661 diuo,
2111 2607 2224 2654 tum
2252 2599 2335 2654 vel
2365 2599 2621 2665 maxime,
2675 2614 2798 2653 cum
2831 2599 2882 2653 hi
2928 2615 2959 2653 a
2990 2608 3309 2655 caeterorum
3344 2607 3518 2654 turma

1927 2692 2192 2762 segregati
2219 2698 2362 2747 sunt.
2402 2690 2501 2747 Hic
2530 2699 2793 2762 praeterea
2827 2693 3026 2748 cursim
3059 2690 3360 2748 observabo
3398 2694 3520 2761 quia:

1926 2785 2128 2839 codicis
2177 2784 2539 2855 Aquiciuctini
2590 2793 2807 2840 aetatem
2853 2802 2960 2841 non
3018 2786 3250 2840 obscure
3296 2772 3543 2839 delinire

1926 2884 2145 2946 queant.
2174 2875 2275 2941 Qui
2301 2874 2729 2946 manuscriptum
2757 2891 2878 2931 cum
2910 2875 3144 2931 secunda
3177 2875 3372 2930 Molaui
3404 2875 3521 2930 edi:

1930 2970 2074 3023 tione
2106 2969 2231 3023 anni
2280 2968 2416 3024 l568
2446 2969 2674 3041 contulit
2724 2971 2790 3026 ad
2838 2970 2908 3025 ‘25
2954 2971 3204 3042 Augusti,
3249 2970 3519 3042 descripta

1926 3059 2113 3113 ultima
2139 3062 2654 3116 commemoratione
2679 3079 2692 3115 :
2726 3060 2850 3133 Ipsa
2876 3062 2980 3128 die,
3015 3061 3275 3128 Parisius,
3304 3064 3519 3119 elevatio

1929 3150 2064 3203 beati
2090 3148 2340 3205 Ludovici
2361 3152 2699 3222 confessoris,
2724 3154 2909 3209 sedulo
2938 3156 3159 3219 notavit,
3182 3155 3293 3211 lucc
3315 3154 3519 3211 calamo
3546 3155 3549 3159 ⁴

229 3246 432 3315 quibus
478 3245 720 3303 Museum
763 3259 1007 3305 nostrum
1040 3253 1255 3325 egregie
1304 3253 1686 3325 locupletatum
1720 3268 1821 3325 est,

1934 3242 2081 3315 longe
2101 3246 2385 3300 recentiore
2428 3246 2635 3316 adjecta
2685 3261 2825 3303 esse.
2859 3240 2949 3305 Sic
2998 3264 3089 3303 χςι
3135 3250 3393 3312 octobris,
3449 3244 3521 3304 ad

229 3352 302 3391 ne
333 3336 386 3391 in
417 3338 785 3395 describendis
814 3339 1208 3413 Martyrologiis
1234 3342 1575 3409 Usuardinis,
1593 3362 1824 3415 quorum

231 3437 386 3483 tanta
410 3431 550 3499 apud
574 3444 671 3486 nos
693 3441 811 3487 erat
833 3435 1007 3503 copia,
1043 3434 1269 3489 nimium
1299 3435 1693 3504 detinerentur,
1722 3439 1826 3495 hac

230 3520 315 3575 usi
342 3530 467 3577 sunt
506 3523 780 3578 methodo.
810 3522 1041 3581 Greveni
1070 3526 1329 3593 editione,
1358 3538 1418 3581 ut
1452 3526 1610 3583 facile
1640 3539 1823 3599 porta-

232 3611 312 3666 tiii
367 3614 648 3685 magisque
692 3617 1002 3684 commoda,
1062 3618 1115 3673 in
1167 3618 1472 3689 exemplum
1521 3630 1822 3692 assumpta,

230 3704 544 3774 ubicunque
585 3708 1012 3777 manuscriptum
1044 3707 1277 3779 aliquem
1326 3709 1635 3766 Usuardum
1677 3712 1823 3769 nacti

228 3804 380 3862 sunt,
415 3806 584 3853 totum
609 3814 732 3855 cum
759 3800 993 3856 Greveni
1024 3802 1261 3860 editione
1298 3805 1425 3859 anni
1470 3806 1599 3860 1521
1635 3815 1825 3863 contu-

230 3889 366 3955 lere,
395 3894 729 3951 variantibus
754 3911 852 3952 seu
882 3899 1140 3954 auctariis
1184 3901 1236 3958 iu
1277 3902 1587 3958 adversaria
1616 3904 1821 3970 relatis,

227 3984 377 4039 unde
417 3990 798 4056 percommode
837 3991 1035 4046 accidit
1071 4000 1149 4057 ut,
1186 3992 1330 4049 facto
1369 3996 1625 4065 temporis
1669 4013 1821 4053 com-

224 4076 453 4146 pendio,
481 4091 546 4132 ea
567 4080 748 4135 omnia
786 4084 1157 4153 compararim
1197 4102 1317 4155 qum
1348 4086 1483 4142 alias
1524 4087 1824 4155 longiorem

227 4184 440 4224 moram
471 4181 826 4244 sumptusque
873 4175 1105 4247 majores
1154 4180 1549 4250 postulassent;
1594 4183 1824 4253 putansi

226 4262 431 4334 singuli
463 4263 549 4319 isti
575 4266 788 4322 codices
816 4283 913 4338 per
940 4269 1084 4337 ipsos
1108 4280 1200 4325 aut
1237 4287 1334 4343 per
1363 4288 1719 4329 amanuenses
1757 4274 1824 4330 ad

226 4353 456 4407 verbum
488 4355 824 4413 describendi
858 4356 1106 4415 fuissent.
1136 4360 1261 4417 Haec
1290 4364 1472 4434 itaque
1495 4365 1677 4420 omnia
1701 4382 1822 4437 qua:

227 4442 313 4497 sic
335 4443 588 4500 adnotata
612 4456 667 4501 et
685 4456 929 4504 extracta
946 4459 1092 4515 sunt,
1123 4449 1381 4508 lectiones
1411 4455 1683 4513 variantes
1730 4472 1822 4513 seu

226 4535 573 4592 accessiones
602 4536 937 4595 Usuardinas
970 4557 1246 4611 vocamus,
1276 4560 1412 4614 quas
1452 4545 1593 4600 inter
1637 4556 1819 4603 nostra

167 4699 180 4709 _
228 4626 475 4681 auctaria
502 4627 814 4685 collocanda
840 4633 1168 4702 putavimus.

299 4718 430 4776 236.
472 4719 701 4778 Praelata
758 4735 1024 4793 extracta,
1071 4743 1166 4783 seu
1207 4730 1534 4786 variantium
1586 4732 1820 4801 elencbi,

228 4811 403 4869 ferme
427 4813 648 4888 triginta
678 4826 805 4873 sunt
840 4836 1096 4888 numero;
1129 4833 1361 4895 suntque
1414 4826 1547 4881 adeo
1598 4826 1822 4881 totidem

226 4907 486 4976 codices,
538 4926 673 4980 quos
717 4912 761 4967 si
802 4914 1050 4983 superius
1094 4918 1424 4974 enumeratis
1471 4918 1821 4987 cditionibus,

224 4997 426 5069 quibus
463 5002 543 5057 usi
589 5018 808 5070 sumus,
861 5008 1302 5076 quatuordccim,
1361 5011 1636 5067 codicibus
1690 5027 1819 5068 mss.

227 5089 414 5144 decem
438 5092 495 5146 et
522 5102 746 5164 septem,
777 5095 1008 5168 denique
1035 5100 1333 5155 octodecim
1358 5100 1475 5157 aliis
1503 5120 1531 5157 a
1552 5102 1822 5161 Cbiflletio

226 5179 489 5248 collectis,
505 5183 841 5255 adjnnxcris,
856 5190 1060 5258 patebit
1080 5202 1407 5261 postremam
1425 5195 1565 5249 hanc
1580 5205 1820 5254 nostram

224 5273 521 5329 editionem
542 5293 608 5331 ex
636 5279 911 5335 codicibus
940 5297 1134 5355 propre
1160 5286 1433 5357 octoginta
1477 5288 1818 5356 adornatam,

227 5366 576 5434 illustratam,
617 5382 983 5444 repurgatam.
1020 5374 1192 5431 Nolim
1244 5385 1425 5433 tamen
1481 5380 1821 5437 dissimulare

224 5473 347 5513 esse
413 5461 612 5532 aliquid
675 5467 817 5533 quod
872 5467 927 5520 in
985 5468 1361 5527 collationibus
1425 5481 1481 5527 et
1543 5474 1818 5529 recensio—

224 5551 388 5607 uibus
435 5556 503 5611 ab
559 5555 899 5615 Henschenio
951 5570 1005 5616 et
1050 5561 1422 5634 Papebrochio
1476 5564 1634 5622 factis
1686 5567 1819 5622 mihi

224 5644 529 5717 displiceat,
585 5665 708 5705 cum
768 5667 836 5706 ex
886 5650 1244 5709 indiculorum
1295 5667 1602 5713 nostrorum
1659 5660 1818 5715 modo

221 5737 598 5813 perSpexerim
647 5758 750 5797 non
805 5759 993 5800 onmes
1054 5746 1495 5818 interpolationes
1542 5751 1816 5821 appositas

223 5844 373 5903 esse,
412 5843 471 5891 ut
517 5835 805 5896 manifeste
855 5838 1097 5912 comperi
1142 5839 1196 5895 in
1242 5839 1428 5899 codice
1470 5842 1813 5915 Ughclliano,

1847 4597 1899 4657 D

1933 3335 2072 3389 hanc
2101 3336 2344 3391 ultimam
2373 3338 2538 3393 etiam
2565 3340 3033 3395 annuutiationcm
3074 3359 3089 3395 :
3133 3340 3367 3397 Colonia
3410 3337 3516 3397 SS.

1933 3426 2172 3481 undecim
2212 3426 2435 3481 millium
2487 3429 2779 3499 virginum,
2830 3431 3084 3485 additur:
3138 3430 3271 3486 Haec
3311 3440 3433 3486 sunt
3485 3446 3520 3486 η

1930 3534 2092 3572 manu
2133 3519 2434 3571 recentiore.
2491 3518 2811 3589 llujusmodi
2858 3520 3054 3574 indicia
3109 3522 3242 3575 satis
3286 3521 3520 3590 probare

1927 3608 2181 3663 videntur
2206 3608 2448 3663 codicem
2502 3609 2675 3679 ipsum
2722 3611 3117 3681 autographum
3168 3594 3366 3666 Saeculo
3419 3626 3518 3667 xm

1930 3710 2021 3757 aut
2051 3700 2191 3757 forte
2234 3701 2396 3756 citius
2427 3710 2708 3757 exaratum
2757 3701 2942 3757 fuisse.
2978 3703 3051 3756 De
3096 3703 3199 3756 hoc
3243 3701 3403 3772 paulo
3431 3701 3517 3756 fu-

1928 3796 2061 3861 sius,
2094 3794 2331 3866 reliquos
2368 3811 2556 3851 omnes
2588 3796 2756 3851 multo
2798 3796 3015 3853 brevius
3058 3793 3514 3859 ennmerabimus,

1928 3900 1991 3945 ca
2042 3890 2154 3945 sola
2183 3889 2539 3947 describendo
2590 3904 2709 3961 quae
2753 3906 2783 3946 a
2830 3889 3180 3946 collatoribus
3229 3892 3549 3948 observata“

1928 3980 2151 4036 fuerint.

1998 4071 2125 4128 2'58.
2164 4071 2519 4144 Antiquitatis
2572 4080 2626 4129 et
2680 4073 3042 4144 simplicitatis
3104 4072 3295 4128 ordine
3363 4068 3519 4143 sequi

1927 4164 2018 4220 hic
2075 4164 2297 4220 deberet
2353 4166 2753 4236 manuscriptus
2806 4164 3087 4222 Usuardus
3145 4160 3549 4220 Harcliianen-'

1926 4258 2019 4321 sis,
2049 4258 2215 4312 citato
2239 4273 2388 4311 num.
2421 4256 2528 4311 224
2573 4259 2735 4312 etiam
2783 4257 3063 4325 laudatus;
3099 4259 3192 4313 sed
3234 4272 3355 4312 cum
3394 4254 3529 4329 ,δοΙῶ

1928 4349 2234 4422 fragmenta
2266 4349 2392 4415 duo,
2441 4364 2636 4419 nempe
2691 4350 2893 4405 mensis
2930 4348 3261 4404 Februarius
3296 4357 3352 4403 et
3392 4358 3521 4418 pars

1927 4445 2104 4500 Martii
2135 4461 2304 4517 penes
2334 4460 2432 4500 nos
2463 4445 2591 4509 sint,
2617 4444 2773 4515 plura
2811 4443 2992 4498 dicere
3022 4442 3368 4512 supersedeo.

1998 4538 2123 4593 259.
2177 4535 2475 4592 Victorinus
2501 4536 2657 4592 citari
2685 4543 2900 4607 poterat
2925 4535 3026 4591 sub
3053 4533 3249 4605 duplici
3274 4533 3512 4600 nomine,

1926 4631 2125 4701 quippe
2153 4646 2275 4686 cum
2311 4630 2484 4685 altero
2538 4629 2802 4696 collatus;
2837 4628 2930 4685 sed
2985 4628 3117 4684 Satis
3158 4637 3242 4683 est
3264 4627 3316 4682 id
3349 4628 3518 4683 verbo

1926 4725 2014 4778 hic
2044 4724 2330 4780 indicasse.
2359 4724 2647 4780 Variantes
2705 4738 2799 4779 seu
2838 4730 3093 4778 extracta
3136 4721 3339 4790 scripta
3391 4726 3517 4776 sunt

1928 4832 2091 4871 manu
2145 4814 2496 4884 Henschcnii,
2537 4816 2818 4888 praemisso
2843 4815 2948 4870 hoc
3001 4812 3156 4868 titulo
3191 4830 3204 4866 :
3237 4809 3537 4895 Usuardus.

1932 4908 2246 4964 Parisiensis
2286 4922 2383 4964 ms.
2429 4909 2600 4963 sancti
2651 4906 2896 4975 Victoris,
2920 4914 2971 4962 et
3016 4920 3237 4960 excusus
3277 4898 3513 4969 Moloni,

1927 4999 2149 5055 collatus
2183 5015 2302 5054 cum
2345 5016 2444 5054 ms.
2489 5000 2838 5055 serenissima:
2894 4997 3086 5070 regina:
3118 4994 3341 5061 Sueciaz,
3375 4988 3516 5064 quod

1923 5091 2171 5161 pertinuit
2194 5107 2333 5146 anno
2354 5089 2488 5146 1521
2523 5089 2591 5145 ad
2640 5087 2970 5145 Bernardum
3011 5086 3347 5141 lIannetreau
3397 5096 3517 5153 pre—
3552 5116 3556 5120 Α

1924 5186 2185 5257 sbyterum
2209 5194 2452 5241 curatum
2478 5182 2545 5238 B.
2583 5183 2772 5239 Marine
2794 5185 2845 5238 in
2868 5182 3085 5238 ecclesia
3118 5176 3511 5235 Silvanectensi.

1936 5278 2155 5334 Videtur
2206 5277 2368 5349 fuisse
2399 5275 2627 5347 alicujus
2654 5273 2963 5329 monasterii
2989 5274 3042 5326 in
3081 5268 3289 5325 diwcesi
3326 5266 3492 5322 Nicer

1926 5375 2090 5429 nensi.
2135 5372 2446 5442 Saepissime
2495 5369 2767 5435 convenit,
2834 5367 3077 5434 adeoque
3132 5363 3183 5417 in
3240 5354 3550 5415 Auctarlis'

1928 5481 2070 5537 saepe
2100 5465 2319 5532 citatur,
2345 5479 2467 5519 cum
2500 5462 2605 5517 alio
2626 5461 2812 5517 codice
2833 5457 3033 5530 regina:
3061 5451 3270 5509 Suecize
3300 5444 3550 5547 signati)"

1922 5578 1979 5616 ιι.
2015 5558 2138 5627 150,
2180 5559 2247 5615 de
2273 5572 2380 5630 quo
2410 5555 2568 5612 infra.
3490 5626 3495 5635 ⁸

1994 5650 2119 5705 210.
2152 5650 2466 5720 Sequuntur
2494 5647 2797 5717 fragmenta
2830 5642 3009 5711 aliqua
3039 5639 3242 5695 codicis
3270 5637 3512 5693 ccclesire

1924 5742 2271 5798 Pnlsanensis
2321 5756 2385 5795 ac
2449 5736 2824 5800 Messaniensis,
2850 5745 2962 5789 tum
2991 5732 3363 5805 Martyrologii'
3391 5728 3513 5784 Ple-

1917 5835 2261 5901 schionensis,
2315 5845 2543 5902 quorum
2599 5829 2833 5901 primum
2887 5842 2992 5883 non
3025 5825 3201 5899 magni
3230 5816 3511 5880 momenti
