3936 6348
179 343 293 414 577
472 402 478 407 ,
1414 392 1423 399 .
1546 318 2110 400 PROLEGOMENA.‘
3364 329 3469 414 sis

182 454 417 526 δορΙιὶιιι,
470 453 628 510 toties
675 453 729 509 in
760 460 1018 510 contextu
1064 454 1283 511 relatus.
1334 456 1410 511 Ex
1446 455 1636 512 Adone
1676 457 1765 512 vix
1794 465 1843 523 Α
1869 457 1973 514 hoc
1999 468 2086 515 est
2110 458 2172 516 S.
2206 461 2438 532 Riqaldi,
2471 465 2525 519 in
2565 466 2842 525 territorio
2870 468 3271 529 Matisconensi.
3314 472 3372 529 Si
3395 488 3466 530 ex

180 547 479 618 quidquam
512 546 696 611 habet,
727 546 907 617 potius
928 562 994 602 ex
1017 546 1198 618 aliquo
1243 547 1667 620 Hieronymiano
1691 551 1777 605 in-
1876 548 2240 609 additionibus
2269 557 2336 611 de
2372 557 2578 614 codicis
2607 559 2845 629 puritate
2864 559 3109 630 judicare
3136 564 3319 632 liceat,
3340 580 3466 637 pro-

181 638 482 708 terpolatus
529 646 632 695 est.
661 637 902 695 IEtatem
950 640 1349 719 quodammodo
1375 642 1647 712 conjicere
1677 657 1773 698 vo-
1840 714 1845 721 ἢ
1875 640 2003 695 bum
2030 657 2152 698 esse
2179 656 2416 721 oportet,
2444 664 2569 704 eum
2599 649 2704 704 illae
2727 666 2912 721 paucae
2952 654 3060 708 sint
3107 664 3354 712 numero.

179 733 283 789 luit
328 732 766 804 Papebrocbius,
798 733 927 789 dum
962 734 1039 788 ait
1067 735 1360 791 meminisse
1393 734 1452 791 S.
1486 736 1775 794 Romualdi
1837 796 1843 800 _
1936 731 2063 787 257.
2106 733 2193 789 Ex
2222 735 2607 810 Martyrologio
2638 744 2947 798 monasterii
2978 742 3224 801 Jurensis
3258 745 3318 802 S.
3356 745 3467 802 Ra-

175 833 229 879 et
252 822 466 878 Tltomte
487 822 909 880 Cantuariensis.
931 825 1038 883 Sed
1061 825 1128 883 de
1148 842 1211 882 ea
1228 826 1475 898 pluribus
1499 829 1747 901 disputan

1874 822 2131 892 gnoberli,
2154 841 2220 879 ea:
2240 826 2422 882 Adone
2449 838 2499 883 et
2526 828 2774 886 Usuardo
2796 842 3060 901 contexto,
3086 834 3262 907 inquit
3299 835 3466 908 Pape-

174 931 360 986 οροιιω
393 915 629 985 pretium
667 932 774 972 non
798 925 903 973 εει,
1873 911 2171 981 brochius;
2222 924 2279 971 at
2322 918 2367 972 si
2419 919 2629 992 singula
2658 930 2807 978 recte
2845 924 3189 999 expenderis,
3247 942 3279 982 a
3325 927 3463 1001 ston

247 1004 377 1061 252.
410 1005 516 1060 Hix
543 1008 792 1078 sequitur
817 1008 986 1064 codex
1014 1008 1124 1076 ille,
1147 1011 1213 1066 de
1237 1025 1344 1080 quo
1363 1026 1525 1081 supra
1550 1027 1656 1068 non
1680 1026 1747 1069 se

1870 1002 2077 1061 Adonis
2152 1009 2461 1077 permodice
2533 1015 2846 1085 participat.
2894 1016 3066 1090 Magis
3135 1021 3461 1079 crediderim

174 1097 283 1151 met
314 1097 559 1165 memini,
589 1114 781 1170 nempe
826 1098 1106 1158 Usuardus
1137 1100 1339 1157 abbati;
1395 1101 1600 1175 Πριιειιε
1657 1104 1773 1161 sive
1833 1157 1841 1169 ι
1875 1094 2183 1155 Usuardum
2206 1117 2326 1158 esse
2353 1105 2421 1184 ad
2454 1105 2681 1164 aliorum
2705 1102 2939 1178 morem,
2968 1112 3065 1169 sed
3103 1128 3209 1170 non
3234 1115 3461 1172 multum

173 1183 546 1261 Ughellianus,
606 1206 766 1261 quem
792 1190 844 1245 in
875 1193 1129 1248 omnibus
1163 1202 1295 1266 puto
1322 1196 1617 1251 convenire
1644 1211 1767 1251 cum
1838 1260 1843 1263 _
1872 1189 2285 1261 interpolatum.

172 1288 369 1334 nostro
394 1277 783 1350 Antuerpiensi
811 1289 867 1335 et
914 1281 1291 1366 antiquissima
1319 1284 1556 1340 editione
1590 1285 1770 1341 Lube-
1838 1362 1843 1366 _
1940 1279 2066 1337 258.
2112 1283 2197 1339 Ea:
2224 1284 2607 1360 Martyrologio
2643 1290 2874 1365 ecclesiae
2901 1293 3267 1366 Lugdunensis
3289 1300 3459 1354 sancti

170 1384 313 1425 cana
358 1370 621 1449 maxima.
672 1370 774 1438 Qui
824 1372 871 1428 si
905 1364 1217 1430 accuratius
1266 1376 1499 1432 collatus
1554 1377 1765 1441 fuisset,
1838 1362 2286 1440 'Slephaninub
2308 1378 2518 1433 nomine
2556 1362 2742 1447 Bedaa,
2762 1382 2842 1438 sic
2870 1383 3067 1440 iterum
3095 1385 3334 1458 loquitur
3357 1388 3459 1459 Pa-

169 1460 318 1516 ltaud
374 1459 536 1516 dubie
580 1444 621 1515 a'
653 1461 864 1518 duobus
902 1462 1025 1519 aliis
1075 1480 1365 1549 nunquam
1399 1465 1764 1523 divelleretur.
1869 1461 2209 1530 pebrochius,
2236 1467 2327 1521 sed
2358 1469 2529 1523 Adoni
2552 1444 2816 1527 similiori.
2836 1472 2953 1530 Non
2982 1476 3115 1532 satis
3134 1444 3289 1549 capio
3314 1454 3458 1535 unde

168 1554 349 1610 Nolim
380 1563 556 1611 tamen
572 1556 625 1611 id
653 1568 760 1612 tam
784 1568 935 1615 certo
954 1556 1244 1628 affirmare,
1274 1542 1400 1618 cum
1422 1562 1578 1619 facile
1602 1564 1765 1620 etiam
1866 1551 1985 1641 hic?
2002 1570 2190 1611 ιύΐευδ
2220 1558 2517 1616 Similime
2538 1571 2758 1634 accepta
2782 1565 2874 1629 δίε»
2904 1560 3031 1622 nam
3066 1566 3321 1625 Aucmia
3346 1568 3459 1641 Ριθ·

167 1649 225 1704 in
256 1647 528 1718 aliquibus
558 1649 845 1706 dissentire
864 1654 1126 1723 potuerit.

238 1738 371 1794 255.
431 1739 847 1811 Altempsianum
897 1752 1047 1799 recte
1085 1743 1316 1802 advertit
1364 1747 1763 1820 Papebrochius

1869 1638 2056 1716 raque,
2079 1649 2125 1704 si
2152 1666 2258 1706 non
2288 1650 2614 1722 Usuardum,
2645 1656 2833 1711 saltent
2857 1657 2975 1728 ejus
3003 1661 3317 1717 enuntiandi
3341 1677 3456 1720 mo-

1867 1739 1994 1796 dum
2032 1740 2206 1799 ferme
2235 1745 2470 1816 sapiunt.
3250 1738 3255 1745 ’

166 1829 223 1885 in
246 1830 440 1903 Anglia
466 1839 683 1887 auctum
714 1849 854 1899 esse,
890 1850 1013 1891 cum
1053 1835 1358 1905 hujusmodi
1392 1841 1747 1901 additamenta

1936 1835 2063 1891 259.
2105 1835 2193 1892 Ea:
2215 1836 2593 1913 Martyrologio
2637 1842 2871 1899 Usuardi
2914 1845 3145 1902 ecclesia:
3187 1847 3454 1920 Burdiga-

90 1942 91 1945 η
165 1935 310 1991 saepe
335 1931 636 1980 recurrant.
666 1924 783 1993 Qua
818 1928 1105 1983 occasione
1145 1929 1373 1985 Romam
1427 1934 1757 2005 pervenerit,

164 2015 498 2085 explicatum
531 2033 639 2072 non
661 2028 765 2083 est,
792 2035 894 2075 nec
938 2021 1004 2075 de
1033 2022 1151 2092 ejus
1183 2012 1344 2079 actate
1394 2028 1761 2097 scrupulosius

166 2105 492 2177 inquirenda
521 2109 747 2165 multum
772 2111 854 2166 sui
879 2111 1142 2169 sollicitus
1172 2132 1187 2170 :
1220 2115 1271 2170 id
1294 2131 1423 2171 vero
1452 2118 1756 2186 observavi,

164 2199 411 2254 codicem
432 2200 559 2255 olim
591 2199 759 2257 fuisse
781 2203 1024 2260 ecclesias
1053 2204 1470 2276 Wintoniensis,
1502 2226 1627 2266 cum
1649 2229 1755 2268 xxx

166 2287 417 2345 Octobris
445 2290 517 2344 ita
548 2291 693 2363 legat
722 2311 736 2346 :
777 2292 901 2363 Ipso
927 2294 1012 2349 die
1037 2297 1301 2352 ordinatio
1327 2301 1645 2356 sanctissimi
1662 2321 1760 2358 an-

170 2381 344 2435 tistitis
387 2392 546 2453 atque
590 2385 803 2454 patroni
842 2386 1007 2440 nostri
1058 2385 1333 2455 Switltini;
1379 2390 1470 2446 alii
1514 2394 1760 2452 scribunt

174 2468 447 2527 Swithuni.
471 2473 701 2531 Collatia
727 2485 913 2553 nostra
948 2478 1135 2550 incipit
1167 2498 1194 2534 a
1225 2497 1409 2538 mense
1431 2484 1645 2553 Martio,
1671 2504 1755 2545 re-

160 2560 325 2632 jectis
352 2564 402 2619 in
426 2565 584 2622 linem
605 2567 863 2625 Januario
890 2550 943 2626 et
970 2571 1290 2631 Februario.
1314 2575 1574 2649 Suspicor
1604 2550 1756 2638 auto-

164 2657 427 2728 graphum
473 2658 648 2729 ipsum
692 2661 767 2717 ita
814 2662 944 2719 olim
1002 2653 1285 2737 scriptum,
1315 2669 1400 2724 vel
1438 2670 1580 2728 forte
1611 2674 1755 2731 male

163 2759 505 2820 compactum
528 2751 714 2810 fuisse.
1282 2816 1283 2819 η
1422 2800 1430 2806 -
1724 2816 1727 2823 .

230 2844 364 2900 254.
408 2845 484 2900 Εη
539 2847 700 2904 modo
751 2849 1123 2908 confusionem
1148 2852 1587 2913 Florentinorum
1610 2860 1752 2917 codi-

160 2952 309 3003 cum,
341 2938 408 2993 de
428 2953 532 3011 qua
558 2939 805 2997 dicebam
834 2959 980 2998 num.
1013 2944 1139 3001 250.
1174 2946 1267 3004 Sic
1301 2947 1355 3003 in
1401 2948 1579 3007 fronte
1617 2952 1752 3008 scri-

155 3028 270 3098 psit
294 3027 669 3088 Benschenius
708 3051 719 3085 :
755 3031 1195 3106 Martyrologium
1242 3034 1474 3111 Usuardi
1501 3040 1748 3096 collatum

158 3121 216 3173 1ο
251 3137 373 3174 cum
404 3138 500 3175 ms.
526 3121 595 3177 D.
628 3121 809 3178 Caroli
838 3122 1089 3192 Strozzii,
1130 3131 1388 3185 senatoris
1420 3129 1745 3200 Florentini,

154 3212 212 3266 in
235 3222 447 3283 quarto.
480 3212 742 3293 Collatum
770 3215 829 3270 2°
852 3234 970 3271 cum
1001 3217 1381 3292 Martyrologio
1416 3220 1748 3290 Florentino,

152 3304 299 3359 edito
338 3302 622 3361 Florentia:
668 3324 807 3362 anno
859 3307 997 3364 1486
1027 3297 1185 3382 (alibi
1210 3320 1431 3368 notatur
1459 3314 1621 3381 ttat,
1654 3318 1748 3371 sed

151 3395 393 3465 primum
434 3413 719 3453 numerum
746 3402 1127 3474 servavimus),
1163 3420 1258 3474 per
1281 3402 1632 3461 Franciscum
1684 3408 1749 3463 de

152 3490 532 3567 Bonaccursiis
577 3493 952 3564 presbyterum,
1027 3507 1075 3551 et
1130 3508 1326 3569 spectat
1376 3501 1445 3555 ad
1509 3502 1746 3557 eumdem

151 3581 480 3648 Strozzium,
508 3584 563 3638 in
587 3601 689 3657 quo
740 3586 864 3640 dum
916 3587 1102 3643 desunt
1147 3591 1405 3666 additnr(
1430 3598 1489 3658 ᾖ
1534 3594 1674 3648 deest
1705 3594 1745 3666 ).

150 3673 421 3728 Collatum
444 3673 502 3729 5°
529 3693 647 3731 cum
676 3681 1033 3751 manuscripto
1085 3680 1355 3739 Medicina:
1403 3685 1742 3752 bibliothecae,

146 3767 205 3822 in
245 3784 583 3839 pergameno,
616 3772 669 3825 in
707 3782 914 3843 quarto.
952 3774 1084 3841 Quae
1123 3777 1167 3830 si
1209 3779 1500 3846 conveniat,
1524 3781 1746 3851 inferius

145 3852 420 3927 subditur,
442 3865 489 3918 si
516 3864 624 3943 alia
647 3865 718 3919 ibi
738 3865 851 3921 sola
899 3869 1021 3934 sint,
1044 3887 1269 3946 superne
1311 3872 1450 3927 linea
1494 3874 1745 3933 trahitur.

147 3952 330 4021 Quam
356 3954 472 4012 haec
499 3958 671 4013 errori
708 3960 940 4015 obnoxia
968 3962 1096 4028 sint,
1136 3980 1296 4020 nemo
1322 3981 1429 4021 non
1450 3967 1615 4026 videt.
1645 3968 1749 4025 Co-

145 4055 319 4102 natus
348 4063 487 4114 sum,
525 4064 630 4119 qua
685 4052 834 4122 potui
881 4052 1179 4124 diligentia,
1213 4057 1281 4112 ad
1317 4061 1566 4131 proprios
1593 4063 1744 4118 codi-

145 4154 246 4195 ces
279 4138 482 4197 referre
517 4142 725 4215 singula
755 4161 769 4206 ;
802 4144 971 4200 sicubi
1025 4147 1364 4215 deﬂexerim,
1396 4153 1636 4222 prudens
1660 4154 1743 4209 le-

143 4239 274 4286 ctor
296 4229 452 4286 facile
478 4231 734 4304 ignoscet.
770 4233 887 4289 Non
936 4236 1182 4292 videntur
1219 4240 1272 4294 hi
1321 4243 1535 4299 codices
1580 4260 1747 4301 saccu-

140 4319 265 4377 lum
298 4339 368 4376 xv
394 4338 673 4395 superare,
700 4335 849 4382 certe
898 4331 1173 4400 perpetuis
1216 4331 1388 4390 ferme
1439 4337 1747 4394 redundant

140 4417 436 4473 auctariis.

1839 1925 2043 1989 .lensis.
2102 1927 2245 1984 Nihil
2278 1931 2521 1987 additum
2561 1943 2645 1989 est
2687 1951 2755 1990 ex
2786 1951 2893 2006 quo
2922 1937 2987 1993 de
3016 1937 3134 2010 ejus
3157 1947 3317 1995 astate
3346 1947 3456 1995 sta-

1864 2028 2064 2075 tuatur.
2091 2022 2364 2090 Quantum
2396 2040 2426 2080 a
2449 2027 2772 2100 primigenia
2801 2029 3154 2102 simplicitate
3178 2033 3341 2097 absit,
3375 2034 3487 2095 in-_

1865 2110 2042 2181 tellige
2064 2129 2130 2168 ex
2156 2115 2446 2172 Auctariis.

1932 2202 2059 2258 260.
2100 2204 2187 2261 Ea:
2236 2210 2394 2263 reteri
2445 2209 2827 2284 Martyrologio
2863 2211 3040 2271 Castri
3076 2214 3287 2285 Karoli,
3334 2233 3451 2288 seu,

1861 2295 2052 2361 mavis,
2082 2313 2148 2352 ex
2174 2299 2425 2355 coenobio
2455 2311 2658 2358 sanctas
2705 2303 2891 2361 Maria:
2930 2305 2997 2362 de
3027 2305 3221 2364 Castro
3247 2307 3451 2367 Karoli.

1858 2382 2061 2440 Locum
2121 2388 2252 2444 mihi
2310 2390 2572 2448 hactenus
2625 2393 2866 2466 ignotum
2933 2396 3128 2454 fateor.
3188 2397 3247 2455 Si
3283 2401 3453 2457 codex

1860 2473 2198 2535 Usuardinus
2219 2491 2322 2548 est,
2359 2498 2464 2538 non
2494 2484 2709 2540 videtur
2731 2490 3183 2546 contemnendus.

1928 2566 2054 2622 261.
2097 2568 2184 2623 Ea:
2206 2569 2588 2644 Martyrologio
2619 2574 2981 2633 Bizanticensi
3010 2577 3070 2634 S.
3098 2580 3278 2637 Pauli.
3333 2581 3450 2640 Non

1858 2658 2023 2713 multa
2056 2661 2218 2717 habet
2246 2676 2315 2718 ex
2339 2665 2537 2733 quibus
2561 2667 2733 2739 magis
2759 2670 2827 2725 ad
2854 2685 2973 2726 eam
3003 2687 3165 2743 quam
3192 2674 3262 2729 ad
3286 2675 3449 2732 aliam

1842 2752 2156 2829 quamlibet
2202 2756 2387 2812 urbem
2418 2759 2690 2829 pertinere
2731 2760 2991 2820 dicendus
3015 2766 3106 2821 sit.
3163 2766 3298 2826 Huic
3325 2771 3450 2826 addi

1852 2856 2082 2916 possunt
2116 2857 2362 2906 extracta
2411 2851 2515 2907 alia
2547 2868 2655 2909 non
2707 2857 2888 2929 magni
2921 2861 3202 2929 momenti,
3231 2861 3449 2920 desum-

1853 2946 1946 3009 pta
1971 2955 2036 2992 ea:
2061 2938 2441 3023 Martyrologio
2466 2941 2805 3001 Luxoviensi.
2837 2948 2914 3004 De
2944 2949 3048 3006 hoc
3094 2953 3262 3008 etiam
3284 2969 3451 3026 pecu-

1848 3031 1989 3109 liare
2013 3017 2307 3105 quidquam
2329 3043 2577 3093 notatum
2623 3054 2731 3094 non
2762 3039 3001 3111 invenio,
3030 3059 3132 3101 nec
3157 3045 3451 3104 observare

1853 3124 1969 3196 ipse
2004 3127 2175 3195 potui.
3417 3182 3421 3186 .

1924 3217 2049 3271 262.
2091 3216 2178 3273 Ea:
2224 3206 2601 3295 Martyrologio
2638 3226 2809 3279 sancti
2854 3227 3089 3285 Anatolii
3134 3229 3446 3289 Salinensis.

1854 3306 1952 3362 His
1994 3311 2256 3366 extractis
2283 3313 2682 3384 subjunguutur
2705 3316 2809 3372 alia
2858 3320 3021 3376 etiam
3063 3337 3352 3395 perpauca,
3383 3342 3450 3381 ea:

1854 3398 2243 3473 Martyrologio
2275 3401 2762 3463 Franciscanorum
2791 3405 3171 3472 Salinensium.
3196 3417 3322 3475 Sola
3353 3436 3447 3476 no-

1851 3494 1997 3548 mina
2048 3495 2245 3564 indico,
2301 3512 2425 3553 cum
2454 3500 2634 3557 dubiis
2678 3504 3008 3575 conjecturis
3028 3509 3313 3582 indulgere
3351 3528 3450 3570 no-

1850 3585 1967 3642 lim.

1923 3680 2051 3737 265.
2096 3680 2276 3753 IEque
2297 3684 2530 3741 obscura
2578 3695 2706 3743 sunt
2730 3702 2795 3745 ea
2821 3706 2941 3762 quae
2971 3690 3274 3751 Chifﬂetius
3298 3710 3445 3752 sum-

1849 3771 1957 3843 psit
1982 3789 2048 3827 επ
2076 3771 2455 3847 Martyrologio
2483 3776 2704 3834 abbatia:
2735 3777 3014 3839 Gollianae.

1920 3865 2200 3922 264.1tem
2225 3867 2699 3944 ea:_Martyrologio
2720 3871 2916 3931 Montis
2943 3875 3148 3945 Sancti,
3174 3877 3281 3936 nisi
3300 3884 3442 3952 quod

1849 3958 1904 4014 in
1932 3973 1998 4014 eo
2023 3961 2196 4029 magis
2247 3972 2581 4019 exornentur
2638 3964 2949 4023 Romaricus
2980 3968 2998 4040 (
3019 3985 3049 4026 a
3086 3986 3193 4041 quo
3237 3987 3436 4030 nomen

1849 4052 2078 4107 sortitur
2101 4051 2361 4120 locus,-ut
2391 4056 2463 4110 sit
2511 4072 2661 4112 mons
2702 4061 2873 4115 sancti
2921 4059 3214 4136 Romarici)
3243 4063 3443 4138 aliique

1851 4146 2023 4202 sancti
2048 4161 2170 4201 cum
2193 4162 2259 4202 eo
2297 4145 2592 4216 conjuncti,
2616 4161 2713 4206 aut
2732 4153 2801 4209 ad
2824 4153 2965 4209 idem
2995 4156 3301 4213 emnobium
3318 4173 3441 4230 spe-

1852 4244 2088 4292 ctantes.

1848 4396 1851 4399 _
1919 4327 2044 4384 265.
2105 4329 2192 4385 Ea:
2220 4331 2602 4406 Martyrologio
2624 4332 2875 4401 Usuardi,
2900 4334 3276 4395 Caudiacensis
3299 4342 3443 4412 prio-

1850 4432 2020 4477 ratus.
2038 4421 2257 4480 Memini
2286 4439 2373 4480 me
2403 4426 2604 4482 alicubi
2628 4427 2681 4483 in
2711 4428 2865 4485 Actis
2891 4429 3035 4487 hunc
3085 4432 3328 4488 codicem
3352 4450 3437 4490 re-

216 4510 351 4565 255.
391 4509 705 4582 Sequuntur
764 4524 1029 4581 extracta,
1079 4532 1174 4573 seu
1228 4519 1546 4578 collationes
1602 4524 1740 4589 aliae,
1771 4515 2029 4607 ορετίτθ
2057 4514 2406 4607 δβιῧγηοηὶίηθ
2454 4516 2863 4586 δαηάναοεηείεν
2914 4520 3009 4576 ³εά
3059 4523 3324 4580 servanda
3358 4534 3443 4582 εει

137 4600 443 4657 Florentiae
470 4611 524 4657 et
549 4603 674 4659 alibi
700 4604 877 4673 factm,
930 4624 1055 4663 cum
1078 4608 1200 4665 aliis
1228 4609 1645 4686 Martyrologiis,
1674 4631 1742 4672 ex

135 4693 341 4747 A‘done
364 4700 418 4746 et
441 4694 508 4747 ex
539 4693 658 4750 aliis
672 4695 893 4750 multum
911 4697 1271 4771 interpolatis,
1298 4716 1419 4771 quas
1431 4718 1528 4772 pro
1542 4701 1743 4759 Usuar-
1794 4726 1797 4733 η

134 4785 291 4840 diuis
324 4800 431 4839 non
463 4790 679 4857 agnovit
703 4788 1094 4860 Henschenius,
1112 4800 1301 4865 'neque
1321 4800 1427 4852 nos
1447 4811 1635 4853 eorum
1650 4815 1742 4855 ac-

133 4876 493 4931 cessionibus
545 4877 799 4935 Auctaria
871 4891 1057 4938 nostra
1125 4900 1376 4942 crescere
1449 4889 1738 4957 voluimus,

132 4964 369 5021 aliunde
391 4968 524 5022 satis
550 4970 725 5040 atnpla
754 4980 809 5025 et
834 4987 1144 5031 numerosa.
1163 4976 1235 5031 At
1263 4979 1738 5037 cumChillleliana

134 5058 414 5128 pleraque
441 5074 507 5140 ex
533 5061 808 5117 codicibus
833 5062 1152 5123 Usuardinis
1180 5078 1403 5140 accepta
1435 5072 1739 5137 videantur,

134 5162 343 5204 eorum
377 5138 554 5219 potior
574 5151 754 5208 habita
783 5164 866 5210 est
896 5157 1050 5223 ratio,
1080 5162 1223 5215 unde
1271 5138 1359 5216 hic
1407 5162 1743 5234 singulorum

133 5242 375 5299 nomina
399 5259 802 5314 percurremus,
830 5264 899 5304 ne
918 5242 1047 5320 quid
1082 5252 1137 5306 in
1169 5261 1282 5309 toto
1313 5268 1477 5323 opere
1498 5264 1745 5312 recurrat

133 5333 297 5405 quod
327 5349 431 5389 non
463 5337 820 5421 undequaque
856 5341 1180 5411 explicatum
1208 5344 1298 5399 sit.
1330 5342 1429 5401 Hic
1480 5345 1667 5401 titulus
1709 5362 1739 5401 a

132 5424 530 5495 Papebrochio
562 5430 811 5486 omnibus
839 5432 1152 5504 praefigitur.

133 5584 415 5642 Extracta
439 5602 505 5641 ea:
533 5589 689 5643 variis
713 5588 1104 5662 Martyrologiis
1131 5610 1163 5647 a
1192 5593 1257 5648 R.
1286 5593 1350 5647 P.
1378 5592 1537 5651 Petro
1569 5595 1741 5653 Fran-

736 5661 874 5716 cisco
913 5661 1187 5735 Chiﬁletio.

217 5785 355 5843 256.
397 5785 481 5843 Ex
531 5792 685 5847 veteri
735 5796 1088 5867 manuscripto
1137 5796 1368 5855 Usuardi
1413 5801 1474 5858 S.
1505 5802 1736 5875 Rigaud,

1849 4605 2232 4671 nomenclatio,
2263 4621 2369 4677 qua
2398 4607 2562 4662 etiam
2586 4609 2640 4663 in
2661 4610 2936 4667 Auctariis
2966 4627 3096 4670 usus
3125 4628 3246 4670 sum
3269 4617 3436 4687 potis-

1848 4684 2065 4754 simum.
2098 4698 2200 4754 Tot
2225 4699 2371 4756 solus
2398 4701 2487 4757 hic
2521 4703 2694 4758 codex
2736 4704 3041 4763 additiones
3090 4684 3441 4782 habet‘quot

1847 4789 1901 4845 in
1933 4790 2283 4859 sequentibus
2313 4801 2546 4862 quatuor
2569 4795 2933 4866 reperiuntur.

1918 4880 2044 4936 266.
2089 4881 2172 4936 Ea:
2226 4881 2606 4955 Martyrologio
2650 4884 2980 4944 Balernensi.
3006 4889 3136 4946 Duae
3162 4891 3291 4950 sola:
3344 4909 3441 4963 an-

1845 4976 2215 5033 nuntiationes
2252 4988 2509 5035 extractae
2562 4989 2710 5047 sunt,
2758 4997 2880 5053 quae
2906 4983 3124 5041 aliunde
3162 4986 3217 5041 in
3243 4987 3442 5043 Aucta-

1849 5068 1947 5124 riis
1977 5068 2112 5124 satis
2159 5077 2319 5137 notae,
2354 5085 2421 5126 ex
2474 5071 2579 5127 hoc
2609 5073 2796 5130 codice
2822 5073 2980 5130 citari
3010 5090 3118 5131 non
3150 5078 3437 5133 mereban-

1848 5168 1957 5215 tur.

1852 5236 1855 5239 I
1917 5252 2045 5307 267.
2088 5251 2173 5308 Ea:
2198 5252 2578 5328 Martyrologio
2599 5257 2768 5313 sancti
2807 5255 3063 5313 Vincentii
3097 5256 3437 5313 Cabillonen-

1844 5344 1936 5397 sis.
1966 5342 2201 5399 Patriam
2231 5360 2387 5401 suam
2439 5346 2740 5404 clarissime
2767 5339 2991 5417 indicat,
3021 5364 3145 5404 nam
3181 5365 3437 5420 quincun-

1849 5452 1954 5507 que
1983 5437 2166 5505 habet,
2198 5438 2296 5495 loci
2331 5441 2497 5511 ipsius
2532 5443 2749 5513 propria
2795 5451 2940 5498 sunt.

1918 5531 2044 5587 268.
2082 5531 2164 5587 Ea;
2191 5532 2569 5605 Martyrologio
2617 5532 2867 5600 Usuardi,
2921 5534 3227 5589 monasterii
3266 5534 3435 5589 sancti

1847 5624 2070 5698 Benigni
2109 5627 2461 5683 Divionensis.
2496 5627 2639 5682 Idem
2669 5642 2861 5682 nomen
2886 5643 2952 5682 ex
2977 5626 3259 5698 ipsinsmet
3281 5624 3433 5681 Chil-

1848 5714 1978 5771 lletii
2013 5719 2379 5789 ntannscripto
2428 5734 2589 5790 supra
2641 5719 2924 5774 citaviutus
2977 5734 3126 5773 num.
3181 5717 3317 5784 245;
3350 5731 3437 5772 ve-

1849 5824 1969 5865 rum
1994 5818 2237 5864 extracta
2286 5825 2391 5865 non
2440 5811 2601 5882 plane
2626 5811 2977 5879 conveniunt,
3010 5826 3136 5867 nam
3176 5810 3230 5866 in
3265 5807 3433 5882 priori
