3936 6348
582 265 687 325 579

1483 257 1860 318 USUARDUS
1896 251 2274 314 MONACHUS
2313 252 2940 310 SANGERMANENSIS
2955 294 2968 308 .
3667 279 3738 336 580

577 339 799 432 nonnisi
845 386 961 440 sex,
1023 371 1076 427 in
1121 371 1227 428 hoc
1256 369 1696 426 annuntiationes
1733 363 1982 423 undecim
2020 381 2174 437 repe-
2200 371 2253 430 Α
2347 365 2474 420 275.
2524 366 2642 420 Erit
2691 356 2923 421 fortasse
2951 365 3042 436 qui
3089 381 3150 422 ex
3178 345 3351 430 citatis
3379 379 3652 447 prtefationis
3670 392 3738 448 hu.

583 454 818 522 riuntur.
847 465 955 521 Sed
982 464 1114 519 tanti
1151 479 1255 518 non
1286 471 1367 518 est
1395 477 1458 516 ea
1485 461 1873 532 discrepantia,
1909 467 1967 515 ut
1995 459 2083 514 hic
2119 458 2166 514 ei

583 558 936 631 explananda:
964 556 1166 611 diutius
1197 557 1563 610 immoremur.

651 651 790 707 269.
823 650 908 705 Ea:
950 648 1329 721 Martyrologio
1369 647 1668 703 Divionensi
1724 645 1959 702 ecclesia:
2000 647 2168 700 sancti

543 759 548 764 ‘
588 743 861 816 Stephani.
896 743 962 797 Et
984 743 1073 798 hic
1102 741 1269 796 codex
1299 755 1473 811 pauca
1499 739 1824 810 suppeditat.
1854 739 1998 793 Inter
2015 737 2170 792 addi-

586 835 762 892 tioncs
795 834 1060 900 undecim,
1083 833 1200 888 dua:
1223 831 1488 888 duntaxat
1509 831 1920 888 Divionensibus
1937 831 2170 902 propria:

587 928 948 1004 reperiuntur.

657 1021 779 1076 2'10.
823 1017 906 1074 Ea:
939 1016 1315 1090 Martyrologio
1329 1027 1620 1089 pervetusto
1646 1016 1912 1073 Bernensis
1941 1017 2170 1072 ecclesiw

583 1123 883 1170 sanctorum
935 1110 1192 1166 Timothei
1217 1111 1640 1182 etApollinaris.
1665 1109 1845 1166 Codex
1899 1111 1988 1166 hic
2017 1109 2173 1165 valde

585 1204 834 1275 copiosus
862 1212 966 1269 est,
1000 1202 1246 1274 pluribus
1297 1202 1578 1258 abundans
1609 1201 1868 1258 auctariis
1899 1217 2062 1272 quam
2092 1201 2170 1254 ul-

583 1293 668 1349 lus
705 1309 772 1348 ex
825 1292 1273 1364 praecedentibus.
1323 1291 1516 1348 Utrum
1539 1307 1668 1348 vere
1712 1291 2052 1349 Usuardinus
2077 1293 2170 1358 sit,

585 1403 690 1442 non
722 1385 1013 1458 explicavit
1040 1383 1367 1442 Cbililetius.

553 1485 558 1490 '
653 1477 780 1532 271.
817 1475 904 1532 Ea:
947 1475 1326 1548 Martyrologio
1353 1485 1550 1532 sancta:
1572 1474 1763 1530 Maria:
1789 1474 2078 1530 Belnensis.
2105 1475 2173 1530 Et

587 1569 688 1624 hoc
714 1584 843 1624 vere
870 1583 1067 1625 nomen
1091 1583 1246 1624 suum
1271 1567 1513 1639 praefert,
1542 1583 1665 1624 cum
1697 1582 1805 1622 non
1836 1567 2036 1622 habeat
2069 1567 2171 1623 nisi

581 1661 886 1718 Belnensia.
918 1661 1052 1718 Vide
1076 1661 1351 1732 egregium
1381 1660 1656 1732 specimen
1681 1676 1809 1716 xxvr
1839 1661 2059 1731 Aprilis.

2269 455 2360 527 jus
2411 457 2564 512 initio
2610 456 2852 512 Bollandi
2904 457 3085 513 verbis
3113 499 3128 524 ,
3185 473 3378 531 quzerat
3417 483 3502 524 cur
3545 475 3655 534 inter
3688 495 3738 542 ιοι

2277 549 2552 607 Usuardos
2584 552 2669 606 hic
2690 548 2804 620 jam
2837 549 3030 606 ordine
3055 555 3358 624 recensitos,
3389 558 3544 619 locum
3571 584 3650 625 non
3674 575 3736 629 In.

2273 641 2397 698 beat
2441 641 2724 714 Pragensis
2785 641 2874 698 ille
2915 656 3073 712 quem
3126 659 3242 700 cum
3287 645 3578 710 Bruxelleusi
3603 659 3738 721 ibidem

2272 737 2557 792 nominat?
2604 739 2790 792 Dicam
2839 737 3068 792 candide
3113 738 3308 796 nullum
3368 760 3444 800 me
3489 752 3734 818 peculiarem

2273 831 2511 887 codicem
2547 830 2879 904 Pragensem
2921 846 3100 887 nosse.
3147 831 3259 888 Non
3303 833 3540 894 diﬂitebor
3559 851 3737 905 tamenin

2274 933 2461 979 nostra
2495 923 3002 997 Martyrologiorum
3044 923 3370 995 collectione,
3399 928 3736 1010 Martyrologium

2273 1015 2492 1086 aliquod
2534 1015 2806 1087 Pragcnse
2835 1017 3082 1088 reperiri,
3124 1020 3264 1089 quod
3292 1025 3532 1094 preprium
3553 1025 3738 1099 Pragrnse

2274 1109 2488 1164 vocavit
2539 1109 2946 1175 llenschenius;
2996 1109 3156 1181 idque
3197 1112 3400 1179 merito,
3427 1130 3532 1170 cum
3557 1117 3738 1178 soloseos

2275 1201 2389 1256 dies
2414 1201 2610 1272 signet,
2639 1202 2836 1272 quibus
2860 1201 3049 1276 Pragze
3088 1202 3348 1262 festivitas
3390 1206 3549 1280 aliqua
3573 1211 3738 1270 celebra-

2276 1302 2384 1359 tur,
2428 1305 2648 1366 pr0pter
2689 1304 3000 1350 sanctorum
3057 1297 3304 1368 reliquias
3344 1315 3372 1354 a
3401 1299 3566 1356 Carolo
3593 1303 3644 1358 IV
3663 1304 3738 1361 Ce-

2274 1403 2415 1455 sare,
2447 1405 2639 1460 magno
2685 1405 2913 1445 numero
2964 1401 3281 1462 procuratas
3320 1408 3477 1464 eoque
3509 1395 3688 1454 collatas.
3704 1399 3739 1454 In

2277 1481 2648 1552 manuscripto
2687 1491 2876 1536 nostro
2931 1498 3092 1537 manu
3135 1483 3470 1553 Papebrochii
3512 1497 3678 1542 notatur
3698 1488 3735 1544 P.

2274 1569 2622 1626 Gamansium
2655 1572 2896 1628 codicem
2950 1572 3125 1643 ipsum
3165 1573 3563 1646 Pragensemad
3599 1575 3738 1633 Bollan-

2277 1661 2402 1716 dum
2451 1662 2579 1718 olim
2609 1664 2848 1730 misisse,
2879 1663 2973 1720 sed
3005 1667 3073 1720 ad
3103 1665 3300 1722 dictum
3323 1666 3517 1722 Patrem
3539 1669 3735 1724 remissum

656 1752 780 1808 272.
809 1751 895 1808 Ea:
917 1751 1297 1824 Martyrologio
1318 1752 1570 1807 Accincti.
1595 1749 1820 1808 Unicam
1843 1753 2008 1809 habet
2029 1769 2176 1808 com-
2206 1741 2254 1800 Β
2281 1768 2425 1809 anno
2451 1755 2607 1811 1681.
2637 1753 2903 1812 Caeterum
2948 1757 3080 1813 satis
3132 1757 3262 1812 mihi
3297 1764 3487 1812 certum
3514 1768 3596 1822 est,
3615 1759 3663 1814 de
3685 1760 3736 1813 tali

587 1845 1033 1902 memorationem
1058 1863 1073 1900 :
1101 1845 1168 1899 In
1197 1845 1462 1899 territorio
1516 1844 1814 1911 Bisuntino,
1854 1847 2172 1900 monasterio

584 1937 900 2006 Bellevallis,
924 1936 1200 1993 translatio
1230 1935 1288 1992 S.
1315 1935 1462 1992 Petri
1481 1937 1710 2008 episcopi
1727 1946 1777 1992 et
1815 1938 2128 2006 confessoris
2150 1955 2170 2004 ;

583 2032 654 2090 de
675 2049 782 2103 qua
809 2018 934 2088 vide
959 2045 1057 2088 vm
1080 2029 1227 2086 Maii.

695 2127 782 2182 7'5.
824 2124 1182 2181 Chililetianis
1209 2131 1484 2198 postremo
1506 2123 1610 2180 hoc
1640 2123 1760 2180 loco
1785 2123 2172 2195 superadditur

583 2225 887 2274 extractum
935 2233 1040 2273 non
1091 2216 1310 2272 maximi
1369 2217 1627 2272 momenti
1683 2234 1746 2272 ex
1791 2217 2170 2290 Martyrologia

587 2309 818 2365 Usuardi
863 2309 1324 2382 Abdingho/Tensis
1371 2309 1426 2364 in
1477 2307 1846 2380 Westphalia,
1896 2311 2040 2382 quod
2081 2312 2170 2366 vix

563 2402 845 2474 ‘pagellam
869 2401 1076 2472 implet.
1106 2400 1228 2456 Alia
1258 2416 1326 2458 ex
1360 2399 1552 2456 eodem
1586 2401 1774 2457 codice
1803 2401 2172 2475 adjunguntur

582 2509 702 2565 quae
723 2495 828 2550 huc
858 2510 961 2550 non
989 2493 1280 2566 pertinent.

808 2625 1024 2684 Codices
1049 2627 1144 2684 alii
1171 2629 1228 2682 in
1252 2627 1348 2682 hoc
1369 2645 1523 2700 opere
1558 2645 1660 2685 non
1688 2629 1932 2691 adhibiti.

649 2765 780 2824 274.
819 2763 1026 2823 Przeter
1073 2767 1286 2839 longam
1329 2765 1578 2823 codicum
1623 2766 2055 2824 Usuardinorum
2081 2781 2171 2823 se-

576 2860 738 2926 riem,
767 2859 900 2918 satis
946 2861 1064 2917 fuse
1105 2861 1388 2931 hucusque
1437 2861 1790 2931 descriptam,
1848 2860 1952 2916 alia
2001 2875 2169 2931 penes

563 2968 682 3010 ‘nos
710 2951 1079 3026 manuscripta
1124 2959 1273 3019 sunt,
1309 2967 1430 3024 quae
1476 2967 1766 3007 numerum
1796 2967 1996 3024 augere
2017 2961 2170 3024 pote-

581 3053 726 3114 rant,
763 3046 869 3102 nisi
895 3054 1041 3101 tanta
1081 3045 1310 3100 aliorum
1337 3043 1490 3115 cepia
1525 3043 1738 3100 fuisset.
1778 3044 2052 3100 Habemus
2071 3061 2167 3100 co-

582 3140 758 3196 dicem
785 3139 1014 3195 alterum
1047 3135 1456 3206 Ultrajectinum
1479 3135 1710 3191 ecclesia:
1740 3147 1937 3192 sanctrc
1977 3137 2168 3194 Maria:
2195 3111 2240 3174 Ο

568 3233 992 3299 οεαηοηίεονυηι,
1037 3247 1203 3288 manu
1240 3230 1478 3302 Belgica,
1513 3229 1568 3284 in
1620 3228 1773 3296 folio,
1801 3229 1889 3284 cui
1919 3231 2171 3302 ascripsit

577 3327 708 3384 olim
750 3324 1086 3397 Rosweydus
1123 3339 1228 3379 non
1264 3337 1373 3378 esse
1408 3320 1716 3376 Usuardum
1737 3338 1756 3388 ;
1789 3329 1969 3388 recte,
2008 3323 2055 3378 si
2102 3322 2170 3376 de

577 3433 717 3492 puro
764 3416 1056 3483 intellexit,
1095 3423 1154 3470 at
1193 3429 1262 3470 ex
1291 3412 1542 3470 Usuardo
1585 3420 1640 3469 et
1669 3413 1792 3469 aliis
1819 3415 2170 3485 compilatum

581 3511 748 3568 luisse
768 3510 952 3568 statim
973 3507 1290 3581 perspiciet,
1307 3507 1403 3577 qui
1425 3505 1730 3562 Usuardum
1756 3507 1991 3562 noverit.
2025 3506 2173 3563 Citat

583 3605 846 3670 Molanus,
889 3601 1222 3674 przefationis
1248 3615 1372 3670 cap.
1418 3598 1508 3664 15,
1538 3595 1842 3652 Usuardum
1870 3597 2170 3654 Guilielmi-

581 3709 758 3756 tarum
781 3694 1158 3767 Brugensium,
1204 3707 1312 3762 quo
1345 3691 1398 3745 in
1424 3705 1521 3746 sua
1547 3689 1784 3745 editione
1812 3705 1941 3746 usus
1965 3691 2054 3745 sit.
2083 3691 2170 3744 ln-

583 3790 743 3846 venio
759 3787 1060 3858 descriptos
1083 3783 1208 3840 inde
1232 3797 1448 3838 menses
1483 3781 1637 3846 duos,
1655 3795 1723 3834 ex
1746 3782 1940 3851 quibus
1954 3782 2168 3853 colligo,

587 3883 816 3940 multum
846 3878 1138 3936 convenire
1183 3891 1309 3930 cum
1351 3873 1612 3929 Usuardis
1655 3874 1850 3928 nostris
1880 3873 2172 3946 Leydensi-

545 4034 552 4040 ,
586 3973 710 4036 bus,
731 3968 1036 4042 praesertim
1070 3983 1195 4023 cum
1232 3965 1476 4036 Belgico,
1509 3964 1648 4019 unde
1668 3973 1724 4020 et
1749 3981 1872 4020 cum
1913 3967 2046 4036 ipsis
2073 3982 2170 4022 co-

589 4063 821 4126 dicibus,
873 4058 1118 4131 praedicti
1159 4058 1266 4113 duo
1315 4071 1532 4112 menses
1575 4059 1838 4128 compacti
1887 4068 2032 4114 sunt.
2078 4059 2174 4114 Est

587 4155 718 4212 item
740 4153 909 4208 codex
941 4151 1079 4206 alius
1126 4164 1347 4221 parvus,
1388 4164 1548 4204 manu
1591 4151 1879 4206 recentiori
1909 4153 2168 4222 scriptus,

585 4263 746 4320 quem
792 4244 1116 4316 simpliciter
1167 4242 1487 4322 Brugettsem
1530 4258 1808 4310 vocamus,
1861 4244 2028 4299 semel
2079 4255 2173 4300 aut

580 4342 808 4405 iterum,
857 4338 910 4394 ni
936 4335 1113 4402 fallor,
1146 4353 1175 4390 a
1203 4337 1358 4391 nobis
1399 4336 1616 4404 citatus,
1647 4339 1739 4394 sed
1777 4339 2006 4394 subinde
2035 4338 2173 4408 reje-

2277 1845 2659 1920 Martyrologio
2706 1847 3024 1904 Bollandum
3067 1849 3122 1904 in
3171 1849 3470 1920 praefatione
3493 1849 3736 1922 generalib-

2273 1949 2455 1991 cutum
2511 1953 2615 1991 non
2659 1953 2799 1993 esse.
2849 1937 3030 1993 Malim
3073 1939 3296 1995 credere
3325 1939 3586 2011 Pragenscs
3615 1939 3738 1995 Patres

2273 2037 2508 2096 nostros,
2545 2029 2777 2086 Usnardi
2825 2031 3011 2086 Danici
3061 2032 3192 2087 olim
3233 2047 3558 2103 possessores,
3577 2041 3738 2087 extracta

2274 2121 2453 2192 aliqua
2484 2130 2539 2176 et
2582 2121 2876 2191 specimina
2908 2123 2976 2178 ad
3020 2123 3335 2179 Bollandum
3371 2124 3571 2189 misisse,
3594 2139 3642 2178 ex
3665 2124 3736 2194 qui-

2259 2213 2372 2268 'hus
2393 2213 2508 2283 ipse
2534 2214 2788 2270 facillime
2828 2216 3076 2287 judicare
3107 2217 3362 2288 potuerit,
3388 2215 3649 2287 ampliﬁcata
3665 2232 3740 2270 sau-

2273 2314 2475 2358 ctorum
2502 2304 2692 2376 elogia,
2716 2315 2764 2360 et
2791 2306 3020 2376 plurima
3047 2310 3262 2364 nomina
3291 2309 3518 2378 ascripta.
3549 2305 3594 2363 Si
3612 2319 3738 2380 prater

2253 2397 2400 2464 'hoc,
2444 2397 2587 2453 aliud
2619 2397 2898 2471 Pragense
2944 2399 3382 2474 Martyrologium
3427 2411 3510 2456 aut
3530 2401 3658 2462 vidit,
3684 2410 3739 2454 aut

2273 2489 2372 2546 sibi
2399 2491 2800 2547 commodatum
2843 2491 3049 2559 habuit,
3105 2502 3312 2548 certum
3344 2501 3422 2549 est
3457 2493 3502 2546 in
3523 2491 3660 2546 Musca
3678 2505 3736 2544 uo-

2273 2591 2388 2638 stro
2417 2583 2575 2638 hodie
2605 2599 2710 2638 non
2737 2593 2975 2640 exstare.
3003 2583 3158 2652 Quod
3191 2585 3236 2641 si
3266 2583 3483 2640 fortasse
3505 2581 3738 2640 lectorcotli-

2273 2690 2365 2730 ces
2410 2675 2548 2731 alios
2577 2676 2678 2731 sub
2714 2675 2945 2732 Usuardi
2983 2678 3206 2733 nomine
3232 2678 3284 2732 in
3307 2676 3448 2732 Actis
3474 2675 3628 2731 citatos
3645 2686 3739 2742 repe-

2275 2769 2400 2833 riat,
2429 2771 2741 2827 meminerit
2770 2771 3128 2839 incompletos
3157 2787 3299 2838 esse,
3347 2781 3435 2827 aut
3473 2777 3662 2825 extracta
3681 2766 3738 2820 ali-

2275 2877 2380 2932 qua
2407 2863 2476 2918 ad
2516 2863 2754 2933 majores
2783 2873 3006 2922 nostros
3028 2865 3199 2922 fuisse
3224 2863 3536 2928 transmissa,
3571 2857 3740 2916 sicutide

2276 2954 2700 3028 Hieronymiano
2737 2956 3103 3012 Tamlactensi
3135 2957 3366 3012 diximus
3398 2949 3742 3026 prmiationishn-

2269 3048 2358 3120 jus
2380 3065 2530 3104 num.
2555 3049 2646 3106 25.

2800 3139 3202 3198 ARTICULUS
3267 3137 3350 3194 Vl.

2557 3231 2822 3289 Editiom’s
2863 3235 3024 3305 hujus
3055 3235 3214 3305 ﬁdes,
3245 3233 3400 3296 ratio,
3423 3231 3554 3286 ordo.

2341 3328 2466 3384 276.
2495 3329 2647 3397 Quod
2669 3328 3002 3400 praelationis
3015 3327 3180 3398 hujus
3193 3326 3450 3400 principio
3469 3330 3647 3393 testatus
3659 3333 3746 3380 sonu

2273 3437 2462 3476 secure
2506 3421 2684 3476 denuo
2711 3420 2812 3475 sub
2841 3422 3002 3476 tinem
3041 3421 3222 3476 audeo
3252 3431 3504 3480 asserere,
3541 3429 3608 3470 me
3625 3413 3662 3465 in
3681 3415 3745 3462 tota

2272 3515 2376 3570 hac
2397 3530 2533 3569 nova
2570 3515 2885 3570 recensione
2916 3515 2968 3568 id
3016 3515 3256 3569 maxime
3285 3511 3520 3566 habuisse
3538 3523 3623 3578 pra:
3637 3499 3746 3557 oculis

2275 3618 2354 3672 ut,
2383 3614 2584 3677 praeter
2599 3605 3106 3678 Marlyrologiorum
3141 3604 3517 3678 genealogiam,
3539 3595 3747 3656 Usuanlum

2275 3698 2623 3770 purissimum
2665 3709 2720 3751 et
2775 3697 3209 3752 sincerissimum
3263 3695 3568 3770 proferrem;
3601 3691 3642 3744 in
3669 3697 3748 3754 quo:

2271 3790 2608 3844 ‘contidcnter
2633 3789 2830 3854 dicam,
2887 3788 3019 3843 nihil
3065 3804 3269 3859 Operae,
3319 3785 3446 3842 nihil
3473 3771 3749 3842 Iaboris,ni|til

2275 3881 2566 3951 diligentiae
2601 3895 2628 3934 a
2665 3895 2750 3934 me
2787 3881 3217 3950 praetermissum
3262 3878 3444 3934 fuisse.
3491 3874 3650 3930 Fontes
3671 3863 3752 3919 assi-

2275 3974 2433 4045 gnavi
2457 3974 2530 4028 ita
2553 3982 2872 4044 repurgatos
2901 3981 2958 4028 et
2986 3974 3299 4039 mundatos,
3328 3981 3386 4027 ut
3417 3967 3647 4040 limpidam
3667 3957 3753 4011 reri-

2278 4073 2441 4120 tatem
2469 4080 2535 4120 ex
2565 4066 2630 4119 iis
2659 4065 2907 4120 haustam
2930 4065 3242 4122 existimem
3266 4082 3281 4130 ;
3319 4073 3474 4136 atque
3492 4059 3603 4114 adeo
3628 4054 3753 4110 tutae!

2275 4160 2478 4230 absque
2508 4158 2668 4214 ullius
2700 4158 2904 4214 invidia
2931 4157 3185 4215 Usuardo
3214 4159 3339 4214 huic
3371 4154 3608 4226 applicare
3623 4143 3754 4219 possim

2273 4252 2416 4322 quod
2439 4251 2680 4322 pontiﬁci
2704 4251 2873 4306 Paulo
2897 4250 3030 4307 Vde
3053 4269 3152 4308 suo
3174 4254 3363 4308 Adone
3391 4242 3675 4306 asseverabat
3689 4235 3756 4290 llo.

2250 4344 2526 4415 _swcydus
2555 4362 2566 4397 :
2599 4363 2616 4396 ι
2650 4343 2724 4398 Ea
2755 4343 2859 4398 lidc
2881 4359 3121 4415 curaque
3151 4341 3493 4405 reccnsitnm,’
3511 4332 3756 4393 utaliirmm

581 4442 722 4497 ctus,
747 4429 890 4502 quod
931 4431 1000 4484 ab
1029 4428 1278 4485 Usuardo
1314 4427 1476 4482 nimis
1517 4443 1659 4498 sche
1703 4429 2032 4485 deﬂecteret.
2061 4419 2169 4484 Ad-
2198 4471 2251 4530 Β
2277 4451 2384 4490 non
2413 4451 2607 4491 verear
2630 4477 2644 4500 ,
2677 4451 2863 4508 parum
2890 4452 2920 4490 ιι
2948 4436 3160 4492 calamo
3191 4445 3473 4506 menteque
3495 4423 3682 4485 auctoris
3697 4415 3756 4472 ab-

579 4523 748 4597 jungo
793 4522 878 4577 his
920 4521 1165 4576 codicem
1215 4519 1380 4574 alium
1437 4519 1760 4586 minimum,
1819 4521 1970 4576 corio
2017 4521 2172 4592 nigro

584 4621 922 4686 coopertum,
977 4613 1070 4682 qui
1122 4610 1235 4666 fere
1291 4610 1629 4666 Usuardinus
1681 4611 1786 4666 dici
1829 4622 2032 4682 posset,
2067 4613 2170 4668 nisi

581 4711 808 4766 nimium
835 4706 1062 4776 etqnasi
1114 4705 1298 4760 studio
1347 4714 1659 4760 contractus
1705 4714 1868 4760 esset.
1921 4705 2173 4760 Cilantur

582 4806 636 4860 in
671 4801 824 4857 Actis
869 4816 974 4855 non
1018 4814 1143 4854 raro
1172 4797 1484 4852 Additiones
1512 4801 1887 4870 manuscriptw
1907 4797 2170 4854 Cartusite

579 4877 963 4956 Bruxeliensis,
993 4890 1091 4946 sed
1119 4891 1204 4944 hte
1246 4879 1382 4944 nihil
1413 4890 1479 4944 ad
1507 4889 1836 4957 Usuardum,
1861 4906 1984 4946 cum
2017 4905 2167 4946 mera

580 4991 870 5056 augmenta
923 4982 1050 5044 sint,
1107 4980 1332 5035 editioni
1381 4979 1737 5036 Greveniana:
1791 4983 2164 5051 superaddita.

576 5074 818 5134 Contulit
856 5071 1261 5144 Papehrochius
1297 5071 1589 5126 editionem
1635 5071 2169 5130 Lubcco-Colonicn-

579 5183 715 5232 sem,
747 5182 872 5222 cum
899 5165 1084 5220 codice
1125 5164 1308 5233 aliquo
1359 5163 1588 5219 abbatiae
1635 5164 2170 5225 Praemonstratensis

577 5258 636 5318 S.
670 5249 945 5315 Hichaizlis
991 5255 1314 5328 Antuerpite,
1351 5269 1538 5310 verum
1569 5266 1623 5312 et
1670 5256 1721 5310 in
1753 5273 1818 5312 eo
1863 5257 2169 5316 additiones

577 5361 706 5410 sunt
753 5349 1121 5408 additionibus
1167 5347 1579 5419 superadjectw.
1629 5347 1856 5405 Demum
1905 5350 1958 5404 in
2014 5350 2165 5406 Actis

578 5447 891 5517 frequenter
925 5443 1160 5500 recurrit
1209 5439 1517 5496 Florarium
1555 5440 1904 5510 Sanctorum,
1949 5445 2002 5498 in
2057 5460 2166 5515 quo

578 5537 886 5595 Usuardina
937 5536 1120 5592 multis
1163 5535 1286 5590 aliis
1341 5534 1578 5590 immista
1633 5545 1779 5590 sunt.
1815 5534 2167 5592 Suﬂiciohant

581 5630 712 5685 mihi
734 5629 949 5686 codices
973 5629 1100 5701 'jam
1129 5627 1454 5692 enumerati,
1489 5627 1730 5698 quotidie
1775 5629 2080 5696 evolvendi,
2105 5639 2163 5685 ut

578 5721 736 5780 facile
765 5722 1002 5794 reliquos
1025 5735 1217 5779 omnes
1237 5720 1471 5776 intactos
1498 5719 1882 5790 relinquerem.

2279 4543 2420 4583 esse.
2477 4527 2742 4582 Intererat
2787 4525 3030 4599 profecto
3076 4529 3386 4599 reipublicae
3423 4519 3760 4582 Christiane,“

2277 4621 2406 4690 quid
2459 4620 2636 4690 magni
2670 4617 2768 4674 viri
2825 4619 2982 4674 titulo
3013 4619 3310 4692 legeretur,
3359 4615 3495 4687 quod
3538 4607 3669 4680 ipsius
3691 4609 3758 4653 non

2274 4721 2437 4776 esset,
2475 4711 2693 4781 nequid
2725 4719 3043 4782 corruptum
3075 4712 3194 4784 ejus
3236 4710 3452 4766 nomine
3471 4695 3758 4762 circumich

2278 4809 2386 4868 tur,
2417 4803 2590 4858 aliena
2622 4802 2871 4858 adsntum
2917 4819 3112 4870 manu;
3146 4819 3216 4858 ne
3248 4803 3346 4858 viri
3371 4796 3761 4856 auctoritatem”-

2275 4902 2400 4948 cuta
2440 4894 2754 4964 posteritas,
2784 4895 2988 4951 erroris
3033 4895 3580 4954 funiculosnecteret;
3606 4899 3658 4941 ηο
3677 4891 3764 4950 ιιυο·

2273 4995 2380 5055 que
2407 4983 2660 5042 Usuaaoo
2689 4976 2985 5058 quidquam
3035 4989 3442 5060 ahjudicaretur
3463 5004 3476 5052 ;
3501 4981 3576 5039 cui
3595 4967 3764 5034 certissi-

2276 5093 2420 5132 mum
2473 5079 2541 5134 ab
2578 5081 2818 5134 unanimi
2867 5082 3114 5136 codicum
3178 5082 3438 5154 sull'ragio
3485 5066 3766 5134 testimonium

2272 5179 2433 5226 esset.
2470 5191 2488 5222 ι
2520 5169 2598 5226 Ne
2628 5187 2758 5227 vero
2791 5173 2944 5244 plura
2975 5173 3030 5228 in
3073 5169 3216 5231 hanc
3257 5190 3372 5230 rem
3418 5170 3684 5243 argumenta
3707 5169 3766 5210 c0-

2273 5265 2596 5332 acervando,
2630 5261 2999 5338 prwl‘ationem
3017 5267 3128 5338 jam
3162 5268 3320 5332 satis,
3351 5266 3484 5322 forte
3505 5258 3641 5318 nimis
3662 5246 3768 5306 didu-

2275 5371 2412 5420 sam,
2451 5355 2678 5412 ulterius
2725 5357 3066 5426 protraham,
3109 5357 3306 5414 asserti
3338 5356 3441 5411 mei
3481 5347 3766 5410 sinceritalcm

2273 5463 2371 5516 per
2421 5447 2666 5519 singulos
2693 5449 2812 5504 dies
2843 5450 3160 5520 perspiciet,
3186 5449 3280 5519 qui
3318 5442 3692 5504 Observationes
3706 5442 3768 5485 ιιο·

2271 5550 2415 5596 stras
2438 5542 2722 5598 consulere
2741 5543 3066 5615 dignabitur.

2341 5635 2465 5688 277.
2509 5635 2585 5691 De
2616 5637 2798 5706 operis
2824 5637 2952 5691 item
2977 5637 3190 5694 ratione
3209 5644 3269 5692 et
3303 5635 3488 5692 ordine
3520 5617 3769 5702 paucissima

2271 5725 2497 5782 dicenda
2531 5736 2838 5798 supersunt.
2883 5729 2938 5783 In
2987 5727 3163 5786 fronte
3211 5728 3468 5799 cujusque
3488 5721 3581 5778 diei
3615 5711 3772 5787 Ροηίὲυτ
