3936 6348
228 326 338 387 881

1599 313 2137 371 PROLEGOMENA.

3407 313 3608 407 εδει,

230 450 421 500 textus
445 440 560 510 ipse
601 436 957 503 Usuardinus,
989 451 1054 493 ex
1090 435 1485 508 praecipuorum
1510 475 1526 501 ,
1565 434 1674 490 imo
1714 448 1826 486 om-
1852 437 1903 497 Α
1930 436 2148 503 mentis,
2179 452 2273 493 seu
2292 434 2532 505 excusis,
2556 452 2649 496 seu
2677 437 2819 508 apud
2850 452 2949 493 nos
2976 437 3364 509 manuscriptis
3384 438 3511 492 bre-

232 534 388 589 nium
420 532 666 586 codicum
717 529 1004 585 collatione
1048 530 1303 593 eductus;
1353 542 1605 598 quorum,
1643 526 1733 595 qui
1760 541 1827 580 eo

234 626 326 681 die
352 624 470 694 puri
502 623 703 693 reperti
735 630 877 684 sunt,
904 622 1124 676 numina
1164 621 1359 676 minori
1383 622 1699 676 charactere
1726 619 1829 675 Ita-

234 717 345 772 lico
374 714 753 795 subjiciuntur,
807 723 1061 787 tanquam
1099 713 1364 784 prtemissi
1390 722 1585 769 .textus
1623 712 1828 773 Usuar-

234 808 350 865 dini
374 807 643 878 probatio.
670 805 725 860 Si
757 807 972 876 quando
1000 807 1179 860 nullus
1205 805 1374 861 codex
1408 805 1621 876 integre
1658 821 1827 877 purus

231 908 293 953 et
317 899 541 968 simplex
568 897 752 961 fuerit,
793 898 1055 951 attexitur
1095 896 1590 961 dissertatiuncula,
1610 911 1728 967 qua
1759 896 1827 951 de

237 998 422 1048 textus
443 984 788 1060 simpliCitate
826 989 998 1043 lector
1028 988 1241 1043 abunde
1275 989 1588 1044 edoceatur.
1622 989 1699 1045 Eo
1732 1003 1828 1061 att-

235 1091 348 1136 tem
402 1096 467 1135 ex
505 1080 911 1150 probatioribns
957 1079 1236 1135 codicibus
1269 1090 1591 1150 expurgato,
1624 1091 1824 1136 ctetera

232 1172 419 1226 omnia
462 1185 582 1241 qua:
627 1170 874 1226 Usuardo
904 1168 1258 1237 abjudicanda
1285 1186 1590 1236 censemus,
1617 1172 1670 1226 in
1701 1188 1828 1228 eum

231 1262 526 1335 elenchum
552 1261 749 1330 rejecta
774 1268 924 1325 sunt,
949 1275 1107 1331 quem
1133 1261 1391 1317 Auctaria
1416 1264 1824 1335 appellavimus.

231 1357 429 1420 Porro,
456 1356 640 1426 operis
667 1355 878 1419 ordine,
924 1355 1173 1424 sequitur
1195 1356 1502 1425 manipulus
1532 1356 1823 1414 lectionum

231 1445 588 1511 variantinm,
630 1445 683 1499 in
713 1442 990 1500 codicibus
1039 1444 1383 1514 Usuardinis,
1429 1462 1528 1518 pro
1570 1462 1635 1502 eo
1678 1457 1825 1503 textu

232 1537 419 1602 citatis
467 1535 871 1593 occurrentium
898 1576 915 1602 ,
964 1535 1051 1591 ubi
1101 1536 1145 1591 si
1181 1536 1323 1594 forte
1366 1539 1607 1594 minutiae
1635 1539 1824 1596 obser—

234 1641 433 1689 ventur
455 1631 713 1687 momenti
742 1632 1044 1702 perexigui,
1075 1634 1386 1689 meminerit
1425 1634 1598 1690 lector
1627 1652 1712 1691 me
1739 1638 1828 1694 hic
1874 1619 1881 1627 ’

230 1723 479 1777 omnium
518 1721 767 1795 gustibus
819 1722 1097 1778 deservire
1143 1724 1394 1779 debuisse
1419 1766 1432 1790 ,
1489 1725 1733 1797 adeoque
1773 1735 1827 1782 et

1929 530 2071 584 viter
2120 530 2398 597 discussis,
2427 530 2758 586 intricatiora
2796 531 3287 586 controversiarum
3332 531 3523 601 capita

1932 622 1998 678 ad
2032 623 2206 694 majus
2242 639 2376 695 opus
2406 624 2800 679 remiserimus.
2846 624 2943 680 llic
2989 638 3375 694 nonnunquam
3416 639 3514 677 au-

1930 722 2111 769 ctores
2136 714 2321 779 citavi,
2354 715 2583 769 necdum
2625 716 2758 769 satis
2796 713 3085 787 diligenter
3124 730 3155 769 a
3192 730 3278 770 me
3307 716 3513 771 exami-

1932 812 2108 870 natos,
2160 813 2320 875 atque
2351 804 2491 859 inter
2522 821 2613 859 eos
2655 804 2980 875 praecipuum
3005 804 3384 861 Sebastianum
3415 806 3513 861 Le-

1932 897 2147 951 nainde
2184 896 2490 961 Tillemont,
2539 898 2589 950 in
2639 895 3059 951 laboriosissimo
3102 912 3267 967 opere
3306 896 3514 952 Gallico

1930 990 2031 1051 sub
2046 990 2211 1057 ,tilulo
2241 988 2765 1044 Commentariorum
2790 989 2856 1042 ad
2887 988 3168 1043 historiam
3195 988 3517 1044 ecclesiasti-

1932 1100 2071 1150 cam,
2132 1084 2184 1138 in
2229 1083 2497 1137 sexdecim
2544 1082 2810 1137 volumina
2864 1082 3151 1137 distributo
3179 1122 3194 1148 ,
3246 1097 3408 1152 quem
3456 1091 3515 1137 et

1933 1176 2067 1230 alios
2119 1189 2468 1244 quoscunque
2526 1175 2578 1228 in
2638 1174 2885 1229 eamdem
2934 1189 3049 1228 rem
3107 1174 3181 1228 ita
3214 1174 3512 1244 appellatos

1932 1267 2084 1332 volo,
2126 1274 2184 1319 ut
2229 1280 2418 1320 eorum
2472 1266 2781 1322 auctoritati
2830 1280 2931 1321 nec
2968 1265 3139 1339 hilum
3180 1265 3438 1331 tribuam,
3465 1266 3513 1321 si

1930 1375 2055 1415 cum
2109 1357 2364 1411 Romamn
2412 1357 2668 1413 Ecclesiae
2707 1372 2972 1413 consensu
3017 1366 3071 1412 et
3121 1358 3510 1429 approbatione

1933 1466 2041 1505 non
2069 1450 2215 1504 onmi
2244 1466 2308 1505 ex
2336 1457 2489 1520 parte
2507 1447 2814 1505 conveniat.

1998 1538 2123 1596 280.
2178 1526 2596 1595 Haec‘lectorem
2644 1538 2918 1594 eruditum
2968 1539 3348 1611 promonuisse
3394 1532 3513 1610 plus

1928 1648 2093 1704 quam
2120 1633 2253 1688 satis
2281 1641 2400 1697 est;
2430 1632 2572 1700 quod
2607 1632 2765 1687 unice
2792 1632 3087 1701 quaerimus
3121 1650 3135 1685 :
3164 1648 3288 1687 nam
3321 1634 3513 1689 harum

1929 1743 2113 1784 rerum
2143 1726 2407 1797 imperitis
2449 1726 2570 1781 talis
2598 1741 2873 1796 nunquam
2910 1710 3381 1782 monumentorum
3409 1742 3513 1781 no-

227 1804 470 1905 inorosis
500 1817 825 1888 antiquariis
853 1833 958 1873 non
988 1815 1123 1873 nihil
1153 1819 1411 1875 tribucre.
1446 1819 1554 1875 Hos
1579 1796 1705 1876 vero
1730 1820 1819 1892 qui
1861 1796 1904 1855 Β
1931 1826 2169 1874 strorum
2200 1796 2490 1887 explicatio
2538 1816 2778 1882 dabitur,
2804 1831 2923 1887 qua:
2948 1816 3013 1870 ad
3045 1817 3286 1877 omnium
3314 1816 3512 1873 intelli-

230 1910 470 1975 noverit,
502 1911 605 1968 scit
629 1926 752 1966 cum
797 1910 863 1966 iis
905 1925 965 1966 se
999 1911 1231 1981 ingeniis
1267 1912 1590 1976 conﬂictari.
1625 1915 1823 1984 quibus

229 2000 513 2073 religionis
556 2010 640 2057 est
673 2001 759 2056 vel
803 2000 1086 2059 minimqu
1120 2002 1329 2071 apicem
1377 2003 1429 2057 in
1472 2004 1625 2060 hisce
1664 2007 1825 2061 rebus

226 2092 530 2166 negligere.
558 2092 659 2158 Qui
698 2092 967 2148 similibus
1010 2108 1115 2147 non
1150 2091 1510 2156 delectantur.
1545 2105 1736 2151 auctor
1760 2096 1826 2151 iis

230 2195 435 2251 suntut
466 2186 532 2240 de
562 2185 910 2241 Variantibus
939 2185 1073 2240 nihil
1097 2186 1334 2252 solliciti,
1380 2188 1447 2243 ad
1473 2186 1824 2246 Observatio-

230 2292 332 2332 nes
360 2285 661 2343 transeant,
690 2276 763 2332 ibi
800 2277 1065 2348 teperturi
1107 2293 1441 2349 quaecumque
1478 2281 1546 2335 ad
1580 2283 1823 2337 auctaria

179 2393 190 2408 -
232 2366 407 2445 nostri
436 2370 853 2425 illustrationcm
885 2369 1189 2425 conducere
1225 2386 1385 2442 posse
1416 2373 1748 2428 censuimus.

309 2460 436 2519 278.
473 2462 653 2518 Prima
691 2480 819 2518 cura
866 2461 973 2521 fuit
1025 2458 1203 2518 textus
1248 2461 1536 2520 Usuardini
1582 2467 1822 2537 genesim

235 2568 434 2610 eruere
467 2562 522 2610 ct
552 2554 867 2625 explanare,
915 2563 973 2608 ut
1019 2554 1252 2610 lectores
1301 2556 1541 2624 quotidie
1566 2556 1821 2622 habeant,

234 2652 400 2718 quam
436 2654 598 2718 Supra
632 2648 895 2713 dicebam,
944 2646 1173 2703 Usuardi
1221 2664 1343 2704 cum
1370 2660 1542 2719 patre.
1587 2662 1708 2717 avo,
1741 2652 1823 2707 vel

222 2731 357 2809 favis
376 2749 431 2796 et
452 2738 658 2805 abavis,
685 2740 933 2811 cognatis
962 2746 1019 2794 et
1065 2739 1314 2801 aliinibus
1360 2740 1822 2811 conjunctioncm,

224 2847 305 2890 eo
364 2832 525 2904 plane
572 2832 732 2889 modo
776 2847 937 2902 quem
978 2848 1140 2902 supra
1190 2834 1506 2903 praefatione
1563 2837 1828 2907 principio

231 2932 631 2995 reprtesentare
679 2934 907 2981 conatus
957 2938 1096 2978 sum.
1153 2923 1361 2979 Przeter
1412 2924 1822 2998 Martyrologos,

220 3017 304 3093 .ad
337 3016 811 3071 demonstrandam
839 3015 1014 3071 cultus
1044 3024 1354 3072 sanctorum
1388 3017 1823 3084 diuturnitatem,

224 3124 345 3173 non
372 3109 542 3173 semel
567 3109 764 3164 adduxi
796 3111 1015 3178 antiqua
1056 3108 1401 3173 Kalendaria,
1434 3126 1608 3181 eaque
1642 3113 1828 3182 prasci-

224 3200 481 3273 Apuzehoc
517 3209 759 3271 tempore
805 3201 951 3256 inter
985 3202 1229 3255 eruditos
1269 3203 1631 3268 auctoritatis,
1666 3212 1832 3259 utest
1859 3200 1903 3223 “

233 3293 652 3349 celeberrimum
679 3293 809 3348 illud
850 3301 905 3348 ct
931 3293 1377 3361 vetustissinmm,
1408 3296 1640 3366 primum
1674 3312 1703 3350 a
1729 3298 1833 3351 Bu-

218 3384 426 3443 eherio
455 3385 755 3456 vulgatum,
790 3385 843 3438 in
878 3386 1274 3441 commentario
1314 3386 1381 3440 ad
1412 3386 1636 3441 Victorii
1671 3386 1834 3459 Aqui-

236 3478 352 3533 tani
394 3476 670 3532 Canonem
711 3476 1031 3532 Paschalem
1066 3493 1097 3531 a
1134 3493 1255 3549 pag.
1289 3478 1418 3543 267,
1443 3488 1498 3534 et
1525 3481 1700 3535 denuo
1720 3480 1833 3536 edi-

236 3578 354 3624 tum
380 3586 408 3624 a
443 3570 728 3624 Rninartio
762 3570 903 3625 inter
931 3571 1143 3625 sincera
1193 3579 1249 3625 et
1283 3571 1484 3626 selecta
1529 3581 1831 3646 martyrum

234 3662 397 3722 Acta,
423 3662 475 3716 in
492 3659 1031 3717 editioucParisiensi
1062 3660 1188 3731 (qua
1212 3660 1324 3715 sola
1343 3677 1474 3717 usus
1497 3664 1683 3733 sum)a
1709 3678 1831 3734 pag.

236 3753 374 3815 692,
432 3753 483 3806 in
544 3751 831 3806 recentiori
880 3751 1407 3818 Amstclodameusi,
1460 3768 1490 3805 a
1530 3769 1653 3826 pag.
1694 3755 1829 3820 617;

234 3845 327 3900 cui
354 3846 405 3898 in
435 3855 664 3915 utraque
682 3843 785 3897 hac
807 3844 1049 3899 editione
1077 3843 1418 3916 subjuugitur
1445 3846 1834 3904 Kalendarium

236 3937 388 3992 aliud
429 3935 893 4004 Cartlmginense,
946 3936 1110 3990 etiam
1165 3938 1645 4008 antiquissimum,
1690 3941 1835 4011 quod

237 4027 451 4100 primus
482 4027 702 4096 reperit,
730 4025 929 4097 publici
944 4025 1087 4094 juris
1112 4026 1240 4082 fecit
1263 4029 1516 4099 notisque
1547 4030 1837 4088 illustravit

238 4118 492 4172 laudatus
520 4133 663 4189 saepe
707 4134 738 4172 a
779 4118 935 4173 nobis
960 4116 1200 4185 Mabilio,
1231 4121 1480 4177 Analect.
1518 4130 1665 4180 tonio
1694 4125 1779 4190 ΙΙΙ,
1803 4141 1834 4181 a

237 4228 367 4283 pag.
398 4211 524 4267 598.

352 4302 438 4357 79.
495 4302 615 4357 Alia
659 4302 766 4365 duo
808 4311 954 4370 sunt,
984 4303 1067 4357 vel
1095 4302 1237 4359 forte
1288 4304 1554 4360 editorum
1604 4305 1833 4362 duorum
1872 4304 1875 4307 ’

234 4396 632 4454 Kalendarinm
664 4397 831 4462 idem,
860 4398 1006 4467 quod
1033 4398 1267 4467 primum
1292 4398 1402 4454 Leo
1427 4398 1658 4454 Allatins
1683 4401 1831 4470 operi

1928 1910 2166 1981 gentiam
2193 1908 2440 1975 sntliciat.
2474 1908 2620 1963 Idem
2661 1907 2830 1965 ferme
2860 1908 3066 1964 dictum
3095 1909 3165 1964 sit
3189 1910 3255 1965 de
3286 1917 3395 1965 tota
3425 1926 3514 1965 or-

1928 1998 2263 2069 thographiae
2310 1999 2542 2061 ratione,
2578 2012 2700 2066 quae
2747 1997 2800 2051 in
2841 1997 2959 2066 ipso
3002 1997 3230 2057 Usnardi
3255 2007 3405 2054 textu
3444 2013 3514 2055 ex

1928 2090 2203 2145 codicibus
2253 2088 2422 2143 ferme
2467 2096 2678 2144 servata
2720 2095 2820 2150 est,
2873 2089 3172 2160 eademque
3223 2091 3423 2160 passim
3455 2091 3509 2145 in

1926 2183 2203 2239 Auctariis
2243 2181 2504 2247 adhibita,
2536 2181 2617 2239 sic
2657 2190 2716 2238 ut
2764 2197 2925 2257 nemo
2959 2181 3156 2239 oll‘eudi
3199 2183 3390 2239 debeat
3417 2182 3514 2243 aut

1924 2276 2117 2345 possit,
2141 2276 2185 2330 si
2215 2273 2444 2345 plurima
2477 2287 2757 2342 perperam
2785 2274 2986 2344 scripta
3015 2274 3276 2338 inveniat,
3308 2284 3419 2331 tum
3445 2276 3498 2330 in

1922 2365 2092 2420 rebus
2122 2364 2273 2435 ipsis,
2310 2373 2422 2418 tum
2466 2365 2520 2418 in
2560 2365 2870 2420 nominibus
2911 2366 3163 2437 propriis.
3194 2365 3287 2422 Sic
3312 2368 3513 2438 passim

1928 2459 2184 2515 scribitur
2214 2459 2267 2513 in
2322 2467 2467 2515 textu
2512 2458 2806 2530 presbitert',
2852 2468 2982 2525 etc.,
3028 2458 3276 2525 Dionisii,
3322 2460 3513 2515 Hiero;

1929 2551 2077 2614 m'un',
2098 2549 2485 2615 Ilierosolimis,
2520 2558 2624 2605 etc.
2652 2567 2667 2615 ;
2700 2564 2932 2619 quorum
2951 2550 3195 2607 omnium
3223 2551 3359 2606 ratio
3395 2550 3518 2605 red-

1929 2642 2094 2705 ditur,
2124 2642 2179 2696 in
2213 2657 2277 2696 eo
2306 2656 2467 2712 quem
2487 2642 2870 2712 distinguimus
2885 2642 3136 2705 articulo,
3172 2644 3271 2698 sub
3294 2644 3516 2701 nomine

1946 2732 2116 2789 Varia:
2161 2734 2416 2789 lectionis.
2446 2734 2503 2789 In
2535 2734 2808 2805 Auctariis
2846 2716 3015 2791 multa
3047 2748 3333 2792 recurrunt
3359 2737 3519 2811 longe

1932 2829 2270 2892 absurdiora,
2296 2830 2383 2885 ubi
2407 2838 2587 2886 tamen
2611 2830 2788 2887 visum
2805 2843 2889 2895 est
2909 2833 3201 2891 restituere
3226 2833 3520 2905 diphthon-

1932 2937 2059 2993 gum
2081 2938 2147 2986 te,
2175 2937 2295 2993 quae
2314 2922 2368 2975 in
2399 2920 2560 2976 nullis
2588 2921 2888 2988 codicibus,
2925 2931 3284 2995 pratterquam
3313 2926 3366 2980 in
3390 2925 3523 2982 Pra-

1938 3014 2094 3080 tensi,
2127 3012 2456 3079 Herinicusi,
2495 3013 2856 3088 Rosweydino
2875 3027 3035 3087 atque
3057 3016 3255 3073 Molani
3285 3017 3519 3079 editione

1936 3115 2148 3175 reperta
2190 3116 2291 3160 est.
2324 3105 2602 3160 Barbariei
2630 3122 2661 3160 a
2688 3107 2845 3161 nobis
2868 3117 3111 3177 servatae
3137 3109 3403 3165 vindicias
3430 3111 3523 3166 da-

1936 3196 2017 3251 bit
2054 3195 2410 3266 Augustinus,
2467 3197 2666 3251 relatus
2722 3213 2753 3252 a
2808 3197 3021 3253 Molano
3071 3200 3122 3255 in
3173 3201 3525 3259 adnotatione

1937 3301 1988 3340 ix
2020 3283 2283 3340 Januarii.
2309 3286 2409 3340 Hie
2440 3287 2775 3357 ptatfationis
2826 3297 2998 3344 metas
3045 3289 3170 3362 ligo,
3199 3306 3323 3345 nam
3350 3291 3403 3345 id
3433 3307 3526 3363 ge-

1937 3396 2038 3435 nus
2069 3379 2414 3434 minutiarum
2463 3381 2926 3449 exponendarum,
2970 3381 3015 3437 si
3060 3383 3303 3461 'singulas
3329 3383 3523 3440 vellem

1935 3484 2275 3539 percurrere,
2304 3484 2580 3537 nunquam
2601 3478 2751 3525 esset
2782 3469 2939 3536 linis;
2966 3472 3100 3527 satis
3124 3472 3354 3529 fortasse
3385 3474 3514 3531 alibi

1938 3560 2079 3613 ttedii
2112 3558 2360 3624 all‘crent,
2392 3569 2448 3614 ut
2477 3561 2563 3615 hic
2588 3561 2655 3615 iis
2699 3564 3086 3631 percensendis
3118 3573 3329 3634 tempus
3348 3565 3525 3622 denuo

1936 3660 2113 3707 terere
2164 3668 2340 3722 operm
2361 3654 2591 3724 pretium
2639 3670 2743 3708 non
2792 3655 2884 3709 sit.
2933 3654 2999 3709 Et
3027 3656 3159 3710 mihi
3186 3665 3240 3711 et
3269 3657 3525 3715 omnibus

1939 3743 2132 3802 faciam
2186 3746 2347 3811 satis,
2398 3745 2443 3800 si
2500 3745 2727 3801 Usuardi
2790 3745 3254 3818 Martyrologimn,
3306 3763 3520 3819 purum,

1937 3853 2275 3909 germanum,
2311 3838 2582 3893 sincerum
2618 3848 2672 3892 et
2706 3837 2933 3908 simplex
2967 3840 3291 3905 exhibuero,
3323 3841 3415 3911 qui
3445 3850 3527 3897 est

1938 3930 2241 4000 prtecipuus
2282 3930 2460 4001 operis
2507 3929 2675 3984 nostri
2704 3930 2848 3991 linis.
2874 3930 2942 3986 ad
2972 3947 3156 3997 unam,
3189 3942 3248 3986 ut
3269 3931 3383 4001 jam
3416 3948 3524 3988 non

1938 4022 2108 4099 semel
2134 4022 2387 4087 diximus,
2422 4037 2651 4095 eamque
2678 4022 2940 4095 majorem
2974 4023 3069 4079 Dei
3105 4035 3527 4098 sanctorumque

1937 4115 2187 4185 gloriam.

2271 4204 2600 4262 NOTANDA
2640 4205 2779 4262 PRO
2824 4207 3186 4265 lNDlClBUS.

2010 4300 2135 4356 281.
2167 4299 2249 4355 Ad
2271 4299 2596 4381 evigandam,
2629 4318 2748 4371 quae
2772 4301 2825 4357 in
2851 4302 3047 4358 Molani
3070 4304 3250 4385 indice
3274 4317 3374 4370 est,
3407 4323 3531 4365 san-

1939 4403 2151 4450 ctorum
2176 4393 2627 4462 Usuardinorum,
2644 4396 2983 4467 aliorumque
2996 4399 3087 4469 qui
3108 4399 3282 4454 solum
3305 4401 3357 4454 in
3376 4402 3530 4459 addi-

241 4490 313 4545 de
342 4489 597 4543 Ecclesia:
619 4488 984 4545 Occidentalis
1021 4499 1187 4559 atque
1230 4488 1523 4545 Orientalis
1573 4501 1833 4561 perpetua
1868 4493 2179 4593 Dtionibus
2233 4490 2563 4557 referuntur,
2628 4492 3001 4547 confusionem
3035 4534 3049 4559 ,
3102 4493 3369 4565 duplicem
3427 4498 3528 4579 toti

240 4581 625 4647 consensione,
666 4582 812 4635 edito
858 4597 948 4635 an.
981 4579 1142 4648 1648,
1194 4582 1424 4637 inseruit
1472 4598 1501 4636 a
1538 4583 1642 4637 col.
1675 4583 1834 4639 1487.

241 4675 455 4732 Fronto
479 4684 684 4740 autem,
711 4674 779 4730 de
817 4690 926 4745 quo
953 4690 1117 4745 Supra
1146 4676 1377 4745 egimus,
1407 4676 1508 4731 sub
1535 4675 1641 4730 alio
1668 4674 1840 4731 ferme

245 4767 405 4823 titulo
447 4767 683 4838 vulgavit
721 4782 808 4822 an.
836 4765 998 4834 1652,
1040 4779 1097 4821 ut
1126 4769 1249 4823 vide
1277 4784 1443 4839 supra
1468 4786 1617 4823 num.
1650 4770 1752 4824 lli)
1777 4784 1842 4823 ac

245 4861 448 4933 sacpius
496 4861 549 4915 in
596 4860 778 4931 operis
819 4860 994 4917 nostri
1035 4870 1314 4918 contextu.
1354 4860 1449 4918 llis
1475 4863 1611 4919 adde
1646 4863 1843 4917 Sacra-

246 4953 517 5010 mentaria
548 4968 579 5007 a
620 4951 898 5019 Menardo,
943 4952 1236 5009 Thomasio
1278 4962 1334 5009 et
1373 4952 1662 5011 Mabilione
1696 4953 1840 5010 edita

251 5049 651 5121 recensitaque,
684 5062 806 5120 qua:
830 5047 1012 5103 omnia
1045 5048 1373 5104 stabiliendo
1416 5057 1727 5103 sanctorum
1750 5063 1843 5103 ve-

249 5148 399 5195 tusto
426 5140 593 5196 cultui
649 5139 761 5197 suis
803 5138 937 5195 locis
986 5139 1215 5194 adducta
1248 5148 1394 5194 sunt.
1437 5139 1622 5195 Altera
1672 5139 1845 5196 ferme

249 5232 497 5303 quotidie
534 5242 680 5287 mota
709 5240 793 5287 est
846 5226 1073 5301 quaestio
1118 5230 1183 5285 de
1214 5229 1723 5303 Martyrologiorum
1750 5248 1845 5285 no-

252 5334 495 5380 strorum
521 5324 805 5390 encomiis,
854 5338 948 5379 seu
982 5322 1312 5393 Actisipsis,
1348 5323 1492 5377 unde
1524 5322 1611 5377 illa
1644 5340 1673 5376 a
1702 5322 1844 5383 Beda

252 5426 312 5475 et
338 5415 783 5488 Adone'accepta
817 5404 874 5472 et
921 5423 1175 5471 contexta
1227 5425 1373 5484 sunt,
1403 5415 1456 5471 in
1504 5416 1701 5486 quibus
1722 5431 1846 5486 gra-

254 5510 379 5565 vior
404 5509 720 5582 plerumque
763 5501 1091 5576 diﬂicultas,
1111 5508 1207 5564 sed
1230 5509 1321 5566 hic
1361 5526 1458 5583 pro
1481 5509 1662 5580 operis
1686 5508 1847 5579 hujus

257 5602 510 5659 instituto
533 5644 548 5666 ,
580 5602 659 5657 sic
678 5601 866 5671 paucis
894 5592 1165 5671 expedita,
1197 5610 1258 5656 ut
1286 5602 1538 5657 semestri
1573 5601 1749 5672 primo
1777 5616 1844 5656 ex

255 5698 518 5752 Actorum
558 5695 1184 5765 commeutariorumqne
1238 5704 1546 5750 nostrorum
1590 5695 1712 5761 lidc,
1762 5710 1848 5750 res

259 5786 442 5845 decisa
471 5786 785 5858 plerumque
825 5787 914 5853 sit,
954 5787 1201 5842 semestri
1226 5797 1406 5842 autem
1438 5786 1629 5855 altero,
1662 5803 1850 5842 monu-

1942 4583 2091 4652 operi
2145 4580 2376 4636 indicem
2423 4579 2828 4649 subjnuximus;
2887 4583 3148 4649 alterum,
3181 4585 3273 4655 qui
3313 4576 3533 4661 sanctos

1942 4690 2075 4745 pure
2108 4674 2441 4731 Usuardinos
2486 4684 2579 4729 aut
2624 4675 2761 4732 festa
2803 4676 2907 4734 alia
2954 4679 3022 4733 ad
3069 4677 3375 4737 Usuardum
3403 4698 3532 4738 vere

1942 4764 2269 4835 pertinentia
2305 4765 2709 4835 complectitur;
2751 4766 3002 4834 alterum,
3033 4769 3087 4824 in
3113 4784 3226 4840 quo
3255 4773 3533 4829 Auctario-

1910 4849 1915 4858 ’
1946 4873 2064 4912 rmn
2084 4856 2327 4911 omnium
2354 4857 2529 4912 sancti
2566 4858 2935 4925 continentur,
2959 4861 3053 4915 sed
3079 4862 3153 4916 ita
3179 4862 3443 4933 dispositi,
3477 4872 3534 4920 ιιι

1908 4944 2220 5020 ’ρίοιἐιίιυρ,
2276 4949 2525 5005 codicum
2566 4951 2844 5021 ipsorum,
2906 4969 2974 5009 ex
3026 4955 3224 5025 quibus
3263 4958 3532 5029 desumpti

1952 5050 2081 5097 sunt
2103 5081 2117 5107 ,
2143 5052 2347 5107 errata,
2375 5050 2538 5111 atque
2570 5043 2623 5096 in
2656 5043 3130 5111 transformandis,
3171 5047 3534 5117 multiplican-

1922 5131 2035 5189 'dis
2058 5133 2567 5205 commutandisque
2606 5144 2920 5192 sanctorum
2955 5138 3284 5202 nominibus,
3313 5138 3440 5193 item
3476 5138 3532 5195 in

1954 5228 2141 5284 iisdem
2188 5243 2330 5298 saepe
2380 5230 2686 5299 repetendis
2727 5228 3062 5301 perturbatio
3102 5231 3279 5285 ablata
3308 5248 3411 5288 non
3442 5228 3534 5301 sit,

1904 5322 1907 5323 ⁷
1953 5320 2008 5374 in
2037 5335 2144 5390 quo
2164 5322 2327 5376 etiam
2368 5321 2685 5380 ﬁdelitatem
2732 5332 2975 5379 nostram
3023 5323 3212 5379 lectori
3249 5320 3534 5394 probatam

1955 5416 2237 5472 voluimus.
2290 5416 2476 5488 Neque
2508 5434 2635 5473 vero
2670 5420 2828 5489 hujus
2882 5419 2984 5475 loci
3012 5430 3131 5475 erat
3167 5429 3389 5477 sanctos
3417 5421 3533 5478 illos

1956 5520 2050 5565 aut
2076 5512 2142 5566 ad
2169 5513 2419 5582 proprios
2453 5513 2568 5569 dies
2606 5514 2815 5571 natales
2859 5529 3137 5578 revocare,
3183 5523 3275 5573 aut
3318 5523 3525 5573 contro-

1904 5634 1909 5639 ο
1958 5618 2114 5658 versa
2140 5604 2243 5658 alia
2267 5605 2581 5670 dissolvere,
2606 5620 2732 5660 cum
2763 5607 2877 5661 haec
2913 5606 3131 5678 propria
3161 5607 3235 5660 sit
3264 5621 3514 5664 commen

1960 5695 2219 5750 tariorum
2266 5706 2574 5751 nostrorum
2622 5696 2689 5749 ad
2743 5695 2854 5765 ipsa
2929 5706 3047 5751 acta
3097 5697 3380 5763 institutio,
3435 5702 3533 5771 quc

1958 5789 2074 5845 haec
2094 5791 2274 5846 omnia
2310 5791 2612 5848 reducenda
2636 5792 2701 5843 'et
2730 5790 3049 5848 remittenda
3071 5793 3397 5865 putavimus,
