3968 6368
506 353 618 411 εει)

513 498 2740 524 mm

1820 360 2122 418 USUAKDI
2153 361 2456 418 MONACHI

1928 658 2328 738 ΙΝΟΙΡΓΓ

474 1074 485 1084 ρ
569 866 1525 1028 USUABDI
1723 889 3718 1036 MABTYBOLOGIUM

1381 1178 1643 1290 PER
1728 1177 2074 1292 ANNI
2159 1179 2934 1298 C-IRCULUM.
3037 1169 3042 1172 ’

1886 1416 2316 1488 PROLOG
2332 1415 2456 1489 US
2492 1416 2520 1452 ³

1750 1588 1842 1640 AD
1880 1586 2212 1642 CAROLU.“
2255 1588 2431 1644 ΟΜΝ
2445 1588 2562 1643 υΜ.

588 1866 814 1924 Domino
849 1877 1035 1934 regum
1087 1861 1330 1931 piissimo
1361 1860 1577 1916 Cauono
1620 1857 1928 1918 Usuannus,
1960 1856 2097 1912 indi—
2124 1861 2171 1920 Α
2201 1859 2368 1913 multa
2419 1859 2770 1914 inveniuntur
2819 1859 2978 1932 hujus
3023 1863 3206 1933 operis
3250 1864 3558 1934 praeterisse
3604 1882 3773 1924 neas-

514 1974 653 2031 guns
697 1953 953 2014 sacerdos
981 1969 1046 2009 ac
1092 1953 1390 2008 monachus
1411 1993 1424 2015 ,
1456 1964 1751 2022 perennem
1796 1948 1849 2002 in
1879 1947 2098 2004 Christo

518 2063 799 2105 coronam.
1895 2039 1898 2044 “

589 2139 809 2194 Minime
859 2145 1100 2192 vestram
1145 2135 1275 2189 latet
1307 2133 1704 2194 celsitudinem,
1736 2148 1770 2186 o
1814 2130 2101 2199 sapientis-

517 2229 654 2284 sime
698 2227 991 2298 princeps,
1036 2224 1270 2294 qualiter
1317 2239 1598 2278 monemur
1645 2223 1919 2277 imitandis
1958 2222 2092 2276 anti-

519 2335 750 2392 quorum
791 2318 1004 2384 studiis,
1034 2326 1093 2372 ut
1134 2316 1392 2388 quidquid
1421 2317 1476 2370 in
1522 2316 1688 2386 gestis
1718 2314 1986 2384 prtecipue
2014 2328 2104 2368 ec-

517 2410 821 2470 clesiastico
867 2408 1107 2480 dogmati
1159 2409 1413 2479 congruis
1444 2407 1622 2462 minus
1663 2405 1965 2477 perfectum
2015 2405 2100 2460 in-

451 2527 456 2532 α
514 2512 738 2560 ventum
764 2502 948 2566 fuerit,
966 2502 1257 2557 debeamus
1286 2500 1372 2554 vel
1399 2515 1498 2569 pro
1519 2513 1678 2568 posse
1706 2498 1985 2568 supplere,
2013 2498 2097 2553 vel

515 2604 663 2652 certe
688 2594 920 2665 suppleri
947 2593 1158 2649 obtare.
1189 2591 1320 2659 Quae
1353 2607 1440 2646 res
1463 2591 1552 2662 pia
1577 2591 1797 2660 quidem
1823 2590 2101 2646 sollicitu-

515 2679 646 2744 dine
690 2685 924 2757 (vestro,
958 2685 1003 2738 si
1057 2682 1454 2748 recordamini,
1483 2682 1638 2753 jussu
1688 2683 1974 2753 dignanter
2008 2682 2104 2736 ad-

512 2774 682 2846 moto)
709 2790 794 2832 me
825 2775 892 2830 ad
916 2775 1039 2840 hoc,
1061 2774 1162 2830 etsi
1194 2773 1501 2845 indignum,
1525 2773 1809 2844 compulit,
1836 2783 2102 2843 quatenus

512 2875 824 2922 sanctorum
888 2882 1076 2922 sacras
1122 2876 1286 2935 atque
1342 2866 1719 2921 anniversario
1787 2866 2103 2922 recolendas

513 2957 832 3015 festivitates
892 2974 961 3012 ex
1014 2958 1335 3027 quibusdam
1385 2956 1806 3026 praecedentium
1873 2955 2101 3010 Patrum

514 3047 918 3120 Martyrologiis
983 3047 1038 3101 in
1099 3046 1389 3116 quamdam
1445 3044 1755 3116 colligerem
1818 3045 2098 3100 unitatem.

512 3139 946 3209 Recolebamque
994 3139 1047 3194 in
1077 3139 1208 3209 ipsis
1244 3140 1563 3194 eorumdem
1617 3139 2098 3209 solempnitatibus

514 3246 678 3302 quam
724 3230 924 3288 multos
973 3231 1206 3302 pr0priae
1242 3230 1581 3302 negligentia:
1629 3246 1886 3288 excessus
1911 3273 1925 3297 ,
1965 3248 2102 3303 quos
2134 3221 2178 3280 Β

512 3322 680 3380 etiam
721 3322 938 3394 purgari
971 3321 1063 3377 tali
1091 3321 1377 3392 cupiebam
1402 3321 1600 3378 oilicio.
1627 3321 1898 3377 Praaterea
1928 3331 1984 3378 et
2010 3339 2103 3377 ve-

514 3410 840 3466 nerabilium
884 3411 1198 3482 Hieronymi
1249 3412 1458 3468 scilicet
1511 3428 1574 3468 ac
1617 3413 1777 3468 Beda:
1822 3414 2102 3485 presbyte-

515 3517 701 3557 rorum
729 3503 833 3580 piis
857 3545 872 3564 ,
906 3505 1155 3574 quamvis
1207 3505 1521 3569 succinctis,
1549 3521 1713 3576 super
1751 3505 1855 3561 hoc
1905 3522 2100 3578 provo-

495 3583 683 3650 ~eabar
721 3596 1041 3668 descriptis;
1087 3612 1321 3666 quorum
1368 3599 1515 3666 prior
1562 3599 1811 3654 brevitati
1854 3600 2099 3667 studens,

519 3685 663 3744 alter
703 3703 836 3744 vero
890 3689 1238 3759 quamplures
1285 3689 1401 3745 dies
1467 3691 1699 3746 intactos
1748 3690 2098 3762 relinquens,

587 3833 618 3894 α-
646 3821 844 3878 Deerat
882 3822 984 3894 iste
1023 3824 1281 3894 prologus
1318 3823 1371 3878 in
1418 3836 1514 3888 eo,
1545 3840 1706 3893 quem
1736 3825 1934 3894 publici
1964 3824 2103 3894 juris

513 3890 772 3964 iacimus,
802 3893 989 3948 codice
1019 3890 1390 3962 manuscripto
1410 3934 1424 3957 ,
1450 3890 1753 3964 propterea
1785 3896 1931 3964 quod
1957 3890 2104 3952 exci-

512 3961 670 4033 derat
699 3978 810 4030 pra:
857 3969 1123 4033 vetustate
1153 3961 1385 4033 primum
1413 3961 1531 4033 ejus
1570 3961 1776 4018 i'olium.
1803 3961 1943 4019 Eum
1975 3981 2104 4022 vero

511 4030 672 4104 nobis
702 4031 1066 4104 suppeditavit
1110 4030 1168 4104 νζ
1214 4032 1275 4088 C.
1308 4030 1499 4088 Pithiei
1544 4034 1823 4104 exemplar
1861 4035 2103 4103 ejusdem

513 4097 649 4165 fere,
688 4097 821 4155 tum'
846 4102 1201 4168 characteris,
1233 4113 1345 4157 tum
1375 4104 1584 4171 aetatis,
1621 4097 1760 4160 teste
1791 4105 1852 4160 D.
1889 4097 2106 4163 'Jacobo

519 4223 928 4242 ψ

2203 1951 2364 2004 saria.
2417 1950 2563 2019 Quos
2614 1963 2791 2006 tamen
2849 1963 3068 2009 secutus
3118 1954 3302 2009 censui
3332 1993 3347 2019 ,
3388 1963 3445 2010 et
3488 1955 3640 2011 Flori
3688 1959 3774 2012 viri

2204 2045 2572 2101 memorabilis
2621 2044 2811 2100 latiora
2837 2046 2949 2115 jam
2995 2046 3049 2100 in
3092 2061 3160 2102 eo
3206 2047 3322 2116 ipso
3369 2049 3590 2120 negotio
3637 2051 3773 2118 sequi

2205 2136 2426 2206 vestigia
2454 2136 2792 2206 ,praasertim
2839 2137 2896 2190 in
2939 2138 3177 2192 secundo
3214 2137 3456 2208 ejusdem
3499 2138 3664 2193 libro.
3710 2139 3772 2192 lbi

2203 2227 2347 2280 enim
2391 2225 2577 2291 multa,
2611 2241 2730 2294 quae
2774 2227 2826 2280 in
2861 2227 3041 2296 priore
3075 2228 3356 2286 omiserat.
3384 2239 3437 2282 et
3468 2231 3704 2283 correxit
3729 2240 3775 2282 et

2204 2317 2429 2372 addidit.
2477 2318 2549 2372 At
2595 2317 2638 2372 si
2667 2316 2796 2386 quid
2824 2326 3021 2388 praeter
3055 2317 3197 2387 quod
3249 2317 3450 2371 abillis
3497 2320 3686 2387 accepi
3727 2317 3771 2371 in

2206 2411 2308 2467 hoc
2349 2426 2513 2480 opere
2541 2418 2722 2465 actum
2749 2409 2833 2465 vel
2862 2419 3124 2464 mutatum
3154 2418 3237 2465 est
3262 2450 3279 2474 ,
3306 2410 3485 2480 sagaci
3513 2425 3545 2464 a
3577 2427 3669 2465 me
3707 2412 3776 2464 in-

2205 2503 2397 2576 dagine
2449 2503 2505 2557 id
2557 2501 2912 2572 perquisitunt
2963 2501 3180 2570 agnosci
3225 2502 3442 2570 poterit.
3493 2500 3774 2563 Caeterum,

2204 2597 2589 2668 benignissime
2614 2637 2628 2660 ,
2660 2595 2862 2650 idcirco
2905 2595 3048 2649 hanc
3089 2593 3397 2662 exiguitatis
3434 2609 3567 2647 meae
3592 2593 3777 2663 praefa-

2205 2690 2498 2747 tiunculam
2525 2689 2651 2744 huic
2689 2686 2948 2758 opusculo
2981 2687 3222 2741 inserere
3251 2686 3436 2750 ιιιειιιιί,
3457 2695 3516 2739 ιιι
3555 2687 3776 2740 sciretur

2205 2801 2312 2841 non
2341 2800 2428 2839 me
2472 2782 2525 2837 in
2554 2783 2658 2836 hoc
2687 2796 2846 2835 usum
2881 2779 3120 2835 levitatis
3145 2778 3448 2842 conamine,
3476 2778 3571 2832 sed
3607 2778 3776 2848 potius

2204 2877 2423 2940 vestris,
2454 2885 2513 2929 ut
2548 2883 2668 2929 erat
2709 2873 2954 2942 dignum,
2996 2871 3240 2942 paruisse
3285 2871 3522 2939 imperiis
3564 2870 3780 2926 catholi-

2205 2985 2394 3026 corum
2438 2968 2677 3022 ﬁdelium
2724 2965 2883 3020 solito
2930 2964 3336 3020 consulentibus
3368 2963 3600 3017 utilitati.
3642 2960 3779 3018 Unde

2205 3063 2349 3134 quod
2383 3071 2627 3116 vestrum
2657 3068 2740 3115 est
2765 3058 3010 3119 obsecro,
3041 3066 3101 3110 ut
3147 3057 3190 3111 si
3217 3055 3423 3126 justum
3456 3056 3776 3118 decernitur,

2208 3154 2422 3225 propria
2454 3151 2697 3207 tuitionis
2745 3149 2980 3204 anchora
3013 3149 3318 3213 roboretur,
3349 3147 3487 3218 quod
3538 3148 3779 3202 videlicet

2205 3254 2261 3301 et
2284 3244 2642 3315 pra‘scntibus
2692 3237 2894 3311 regalis
2922 3237 3194 3295 examinis
3237 3237 3580 3300 auctoritate,
3606 3248 3668 3293 et
3713 3238 3781 3291 fu-

2207 3337 2342 3393 turis
2371 3345 2532 3390 tantae
2582 3332 2922 3388 auctdritatis
2977 3332 3223 3385 iirmctur
3273 3330 3546 3385 examine.
3599 3328 3779 3383 Excel-

2207 3425 2427 3482 lentiam
2483 3419 2870 3494 magnitudinis
2917 3431 3115 3475 veStrae
3165 3434 3263 3489 per
3310 3419 3474 3475 multa
3523 3435 3776 3475 annorum

2206 3518 2475 3574 curricula
2523 3517 2638 3571 Rex
2667 3531 2856 3587 regum
2898 3513 3157 3570 Dominus
3185 3529 3279 3568 sua
3312 3514 3563 3585 dignetur
3607 3524 3780 3570 custo-

2208 3614 2324 3668 dire
2345 3611 2606 3682 potentia.
2639 3609 2833 3666 Amen.

2206 3835 2274 3890 dtt
2324 3830 2484 3887 Breul
2509 3873 2524 3894 ,
2563 3827 2787 3896 hujusce
2814 3825 3048 3882 cmuobii
3103 3824 3404 3896 monacho,
3435 3823 3530 3896 qui
3571 3822 3781 3896 Prologi

2208 3904 2369 3960 istius
2394 3892 2558 3957 fronti
2581 3892 3016 3954 observationem
3038 3897 3175 3949 hanc
3205 3892 3462 3964 praeﬁxit.
3490 3892 3780 3948 Notandum

2246 3983 2468 4029 raeterea
2485 3986 2591 4026 non
2615 3968 2842 4040 reperiri
2878 3968 2931 4021 in
2956 3963 3254 4022 Solleriana
3281 3963 3516 4020 Usuardi
3535 3965 3781 4018 editione.

2253 4057 2541 4101 OUILLART.

951 4225 3770 4253 Μ

1629 4385 1662 4428 δ
1745 4369 2284 4452 PROLOGUS
2363 4375 2695 4452 ALTER

1143 4547 1238 4608 Ex
1283 4567 1486 4611 1.an16
1531 4569 1718 4612 nam
1763 4553 2141 4626 Auacsrtar,
2187 4552 2475 4627 Qualiter
2508 4553 2750 4616 colendi
2785 4557 2910 4617 sint
2942 4556 3166 4617 sancti.

585 4776 1262 4858 Festivitates‘sanctorutn
1289 4801 1654 4871 apostolorum
1680 4817 1774 4858 seu
1798 4814 2099 4877 martyrum
2129 4812 2174 4874 (ζ
2208 4808 2327 4871 tibi,
2353 4807 2534 4864 Petre.
2566 4813 2662 4860 aut
2697 4804 2888 4868 Paule,
2928 4786 3022 4858 aut
3051 4803 3361 4874 Cypriane;
3397 4803 3494 4858 sed
3535 4805 3686 4873 quod
3721 4805 3791 4859 οι

514 4894 727 4964 antiqui
769 4893 960 4950 Patres
1009 4894 1062 4949 in
1111 4896 1478 4952 venerationis
1527 4895 1786 4968 mysterio
1835 4897 2099 4953 celebrari

513 4993 836 5050 sanxerunt,
863 4984 949 5041 vel
995 4985 1060 5039 ad
1105 4987 1450 5042 excitandam
1501 4986 1877 5053 imitationem,
1912 4989 1996 5045 vel
2044 4998 2103 5044 ut

513 5073 724 5131 meritis
751 5089 940 5130 eorum
971 5076 1369 5141 consociemur,
1398 5086 1562 5148 atque
1595 5079 1934 5134 orationibus
1958 5077 2103 5148 adju-

511 5181 706 5224 vemur
738 5166 876 5236 (Anc
904 5206 922 5234 ,
950 5165 986 5222 Ι.
1015 5183 1108 5233 xx,
1139 5178 1304 5222 contr.
1341 5167 1553 5236 Fourth,
1588 5187 1636 5226 c.
1671 5170 1786 5240 21).
1816 5170 1894 5225 lta
1925 5178 2100 5226 tamen

513 5268 574 5316 ut
606 5258 738 5315 nulli
787 5269 1111 5332 martyrum,
1146 5261 1240 5317 sed
1269 5261 1368 5333 ipsi
1415 5262 1523 5317 Deo
1550 5271 1847 5335 martyrum
1891 5262 2098 5318 sacriﬁ-

512 5365 728 5418 cemus,
761 5351 1007 5422 quamvis
1039 5351 1094 5406 in
1141 5353 1419 5408 memoriis
1459 5361 1760 5425 martyrum
1807 5354 2101 5409 constitua-

514 5460 636 5512 mus
687 5445 903 5500 altaria.
947 5445 1118 5501 Nemo
1161 5446 1306 5500 enim
1338 5446 1392 5500 in
1445 5445 1578 5501 locis
1621 5455 1934 5502 sanctorum
1977 5463 2101 5504 oor-

517 5552 707 5606 porum
739 5537 1000 5594 assistens
1047 5537 1205 5592 altari
1260 5537 1552 5607 aliquando
1596 5538 1774 5594 dixit:
1814 5537 2104 5594 Oﬂ'erimus

589 5649 992 5722 {Desideratur
1037 5651 1306 5706 secundus
1333 5651 1435 5706 iste
1459 5651 1717 5722 prologus
1745 5652 1798 5706 in
1831 5667 1893 5707 ea
1920 5667 2100 5722 quam

520 5715 782 5792 §_olleriu_s
803 5720 1088 5792 adornavit
1118 5721 1348 5778 Usuardi
1371 5715 1645 5792 editione:
1667 5730 1723 5792 at
1753 5715 2026 5792 reperitur
2047 5721 2100 5777 in

529 5784 757 5846 Usuardi
794 5789 1035 5861 ejusdem
1090 5792 1366 5850 codicibus
1394 5790 1506 5848 fere
1539 5784 1789 5850 omnibus
1817 5784 1978 5849 inanu
2011 5807 2105 5848 cx-

2206 4896 2396 4958 l‘ertur,
2429 4895 2655 4951 offertur
2684 4896 2814 4960 Deo,
2838 4896 2931 4965 qui
2976 4905 3242 4966 martyres
3265 4895 3547 4949 coronavit
3588 4914 3603 4949 :
3634 4904 3694 4949 ut
3729 4911 3788 4950 ex

2204 4989 2443 5061 ipsorum
2459 4987 2696 5044 locorum
2713 5002 2897 5042 amore
2912 4985 3137 5042 allectus
3151 4995 3403 5059 assurgat
3414 4987 3481 5040 ad
3493 4987 3793 5058 augendam

2206 5079 2550 5142 charitatem,
2581 5086 2634 5132 et
2662 5076 2714 5131 in
2745 5075 2864 5132 illos
2886 5092 3023 5146 quos
3050 5075 3250 5130 imitari
3287 5091 3598 5145 possumus,
3637 5084 3696 5132 et
3738 5076 3788 5129 iu

2207 5170 2354 5226 illum
2401 5186 2509 5240 quo
2535 5167 2824 5237 adjuvante
2870 5168 3142 5238 possimus
3189 5166 3428 5223 Colimus
3469 5182 3600 5238 ergo
3647 5183 3794 5222 mar-

2209 5268 2355 5333 tyres
2378 5273 2442 5314 eo
2471 5257 2618 5313 cultu
2642 5257 2947 5313 dilectionis
2987 5267 3044 5312 et
3069 5257 3347 5312 societatis
3371 5273 3477 5327 quo
3500 5266 3559 5311 et
3603 5255 3663 5311 in
3696 5257 3795 5312 hac

2208 5351 2318 5406 vita
2366 5350 2616 5406 coluntur
2662 5349 2836 5406 sancti
2886 5349 3135 5404 homines
3179 5349 3295 5414 Dei,
3327 5364 3555 5418 quorum
3599 5364 3706 5404 cor
3731 5349 3796 5402 ad

2209 5446 2372 5502 talem
2421 5461 2520 5516 pro
2566 5442 2875 5514 evangelica
2906 5441 3134 5498 veritate
3177 5442 3484 5512 passionem
3537 5449 3794 5511 paratum

2207 5538 2490 5593 sentimus.
2523 5534 2630 5592 Sed
2654 5535 2774 5590 illos
2804 5542 2952 5601 tanto
2980 5534 3244 5600 devotius,
3277 5543 3480 5604 quanto
3519 5533 3793 5588 securius.

2211 5648 2382 5703 aratis
2401 5689 2416 5712 ,
2447 5647 2540 5715 qui
2576 5645 2628 5700 in
2669 5630 2992 5700 bibliotheca
3019 5642 3267 5701 Pratensi
3297 5651 3653 5700 asseruntur
3666 5652 3725 5700 et
3745 5641 3798 5698 in

2208 5719 2390 5776 multis
2420 5717 2564 5773 aliis.
2600 5716 2928 5772 Romam".
