3968 6368
1246 336 1873 397 MARTYROLOGIUM.
1911 371 1981 382 —
2017 339 2222 401 MENS.
2258 341 2402 399 JAN.

3351 341 3458 398 602

177 446 332 513 Quos
355 441 521 498 etiam
554 441 820 499 fldentiori
857 444 1014 502 laude
1041 447 1398 517 praedicamus
1420 451 1531 522 jam
1576 453 1629 507 in
1662 453 1768 507 vita
1797 458 1846 515 Α
1874 453 1986 510 beri
2025 455 2127 510 sibi
2153 455 2362 520 nolunt,
2395 452 2538 526 quod
2569 454 2658 509 uni
2683 454 2792 510 Deo
2821 454 3004 510 deberi
3029 464 3247 509 norunt.
3280 456 3456 527 Appa-

179 535 432 592 feliciorc
481 534 752 600 victores,
785 552 946 606 quam
990 538 1042 593 in
1092 539 1194 594 ista
1241 541 1414 596 adhuc
1465 559 1632 613 usque
1680 559 1777 613 pu-

176 639 431 702 gnantes.
460 629 532 683 At
555 644 683 684 vero
711 629 801 686 illo
826 631 995 696 cultu,
1026 633 1116 702 qui
1142 633 1330 690 Graece
1365 635 1524 689 latria
1555 636 1770 700 dicitur,

177 719 375 776 Latine
408 736 516 777 uno
543 722 711 778 verbo
743 722 848 778 dici
900 739 1008 778 non
1041 733 1258 794 potest,
1289 741 1410 780 cum
1445 727 1516 781 sit
1555 727 1774 798 propria

177 811 433 879 quaedam
465 811 740 866 Divinitati
786 813 967 869 debita
993 816 1244 880 servitus,
1272 833 1372 873 nec
1399 818 1644 884 colimus,
1676 834 1776 874 nec

179 905 472 961 colendum
517 907 798 974 docemus,
827 909 933 964 nisi
986 925 1150 965 unum
1183 909 1371 966 Deum.
1424 912 1559 967 Cum
1590 921 1773 968 autem

179 996 254 1050 ad
303 995 447 1051 hunc
501 996 705 1052 cultum
753 999 1024 1069 pertineat
1065 1000 1269 1056 oblatio
1319 1002 1600 1066 sacrificii,
1634 1004 1773 1058 unde

179 1085 484 1142 idololatra:
529 1088 784 1144 dicuntur
827 1091 918 1161 qui
950 1091 1050 1146 hoc
1098 1092 1262 1147 etiam
1309 1091 1464 1147 idolis
1495 1093 1770 1160 exhibent,

180 1175 334 1232 nullo
385 1177 543 1232 modo
583 1177 785 1248 aliquid
828 1179 935 1236 tale
981 1180 1260 1238 otl‘erimus
1305 1192 1398 1238 aut
1443 1183 1770 1239 ollerendum

177 1267 568 1337 prrecipimus,
625 1270 706 1325 vel
757 1271 1011 1342 cuiquam
1059 1274 1330 1344 martyri,
1386 1275 1464 1330 vel
1519 1275 1771 1346 cuiquam

177 1366 386 1413 sancte
409 1359 607 1414 animae
631 1401 646 1425 ,
677 1361 760 1415 vel
791 1363 1044 1433 cuiquam
1086 1364 1296 1435 angelo.
1327 1365 1394 1420 Et
1444 1365 1691 1436 quisquis
1721 1365 1774 1421 in

178 1447 327 1504 hunc
353 1465 597 1506 errorem
622 1451 894 1508 delabitur
921 1495 935 1519 ,
977 1454 1271 1526 corripitur
1299 1471 1399 1527 per
1445 1470 1632 1511 sanam
1677 1456 1774 1511 do-

178 1537 577 1605 ctrinam,sive
626 1551 683 1595 ut
729 1542 1063 1612 corrigatur,
1095 1545 1209 1600 sive
1239 1555 1299 1601 ut
1343 1546 1770 1612 condemnetur;

1878 547 1985 602 ruit
2012 547 2113 604 hoc
2153 547 2206 602 in
2236 547 2401 604 Paulo
2429 554 2484 603 et
2524 547 2792 612 Barnaba,
2821 563 2965 613 cum,
2990 549 3246 603 commoti
3289 550 3455 603 mira-

1876 638 2014 695 culis
2047 654 2167 709 qua:
2197 656 2292 710 per
2318 655 2412 695 eos
2443 639 2584 695 facta
2609 649 2758 705 sunt,
2787 638 3042 711 Lycaonii
3075 647 3328 710 tanquam
3351 639 3456 696 diis

1877 732 2158 788 immolare
2208 733 2510 788 voluerunt.
2573 731 2872 788 Conscissis
2929 731 3073 786 enim
3121 731 3457 786 vestimentis

1877 825 1989 879 suis
2018 823 2337 879 confitentes
2365 833 2420 880 et
2463 824 2856 894 persuadentcs
2903 839 2963 878 se
3005 823 3134 877 deos
3164 836 3270 876 non
3314 838 3454 888 esse,

1881 917 1984 974 ista
2016 918 2118 972 sibi
2165 919 2280 972 ileri
2312 926 2598 972 vetuerunt
2643 917 2782 986 (Act.
2817 933 2928 979 xiv,
2959 915 3071 984 Η).
3100 915 3363 985 Apparuit
3405 923 3461 970 et

1881 1010 1933 1066 in
1971 1011 2195 1080 angelis,
2223 1011 2365 1065 sicut
2393 1019 2446 1065 et
2497 1010 2548 1063 in
2580 1009 2898 1081 Apocalypsi
2947 1008 3176 1079 legimus
3209 1007 3459 1077 angelum

1880 1119 1938 1158 se
1989 1101 2202 1157 adorari
2255 1103 2628 1171 prohibentem
2678 1111 2839 1171 atque
2887 1103 3150 1156 dicentem
3187 1099 3460 1156 adoratori

1879 1209 1980 1248 suo
2011 1211 2024 1246 :
2057 1191 2346 1247 Conserva:
2383 1203 2502 1248 tuus
2547 1211 2662 1248 sum
2685 1204 2732 1248 et
2761 1194 2984 1264 fratrum
3028 1203 3261 1258 tuorum,
3294 1193 3460 1248 Deum

1879 1283 2046 1338 adora
2095 1284 2278 1352 (Apoc.
2313 1300 2427 1349 nx,
2458 1283 2568 1354 10).
2607 1284 2916 1358 Honorandi
2969 1294 3096 1340 sunt
3143 1300 3272 1355 ergo
3317 1299 3462 1338 mar-

1881 1383 2028 1445 tyres
2071 1384 2292 1446 propter
2336 1375 2690 1430 imitationem
2719 1417 2734 1440 ,
2781 1391 2885 1431 non
2937 1375 3196 1430 adorandi
3243 1383 3464 1446 propter

1881 1466 2211 1537 religionem.
2267 1465 2578 1523 llonorandi
2628 1475 2756 1523 sunt
2805 1467 3093 1531 charitate,
3134 1481 3240 1521 non
3284 1465 3461 1522 servi-

1879 1567 1931 1614 tu
1940 1567 2011 1614 te.

180 1629 310 1684 dum
333 1630 500 1686 etiam
532 1633 635 1702 ipsi
667 1636 860 1704 sancti,
891 1635 976 1692 vel
1005 1637 1276 1704 homines,
1303 1637 1386 1692 vel
1413 1639 1588 1710 angeli
1620 1639 1776 1694 exhi-

191 1790 3456 1822 _—-————_—_—————_—__—_—-_—_

1327 1951 1704 2029 MENSIS
1775 1948 2354 2030 JANUARIUS

1510 2149 1718 2194 ΠΑΒΕΪ
1777 2149 1917 2193 DIES
1960 2150 2144 2194 XXXI.

208 2355 473 2414 Kalendis.
2850 2386 2854 2391 -
3264 2350 3363 2406 Die
3399 2351 3454 2406 Ι.

271 2449 623 2508 Circumcisio
662 2451 875 2508 Domini
918 2451 1088 2506 nostri
1130 2449 1255 2506 .lesu
1299 2447 1522 2503 Christi.
1567 2447 1784 2511 Romae,
1833 2447 2031 2502 natalis
2072 2447 2244 2503 sancti
2274 2447 2543 2505 Almacbii
2582 2448 2878 2521 martyris;
2910 2445 3029 2519 qui,
3053 2445 3278 2516 iubente
3308 2441 3471 2500 Urbis

201 2545 480 2615 praefecto,
511 2562 634 2603 cum
663 2547 872 2602 diceret
906 2565 919 2600 :
953 2547 1124 2602 Hodie
1161 2545 1379 2601 Octava:
1405 2543 1669 2598 Dominici
1700 2544 1803 2598 diei
1835 2551 1992 2609 sunt,
2018 2551 2229 2599 cessate
2258 2561 2287 2599 a
2319 2545 2803 2615 superstitionibus
2833 2544 3119 2606 idolorum,
3152 2558 3182 2596 a
3208 2541 3470 2614 gladiato-

197 2640 353 2695 ribus
380 2641 594 2697 occisus
619 2651 725 2698 est.
763 2642 862 2698 Via
891 2641 1085 2712 Appia,
1118 2655 1334 2695 coronae
1382 2639 1614 2694 militum
1669 2637 1908 2708 triginta.
1963 2639 2063 2692 sub
2111 2639 2446 2694 Diocletiano
2495 2641 2842 2710 imperatore.
2871 2639 3002 2696 item
3035 2639 3240 2702 Romae,
3269 2645 3471 2692 sancta:

197 2728 448 2786 Martium
471 2732 722 2803 virginis,
754 2748 876 2803 qua:
905 2731 1006 2786 sub
1030 2728 1342 2784 Alexandro
1370 2727 1700 2797 imperatore
1729 2725 1958 2781 diversis
1990 2733 2384 2781 tormentorum
2412 2729 2702 2795 generibus
2729 2727 2973 2785 cruciata
2998 2768 3014 2793 ,
3047 2728 3264 2782 tandem
3293 2724 3471 2797 gladio

195 2824 447 2896 martyrii
477 2825 711 2894 palmam
743 2825 936 2896 adepta
967 2831 1069 2879 est.
1103 2822 1260 2892 Apud
1293 2820 1568 2893 Spoletum
1590 2862 1604 2885 ,
1648 2819 1823 2876 sancti
1855 2818 2142 2875 Concordii
2175 2821 2474 2892 presbyteri
2495 2861 2510 2886 ,
2541 2829 2596 2877 et
2622 2822 2904 2894 martyris,
2937 2821 3272 2892 temporibus
3300 2820 3472 2874 Anto-

195 2914 313 2968 nini
334 2915 710 2986 imperatoris;
746 2916 838 2986 qui
871 2915 1046 2986 primo
1080 2913 1312 2969 fustibus
1339 2928 1526 2976 cmsus,
1557 2913 1754 2968 dehinc
1774 2911 2008 2983 equuleo
2034 2926 2348 2982 suspensus,
2382 2929 2447 2968 ac
2481 2912 2624 2970 ferro
2654 2924 2778 2987 post
2805 2915 2856 2969 in
2883 2929 3105 2970 carcere
3133 2921 3467 2978 maceratus,

197 3007 383 3076 ibique
418 3008 659 3079 angelica
717 3007 1038 3063 visitatione
1070 3005 1416 3071 consolatus,
1451 3005 1666 3060 demum
1705 3003 1884 3076 gladio
1923 3004 2089 3057 vitam
2140 3003 2334 3056 finivit.
2382 3002 2442 3058 ln
2485 3002 2732 3060 Caesarea
2782 3003 3165 3075 Cappadociae,
3203 3002 3470 3074 depositio

191 3105 370 3160 sancti
398 3105 580 3160 Basilii
609 3105 871 3176 episcopi,
900 3102 1053 3172 cujus
1073 3103 1362 3159 celebritas
1385 3117 1516 3156 xvnt
1547 3100 1770 3156 Kalend.
1817 3099 1944 3155 Julii
1988 3099 2328 3170 potissimum
2353 3099 2631 3156 recolitur.
2663 3100 2718 3156 In
2748 3099 2959 3166 Africa,
2994 3100 3138 3156 beati
3161 3097 3428 3171 Fulgentii
3453 3138 3469 3164 ,

192 3197 447 3254 ecclesia:
472 3199 773 3270 Ruspensis
803 3200 1065 3273 episcopi,
1093 3199 1185 3270 qui
1214 3199 1285 3255 ob
1312 3197 1634 3254 catholicam
1671 3197 1860 3261 fidem,
1899 3204 1956 3251 et
1995 3196 2251 3250 eximiam
2282 3197 2594 3252 doctrinam
2615 3197 2779 3252 exilio
2805 3197 3076 3268 relegatus
3099 3238 3114 3262 ,
3152 3197 3369 3251 tandem
3397 3194 3466 3249 ad

188 3289 471 3359 propriam
500 3290 788 3346 ecclesiam
817 3290 995 3346 redire
1030 3289 1348 3359 permissus,
1377 3287 1488 3342 vita
1517 3297 1572 3342 et
1599 3286 1763 3342 verbo
1792 3287 1976 3343 clarus
1998 3325 2013 3352 ,
2052 3295 2243 3341 sancto
2273 3283 2378 3340 fine
2415 3287 2638 3356 quievit.
2679 3286 2736 3342 In
2771 3288 3048 3344 territorio
3075 3286 3421 3359 Lugdunensi
3449 3325 3464 3351 ,

189 3384 369 3438 sancti
402 3383 644 3455 Eugendi
673 3385 1006 3458 [Bouillart.,
1036 3381 1308 3456 Augendi]
1333 3382 1568 3449 abbatis,
1597 3379 1752 3451 cuius
1781 3382 1892 3438 vita
1922 3379 2218 3436 virtutibus
2257 3387 2312 3435 et
2337 3381 2616 3438 miraculis
2644 3384 2802 3454 plena
2833 3383 3064 3439 refulsit.
3105 3384 3466 3448 Alexandriae,

187 3487 398 3535 sancta:
425 3479 724 3536 Eufrosina:
755 3481 1000 3554 virginis.

1726 3567 1959 3627 NOTAE.

275 3684 585 3740 Usuardum
633 3686 685 3740 in
717 3687 971 3756 primaeva
997 3702 1093 3741 sua
1151 3685 1492 3753 simplicitate
1539 3684 1628 3739 hic
1684 3700 1772 3739 re-
1809 3691 1851 3748 Β
1882 3685 2112 3740 fortasse
2137 3681 2370 3756 similes.
2397 3681 2530 3756 item
2577 3682 2924 3756 ﬁeriniepsis,
2971 3681 3013 3734 Τ
3014 3685 3336 3756 ornaggmis,
3359 3685 3474 3741 An-

184 3756 531 3828 przesentari.
574 3751 812 3828 probant
860 3757 1101 3828 plerique
1137 3751 1416 3828 'codices,_
1447 3757 1643 3828 quibus
1691 3772 1775 3828 ire
1885 3754 2196 3828 t‘nerpieusis
2227 3754 2446 3828 ,__ct_litio
2496 3751 3093 3828 maximauLubccana,
3139 3753 3472 3828 Munerat”,

184 3822 535 3896 potissimum
570 3822 724 3881 inniti
752 3828 805 3881 in
843 3822 1157 3896 praefatione
1187 3826 1420 3880 iudicavi
1457 3822 1477 3879 ε’
1506 3825 1780 3879 Pratensis
1890 3822 2174 3887 Greeenus,
2221 3822 2500 3896 ﬁlolanus,
2552 3824 2606 3878 in
2657 3823 2854 3896 quibus
2909 3823 3074 3896 nulla,
3122 3825 3311 3878 saltem
3361 3822 3475 3883 m0—

185 3893 388 3965 nempe
412 3897 604 3957 codex,
629 3906 722 3950 aut
755 3893 1039 3968 prietense,
1092 3906 1338 3968 autver_e
1391 3897 1778 3968 autographns,
1891 3895 2054 3968 menti
2083 3893 2367 3963 gravioris,
2399 3893 2766 3966 discrepantia
2795 3893 3066 3963 reperitur
3085 3935 3100 3960 ,
3137 3903 3196 3949 ut
3225 3910 3347 3951 mox
3375 3912 3473 3968 pa-

187 3982 318 4021 cum
351 3981 460 4034 quo
483 3981 698 4036 semper
718 3965 970 4023 convenit
998 3967 1264 4037 exemplar
1285 3965 1352 4031 Β,
1377 3975 1432 4021 et
1461 3967 1550 4021 alii
1577 3967 1779 4022 ibidem
1889 3966 2039 4020 tebit.

1407 4099 1801 4156 VARIANTES
1839 4099 2244 4156 LECTIONES.

263 4211 343 4265 De
371 4210 661 4279 presbiteri,
707 4220 764 4267 et
796 4209 1099 4280 huiusmodi
1149 4212 1335 4268 multis
1375 4212 1495 4268 aliis
1540 4214 1784 4269 minutiis

184 4281 634 4352 orthographicis
659 4282 908 4352 superius
939 4283 990 4336 in
1025 4281 1342 4352 prmfatione
1372 4294 1553 4337 actum
1596 4294 1699 4348 est,
1728 4293 1784 4339 et

183 4353 302 4423 erit
324 4351 671 4423 smpiusglibi
695 4351 906 4408 dicendi
931 4353 1100 4407 locus.
1130 4352 1274 4423 Lego
1296 4351 1638 4408 Circumcisio
1661 4371 1783 4410 cum

186 4421 499 4493 Herinien.,
524 4420 854 4493 Tornaeen.,
897 4420 1249 4492 Antuerpien.
1301 4433 1356 4478 et
1410 4439 1511 4476 ms.
1543 4424 1785 4493 impres-

184 4494 378 4561 sisque
418 4491 683 4560 pluribus,
709 4491 1162 4562 quemadmodum
1198 4493 1490 4562 praelucent
1535 4491 1702 4558 Beda,
1731 4504 1786 4550 et

191 4564 775 4632 Romanumparvum.
804 4563 878 4616 Ex
924 4563 1123 4632 prioris
1178 4563 1586 4618 auuuntiatione
1631 4581 1786 4618 suam

185 4631 381 4704 procul
434 4629 626 4704 dubio_
666 4629 940 4687 formavit—
972 4633 1275 4704 iisuardus.
1306 4631 1535 4704 Prateu.
1595 4635 1784 4688 scribit

187 4700 545 4756 Circuncisio.
588 4700 817 4757 Greven.
868 4713 922 4756 et
970 4702 1164 4756 Molan.
1213 4703 1450 4764 addunt,
1498 4706 1785 4758 secundum

187 4787 439 4843 carnem,
467 4772 665 4843 quibus
696 4773 917 4828 vocibus
941 4783 1167 4828 utuntur
1189 4772 1494 4843 apographa
1526 4773 1786 4840 Hierony-

188 4841 384 4913 niiana
415 4850 470 4895 et
488 4841 675 4913 Beda:
706 4845 798 4898 sed
826 4859 922 4899 eas
943 4845 1011 4897 ab
1061 4841 1315 4898 Usuardo
1357 4841 1678 4913 espunctas,
1729 4853 1786 4899 ut

189 4911 516 4984 plerumque
544 4912 710 4968 multa
733 4914 1000 4976 decurtat,
1028 4915 1258 4984 probant
1301 4911 1518 4984 puriora
1541 4914 1784 4984 exempla

187 4980 383 5055 omnia
425 4989 535 5055 tum
564 4984 730 5055 edita,
767 4994 876 5038 tum
930 4980 1060 5039 mss.
1110 4980 1498 5040 Omisi'ctiain
1553 4980 1783 5055 Alippio,

1889 4231 1988 4285 pro
2017 4212 2269 4284 Eugendo
2313 4213 2520 4284 positus
2547 4221 2631 4269 est
2662 4213 2972 4285 Augendi“.
3019 4213 3144 4268 Mihi
3192 4213 3476 4284 Eugendus

1891 4283 2200 4356 pra'placet,
2234 4294 2292 4338 ut
2315 4283 2552 4356 majores
2569 4284 2830 4356 nostriin
2856 4283 3006 4356 Actis
3043 4285 3167 4356 hoe
3194 4283 3474 4356 die’hlege-

1892 4353 2041 4419 runt,
2070 4365 2124 4410 et
2151 4354 2331 4424 legere
2355 4355 2538 4408 debuit
2568 4353 2842 4424 Usuardns
2867 4353 3108 4424 Adonem
3138 4353 3474 4409 describens.

1891 4425 2068 4494 Atque
2097 4424 2169 4478 ita
2205 4423 2369 4479 etiam
2397 4425 2450 4478 in
2482 4424 2719 4492 antiquis
2747 4423 2942 4477 lectum
2989 4423 3154 4478 fuisse
3183 4426 3475 4479 ostendunt

1894 4497 2109 4551 codices
2139 4494 2250 4557 alii,
2279 4509 2377 4564 pro
2413 4503 2560 4564 textu
2586 4494 2758 4564 citati.
2782 4495 2958 4564 Aqua
2987 4503 3140 4564 parte
3186 4502 3294 4548 stet
3329 4494 3473 4548 deri-

1895 4566 2041 4619 vatio
2068 4563 2508 4634 Gallica’Oyend,
2534 4563 2780 4633 judicent
2803 4563 2917 4617 alii.
2941 4563 2998 4616 lu
3029 4563 3331 4632 Eufrosina:
3361 4579 3478 4618 ser-

1893 4636 2254 4689 vavimodum
2289 4635 2559 4688 scribendi
2588 4634 2834 4688 codicum
2884 4649 3015 4688 mss.
3068 4645 3133 4702 et
3175 4634 3466 4702 impresso-

1894 4722 2038 4777 rum,
2087 4705 2345 4777 quidquid
2380 4703 2497 4758 Ado
2555 4704 2786 4777 rectius“
2811 4705 3056 4777 posueri;
3093 4701 3474 4777 Euplirosynag,

1891 4773 2276 4846 orthographia
2305 4774 2532 4830 fortasse
2582 4773 2649 4828 ab
2705 4773 2912 4846 editore
2948 4773 3215 4830 correcta.
3263 4773 3478 4829 Notavit

1891 4845 2038 4916 Clar.
2077 4845 2415 4900 castellanos
2438 4847 2490 4899 in
2520 4854 2815 4916 pnetenso
2845 4845 3091 4900 Pratensi
3141 4845 3475 4916 antograpbo

1892 4915 2106 4969 lituram
2137 4931 2398 4986 apparere
2438 4915 2558 4985 post
2600 4915 2838 4985 Augendi
2888 4916 3006 4970 σιώ.
3062 4916 3147 4971 cui
3191 4915 3474 4986 deindein

1890 4986 2080 5039 eadem
2136 4985 2446 5066 membrana
2516 4986 2876 5066 inscriptum,
2928 4989 3050 5066 alia.
3116 4985 3470 5066 Alexandria

192 5052 336 5125 ﬂeet
365 5051 417 5104 in
445 5051 633 5125 Adone
666 5054 950 5125 habeatur,
997 5064 1053 5109 et
1107 5056 1328 5118 rectius,
1385 5055 1596 5124 opinor,
1640 5051 1785 5125 apud
1815 5058 1860 5119 C
1890 5054 2441 5125 εαηοιωᾼΙΞιιῙνοδξηίε
2486 5051 2720 5125 virginis,
2762 5057 2912 5124 cujus
2964 5059 3065 5110 vita
3109 5055 3383 5111 virtutibus
3423 5064 3472 5108 et

191 5121 404 5194 Bedam
434 5121 642 5194 Alypio,
674 5123 786 5192 ipsa
808 5127 996 5180 eadem
1023 5141 1206 5188 causa,
1236 5127 1379 5194 quod
1420 5121 1473 5178 in
1509 5121 1788 5180 codicibus

197 5189 408 5261 nostris
438 5189 714 5248 id'nomen
755 5209 860 5249 non
907 5197 1191 5261 habeatur,
1242 5189 1378 5250 forte
1420 5195 1666 5250 consulto
1720 5196 1789 5250 ab

204 5259 460 5331 [isnardo
489 5265 937 5331 prietermissum,
969 5259 1185 5320 tametsi
1209 5268 1343 5321 satis
1365 5265 1672 5321 verosimile
1694 5266 1786 5329 sit,

199 5327 515 5406 (etiam.
548 5333 777 5406 Probum
801 5327 1029 5406 Alipium
1061 5335 1282 5390 Honorii
1343 5347 1608 5405 tempore.
1634 5405 1637 5406 ν
1660 5327 1788 5389 dum

197 5399 528 5476 diuturnius,
553 5405 635 5458 vel
670 5399 1004 5460 Telemachus
1037 5407 1335 5462 trucidatus
1362 5399 1466 5472 est,
1507 5405 1788 5476 praefectu-

198 5484 324 5550 ram
361 5468 516 5550 Ur_l_)is
544 5475 974 5550 administrasse.
1000 5476 1222 5550 Legitur
1276 5478 1364 5532 hic
1391 5468 1462 5532 ct'
1507 5468 1672 5550 recte,
1733 5476 1786 5530 ni

197 5537 380 5617 fallor,
413 5541 654 5617 fingendi
679 5563 782 5617 non
807 5548 1062 5615 Augendi,
1075 5537 1283 5603 Vcontra
1313 5563 1473 5617 quam
1528 5537 1790 5604 habeatur

197 5607 258 5664 in
285 5606 531 5679 Pralenf,
563 5613 864 5681 Herinicn.,
889 5606 1214 5672 "l'ornacen.
1269 5606 1639 5680 ct'Munerat.,
1696 5617 1785 5671 ubi

1895 5123 2166 5179 miraculis
2211 5126 2362 5196 plena
2409 5123 2632 5194 refulsit.
2696 5125 2979 5180 Manifesta
3026 5127 3156 5189 Inec,
3210 5135 3266 5176 nt
3303 5125 3474 5179 mitis-

1892 5196 2027 5249 sime
2057 5197 2258 5260 dicam,
2298 5196 2663 5265 transpositio,
2691 5197 3070 5250 auctoritatem
3127 5196 3270 5250 illius
3323 5197 3473 5249 codi-

1893 5266 1971 5320 cis
1997 5275 2149 5320 certo
2183 5265 2474 5330 imminuit,
2501 5266 2850 5321 nihilominus
2880 5267 3052 5336 primo
3079 5268 3180 5336 hoc
3202 5266 3288 5319 die
3335 5265 3496 5320 inter

1895 5336 2144 5406 puriores
2177 5337 2350 5390 locum
2379 5337 2605 5407 obtinet,
2637 5353 2778 5407 sa-pe
2800 5335 2926 5390 alibi
2957 5336 3026 5390 ob
3074 5335 3316 5390 defectus
3355 5337 3480 5407 gra-

1892 5405 2069 5461 viores
2095 5407 2477 5462 excludendos.
2519 5405 2742 5461 Demum
2791 5407 3038 5469 observo,
3096 5421 3148 5460 in
3205 5405 3480 5475 ecgrapbo

1896 5476 2203 5558 Iornaccn.
2247 5493 2407 5558 voces
2449 5477 2705 5558 pauculas
2758 5476 3088 5558 immutatus,
3137 5489 3258 5544 quae
3299 5484 3478 5558 tamen

1896 5544 2061 5604 totius
2092 5549 2166 5603 rei
2194 5544 2550 5604 substantiam
2603 5546 2844 5610 ilbesam,
2897 5551 2950 5599 et
2999 5545 3254 5600 intactam
3312 5544 3477 5601 relin-

1887 5628 2080 5688 quunt.
2279 5621 2289 5628 ’
