3968 6368
500 368 607 435 (ἷῖἓί

1818 367 2118 423 USUARDI
2158 370 2461 427 MONAClll

3645 369 3758 424 676

499 504 584 549 est
628 499 771 545 torno
812 488 879 543 Ν
928 502 956 540 a
1009 501 1129 558 pag.
1166 485 1289 539 3l5.
1340 483 1758 538 Wandalbcrtus
1792 482 1873 537 sic
1918 482 2078 537 hodie
2105 485 2156 543 Α
2183 492 2291 558 gtc‘.
2325 484 2589 558 Cmtcrum
2616 485 3059 558 e§_Beda_rursu_s
3085 486 3394 558 derivautur
3417 501 3760 556 quaecunque

503 562 651 619 canit
683 579 696 591 ·

569 700 588 725 ι
603 674 724 724 ertia
746 678 851 730 post
868 672 1100 718 decimam
1129 668 1341 717 Fabiano
1365 666 1571 727 prmsule
1590 667 1732 716 tloret
1758 679 1771 715 :

562 737 651 786 Cui
677 734 816 797 parili
837 733 1147 781 Sebastianus
1178 733 1354 797 virtute
1377 734 1615 797 conteret,

562 788 712 847 Rom'a
731 808 878 856 quem
899 800 1086 841 vectum
1110 803 1236 839 nunc
1260 790 1462 838 Suessio
1489 789 1598 836 laeta
1624 788 1923 849 frequentat.

571 908 752 963 Tertia
780 902 1112 959 annuntiatio
1160 901 1213 954 in
1264 899 1699 969 Hieronymianis
1748 899 1940 955 eodem
1984 898 2078 953 de-

504 979 644 1035 fectu
677 977 883 1029 laborat
916 990 927 1024 :
960 970 1030 1025 1η
1067 970 1378 1033 είεηιειενὶο,
1414 967 1597 1027 Marii,
1630 967 1877 1032 Mart/ue,
1918 968 2082 1021 Audi-

530 1052 598 1101 aa:
622 1057 667 1099 et
705 1044 965 1097 Abbacuc.
995 1040 1095 1094 llic
1136 1054 1263 1092 vero
1292 1037 1661 1093 Florentinius
1692 1039 2080 1091 antonomasiat

542 1115 767 1171 enelicio
797 1127 902 1166 non
935 1111 1139 1171 utitur,
1164 1108 1258 1162 sed
1291 1107 1681 1161 innoniinatum
1710 1107 2081 1161 ccemcterium

503 1184 815 1239 Arenarium
848 1188 1034 1235 censet
1064 1194 1183 1232 esse
1216 1175 1315 1230 Via
1357 1176 1594 1229 Cornelia
1622 1216 1635 1237 ,
1659 1194 1777 1244 qua:
1806 1177 1857 1229 in
1888 1177 2080 1244 Epter-

502 1253 722 1309 nacensi
755 1260 811 1306 et
859 1251 911 1303 in
940 1247 1186 1302 Usuardo
1233 1246 1498 1315 signatur.
1551 1244 1674 1299 Sola
1714 1246 1931 1299 nomina
1984 1262 2079 1298 ex-

501 1324 685 1393 primit
714 1321 1014 1393 Ilomanum
1047 1331 1271 1393 parvum
1300 1355 1314 1378 ,
1348 1331 1575 1383 quorum
1610 1315 1842 1393 primum
1873 1316 2081 1393 e_t_ulgi-

504 1381 648 1446 inum
674 1381 821 1445 varie
848 1405 878 1441 a
910 1381 1178 1443 nonnullis
1212 1381 1457 1439 contorta
1490 1381 1763 1452 reperies;
1800 1395 1858 1436 ut
1889 1382 2079 1448 Maris,

504 1461 589 1517 vel
611 1459 825 1523 Marini,
853 1473 948 1527 pro
972 1455 1154 1521 Marii;
1180 1454 1492 1519 Ambacum,
1515 1453 1797 1518 Ambacuc,
1824 1453 2079 1519 Abacum,

2186 554 2461 614 Rabanus,
2490 555 2624 617 Ado,
2660 552 2967 616 Usuardus,
2999 552 3261 609 Notkerus
3307 555 3359 608 in
3399 552 3527 609 suos
3577 552 3757 611 textus

2187 623 2533 677 transtulere.
2568 623 2678 678 Hos
2725 624 2866 680 inter
2901 624 3183 678 minimum
3228 640 3256 676 a
3304 624 3451 678 fonte
3498 627 3757 681 recedere

2185 695 2396 763 videtur
2423 691 2717 763 Usuardus,
2740 693 2783 745 si
2806 692 3123 763 positionem
3147 694 3404 763 excipias,
3432 709 3624 762 nempe
3662 695 3755 747 l’ia

2191 761 2455 824 Cornelia,
2480 776 2638 829 quam
2672 762 2757 816 ille
2783 763 2930 815 solus
2954 762 3203 830 praeﬁxit.
3237 761 3289 816 in
3318 763 3471 819 Actis
3501 761 3751 828 fortasse,

2187 831 2384 901 autin
2429 831 2606 901 aliquo
2643 830 3054 901 llieronymiano
3101 833 3408 901 apographo
3460 842 3749 900 repertam.

2188 900 2261 953 De
2288 899 2540 954 Actorum
2566 899 2873 954 sinceritate
2900 900 3077 955 minus
3104 899 3316 955 videtur
3339 899 3616 955 dubitasse
3645 904 3757 956 Belo

2189 969 2398 1039 claudus,
2433 986 2593 1039 quam
2629 969 2896 1023 Baronius
2923 984 2936 1021 :
2975 986 3003 1024 a
3030 970 3351 1025 selectorum
3382 971 3703 1026 collectione
3727 987 3756 1025 a

2186 1038 2469 1108 iluiiiartio
2488 1039 2707 1093 exclusa
2733 1048 2874 1093 sunt.
2902 1039 3160 1108 Equidem
3184 1041 3347 1094 totius
3372 1041 3619 1095 historia:
3644 1043 3757 1095 sub-

2178 1105 2406 1174 jectum,
2435 1118 2496 1161 ut
2525 1110 2596 1162 ita
2628 1109 2837 1178 loquar,
2863 1105 2996 1164 satis
3016 1125 3198 1163 verum
3226 1109 3497 1173 existimo,
3526 1120 3613 1163 ast
3641 1126 3751 1162 mn-

2191 1178 2277 1229 nia
2311 1179 2671 1246 complanare,
2700 1194 2819 1247 qua:
2844 1178 3212 1232 Tillemontius
3237 1178 3424 1244 objicit
3450 1189 3599 1234 torno
3632 1179 3697 1234 lV
3726 1196 3755 1233 a

2226 1262 2327 1318 ag.
2352 1247 2453 1302 675
2482 1247 2857 1318 dilliciliimum
2882 1249 3135 1302 arbitror.
3175 1248 3232 1303 Si
3270 1250 3398 1318 quid
3430 1258 3614 1303 tamen
3646 1249 3759 1302 Bol-

2209 1317 2456 1371 andianis
2484 1317 2945 1387 disquisitionibus
2974 1317 3399 1385 superaddi,aut
3426 1320 3604 1387 magis
3643 1319 3760 1372 illu-

2190 1387 2350 1439 strari
2383 1394 2566 1455 queat,
2600 1387 2651 1439 id
2682 1387 2733 1439 in
2766 1386 2884 1442 loco
2912 1387 3302 1454 praestabimus,
3336 1396 3499 1456 atque
3524 1386 3589 1442 eo
3623 1390 3758 1443 reri-

2193 1457 2318 1510 tatis
2343 1456 2540 1522 studio,
2570 1471 2676 1525 quo
2703 1456 2755 1509 in
2785 1456 3048 1511 similibus
3075 1458 3277 1510 versari
3309 1456 3566 1512 solemus.

1920 1572 2328 1628 'AUCTARIA.

577 1668 1014 1725 Auroram-Mn.
1047 1667 1099 1720 in
1128 1667 1369 1722 Fabiano
1399 1666 1707 1722 Adonianus
1737 1674 1837 1719 cst.
1885 1665 1960 1718 De
1990 1663 2087 1716 Se-

507 1742 763 1796 bastiano
806 1739 967 1791 etiam
1004 1737 1179 1805 aliqua
1219 1737 1481 1791 admiscet
1529 1738 1628 1789 hoc
1681 1738 1836 1788 modo
1872 1753 1884 1786 :
1922 1754 1942 1805 γι
1982 1735 2082 1798 Qui

506 1811 560 1864 in
592 1818 800 1863 tantum
822 1822 980 1861 carus
1005 1804 1121 1860 erat
1146 1806 1477 1860 Diocletiano
1503 1816 1557 1860 et
1581 1804 2088 1872 illaximiauoimpe-

509 1879 783 1949 ratoribus
806 1917 821 1941 ,
849 1885 917 1949 ui
937 1877 1294 1949 principatum
1323 1877 1617 1949 ei_pi'ima3_
1637 1874 1876 1927 cohortis
1913 1876 2089 1949 trade-

510 1958 647 2003 rent.
679 1948 850 2013 Quem
889 1944 1271 2010 Diocletianus,
1304 1945 1391 1999 nbi
1422 1945 1786 2000 Christianum
1814 1944 2087 2012 cognbvit,

507 2034 611 2073 nec
651 2032 686 2097 a.
728 2016 833 2070 [ide
882 2032 1037 2097 posse.
1084 2017 1323 2097 revocari
1352 2015 1565 2097 ,jussit
1615 2014 1764 2083 ligari
1813 2014 2090 2093 immedio

512 2087 711 2155 campi,
743 2081 896 2154 quasi
927 2087 1137 2155 signum
1174 2088 1238 2139 ad
1283 2081 1677 2155 sagittandum,
1706 2092 1761 2135 et
1788 2081 2028 2155 saginari
2061 2096 2089 2134 a

512 2152 814 2219 militibus;
862 2155 953 2222 qui
981 2152 1122 2208 'cum
1171 2152 1380 2224 sagittis
1429 2154 1617 2224 plenus
1657 2153 1808 2220 quasi
1856 2152 2091 2224 hericius

514 2233 694 2288 esset,
723 2234 973 2294 putantes
1017 2238 1140 2277 eum
1190 2222 1484 2285 mortuum,
1530 2222 1796 2294 abierunt.
1822 2242 1857 2294 AD
1892 2222 2092 2294 Desunt

513 2289 761 2363 reliqua',
807 2309 925 2362 qua:
968 2308 1087 2363 cum
1134 2294 1437 2362 prioribus,
1478 2291 1676 2363 melius
1718 2292 1789 2363 in_
1818 2292 1975 2355 Beda,
2009 2289 2091 2343 vel

510 2360 699 2420 Adone
739 2360 1004 2434 legentur.
1041 2360 1151 2417 Sic‘
1176 2373 1231 2417 et
1266 2364 1337 2434 in_
1367 2362 1519 2415 tertia
1563 2360 1917 2429 iuconnpletus
1957 2369 2040 2413 est
2074 2376 2087 2412 :

519 2454 537 2486 ι
576 2435 775 2489 Eodem
798 2431 917 2487 'die
942 2432 1160 2493 Romae,
1197 2431 1373 2485 natale
1432 2440 1743 2485 sanctorum
1792 2439 2089 2500 martyrum

515 2504 737 2559 Marii...
772 2509 827 2556 et
858 2502 1074 2556 Abacuc
1116 2503 1403 2563 nobilium,
1435 2504 1525 2568 qui
1574 2500 1640 2554 ad
1670 2501 1971 2554 orationem
2003 2515 2095 2553 ve-

515 2583 708 2629 nerant
732 2572 936 2636 Ilomze,
973 2580 1210 2641 tempore
1236 2571 1442 2625 Claudii
1470 2570 1746 2639 principis.
1792 2588 1809 2619 ι

586 2643 871 2698 Roswero.
898 2643 951 2695 in
978 2636 1212 2696 Fabiano
1239 2641 1400 2696 etiam
1437 2636 1749 2694 Kdonianus
1769 2649 1871 2693 est.
1899 2638 1971 2691 De
1998 2636 2095 2691 Se-

513 2714 763 2767 bastiano
787 2728 851 2767 ex
887 2713 1075 2766 eodem
1107 2710 1255 2765 fonte
1283 2711 1387 2764 alia
1413 2710 1584 2764 ferme
1624 2710 1863 2778 decerpit
1895 2725 1907 2758 :
1941 2727 1959 2758 ι
1992 2707 2093 2774 Qui

511 2781 986 2854 jubente..._quasi
1017 2782 1226 2850 signum
1254 2782 1321 2834 ad
1345 2781 1600 2854 sagitiam
1645 2778 1872 2854 positus,
1898 2778 1971 2831 ita
1987 2794 2094 2854 ﬁsa-

515 2847 663 2922 gittis
711 2847 947 2921 reple—tus
982 2847 1088 2916 est;
1118 2860 1176 2904 ut
1208 2851 1358 2920 quasi
1400 2850 1625 2922 hiricius
1647 2847 1952 2902 rideretur.
1985 2847 2094 2902 De-

517 2921 641 2977 hinc
691 2923 829 2975 intra
885 2936 1084 2992 paucos
1136 2922 1251 2976 dies
1298 2921 1529 2992 sanitate
1576 2931 2093 2992 recuperaia,_cunt

518 2993 665 3062 ipsos
695 2987 1049 3062 imperatores
1096 2991 1160 3044 de
1192 2991 1562 3062 persecutione
1592 2987 1789 3062 iniusta
1839 2988 2097 3062 Christiat

520 3052 709 3117 norum
738 3052 946 3126 ,iibcra
983 3074 1112 3114 rocc
1142 3052 1437 3128 corriperet
1463 3099 1476 3123 ,
1502 3052 1676 3112 denuo
1703 3052 1916 3127 captus,
1950 3057 2094 3112 felici

2195 1681 2291 1735 per
2319 1664 2576 1719 indicium
2608 1663 2886 1728 columbae,
2909 1680 3070 1734 super
3096 1680 3216 1719 cum
3247 1665 3505 1735 divinitus
3542 1669 3760 1723 descen-

2194 1733 2386 1798 dentis,
2422 1736 2488 1820 ὴὲ
2518 1750 2706 1820 papam
2739 1743 2820 1787 est
2859 1733 3059 1820 electus
3104 1737 3204 1789 sub
3230 1733 3761 1820 Gordiano-impera-

2195 1814 2329 1865 tore,
2367 1815 2421 1856 et
2449 1804 2702 1857 Ecclesia:
2752 1804 2964 1865 prmfuit
2997 1820 3092 1858 xm
3145 1805 3319 1858 annis.
3352 1804 3459 1859 Iste
3494 1804 3764 1861 Fabianus

2195 1820 2329 1865 tore,
2367 1820 2421 1856 et
2450 1820 2702 1857 ecetesne
2789 1820 2964 1857 τωιυιι
2997 1820 3092 1858 xnt
3145 1820 3319 1858 annis.
3352 1820 3459 1859 tSte
3498 1820 3763 1861 r'auianus

2192 1875 2423 1944 restituit
2467 1874 2707 1944 (restitit)
2740 1820 2984 1942 Biiilippo
3017 1875 3325 1944 imperatori
3380 1877 3584 1930 volenti
3636 1879 3763 1931 intc-

2192 1958 2340 1996 resse
2378 1942 2598 1998 Pascha
2626 1942 2977 2011 sollempniis,
3009 1942 3179 1999 donec
3211 1955 3434 2010 peccata
3477 1959 3576 2000 sua
3603 1949 3765 2001 conti-

2193 2021 2419 2075 teretur,
2451 2022 2504 2066 et
2540 2013 2908 2081 pteniteutiam
2952 2020 3152 2082 ageret.
3192 2033 3210 2064 ι
3245 2012 3378 2068 Vide
3430 2016 3762 2070 Bollandum.

2200 2100 2217 2131 ι
2258 2082 2357 2135 Hic
2384 2094 2588 2154 septem
2613 2083 2967 2154 subdiaconos
2989 2083 3410 2154 constigtit,qui
3441 2097 3597 2154 gesta
3628 2100 3761 2138 mar-

2195 2164 2372 2224 tyrum
2418 2151 2696 2224 colligeret
2726 2150 3133 2224 (colligerent)._
3164 2150 3402 2206 Tandem
3444 2150 3550 2207 sub
3594 2170 3768 2224 perse-

2193 2223 2414 2293 cutione
2460 2223 2623 2293 Decii.
2663 2223 2853 2289 capitis
2876 2222 3243 2293 amputatioue
3270 2222 3611 2293 martyrium
3630 2242 3764 2278 con»

2194 2292 2379 2363 plevit.
2421 2311 2437 2342 ι
2477 2292 2550 2363 De
2581 2290 2920 2363 seliastiano,
2952 2292 3029 2363 sic
3079 2292 3246 2363 habet
3279 2309 3292 2343 :
3330 2312 3349 2342 ι
3383 2290 3541 2363 Apud
3582 2294 3766 2348 Cathe-

2198 2360 2423 2433 eumbas
2450 2402 2463 2433 ,
2496 2361 2637 2433 beati
2670 2360 2971 2433 Sebastiani
3022 2360 3225 2433 militis,
3269 2369 3324 2433 et
3370 2360 3658 2433 martyris.
3686 2366 3764 2433 qui

2200 2431 2397 2483 multos
2447 2432 2498 2483 in
2527 2430 2631 2484 [ide
2654 2440 2709 2484 et
2730 2431 2979 2499 passione
3001 2430 3345 2495 confortavit,
3376 2441 3432 2486 et
3480 2430 3684 2487 multos
3704 2430 3767 2487 ad

2200 2500 2358 2554 ﬁdem
2422 2501 2705 2555 convertit.
2741 2500 2836 2554 llic
2888 2514 3008 2554 cum
3054 2501 3391 2555 haberet..."
3425 2521 3444 2554 ι
3483 2519 3592 2557 non
3650 2505 3769 2557 satis

2197 2586 2350 2639 pure.
2406 2588 2424 2619 ι
2483 2572 2587 2623 Sed
2635 2579 2816 2638 postea
2852 2579 3183 2640 prtesentans
3226 2585 3285 2623 se
3331 2572 3768 2640 imperatoribus,

2197 2640 2522 2694 conveniens
2553 2640 2668 2694 illos
2695 2641 2759 2693 de
2793 2641 3395 2709 injustapersccutione
3436 2655 3767 2703 sauciorum,

2200 2717 2255 2781 et
2284 2710 2404 2763 ideo
2426 2710 2608 2781 jussus
2639 2711 2704 2781 ad
2733 2720 2957 2781 mortcm
2986 2708 3228 2781 instigari
3260 2720 3314 2764 et
3346 2726 3547 2781 corpus
3575 2712 3697 2781 ejus
3722 2714 3768 2765 in

2200 2778 2439 2833 cloacam
2471 2780 2679 2849 projici.
2720 2798 2738 2829 ›
2772 2780 2846 2850 De
2871 2778 3067 2843 Persis,
3089 2778 3175 2834 die
3217 2778 3570 2850 prtecetlenti.

2273 2850 2558 2920 Vlcronta.
2635 2850 2712 2903 Ex
2777 2849 3500 2920 llabanoipostfsepultus,
3554 2853 3624 2905 de
3679 2853 3768 2906 Fa-

2201 2920 2360 2991 biano
2386 2919 2546 2991 habet
2568 2919 2851 2991 sequentia
2885 2933 2951 2991 εῖν(
2987 2919 3084 2973 llic
3110 2919 3356 2991 regiones
3383 2921 3574 2973 divisit
3612 2921 3771 2975 diaeoo

2202 2990 2361 3043 nibus
2386 2999 2440 3044 et
2476 2989 2603 3044 fecit
2628 3001 2830 3059 septem
2875 2990 3143 3054 diacones,
3176 2989 3266 3060 qui
3290 2998 3504 3059 septem
3557 2993 3770 3045 notariis

2203 3059 2548 3130 imminerent
2598 3068 2653 3113 et
2702 3067 2849 3129 gesta
2895 3059 3204 3130 martyrum
3237 3060 3299 3130 in
3324 3060 3607 3130 integrum
3641 3061 3772 3115 colli-

518 3131 979 3186 consnmmatioue
1022 3128 1602 3200 martyriumcxcepit,
1631 3129 1979 3200 sepultusque
2010 3135 2093 3200 est
2121 3135 2164 3195 (ζ
2196 3138 2405 3199 gerent.
2448 3148 2478 3200 r
2502 3128 2717 3200 Deinde
2746 3130 2859 3183 haac
2885 3128 3083 3200 _assnit
3111 3147 3122 3181 :
3174 3147 3193 3180 ι
3236 3128 3404 3200 [iuius
3448 3132 3771 3200 temporibus

521 3202 573 3255 in
628 3200 985 3255 Catacumbas
1025 3198 1180 3268 juxta
1230 3199 1453 3269 vestigia
1508 3198 1894 3269 apostolorum.
1944 3216 1962 3248 ι
2018 3199 2095 3252 De

518 3270 709 3333 Mario,
740 3278 867 3331 etc.,
898 3269 983 3322 die
1010 3270 1349 3340 prmceilenti.

591 3341 801 3395 AGONES
845 3337 1133 3394 narranti
1162 3338 1399 3392 Fabiano
1433 3337 1774 3392 ascribuntur
1812 3337 1940 3391 anni
1985 3352 2093 3392 xlv.

521 3412 598 3467 De
630 3409 948 3479 Sebastiano
978 3425 1133 3479 pure.
1168 3411 1242 3462 Dc
1274 3408 1495 3478 reliquis
1520 3408 1710 3479 pridie.

588 3477 1063 3542 Auroram-Max”
1095 3478 1348 3543 Uuran
1395 3477 1653 3542 Lernam,
1701 3477 1992 3533 Lovamsa.
2043 3486 2100 3532 et

521 3553 717 3607 Eotrio
746 3549 1171 3604 ULTtlAJ.-BELG.
1205 3550 1279 3602 uti
1313 3549 1484 3616 pridie
1511 3549 2097 3619 retuleruntinartyres

523 3622 740 3683 Persas,
771 3621 843 3673 ita
887 3622 1103 3675 eosdem
1143 3619 1302 3674 hodie
1351 3619 1781 3688 printermittunt.
1822 3618 1878 3671 In
1929 3618 2099 3671 seba-

527 3703 700 3747 st'ano
732 3690 849 3760 puri
882 3699 1031 3760 sunt.
1051 3689 1126 3743 De
1160 3689 1418 3753 Fabiano,
1450 3696 1572 3756 post
1594 3703 1761 3760 ραριιξἵ
1788 3688 1901 3740 hate
1925 3688 2097 3760 solum

525 3756 855 3816 intersei-unt
893 3774 908 3812 :
952 3779 969 3810 ι
1004 3759 1105 3825 Qui
1131 3759 1371 3813 decimus
1401 3772 1572 3812 nonus
1598 3765 1719 3827 post
1751 3757 1966 3810 beatum
1996 3756 2099 3810 Pc-

524 3843 717 3887 trum.)

592 3904 827 3955 Aureae.
861 3908 914 3954 et
942 3898 1125 3953 DANIC.
1171 3913 1292 3952 cum
1328 3898 1597 3966 prioribus
1635 3896 1979 3959 cenveuiunt,
2008 3896 2099 3950 sed

527 3980 649 4041 post
698 3969 970 4041 sepultus,
1012 3969 1273 4041 adjiciunt
1316 3968 1595 4041 insuper_:
1651 3984 1669 4041 ε
1718 3966 2099 4041 iiic_(}lirisma

523 4035 799 4096 constituit
821 4039 974 4091 annis
1000 4035 1223 4108 singulis
1247 4037 1299 4090 in
1325 4035 1730 4108 CoeiiaDomiiti
1749 4035 2038 4108 celebrari.
2073 4055 2091 4087 ι

594 4109 878 4163 CENTULEN
911 4128 923 4160 ;
979 4126 996 4157 ι
1034 4105 1237 4173 Retine,
1265 4108 1456 4176 passio,
1496 4106 1636 4160 beati
1668 4105 1890 4159 Fabiani
1921 4121 2095 4176 papte,

528 4188 584 4234 et
606 4178 883 4249 martyris.
927 4177 1125 4249 Eodem
1156 4178 1257 4249 die,
1293 4175 1465 4249 sancti
1492 4176 1811 4249 Sebastiani
1852 4175 2097 4249 matyris,

533 4248 686 4317 cujus
714 4245 817 4301 [ide
867 4255 1028 4317 atque
1072 4247 1317 4318 doctrina
1353 4246 1504 4301 multi
1555 4246 1814 4318 martyrio
1849 4245 2101 4318 coronati

530 4314 675 4373 sunt.
726 4318 855 4372 item
886 4314 1073 4371 eadem
1118 4317 1203 4371 die
1252 4314 1794 4380 Romaasanctor'um
1847 4314 1999 4369 Marii
2049 4324 2102 4371 et

527 4387 768 4453 Marthm,
795 4403 916 4441 cum
949 4386 1071 4441 liliis
1096 4387 1209 4440 suis
1232 4385 1463 4441 Audifax
1486 4397 1540 4440 et
1569 4386 1810 4449 Abacuc,
1837 4387 2096 4439 nobilium

530 4459 596 4545 de
643 4458 860 4545 Persida
888 4497 901 4520 ,
954 4457 1167 4538 qui-ad
1211 4459 1510 4511 orationem
1558 4464 1813 4510 venerant
1860 4465 2101 4524 tempore
2130 4484 2181 4545 Β

528 4528 735 4585 Claudii
767 4528 1125 4597 imperatoris.
1165 4545 1183 4578 ι

602 4595 940 4652 BauxELLi-m.
992 4598 1070 4651 sic
1114 4596 1301 4665 incipit
1336 4614 1349 4648 :
1391 4615 1409 4647 ‹
1447 4595 1667 4661 Romae,
1709 4595 1888 4649 natale
1929 4595 2103 4650 sancti

532 4667 836 4724 Sebastiani
890 4669 954 4721 de
1008 4665 1344 4732 Mediolano,
1398 4681 1461 4720 ac
1514 4667 1770 4721 comitum
1814 4665 1949 4733 ejus.
2002 4665 2102 4732 Qui

532 4754 721 4794 cum...
769 4758 787 4789 ι
836 4754 940 4791 non
983 4737 1193 4789 omnino
1223 4752 1371 4806 pure.
1422 4736 1553 4789 Dein
1586 4748 1697 4805 post
1731 4752 1766 4806 ξ
1801 4736 2103 4806 deﬁceret:

532 4809 700 4877 Quem
731 4818 1001 4877 mortuum
1030 4806 1084 4859 in
1134 4803 1374 4859 cloacam
1405 4803 1695 4877 miserunt,
1720 4803 1883 4877 Cujus
1913 4820 2107 4873 corpus

533 4874 817 4947 a‘quodam
854 4876 1074 4947 Licineo
1118 4878 1424 4947 inventum,
1464 4883 1517 4929 et
1546 4876 1792 4947 in_cripta
1833 4874 1986 4947 juxta
2017 4890 2106 4928 ve-

533 4944 688 5019 stigia
712 4946 1073 5017 apOStolorum
1100 4944 1367 5019 sepultum
1392 4954 1494 4999 est.
1527 4964 1545 4996 ι
1582 4944 1719 5019 Tum
1749 4946 1815 4998 de
1840 4945 2100 5019 Fabiano,

534 5014 675 5088 post.
704 5014 854 5088 papa:
882 5026 928 5070 et
953 5014 1218 5088 martyris,
1244 5016 1332 5088 Asic
1372 5018 1715 5088 prosequiiur
1736 5032 1759 5088 _:
1792 5032 1810 5063 ι
1843 5014 1944 5080 Qui
1977 5016 2104 5069 sede

532 5084 931 5143 'vacau'te'dum
981 5088 1046 5140 de
1090 5084 1255 5142 l'Iuri
1303 5084 1569 5154 p..ntiﬁcis
1594 5084 1856 5138 electione
1906 5092 2106 5137 tracta-

531 5165 701 5220 retur,
730 5172 851 5211 cum
890 5156 1010 5210 aliis
1038 5155 1228 5219 adfuit,
1261 5167 1314 5209 et
1366 5156 1545 5209 subito
1578 5154 1826 5208 columba
1877 5154 2103 5208 candida

534 5226 599 5281 de
649 5228 784 5283 caelo
837 5241 998 5296 super
1041 5234 1201 5295 caput
1238 5226 1355 5295 ejus
1405 5222 1979 5296 descendens,dixit:
2026 5222 2102 5296 Tu

537 5297 719 5351 Itonia:
750 5294 1031 5367 episcopus
1059 5294 1418 5367 ordinatieris.
1449 5295 1548 5362 Qui
1575 5296 1654 5367 sic
1695 5294 1963 5367 divinitus
1991 5294 2104 5367 eleg

535 5377 673 5431 ctus,
700 5362 820 5436 post
851 5362 1171 5421 laudabilem
1200 5366 1386 5430 vitam,
1410 5381 1440 5418 a
1473 5366 1633 5418 Decio
1655 5379 1750 5436 pro
1776 5365 1878 5418 litle
1905 5362 2107 5436 Christi

536 5434 850 5491 decoll‘atur.
888 5436 984 5490 Hic
1013 5437 1200 5490 statuit
1233 5446 1292 5489 ut
1337 5436 1483 5488 omni
1529 5450 1671 5488 anno
1700 5434 1750 5486 in
1798 5448 1950 5486 cmna
2007 5434 2110 5487 Do-

534 5507 667 5560 mini
699 5509 896 5562 crisma
933 5517 1279 5561 consecretur
1314 5523 1325 5559 :
1361 5514 1415 5559 et
1442 5516 1684 5558 exactam
1710 5519 1893 5557 curam
1923 5505 2112 5556 habuit

536 5586 598 5647 ut
624 5587 774 5645 gesta
805 5586 1101 5647 martyrum
1132 5579 1182 5630 in
1231 5577 1499 5646 integrum
1543 5574 1943 5642 colligerentur.
1987 5592 2003 5622 ι
2037 5575 2113 5627 De

540 5645 741 5716 Persis,
776 5647 861 5699 die
886 5645 1230 5716 praecedenti.

614 5712 948 5771 Ιιλρειςογέκ.
993 5718 1058 5771 de
1087 5716 1346 5781 Fabiano,
1376 5714 1535 5785 paulo
1566 5713 1723 5766 aliter
1771 5712 1942 5780 primo
1997 5712 2113 5767 loco

542 5787 867 5840 annuntiat:
907 5805 923 5833 ι
954 5786 1054 5848 Qui
1102 5787 1201 5839 fuzt
1230 5802 1316 5838 xix
1362 5795 1483 5855 post
1530 5786 1742 5837 beatum
1795 5785 2115 5848 l'etrum,ct

2200 3197 2510 3268 supervenit
2531 3198 2859 3272 Novatianus
2884 3198 3020 3272 [ruit
3051 3199 3220 3272 dicere
3247 3197 3507 3272 Novatus]
3551 3197 3621 3254 ex
3647 3201 3772 3253 Afri-

2196 3283 2282 3340 ca,
2315 3281 2370 3322 et
2414 3271 2683 3340 separavit
2716 3269 2782 3340 de
2828 3268 3052 3323 ecclesia
3085 3268 3465 3340 Noyatianum.
3491 3268 3770 3340 postquam

2196 3338 2408 3410 Moyses
2436 3338 2713 3394 confessor
2744 3339 2797 3392 in
2849 3353 3067 3393 carcere
3103 3338 3384 3393 defunctus
3413 3350 3516 3402 est,
3551 3338 3658 3410 qui
3686 3340 3772 3392 fuit

2198 3409 2477 3464 mensibus
2500 3424 2575 3462 χι.
2619 3428 2637 3461 ι
3560 3409 3567 3413 ’

2270 3476 3073 3535 MATRIC.-CARTHUS.-ULTRAJ.
3115 3495 3128 3531 :
3172 3478 3455 3533 «Fabiani
3485 3487 3545 3533 et
3586 3478 3774 3533 Sebas-

2199 3548 2350 3613 tiani,
2395 3549 2709 3619 martyrum,
2743 3549 2895 3603 Marii
2936 3558 2990 3602 et
3021 3549 3244 3619 Martha:
3292 3564 3415 3603 cum
3467 3550 3601 3603 ﬁliis
3631 3550 3772 3603 nobi-

2199 3619 2359 3674 libus.
2414 3618 2742 3674 Marcelliani
2788 3619 3052 3689 etiMarci,
3095 3635 3158 3673 ac
3189 3618 3559 3689 Tranquillini
3615 3630 3775 3689 patris

2201 3698 2763 3761 eorum,_martyrnm.
2782 3710 2818 3761 Δι
2848 3688 3109 3761 Speclaut
3146 3688 3196 3743 bi
3230 3691 3296 3742 ad
3332 3704 3466 3761 xviri
3493 3688 3672 3753 Junii,
3701 3690 3777 3741 hic

2201 3768 2379 3813 autem
2419 3756 2742 3829 Sebastiano
2774 3756 2913 3813 forte
2927 3757 3099 3827 juncti
3122 3768 3268 3822 sunt,
3292 3760 3437 3827 quod
3467 3774 3666 3813 eorum
3698 3774 3778 3829 ge-

2201 3837 2285 3897 sta
2311 3829 2361 3882 in
2396 3828 2538 3882 illius
2558 3829 2721 3897 Actis
2751 3830 3296 3897 comprehendantur.

2270 3896 2508 3968 Remens.
2542 3896 2796 3953 Ecclesiae
2817 3939 2831 3964 ,
2864 3896 2963 3953 SS.
2987 3898 3292 3968 ,Timothei,
3323 3909 3377 3952 et
3401 3898 3732 3968 Apollinaris
3762 3913 3776 3951 :

2208 3985 2226 4018 ς
2262 3967 2517 4037 Lugdune
2544 3969 2752 4031 Galliae,
2777 3971 2947 4023 sancti
2967 3967 3262 4039 Cicmeutis
3288 3967 3623 4039 presbyteri.
3660 3990 3679 4021 ›
3712 3971 3777 4023 De

2202 4052 2266 4111 eo
2291 4039 2651 4093 meminerunt
2673 4040 2981 4111 apographa
3011 4037 3431 4111 Hieronymiana
3455 4037 3470 4105 ξ
3515 4040 3599 4093 uti
3627 4040 3779 4094 etiam

2202 4108 2334 4161 Acta
2367 4117 2552 4178 nostra
2574 4108 2882 4178 perpaucis:

2275 4177 2472 4233 Enmo
2508 4176 2867 4233 Lenaeo-(30L.
2902 4179 2967 4233 de
3008 4177 3245 4233 Fabiano
3270 4177 3445 4233 solum
3487 4178 3705 4241 inserit,
3730 4184 3784 4230 ut

2205 4263 2366 4319 supra
2397 4265 2411 4301 :
2449 4266 2468 4299 ‹
2504 4249 2605 4315 Qui
2634 4264 2724 4302 tux
2766 4257 2887 4319 post
2922 4250 3135 4319 beatum
3168 4246 3406 4319 Petrum.
3458 4248 3667 4303 Eodem
3706 4248 3785 4300 die

2207 4316 2389 4373 Roma:
2414 4319 2480 4371 ad
2500 4316 2875 4383 Catacumbas,
2904 4317 3078 4371 natale
3109 4319 3280 4371 sancti
3313 4316 3627 4371 Sebastiani
3656 4333 3785 4371 mar-

2208 4389 2359 4459 tyris.
2392 4388 2492 4454 Qui
2524 4403 2646 4442 cum
2679 4389 2917 4453 haberet,
2964 4408 2982 4439 ι
3017 4395 3075 4440 ιιι
3116 4402 3302 4457 supra,
3334 4395 3443 4440 etc.
3489 4388 3569 4442 De
3608 4387 3784 4442 Persis

2206 4460 2367 4513 etiam
2398 4459 2486 4512 die
2519 4459 2861 4527 prtecedenti.

2277 4527 2466 4583 BELIN.
2497 4528 2737 4597 Utraque
2782 4529 2948 4583 editio
2977 4528 3029 4582 in
3059 4537 3207 4583 textu
3258 4542 3364 4581 non
3391 4528 3623 4583 omnino
3660 4541 3785 4597 pura

2208 4607 2291 4653 est
2317 4616 2329 4651 :
2356 4599 2559 4652 omittit
2600 4596 2812 4660 Persas,
2845 4600 2909 4653 de
2953 4599 3148 4667 quibus
3170 4598 3282 4667 egit
3323 4597 3411 4668 die
3436 4596 3785 4668 praecedenti,

2206 4678 2264 4722 et
2297 4669 2352 4721 in
2397 4678 2627 4737 utraque
2668 4670 2952 4737 subjicitur
2973 4665 3001 4721 ἐ
3047 4688 3066 4719 ‹
3104 4665 3339 4722 Civitate
3363 4665 3638 4729 Taurina,
3665 4682 3787 4721 san-

2209 4747 2417 4809 ctorum
2441 4749 2737 4809 martyrum
2762 4737 3052 4809 Solutoris,
3078 4738 3403 4809 adventoris
3426 4746 3483 4791 et
3505 4738 3737 4809 Cetarii.
3765 4754 3783 4785 ι

2210 4807 2350 4861 Sunt
2397 4808 2450 4862 hi
2494 4824 2558 4862 ex
2589 4807 2805 4862 celebri
2838 4808 3043 4877 legione
3084 4807 3339 4871 Tlicbaaa,
3369 4814 3426 4860 et
3479 4808 3534 4859 in
3565 4808 3792 4861 Praeter-

2213 4877 2393 4932 niissis
2442 4879 2787 4945 remittuntur
2818 4876 2903 4930 ad
2931 4894 3001 4930 xx
3030 4876 3368 4941 Novembris,
3409 4892 3522 4945 quo
3566 4878 3665 4931 die
3704 4891 3793 4930 eo-

2212 4962 2329 5018 rum
2360 4944 2607 5001 meminit
2635 4946 3071 5018 Martyrologium
3115 4944 3440 5018 Romanum.

2282 5016 2547 5078 Gnevsa.,
2572 5014 3017 5086 pra‘ter'more'm,
3058 5015 3403 5086 hociunicum
3436 5017 3606 5070 habet
3650 5014 3791 5069 addi-

2214 5096 2507 5141 tamentum
2534 5103 2546 5137 :
2574 5084 2595 5137 i
2628 5087 2826 5140 Eodem
2852 5089 2959 5150 die,
2986 5087 3128 5140 beati
3150 5084 3435 5140 Policronii
3459 5087 3744 5155 martyris.
3770 5104 3787 5132 ι

2215 5159 2328 5212 Duo
2362 5158 2414 5212 in
2440 5157 2828 5210 Praetermissis
2856 5155 3200 5226 Polyehronii
3244 5163 3647 5218 memorantur,
3681 5165 3795 5208 uter

2212 5243 2399 5281 eorum
2431 5228 2519 5287 sit,
2548 5228 2806 5280 hactenus
2834 5227 3127 5280 nescimus.

2286 5297 2493 5352 MOLAN.
2530 5297 2581 5349 in
2623 5297 2794 5366 prima
2844 5296 3081 5366 editione
3128 5312 3149 5366 :7
3195 5312 3213 5345 ι
3258 5292 3491 5349 Civitate
3520 5293 3795 5366 Taurino.

2214 5377 2524 5421 sanctorum
2571 5364 2867 5438 martyrum
2916 5364 3564 5438 _Solu_toris,_Ad_yentoris
3615 5374 3673 5438 et
3691 5365 3801 5438 Qe-

2218 5438 2381 5500 tarii;
2421 5456 2438 5488 ι
2474 5452 2537 5490 ex
2570 5432 2755 5488 Belin'o
2788 5451 2802 5489 :
2861 5453 2879 5485 ι
2914 5434 3175 5504 Lugdune
3204 5435 3415 5498 Galliae,
3447 5436 3627 5488 sancti
3681 5432 3797 5487 Cle-

2218 5508 2414 5559 mentis
2454 5506 2771 5575 presbyteri.
2810 5523 2826 5555 ι
2865 5506 2940 5558 De
2964 5520 3072 5574 quo
3103 5519 3286 5573 supra.
3315 5506 3369 5559 ln
3400 5505 3799 5575 posterioribus

2219 5574 2525 5645 adjungitur
2551 5594 2564 5629 ε
2600 5574 2626 5626 r
2658 5575 2753 5629 Die
2781 5575 3059 5645 vigesima,
3090 5576 3263 5628 sancti
3295 5586 3353 5630 et
3382 5574 3686 5645 theopbori
3710 5588 3801 5641 pa-

2220 5642 2317 5699 tris
2345 5642 2612 5716 Euthymii
2640 5642 2896 5716 magni.)
2931 5645 3005 5716 De
3024 5645 3141 5714 ipso
3163 5645 3215 5698 in
3239 5646 3389 5716 Actis
3413 5643 3631 5716 fuse,_et
3662 5642 3802 5716 forte

2220 5717 2324 5768 alia
2345 5717 2397 5768 iu
2423 5710 2806 5785 supplemento
2840 5710 2962 5768 addi
2989 5710 3263 5785 poterunt.
3294 5714 3431 5768 Tum
3461 5714 3603 5785 typis
3632 5714 3803 5765 mino.

2224 5788 2370 5838 ribus
2401 5802 2414 5837 :
2448 5805 2464 5835 ι
2502 5782 2702 5840 Eodem
2732 5786 2816 5840 die
2852 5782 3025 5839 saucii
3072 5784 3241 5839 Mauri
3272 5782 3512 5854 episcopi
3543 5782 3807 5835 Cesennae
