3958 6348
148 367 267 422 809

1184 363 1810 422 MARTYROLOGIUM.
1854 395 1924 406 -ι-
1965 362 2170 420 MENS.
2213 364 2419 419 MART.

3335 367 3438 422 8l0

144 480 393 554 Civilatc
439 478 698 554 Marsilia,
750 487 1062 554 sanctorum
1113 479 1383 537 Hermetis
1421 492 1476 537 et
1521 481 1742 538 Juliani.
1775 490 1826 550 Α
1853 483 2178 554 ehiepiscopi
2209 493 2264 538 et
2291 482 2637 539 confessoris.
2668 481 2818 554 Hunc
2847 485 3185 540 nasciturum
3212 495 3437 540 sanctus

144 551 313 634 Apud
342 551 597 620 oppidum
629 550 1022 634 imperiale.._...
1050 570 1067 602 »
1097 563 1155 634 ut
1182 568 1364 634 supra.

231 623 551 686 AQUlClNCJ‘.
607 622 906 690 penultimo
942 621 1064 678 loco
1100 621 1396 692 interjicit:
1435 643 1454 674 ‹
1484 623 1743 690 Turonis,

147 693 333 748 sancti
391 692 657 762 Simplicii
711 692 1058 751 confessoris.
1098 714 1116 747 »
1169 693 1300 762 Qum
1341 696 1530 750 eadem
1587 696 1751 750 habet

147 763 333 838 codex
361 764 1028 838 Dav_erouen_sis._Addere
1057 773 1528 838 uterquegpoterat
1579 785 1612 838 «γ
1630 767 1747 838 epi-

147 835 332 902 scopi,
350 855 368 886 »
400 835 580 906 agitur
603 835 746 906 enim
775 836 840 906 de
862 836 1270 906 archiepiscopo
1290 836 1638 892 Bituricensi.

231 903 517 961 VtCTORlN.
558 905 788 977 etRec.
811 903 977 977 Suec.
1027 903 1164 962 {'50:
1200 903 1391 977 iApud
1422 908 1611 962 urbem
1635 907 1749 963 An-

150 977 392 1040 tinoum,
424 977 604 1046 passio
631 976 776 1031 beati
800 976 1076 1033 Leonidis.
1112 998 1130 1031 »

228 1046 1050 1119 MATRIC.-CARTHUS.-ULTRAJ.
1085 1048 1274 1119 incipit
1309 1065 1323 1103 :
1367 1068 1385 1099 ι
1427 1046 1596 1104 David
1633 1048 1751 1118 epi-

147 1119 310 1187 scopi
341 1127 394 1173 et
429 1118 776 1180 confessoris,
807 1119 960 1188 cujus
990 1120 1114 1174 miri
1151 1118 1304 1176 actus
1345 1119 1750 1185 describuntur,

147 1205 220 1270 ac
245 1189 660 1258 discipulorum.
701 1211 718 1241 »
745 1189 955 1245 Caetera
984 1206 1051 1246 ex
1081 1201 1246 1256 textu,
1298 1191 1392 1246 sed
1421 1190 1611 1244 mutila
1637 1205 1754 1246 om-

146 1275 271 1314 Illa.

225 1331 414 1404 Codex
435 1330 745 1404 Βιςοτιλιῖη
767 1335 1012 1404 signatus
1038 1333 1098 1388 P.
1131 1333 1186 1400 5,
1215 1335 1601 1391 CLUNIACENSIS
1625 1333 1752 1388 item

143 1411 205 1457 et
238 1402 608 1459 UGBELLIAN.:
645 1421 664 1455 ι
685 1402 873 1460 Passio
898 1406 1072 1461 sancti
1102 1405 1301 1461 Leonis
1331 1405 1604 1461 martvris.
1623 1423 1644 1458 »

223 1473 622 1548 Aurapsum,
660 1487 789 1548 post
822 1476 1052 1548 Adriani
1087 1519 1101 1544 ,
1161 1477 1377 1548 adjicit:
1434 1473 1694 1530 «Iuliani.
1729 1493 1749 1526 »

147 1544 325 1600 Dein:
358 1566 376 1597 ί
398 1546 588 1602 Passio
621 1544 795 1603 sancti
822 1546 1072 1603 Leonis.»

228 1615 464 1674 S'rnozz.
483 1629 536 1674 et
552 1618 746 1674 MEDlC.
780 1635 793 1670 :
820 1637 838 1669 ι
860 1619 993 1675 ltem
1010 1620 1191 1689 passio
1207 1620 1380 1675 sancti
1393 1617 1593 1674 Leonis
1609 1633 1755 1689 marg-

148 1689 314 1811 gyris.
346 1689 403 1743 ln
432 1689 650 1747 civitate
689 1689 919 1753 Perusii,
962 1688 1246 1746 translatio
1285 1691 1531 1760 corporis
1578 1688 1751 1744 sancti

203 1759 470 1811 erculani.
505 1760 746 1811 eiusdem
789 1761 1028 1811 civitatis
1075 1763 1310 1811 κοῖςωοί
1340 1772 1395 1811 et
1437 1761 1746 1811 martvris.»

203 1759 470 1832 e_rculani,
505 1760 746 1828 ejusdem
789 1761 1028 1817 civitatis
1075 1763 1310 1832 episcopi
1340 1759 1395 1818 et
1437 1761 1746 1832 martyris.»

229 1829 572 1926 Dnuxnutuu.
601 1851 614 1887 :
639 1853 665 1914 ,ί
686 1832 916 1926 Civitate
945 1829 1204 1926 M'assilia,
1247 1829 1564 1926 sanctorum
1584 1829 1595 1832 ⁷
1616 1831 1750 1886 Her—
1779 1866 1828 1926 Β

152 1901 321 1976 me_ti_s_
345 1912 402 1976 et
427 1903 676 1976 Adriani,
699 1912 754 1976 et
773 1904 953 1975 passio
984 1905 1178 1960 Leonis
1205 1905 1481 1976 martyris.
1514 1923 1530 1954 »

228 1970 407 2028 Editio
453 1970 849 2043 Luneco-Coi..,
898 1975 1076 2044 primo
1119 1977 1237 2031 loco
1275 1993 1287 2029 :
1339 1970 1365 2027 ἱ
1382 1976 1438 2030 ln
1477 1977 1751 2031 territorio

154 2041 450 2112 Montensi,
480 2047 678 2117 oppido
704 2041 992 2117 imperiali.
1025 2086 1038 2099 .
1074 2087 1088 2101 .
1125 2068 1170 2101 .»
1200 2058 1257 2102 ιιι
1281 2062 1463 2118 supra.
1494 2045 1752 2118 Sequitur

155 2121 341 2189 textus
381 2116 590 2189 purus;
634 2118 688 2172 in
736 2116 908 2189 fine}
935 2136 954 2168 ς
990 2118 1148 2189 Apud
1186 2119 1373 2172 urbem
1429 2116 1748 2189 Antinoum,

157 2185 303 2261 beati
322 2184 573 2261 Leonidis
595 2191 872 2261 martyris.
891 2188 1012 2261 Ipso
1031 2184 1138 2261 die,
1156 2197 1471 2245 sanctorum
1489 2187 1750 2261 Srimplicii

160 2266 217 2310 et
247 2256 473 2314 Senardi
515 2256 931 2316 confessorumf
955 2260 1155 2316 Eodem
1207 2261 1314 2326 die,
1365 2260 1536 2314 sancti
1569 2256 1752 2314 Clonte

163 2331 432 2401 martyris.
466 2350 484 2382 »
511 2330 630 2386 Jam
651 2332 888 2387 diximus
908 2332 1175 2387 Donatum
1194 2347 1335 2387 esse.
1369 2350 1386 2382 ‹
1410 2331 1543 2386 ltem
1571 2331 1748 2386 sancti

170 2398 331 2481 David
359 2402 680 2481 episcopiet
718 2402 1066 2460 confessoris.
1115 2405 1237 2476 ipso
1283 2403 1390 2469 die,
1427 2402 1598 2458 sancti
1638 2401 1749 2456 Mo-

169 2473 293 2523 nani
327 2473 668 2530 confessoris.
705 2495 725 2528 »

235 2539 412 2620 _Bst_.iu.
436 2563 453 2620 _:
498 2567 515 2597 ‹
541 2545 745 2620 Eodem
776 2548 864 2620 die
891 2548 1033 2620 apud
1058 2546 1361 2620 Perusiam,
1393 2546 1565 2620 sancti
1610 2544 1745 2620 lier-

160 2609 337 2689 culani
365 2617 604 2689 episcopi
630 2627 683 2671 et
711 2609 1106 2676 confessoris.»
1143 2609 1393 2675 Secunda
1419 2619 1537 2689 ejus
1580 2616 1746 2672 editio

158 2683 298 2757 male
320 2683 448 2757 legit
482 2707 498 2738 ι
524 2683 888 2746 Herculiani.»

227 2753 544 2813 Gnevisuar
567 2761 626 2815 ln
656 2761 860 2829 Africa,
901 2763 1095 2819 Donati
1131 2775 1187 2819 et
1214 2762 1442 2817 aliorum
1478 2774 1568 2813 xlv
1604 2773 1751 2813 inar-

155 2829 542 2907 tyrum._Apud
565 2833 751 2887 urbem
774 2835 1088 2907 Antinoum,
1115 2833 1288 2907 sancti
1319 2830 1576 2907 Leonidis
1606 2845 1750 2907 mar—

155 2899 308 2971 tyris.
353 2899 486 2954 ltem
541 2912 852 2960 sanctorum
895 2905 1168 2971 Abundii,
1221 2903 1452 2967 Leonis,
1513 2903 1749 2966 Arcasti,

201 2969 480 3028 olocronii.
510 2973 712 3031 Eodem
752 2977 860 3043 die,
903 2975 1051 3032 beati
1092 2969 1261 3032 David
1301 2973 1640 3031 Menevensis
1666 2987 1754 3027 ar-

1851 553 2139 626 Patricius
2179 554 2448 609 Hiberniae
2502 553 2782 626 patronus,
2835 571 2932 625 per
2979 555 3194 626 triginta
3247 573 3438 619 annos,

1854 624 2082 697 Domino
2108 625 2401 697 revelante,
2433 626 2696 696 praevidit.
2733 624 2901 681 Natus
2947 624 3077 697 vero
3097 642 3220 681 cum
3267 627 3440 697 bapti-

1855 696 1968 750 zari
1993 697 2233 760 deberet,
2259 695 2378 750 fons
2396 713 2549 766 aqua:
2571 697 2752 753 subito
2772 697 2972 766 erupit.
2999 696 3131 752 Cum
3153 695 3443 766 aliquando

1853 767 2206 837 Evangelium
2234 769 2406 821 sancti
2426 766 2650 823 Joannis
2678 767 2960 830 scriberet,
2983 776 3039 821 et
3060 766 3268 835 pulsata
3297 784 3445 822 cam-

1858 835 2031 908 pana,
2062 835 2129 891 ad
2152 852 2288 908 opus
2323 838 2442 903 Dei,
2477 854 2642 908 opere
2669 854 2768 893 suo
2815 838 3161 907 incompleto,
3211 837 3442 908 festinus

1853 907 2079 974 exisset,
2125 907 2422 978 regressus,
2479 907 2682 965 invenit
2714 909 2894 964 aureis
2936 909 3151 970 litteris,
3200 907 3446 978 angelico

1857 979 2159 1034 ministerio
2187 989 2637 1035 consummatum.
2671 981 2820 1036 Obiit
2842 981 3058 1034 tandem
3091 980 3282 1050 plenus
3325 979 3442 1033 die-

1858 1065 1978 1104 rum
2003 1067 2144 1106 auuo
2173 1051 2296 1105 vitae
2331 1066 2442 1105 sua:
2467 1067 2642 1106 chvt.
2667 1071 2685 1100 »
2717 1051 2850 1107 Vide
2872 1052 2987 1106 hmc
3016 1051 3070 1104 in
3093 1050 3246 1105 Actis
3275 1065 3441 1105 accu-

1857 1121 2029 1176 ratius
2053 1122 2316 1177 discussa.
2356 1139 2374 1172 ‹
2395 1121 2452 1176 In
2485 1123 2760 1177 territorio
2791 1121 3076 1185 Montensi,
3105 1121 3302 1191 oppido
3347 1121 3446 1174 im-

1856 1191 2047 1262 pcriali
2074 1194 2217 1262 quod
2245 1191 2445 1248 Werda
2472 1193 2690 1256 dicitur,
2720 1193 2897 1248 natale
2939 1192 3110 1247 sancti
3151 1192 3442 1256 Svicberti,

1855 1263 2094 1333 episcopi
2119 1262 2409 1318 Verdensis
2450 1274 2506 1319 et
2529 1265 2875 1320 confessoris.
2915 1263 3040 1330 Qui,
3090 1273 3149 1317 ut
3195 1263 3337 1318 Beda
3391 1263 3445 1315 in

1857 1335 2024 1404 gestis
2053 1334 2348 1406 Anglorum
2377 1335 2568 1401 refert,
2598 1345 2838 1406 tempore
2880 1336 3053 1406 sancti
3094 1333 3445 1406 Willebrordi

1855 1405 2468 1477 episcopus’ordinatus,
2527 1405 2754 1463 verbum
2779 1405 2970 1477 salutis
3020 1405 3272 1477 gentibus
3309 1419 3449 1477 prae-

1857 1475 2078 1548 dicavit,
2126 1487 2182 1531 et
2227 1492 2257 1530 a
2281 1477 2471 1548 Pipino
2512 1494 2636 1548 rege
2664 1478 2896 1533 obtinuit
2926 1475 3102 1532 locum
3149 1475 3449 1548 mansionis

1858 1547 1911 1601 in
1946 1548 2118 1602 insula
2164 1547 2357 1603 Rheni.
2411 1548 2510 1602 Ubi
2565 1547 2895 1605 monasterio
2938 1557 3272 1612 constructo,
3303 1547 3449 1615 quod

1858 1617 2122 1673 hactenus
2161 1617 2278 1687 ejus
2326 1621 2553 1675 heredes
2581 1621 2877 1690 possident,
2910 1619 3245 1690 aliquandiu
3275 1616 3449 1690 couti-

1857 1689 2230 1762 nentissimam
2251 1691 2416 1744 vitam
2438 1688 2611 1757 duxit,
2636 1701 2690 1748 et
2711 1691 2916 1762 quievit
2939 1688 3287 1762 in’pace._llic
3307 1689 3450 1742 inter

1859 1773 2131 1814 cetera....
2168 1760 2288 1830 lpso
2311 1763 2418 1828 die,
2446 1762 2696 1818 Senardii
2730 1759 2972 1816 abbatis.
3014 1759 3281 1830 Simplicii
3314 1773 3446 1813 con-

1856 1831 2101 1886 fessoris.
2145 1829 2207 1886 In
2251 1832 2452 1897 Scotia,
2512 1833 2726 1889 Monani
2765 1833 2967 1887 Levita:
2995 1841 3051 1887 et
3095 1829 3444 1886 confessoris.

1854 1901 1988 1957 Item
2011 1903 2150 1972 apud
2179 1903 2481 1972 Perusiam,
2498 1905 2794 1962 secundum
2812 1903 3044 1973 aliquos,
3061 1902 3243 1973 passio
3269 1901 3447 1973 sancti

1857 1970 2145 2048 Herculani
2196 1975 2434 2048 episcopi
2469 1970 2536 2032 iet
2562 1970 2963 2048 martyris,.q'ui
3001 1970 3162 2028 in'vu
3191 1973 3314 2028 ldus
3340 1970 3443 2026 No-

1855 2045 2093 2100 vembris
2119 2047 2356 2115 ponitur.

1927 2113 2135 2170 MOLAN.
2161 2117 2228 2171 de
2251 2117 2444 2173 Albino
2465 2118 2664 2173 litteris
2688 2117 2889 2173 Italicis
2914 2115 3220 2172 interserit:
3245 2134 3261 2165 ι
3283 2113 3451 2183 Cujus

1855 2187 2022 2260 vitam
2076 2187 2384 2260 furtunatus
2432 2189 2717 2260 presbyter
2761 2189 3104 2260 conscripsit.
3134 2206 3153 2238 »
3207 2186 3349 2260 Tum
3392 2186 3448 2239 in

1856 2256 2365 2332 fi_ne:_cFestiyitas
2417 2256 2729 2332 sanctp'rum
2779 2256 3106 2332 Angelorurn
3162 2257 3450 2332 custodum

1856 2328 2197 2402 singulorum
2223 2330 2523 2386 hominum.
2557 2330 2762 2387 Eodem
2792 2328 2889 2386 die
2901 2331 3043 2402 apud
3072 2329 3446 2402 Perusiam...

1851 2398 2006 2473 Apud
2020 2403 2210 2456 urbem
2226 2403 2539 2458 Antinoum.
2629 2402 2787 2473 Apud
2797 2398 3052 2473 oppidum
3067 2398 3410 2473 imperiale...
3425 2421 3444 2448 »

1853 2466 1920 2525 Εἰ
1949 2472 2271 2527 charactere
2309 2474 2505 2543 minori
2539 2492 2550 2526 :
2586 2492 2604 2524 ι
2637 2466 2970 2537 Eodem-die,
3000 2466 3444 2543 beati'David...»

1853 2557 2028 2628 usque
2074 2543 2140 2598 ad
2194 2540 2546 2628 c‘przeviditz.»
2603 2545 2665 2628 lu
2709 2543 3037 2628 editionibus
3099 2540 3447 2628 aliis‘a‘dhuc

1854 2609 2071 2668 additur
2109 2633 2122 2668 :
2159 2632 2178 2666 ε
2215 2609 2420 2671 Eodem
2476 2615 2562 2670 die
2614 2614 2864 2671 Massiliae
2894 2655 2909 2680 ,
2967 2613 3144 2669 sancti
3181 2609 3446 2681 Adalongi

1853 2685 2114 2755 episcopi.
2140 2704 2158 2738 »
2193 2684 2250 2739 ln
2295 2686 2447 2742 Actis
2521 2687 2935 2741 raztermittitur.
2966 2704 2984 2735 ι
3007 2685 3104 2739 Die
3143 2684 3338 2754 prima,
3361 2697 3450 2736 sa-

1856 2765 2154 2811 crosancta!
2191 2759 2448 2811 martvris
2477 2701 2746 2811 Eudociae.
2773 2757 2830 2811 ln
2862 2757 3134 2810 territorio
3182 2754 3447 2808 Cenoma-

1856 2754 2154 2812 crosauctte
2191 2759 2448 2828 martyris
2477 2754 2746 2828 Eudociae.
2773 2757 2830 2814 ln
2862 2757 3169 2828 territorio_
3182 2754 3447 2828 Cenoma-

1857 2824 2450 2905 nensi,_na_tale_sancti
2483 2827 2992 2905 Siviard_i_ab_batis_.
3029 2828 3087 2881 lu
3140 2824 3444 2905 Britannia,

1857 2899 2000 2953 beati
2023 2899 2193 2954 David
2221 2899 2559 2955 Menevensis
2595 2899 3070 2970 archiepiscopiiet
3097 2896 3444 2970 confessoris.

1857 2969 2017 3042 Apud
2035 2971 2333 3028 Antinoum
2363 2972 2579 3039 urbem,
2604 2967 2792 3043 passio
2815 2967 2962 3026 beati
2987 2967 3262 3025 Leonidis.
3306 2987 3325 3019 »

1694 3092 1986 3114 *η

152 3124 226 3181 Ἣ
267 3127 319 3183 Ν
323 3146 411 3184 on.

3241 3124 3340 3180 Die
3379 3125 3438 3178 ‘2.

231 3222 418 3278 Romae
445 3224 529 3280 via
560 3222 778 3290 Latina,
806 3230 1118 3278 sanctorum
1146 3229 1449 3292 martyrum
1475 3219 1657 3278 Jovini
1686 3231 1747 3278 et
1772 3222 1971 3280 Basilei
1996 3264 2012 3290 ,
2042 3223 2137 3294 qui
2176 3223 2324 3295 passi
2361 3230 2492 3280 sunt
2525 3220 2627 3279 sub
2673 3220 2896 3278 Galieno
2925 3231 2984 3277 et
3021 3219 3314 3277 Valeriano
3342 3217 3444 3272 im-

149 3322 685 3405 peratoribusaltem
721 3319 909 3376 Roma:
958 3319 1321 3392 plurimorum
1351 3327 1658 3390 martyrum
1686 3359 1702 3387 ,
1754 3335 1891 3390 quos
1930 3321 2024 3376 diu
2052 3321 2348 3387 cruciatos,
2387 3320 2686 3390 imperator
2715 3318 3025 3376 Alexander
3061 3315 3283 3390 capitali
3323 3330 3450 3372 sen-

152 3413 326 3470 tentia
370 3415 427 3472 in
463 3424 710 3473 extremo
737 3413 1038 3472 damnavit.

1659 3484 1892 3544 NOTIE.

223 3595 316 3652 Ita
339 3596 582 3666 Praten.,
607 3596 907 3665 Πανδίονι,
933 3596 1248 3667 Tonantem,
1279 3594 1596 3668 Pausaniam,
1613 3598 1744 3655 Mun

1857 3610 1908 3670 3.,
1939 3600 2158 3658 Grcam.
2187 3609 2246 3659 et
2265 3601 2470 3657 Melan.

1368 3719 1765 3778 VARJANTES
1804 3721 2194 3780 LECTIONES

227 3835 379 3896 Totae
412 3847 702 3897 sumuntur
729 3852 798 3896 ex
822 3839 1139 3909 Pulsanen,
1166 3838 1258 3912 qui
1287 3853 1387 3910 pro
1406 3838 1586 3894 ,1ουἱηὶ
1613 3838 1805 3894 scribit
1835 3838 2080 3907 Joniani,
2103 3850 2160 3897 et
2192 3856 2292 3912 pro
2323 3842 2379 3896 in
2398 3850 2652 3908 extremo,
2676 3841 2858 3911 posuit
2880 3839 2936 3894 in
2959 3837 3138 3894 exilio.

278 3929 300 3953 ⁹
1517 3952 2107 4012 OBSERVATIONES.

230 4079 383 4147 Quod
401 4079 513 4150 jam
541 4095 652 4152 non
677 4079 846 4136 semel
875 4078 1205 4152 notavimus,
1232 4085 1294 4152 _e_t
1316 4076 1512 4147 saepius
1556 4085 1751 4132 notan-
1781 4080 1826 4144 C
1859 4089 2058 4136 caetera
2097 4095 2412 4151 explanans,
2441 4095 2562 4152 qua:
2610 4079 2677 4152 de
2731 4079 2864 4152 ipsis
2911 4077 3188 4136 memoriae
3238 4082 3452 4152 prodita

150 4152 290 4205 dum
303 4149 563 4213 recurret,
584 4151 639 4206 id
669 4152 722 4206 in
738 4151 1056 4206 memoriam
1080 4149 1372 4204 identidem
1393 4162 1742 4214 revocamus;

151 4223 416 4278 nimirum
455 4231 734 4279 auctorem
779 4220 1163 4294 Martyrologii,
1193 4221 1336 4290 quod
1380 4233 1619 4294 semper;
1639 4217 1749 4275 Ro-

153 4308 379 4365 manum
407 4309 634 4364 parvum
670 4282 1036 4365 indigitamus,
1066 4282 1287 4365 s'anct'os
1308 4306 1436 4346 suos
1467 4282 1533 4365 ex
1558 4282 1748 4365 lliero-

154 4360 434 4435 nymianis
488 4360 832 4436 nequaquam
885 4373 1133 4418 mutuare
1193 4362 1451 4436 solitum:
1502 4360 1744 4417 Adonem

152 4432 326 4560 gerro
371 4435 489 4506 ejus
528 4432 757 4507 vestigia
807 4437 1008 4508 passim
1057 4449 1327 4504 premere,
1385 4432 1640 4489 Nostrum
1694 4441 1750 4488 et

209 4505 457 4560 otkerum
488 4508 791 4560 utriusaue.
839 4507 919 4560 sic
948 4519 1126 4560 tamen
1167 4515 1225 4560 ut
1274 4505 1412 4560 alios
1451 4504 1749 4560 szeoissime

209 4504 457 4563 otkerum
488 4504 919 4576 utriusduefsic
948 4519 1126 4562 tamen
1167 4515 1225 4560 ut
1274 4504 1749 4576 aliosiszepissime

157 4576 378 4633 aliunde
417 4575 718 4634 accersant.
761 4579 1081 4634 Praadictam
1130 4577 1356 4642 Adonis,
1396 4575 1649 4638 Usuardi,
1694 4586 1748 4630 ct

157 4645 383 4720 Notkeri
415 4663 482 4703 ex
517 4649 688 4705 altero
715 4649 1014 4720 sequelam,
1063 4647 1504 4720 manifestissime
1555 4647 1750 4720 probat

154 4718 459 4774 hodiernus
509 4729 708 4786 textus,
740 4718 830 4790 qui
863 4736 892 4774 a
931 4720 1178 4774 Romano
1202 4734 1369 4790 parvo
1406 4719 1481 4790 ita
1511 4718 1745 4790 primum

153 4790 408 4859 signatus
432 4799 550 4844 est:
579 4789 782 4856 Romw,
808 4791 985 4846 Jovim'
1004 4801 1052 4844 et
1075 4789 1292 4844 Basilei.
1319 4789 1385 4842 Et
1404 4789 1750 4859 plurimorum

155 4870 454 4930 martyrum
495 4862 590 4916 sub
638 4862 940 4917 Alexandro
983 4860 1496 4932 capitalisententia
1529 4861 1751 4932 damna-

153 4941 354 4984 torum.
397 4932 634 4987 Primam
665 4931 1130 5003 annuntiationem
1182 4931 1260 4987 sic
1302 4931 1582 5003 ampliavit
1609 4931 1746 5003 Ado,

153 5003 614 5070 quemadmodum
637 5019 669 5058 a
699 5003 893 5060 Nostro
928 5013 984 5058 et
1007 5001 1242 5058 Notkero
1285 5004 1352 5057 ad
1390 5001 1613 5057 verbum
1655 5001 1748 5056 de-

152 5072 365 5145 scripta
390 5084 492 5130 est.
524 5075 815 5145 Utriusque
834 5076 1006 5131 sancti
1027 5075 1294 5140 notitiam,
1311 5089 1379 5130 ex
1403 5075 1554 5129 Actis
1575 5073 1748 5145 sancti

153 5143 423 5214 Stephani
471 5162 624 5218 papa
670 5143 1005 5216 extractam,
1064 5145 1300 5203 ostendit
1349 5144 1744 5210 Henscbenius,

1856 4160 2002 4206 sunt.
2035 4153 2113 4208 De
2132 4152 2451 4224 martyribus
2477 4155 2573 4206 sub
2604 4151 2905 4206 Alexandro
2929 4153 3120 4224 passis,
3153 4151 3255 4224 viii
3289 4155 3452 4224 quid-

1856 4239 2019 4293 quam
2047 4222 2308 4294 reperias,
2340 4233 2536 4292 praeter
2576 4239 2658 4284 ea,
2685 4239 2804 4294 quae
2833 4238 2900 4276 ex
2932 4222 3161 4294 laudato
3206 4222 3453 4280 Romano

1856 4310 2027 4364 parvo
2052 4293 2421 4360 recitavimus,
2441 4295 2509 4350 ab
2538 4294 2725 4348 Adone
2737 4293 2944 4348 duriori
2965 4295 3448 4364 phrasiiexpressa,

1856 4363 1886 4420 a
1931 4380 2038 4437 quo
2072 4375 2277 4437 textum
2307 4381 2462 4420 suum
2493 4365 2737 4437 nonnihil
2793 4363 3324 4437 lmvigatumNoster
3354 4368 3450 4420 de-

1857 4434 2108 4507 sumpsit,
2154 4435 2421 4492 Notkerus
2472 4453 2539 4490 ex
2591 4435 2680 4490 illo
2731 4443 2901 4489 totum
2949 4434 3254 4506 descripsit.
3307 4436 3454 4492 Satis

1855 4519 1982 4563 nota
2010 4517 2092 4562 est
2121 4509 2463 4577 imperatoris
2487 4507 2798 4571 Alexandri,
2833 4521 3145 4577 quanquam
3167 4508 3235 4561 ab
3264 4508 3454 4564 Adone

1855 4581 2043 4649 impius
2088 4576 2409 4650 appelletur,
2451 4580 2502 4632 in
2539 4577 2818 4650 Christum
2847 4585 2904 4630 et
2948 4576 3288 4633 Christianos
3331 4595 3451 4648 pro-

1855 4651 2212 4727 pe_nsio,__qum
2245 4649 2624 4727 nihilominus
2650 4649 2937 4720 prohibere
2965 4664 3070 4727 non
3097 4650 3288 4727 potuit,
3318 4666 3453 4720 quo-

1859 4723 2035 4777 minus
2066 4722 2258 4776 famosi
2290 4720 2526 4789 Ulpiani,
2559 4722 2894 4789 aliorumque
2935 4720 3049 4785 ejus
3077 4721 3450 4775 ministrorum

1860 4794 2061 4858 rabies,
2088 4793 2172 4848 vel
2199 4795 2338 4864 ipsoJ
2358 4793 2547 4858 invito,
2594 4793 2644 4846 in
2676 4801 2894 4864 nostros
2919 4791 3367 4864 debaccharetur,
3393 4803 3453 4845 ut

1859 4867 2054 4920 docent
2077 4862 2233 4920 Acta
2253 4862 2436 4918 nostra
2465 4865 2551 4919 hic
2580 4873 2635 4918 et
2663 4880 2676 4917 ι
2709 4862 2975 4927 Januarii,
3020 4862 3109 4917 ubi
3155 4863 3221 4918 de
3261 4873 3448 4918 sancta

1860 4937 2111 4991 Martina.
2147 4935 2270 4990 Haec
2317 4951 2414 5006 pro
2444 4943 2592 4990 textu
2620 4934 2751 4989 satis
2781 4933 2925 5006 dicta
2959 4934 3108 4999 sint;
3141 4933 3245 5006 alia
3291 4934 3451 5006 plane

1859 5008 2006 5064 canit
2052 5003 2491 5072 Waudalbertus,
2525 5021 2756 5076 quaeque
2805 5003 2874 5060 ad
2918 5021 3043 5062 eum
3094 5004 3241 5060 nullo
3291 5005 3449 5059 modo

1856 5080 2150 5151 pertinent.

1608 5255 1988 5313 AUCTARIA.

229 5335 670 5423 ΑΝΤυεκιη-Μλι.
708 5350 798 5407 hic
842 5366 1032 5408 rursus
1060 5351 1487 5423 patriamﬂsuam
1521 5349 1745 5416 indicat,

151 5421 288 5493 dum
340 5423 505 5478 textui
538 5422 846 5479 Usuardino
890 5421 1140 5479 sanctum
1170 5422 1749 5493 Anglicanumisuper-
1777 5422 1831 5483 D
1857 5421 2132 5477 fessoris.»

152 5491 309 5565 addit
340 5507 408 5565 :i
440 5494 560 5564 lpso
582 5495 690 5560 die,
718 5495 891 5550 sancti
933 5494 1127 5550 Ceddae
1153 5491 1453 5565 episcopi.t
1485 5492 1588 5547 Alii
1615 5493 1751 5565 scri-

152 5563 296 5636 bunt
323 5564 607 5630 «Ceaddaa,
631 5586 650 5619 »
690 5566 785 5622 sed
832 5566 922 5622 hic
947 5566 1085 5622 forte
1119 5563 1612 5636 pronuntiationem
1639 5564 1751 5618 An-

151 5633 352 5706 glicam
384 5646 601 5693 secutus
631 5648 735 5692 est.

231 5706 517 5779 Roswarn.
550 5719 605 5764 et
635 5709 724 5764 hic
771 5718 975 5763 textum
1015 5723 1206 5779 purum
1255 5708 1443 5772 habet,
1501 5707 1596 5763 sed
1633 5707 1744 5762 alia

154 5777 382 5850 adjicit:
445 5801 461 5831 ‹
486 5779 685 5836 Eodem
720 5780 828 5846 dic,
878 5777 1143 5849 Simplicii
1173 5795 1345 5850 papm.
1400 5779 1458 5832 lu
1499 5779 1746 5835 Cmsarea

153 5849 510 5920 Cappadociae
603 5851 753 5906 Lucii
802 5852 1104 5922 episcopi.»
1162 5849 1297 5907 Vide
1354 5852 1406 5905 in
1468 5852 1747 5908 codicibus

605 5949 877 6006 Parum.
923 5947 1211 6052 (ἒξΧΙΙΙ.

1854 5350 2103 5421 proxime
2129 5365 2186 5405 se
2229 5347 2498 5405 uentibus.
2530 5369 2548 5401 ε
2569 5349 2626 5405 ln
2657 5345 3291 5415 Candavo,Winuvaloci
3317 5359 3448 5402 con-

1857 5421 2132 5476 fessoris.»
2168 5366 2303 5476 {’{lde
2330 5421 2448 5476 eius
2478 5420 2657 5476 Vitam
2687 5421 2740 5475 in
2775 5420 2923 5474 Actis
2955 5419 3044 5473 die
3073 5417 3338 5476 sequenti.

2216 5431 2303 5477 ide
2330 5431 2448 5477 eius
2483 5431 2657 5476 Vitam
2687 5431 2740 5475 in
2775 5431 2923 5474 ACIIS
2955 5431 3044 5473 (lle
3073 5431 3338 5477 sequenti.

1927 5437 2132 5477 ssoris.»
2175 5434 2303 5477 Vide
2330 5436 2448 5490 ejus
2484 5434 2657 5476 Vitam
2687 5437 2740 5475 m
2775 5434 2923 5474 acus
2955 5434 3044 5473 (ne
3073 5434 3338 5486 sequenti.

1927 5494 2208 5548 Amusnr.
2243 5501 2298 5546 et
2318 5491 2695 5548 Max-Lusco.
2741 5490 2914 5545 textui
2949 5505 3084 5559 puro
3113 5490 3164 5543 in
3206 5487 3312 5559 fine
3353 5505 3446 5544 su-

1855 5565 2197 5636 peradduut:
2235 5583 2252 5614 ‹
2275 5563 2404 5636 ltem
2434 5563 2580 5636 Lu_cii
2613 5558 3162 5636 episcopi,Ab_salonii
3184 5601 3198 5624 ,
3232 5558 3446 5636 {llis}.-

1854 5630 2075 5700 Luasc.,
2123 5633 2392 5706 Absolini]
2424 5644 2479 5688 et
2504 5630 2705 5704 Lorgii.
2736 5633 2800 5686 lli
2841 5631 3041 5700 passim
3074 5631 3128 5706 in
3169 5630 3449 5706 codicibus

1855 5709 1955 5764 sub
2003 5708 2215 5763 diversa
2252 5702 2538 5760 inflexione
2600 5702 2907 5767 recurrunt,
2958 5703 3140 5757 nescio
3194 5718 3260 5755 an
3311 5702 3448 5757 satis

1855 5788 2002 5835 recte
2030 5779 2170 5834 inter
2195 5793 2254 5832 se
2279 5775 2551 5844 conjuncti
2579 5784 2636 5829 et
2664 5775 2732 5829 ab
2761 5773 2880 5828 aliis
2903 5773 3092 5828 avulsi.
3122 5773 3283 5828 Certe
3306 5773 3448 5844 inter

1855 5851 2170 5924 llieronym.
2189 5843 2518 5920 apographa,
2548 5846 2689 5904 unde
2707 5855 2856 5901 certo
2883 5845 3087 5914 accepti
3110 5854 3252 5910 sunt,
3283 5843 3446 5898 Abso-

2968 5941 3043 6000 :26
