3958 6348
206 282 319 341 885

1226 280 1842 339 MARTYROLOGIUM.
1882 315 1954 325 —
1992 282 2197 342 MENS.
2239 234 2454 344 MART.

3362 290 3466 350 886

208 401 355 467 bria,
377 412 596 455 cursum
633 397 855 470 gloriosi
899 396 1208 455 certaminis
1247 400 1624 470 impleverunt.
1657 400 1777 469 Ipsa
1796 401 1908 467 die,
1943 403 2207 474 depositio
2249 404 2479 461 Eustasii
2506 404 2717 462 abbatis
2744 408 3056 464 monasterii
3083 408 3462 475 Luxavicnsis,

209 498 304 567 qui
336 496 499 551 Pater
524 496 693 551 ferme
728 505 1105 550 sexcentarum
1143 496 1324 549 extitit
1353 496 1741 551 monachorum
1783 505 1838 552 et
1867 500 1987 554 vita:
2033 502 2320 556 sanctitate
2349 502 2704 573 conspicuus,
2742 504 2908 559 etiam
2936 506 3213 562 miraculis
3244 506 3460 563 claruit.

136 649 145 655 ,
209 592 549 671 [Bauillart.,
576 601 695 667 post
721 603 975 664 martyres
1003 590 1279 662 Africanos
1306 607 1325 647 :
1351 604 1376 633 α
1408 587 1639 647 Civita'te
1667 591 1998 660 Nicomedia,
2023 597 2203 666 passio
2229 608 2541 653 sanctorum
2568 596 2809 654 Pastoris
2838 608 2893 655 et
2922 598 3237 673 Victorini.]

1716 728 1945 785 ΝΟΤᾸΞ.

284 855 361 908 Ex
396 850 692 913 Herinien.,
719 847 1031 911 Tarnacen.,
1079 844 1387 909 Pulsanen.,
1420 844 1777 913 Antuerpien.,
1821 843 2221 912 Max.-Lubec.,
2251 844 2536 913 Munerat,
2568 844 2790 902 Greuen.
2818 856 2874 901 et
2909 844 3110 900 Molon.

210 942 213 945 ’
291 974 317 1002 ι
343 961 620 1015 Postrema
650 956 766 1011 haec
800 963 1119 1027 sanctorum
1153 952 1393 1027 Pastoris
1423 961 1476 1007 et
1518 949 1779 1007 Victorini
1812 959 1859 1019 Α
1886 955 2033 1027 solus
2078 955 2357 1011 Pratensis
2402 958 2453 1011 in
2492 956 2623 1012 vitio
2668 966 2770 1013 est.
2816 958 3085 1012 Prmtereo
3111 959 3252 1027 quod
3292 960 3463 1023 addit,

208 1029 659 1087 commemoratio
685 1028 737 1081 in
766 1027 926 1080 litura
960 1025 1213 1080 scribitur
1241 1025 1425 1078 eadem
1458 1028 1780 1091 manu,'qua

213 1102 459 1171 reliquus
487 1098 786 1171 articulus:
811 1105 998 1171 postea
1024 1095 1253 1171 spatium
1277 1093 1503 1171 duorum
1534 1108 1782 1164 versuum

212 1164 353 1227 cum.
398 1169 619 1225 dimidio
670 1164 992 1234 relinquitur
1034 1166 1175 1219 omni
1221 1164 1485 1234 scriptura
1533 1178 1778 1234 vacuum,

212 1243 330 1297 imo
376 1242 448 1294 ita
495 1237 749 1306 scalpello
773 1232 1059 1306 rasutn,ut
1107 1235 1309 1306 nullum
1355 1233 1517 1287 ullius
1553 1232 1782 1306 literula;

210 1312 499 1384 vestigium
538 1303 623 1362 vel
660 1307 841 1384 lyncei
887 1305 1040 1384 oculi
1076 1304 1398 1384 subsentire.
1423 1303 1645 1384 possint.
1678 1303 1782 1357 Alii

212 1373 429 1456 codices
451 1387 639 1456 carent
660 1373 1273 1456 Pastorequieto‘rinp,
1297 1385 1350 1456 et
1373 1373 1641 1455 Africanis
1662 1388 1784 1435 coo-

210 1450 513 1507 fessoribus
535 1450 757 1519 iongan)
786 1444 1080 1519 subjiciunt
1107 1445 1161 1519 S.
1193 1444 1425 1519 Eustasii
1456 1458 1782 1519 commemo-

210 1522 502 1575 rationem.
534 1510 670 1573 Hini:
718 1510 931 1571 Sallerii
975 1515 1227 1584 querelae,
1274 1512 1549 1584 Pastorem
1592 1522 1663 1584 et,
1692 1510 1781 1567 Vi-

209 1590 481 1645 ctorinum
525 1588 757 1652 additos,
808 1582 1089 1655 expulsum
1131 1585 1186 1640 S.
1242 1583 1546 1655 Eustasium
1592 1582 1777 1649 fuisse,

212 1660 455 1729 adeoque
498 1653 1064 1729 depravatum—fuisse
1107 1656 1365 1712 codicem.
1417 1653 1474 1729 Si
1516 1661 1778 1729 mutatum

210 1722 453 1794 dixisset,
511 1722 646 1784 nihil
700 1726 1183 1794 reprehenderem;
1236 1741 1361 1781 nam
1412 1724 1554 1779 ultro
1607 1722 1781 1794 fateor

208 1792 461 1869 Carolina
496 1792 870 1869 autographo_
885 1796 1348 1869 Nicotnedienses_
1370 1803 1653 1869 martyres
1686 1792 1780 1850 de-

207 1868 398 1937 fuisse,
445 1864 683 1924 adl’uisse
727 1864 786 1923 S.
818 1866 1155 1937 Eustasium.
1182 1865 1253 1937 At
1286 1864 1775 1937 idcirco’codicem

204 1934 876 2009 fuisse—depravatumdqui
909 1935 1159 2009 probaret
1188 1934 1483 2009 Sollerius?
1507 1936 1588 1989 An
1611 1935 1773 2005 quod,

208 2018 267 2063 ut
291 2010 389 2072 ait,
418 2004 611 2065 Pastor
654 2017 712 2064 et
740 2004 1049 2078 Victorinus
1093 2021 1124 2059 a
1167 2006 1357 2078 majori
1392 2004 1777 2078 cohortesunt

202 2078 415 2133 avulsi?
440 2080 535 2135 sed
565 2094 632 2133 ex
661 2077 965 2147 codicibus,
988 2090 1127 2147 quos
1151 2074 1344 2147 magno
1374 2089 1598 2147 numero
1619 2074 1773 2147 citat,

205 2149 296 2204 vix
333 2149 440 2205 duo
473 2157 617 2213 sunt,
665 2147 756 2218 qui
799 2148 880 2218 de;
914 2144 1271 2218 illa—cohorte
1314 2160 1495 2201 secum
1544 2144 1775 2218 invicem

203 2218 563 2297 consentiant,
613 2214 816 2297 ut'ipsi
858 2215 1386 2297 .Salleriaunumerus
1422 2230 1522 2297 pro
1549 2214 1771 2270 arbitrio

209 2289 396 2343 mutari
430 2288 693 2343 videatur.
736 2286 1001 2342 Nimirum
1042 2286 1130 2342 alii
1170 2287 1380 2342 codices
1424 2286 1641 2358 impune
1667 2298 1765 2356 po-

213 2363 422 2414 tuerunt
448 2375 548 2430 pro
593 2358 818 2415 arbitrio
854 2372 1052 2429 augere
1097 2365 1155 2415 et
1181 2358 1425 2415 minuere
1453 2356 1761 2423 cdhortemt;

1888 1026 2021 1099 duos
2052 1027 2172 1099 illos
2220 1036 2487 1099 martyres
2522 1027 2591 1080 ab
2639 1027 3065 1099 aliisgcodicibus
3100 1026 3462 1099 praetermitti.

1886 1095 2021 1167 Nam
2060 1097 2110 1151 id
2154 1097 2328 1167 primo
2362 1095 2551 1151 falsum
2580 1106 2691 1162 est;
2727 1097 2845 1151 illos
2875 1099 3018 1152 enim
3051 1095 3292 1153 referunt
3321 1099 3464 1152 inter

1885 1166 2019 1221 alios
2066 1166 2453 1237 Rovaeydinus
2495 1175 2548 1220 et
2591 1168 3019 1237 Aquicinctinus,
3066 1182 3199 1236 quos
3246 1167 3464 1236 optima)

1885 1248 2025 1292 noue
2055 1247 2237 1292 censet
2265 1236 2386 1292 esse
2426 1236 2702 1291 Sollerius.
2737 1236 2923 1291 Refert
2955 1238 3116 1291 etiam
3144 1237 3465 1292 Gclloneuse

1884 1307 2347 1379 martyrologium
2382 1322 2412 1361 a
2456 1316 2647 1379 nostro
2685 1306 3110 1379 Dacheriojuris
3157 1306 3353 1377 publici
3384 1308 3463 1361 fa-

1883 1386 2050 1432 ctum.
2108 1377 2388 1433 Pratensia
2414 1377 2681 1449 exempla
2726 1392 2831 1431 non
2886 1377 3119 1449 adjungo
3155 1394 3168 1430 ι
3204 1391 3464 1449 numerus

1882 1455 2045 1512 esset,
2077 1464 2183 1503 non
2216 1448 2533 1517 auctoritas.
2568 1446 2689 1500 lllos
2740 1449 2940 1517 habent
2985 1446 3243 1517 prieterca
3266 1446 3464 1517 Matri-

1882 1517 2000 1572 cula
2016 1516 2582 1585 Carthus.-Ultrajcct.
2600 1528 2652 1573 et
2681 1517 2846 1573 editio
2866 1516 3230 1574 Galesiniana.
3259 1516 3461 1571 Deinde

1881 1587 2008 1643 licet
2061 1590 2114 1643 in
2167 1588 2418 1644 omnibus
2469 1588 2759 1643 Codicibus
2815 1587 3270 1653 desiderarentur,
3328 1586 3463 1640 nihil

1883 1667 2059 1715 tamen
2088 1659 2211 1714 inde
2237 1668 2427 1713 contra
2463 1657 2797 1714 Pratensem.
2830 1656 3105 1712 Correctio
3135 1667 3235 1722 cst,
3265 1657 3331 1711 de
3353 1671 3460 1725 qua

1880 1738 1974 1784 aut
2011 1728 2300 1784 admonita:
2329 1744 2433 1783 non
2475 1728 2692 1783 fuerunt
2722 1728 2840 1782 alia:
2865 1728 3142 1793 Ecclesia),
3180 1735 3452 1795 autquam

1879 1799 2167 1853 admonitus
2209 1797 2584 1869 neglexerunt.
2644 1797 2704 1852 S.
2753 1798 3056 1869 Eustasium
3110 1812 3215 1869 non
3271 1796 3458 1869 dubito

1918 1869 2006 1924 uin
2028 1869 2190 1940 justis
2226 1865 2499 1940 de'causis
2530 1866 2811 1940 Usuardus
2841 1868 2905 1940 in
2934 1868 3231 1940 secundam
3243 1865 3455 1940 Aprilis

1918 1885 2006 1924 um
2028 1885 2190 1940 justts
2226 1885 2291 1923 ue
2318 1885 2499 1923 causrs
2534 1885 2811 1923 usuaruus
2853 1885 2905 1922 tu
2934 1885 3226 1924 secundam
3254 1885 3455 1935 Apl‘llls

1877 1885 2021 1995 ﬂiem
2072 1939 2430 1995 reservaverit
2472 1956 2486 1993 :
2538 1939 2784 1995 quamvis
2837 1938 2986 1992 illum
3046 1938 3148 1992 hoc
3202 1936 3290 1990 die
3340 1936 3456 1989 Ado

1878 2007 2201 2066 Viennensis
2242 2008 2502 2080 posuerit.
2553 2007 2917 2080 Actaprocul
2958 2008 3289 2080 dubiogvidit
3333 2022 3456 2080 qua:

1877 2095 2021 2133 nunc
2059 2077 2395 2134 exciderunt.
2447 2078 2608 2133 Forte
2642 2079 2805 2132 etiam
2854 2078 2921 2133 ad
2963 2078 3015 2132 id
3066 2077 3317 2131 inductus
3352 2077 3457 2130 luit

1876 2147 2310 2219 Hieronymianis
2339 2148 2629 2219 indicibus,
2658 2163 2889 2219 quprum
2919 2147 3086 2219 codex
3110 2149 3451 2219 veterrimus,

1874 2234 2034 2289 quem
2079 2216 2203 2289 pra:
2251 2218 2422 2289 oculis
2474 2216 3033 2289 habeo,'_Eustasium
3088 2219 3245 2273 hodie
3297 2216 3449 2280 silet,

1796 2325 1841 2388 Β
1874 2286 2109 2346 secunda
2136 2288 2337 2363 Aprilis
2367 2297 2649 2345 memorat.
2682 2286 3013 2345 BOUILLART.

1400 2485 1794 2545 VARIANTES
1831 2487 2236 2548 LECTIONES.

272 2629 563 2699 Armagasti
594 2644 692 2698 pro
736 2629 1058 2697 Armagastts
1092 2631 1274 2699 .egunt
1312 2624 1526 2699 codices
1565 2622 1767 2679 Usuar-

200 2699 308 2753 dini
332 2696 540 2753 omnes.
574 2696 628 2753 lit
658 2696 981 2762 Archinimi;
1013 2713 1118 2752 non
1146 2696 1219 2750 ita
1252 2696 1592 2757 conveniunt,
1640 2708 1763 2747 nam

193 2769 511 2834 Pulsanen.,
562 2768 826 2824 Munerat.
857 2777 911 2821 et
955 2766 1146 2820 Maian.
1198 2766 1395 2819 habent
1434 2763 1763 2827 Archimini;

198 2838 452 2899 Greven..
500 2838 826 2893 Archimimi.
868 2836 924 2890 in
973 2836 1204 2892 Grcven.
1233 2843 1287 2889 et
1318 2834 1509 2889 Melan.
1553 2843 1636 2888 est
1663 2834 1765 2887 Sa-

195 2909 323 2972 turi,
352 2908 584 2963 fortasse
625 2909 797 2964 bene:
828 2908 879 2961 iu
912 2906 1212 2962 Tornacen.
1248 2912 1299 2959 et
1340 2904 1616 2958 Muneralo
1658 2902 1758 2958 Sa-

195 2979 307 3032 tiri.
339 2977 547 3047 Sequor
577 2978 731 3040 alios,
774 2978 1019 3047 Romano
1062 2989 1229 3047 parvo
1268 2983 1323 3030 et
1346 2974 1527 3047 Adoni
1551 2973 1765 3047 confor-

197 3064 329 3104 mes.
363 3044 443 3103 De
468 3046 798 3103 Wandulicw
825 3057 879 3101 et
909 3044 1273 3109 Cuandalicm,
1308 3045 1429 3100 vide
1449 3059 1566 3113 qua:
1594 3044 1764 3098 fusius

195 3118 583 3188 explicabimus
620 3120 684 3172 ad
716 3133 848 3172 xxiii
882 3116 1024 3170 Maii.
1074 3115 1133 3188 in
1175 3113 1762 3188 Ceisericahconcordes

197 3184 323 3241 sunt
349 3187 561 3241 codices
598 3189 797 3255 passim
824 3202 1030 3241 omnes.
1065 3186 1201 3241 Sunt
1228 3185 1316 3253 qui
1350 3184 1536 3255 malint
1570 3184 1764 3237 Cense-

196 3257 304 3309 rica
330 3256 412 3309 vel
442 3252 768 3321 Gensericlta,
814 3266 871 3310 ut
916 3256 1197 3318 Molanus;
1232 3252 1336 3307 non
1384 3252 1674 3315 Gcrserica,
1704 3261 1761 3306 ut

196 3325 487 3389 Munerat.,
518 3327 682 3381 multo
707 3328 883 3380 minus
906 3326 1190 3387 Hanerica,
1216 3333 1273 3377 ut
1293 3332 1439 3377 errat
1471 3322 1753 3376 Pulsaneu.

194 3392 486 3464 Obprapria
516 3398 674 3450 medii
722 3397 820 3450 aevi
868 3394 1305 3464 orthographiam
1337 3394 1556 3464 redolet,
1590 3407 1756 3464 quam

184 3461 441 3519 exhibent
465 3465 818 3532 Heriniensis,
842 3461 1165 3528 Toruaéenl,
1190 3462 1564 3531 Antuerpien.,
1588 3461 1758 3515 Max.-

184 3533 471 3589 Lubecana
497 3544 550 3589 et
575 3537 831 3601 Greveu.,
860 3537 984 3590 licet
1007 3536 1131 3589 alibi
1164 3536 1390 3588 varient.
1422 3532 1609 3586 Patavi
1634 3547 1752 3586 eam

185 3603 240 3657 in
266 3613 409 3659 textu
444 3622 549 3660 non
580 3607 872 3675 incongrue
915 3606 1116 3660 servari
1134 3620 1324 3727 posse.
1360 3602 1754 3672 Catnpleverunt

185 3686 282 3727 bro
320 3675 681 3727 inmteverunt.
727 3676 889 3727 habet
942 3676 1086 3727 solus
1180 3675 1508 3727 ulsaneusis:
1566 3673 1655 3727 uui
1701 3682 1754 3724 et

181 3686 282 3795 piro
320 3675 681 3743 impleverunt,
727 3676 889 3729 habet
942 3676 1086 3729 solus

241 3746 454 3795 eustasii
485 3760 582 3795 oro
620 3746 869 3795 Eustasii.
907 3745 1081 3795 Oumri

241 3746 454 3798 eustasii
485 3760 582 3814 pro
620 3746 869 3799 Eustasii.
907 3745 1193 3812 Qumritur,
1225 3760 1292 3798 an
1336 3743 1612 3797 Usuardus
1657 3756 1752 3796 no-

182 3828 304 3885 men
348 3817 517 3868 sancti
562 3816 947 3885 prmposuerit?
985 3816 1039 3868 ld
1088 3814 1399 3885 nonbabet
1453 3814 1751 3885 Ado;g_non

184 3882 384 3937 habent
434 3881 708 3940 Herinieu.
753 3896 807 3939 et
839 3885 1166 3939 Muneratus.
1211 3884 1394 3952 Neque
1432 3897 1530 3952 ego
1566 3881 1754 3949 adjun-

215 3952 408 4007 endum
442 3955 665 4009 credidi.
722 3954 859 4009 Male
901 3955 1082 4008 omisit
1124 3954 1385 4009 Munerat.
1437 3952 1751 4021 particulam

215 3967 408 4007 enuum
442 3967 665 4009 credidi.
722 3967 859 4009 male
901 3967 1082 4008 OImSII.
1124 3967 1385 4009 munerat.
1437 3967 1751 4021 particulam

182 3967 374 4089 Fertne;
399 4024 552 4094 pejus
576 4025 836 4093 Antuerp.
880 4034 934 4078 et
978 4024 1464 4083 Max.-Lubecana.
1515 4038 1611 4091 pro
1637 4037 1754 4094 sex-

180 4091 477 4161 centarum,
494 4094 676 4165 legunt
694 4091 1035 4153 ducentarum
1059 4108 1077 4147 :
1100 4093 1209 4150 imo
1230 4103 1533 4152 postremus
1558 4091 1752 4157 codex,

1864 2624 2015 2689 vitio,
2046 2624 2238 2696 opinor
2264 2625 2600 2696 typographi,
2627 2634 2776 2681 caret
2796 2627 3020 2681 vocibus
3041 2629 3237 2680 exstitit
3264 2643 3446 2681 mana-

1866 2693 2099 2748 chorum.
2127 2693 2302 2763 Isque,
2320 2693 2527 2750 'méndo
2554 2696 2841 2759 consimili,
2882 2711 2980 2765 pro
3006 2696 3359 2764 canfcssarum
3394 2700 3444 2753 in

1865 2764 2128 2835 principio
2187 2766 2348 2835 habet
2396 2782 2779 2820 canversarum.
2822 2764 3069 2820 Plirasim
3120 2766 3221 2820 sibi
3283 2767 3443 2821 aliaat

1866 2834 2165 2889 elformavit
2215 2834 2503 2889 Pulsanen.
2561 2836 2640 2891 sic
2691 2836 2875 2905 legens
2904 2855 2915 2890 :
2944 2835 3049 2899 Qui
3089 2846 3236 2900 pater
3283 2837 3445 2903 [erute

1866 2915 2224 2959 sexcentarum
2254 2906 2627 2960 monachorum
2657 2907 2903 2971 existens,
2939 2905 3057 2959 Vita
3087 2916 3133 2958 et
3171 2906 3445 2960 sanctitate

1866 2976 2195 3042 conspicuus,
2244 2986 2350 3029 etc.
2406 2975 2839 3031 Variatiuuculas
2886 2976 3020 3030 alias
3072 2976 3123 3029 iu
3170 2976 3443 3032 scribendi

1867 3046 2047 3115 modo,
2080 3046 2329 3099 consulto
2356 3045 2696 3115 negligimus.

1934 3114 2243 3171 Pratensem
2291 3114 2528 3170 codicem
2571 3125 2838 3185 prmtense
2886 3118 3299 3186 autograpbum,
3344 3131 3430 3170 ra-

1867 3185 2015 3241 tione
2050 3201 2155 3239 non
2187 3201 2289 3255 una
2323 3186 2423 3239 hac
2467 3186 2553 3239 die
2591 3187 2944 3255 depravatum
2999 3185 3443 3240 manifestissime

1868 3256 2157 3324 ostendunt
2186 3254 2350 3308 additi
2384 3254 3123 3324 martyresNicomedienses
3165 3255 3355 3309 Pastor
3392 3267 3443 3309 et

1880 3323 2193 3395 Victorinus,
2233 3338 2260 3376 a
2294 3324 2486 3395 majori
2532 3323 2759 3380 cohorte
2800 3341 3083 3395 perperam
3117 3327 3309 3388 avulsi,
3343 3342 3441 3379 nec

1865 3393 1919 3465 in
1947 3392 2067 3447 ullis
2095 3393 2215 3465 aliis
2242 3394 2517 3465 codicibus
2551 3396 2735 3465 positi,
2765 3392 3122 3465 praeterquam
3160 3397 3212 3449 in
3265 3396 3437 3450 Belin.

1863 3462 2151 3533 Rosweyd.
2181 3463 2484 3531 Aquicinct.
2528 3472 2582 3518 et
2617 3462 2912 3518 Florentio.
2940 3462 3031 3533 qui
3059 3475 3207 3519 certe
3237 3467 3440 3519 medio-

1863 3534 1972 3588 cris
1995 3542 2135 3587 nota:
2171 3533 2367 3603 seriem
2409 3550 2512 3586 nou
2556 3535 2958 3589 transcendunt.
2992 3534 3270 3602 Expuneta
3304 3551 3441 3603 prat-

1864 3612 2008 3657 lerea
2049 3611 2131 3657 cst
2178 3611 2231 3657 et
2258 3602 2414 3673 plane
2462 3618 2617 3656 erasa
2658 3613 2767 3657 tota
2820 3603 3056 3656 Eustasii
3100 3602 3441 3658 Luxariensis

1180 3663 1508 3737 ulsaneusis';
1566 3673 1655 3741 qui
1701 3663 1827 3725 etC
1859 3663 2352 3738 annuntiatiofut
2415 3674 2468 3726 in
2520 3675 2830 3742 apograpbo
2878 3682 3064 3728 nostra
3130 3674 3439 3730 observavit

1859 3743 2194 3805 Sirmondus,
2238 3753 2292 3797 et
2338 3744 2605 3797 recentius
2646 3759 2742 3812 per
2796 3743 3001 3797 litteras
3047 3744 3297 3812 superius
3330 3759 3436 3799 non

1856 3814 2022 3866 semel
2051 3814 2267 3878 citatas,
2298 3814 2429 3866 mihi
2473 3813 2730 3868 iudicavit
2760 3812 2902 3868 Clar.
2937 3813 3294 3868 Castellanus.
3326 3812 3434 3868 Nos

1858 3891 2061 3955 textum
2113 3882 2651 3955 vereHUsuardiniun
2679 3924 2693 3948 ,
2742 3883 2859 3955 sed,
2892 3893 3087 3955 praeter
3132 3899 3254 3955 eum
3286 3884 3438 3955 nihil

1892 3954 2325 4024 enuiuumhodie
2346 3953 2704 4022 agnoscimus.
2733 3955 2806 4008 De
2823 3953 3089 4020 Eustasio,
3116 3954 3183 4009 ad
3207 3970 3245 4008 ιι
3269 3954 3433 4024 Apri-

1878 4023 1925 4076 is
1954 4024 2007 4077 in
2038 4022 2260 4094 praefato
2300 4022 2547 4080 Pratensi
2581 4025 2767 4080 codice
2794 4025 3070 4093 translato,
3105 4022 3435 4082 dicetur‘ibi.

1494 4235 1972 4295 OBSERVATION
1981 4234 2085 4291 ES.

244 4354 585 4411 Nobilissima
620 4357 784 4411 trium
826 4354 1202 4411 Africanorum
1248 4355 1602 4424 caufessarum
1644 4352 1743 4422 (ita

167 4426 431 4497 singulari
463 4426 616 4481 titulo
638 4426 983 4497 decorantur)
1011 4426 1219 4497 classis,
1245 4441 1276 4479 a
1299 4425 1546 4497 Romano
1574 4437 1743 4497 parvo

166 4493 363 4552 rursus
387 4497 646 4565 procedit,
696 4493 997 4566 tacentibus
1030 4493 1485 4566 Hieronymianis,
1514 4493 1656 4566 Beda
1680 4501 1743 4566 et

164 4567 290 4638 ejus
316 4562 653 4638 sequacibus.
696 4565 870 4619 Breve
908 4567 1007 4638 sed
1048 4562 1390 4638 magniﬁcum
1420 4564 1651 4638 elogium
1678 4562 1743 4617 iis

165 4631 362 4705 tribuit
394 4631 585 4701 ‘Ado,
641 4643 900 4705 sequente
960 4631 1216 4689 Notkero.
1270 4633 1397 4700 Ejus
1454 4631 1740 4705 medullam

163 4704 366 4761 Noster
407 4700 661 4772 resecuit,
702 4700 897 4760 etetera
945 4706 1009 4759 ad
1061 4705 1284 4759 verbum
1329 4704 1580 4757 servavit.
1621 4700 1739 4756 Jam

162 4790 328 4846 supra
357 4776 592 4846 diximus
614 4791 774 4846 quem
806 4776 1021 4846 nomina
1048 4774 1361 4846 ell‘ormaudi
1398 4775 1640 4846 modum,
1674 4788 1743 4826 ex

162 4843 446 4901 codicibus
472 4843 1186 4968 Usuardinisgrml‘eramus;
1220 4843 1341 4911 quis
1366 4858 1526 4913 porro
1565 4843 1741 4910 rcipsa

162 4915 535 4968 Drml‘erendus
569 4916 659 4968 sit.
693 4916 745 4968 in
844 4914 1120 4968 euschenii
1160 4914 1548 4967 commentario
1581 4913 1740 4965 latius

159 4915 535 4984 prmiereudns
569 4916 659 4979 sit,
693 4916 745 4969 in
796 4913 1120 4968 Henschenii
1160 4914 1548 4984 commentario
1581 4913 1740 4984 latius

159 4979 473 5106 inponitur,
500 4985 587 5040 ubi
611 4986 754 5040 circa
782 4985 1075 5066 secundum
1101 4997 1294 5037 nomen
1316 4983 1584 5064 nonnulla:
1605 4979 1737 5062 ditii-

159 5068 229 5106 cu
258 5063 391 5106 tates
403 5054 725 5106 exulanantu
735 5071 777 5106 r.
797 5053 974 5106 Habes
989 5053 1096 5106 Illic
1119 5061 1284 5106 lotam
1307 5064 1477 5106 martv
1488 5070 1551 5106 ru
1571 5052 1736 5106 histo-

159 5068 229 5108 Cll

232 5300 309 5355 De
329 5298 687 5371 Pnuaxsret
710 5298 992 5355 Roswero.
1016 5300 1127 5371 jam
1150 5300 1285 5357 satis
1308 5299 1509 5356 dictum
1531 5307 1645 5365 est;
1669 5299 1743 5355 de.

156 5370 350 5425 Belino
381 5381 436 5424 et
464 5372 583 5425 aliis
608 5369 765 5424 infra.

232 5440 719 5504 Amanum-Max”
773 5437 1039 5502 Unam,
1084 5439 1353 5503 Lernam,
1410 5439 1734 5505 LOVANIEN.,

157 5511 493 5575 ALBEBGEN.,
539 5511 725 5564 Dama.
769 5518 823 5562 et
867 5508 1057 5563 Eumo
1089 5510 1511 5567 Unum—Bue.
1546 5526 1735 5580 parum

162 5581 453 5634 admodum
505 5597 535 5634 a
583 5580 814 5650 puritate
861 5580 1137 5643 rcccclunt,
1178 5582 1436 5636 addentes
1488 5580 1735 5650 Eustasio

162 5650 375 5720 titulum
410 5650 477 5703 ab
530 5648 714 5704 Adone
744 5662 1080 5716 cXpressutu,
1129 5651 1371 5720 discipuli
1419 5652 1588 5705 sancti
1628 5648 1732 5705 Ca-

164 5719 418 5787 iu-ztbuni,
449 5728 501 5775 ct
530 5735 629 5790 pro
646 5728 1024 5783 sexcentarum,
1050 5722 1357 5779 scribentes.
1374 5721 1734 5777 ducentorum.

258 5063 391 5110 tates
403 5040 777 5125 explanantur.
797 5053 974 5110 Habes
988 5053 1096 5108 illic
1119 5061 1284 5108 totam
1307 5053 1551 5124 martyrii
1571 5052 1736 5107 histo—
1768 5040 1815 5097 D

1846 4349 1981 4403 riam
1995 4364 2064 4403 ex
2080 4347 2296 4401 Victore
2311 4345 2514 4401 Vitensi
2531 4345 2752 4417 ejusque
2765 4348 3086 4402 accuratiori
3103 4348 3246 4403 Petri
3269 4348 3435 4405 Fran-

1846 4419 1977 4475 cisci
1994 4417 2239 4473 Chillletii
2264 4417 2496 4471 editione
2509 4417 2866 4488 desomptam.
2886 4419 2962 4472 De
2978 4418 3223 4472 Eustasia
3236 4418 3429 4476 abbate

1846 4488 2168 4543 Luxoviensi
2186 4502 2344 4540 nemo
2370 4496 2503 4541 ante.
2516 4488 2757 4543 Adonem
2777 4488 2986 4542 locutus
3012 4497 3112 4543 est.
3139 4488 3428 4557 Ipsissimis

1844 4560 1960 4628 ejus
1974 4558 2171 4628 verbis,
2196 4568 2493 4628 nontamen
2512 4558 2733 4626 praecise
2748 4558 3019 4628 omnibus,
3039 4561 3205 4613 utitur
3221 4558 3428 4614 Usuara

1844 4625 1966 4693 d'us,
1978 4637 2035 4682 et
2047 4627 2158 4682 fere
2172 4626 2332 4681 etiam
2351 4625 2635 4681 Notkerus.
2652 4628 2858 4682 Primas
2874 4626 3046 4682 solum
3062 4644 3220 4684 voces
3237 4628 3428 4684 Noster

1849 4697 2206 4765 transposuit,
2238 4694 2377 4750 alter
2405 4704 2460 4750 et
2487 4707 2649 4765 caput
2671 4705 2725 4751 et
2760 4698 2987 4753 caudam
3015 4699 3260 4753 mutavit.
3292 4698 3428 4758 Vide

1849 4774 1907 4839 et
1951 4765 2410 4839 hic_llensc_he_nii
2445 4768 2891 4839 commentarium
2924 4783 3047 4821 cum
3080 4769 3272 4839 duplici
3304 4767 3427 4825 Vita

1850 4837 1919 4892 ab
1939 4852 2003 4892 eo
2027 4835 2436 4907 diligentissime
2464 4836 2747 4892 illustrata.
2782 4836 3019 4895 Eustasii
3042 4835 3233 4896 laudes
3259 4840 3431 4895 nitido

1846 4904 2160 4977 exsequitur
2190 4904 2625 4961 Wandalbertus.

2031 4997 2305 5059 Eustathius
2322 5005 2493 5059 quarta
2517 4998 2711 5048 virtutis
2733 4982 2879 5049 laude
2901 5005 3143 5057 coruscat,

2024 5060 2163 5110 Abba
2183 5058 2477 5110 Columbano
2500 5060 2643 5109 nituit
2663 5062 2745 5123 qui
2770 5062 2866 5111 rite
2890 5062 3140 5122 magistro.

1609 5187 1991 5248 AUCTARIA.

1910 5299 2219 5377 Camertes.
2248 5317 2273 5377 :_
2296 5317 2315 5351 σ
2343 5300 2497 5377 Apud
2519 5300 2801 5377 Africam,
2827 5313 3140 5377 sanctorum
3162 5303 3421 5377 Artuoga-

1842 5371 1933 5444 _s_ti,
1975 5371 2289 5444 Archimini
2318 5378 2373 5425 et
2402 5371 2626 5444 _$atiri._
2653 5371 2772 5441 Ipso
2818 5372 2929 5444 die,
2960 5374 3224 5444 depositio
3273 5371 3420 5431 beati

1843 5441 2079 5495 Eustasii
2114 5441 2346 5507 abbatis,
2384 5440 2629 5510 discipuli
2658 5440 2828 5496 sancti
2854 5440 3191 5500 Columbani.
3227 5464 3246 5497 ›

1912 5510 2344 5565 ΑΝΤυειιικ-Μιυ.
2400 5512 2467 5566 de
2509 5512 2753 5565 Eustasio
2802 5512 2917 5568 l'ere
2969 5524 3173 5568 textum
3230 5514 3416 5571 refert.

1842 5581 2104 5653 Martyres
2133 5580 2560 5653 Africanossolo
2587 5582 2804 5653 nomine
2826 5584 3079 5653 appellat.
3428 5622 3434 5631 .

1914 5651 2253 5727 Battiades.
2282 5671 2294 5705 :
2327 5651 2718 5727 «Nicqmedize,
2761 5651 3068 5727 sauciorum
3116 5663 3419 5727 martyrum.

1847 5723 2101 5788 Victoris,
2159 5722 2439 5789 Victorini,
2488 5721 2743 5787 Pastoris,
2784 5720 3315 5788 Satur:nini,luliahi
3362 5738 3418 5782 ct
