3958 6348
186 350 194 356 ”
226 380 345 439 915

1236 380 1863 440 MARTYROLOGIUM.
1903 414 1972 425 —-
2011 380 2218 442 MENS.
2255 382 2485 443 APRIL.

3394 396 3503 456 9η

223 503 498 583 repetere.
510 507 973 583 supervacaneum
1000 503 1167 583 esset.
1203 495 1314 583 Hoc
1337 497 1666 583 notandum,
1697 499 1812 569 pri-
1838 504 1891 564 Α
1918 510 2028 583 tor,
2049 504 2190 558 haud
2211 504 2371 583 dubie
2387 504 2661 583 proﬂuxit,
2683 505 3166 583 indeabiisuardo
3184 493 3499 583 excerptus.

222 564 591 640 inumhvideri
622 564 956 640 Usuardum,
990 566 1080 640 qui
1106 581 1223 621 eam
1257 566 1484 633 ciaSsem
1511 564 1811 640 martyrum

185 639 337 710 'iiac
362 637 448 693 die
493 636 815 710 collocavit,
848 652 975 710 c_ur_n_
1020 637 1435 710 liieronymiana
1481 636 1683 710 passim
1714 655 1811 696 vni

219 708 357 764 Idus
404 707 760 779 annuntient,
803 708 882 762 uti
930 707 1198 763 Notkerus
1222 707 1390 765 etiam
1423 707 1620 779 posuit.
1669 710 1811 766 Beda

220 794 383 844 vero,
408 778 710 833 Romanun»
738 793 986 847 parvum,
1014 779 1132 833 Ado
1152 787 1205 834 et
1232 778 1490 835 Rabanus
1515 791 1706 835 neutro
1727 782 1813 836 die

220 850 297 904 de
327 865 390 905 ea
418 849 804 903 meminerunt.
838 847 1159 919 Hegesippus
1186 864 1216 921 a
1246 850 1491 907 Romano
1510 866 1677 920 parvo
1702 852 1812 921 pri-

217 936 378 973 mum
432 927 803 991 memoratus,
855 928 1110 989 tanquam
1160 920 1358 975 vicinus
1404 920 1812 991 apostolicorum

184 988 194 995 ’
216 999 543 1062 temporum,
566 989 635 1044 ab
648 990 834 1062 Adone
854 988 1317 1062 insigniencomio
1333 988 1643 1058 exornatur,
1669 993 1812 1062 quod
1898 998 1905 1005 ’

214 1060 399 1116 ferme
427 1076 494 1115 ex
543 1060 715 1132 sancti
757 1060 1073 1132 Hieronymi
1103 1061 1241 1116 libro
1282 1064 1350 1116 de
1380 1062 1579 1132 Script.
1612 1060 1808 1117 eccles.

216 1140 533 1203 acceptum,
564 1131 759 1186 Noster
789 1132 841 1186 in
870 1131 1125 1200 pauciora
1151 1132 1441 1203 contraxit,
1477 1131 1543 1187 iis
1571 1133 1809 1203 pruden-

215 1210 312 1256 ter
334 1202 581 1263 omissis,
613 1217 733 1269 qua:
762 1203 983 1273 propius
1012 1205 1078 1257 ad
1110 1211 1355 1258 sanctum
1386 1202 1656 1258 Iustinum
1684 1219 1811 1273 per-

178 1274 185 1275 “
216 1273 433 1336 linere,
464 1282 608 1328 recte
640 1274 692 1326 in
733 1272 880 1328 Actis
909 1274 1218 1328 observavit
1249 1273 1642 1329 llenschenius.
1681 1272 1814 1328 Not-

212 1341 389 1398 kerus
419 1344 472 1398 in
503 1343 678 1414 elogio
708 1343 992 1415 Iiegesippi
1014 1385 1029 1409 ,
1059 1343 1220 1400 solito
1256 1346 1417 1398 etiam
1448 1343 1665 1401 brevior
1691 1353 1806 1415 est,

211 1415 456 1470 reScissa
497 1423 848 1470 controversa
887 1415 1142 1486 periodo,
1168 1429 1292 1486 qua
1332 1415 1448 1469 Ado
1476 1416 1648 1486 verba
1684 1414 1770 1468 illa
1792 1455 1808 1479 ,

212 1499 344 1553 qua:
375 1485 530 1554 plene
573 1485 742 1555 habes
779 1486 831 1539 in
880 1484 1123 1541 auctario
1151 1484 1381 1540 Greveni
1415 1503 1427 1538 :
1465 1485 1605 1539 Nam
1633 1495 1679 1539 et
1717 1500 1809 1555 ego

211 1553 561 1625 il»se,isectis
606 1553 896 1610 Platonicis
937 1556 1233 1617 institutus,
1286 1556 1505 1610 audiens
1556 1553 1812 1625 infamari

264 1628 552 1680 Itristianos
596 1636 643 1680 et
690 1626 864 1680 videns
906 1643 992 1697 eos
1014 1626 1323 1697 impavidos,
1371 1636 1479 1681 etc.
1508 1624 1810 1697 Hegesippo

212 1711 508 1766 perperam
539 1697 759 1760 tribuit,
791 1712 911 1751 cum
942 1695 1157 1751 Justino
1183 1697 1503 1753 ascribenda
1533 1712 1655 1751 esse
1676 1737 1690 1760 ,
1722 1696 1811 1766 hic

212 1765 411 1835 paucis
456 1768 693 1823 insinuet
737 1767 1132 1831 Henscbenius,
1182 1767 1353 1823 fusius
1400 1767 1451 1821 id
1482 1768 1716 1838 probans
1741 1765 1808 1820 ad

212 1852 322 1890 xm
360 1838 559 1908 Aprilis
588 1856 601 1891 :
640 1838 733 1907 qui
762 1838 863 1893 hoc
892 1839 977 1893 die
1006 1840 1160 1908 plura
1191 1839 1257 1892 ad
1293 1839 1650 1907 Hegesippum
1680 1850 1807 1907 spe-

1919 570 2157 646 Ρίζρειιηι
2180 570 2424 630 nominat
2448 570 2721 641 Rabanus,
2747 578 3017 646 aliialiter
3049 581 3297 639 eiiernnt.
3324 570 3500 640 ιῖνωὶὲ

1916 643 2146 727 dalberti
2170 646 2481 727 versiculus
2510 662 2581 727 egi
2608 643 3152 727 Hieronymianoruni
3186 662 3502 727 sensu'pro-

1864 728 1890 739 ··
1915 714 2106 790 cedere
2131 715 2373 790 videtur,
2394 718 2485 773 ubi
2510 717 2766 790 Diogenes
2793 714 2848 776 et
2880 719 3179 779 Timotheus
3207 714 3504 783 etiam-ho-

1915 785 2002 840 die
2028 795 2319 854 ponuntur.
2351 786 2429 844 Ita
2454 785 2650 846 sonat':

2103 940 2353 1004 Diogenes
2377 944 2598 1007 septenis
2619 944 2981 1010 Peleusiusque
3004 947 3251 1000 feruntur.

1914 1058 2135 1115 Censuit
2165 1060 2838 1139 tantisperiienschenius,
2870 1063 3270 1139 non_i_dem_par
3294 1076 3507 1139 marty-

1916 1146 2033 1184 rum
2047 1144 2185 1195 esse,
2203 1132 2345 1201 quod
2363 1133 2415 1185 in
2433 1132 2685 1187 hesterno
2701 1133 2960 1187 laterculo
2976 1132 3032 1186 Μ
3036 1132 3321 1199 acedonite,
3342 1132 3505 1195 hodie

1915 1201 1983 1274 ab
2015 1201 2451 1274 llieronymianis
2480 1202 2768 1274 Antiochia:
2800 1203 2973 1274 Syria!
2997 1204 3270 1260 tribuitur.
3301 1207 3409 1263 Sed
3435 1211 3504 1264 de

1914 1271 2165 1341 hissatis
2197 1273 2282 1327 die
2326 1274 2673 1341 praecedenti.
2723 1271 3052 1329 Pro'tcxtus
3096 1277 3326 1331 veritate
3357 1279 3505 1335 dicta

1916 1340 2205 1413 sufﬁciunt.
2240 1340 2570 1413 Sict-opulus,
2594 1343 2691 1413 qui
2723 1343 3121 1399 iienscbenium
3152 1358 3341 1412 vexat,
3374 1365 3503 1404 num

1916 1410 2218 1475 Peleusius,
2252 1410 2530 1475 Peleusus,
2554 1472 2559 1481 λ
2579 1412 2887 1479 Peleusius,
2915 1413 3175 1481 Pelusus,
3203 1410 3335 1481 etc.,
3365 1420 3506 1474 inter

1892 1490 1994 1561 'tot
2023 1472 2240 1561 nomina
2273 1485 2446 1561 etiam
2468 1472 2680 1561 Clusius
2711 1472 2923 1561 dicatur
2954 1487 3005 1561 in
3036 1472 3281 1561 antiquis»
3304 1472 3503 1561 lilarty;

1915 1552 2104 1626 rologii
2136 1551 2542 1626 Hieronymiani
2574 1555 2898 1626 apographis
2924 1557 2990 1610 ad
3020 1551 3504 1626 diem'prazcedeu—

1917 1630 2056 1689 tem;
2085 1623 2237 1689 item,
2259 1623 2487 1698 animus
2509 1623 2759 1698 itlei‘uqu‘e
2776 1626 2847 1698 sit
2864 1625 3108 1681 Eleusius
3123 1636 3177 1680 et
3191 1623 3501 1698 Peleusius,

1914 1709 2219 1773 summaca
2242 1694 2557 1773 difﬁcultate
2595 1694 2908 1773 involvitur,
2936 1712 3043 1766 qua
3075 1705 3154 1752 tot
3179 1694 3505 1773 alii__niarty4

1917 1780 2003 1836 res
2018 1780 2083 1818 ex
2115 1765 2180 1818 iis
2208 1766 2482 1836 codicibus
2511 1766 2751 1836 accepti;
2785 1765 3014 1836 quorum
3037 1783 3160 1823 cum
3190 1770 3335 1823 nulla
3367 1765 3504 1829 ulte-

1916 1835 2028 1906 rior
2050 1835 2241 1890 notitia
2271 1835 2520 1891 alicunde
2543 1835 2749 1906 acquiri
2776 1835 2964 1906 possit,
2993 1838 3080 1892 vix
3107 1847 3315 1894 tantum
3342 1843 3503 1898 nobis

215 1883 437 1962 etantiar
460 1924 527 1963 ex
552 1883 719 1963 variis
747 1908 963 1963 Eusebii
995 1883 1127 1965 I'ocis
1154 1883 1430 1979 componit
1448 1949 1461 1973 ,
1492 1883 1613 1978 illum
1640 1883 1813 1962 liisto-
1841 1883 1887 1942 Β
1918 1905 2252 1979 relinquunt,
2284 1916 2342 1979 ut
2373 1907 2457 1961 vel
2483 1883 2749 1979 probabili
2776 1883 2964 1978 aliqua
2984 1910 3296 1978 conjectura
3329 1883 3501 1967 nmini

218 1978 340 2048 rice
365 1979 595 2035 deducta
622 1989 748 2034 sunt
776 1995 805 2034 a
837 1979 1182 2035 Tillemontio
1211 1978 1355 2034 tonio
1384 1995 1465 2043 ιιι,
1496 1993 1617 2048 pag.
1645 1978 1736 2032 47.

300 2046 547 2104 Pelusia:
591 2050 675 2104 vel
724 2049 998 2104 Peleusius
1045 2050 1290 2105 Romano
1337 2046 1508 2119 parvo
1539 2046 1593 2103 ei
1636 2048 1813 2104 Adoni

219 2117 442 2191 ignotus
460 2161 475 2187 ,
506 2135 571 2176 ex
602 2120 1026 2193 Hieronymiano
1051 2121 1257 2191 aliquo,
1284 2117 1376 2177 ubi
1404 2118 1623 2175 Pilusus
1648 2134 1813 2174 voca-

1892 1990 1893 1993 ‘
1923 1976 1990 2031 ab
2017 1976 2189 2032 altero
2215 1977 2350 2033 satis
2377 1993 2570 2033 secure
2598 1976 3012 2048 distinguamus.
3041 1976 3099 2034 id
3125 1981 3259 2036 mihi
3289 1982 3504 2038 videtur

1888 2075 1891 2078 ν
1924 2048 2273 2119 tutissimum,
2290 2049 2475 2103 tandiu
2492 2049 3000 2119 martyrologiorum
3015 2059 3326 2107 nostrorum
3342 2054 3505 2109 vesti-

1920 2118 2007 2190 gia
2031 2133 2299 2189 premere,
2331 2119 2504 2175 donec
2532 2118 2735 2175 certius
2765 2119 2963 2190 aliquid
2992 2121 3283 2178 elucescat.

1676 2228 2046 2288 AUCTARIA.

339 2363 525 2404 casas.
558 2346 636 2401 sic
665 2345 824 2401 hodie
849 2345 1089 2417 loquitur
1116 2363 1129 2400 :
1165 2364 1183 2397 ι
1212 2346 1366 2417 Apud
1388 2344 1648 2417 Africam,
1679 2360 1805 2401 san-

194 2428 199 2437 ‘
231 2430 435 2474 ctoruni
466 2416 753 2487 Epiphanii
782 2416 1018 2480 diaconi,
1053 2416 1248 2487 Donati
1278 2424 1332 2472 et
1363 2416 1590 2471 aliorum
1621 2417 1801 2471 trede-

223 2491 350 2544 cim.
381 2487 448 2543 In
496 2485 844 2553 Alexandria,
890 2489 1057 2541 sancti
1092 2485 1293 2540 Pelusii
1327 2486 1629 2556 presbyteri.
1680 2486 1803 2555 Ipso

222 2562 325 2622 die,
359 2558 530 2615 sancti
558 2558 847 2613 Victoris.»
880 2557 1012 2625 Quis
1043 2558 1129 2612 hic
1155 2558 1246 2622 sit,
1288 2558 1494 2620 nescio,
1517 2557 1620 2611 nisi
1662 2558 1806 2612 inter

218 2631 447 2703 Libycos
472 2637 739 2703 martyres
764 2636 1205 2703 connumeretur.

290 2698 595 2756 Atsences.
616 2698 681 2754 'et
702 2699 889 2754 DANIC.
918 2700 991 2753 ita
1014 2699 1277 2769 incipiunt
1305 2716 1317 2752 :
1347 2717 1364 2748 ‹
1397 2698 1600 2769 Romae,
1625 2698 1804 2769 natale

218 2773 390 2828 sancti
419 2770 670 2826 Celestini
702 2786 876 2840 papae,
897 2770 988 2841 qui
1014 2768 1291 2841 constituit
1317 2777 1375 2821 ut
1413 2768 1605 2839 psalmi
1629 2768 1797 2823 David

222 2859 286 2898 c1.
335 2852 459 2897 ante
500 2841 829 2898 sacrificium
859 2840 1253 2910 antipbonatim
1292 2849 1640 2905 canerentur,
1671 2854 1798 2894 nam

218 2922 377 2967 antea
410 2912 645 2982 Epistola
673 2920 879 2965 tantum
907 2909 1345 2982 et‘Evangeiiumi
1370 2911 1792 2982 recitabantur.»

219 2983 429 3038 Similia
459 2981 629 3037 habet
652 2981 770 3036 Ado
796 2982 1096 3047 Mosandri,
1126 2981 1269 3036 unde
1299 2981 1457 3051 plane
1486 2982 1557 3035 sit
1590 2981 1796 3035 verosi-

215 3054 366 3118 mile,
398 3069 465 3107 ex
492 3053 671 3125 aliquo
699 3053 905 3125 Adonis
933 3051 1245 3125 apographo
1273 3051 1378 3107 huc
1408 3052 1690 3107 transisse.
1722 3051 1798 3105 De

215 3135 413 3179 caetero
442 3124 559 3192 puri
591 3132 717 3179 sunt
746 3124 894 3179 citati
925 3124 1158 3179 codices.

1908 2343 2127 2399 Petrum
2160 2345 2467 2412 constituit,
2502 2354 2561 2401 ut
2599 2347 2790 2417 psalmi
2815 2347 2992 2416 David
3028 2366 3092 2407 CL
3123 2362 3250 2408 ante
3288 2356 3501 2412 sacrifi-

1910 2416 2051 2496 cium
2094 2417 2487 2486 antiphonatim
2508 2416 2862 2496 canereniur,
2904 2437 3026 2496 nam
3063 2431 3231 2496 antea
3256 2424 3499 2496 Epistola

1910 2494 2117 2559 tantum
2149 2496 2203 2539 et
2231 2496 2475 2559 sanctum
2508 2487 2855 2559 Evangelium
2893 2487 3310 2549 rcritaliantur.»'

1982 2555 2897 2633 hisrate-CAarnqquLfnuscr.
2918 2579 2941 2633 :_
2960 2580 2978 2633 ι
3000 2561 3248 2633 Egesippi
3287 2565 3501 2622 confes-

1882 2627 2069 2703 -s_oris_,
2097 2627 2195 2703 viri
2220 2627 2567 2703 sanctissimi,
2586 2629 2675 2697 qui
2700 2627 3223 2703 scripsit_hi_storias§t
3243 2636 3499 2703 passione

1911 2696 2123 2777 Domini
2154 2713 2324 2777 usque
2349 2699 2442 2777 adh
2462 2713 2614 2753 suam
2641 2696 3137 2777 astatein._Pelettsii
3185 2696 3499 2777 presbyteri

1901 2776 1955 2822 et
1985 2766 2333 2823 confessoris.
2352 2788 2370 2819 »
2404 2768 2513 2823 Cur
2542 2784 2648 2824 non
2675 2770 2967 2838 martyris?

1974 2839 2262 2915 Vincam,
2286 2838 2528 2915 signatus
2551 2855 2698 2915 num:
2723 2838 2886 2915 5949,
2912 2843 3160 2915 praeterit
3182 2842 3495 2915 Pelusium;

1888 2909 2051 2983 addit
2080 2920 2280 2983 autem
2303 2928 2315 2962 :
2342 2908 2373 2960 ἰ
2405 2908 2459 2983 In
2484 2909 2771 2967 Antiochia
2806 2908 3007 2983 Syria‘,
3056 2924 3369 2972 sanctorum
3401 2908 3494 2973 Ti:-

1902 2980 2102 3034 motliei
2140 2978 2494 3051 etiDiogenis.
2513 3000 2531 3032 »

1973 3051 2150 3129 Editio
2192 3048 2594 3129 Lenaeo-(391":
2615 3071 2631 3102 ι
2662 3050 2865 3129 Bonae,
2884 3054 3055 3129 sancti
3070 3053 3324 3111 Celestini
3346 3073 3498 3129 papa:

1901 3130 1956 3175 et
2005 3120 2354 3191 confessoris,
2415 3122 2507 3191 qui
2561 3125 2701 3176 rexit
2744 3123 3039 3177 Ecclesium
3094 3141 3265 3181 annos
3311 3120 3491 3183 octo.»

291 3189 596 3277 Camenas.
627 3212 641 3249 :
672 3214 690 3245 ι
722 3194 973 3277 Egesippi
1007 3194 1105 3277 viri
1150 3192 1476 3277 sanctissimi
1498 3234 1513 3257 ,
1545 3192 1802 3277 tempori:
1829 3202 1874 3264 ο
1907 3189 2220 3277 Sequuntur
2249 3208 2369 3262 qum
2395 3189 2462 3275 ei
2490 3192 2785 3277 Lovsmeiv.
2809 3209 2984 3277 supra
3005 3194 3297 3277 dedimus;
3312 3197 3447 3252 Tum
3474 3214 3492 3253 :

218 3263 325 3319 bus
345 3265 705 3333 apostolorum
730 3262 993 3320 vi'ciniJn
1016 3264 1370 3327 Alexandria,
1398 3263 1571 3317 sancti
1599 3262 1800 3317 Pelusii

218 3335 547 3405 presbyteri.
574 3334 630 3405 In
659 3335 860 3401 Africa,
892 3344 1202 3391 sanctorum
1229 3333 1515 3403 Epiphanii
1541 3333 1798 3402 episc0pi,

218 3404 416 3461 Donati
446 3414 499 3459 et
530 3404 776 3460 aliorum.
791 3426 810 3459 »

293 3475 583 3548 Roswsvo.
616 3494 630 3529 :
663 3496 681 3528 ι
708 3476 865 3548 Apud
888 3475 1151 3548 Africam,
1178 3483 1488 3548 sanctorum
1514 3472 1801 3548 Epiphanii

213 3555 273 3601 et
302 3547 494 3602 Donati
529 3543 884 3617 martyrum.»
937 3546 1195 3617 Sequitur
1227 3544 1637 3617 deiiiegesippo
1664 3543 1799 3599 satis

180 3618 185 3623 ’
214 3633 369 3688 pure.
398 3617 531 3689 Tum
556 3636 578 3689 7:
617 3637 635 3669 ι
667 3615 725 3672 In
751 3615 1043 3673 Antiochia
1066 3615 1798 3689 SyriacuTinlot-heimarty-

211 3686 293 3742 ris
323 3703 444 3743 cum
476 3687 596 3744 aliis
633 3704 748 3744 sex.
780 3689 837 3743 in
880 3686 1205 3742 Alexandria
1226 3727 1240 3753 ,
1270 3686 1470 3742 Pelusii
1502 3686 1794 3756 episcopi.»

213 3759 277 3813 In
311 3768 458 3813 textu
488 3760 681 3815 melius
705 3768 789 3814 est
812 3759 1117 3829 presbyteri.

287 3829 722 3885 Aureum-Mn.
742 3825 1104 3898 iiegesippum
1133 3828 1307 3898 primo
1326 3827 1446 3882 loco
1473 3825 1642 3882 refert
1668 3842 1793 3882 cum

207 3899 443 3973 longiori
471 3901 646 3973 elogio
667 3942 682 3964 ,
723 3899 985 3973 fermeex
1018 3899 1205 3973 adone
1242 3898 1534 3969 descripto.
1570 3899 1645 3953 De
1676 3898 1799 3968 Epi-

205 3969 412 4041 phanio
442 3969 583 4040 pure
604 3991 617 4026 :
652 3973 717 4027 de
743 3969 957 4041 Pelusio
986 3969 1140 4025 nihil.

172 4052 175 4057 ‘
208 4040 217 4041 “
287 4040 628 4113 Bnuxauen.
657 4042 822 4096 multa
845 4040 1008 4113 habet
1029 4055 1149 4113 quae
1172 4041 1390 4113 curioso
1411 4040 1614 4113 lectore
1637 4041 1797 4113 digna

206 4112 535 4168 existimavi.
564 4113 755 4183 Incipit
788 4132 800 4167 :
838 4130 855 4162 ι
886 4111 1137 4181 Egcsippi
1167 4112 1520 4183 confessoris,
1549 4111 1651 4166 viri
1676 4111 1800 4167 san-

206 4183 459 4237 ctissimi.
480 4183 581 4250 Qui
602 4182 812 4239 vicinus
846 4183 1209 4252 apostolorum
1231 4182 1583 4252 temporibus,
1605 4197 1796 4239 omnes

204 4268 237 4307 a
270 4254 521 4321 passione
551 4254 763 4309 Domini
791 4268 961 4323 usque
988 4255 1054 4308 ad
1083 4268 1236 4308 suam
1266 4264 1482 4308 aetatem
1508 4252 1797 4309 ecclesias-

206 4323 441 4377 ticorum
474 4334 692 4380 actuum
726 4334 914 4380 texens
941 4323 1216 4387 historias,
1254 4324 1528 4393 multaque
1554 4323 1620 4377 ad
1650 4324 1797 4379 utili-

208 4401 374 4466 tatem
402 4394 693 4465 legentium
730 4395 1056 4466 pertinentia
1078 4435 1092 4459 ,
1127 4394 1254 4449 hinc
1284 4394 1792 4466 indeicongrcgans,

204 4464 642 4534 quiaQueiibros
666 4464 971 4536 composuit
996 4479 1245 4536 sermone
1274 4465 1504 4535 simplici
1523 4506 1537 4530 ,
1552 4464 1630 4519 ut
1652 4464 1795 4535 quo-

170 4551 330 4603 .rum
374 4537 540 4591 vitam
571 4538 900 4602 sectabatur,
945 4535 1158 4606 dicendi
1203 4549 1418 4605 quoque
1463 4536 1795 4606 exprimeret

204 4616 595 4663 caracterem.»
638 4607 911 4665 Hactenus
944 4622 1012 4662 ex
1047 4605 1234 4661 Adone
1263 4624 1276 4660 :
1309 4621 1428 4675 qua?
1466 4605 1792 4676 sequuntur,

202 4677 278 4731 de
303 4692 402 4732 suo
437 4677 686 4734 addidit:
724 4697 742 4731 ι
776 4677 992 4740 Romae,
1023 4676 1166 4747 beati
1193 4676 1452 4731 Celestini
1483 4692 1651 4747 papae.
1688 4676 1793 4745 Qui

204 4747 351 4801 rexit
377 4748 673 4820 Ecclesiam
708 4764 878 4804 annos
915 4757 1059 4803 octo.
1101 4745 1199 4820 ilic
1236 4745 1534 4820 constituti
1555 4745 1620 4803 ut
1648 4750 1794 4820 psal-

206 4833 329 4888 mus
357 4817 554 4874 ludica
580 4828 705 4875 ante
731 4820 1012 4875 introitum
1041 4819 1219 4873 missae
1240 4818 1471 4872 dicatur.
1496 4818 1563 4874 Et
1585 4817 1791 4888 ex‘cjus

208 4887 461 4961 instituto
491 4890 769 4954 introitus,
799 4888 1086 4961 Gradualia
1106 4929 1120 4955 ,
1148 4896 1204 4943 et
1232 4888 1516 4961 Oli'ertoria
1536 4931 1550 4955 ,
1584 4887 1713 4961 quae
1735 4890 1790 4946 in

203 4960 371 5012 missa
400 4969 525 5016 ante
554 4961 881 5017 sacrificium
906 4960 1180 5024 dicuntur,
1203 4960 1267 5015 de
1295 4959 1521 5016 Psalmis
1545 4959 1790 5016 extracta

203 5038 352 5111 sunt.
371 5029 498 5114 _Sub
522 5031 640 5114 ipso
664 5032 835 5114 etiam
856 5032 1011 5086 tertia
1038 5031 1279 5114 synodus
1289 5029 1790 5114 _Ephes'inanNesto-

205 5100 348 5154 rium
371 5100 683 5173 inereticqm
701 5100 1097 5158 condemnavit.
1116 5100 1216 5173 Iiic
1232 5100 1395 5157 etiam
1418 5117 1554 5173 papa
1569 5100 1790 5173 Celesti:

206 5185 311 5224 nus
335 5180 581 5227 sanctum
611 5172 904 5229 Patricium
930 5173 1097 5228 lilium
1119 5171 1388 5237 Conches,
1415 5171 1619 5229 sororis
1641 5171 1787 5227 beati

205 5240 423 5313 Martini
456 5241 789 5300 Turonensis
811 5285 827 5310 ,
862 5244 1009 5300 misit
1036 5245 1088 5298 in
1122 5243 1407 5299 Yberniam
1435 5283 1450 5307 ,
1477 5242 1570 5313 qui
1596 5258 1787 5299 omnes

208 5311 403 5384 ibidem
435 5314 501 5367 ad
541 5314 699 5369 fidem
733 5314 929 5384 Christi
960 5316 1274 5370 convertit.»
1308 5315 1365 5368 In
1403 5311 1705 5384 Epiphanio
1733 5322 1790 5369 et

205 5381 420 5454 Pelusio
469 5400 638 5454 purus
680 5396 782 5441 est.
826 5383 1057 5440 Additur
1103 5386 1153 5439 in
1192 5386 1299 5442 ﬁne
1333 5403 1346 5439 :
1386 5402 1405 5435 ι
1434 5381 1566 5439 ῐιθιιι
1614 5384 1786 5441 sancti

205 5452 759 5512 Macbarii'monachi.
776 5475 793 5507 »
827 5455 1283 5511 Praetermittitur.

176 5536 183 5542 ·
276 5523 620 5581 ΗΑηειιοιιια.
650 5528 703 5597 in
730 5535 874 5582 textu
896 5567 911 5590 ,
942 5534 1142 5597 prmter
1172 5541 1408 5593 morem,
1440 5534 1647 5582 tantum
1677 5541 1785 5583 non

204 5611 372 5669 purus
397 5606 479 5651 est
502 5636 516 5661 ,
541 5598 607 5651 de
635 5596 1145 5669 Quelestino’eadem
1174 5599 1355 5665 habet,
1390 5613 1509 5669 quae
1533 5598 1785 5669 superius

205 5680 270 5719 ex
300 5667 535 5722 Aeaeae.
565 5676 621 5722 et
645 5667 830 5723 DANIC.
866 5667 1113 5723 recitavi.

173 5797 179 5805 ‘
258 5736 408 5808 μεθ.
439 5737 598 5793 Suec.
629 5740 718 5808 qui
759 5738 858 5792 fuit
894 5737 1152 5808 principis
1184 5738 1365 5796 Ursini
1395 5741 1451 5796 iu
1479 5741 1736 5798 Bohemia
1765 5759 1780 5798 :

212 5825 231 5861 ι
258 5806 476 5871 Ronne.
507 5806 674 5866 sancti
720 5806 989 5866 Caelestini
1037 5806 1206 5880 papae.
1252 5810 1355 5879 Qui
1401 5823 1525 5883 post
1564 5815 1780 5872 beatum

1880 3702 1885 3703 ί
1972 3684 2212 3741 GnstN.
2245 3704 2257 3740 :

1914 3280 1939 3333 «ν
1966 3262 2063 3317 llic
2088 3262 2250 3316 etiam
2263 3264 2544 3317 constituit
2569 3262 3099 3333 utl‘isaltmlsludica
3126 3282 3225 3329 me,
3255 3267 3417 3333 Deus,
3442 3279 3494 3324 et

1906 3332 2141 3386 discerne
2169 3348 2383 3386 causam
2418 3351 2585 3387 meam
2607 3375 2621 3397 ,
2642 3332 2779 3389 ante
2822 3334 3103 3389 Introitum
3139 3338 3316 3392 Inissre
3344 3332 3496 3396 dice—

1905 3410 2109 3481 retur.»
2142 3402 2221 3481 _In
2263 3402 2535 3481 Africanis
2582 3406 2716 3481 satis
2756 3420 2887 3481 pura
2920 3415 3021 3481 est.
3071 3406 3147 3481 De
3193 3406 3423 3481 Hegesip

1904 3472 2092 3528 eadem
2138 3471 2251 3528 fere
2295 3473 2487 3539 habet,
2521 3489 2643 3543 qua:
2671 3471 3056 3529 Bruxeliensis.
3098 3477 3151 3530 In
3194 3471 3301 3533 line
3334 3498 3346 3532 :
3387 3471 3495 3538 ἱῖιι

1900 3543 2270 3626 Alexandria,
2323 3544 2497 3599 sancti
2548 3544 2781 3600 Peleusii
2832 3547 3135 3616 presbyteri
3178 3558 3234 3602 et
3276 3550 3493 3607 confes-

1902 3628 2062 3669 SOI‘lS.
2078 3634 2096 3666 ι

2294 3704 2312 3738 ι
2341 3686 2638 3743 Praedictus
2666 3687 2964 3756 Egesippus
2988 3686 3041 3740 in
3067 3687 3219 3743 libris
3239 3689 3352 3745 δαῖε
3375 3692 3492 3748 haec

1900 3755 2252 3845 refert..Npam
2284 3765 2342 3840 et
2366 3773 2465 3845 ego
2504 3758 2565 3845 in
2576 3759 2755 3840 sectis
2782 3757 3021 3845 Platonis
3047 3759 3323 3841 institutus
3343 3802 3356 3825 ,
3376 3778 3488 3845 au-

1902 3828 2056 3899 diens
2094 3826 2345 3882 infamari
2389 3826 2727 3885 Christianos
2768 3838 2822 3883 et
2851 3827 3039 3882 videns
3068 3844 3161 3883 eos
3191 3831 3492 3899 impavidos

1901 3897 1971 3970 ad
2016 3899 2412 3968 suscipiendam
2458 3909 2686 3955 mortem
2758 3907 2920 3968 atque
2959 3915 3118 3954 omne
3166 3897 3490 3970 supplicium

1903 3968 2262 4036 tolerandum,
2293 3972 2704 4026 considerabam
2731 3970 2873 4040 quod
2906 3968 3243 4039 impossibile
3263 3968 3407 4027 esset
3434 3974 3491 4029 in

1901 4040 2107 4094 malitia
2142 4056 2238 4095 eos
2274 4048 2329 4096 et
2368 4040 2588 4097 libidine
2630 4040 2996 4096 conversari.»
3041 4040 3163 4096 Haec
3199 4058 3263 4096 cx
3298 4043 3490 4100 Adone

1900 4110 2182 4185 desumpta
2206 4122 2348 4185 sunt,
2377 4113 2469 4185 sed
2493 4111 2941 4185 qtimHegesippo
2968 4113 3325 4185 alijudicantia
3350 4115 3489 4185 dixi-

1901 4195 2041 4256 mus.
2084 4200 2115 4256 _¢
2162 4181 2219 4235 In
2264 4183 2489 4254 Anglia,
2531 4181 2845 4256 _Salvatoris
2876 4181 3196 4256 _ma_rtyris.
3231 4204 3247 4235 »
3300 4181 3488 4256 Anglis

1900 4251 2034 4324 ipsis
2081 4253 2294 4324 ignotus
2341 4251 2442 4308 est.
2482 4272 2499 4303 ι
2529 4253 2659 4308 item
2710 4253 2912 4319 Eleusi,
2963 4251 3269 4321 Macharite,
3322 4251 3488 4310 Phili—

1899 4322 2268 4394 berti.»'Quid
2297 4325 2363 4378 de
2387 4326 2485 4379 hac
2514 4325 2895 4394 conjunctione
2922 4325 3241 4387 dicendum,
3282 4327 3402 4381 vide
3430 4327 3487 4381 in

1901 4392 2078 4449 indice
2117 4392 2635 4456 Przetermissorum.
2670 4415 2687 4446 ι
2721 4393 2975 4449 Celestini
3005 4409 3157 4462 papae
3180 4404 3237 4450 et
3271 4395 3487 4452 confes-

1901 4464 2071 4528 soris,
2100 4467 2189 4533 qui
2224 4465 2360 4519 rexit
2388 4465 2682 4521 Ecclesiam
2716 4466 2873 4519 annis
2899 4473 3043 4519 octo.
3074 4464 3192 4530 Hic,
3214 4485 3232 4517 »
3267 4475 3398 4532 etc.,
3428 4478 3487 4523 ut

1899 4534 2205 4606 Atssncen.
2230 4553 2248 4585 ι
2277 4535 2378 4590 Alii
2396 4547 2793 4606 ponunteum,»
2816 4534 3036 4605 inquit,¢
3060 4536 3145 4590 die
3174 4538 3477 4606 sequenti.»

1898 4605 2011 4676 I_mo
2032 4606 2220 4660 diebus
2242 4605 2424 4661 variis.
2460 4624 2478 4657 ι
2508 4607 2775 4662 Brandani
2799 4607 3034 4676 episcopi
3057 4615 3112 4660 et
3131 4605 3480 4665 confessoris.

1878 4674 2209 4750 A_'I“ran_slati_o
2232 4679 2407 4732 sancti
2426 4677 2704 4750 Timothei
2731 4674 2957 4750 apostoii
2985 4674 3039 4750 et
3069 4680 3378 4750 martyris.»
3407 4680 3483 4737 De

1896 4745 1980 4819 his
2010 4748 2131 4819 vide
2162 4745 2579 4804 Praetermissos.
2615 4766 2634 4798 ι
2662 4745 2797 4819 item
2829 4749 2882 4802 in
2908 4746 3076 4819 Eyllia
3102 4790 3117 4814 ,
3151 4745 3483 4808 monasterio

1897 4815 2182 4893 Steynfelt,
2216 4828 2419 4893 sancta:
2449 4818 2722 4893 memoriae
2749 4815 3065 4884 Hermainii,
3092 4820 3181 4889 qui
3206 4829 3258 4876 et
3278 4820 3482 4893 Joseph

1890 4887 2111 4958 propter
2137 4887 2535 4959 simplicitatem
2564 4889 2737 4945 dictus
2762 4898 2897 4945 est.»

1967 4959 2181 5032 Momm.
2234 4960 2377 5032 typis
2414 4959 2626 5032 parvis
2677 4960 2744 5032 de
2784 4961 3318 5032 llermannohabet
3361 4962 3479 5032 jam

1892 5029 2035 5102 dicta
2067 5048 2079 5084 :
2117 5050 2134 5102 ε
2164 5029 2366 5086 Eodem
2393 5029 2503 5097 die,
2531 5031 2701 5086 sancti
2727 5031 2934 5087 Aiberti
2960 5032 3208 5087 monachi
3240 5043 3294 5087 et
3320 5029 3475 5102 pres-

1891 5100 2069 5174 byteri
2099 5101 2484 5174 Crispiniensis
2514 5102 2849 5167 monasterii,
2880 5102 3036 5170 cujus
3061 5104 3225 5157 vitam
3257 5100 3477 5174 scripsit

1891 5172 2112 5241 quidam
2141 5173 2553 5228 archidiaconus
2584 5174 3066 5229 Austromanditc.»
3108 5173 3241 5227 Aliae
3273 5172 3474 5230 editio-

1891 5255 1989 5298 nes
2016 5244 2315 5367 adjunﬁunt
2352 5262 2365 5296 :
2402 5261 2420 5294 ι
2450 5243 2546 5299 Die
2572 5244 2823 5325 septima,
2851 5244 3025 5299 sancti
3052 5244 3222 5313 patris
3247 5242 3468 5317 Georgii

1891 5312 2127 5367 episcopi
2218 5314 2482 5367 elitines.»
2525 5314 2712 5367 Melius
2748 5314 3033 5367 Mituleme.
3075 5313 3265 5367 Minori
3292 5315 3468 5367 denuo

1890 5312 2127 5384 episcopi
2165 5312 2482 5369 Melitines.»
2525 5312 2712 5370 Melius
2748 5314 3033 5384 Mitylenw.
3056 5312 3265 5369 Minori
3292 5312 3472 5373 denuo

1891 5328 2127 5438 episcopi
2165 5328 2482 5369 mentmes.»
2525 5328 2712 5370 melius
2748 5328 3033 5384 mugiente.
3075 5328 3265 5369 Minori
3292 5328 3470 5373 denuo

1891 5398 1935 5455 cf
1963 5395 2251 5455 aractere:
2286 5404 2304 5436 ι
2335 5384 2626 5455 Crispinii,
2654 5386 2789 5440 obiit
2816 5384 3074 5455 Dominus
3104 5385 3358 5440 Aibertus
3385 5386 3470 5441 in-

1890 5454 2090 5521 clusus,
2123 5454 2276 5524 cujus
2306 5454 2625 5511 memoriam
2656 5456 2782 5510 facit
2800 5454 3127 5524 Crispininni
3158 5455 3209 5509 in
3236 5454 3469 5513 Litaniis

1889 5528 2227 5582 monasterii.
2270 5526 2490 5583 Festum
2528 5542 2657 5582 vero
2698 5527 2750 5580 in
2787 5525 2983 5580 sacella
3022 5525 3230 5591 vicino,
3273 5527 3326 5580 in
3361 5543 3470 5596 quo

1887 5598 2149 5667 quiescit,
2186 5599 2445 5669 postridie
2488 5596 2840 5669 dedicationis
2879 5596 2996 5669 ejus
3036 5597 3466 5669 oratorii,_quod

1887 5677 1974 5724 est
2010 5667 2248 5726 secunda
2278 5670 2364 5739 die
2402 5669 2546 5723 Maii.
2574 5668 2971 5739 Pompeiopoli,
2996 5669 3181 5739 sancti
3220 5667 3467 5739 Cailiopii

1888 5741 2165 5813 martyris.
2193 5740 2252 5795 In
2280 5738 2454 5804 Eiliia,
2479 5738 2808 5795 monasterio
2830 5737 3101 5805 Steinfelt,
3125 5746 3326 5795 sancite
3344 5737 3468 5796 nie-

1887 5813 2091 5878 morice,
2123 5820 2257 5880 etc.,
2285 5830 2303 5864 »
2336 5820 2394 5866 ut
2420 5825 2600 5881 supra.
