3958 6348
61 205 192 262 3‘25

153 320 537 372 Aomcmcr.
571 331 584 368 :

153 334 537 381 AQU'ClNCT-
571 334 584 368 Ξ
621 334 646 364 (ι
678 334 733 367 In
760 334 1060 376 Drllallﬂla,
1086 334 1256 366 sane“
1277 334 1493 368 uuuau
1522 334 1733 365 (2011165-

65 391 244 444 soris
308 396 378 442 et
453 385 813 448 anachoretae,
842 375 935 453 qui
965 381 1144 439 multis
1191 383 1482 438 virtutibus
1527 381 1736 452 fulgens

65 459 412 527 requievit
441 458 493 512 in
523 471 673 524 pare.
715 475 732 506 ι

164 523 437 584 MATR“:
463 523 1140 582 -CARTIIUS.-ULTRAJECT.
1179 543 1192 579 :
1231 544 1250 576 ‹
1325 523 1576 581 Guthlaci
1603 539 1736 578 con-

63 600 363 657 fessoris
388 607 453 654 et
473 599 733 652 eremitaa.
761 597 956 651 Leonis
979 611 1129 666 papae
1151 596 1294 650 tertii
1316 605 1369 649 et
1387 595 1733 666 confessoris.

63 671 372 728 Zenonis
445 668 773 724 Veronensis
826 667 1063 738 episcopi
1114 666 1621 738 etfconfessot'istg
1655 665 1736 738 An

71 761 212 798 non
272 739 595 810 martyris?
626 739 759 794 Vide
804 735 1043 810 in—A_clis
1071 753 1147 810 stt
1169 737 1388 810 Aprilis.
1417 737 1526 791 Leo
1557 735 1621 790 Ill
1647 735 1737 805 qui

68 815 286 867 etiam
324 811 391 866 iu
423 807 663 864 editione
685 807 1046 879 Lenaeo-Coc.
1076 808 1233 864 hodie
1275 823 1559 879 perperam
1582 817 1736 860 nota-

69 893 220 948 tur,
259 891 498 952 spectat
528 882 596 936 ad
618 897 691 935 xu
725 878 888 952 Junii.

175 946 243 1008 In
278 946 594 1015 Vanum,
619 967 764 1006 num.
791 949 1237 1015 5949,0mitittur
1252 949 1460 1003 Domio.
1478 946 1744 1017 Adjicitur

82 1034 312 1078 autem
351 1038 366 1075 :
409 1042 429 1074 ι
465 1023 524 1077 1η
552 1022 898 1086 Mauritania,
921 1020 1093 1076 sancti
1123 1019 1370 1074 Donmini
1425 1018 1742 1090 episcopiet

86 1095 372 1149 militum
399 1109 618 1149 novem.
657 1113 674 1146 ι
703 1091 958 1148 Confusio
1005 1089 1163 1146 facile
1213 1090 1408 1162 relegi,
1450 1088 1507 1146 et
1544 1088 1740 1158 corrigi

83 1175 333 1236 potest.

180 1235 496 1290 ALTEMPS.
533 1251 548 1290 :
581 1254 598 1286 ι
636 1232 888 1298 Turonis,
917 1231 1087 1302 sancti
1122 1230 1300 1302 Agrici
1333 1231 1564 1302 abbatis.
1591 1229 1734 1299 Lug-

103 1305 275 1361 duno
309 1305 524 1376 Siagrii
555 1305 813 1376 episcopi.
833 1304 964 1358 ltcm
1001 1301 1284 1358 Fortunati
1315 1313 1370 1357 et
1400 1301 1632 1357 aliorum
1651 1303 1744 1354 du-

100 1385 432 1446 centorum
465 1376 843 1446 quadraginta.
859 1395 876 1427 ι

186 1443 398 1502 Codex
434 1441 637 1502 Cssrnt
671 1441 873 1500 Canou
905 1463 918 1499 :
957 1463 977 1496 ι
1003 1443 1284 1513 Lugduno,
1329 1443 1590 1512 depositio
1617 1441 1743 1497 Sia-

97 1517 252 1587 grii,
287 1515 548 1572 Patricii.
589 1537 606 1568 ι
639 1515 764 1570 H2730
792 1517 844 1570 in
875 1515 1018 1587 actis
1058 1512 1169 1585 duo
1201 1512 1335 1587 sunt
1372 1515 1616 1580 nomina,
1648 1513 1739 1568 ubi

103 1585 192 1643 Ile
218 1585 437 1658 Siagrii
470 1588 786 1658 episcopatu
807 1585 1059 1658 inullaffit
1084 1585 1304 1658 mentio.

197 1655 431 1714 Manius
459 1655 702 1713 Siucrt:
742 1677 758 1708 ι
799 1657 984 1712 Sancti
1034 1655 1270 1725 Agrestii
1317 1657 1591 1727 martyris,
1650 1655 1740 1727 qui

110 1727 234 1782 fuit
263 1730 460 1784 socius
485 1727 654 1784 sancti
680 1728 976 1793 Romarici,
1007 1728 1160 1796 cujus
1207 1741 1402 1795 corpus
1453 1725 1744 1796 requiescit

112 1799 179 1854 in
221 1799 334 1854 isto
364 1808 557 1854 sancto
587 1810 764 1854 monte
797 1799 865 1855 de
889 1797 1182 1856 Romhech.
1211 1797 1298 1867 qui
1327 1798 1628 1867 antiquitus
1653 1812 1743 1852 vo-

113 1871 368 1926 cabatur
401 1869 936 1925 Habendi-castrum.
967 1889 991 1922 ι
1027 1868 1102 1924 De
1121 1869 1224 1922 hoc
1254 1866 1611 1923 Sancto'nihil
1639 1868 1742 1922 ali-

115 1941 184 1995 bi
214 1941 464 2010 reperio,
499 1941 640 1996 forte
666 1939 868 2010 aliquid
894 1945 1141 1997 recurret
1163 1938 1217 1994 in
1234 1939 1340 1993 vita
1373 1937 1430 1994 S.
1456 1938 1738 1994 Romarici

121 2027 231 2065 vm
266 2011 614 2066 Decembris.

204 2081 395 2152 Editio
428 2081 802 2140 Lenaeo-Coc.
849 2082 928 2138 sic
975 2081 1167 2152 incipit
1199 2101 1212 2137 :
1249 2101 1268 2132 ε
1299 2081 1507 2144 Romae,
1546 2079 1738 2152 natale

127 2152 284 2206 beati
309 2151 514 2208 Leonis
539 2152 600 2207 Ill
629 2169 780 2224 papae
805 2163 856 2208 et
891 2151 1348 2222 confessoris,qui
1376 2153 1517 2224 sedit
1543 2151 1593 2224 in
1619 2151 1736 2219 epi-

136 2233 369 2292 scopatu
393 2239 567 2278 annos
589 2221 798 2295 viginti,
846 2239 1061 2295 menses
1090 2221 1350 2295 quinthe,
1381 2223 1496 2295 dies
1551 2221 1735 2295 decem

139 2302 198 2345 et
228 2308 350 2358 sex,
381 2303 623 2364 tempore
644 2292 788 2350 beati
820 2293 1004 2349 Karoli
1035 2292 1316 2364 uagum
1359 2292 1535 2364 eidem
1558 2292 1740 2362 Auguo

138 2372 230 2418 sto
273 2363 518 2436 diadema
575 2363 783 2436 imperii
839 2365 1085 2436 contulit.
1115 2363 1213 2420 Hic
1263 2364 1458 2436 legitur
1493 2363 1739 2436 visitasse

139 2436 363 2505 beatum
402 2433 717 2490 Severinum
747 2437 800 2491 in
827 2435 1049 2490 Colonia
1070 2433 1382 2505 Agrippina,
1413 2433 1466 2505 in
1499 2433 1736 2505 ecclesia

141 2504 318 2574 ipsius
364 2513 420 2560 et
467 2505 812 2575 prolixiorem
857 2503 1157 2561 orationem
1183 2503 1380 2560 ibidem
1410 2503 1601 2558 fecisse
1621 2517 1639 2575 A:
1670 2503 1738 2558 si-

141 2573 350 2630 militer
373 2573 486 2631 suis
509 2578 798 2634 comitibus
827 2577 938 2632 haec
982 2578 1142 2632 verba
1184 2575 1385 2632 dixisse
1423 2594 1435 2628 :
1481 2573 1738 2630 Dominus

149 2645 460 2720 Severinus,
497 2648 640 2720 domi
700 2658 808 2712 est,
856 2658 919 2720 et
941 2647 1060 2720 id_co
1095 2664 1201 2702 non
1238 2662 1404 2720 ausns
1430 2661 1548 2700 sum
1589 2645 1738 2720 illum

143 2715 820 2788 praeterire,insalutatum.
861 2717 958 2772 llic.
989 2717 1174 2774 Romae
1209 2717 1450 2788 sepultus
1487 2724 1571 2770 est
1599 2715 1738 2788 apud

144 2785 397 2859 sanctum
427 2787 668 2844 Petrum.
709 2810 726 2841 ι
762 2790 834 2844 De
860 2788 1040 2844 Leone
1063 2785 1285 2859 magno,
1303 2787 1455 2842 nihil.
1498 2789 1586 2859 De
1616 2785 1741 2859 Phi-

147 2855 313 2926 lippo,
351 2875 504 2928 pure.
545 2861 622 2915 De
679 2859 958 2924 Domione,
1016 2855 1183 2928 ponit',
1245 2879 1262 2910 ι
1311 2875 1431 2914 cum
1479 2856 1741 2912 militibus

147 2935 294 3000 octo,
329 2927 674 3000 martyribus,
701 2932 790 3000 qui
819 2927 1091 2986 Christum
1119 2945 1315 3000 negare
1341 2927 1608 3000 nolentes,
1636 2941 1740 3000 pro

145 2997 269 3067 ejus
303 2997 518 3072 nomine
539 2997 875 3067 occisi-sunt,
909 3001 1076 3072 gloria
1108 3009 1162 3054 et
1191 2997 1424 3072 honore.
1469 3019 1487 3050 ι
1519 2999 1596 3072 De
1636 2997 1742 3072 Eu-

1049 175 1058 185 .
1147 195 1772 255 MARTYROLOGIUM.
1813 227 1884 236 —
1921 195 2124 254 MENS.
2165 197 2388 256 APRIL.

621 331 646 364 ι.
678 313 733 367 ln
759 311 1068 388 Britannia,
1086 312 1256 388 sancti
1271 311 1493 388 ‘Gutlaci
1522 311 1733 388 confcs-
1763 316 1808 374 Α
1837 327 1959 388 cum
2019 311 2262 367 Julianus
2293 354 2306 377 ,
2349 315 2646 388 avunculus
2699 315 2892 374 Iuliani
2937 329 3216 388 apostatae,
3265 337 3416 378 com—

3231 254 3242 265 .
3309 208 3414 266 926

1843 385 2166 462 prehensum
2220 385 2537 462 crudeliter
2566 396 2876 462 magasset,
2915 385 3207 445 novissime
3235 393 3416 462 gladio

1841 453 2095 522 praecepit
2119 456 2310 511 occidi.
2349 476 2367 508 ›
2403 457 2478 511 De
2523 459 2627 512 hoc
2663 453 2946 515 TheodOro
2969 501 2982 524 ,
3027 471 3085 515 Ill.
3129 453 3295 518 semvel
3335 464 3416 519 di-

1841 539 1978 580 cam.
2014 525 2274 581 videndus
2301 527 2460 582 index
2510 527 3020 586 Practermissorum.
3074 531 3130 586 lu
3179 535 3415 589 secunda

1842 595 2077 672 editione
2117 596 2258 672 idem
2308 599 2568 672 recurrit;
2609 608 2664 653 et
2699 611 2960 670 praeterea
3004 611 3126 672 post
3172 601 3420 658 Calcedo-

1843 667 2017 720 neusis
2063 666 2279 744 additnr
2325 686 2402 744 :_¢
2443 666 2832 744 Sexcentorum
2882 666 3098 744 triginta
3135 675 3413 744 episcopo-

1845 751 1982 816 runt.
2021 757 2039 788 ι
2069 737 2310 816 _in_ﬁne
2342 739 2479 816 item
2521 742 2784 816 accedunt
2811 761 2874 816 ενι
2915 737 3192 813 [ιῖιειὶιιιιοζ
3221 737 3417 816 Siagrii

1843 809 2082 882 episcopi
2114 827 2126 861 :
2155 809 2406 882 Turonis,
2439 811 2640 882 Agirici
2667 815 2896 869 abbatis.
2938 835 2956 867 ι

1912 877 2152 933 Caeres.
2191 899 2204 932 :
2244 898 2262 930 ι
2301 881 2355 935 ln
2387 877 2591 947 Africa,
2642 893 2950 939 sanctorum
2987 885 3287 948 Fortunati,
3313 885 3419 939 Do-

1841 949 1954 1004 nati
1975 958 2029 1002 et
2057 951 2289 1025 aliorum
2312 967 2462 1025 coxo.
2493 953 2744 1025 Stanislai
2775 955 3008 1025 episcopi
3041 957 3419 1011 Cracoviensis

1843 1028 1905 1098 e_t_
1928 1024 2184 1098 martyris
2220 1023 2413 1098 passio.
2448 1043 2466 1076 ι
2517 1024 2723 1098 Colitur
2769 1023 2842 1082 vit
2883 1023 3024 1082 Maii.
3063 1027 3322 1098 Sequitur
3347 1027 3420 1098 de

1846 1089 2149 1165 Theodoro,
2183 1089 2241 1148 ut
2267 1093 2478 1160 But-sq
2519 1095 2610 1150 sed
2649 1111 2746 1165 pro
2784 1107 3084 1162 mactasset,
3123 1089 3315 1152 melius
3347 1096 3422 1152 le-

1843 1163 2321 1238 gitttt'_sat_tciasset.
2357 1186 2375 1218 ι
2407 1166 2463 1238 In
2489 1163 2789 1238 Britannia,
2813 1167 3060 1224 Gttlhlﬂt‘i
3092 1167 3416 1238 presbyteri,

1846 1234 2173 1290 anachoritae
2203 1245 2255 1290 et
2298 1236 2643 1292 confessoris.
2671 1237 2820 1293 lsaac
2846 1234 3104 1293 monachi
3119 1249 3174 1294 et
3199 1234 3415 1292 confes-

1845 1303 2004 1380 s_ori_s,
2036 1305 2151 1380 qui,
2182 1315 2241 1380 ut
2270 1306 2437 1362 refert
2465 1307 2521 1363 S.
2551 1308 2844 1380 Gregorius
2872 1308 2906 1363 5
2955 1309 3090 1364 Dial.
3117 1351 3132 1373 ,
3171 1324 3292 1376 cap.
3330 1307 3418 1380 14,

1847 1374 1912 1428 de
1943 1374 2097 1444 Syria
2125 1378 2348 1433 veniens
2371 1419 2386 1444 ,
2421 1381 2559 1448 apud
2604 1374 2948 1448 Spbletanam
2988 1381 3177 1434 urbem
3226 1374 3418 1433 humili

1845 1455 2158 1502 constructo
2206 1447 2512 1504 habitaculo
2539 1491 2553 1513 ,
2588 1447 2787 1504 virtute
2829 1450 3165 1504 abstinentiae
3209 1458 3263 1504 et
3293 1463 3425 1504 con-

1848 1525 2262 1592 tetnptuprer‘utn
2317 1520 2712 1592 transeuntium
2745 1561 2758 1584 ,
2800 1521 3119 1592 .prophetiae
3177 1519 3422 1592 spiritt_t_,

1845 1588 2107 1642 orationis
2159 1589 2456 1662 intentione
2518 1588 3011 1662 incomparabiliter
3040 1588 3312 1662 praeditus.
3349 1589 3422 1644 U-

1772 1677 1816 1736 B
1845 1674 1984 1736 nunt
2007 1668 2126 1714 erat
2154 1661 2296 1732 quod
2324 1662 2377 1716 in
2407 1676 2472 1717 eo
2504 1660 2930 1736 reprehensibile
2969 1675 3089 1736 esse
3114 1660 3419 1736 videbatur,

1845 1729 1986 1798 quod
2037 1729 2422 1800 nonnunquam
2471 1729 2615 1787 tanta
2665 1733 2713 1788 ei
2761 1731 2944 1787 laetitia
2976 1731 3166 1792 inerat,
3215 1739 3274 1785 ut
3315 1729 3422 1784 illis

1847 1808 1927 1853 tot
1963 1800 2283 1873 virtutibus,
2315 1803 2416 1858 nisi
2442 1803 2673 1858 sciretur
2699 1817 2818 1858 esse
2853 1803 3064 1873 plenus,
3091 1801 3242 1873 nullo
3266 1801 3428 1856 modo

1844 1872 2172 1926 crederetur.
2214 1873 2410 1928 Didimi
2453 1875 2732 1929 heremitae
2774 1883 2828 1928 et
2854 1871 3205 1938 confessoris,
3234 1872 3284 1924 in
3314 1886 3425 1940 quo

1845 1941 2010 1995 tuulta
2063 1945 2236 2011 gratia
2267 1953 2386 1999 erat
2413 1953 2600 2000 contra
2627 1955 2911 2000 venenata.
2953 1965 2970 1996 ι
2997 1943 3240 1998 Certiora
3267 1957 3421 2011 quae-

1849 2021 2041 2066 runtur
2086 2015 2449 2086 venerationis
2499 2023 2839 2086 argumenta,
2893 2014 3137 2086 adeoque
3182 2013 3234 2086 i_n
3267 2011 3422 2086 Actis

1845 2083 2296 2154 praetermittitur.
2355 2105 2373 2137 σ
2409 2081 2589 2151 Item,
2639 2085 2811 2138 beatae
2861 2081 3138 2140 memoria:
3189 2081 3426 2154 Reyneri

1847 2152 2096 2226 solitarii,
2125 2155 2214 2224 qui
2241 2155 2381 2226 apud
2425 2155 2711 2226 ecclesiam
2743 2154 3216 2226 Osnabu‘rg‘ensetn
3246 2151 3426 2226 reclu-

1847 2239 1957 2288 Sus,
1997 2225 2104 2278 vita
2142 2221 2212 2280 ἐι
2260 2221 2535 2281 miraculis
2573 2225 2866 2282 admodum
2913 2221 3131 2282 effulsit.
3160 2223 3282 2293 Ipso
3311 2221 3420 2289 die,

1845 2293 2018 2368 beatae
2038 2294 2356 2368 Godcbertm
2381 2297 2626 2368 virginis.
2647 2317 2688 2368 Δι

1920 2365 2217 2438 Mommne
2267 2365 2552 2423 Theodoro
2576 2407 2590 2429 ,
2641 2366 2834 2438 Siagro
2857 2375 2914 2438 et
2939 2365 3170 2438 Agirico
3181 2365 3342 2438 plane
3365 2371 3452 2438 ut-

1844 2435 2094 2509 Batavos.
2129 2437 2263 2509 Tum
2288 2438 2590 2509 minoribus
2617 2435 2796 2509 typis:
2830 2457 2849 2489 ι
2887 2435 3012 2509 ipso
3035 2436 3122 2509 die
3137 2435 3422 2509 #Noviotui,

1847 2505 2016 2578 beatae
2042 2505 2362 2564 Godeberta:
2398 2505 2698 2578 virginis")
2734 2505 2994 2578 Sequitur
3032 2505 3096 2561 de
3131 2505 3424 2578 Stanislao,

1841 2576 2124 2651 Gnthlaco,
2150 2578 2298 2651 lsaac
2339 2589 2394 2635 et
2425 2575 2734 2651 VReynero,
2783 2575 2844 2634 ut
2880 2575 3121 2634 Gnevsa.
3155 2576 3422 2651 Demnm:

1849 2664 1873 2720 ε
1899 2648 2095 2702 Eodem
2127 2650 2214 2704 die
2236 2645 2965 2720 sccundum’Metapltrasten,
2993 2645 3420 2720 sanctiiAntipae,

1843 2715 2088 2791 Pergami
2121 2721 2264 2774 Asia:
2291 2721 2526 2791 episcopi
2549 2729 2604 2775 et
2617 2715 2908 2791 martyris,
2935 2717 3001 2774 de
3026 2734 3134 2791 quo
3168 2715 3426 2791 Doruiints

1843 2789 1919 2842 ait
1951 2787 1969 2840 Ξ
1993 2790 2224 2860 Antipas
2248 2787 2402 2846 testis
2425 2787 2574 2845 meus
2606 2787 2798 2854 ﬁdelis,
2823 2790 2915 2860 qui
2941 2787 3156 2860 occisus
3176 2797 3260 2860 est
3280 2787 3426 2860 apud

1843 2874 1960 2924 vos,
1991 2860 2079 2914 ubi
2112 2857 2332 2916 satanas
2381 2861 2607 2916 habitat.
2647 2880 2667 2913 ι
2695 2859 2822 2916 Haec
2842 2857 2914 2914 ἰιι
2949 2859 3158 2929 prima,
3184 2857 3262 2929 .in
3304 2857 3428 2929 aliis

1845 2931 2212 2986 editionibns:
2248 2950 2266 2982 ι
2300 2931 2355 2986 In
2389 2931 2695 2996 Britannia,
2729 2931 2901 2986 sancti
2931 2927 3425 2985 Guthlaci‘confes-

1847 3003 1984 3055 suris
2012 3011 2066 3054 et
2093 3002 2444 3067 anachoritaa,
2485 3001 2576 3072 qui
2633 3002 2821 3072 multis
2867 3000 3160 3072 virtutibus
3191 2998 3425 3072 fulgens,

147 3061 358 3143 siorgio
383 3069 529 3143 addit
563 3089 575 3124 :
610 3061 878 3143 martyris.
909 3061 939 3123 ἵ
973 3071 1029 3143 Ιιι
1051 3069 1352 3143 Britannia,
1407 3069 1580 3124 sancti
1628 3067 1740 3122 Gu-
1769 3061 1815 3122 C
1847 3073 2188 3143 requievitin
2225 3088 2376 3143 pace.
2410 3061 2680 3137 Noviomi,
2731 3061 3296 3143 sanctac_Godeberta_e
3318 3061 3430 3143 virf

149 3136 320 3210 t_blaéi
345 3140 640 3210 presbyteri
659 3153 713 3195 et
725 3136 1069 3198 confessoris.
1087 3142 1287 3196 Eodem
1303 3140 1409 3205 die,
1425 3148 1736 3210 sanctorum

149 3206 434 3282 Fortunati
457 3206 518 3265 et
536 3211 762 3282 aliorum
793 3215 1147 3269 ducentorum
1201 3209 1739 3282 quadraginta_mar-

150 3279 506 3353 tyrumxlpso
549 3281 656 3353 die,
687 3283 858 3339 beatae
901 3279 1237 3340 Godebertm'
1261 3279 1505 3353 virginis.
1561 3279 1730 3353 Item,

150 3351 326 3406 sancti
373 3349 566 3406 Didimi
628 3356 887 3422 eremitae,
935 3355 992 3411 in
1031 3369 1138 3425 quo
1187 3361 1304 3410 erat
1349 3349 1522 3425 multa
1561 3349 1732 3422 gratia

153 3427 344 3475 contra
371 3433 652 3480 venenata.
693 3445 712 3478 ι
873 3417 884 3422 ⁷
1045 3417 1066 3425 “
1455 3417 1498 3454 ⁸

231 3490 406 3568 lit-mra.
427 3493 604 3568 Prima
627 3494 793 3552 editio
823 3505 942 3568 post
987 3497 1380 3568 imperatorum,
1415 3490 1728 3568 interserit:

161 3579 180 3612 ι
231 3559 284 3616 ln
332 3562 616 3622 Antiochia
641 3605 658 3634 ,
690 3559 864 3624 sancti
901 3559 1173 3626 Theodori
1213 3559 1538 3638 presbyteri,
1567 3576 1726 3634 quem

156 3695 202 3751 ll
241 3694 381 3754 Idus.

1847 3139 2027 3224 ginis.‘
2065 3139 2346 3224 Lngdt'tno,
2396 3143 2595 3224 Sicarii
2639 3143 2897 3224 episcopi.
2947 3141 3203 3224 Turonis,
3242 3139 3425 3224 egrici

1847 3213 2080 3268 abbatis.
2103 3211 2200 3266 Die
2221 3214 2530 3277 undecima,
2554 3211 2726 3268 sancti
2747 3211 3157 3282 hieromartyris
3175 3211 3426 3282 Autypae,

1845 3283 2080 3352 episcopi
2129 3282 2381 3354 Pergami
2436 3283 2599 3354 Asiae.
2627 3281 2684 3337 In
2710 3283 2914 3354 Bronio
2948 3277 3425 3354 ntoiiasterio,_ad-

1843 3349 2042 3409 ventus
2063 3349 2596 3424 sancti'Leodegarii
2635 3353 2873 3424 episcopi
2905 3361 2962 3406 et
2989 3351 3266 3424 martyris.
3293 3349 3428 3406 Item

1839 3424 2013 3550 genae
2045 3424 2320 3481 memoriae
2349 3421 2570 3480 licitieri
2605 3421 2852 3488 solitarii,
2885 3442 2903 3474 ι
2946 3429 3053 3481 etc.
3083 3421 3218 3479 Vide
3263 3435 3428 3491 supra

1887 3511 2080 3550 aerea.

1887 3511 2080 3552 REVEN.

3198 3693 3296 3751 Die
3335 3693 3422 3754 ις.
3491 3754 3496 3756 Ἴ

237 3787 410 3844 Romae
432 3792 516 3846 via
547 3791 790 3858 Aurelia,
823 3792 1020 3850 natalis
1046 3793 1190 3850 beati
1218 3793 1343 3850 Julii
1369 3812 1543 3868 papae,
1586 3797 1678 3868 qui
1710 3793 1812 3852 sub
1838 3794 2160 3851 ConSIantio
2185 3793 2517 3864 imperatore
2537 3791 2722 3847 decem
2754 3790 3030 3846 mensibus
3053 3789 3430 3848 tribulationes

159 3892 222 3938 et
245 3883 394 3938 exilia
426 3901 738 3958 perpessus,
779 3899 901 3961 post
943 3900 1174 3948 mortem
1225 3893 1377 3963 ejus,
1417 3909 1538 3948 cum
1589 3909 1783 3965 magna
1814 3892 1986 3964 gloria
2035 3894 2102 3947 ad
2151 3905 2305 3946 suam
2348 3889 2531 3944 sedem
2577 3903 2828 3944 reversus
2854 3927 2870 3952 ,
2921 3886 3126 3956 quievit
3170 3886 3222 3940 in
3265 3901 3426 3956 pace.

164 3977 448 4052 [Interserit
482 3980 769 4040 Bouillart.
797 4001 816 4040 :
842 3987 1048 4044 Eodem
1075 3989 1160 4045 die
1191 4002 1217 4030 ι
1244 3991 1422 4046 sancti
1445 3991 1680 4046 Zenonis
1707 3990 1945 4060 episcopi
1969 4029 1982 4055 ,
2015 3988 2106 4060 qui
2153 3987 2296 4044 inter
2323 3983 2593 4056 procellas
2633 3983 3030 4056 persecutionis
3059 3981 3429 4040 Veronensem

182 4074 359 4132 urbem
395 4080 713 4140 mirabiliter
749 4087 931 4153 rexit,
969 4102 1032 4144 ac
1079 4096 1320 4159 tempore
1357 4087 1565 4145 Galieni
1610 4088 1874 4160 martyrio
1925 4094 2219 4144 coronatus
2263 4082 2396 4158 est]
2443 4083 2726 4155 Vapingo,
2775 4082 3042 4153 depositio
3086 4079 3430 4138 Constantini

167 4174 419 4246 episcopi.

1658 4249 1891 4308 NOTAE.

241 4359 396 4421 Pums
431 4367 789 4440 undequaque
835 4368 1052 4426 codices
1105 4367 1280 4424 solum
1335 4367 1547 4438 reperio
1575 4367 1938 4424 Heriniensem
1981 4375 2038 4424 et
2075 4363 2457 4422 Tornacemem
2498 4379 2622 4422 cum
2645 4365 2817 4436 prima
2843 4361 3016 4419 Βαιἱηὶ
3041 4363 3290 4420 editione.

245 4491 269 4520 ο
298 4477 516 4534 Zenonis
542 4481 767 4549 mentio,

175 4550 400 4608 eamdem
460 4551 762 4607 litterarum
815 4550 1085 4618 formam,
1141 4551 1283 4607 idem
1335 4561 1730 4616 atramentum,

173 4621 396 4676 eamdem
443 4622 814 4678 membranam
869 4623 1106 4687 exhibet,
1171 4633 1229 4677 ut
1270 4623 1372 4678 nisi
1416 4640 1611 4689 caecus,
1640 4633 1732 4678 aut

175 4691 591 4766 imperitissimus
639 4695 1028 4766 scripturarum
1080 4695 1402 4766 aestimator,
1443 4693 1586 4748 illam
1612 4703 1734 4764 post

180 4763 458 4820 Usuardum
499 4763 764 4820 intrusani
792 4764 1004 4820 effutire
1025 4766 1214 4834 possit.
1253 4764 1408 4820 Nulla
1440 4763 1620 4829 litura,
1648 4766 1734 4820 ni-

181 4835 317 4906 tidus
339 4835 644 4906 character,
699 4836 836 4891 nihil
885 4837 1026 4906 quod
1063 4836 1146 4889 vel
1186 4837 1416 4891 morosis
1460 4835 1736 4904 iudicibus

179 4903 779 4978 suspicionemiinjicere
831 4903 1012 4978 queat.
1062 4906 1288 4962 Codices
1331 4908 1495 4976 ferme
1544 4921 1734 4962 omnes

180 4975 407 5049 Solleriog
435 4977 542 5049 noti
580 4975 964 5048 suffragantur.
1019 4980 1163 5042 Quos
1209 4994 1309 5049 ego
1334 4975 1612 5041 lustravi,
1641 4978 1734 5032 lto-

182 5061 294 5102 rutn
316 5045 472 5120 nullus
495 5047 720 5120 dissidet
737 5045 1056 5119 {pratenscs
1077 5045 1733 5120 quatuorOptitnacinotm,

181 5131 389 5190 quorum
419 5118 519 5190 duo
547 5118 872 5190 quingentos
895 5137 1066 5176 annos
1098 5118 1378 5190 superant,
1415 5120 1522 5175 duo
1551 5119 1734 5190 Victo-

185 5187 302 5247 rini,
356 5187 704 5254 Conchensis,
747 5187 1181 5255 Pontisarensis,
1246 5190 1524 5245 Fulienses
1573 5190 1637 5255 Α,
1674 5189 1732 5254 Β,

185 5257 447 5312 Colbertini
469 5261 534 5324 A,
567 5261 626 5325 Β,
657 5260 719 5330 C,
758 5263 820 5326 Ι),
849 5261 1191 5318 Fossatensis
1219 5279 1230 5316 :
1263 5261 1386 5316 libri
1417 5260 1737 5328 castigatius

186 5339 241 5383 et
271 5329 548 5384 accuratius
587 5329 714 5386 editi
773 5333 1121 5388 consentiunt
1145 5373 1160 5398 ,
1215 5332 1424 5388 fatente
1457 5331 1686 5385 Sollerio
1717 5349 1730 5386 :

189 5399 439 5470 antiquum
489 5403 932 5476 titartyrologium
963 5406 1249 5476 undecimo
1284 5406 1504 5458 ineunte
1535 5403 1735 5476 Saeculo

191 5481 437 5545 exaratum
473 5482 529 5526 et
570 5472 878 5529 Parisiis'in
914 5474 1152 5545 prioratu
1187 5475 1335 5545 regio
1383 5476 1557 5529 sancti
1590 5475 1731 5529 Mar-

194 5541 282 5596 titti
305 5543 518 5596 studiose
543 5554 876 5600 asset-vatum
915 5541 1171 5600 ~eamdem
1214 5541 1499 5600 lectionem
1527 5545 1732 5606 refert:

195 5611 600 5686 MartyroIOgittnt
641 5615 946 5672 Romanum
983 5615 1223 5684 ejusdem
1255 5617 1490 5672 Zenonis
1543 5620 1740 5685 eodem

197 5683 278 5744 die
309 5683 550 5741 meminit.
581 5686 647 5744 Et
671 5687 830 5746 lectio
859 5696 934 5746 tot
965 5683 1306 5756 adminiculis
1332 5688 1465 5746 fulta
1497 5683 1747 5788 nutabit'.

845 4481 1055 4536 uamvis
1081 4481 1152 4553 in_
1175 4479 1282 4536 alio
1308 4480 1436 4537 folio
1463 4481 1622 4546 facta,
1655 4481 1730 4538 ita
1760 4487 1810 4546 D
1835 4480 2230 4553 periclitabitur
2241 4479 2272 4553 _?
2309 4477 2504 4534 Procul
2546 4478 2708 4553 dubio
2743 4476 3004 4553 Sollerius
3033 4479 3250 4553 codices
3274 4483 3428 4544 vidit’

1844 4549 1980 4621 quos
2012 4550 2255 4604 Pratensi
2297 4560 2610 4621 opponeret.
2662 4549 2737 4604 lta
2768 4559 2874 4612 est,
2911 4550 3045 4604 duos
3088 4551 3243 4615 vidit,
3269 4553 3426 4612 Heri-

1845 4625 2085 4677 niensem
2112 4630 2167 4676 et
2190 4621 2624 4684 'l‘ornacensem;
2651 4621 2813 4675 addat
2841 4629 2896 4674 et
2921 4621 3261 4688 Dcrveusem,
3294 4625 3428 4681 nihil

1843 4696 1910 4748 ad
1947 4709 2050 4766 tne.
2087 4691 2243 4766 Citra:
2271 4709 2374 4746 non
2405 4692 2506 4766 fuit
2548 4691 2668 4766 aliis
2702 4690 2986 4754 Ecclesiis,
3017 4702 3073 4747 ut
3094 4709 3430 4766 quaecunque

1844 4767 1911 4817 ab
1945 4763 2190 4818 Usuardo
2244 4765 2526 4818 emendata
2575 4761 2810 4826 fuerant,
2863 4777 2924 4817 ea
2971 4761 3430 4824 emendarcnt‘et

1845 4835 1993 4904 ipsae.
2027 4833 2132 4889 Sed
2167 4833 2445 4889 codicnbus
2491 4833 2800 4904 destitutus,
2836 4835 3170 4904 argumentis
3193 4835 3429 4892 fortasse

1844 4903 2070 4975 pugnat,
2103 4914 2158 4959 et
2189 4905 2255 4959 iis
2282 4905 2508 4976 quidem
2548 4919 2669 4976 quae
2710 4903 2844 4976 solvi
2895 4903 2998 4976 non
3045 4914 3290 4976 possunt.
3321 4907 3423 4962 Au-

1845 4977 2072 5046 dietnius
2121 4986 2224 5030 est.
2280 4975 2592 5039 Rarissimc,
2619 4975 2823 5046 inquit,
2879 4975 3156 5032 Usttardus
3209 4985 3427 5033 sanctos

1847 5045 2504 5116 Transalpinosaccersit.
2527 5045 2664 5113 Quid
2699 5045 2808 5100 tum
2834 5047 3030 5102 sodes?
3050 5049 3094 5102 si
3124 5047 3424 5114 rarissime,

1845 5132 1970 5188 ergo
2007 5115 2312 5188 aliquando.
2367 5115 2528 5186 Atqui
2575 5116 2720 5172 Zeno
2771 5133 2908 5172 unus
2955 5117 3057 5188 erit
3109 5132 3171 5188 ett
3201 5117 3326 5174 illis.
3357 5119 3428 5174 At

1843 5187 2128 5260 plusquam
2181 5187 2344 5260 dubia
2399 5198 2484 5260 est
2539 5188 2765 5260 Usuardi
2822 5187 3078 5243 narratio.
3135 5187 3245 5260 Cur
3294 5203 3426 5260 ergo

1845 5257 2039 5313 dubius
2079 5257 2234 5312 haesit
2290 5257 2666 5314 chsclteuius
2718 5259 2986 5312 Zenonem
3025 5258 3331 5326 pontificem
3366 5257 3428 5314 'et

1846 5329 2211 5384 eoufcssorem
2241 5329 2436 5394 solum,
2485 5347 2552 5384 an
2612 5331 2773 5383 etiam
2805 5337 3096 5398 martyrem
3125 5328 3430 5390 assereret?

1843 5401 2084 5469 nunquid
2130 5401 2252 5454 novi
2303 5401 2561 5470 coutperit
2605 5400 2900 5454 Sollerius?
2940 5401 3007 5452 At
3049 5398 3424 5456 llenscltcnius

1845 5472 2044 5528 diserte
2075 5473 2389 5540 pronuntiat
2416 5512 2431 5536 ,
2480 5472 2626 5526 nullo
2683 5470 2897 5538 quidem
2937 5480 3274 5540 argumento,
3329 5470 3426 5525 sed

1849 5555 2027 5597 tamen
2051 5543 2607 5612 disertepronuntiat,
2635 5541 2908 5595 Zenonem
2933 5558 2961 5594 a
2991 5543 3225 5610 posteris
3254 5543 3426 5598 intrtt-

1851 5633 1968 5672 sum
1998 5615 2184 5668 fuisse.
2223 5613 2570 5684 ita-spondere
2600 5628 2702 5666 non
2732 5613 2924 5684 ausint.
2951 5612 3016 5666 Et
3041 5613 3108 5668 de
3131 5614 3230 5668 ista
3258 5612 3429 5668 Solio-3

1857 5688 1924 5747 rii
1954 5686 2257 5741 urbanitate
2301 5683 2428 5757 quid
2470 5683 2640 5738 lector
2668 5683 2901 5739 sentiet?
2943 5685 3202 5760 suspicari
3253 5699 3428 5748 ausnn
