3984 6566
377 280 440 347 ll
1194 286 1422 349 BERN.
1466 288 1735 350 ΜΑΒΙᾸΞ
1775 286 1871 349 DE
1914 287 2198 350 RUBEIS
2239 290 2747 352 DiSSERTATlO
3553 289 3620 356 12

381 397 642 478 quiens,
683 416 873 464 nemo
912 400 1119 464 adhuc
1150 404 1322 481 quod
1356 402 1582 474 sciam,
1623 401 1783 464 certi
1818 401 2065 480 aliquid
2101 403 2476 479 prodiderit,
2509 422 2655 466 eum
2693 414 2899 469 tamen
2934 409 3056 470 sub
3099 407 3322 471 Pbotiu
3400 407 3638 471 vixisse

375 506 447 559 ut
481 498 879 575 probabilius
908 499 1185 573 credam,
1221 507 1440 561 auctor
1472 497 1632 560 mihi
1664 509 1759 562 est
1788 497 1950 561 liber
1972 497 2233 576 quidam
2262 500 2553 562 Fratrum
2586 502 3070 567 Prmdicatorum
3098 514 3314 568 contra
3342 507 3629 578 Graacos,

373 595 485 675 qui
525 594 1077 673 TlieOpliylactum
1105 611 1140 657 a
1171 595 1398 657 Photio
1428 595 1750 675 quondam
1781 594 2131 673 patriarcha
2171 595 2464 675 Bulgaris
2498 599 2768 661 missum
2818 600 3036 665 habet.
3072 624 3103 659 υ
3136 602 3632 665 Pat'riarthatmu

377 695 580 769 prima
621 691 759 752 vice
825 690 904 753 ab
934 707 1101 753 anno
1133 693 1252 754 857
1306 692 1383 754 ad
1435 710 1675 755 annum
1736 692 1855 754 867
1901 692 2111 753 tenuit
2165 693 2454 755 Pbotius.
2493 696 2727 758 lterum
2761 698 2983 760 sedem
3043 698 3217 759 illam
3257 698 3633 759 conscendit

374 789 693 868 ignatius,
728 805 920 868 quam
954 806 1126 850 anno
1156 790 1274 851 877
1307 789 1573 869 reliquit
1611 790 1735 851 vita
1779 788 2031 852 mortali
2063 790 2326 850 functus
2362 810 2376 850 :
2411 806 2684 870 eamque
2719 793 2939 857 denuo
2979 793 3317 873 occupavit
3358 793 3629 856 l’hotius

348 890 447 949 .ad
476 904 716 949 annum
753 905 960 966 usque
992 889 1131 950 886.

454 985 883 1044 Memoratum
932 1000 966 1049 ιι
1002 984 1243 1046 Pitbmo
1278 982 1512 1045 librum
1549 985 1841 1045 Fratrum
1875 981 2362 1045 Prtedit-atorum
2401 991 2618 1048 contra
2648 986 2899 1048 Graecos
2932 988 3099 1066 typis
3134 986 3469 1048 Ederianis
3506 989 3623 1047 Ρο-

348 1090 508 1143 Διιυδ
542 1080 1617 1159 Stevartinsvulgavitlngolstadii
1648 1096 1819 1141 anno
1847 1078 2024 1151 1616,
2064 1078 2230 1153 in-h,
2255 1083 2378 1143 sub
2415 1080 2532 1142 hoc
2562 1082 2749 1145 titulo
2782 1099 2798 1144 :
2835 1084 3167 1143 Tractatus
3201 1092 3423 1143 contra
3445 1082 3626 1143 στω-

370 1194 590 1237 eorum
621 1193 871 1237 errores
910 1173 1113 1235 editus
1149 1175 1704 1255 Constantinopoli
1737 1176 1805 1236 in
1839 1173 2074 1235 (edibus
2110 1176 2243 1238 FF.
2279 1176 2779 1241 Prwdicatorum
2828 1199 2991 1240 anno
3020 1180 3276 1240 Domini
3302 1178 3623 1241 MCCLII.

370 1274 463 1336 Ita
517 1272 767 1335 Scilicet
802 1270 1189 1349 inscriptum
1246 1271 1486 1351 reperit
1524 1273 1619 1332 vir
1678 1270 2081 1333 clarissimus
2117 1272 2180 1333 in
2238 1273 2460 1334 codice
2508 1275 2834 1349 Bavarico,
2898 1293 3028 1356 quo
3065 1276 3386 1338 utebatur.
3453 1276 3625 1348 Opus

368 1370 545 1432 istud
575 1368 639 1430 in
685 1371 979 1448 Magnam
1039 1368 1292 1430 Patrum
1357 1368 1820 1430 Bibliothecam
1898 1367 2260 1431 intulerunt
2338 1370 2739 1434 Parisienses
2796 1381 2971 1434 tomo
3033 1372 3142 1445 ιν,
3202 1370 3627 1432 Colonicnses

368 1478 544 1529 tome
579 1467 715 1540 XV,
752 1480 813 1527 et
854 1464 1321 1543 Lugdunenses
1353 1473 1525 1528 tomo
1561 1467 1823 1527 XXVII.
1859 1468 2251 1543 Anonymus
2298 1478 2520 1529 auctor
2549 1475 2669 1543 est,
2714 1469 2793 1530 de
2831 1485 2960 1548 quo
2989 1456 3244 1548 egregie
3294 1468 3624 1528 di-‘seren-

364 1570 496 1626 tem
519 1562 785 1627 consule.
808 1561 1113 1647 Jacobum
1135 1562 1494 1625 Echardum
1530 1563 1754 1623 tomoJ
1803 1561 2198 1639 Scriptorum
2247 1562 2499 1626 ordinis
2549 1566 3041 1629 Prmdicatorum
3071 1566 3147 1627 ad
3172 1582 3412 1628 annum
3444 1564 3622 1626 1252.

365 1661 691 1742 Anonymi
729 1660 919 1723 verba
946 1668 1100 1720 sunt
1137 1659 1204 1721 in
1236 1658 1520 1721 editione
1556 1659 1972 1735 Lugdunensi
2011 1676 2149 1738 pag.
2186 1658 2324 1733 603,
2350 1660 2474 1722 col.
2501 1663 2559 1723 2.
2600 1685 2624 1717 κ
2659 1661 3123 1742 TheOplij'lacti
3155 1660 3622 1738 arcliiepiswpi

366 1758 819 1837 Bulgarorum,
847 1754 962 1835 qui
992 1753 1234 1816 missus
1268 1765 1368 1817 est
1403 1770 1438 1815 a
1475 1751 1699 1814 Photio
1731 1761 2016 1832 tempore
2065 1753 2429 1817 schismatis
2460 1757 2526 1818 in
2567 1745 2961 1837 Bnlgariam‘,
3001 1766 3072 1820 ut
3103 1758 3277 1835 ipsos
3310 1757 3620 1836 Bulgaros

354 1864 520 1915 tunc
550 1852 860 1933 temporis
899 1850 1202 1914 Ecclesiae
1240 1853 1542 1913 Romana)
1572 1849 1840 1912 devotos
1872 1857 1935 1912 et
1960 1849 2362 1926 obedientes,
2395 1852 2473 1913 ad
2499 1855 2867 1916 Graecorum
2906 1854 3070 1916 ritus
3102 1863 3162 1918 et
3190 1853 3622 1916 obedientiam

366 1958 697 2014 revocaret
737 1971 753 2010 :
794 1950 969 2030 quod
1000 1956 1063 2012 et
1102 1948 1339 2012 factum
1388 1956 1508 2010 est.
1550 1950 1676 2009 lste
1714 1946 1933 2026 itaque
1965 1946 2507 2027 TheOpliylat-tus,
2543 1967 2686 2011 cum
2724 1950 2938 2013 omnia
2991 1950 3130 2014 fere
3167 1950 3409 2028 scripta
3453 1949 3621 2009 beati

364 2048 638 2110 Joannis
678 2046 1126 2126 Chrysostomi
1168 2062 1290 2108 suo
1345 2044 1615 2125 ingenio
1671 2043 2132 2119 abbreviasset,
2186 2067 2216 2101 ιο
2266 2053 2384 2107 etc.
2434 2046 2685 2109 Primus
2732 2046 3077 2110 innotescit
3122 2047 3176 2108 is
3234 2055 3474 2119 auctor,
3507 2046 3621 2126 qui

369 2146 641 2207 missum
675 2145 751 2207 ad
782 2144 1092 2225 Bulgaros
1120 2143 1495 2223 episcOpnm
1526 2140 1949 2220 appellaverit
1973 2139 2553 2222 Theophylactum,
2583 2143 2929 2224 ipsumque
2953 2143 3419 2207 existimaverit
3442 2160 3626 2205 eum-

366 2242 515 2303 dem
548 2260 694 2305 eum
741 2241 1224 2320 'l‘heolibylacto
1253 2239 1767 2319 arcliiepisc0po.

426 2340 508 2400 ‘3.
539 2338 662 2401 Sed
694 2337 1096 2417 episcOpum,
1131 2354 1323 2417 quem
1356 2336 1435 2398 ad
1467 2336 1775 2416 Bu'garos
1817 2341 2233 2398 transmisere
2267 2335 2495 2410 Grmci,
2536 2354 2665 2401 non
2695 2336 2782 2400 ait
2810 2339 3127 2401 Baronius
3154 2336 3618 2418 TheOphylacti

366 2436 630 2499 nomine
673 2445 991 2496 vocatum.
1035 2432 1277 2495 lndicat
1308 2433 1544 2508 solum,
1584 2456 1613 2489 α
1648 2431 2049 2495 nominatum
2078 2428 2285 2495 fuisse
2318 2431 2895 2515 TheOphylactum,
2921 2434 3001 2496 ab
3029 2435 3174 2496 aliis
3196 2432 3493 2496 aliirtnari
3533 2453 3551 2493 :
3588 2454 3620 2489 »

365 2550 485 2597 nec
518 2533 693 2597 enim
720 2532 930 2595 solida
968 2548 1040 2593 ac
1088 2538 1339 2593 vetusta
1373 2538 1604 2611 priesto
1636 2538 1812 2592 erant
1845 2530 1981 2591 viro
2014 2527 2390 2591 doctissimo
2422 2538 2817 2593 nonumeuta
2842 2574 2858 2605 ,
2890 2548 3036 2610 quia
3082 2529 3245 2592 banc
3276 2528 3418 2609 ejus
3476 2528 3619 2607 epi-

365 2627 545 2704 sc0pi
578 2625 1077 2704 appellationem
1131 2624 1597 2686 confirmarent.
1669 2622 2004 2685 Latissime
2035 2626 2116 2685 de
2165 2624 2500 2704 Bulgarico
2551 2625 2679 2689 isto
2711 2626 2969 2706 negotio
2992 2626 3158 2707 apud
3208 2625 3618 2687 Anastasium

363 2721 931 2785 Bibliothecarium
970 2720 1198 2800 agitur
1252 2720 1321 2782 in
1360 2722 1498 2781 Vita
1537 2719 1802 2782 Adriani
1856 2721 1910 2781 ll
1938 2764 1954 2794 ,
1995 2719 2111 2799 qui
2171 2721 2517 2784 Romanam
2547 2723 2764 2785 sedem
2806 2723 2885 2785 ab
2917 2740 3086 2785 anno
3119 2722 3238 2785 868
3280 2720 3486 2783 tenuit
3540 2724 3616 2782 ad

364 2837 609 2884 annum
671 2836 883 2898 usque
943 2818 1085 2891 872,
1136 2834 1361 2895 neque
1427 2816 1891 2898 TheOphylacti
1957 2816 2220 2880 nomine
2278 2818 2625 2898 episcopus
2697 2828 2982 2894 vocatur,
3048 2816 3616 2895 ConstantinOpoli

364 2924 606 2982 missus
638 2918 714 2978 ad
737 2917 1082 2996 .Bulgaros.
1119 2915 1358 2976 Eodem
1394 2918 1823 2992 praetermisso
1857 2918 2143 2991 nomine,
2175 2936 2308 2979 rem
2342 2929 2554 2981 narrat
2608 2919 3067 2983 Constantinus
3098 2917 3622 2997 Porpliyrogeni-

364 3026 495 3091 tus,
531 3012 764 3076 Lednis
798 3011 1114 3091 Sapientis
1151 3011 1348 3087 filius,
1373 3010 1441 3073 in
1478 3012 1616 3073 Vita
1661 3013 1874 3073 Basilii
1907 3015 2302 3089 Macedonis,
2335 3015 2742 3095 imperatoris
2779 3026 2840 3079 et
2868 3015 2969 3078 avi
3001 3032 3180 3078 num.
3218 3015 3410 3077 XCV.
3466 3037 3494 3069 α
3528 3015 3618 3075 Ea

364 3131 523 3192 gens
575 3113 1024 3192 Bulgarorum,
1088 3108 1423 3188 inquiens,
1480 3109 1724 3172 crebris
1792 3110 2200 3186 imperatoris
2258 3112 2534 3194 (Basilii)
2615 3112 3062 3189 hortamentis,
3124 3110 3619 3190 splendidisque

365 3204 856 3283 aeceptionibus
937 3219 1009 3264 ac
1083 3205 1291 3277 cultu,
1352 3217 1605 3264 necnon
1670 3205 2026 3281 magniﬁcis
2074 3207 2544 3288 largitionibus
2599 3227 2671 3273 ac
2732 3210 3112 3273 muneribus
3186 3216 3620 3289 ἀρχιεπεσκοπον

362 3309 788 3377 καταδέξασθαι,
856 3298 1410 3376 archiepiscopum
1479 3298 1769 3377 recipere
1853 3318 1929 3363 su

2045 3312 2164 3366 llttt'
2217 3327 2232 3367 :
2285 3315 2383 3369 καὶ
2417 3313 2739 3379 ἐπισκόποις
2771 3314 3273 3385 καταωκνωοῆναι
3300 3315 3400 3383 τὴν
3432 3311 3618 3383 χώραν

365 3408 645 3480 ἀνέχεται,
687 3408 749 3462 et
788 3397 1120 3477 episcopis
1152 3395 1410 3476 impleri
1445 3396 1845 3476 provinci-am
1882 3415 2011 3463 non
2054 3400 2305 3466 abnuit.
2336 3424 2365 3461 ι)
2400 3403 2686 3484 Utroque
2731 3403 2797 3465 in
2834 3403 2974 3466 loco
3005 3402 3466 3484 TheOphylacti
3501 3417 3623 3463 no-

364 3513 512 3561 men
545 3496 801 3562 siletur.

1954 3609 2040 3672 ll.

370 3735 569 3830 Vitam
598 3755 727 3797 non
785 3737 979 3827 egisse
1033 3736 1567 3830 Theophyla‘ctum
1603 3738 2163 3830 archiepiscopum
2211 3741 2452 3830 siccata
2482 3759 2674 3815 nono,
2711 3739 3097 3830 demonstrat
3132 3712 3619 3830 Beroniaae’pi-

443 3815 757 3901 stolarum
780 3819 910 3901 ejus
939 3815 1339 3901 auctgritate.
1363 3816 1768 3901 Adswcaluin
1791 3815 2183 3901 undecimum
2203 3823 2395 3901 refert
2431 3821 2631 3898 ipsum
2665 3819 2778 3901 sub
2798 3815 3617 3901 imperatoriausa'.ichdete

432 3898 643 3978 para,
675 3894 1028 3973 Nicephoro
1081 3896 1426 3958 Botoniata
1454 3905 1511 3956 et
1542 3896 1770 3978 Alexio
1810 3900 2142 3961 Comneno.
2183 3894 2409 3978 Aliquo
2443 3894 2742 3978 temporis
2764 3894 3118 3978 ginterralto
3150 3895 3486 3978 dissident_
3522 3895 3618 3956 bi-

422 3975 808 4054 .btiographi
860 3978 1328 4116 scrjpctioreaque
1358 3976 1743 4037 recentiores
1775 3996 1792 4044 ;
1826 3978 2215 4057 maximeque
2254 3975 2631 4058 D'ufresniits
2663 3975 2945 4057 tempora
2970 3975 3171 4036 solius
3198 3977 3410 4037 Atexii
3433 3975 3618 4038 Com-

441 4062 589 4115 uént
631 4066 1003 4116 unncrautts
1081 4065 1344 4116 estanat.

441 4062 589 4115 nent
631 4054 1003 4134 imperantis
1036 4054 1344 4132 designat.

410 4202 505 4262 '6.
558 4200 781 4263 Fuerit
817 4217 966 4263 vero
1010 4199 1474 4280 TheOphylacti
1515 4202 1778 4264 nomine
1816 4202 2161 4282 episcopus
2203 4201 2313 4264 ille
2344 4202 2703 4283 appellatus
2744 4220 2760 4261 :
2807 4208 2868 4265 at
2901 4200 3080 4264 omni
3145 4196 3364 4279 procul
3413 4195 3617 4259 dubio

366 4323 395 4356 α
439 4296 960 4377 Tflieophylactus
990 4295 1519 4377 archiepiscOpus
1552 4297 1872 4377 Bulgarize
1900 4297 2118 4379 (verba
2167 4308 2319 4359 sunt
2358 4299 2616 4361 Baronii
2672 4299 2811 4361 loco
2842 4298 3035 4361 citato
3089 4298 3163 4358 ad
3198 4310 3440 4357 annum
3470 4290 3613 4367 870)

363 4397 551 4476 cujus
583 4402 833 4458 exstant
871 4394 938 4455 in
972 4410 1223 4456 sacrum
1256 4393 1677 4473 Evangelium
1739 4397 2239 4469 lucubrationes,
2276 4405 2334 4457 et
2363 4397 2484 4459 alia
2523 4396 2911 4476 scriptorum
2944 4402 3383 4479 monumenta,
3424 4389 3614 4469 longe

362 4501 511 4574 post
543 4493 677 4556 haec
714 4498 1002 4571 tempora
1035 4491 1288 4565 claruit,
1322 4492 1526 4553 tribus
1578 4491 1881 4573 (duobus)
1909 4493 2213 4554 nimirum
2249 4492 2329 4554 ab
2360 4493 2479 4555 hoc
2506 4492 2759 4556 smculis
2791 4491 3072 4554 evolutis
3111 4489 3233 4551 sub
3260 4490 3616 4552 Comueno-

363 4608 508 4653 rum
535 4600 596 4653 et
628 4591 944 4651 Ducarum
969 4587 1232 4650 familiai
1259 4587 1782 4665 imperatoribus.
1812 4608 1843 4645 »
1874 4589 2265 4652 Seutentiam
2293 4590 2618 4652 conﬁrmat
2648 4590 2727 4652 ad
2758 4606 2998 4651 annum
3038 4589 3214 4662 1071,
3239 4603 3420 4649 num.
3459 4584 3603 4659 XV,

369 4715 394 4746 ‹‹
434 4687 939 4751 Evidentissime
973 4687 1172 4759 enim,
1209 4685 1540 4765 inquiens,
1580 4685 1653 4746 ad
1701 4684 2221 4750 convincendum
2255 4704 2537 4750 errorem
2563 4685 2894 4768 (superius
2941 4683 3387 4765 memoratum)
3421 4682 3610 4744 testi-

363 4786 578 4850 monia
602 4784 953 4848 eliciuntur
980 4800 1057 4844 ex
1093 4782 1381 4861 ejusdem
1408 4778 1863 4860 TheOphylacti
1895 4782 2276 4860 scriptorum
2312 4783 2783 4847 monumentis:
2813 4780 3118 4862 Epistolis
3152 4828 3169 4856 ,
3201 4779 3489 4860 inquam,
3515 4777 3617 4856 ip-

366 4885 529 4955 sius,
565 4896 711 4961 qua)
755 4895 1026 4941 numero
1061 4877 1533 4958 quinquaginta
1562 4893 1791 4940 novem
1815 4879 2030 4941 Grmce
2062 4879 2199 4958 [Ill]
2233 4882 2483 4960 scripta:
2505 4888 2754 4944 exstant
2784 4880 2849 4942 in
2871 4877 3170 4941 Vaticana
3202 4875 3608 4944 bibliotheca,

363 4976 692 5040 industria
722 4973 1273 5038 viridisertissimi
1304 4973 1523 5036 Jacobi
1557 4974 1878 5037 Sirmondi
1914 4974 2237 5037 societatis
2274 4978 2424 5039 Jesu
2467 4976 2873 5055 professoris,
2907 4975 2972 5037 in
3028 4977 3232 5036 lucem
3266 4989 3344 5033 ex
3374 4968 3612 5032 abditis

365 5073 725 5146 vindicatae,
767 5086 954 5152 atque
1018 5071 1353 5133 Latinitate
1404 5072 1678 5147 donatze,
1737 5074 1847 5132 sed
1919 5073 2203 5133 nondum
2260 5090 2449 5136 cusm.
2487 5076 2577 5135 Ex
2644 5073 2766 5148 bis,
2809 5073 3095 5153 inquam,
3134 5073 3265 5151 ejus
3301 5065 3612 5147 Epistolis

365 5170 711 5250 multiplici
746 5177 1127 5249 argumento
1155 5175 1563 5242 monstratur,
1596 5185 1724 5227 nan
1744 5176 1888 5228 ante
1914 5186 2111 5229 annos
2143 5168 2440 5232 ducentes
2473 5174 2667 5248 [anno
2696 5171 2949 5233 circiter
2983 5169 3144 5246 870],
3174 5167 3285 5230 sed
3326 5166 3439 5227 hoc
3470 5163 3609 5243 ipso

367 5279 643 5348 tempore
677 5264 1043 5345 (undecimo
1076 5264 1361 5344 swculo),
1402 5264 1614 5343 ipsum
1649 5263 2195 5343 Tlieojiliylactum
2230 5265 2575 5340 claruisse;
2635 5268 2809 5346 quod
2842 5267 3086 5330 scilicet
3110 5264 3251 5344 ejus
3284 5257 3607 5338 Epistulae,

365 5365 468 5429 vel
522 5366 682 5427 datae
738 5362 1053 5425 habentur
1081 5364 1156 5424 ad
1202 5378 1313 5425 eos
1347 5362 1460 5442 qui
1493 5361 1614 5423 hoc
1644 5361 1788 5440 ipso
1822 5368 2108 5439 tempore
2157 5362 2402 5424 vixisse
2443 5372 2820 5436 noscuntur,
2862 5363 2957 5424 vel
2996 5363 3061 5424 in
3097 5362 3192 5425 eis
3237 5356 3608 5421 eorumdem

367 5464 517 5527 vitae
545 5459 787 5523 mentio
820 5460 1113 5523 habetur.
1153 5481 1183 5517 ιο
3486 5532 3496 5544 ¹
3554 5454 3563 5461 ε

447 5562 581 5622 Hoc
618 5559 760 5622 loco
790 5556 1253 5638 TlieOpliylacti
1288 5554 1611 5635 Epistolas
1642 5572 1675 5617 a
1709 5556 1986 5619 Barunio
2026 5556 2383 5617 recensitas
2417 5556 2649 5617 litteris
2683 5556 2978 5635 integris,
3017 5570 3142 5616 non
3179 5550 3491 5622 numeris,
3523 5546 3611 5609 le-

367 5644 466 5736 gis
496 5654 971 5737 quinquaginta
1024 5662 1254 5718 novem
1293 5674 1309 5714 :
1344 5654 1519 5715 unde.
1553 5656 1818 5716 miratur
1849 5655 2036 5715 Joan.
2096 5652 2397 5714 Albertus
2447 5651 2785 5715 Fabricius
2841 5653 2907 5713 in
2965 5648 3353 5714 Bibliotheca
3393 5645 3610 5717 erca

368 5752 494 5819 vol.
531 5754 637 5833 Π,
677 5770 816 5833 pag.
849 5750 991 5829 285,
1024 5751 1101 5815 ab
1134 5751 1361 5816 eodem
1392 5751 1669 5814 Baronio
1699 5756 1775 5814 at
1812 5768 2053 5814 annum
2088 5752 2263 5828 1073,
2306 5768 2482 5814 num.
2519 5750 2651 5827 XC,
2684 5748 3017 5831 epistolam
3054 5745 3374 5812 numerari
3421 5744 3492 5806 61
3542 5741 3604 5801 in
