4058 6470
359 390 423 455 13
1167 385 1263 447 DE
1301 383 1874 446 TIIEOPIIYLACTI
1910 384 2182 444 GES'I‘IS
2222 383 2315 443 ΕΤ
2355 382 2724 442 SCRIPTIS.
3531 379 3600 442 14

358 503 662 584 marginis
711 519 844 564 ora.
901 504 1022 562 Aut
1057 501 1367 564 alterutro
1397 508 1566 562 certe
1606 500 1668 560 in
1714 500 1852 561 loco
1905 501 2206 561 mendum
2238 500 2426 560 cubat
2462 521 2476 558 :
2509 504 2618 562 aut
2668 516 2747 560 ex
2798 499 2960 577 ipsis
3007 497 3319 571 numeris,
3383 498 3602 559 tmarii

357 607 857 685 h'ampost'tt'one
912 603 1174 676 vitiatis,
1217 601 1535 682 profectus
1569 618 1749 662 error
1781 610 1916 674 est;
1982 612 2254 659 numero
2313 595 2565 658 scilicet
2618 597 2691 656 61
2729 595 2939 674 posito
2996 612 3108 674 pro
3163 598 3262 670 16,
3306 607 3414 657 aut
3489 614 3600 655 ut

358 720 474 784 pro
503 721 637 763 ιιι.
694 701 1024 763 Ριωάὶοιιις
1081 699 1538 779 ’I‘heOphylacti
1573 697 1889 774 Epistolas
1917 715 1997 758 ex
2052 695 2180 757 alio
2216 712 2331 756 ms.
2363 693 2581 756 codice
2615 693 3018 756 bibliothecae
3048 695 3350 757 Mediceae
3387 703 3603 771 postea

359 796 762 875 deprompsit
825 797 1114 857 Andreas
1161 794 1458 856 Schottus
1495 815 1509 854 :
1547 795 1625 854 ab
1661 809 1868 870 eoque
1910 799 2197 870 acceptas
2254 789 2502 868 primus
2562 791 2780 852 Graece
2827 789 3002 869 typis
3066 790 3269 851 edidit
3320 792 3601 852 Joannes

357 892 687 954 Meursius
728 889 1028 968 Lugduni
1062 892 1441 952 Batavorum
1481 904 1650 950 anno
1687 889 1864 958 1617,
1899 886 2064 956 ιιι-ἡ,
2109 903 2268 964 quas
2313 885 2535 947 Latine
2592 902 2933 947 conversas
2962 903 2996 947 a
3029 885 3368 948 Vincentio
3403 885 3600 946 Mari-

359 989 540 1050 nerio
585 987 931 1048 Valentino
968 995 1218 1063 praestat
1276 984 1683 1047 Coloniensis
1735 983 2126 1045 Bibliotheca
2171 985 2424 1044 Patrum
2482 991 2655 1042 tomo
2685 982 2804 1043 XV
2835 987 2901 1043 et
2941 981 3398 1056 Lugdunensis
3430 987 3604 1042 tomo

361 1086 593 1146 XVIII.
633 1088 1060 1146 Numerantur
1087 1098 1236 1143 vero
1261 1081 1552 1160 quinque
1576 1098 1772 1158 supra
1797 1081 2207 1159 septuaginta
2242 1102 2256 1141 :
2289 1079 2355 1142 in
2389 1078 2628 1160 quibus
2661 1085 2935 1141 attamen
2969 1079 3201 1159 aliqum
3231 1077 3606 1140 desideran-

355 1191 484 1248 tur,
516 1197 662 1259 quae
691 1180 998 1242 Vaticano
1042 1195 1122 1239 ex
1156 1179 1376 1239 codice
1407 1177 1767 1239 alieruntur
1798 1195 1829 1239 a
1879 1177 2180 1238 Baronio.

441 1281 557 1338 Pro
593 1295 709 1337 sna
777 1276 1101 1338 sententia
1158 1281 1610 1354 argumentum
1669 1275 1863 1336 variis
1898 1293 1974 1335 ex
2008 1272 2298 1350 epistolis
2339 1272 2688 1338 Annalium
2751 1290 2982 1351 parens
3053 1273 3318 1338 instruit
3362 1273 3438 1334 ad
3494 1289 3610 1333 an-

363 1393 517 1436 num
548 1375 722 1434 107I.
759 1374 906 1434 Haec
945 1374 1118 1434 enim
1178 1371 1493 1432 habentur
1529 1369 1717 1431 verba
1769 1370 1837 1430 in
1869 1369 2138 1448 epistola
2174 1386 2320 1447 qua)
2353 1368 2908 1446 decimaiseptima
2939 1369 3248 1431 Vaticano
3277 1369 3344 1430 in
3386 1368 3608 1430 codice

359 1480 760 1543 numeratur,
787 1470 869 1531 ad
917 1468 1119 1546 ﬁlium
1156 1469 1691 1531 Sebastocratoris
1726 1470 1864 1529 data
1901 1489 1916 1528 :
1953 1487 1982 1522 α
2025 1467 2156 1528 Oro
2212 1466 2432 1544 igitur,
2469 1475 2528 1527 et
2568 1465 2669 1527 his
2703 1465 2935 1528 litteris
2982 1476 3282 1546 tanquam
3341 1482 3608 1544 corpore

356 1567 630 1644 supplex
680 1566 1052 1644 procumbo,
1087 1574 1154 1626 ut
1216 1565 1578 1626 miserearis
1627 1563 2019 1626 felicissima)
2052 1566 2376 1642 quondam
2413 1563 2738 1634 Ecclesiaa,
2772 1580 2964 1639 quam
3015 1562 3610 1626 Christianissimus

357 1662 470 1723 ille
503 1662 782 1734 Borises,
813 1661 1236 1738 Bu‘lgarorum
1259 1678 1393 1733 rex,
1426 1677 1618 1722 unam
1649 1669 1711 1721 et
1741 1661 1942 1740 ipsam
1973 1679 2007 1722 e
2044 1668 2288 1739 septem
2317 1660 2646 1723 catholicis
2668 1661 3001 1723 aediﬁcavit
3029 1683 3042 1720 :
3081 1669 3144 1723 tu
3178 1676 3437 1722 renova.
3479 1681 3508 1714 υ
3531 1691 3610 1705 —

353 1779 391 1814 α
427 1759 584 1820 Cum
619 1759 682 1817 in
715 1775 811 1830 ea,
847 1757 1160 1819 Baronius
1191 1757 1304 1830 ait,
1337 1757 1578 1819 mentio
1611 1758 1711 1818 Iiat
1744 1755 1987 1818 Borisis
2037 1756 2459 1835 Bulgarorum
2514 1757 2714 1834 regis,
2753 1755 2867 1834 qui
2903 1757 3086 1828 vixit,
3122 1765 3190 1818 ut
3219 1759 3495 1818 Zonaras
3546 1765 3612 1816 et

352 1853 468 1916 alii
504 1855 879 1925 ostendunt,
921 1860 1066 1929 post
1098 1862 1355 1915 centum
1409 1853 1468 1934 (a
1499 1853 1725 1914 Photio
1767 1860 1827 1914 et
1858 1851 2130 1930 Ignatio)
2163 1869 2389 1923 annos,
2433 1870 2662 1931 nempe
2714 1853 2836 1914 sub
2868 1852 3234 1931 Nicephoro
3285 1852 3494 1914 Phoca
3545 1863 3610 1913 et

352 1953 612 2012 Joanne
679 1950 953 2012 Zimisce
1010 1949 1507 2027 imperatoribus
1557 1949 1680 2029 (vel
1740 1948 1818 2010 ab
1848 1966 2018 2012 anno
2049 1953 2161 2012 971
2195 1949 2270 2012 ad
2312 1968 2552 2013 annum
2596 1952 2736 2023 973,
2774 1958 2841 2012 nt
2877 1951 3268 2013 Dufresnius
3300 1949 3608 2033 adnotat).

355 2045 546 2121 plane
578 2055 862 2123 apparet,
900 2062 1027 2108 non
1061 2047 1453 2124 tunc‘ipsum
1488 2046 1732 2108 vixisse
1762 2045 1884 2106 sub
1913 2045 2154 2109 Basilio
2183 2045 2606 2128 (Macedone),
2635 2049 2747 2109 sed
2783 2050 2972 2127 longe
3006 2055 3150 2127 post
3178 2047 3289 2108 illa
3322 2056 3612 2126 tempora

349 2139 901 2220 TheOphylactum
935 2143 1360 2222 Bulgarorum
1402 2142 1738 2221 praefuisse
1773 2141 2075 2222 Ecclesiae
2112 2142 2694 2221 archiepiscojium.
2739 2144 2860 2206 Sed
2893 2152 2954 2206 et
2985 2162 3130 2206 cum
3163 2153 3224 2206 et
3247 2144 3336 2205 ibi
3375 2144 3613 2205 memi-

353 2238 457 2300 nit
487 2238 566 2297 de
622 2237 918 2300 ecclesiis
957 2238 1036 2300 ab
1085 2240 1313 2300 eodem
1349 2256 1497 2316 rege
1533 2249 1718 2300 antea
1775 2239 2129 2315 aedificetis,
2171 2251 2231 2304 et
2259 2251 2400 2319 post
2431 2241 2705 2303 multum
2737 2242 3015 2320 spatium
3062 2241 3370 2322 temporis
3417 2259 3611 2305 unam

353 2355 442 2398 ex
493 2337 651 2402 illlis
709 2339 987 2399 dirutam
1023 2338 1324 2417 proponit
1372 2337 1857 2412 restituendam,
1888 2341 2072 2416 plane
2129 2341 2546 2412 demonstrat,
2587 2341 2776 2416 longe
2812 2347 3026 2415 postea
3077 2336 3155 2399 a’b
3210 2354 3286 2400 eo
3320 2347 3608 2416 tempore

354 2433 660 2495 eumdem
706 2433 1255 2513 TheOphylactum
1288 2433 1624 2496 claruisse.
1653 2457 1684 2491 α
1721 2436 1987 2514 Sapiens
2029 2451 2220 2499 nemo
2253 2435 2471 2510 fuerit,
2505 2434 2620 2518 qui
2660 2434 3211 2519 'l‘heOphylactum
3245 2450 3372 2496 non
3401 2451 3612 2497 remo-

357 2537 505 2591 veat
534 2531 611 2590 ab
632 2547 768 2592 aevo
801 2530 1135 2594 Photiano.

441 2629 498 2689 5.
537 2630 745 2691 Vitam
780 2632 992 2708 ipsum
1025 2631 1237 2710 egisse
1307 2633 1531 2694 statuit
1602 2635 1939 2710 Baronius,
1997 2633 2120 2695 sub
2179 2630 2488 2693 Michaele
2525 2632 2638 2692 VII
2674 2634 2870 2702 Dura,
2905 2638 2966 2692 et
3017 2630 3379 2708 Nicephoro
3420 2632 3610 2690 Boto-

359 2725 562 2799 niata,
597 2734 658 2787 et
690 2725 921 2788 Alexio
960 2729 1311 2791 Comneno.
1365 2731 1713 2808 Imperium
1750 2733 1994 2810 primus
2025 2732 2392 2809 auspicatus
2423 2738 2516 2792 est
2551 2745 2719 2791 anno
2761 2730 2936 2801 1071,
2971 2727 3130 2788 alter
3174 2716 3350 2800 107.8,
3384 2728 3612 2788 tertius

359 2824 542 2898 1081,
576 2825 653 2884 ad
693 2841 932 2884 annum
959 2843 1168 2903 usque
1199 2827 1375 2888 1118.
1413 2829 1684 2890 Primam
1725 2829 1917 2892 refert
1939 2828 2405 2909 Theophylacti
2454 2825 2788 2905 epistolam
2834 2827 2911 2887 ad
2955 2825 3216 2887 Mariam
3249 2823 3616 2902 imperati-i-

357 2937 527 2989 cem,
563 2918 898 2981 Michaelis
931 2922 1144 2994 Ducas,
1178 2939 1248 3004 ac
1275 2933 1492 3002 postea
1529 2926 1877 2987 Botoniatze
1915 2944 2206 2988 uxorem.
2239 2925 2587 3004 Epistolam
2615 2924 2793 2985 addit
2819 2922 3132 2984 decimam
3164 2921 3440 2994 tertiam,
3469 2941 3614 3002 quas

358 3019 506 3078 data
545 3016 779 3094 legitur
811 3015 893 3076 ad
943 3002 1251 3079 Joannem
1301 3009 1558 3094 Ducam,
1593 3023 1913 3084 sororium
1958 3002 2367 3101 imperatoris
2405 3044 2424 3083 :
2456 3022 2521 3081 in
2557 3038 2762 3099 eaque
2819 3018 2950 3080 haec
3013 3018 3330 3079 habentur
3399 3017 3608 3090 verba,

362 3135 396 3168 α
427 3115 759 3186 Caeterum,
801 3130 840 3175 o
865 3115 1258 3177 fortunatum
1294 3119 1611 3179 Ducarum
1642 3137 1871 3199 genus,
1901 3131 2064 3181 recta
2110 3120 2326 3182 omnia
2348 3127 2409 3181 et
2440 3119 2704 3180 honesta
2737 3117 2802 3177 in
2839 3124 2895 3177 te
2926 3112 3469 3193 complectens,in
3498 3113 3616 3174 hac

362 3208 530 3270 mihi
582 3208 864 3271 bonitate
924 3208 1215 3305 plet-siste.
1283 3236 1313 3269 io
1373 3215 1568 3275 Addit
1652 3212 1841 3278 etiam
1915 3217 2252 3294 epistolam
2319 3229 2600 3280 octavam
2641 3258 2658 3288 ,
2729 3213 2835 3275 ubi
2911 3214 3004 3272 sic
3065 3215 3146 3271 ait
3211 3210 3619 3288 Theophyla-

364 3313 516 3368 ctus
553 3328 620 3366 ια
656 3308 856 3370 Vides
887 3313 1214 3388 quomodo
1253 3322 1381 3374 tam
1415 3312 1600 3376 facile
1640 3314 2080 3377 colendissimi
2122 3313 2429 3378 Comneni
2463 3311 2753 3391 sigillum
2789 3309 3175 3372 subversum
3208 3317 3304 3370 est
3338 3307 3416 3368 ab
3468 3306 3617 3385 ipso

363 3403 723 3464 Comneno.
762 3426 792 3460 ιι

449 3499 670 3577 Itaque
695 3499 1004 3564 aﬂirmare
1034 3521 1297 3566 necesse
1330 3514 1448 3581 est,
1483 3516 1550 3568 ut
1581 3509 1897 3572 Baronius
1927 3512 2013 3573 ait
2045 3511 2286 3574 ibidem
2318 3527 2495 3571 num.
2529 3508 2762 3580 XVIII,
2798 3504 3343 3584 TheOphj‘lactum
3379 3501 3616 3582 ipsum,

360 3594 689 3672 Bulgarite
769 3598 1365 3679 archiepiscOpum,
1445 3621 1585 3665 eam
1632 3605 2031 3672 iunctionem
2103 3606 2591 3668 administrasse
2676 3602 2796 3664 hoc
2881 3612 3208 3679 tempore,
3273 3615 3403 3678 quo
3480 3598 3619 3660 sive

361 3689 584 3761 Ducas,
647 3693 784 3754 sive
844 3695 1151 3758 Comneni
1215 3701 1777 3782 ConstantinOpOIi
1838 3705 1963 3786 imp

2019 3709 2260 3766 t'abant.
2320 3701 2476 3765 Viro
2535 3698 2920 3763 doctissimo
2968 3714 3159 3761 nemo
3211 3713 3340 3759 non
3404 3695 3615 3776 porri-

360 3793 475 3862 gat
538 3805 792 3851 manus.
3603 3821 3608 3827 -

451 3883 510 3942 6.
555 3885 840 3964 Hujusce
900 3896 1114 3951 tamen
1182 3893 1488 3970 temporis
1525 3895 1722 3957 veluti
1783 3898 2108 3976 periodos,
2144 3898 2382 3977 quibus
2425 3903 2488 3958 et
2527 3895 2685 3956 vixit
2721 3903 2784 3956 et
2811 3895 3030 3955 ﬂoruit
3071 3889 3618 3969 'l'he0phylactus,

360 3976 497 4038 sibi
539 3981 661 4041 visi
709 3990 860 4044 sunt
889 3985 1159 4048 deﬁnire
1217 3991 1584 4053 accuratius
1635 4009 1822 4070 posse
1887 3993 2320 4074 bibliographi
2358 3994 2786 4071 scriptoresve
2833 3989 3248 4068 posteriores.
3282 3985 3620 4064 Philippus

361 4075 668 4138 Labbeus
699 4077 770 4140 in
806 4096 921 4142 sua
963 4083 1041 4142 ad
1100 4084 1558 4148 Bellarminum
1623 4089 2089 4152 Dissertatione
2140 4089 2445 4151 historica
2485 4111 2499 4150 :
2535 4111 2563 4144 α
2601 4087 2871 4148 Circiter
2905 4102 3146 4147 annum
3181 4085 3331 4145 1071
3366 4081 3622 4143 vivebat

364 4172 671 4252 (inquit),
710 4185 994 4255 tempore
1031 4183 1266 4242 summi
1307 4183 1622 4260 pontiﬁcis
1659 4187 2008 4250 Alexandri
2044 4191 2094 4249 Il
2129 4196 2190 4250 et
2219 4187 2491 4249 Romani
2524 4184 2834 4264 Diogenis
2887 4184 2987 4265 (ab
3019 4199 3189 4244 anno
3226 4183 3380 4246 1068
3417 4181 3623 4260 impe-

360 4269 599 4349 rantis)
632 4273 1054 4347 temporibus,
1092 4284 1160 4336 ut
1192 4277 1332 4355 ejus
1363 4297 1442 4341 ex
1487 4280 1800 4358 Epistolis
1851 4297 2123 4348 constat.
2161 4285 2462 4348 Pervenit
2493 4300 2755 4363 quoque
2791 4282 2866 4344 ad
2899 4279 3337 4362 pontiﬁcatum
3372 4281 3619 4358 Grego-

361 4363 456 4422 rii
492 4363 602 4423 VII
652 4373 717 4426 et
772 4365 1119 4445 imperium
1181 4373 1526 4452 Nicephori
1580 4379 2005 4444 Botoniatae...
2048 4383 2192 4456 Quo
2234 4392 2449 4443 autem
2493 4380 2725 4442 obierit
2760 4395 2953 4452 anno,
2989 4393 3250 4454 prorsus
3289 4376 3538 4454 ignoro.
3589 4395 3619 4429 ιι

360 4458 616 4520 Eadem
651 4466 1107 4544 transcripsere
1173 4474 1366 4532 verba
1400 4473 1754 4552 Dupinius,
1789 4488 1850 4540 et
1885 4479 2238 4540 Casimirus
2270 4477 2600 4549 Oudinus,
2635 4483 2695 4537 et
2725 4475 3043 4554 Georgius
3077 4471 3371 4533 Matthias
3408 4471 3615 4532 Κουι-

359 4555 526 4654 εἱυῄε
589 4556 659 4617 in
713 4558 1108 4651 Βίὺιίοιιιροα
1163 4576 1369 4627 vetere
1425 4581 1482 4630 et
1539 4588 1726 4644 ηουα,
1785 4595 1812 4627 α
1876 4573 2428 4654 TheOphylactum
2482 4573 2780 4634 ﬂoruisse
2841 4571 3108 4641 aientes,
3169 4566 3292 4628 sub
3347 4566 3622 4642 impera-

357 4652 630 4714 toribus
660 4656 945 4720 Iiomano
978 4660 1287 4740 Diogene,
1328 4664 1639 4726 Michaele
1675 4669 1848 4729 Duca
1878 4677 1940 4729 et
1969 4652 2330 4749 Nicephoro
2362 4669 2718 4730 Botoniata.
2763 4689 2792 4722 »
2825 4665 2982 4739 Quae
3033 4664 3256 4744 utique
3301 4661 3488 4722 verba
3517 4661 3618 4722 vi-

357 4758 503 4809 tam
534 4749 678 4828 ejus
711 4756 1096 4818 concludere
1134 4759 1440 4822 videntur
1476 4762 1642 4835 intra
1676 4765 1968 4843 ejusdem
2003 4766 2358 4828 Botoniataa
2387 4763 2718 4843 regnantis
2756 4771 3065 4838 tempora.

459 4849 592 4908 Imo
620 4850 837 4927 potius
879 4853 1002 4914 sub
1029 4856 1256 4917 Alexio
1287 4859 1613 4922 Comneno
1639 4878 1820 4923 suam
1855 4863 2066 4942 egisse
2100 4862 2315 4934 vitam,
2346 4859 2583 4921 infulas
2645 4868 2928 4936 gestasse
2967 4855 3357 4934 Bulgaricas,
3393 4871 3463 4915 ac
3491 4853 3623 4934 [IV]

357 4942 615 5006 litteris
651 4946 951 5010 ﬂoruisse
988 4951 1562 5032 TheOphylactum,
1597 4958 1858 5020 adnotat
1888 4960 2154 5022 Carolus
2188 4957 2581 5020 Dufresnius
2624 4957 2721 5017 Du
2759 4943 2966 5032 Cange
3000 4953 3068 5014 in
3103 4952 3272 5013 notis
3302 4953 3380 5013 ad
3420 4953 3621 5014 Anna)

358 5041 988 5106 Comnenmlibrum
1029 5065 1139 5108 VIII
1169 5049 1513 5112 Alemiados
1553 5073 1572 5112 :
1607 5076 1635 5107 α
1673 5053 1960 5117 Floruitl

2022 5053 2478 5131 teophylactus,
2513 5051 2848 5130 inquiens,
2886 5048 3111 5109 Alexio
3145 5048 3473 5109 Comneno
3506 5049 3624 5109 im-

356 5149 669 5214 perante,
697 5157 823 5202 non
857 5159 1012 5205 vero
1053 5146 1176 5206 sub
1206 5148 1495 5209 Romano
1538 5149 1848 5227 DiOgene,
1883 5160 1992 5213 aut
2046 5151 2358 5215 Michaele
2397 5153 2589 5220 Duca,
2629 5159 2694 5210 ut
2742 5146 2881 5207 vult
2926 5145 3243 5206 Baronius
3278 5167 3292 5206 :
3332 5146 3504 5224 quod
3541 5163 3622 5206 ex

356 5238 592 5314 ipsius
624 5240 932 5317 Epistolis
956 5259 990 5302 a
1021 5244 1308 5305 Meursio
1348 5245 1542 5307 editis
1594 5248 1744 5307 satis
1787 5257 2059 5310 cettstat.
2089 5250 2375 5321 Quarum
2417 5246 2708 5325 quaedam
2743 5243 2820 5305 ad
2852 5241 3205 5304 Adrianum
3259 5243 3469 5304 Alexii
3500 5240 3627 5304 Ira-

355 5342 566 5399 trem,
601 5336 1034 5414 Nicephorum
1065 5341 1488 5403 Melissenum
1543 5346 1876 5416 Caesarem,
1913 5346 2296 5424 Gregorium
2331 5344 2724 5412 Taronitam,
2759 5339 3190 5419 Nicephorum
3216 5339 3622 5414 Briennium,

354 5432 594 5492 Alexii
631 5449 1076 5505 consocerum,
1105 5445 1165 5498 et
1197 5438 1359 5498 alios
1393 5456 1472 5500 ex
1524 5439 1832 5502 Alexiana
1873 5451 1931 5502 et
1963 5445 2286 5505 Comnena
2333 5440 2573 5501 familia
2608 5437 2934 5517 principes
2993 5438 3246 5514 scriptae
3284 5449 3453 5520 sunt.
3490 5437 3625 5498 Una

358 5536 572 5589 etiam
605 5531 682 5589 ad
729 5531 1062 5594 Nicolaum
1097 5534 1514 5610 patriarcltam
1557 5557 1571 5595 :
1614 5559 1640 5592 κ
1675 5537 1864 5616 hujus
1908 5539 2194 5600 nominis
2229 5539 2532 5608 Tertium,
2564 5536 2676 5615 qui
2715 5539 2935 5596 sedem
2971 5535 3628 5614 Constantinopolim.

357 5641 528 5684 nam
576 5628 973 5702 conscendit,
1007 5631 1189 5692 Anna
1243 5632 1566 5694 Comnena
1629 5641 1789 5695 teste
1842 5633 1959 5695 libr

2038 5653 2073 5695 Χ
2104 5633 2469 5706 Alexiados,
2525 5634 2904 5704 ὲπινεμήσεως
2964 5635 3200 5703 ἑϐδόμης
3253 5631 3623 5700 ἔτουςιςιὶπβσ

359 5715 730 5868 indlt'ctione
787 5726 1073 5802 septima,
1098 5743 1264 5786 anno
1318 5745 1433 5789 sea:
1458 5727 1784 5792 millesimo
1845 5730 2339 5809 quingentesimo
2394 5733 2795 5811 nonagesimo
2853 5732 3152 5809 secundo,
3186 5746 3326 5791 aerea
3379 5726 3628 5795 scilicet

359 5829 473 5868 vn
503 5817 668 5868 uaris
709 5819 884 5868 1081;-

357 5817 668 5896 vulgaris
709 5819 886 5881 1084.
