3984 6644
370 410 439 480 15
720 501 723 505 Ι
1182 413 1409 476 BERN.
1451 414 1717 475 MARH‘I
1754 414 1849 474 DE
1892 416 2173 476 RUBEIS
2212 418 2717 487 DlSSER'I‘ATIO
3572 436 3635 503 16

1956 559 2070 620 lI[.

368 688 527 778 cu"?
583 686 861 778 θανξηίθ
895 684 1468 778 ξθηίίί.⁴⁴¹.ηί⁰¹²ίξ⁴.³
1511 686 1776 766 Pagi”,
1826 690 2369 778 Theephylacngm
2408 696 2592 758 etiam
2621 698 2737 761 sub
2781 701 3094 765 Michaele
3128 706 3303 768 Duea
3350 718 3407 770 et
3437 711 3626 774 Nise.

443 769 654 857 pltare
682 765 1032 855 Batoniata
1060 766 1324 826 vixisse.
1358 766 1521 845 Ejus
1560 765 2028 861 argumentatio
2064 765 2469 910 carenditur,
2505 794 2638 856 qua:
2668 781 2943 842 sumitur
2972 801 3053 844 ex
3084 765 3250 846 libro

449 855 834 907 stltuttoms.
878 846 1025 904 Haec
1078 842 1285 904 eadem
1315 852 1600 910 tempora
1630 844 1870 907 indicat
1922 859 2122 910 emsto
2154 871 2190 910 a
2221 851 2303 910 ad
2329 855 2639 910 Joannem
2661 857 2892 910 Italum
2918 862 3359 910 nhilmnnhum
3403 888 3416 901 -
3447 872 3629 910 ρης...

449 842 1057 951 'stitution‘iSLEcec‘
1078 842 1285 951 eadem
1309 842 1600 951 tempora
1630 842 1870 951 indicat
1922 842 2190 951 epistola
2221 851 2303 911 ad
2329 842 2639 951 Joannem
2656 857 2892 951 Ita'lnm
2914 842 3630 951 philo‘s'éphdhi‘iwc'uj'ii:

428 926 627 986 muria
650 927 791 1005 fata
823 933 1057 985 narrat
1087 922 1273 983 Anna
1307 922 1646 986 Coninena.
1683 922 2270 1008 Chronoérapltiam
2299 935 2670 1011 conﬁrmant
2703 934 2846 997 alia!
2877 922 3182 1019 epistolae:

443 1055 503 1114 7.
541 1053 716 1114 Hanc
751 1052 1138 1126 scriptorum
1171 1048 1588 1126 discordiam,
1619 1054 1867 1114 tametsi
1897 1050 2132 1127 levem,
2174 1054 2522 1120 conciliare
2552 1066 2664 1122 aut
2700 1062 2969 1127 omnino
3002 1064 3230 1128 tollere
3260 1069 3624 1145 Splendidis

365 1150 642 1245 vetustis
683 1150 1124 1245 monumentis
1169 1165 1300 1245 non
1352 1148 1525 1245 licet,
1560 1163 1707 1245 quas
1736 1147 1945 1245 lucem
1985 1148 2251 1214 afferant
2282 1152 2363 1215 ad
2400 1154 2695 1234 ejusdem
2736 1157 3196 1239 TbeOphylacti
3231 1162 3626 1245 chronogra-

363 1244 580 1320 phiam
631 1244 1114 1335 accuratissime
1165 1241 1615 1323 digerendum.
1647 1243 1768 1305 Pro
1802 1242 1977 1306 virili
2030 1249 2356 1327 agendum
2389 1250 2551 1312 mihi
2582 1260 2703 1328 est,
2738 1263 2807 1317 ut
2850 1254 2992 1335 ejus
3026 1257 3217 1320 vitam
3270 1241 3521 1338 agentis
3552 1281 3628 1327 ac

360 1341 648 1404 ﬂorentis
706 1349 1018 1420 tempora,
1059 1340 1271 1420 quoad
1335 1339 1474 1402 ﬁeri
1531 1340 1915 1420 diligentius
1953 1343 2212 1421 poterit,
2260 1345 2628 1423 proximius
2658 1350 2996 1429 attingam,
3030 1351 3176 1416 luce
3208 1356 3619 1433 potissimum

360 1443 751 1520 praelucente
781 1438 1245 1519 Epistolarum,
1269 1440 1407 1502 sive
1442 1458 1602 1521 quas
1635 1440 1951 1503 Batonius
1984 1439 2211 1515 edidit,
2245 1440 2385 1505 sive
2421 1460 2582 1523 quas
2616 1446 2787 1525 typis
2821 1446 3100 1527 vulgavit
3138 1451 3485 1516 Meursius.
3527 1454 3615 1517 ll-

363 1537 474 1600 lud
526 1546 741 1601 autem
772 1536 840 1599 in
877 1537 1058 1599 lucro
1090 1536 1314 1613 fuerit,
1346 1537 1521 1617 quod
1554 1538 1813 1600 easdem
1875 1553 1993 1599 nos
2030 1538 2349 1616 Epistolas
2382 1540 2828 1621 decerpentes,
2862 1553 2997 1607 tum
3029 1546 3240 1625 ipsius
3268 1548 3617 1631 TheOphy-

365 1634 505 1697 lacti
539 1642 716 1713 gesta
756 1634 940 1711 plura
973 1633 1141 1695 scitu
1175 1634 1371 1713 digna
1400 1633 1872 1710 enarrabimus,
1904 1644 2041 1696 tum
2075 1635 2268 1697 etiam
2291 1636 2691 1701 adducemus
2735 1657 2865 1704 non
2908 1658 3136 1720 pauca,
3163 1661 3310 1724 qua)
3338 1663 3439 1708 res
3475 1647 3618 1727 ejus

358 1731 476 1793 mvi
507 1728 1255 1807 Constantinopolitanas
1290 1728 1639 1791 illustrant.

436 1854 464 1885 α
501 1829 614 1890 His
649 1843 801 1908 ergo
836 1845 915 1887 ex
944 1825 1256 1903 Epistolis
1293 1825 1511 1909 (verba
1545 1834 1697 1889 sunt
1726 1825 1991 1907 Antonii
2020 1826 2195 1907 Pagii
2218 1832 2298 1891 ad
2328 1844 2570 1892 annum
2605 1832 2776 1907 1071,
2828 1849 3009 1895 nun).
3040 1835 3218 1913 Xlll)
3250 1838 3622 1918 Ducangius

355 1943 693 2008 perperam
740 1923 1006 1987 deducit
1047 1923 1605 2004 TheOphylactum
1655 1940 1783 1986 non
1841 1924 1965 1986 sub
1992 1924 2307 1987 Michaele
2345 1928 2539 2004 Duca,
2567 1930 2680 1992 sed
2713 1929 2837 1993 sub
2866 1929 3099 1994 Alexio
3138 1935 3467 1997 Comneno
3498 1936 3620 1997 ﬂo—

353 2027 567 2090 ruisse
604 2046 622 2086 :
656 2040 801 2086 cum
843 2040 921 2085 ex
980 2020 1145 2084 libro
1176 2021 1267 2081 De
1321 2019 1728 2082 institutione
1786 2021 1965 2099 regia
2004 2029 2251 2084 constet
2294 2022 2850 2106 'l‘heOphylactum
2906 2028 3097 2090 etiam
3145 2029 3271 2091 sub
3303 2030 3618 2096 Michaele

351 2124 529 2187 Duca
563 2119 839 2185 vixisse.
868 2119 1220 2193 sQuaanam
1251 2117 1794 2199 argumentationi
1829 2135 1906 2181 ex
1936 2119 2358 2195 Institutione.
2385 2125 2563 2202 regia
2591 2141 2625 2187 a
2657 2125 2852 2206 Pagio
2880 2126 3274 2207 deprompta
3312 2129 3407 2192 vis
3438 2130 3617 2206 insit,

357 2218 742 2299 accuratiori
776 2234 971 2297 Opera
1000 2214 1499 2295 disquirendum
1534 2221 1655 2277 est.

429 2320 489 2380 8.
525 2318 717 2380 Liber
762 2321 1175 2393 nuncupatus
1208 2324 1303 2376 est
1336 2323 1481 2397 Πρὸς
1506 2324 2002 2398 Πορφυρογέννητοί

2059 2327 2504 2393 Κωνσταντῖνον,
2535 2318 2618 2381 ad
2648 2317 3134 2382 Constantinum
3167 2320 3612 2402 Porphyroge-

348 2416 576 2477 nitum.
610 2415 669 2474 ls
694 2410 1029 2475 Michaelis
1065 2413 1260 2473 Duce)
1289 2419 1351 2474 et
1381 2412 1622 2487 Mariae,
1655 2430 1735 2475 ex
1773 2414 2015 2476 Alanice
2037 2432 2154 2478 seu
2185 2416 2414 2479 lberiaa
2445 2415 2704 2494 regibus
2727 2425 2900 2491 satas,
2929 2414 3103 2479 ﬁlius
3127 2424 3282 2489 erat,
3306 2434 3477 2482 anno
3497 2419 3621 2482 ciro

330 2512 507 2575 rciter
538 2508 690 2573 1071s
721 2515 933 2571 natus.
967 2509 1428 2586 Desponsatam
1460 2508 1672 2572 eidem
1694 2512 2002 2574 Helenam
2035 2511 2294 2575 Roberti
2330 2510 2667 2575 Guiscardi
2690 2511 2906 2588 ﬁliam,
2940 2521 3198 2575 narrant
3229 2514 3613 2593 scriptores:

346 2617 412 2670 et
444 2624 686 2670 annum
741 2606 894 2669 1077
924 2604 1146 2667 deﬁnit
1179 2606 1396 2683 Lupus
1443 2607 1881 2686 Protospatha.
1914 2611 2063 2671 Haec
2098 2608 2356 2687 abrupit
2397 2607 2812 2670 connubialia
2843 2616 3019 2687 pacta
3061 2608 3464 2689 NicepbOrus
3497 2611 3618 2672 Bo-

349 2705 615 2778 touiata,
651 2703 760 2783 qui
822 2717 993 2765 anno
1054 2702 1210 2765 1078
1259 2705 1598 2781 usurpavit
1636 2705 2009 2783 imperium,
2044 2705 2360 2768 Michaele
2398 2704 2762 2778 deturbate,
2802 2705 3205 2785 remissaque
3255 2707 3330 2768 ad
3368 2718 3612 2784 patrem

348 2801 620 2875 Helena,
660 2815 805 2878 qum
860 2798 1517 2891 ConstantinOpolim,
1573 2800 1683 2861 ubi
1734 2802 2136 2865 adolesceret
2180 2810 2240 2865 et
2277 2800 2688 2864 excoleretur
2738 2801 2807 2863 in
2854 2802 3026 2877 aula,
3065 2804 3337 2867 adducta
3380 2803 3615 2869 fuerat.

346 2903 420 2962 In
452 2896 844 2961 monasterio
891 2894 1195 2958 Studensi
1256 2897 1495 2960 reclusi
1532 2898 1804 2978 agebant
1862 2898 2133 2962 Michael
2189 2906 2251 2961 et
2311 2915 2475 2961 uxor
2519 2898 2746 2973 Maria,
2780 2908 2844 2960 et
2888 2900 3352 2965 Constantinus
3387 2900 3612 2964 ﬁlius:

332 3014 496 3060 cum
526 2996 697 3059 idem
742 2993 1041 3068 Michael,
1074 2994 1366 3057 detonsis
1400 2996 1680 3076 capillis,
1710 2997 1948 3077 Ephesi
1998 2994 2409 3075 metr0polita
2441 2995 2894 3070 renuntiatur;
2931 3012 3001 3058 ac
3028 2996 3323 3071 Mariam,
3356 2996 3614 3060 calcatis

345 3095 651 3157 Ecclesiae
682 3092 960 3173 legibus,
992 3107 1261 3155 uxorem
1295 3094 1628 3157 Botoniata
1658 3094 1787 3157 sibi
1869 3092 2231 3174 cepulavit;
2270 3090 2546 3172 ejusque
2580 3089 3320 3155 ﬁlium‘Constantinum
3354 3092 3615 3156 reduxit

346 3183 413 3253 in
475 3192 809 3270 palatium.
863 3188 1216 3263 Imperium
1258 3198 1612 3270 occupante
1662 3190 1893 3255 Alexio
1948 3192 2279 3252 Comneno
2337 3203 2507 3250 anno
2542 3186 2694 3251 1081
2748 3188 2961 3251 dictus
2994 3197 3091 3251 est
3149 3189 3612 3252 Constantinus

336 3310 379 3366 -«_
414 3288 729 3367 particeps
754 3287 1038 3366 imperii,
1076 3309 1105 3343 ››
1142 3294 1208 3348 ιιι
1247 3286 1334 3347 ait
1358 3290 1543 3351 Anna
1571 3288 1899 3352 Comneno
1934 3286 2097 3347 libro
2152 3304 2224 3347 ιιι
2254 3285 2619 3361 Alexiados,
2650 3306 2679 3343 ι(
2710 3296 2904 3363 atque
2934 3285 3096 3347 adeo
3121 3285 3332 3347 rubris
3349 3284 3615 3348 cothur-

344 3385 447 3446 nis
477 3394 793 3446 etcoroua
823 3382 1166 3462 Augustali
1188 3383 1508 3459 utebatur,
1532 3394 1593 3447 et
1621 3402 1855 3448 nomen
1887 3384 2026 3464 ejus
2057 3400 2201 3446 cum
2223 3382 2432 3445 Alexii
2463 3383 2724 3445 nomine
2749 3380 3324 3462 proclamabatur.»
3357 3382 3436 3445 At
3459 3397 3613 3444 vero

332 3504 375 3538 -α
412 3481 612 3543 Maria
646 3479 927 3543 excessit
954 3480 1213 3558 palatio,
1256 3480 1688 3562 migravitque
1722 3481 1789 3543 in
1822 3481 1992 3544 aedes
2025 3498 2058 3542 a
2100 3478 2519 3542 Constantino
2548 3478 2976 3543 Monomacho
3004 3478 3397 3558 imperatore
3446 3495 3610 3541 con-

345 3586 619 3641 structas
642 3593 841 3657 prOpe
871 3579 1186 3658 templum
1217 3579 1431 3658 magni
1471 3579 1771 3659 martyris
1791 3575 2076 3656 Georgii,
2103 3593 2246 3656 quin
2282 3578 2503 3657 lingua
2524 3575 2775 3655 vulgari
2797 3578 3116 3656 Mangana
3142 3574 3272 3639 dici
3303 3574 3551 3638 solent:
3576 3594 3607 3629 υ

334 3676 455 3737 Διιιιὶ
491 3676 821 3754 reliquum
850 3675 994 3736 vitae
1032 3674 1202 3736 inter
1242 3675 1772 3738 sanctimoniales
1804 3674 2045 3752 exegit,
2086 3673 2348 3752 vitaque
2387 3672 2641 3749 mortali
2681 3671 2901 3735 functa
2932 3680 3050 3734 est.

423 3774 575 3834 Haac
606 3772 824 3834 Maria:
877 3770 1001 3833 fata
1057 3772 1365 3834 describit
1401 3773 1591 3851 Regia
1623 3773 1687 3833 in
1728 3770 2138 3832 Institutione
2183 3768 2740 3849 Theophylactus;
2770 3770 2945 3831 unde
2996 3766 3324 3846 colligitur
3372 3766 3607 3845 primo,

327 3889 509 3950 -0pus
541 3870 716 3931 istud
746 3869 1020 3931 nonnisi
1045 3869 1168 3931 sub
1212 3868 1440 3932 Alexio
1473 3873 1803 3932 Comneno
1854 3868 2214 3946 imperante
2270 3867 2605 3946 vulgatum
2650 3883 2686 3928 a
2733 3865 3214 3945 Theophylacto
3247 3864 3455 3927 fuisse
3488 3884 3502 3923 :
3535 3878 3610 3923 ac

342 3968 577 4029 deinde
620 3963 889 4027 Antonii
926 3964 1100 4041 Pagii
1156 3963 1787 4044 argumentationem
1825 3963 2155 4036 inﬁrmari,
2191 3963 2414 4026 eadem
2452 3980 2532 4025 ex
2568 3963 2768 4042 Regia
2796 3962 3212 4024 Institutione
3240 3959 3607 4039 conjectau-

340 4063 449 4133 tis,
480 4060 782 4123 ﬂoruisse
815 4061 1368 4140 TheOpbylactum
1397 4062 1521 4123 sub
1549 4057 1859 4123 Michaele
1886 4060 2084 4123 Duca.
2121 4059 2328 4122 Verba
2358 4065 2509 4121 sunt
2538 4060 2748 4137 capite
2778 4062 2816 4119 7
2846 4058 3040 4136 partis
3069 4058 3291 4136 primas
3321 4077 3338 4118 :
3375 4077 3407 4112 α
3432 4053 3616 4129 Quid

339 4160 468 4239 ipsi
504 4158 772 4241 (Mariae)
809 4156 1015 4237 gloria
1048 4158 1255 4238 regni,
1293 4175 1436 4238 quae
1472 4175 1617 4220 cum
1651 4158 1883 4232 omnia,
1918 4165 1987 4219 ut
2023 4159 2111 4218 ait
2151 4155 2502 4236 Apostolus
2537 4158 2579 4230 ',
2613 4155 3048 4218 arbitraretur
3079 4166 3386 4226 stercora,
3418 4150 3606 4214 Chri-

341 4268 514 4317 stum
549 4256 760 4317 solum
794 4255 1166 4318 lucrifacere
1196 4255 1432 4335 elegit;
1464 4275 1494 4318 o
1529 4271 1661 4336 quo
1693 4266 1755 4318 et
1777 4273 1914 4331 eret

2041 4255 2101 4316 ie
2139 4260 2341 4315 morte
2379 4252 2616 4328 carnis,
2639 4261 2738 4332 τὴν
2758 4260 2816 4314 ὲν
2847 4259 2998 4332 αὐτῷ
3027 4258 3409 4333 κρυπτομένεν
3432 4256 3614 4327 ζωήνν

332 4350 767 4415 absconditam
800 4353 867 4412 in
897 4351 1036 4431 ipso
1068 4352 1262 4414 vitam
1292 4353 1523 4414 amavit
1561 4374 1578 4415 ε
1620 4360 1680 4414 et
1708 4353 1804 4415 sic
1852 4367 2177 4412 summum
2230 4348 2424 4429 regias
2466 4350 2731 4430 quidem
2763 4348 3102 4428 dignitatis
3132 4347 3463 4425 fastigium
3506 4362 3609 4406 re-

336 4451 587 4531 putavit
651 4453 1043 4525 barathrum,
1079 4449 1468 4513 humilitatis
1527 4461 1743 4514 autem
1799 4465 1946 4531 qua)
2002 4447 2362 4511 secundum
2409 4445 2735 4510 Christum
2791 4454 2911 4517 est,
2943 4444 3401 4508 celsitudinem
3453 4458 3604 4503 vere

328 4545 686 4610 ccelestem.
720 4546 902 4609 Adeo
947 4554 1016 4608 ut
1072 4545 1278 4627 magis
1314 4564 1441 4609 una
1477 4564 1557 4610 ex
1591 4553 1764 4623 parte
1824 4544 2138 4608 mirabilis
2174 4545 2468 4609 videatur
2500 4551 2670 4606 tanta
2715 4542 3003 4613 mutatio,
3038 4550 3100 4604 et
3132 4558 3212 4604 ex
3242 4540 3368 4603 alia
3402 4540 3607 4617 magis

339 4642 638 4725 perfectze
680 4645 784 4722 [ν]
821 4642 1034 4723 ipsius
1067 4644 1443 4706 mutationis
1476 4659 1771 4706 summus
1804 4642 2063 4722 gradus.
2095 4640 2194 4703 Ad
2229 4640 2583 4703 solitariam
2626 4657 2689 4699 se
2723 4639 3072 4719 transferre
3113 4640 3327 4713 vitam,
3370 4647 3464 4698 ἐπὶ
3513 4645 3609 4704 τὸν

343 4754 560 4825 μονήρη
596 4752 714 4824 βίον
757 4750 1154 4824 μετενεχθῆναι
1187 4740 1421 4820 puellis
1455 4739 1674 4801 multis
1699 4738 1916 4818 contig

2053 4739 2171 4800 sed
2203 4738 2404 4818 magis
2439 4734 2872 4808 muliebriter,
2906 4734 3017 4796 sed
3055 4732 3338 4796 mollius.
3361 4736 3602 4797 Verum

340 4841 503 4904 adeo
532 4840 858 4903 ferventer
892 4856 1238 4919 pauperem
1267 4836 1552 4900 evasisse
1581 4837 1844 4916 spiritu,
1877 4836 2083 4898 solius
2100 4832 2310 4896 felicis
2343 4832 2556 4895 Mariae
2581 4831 2873 4895 studium
2902 4828 3028 4892 fuit
3051 4839 3112 4893 et
3143 4831 3548 4893 exercitatio.
3575 4854 3603 4886 υ

340 4938 555 5000 Alexii
589 4936 903 5000 Comneni
933 4944 1219 5014 tempora
1248 4936 1390 4998 sine
1422 4933 1625 4996 dubio
1669 4933 1893 4996 deﬁnit
1924 4932 2029 4994 hic
2062 4929 2279 4992 Marias
2311 4946 2344 4991 e
2388 4928 2627 5008 palatio
2666 4943 2988 5002 recessus,
3021 4926 3125 4990 hic
3160 4926 3456 5008 ejusdem
3501 4945 3607 4991 ac-

340 5051 565 5098 cessus
597 5033 673 5096 ad
702 5033 1190 5096 monasterium.

421 5132 519 5193 Ad
556 5131 726 5195 idem
769 5132 1092 5209 pertinent
1122 5126 1434 5190 Comneni
1471 5127 1846 5206 imperium,
1889 5144 2033 5207 quin
2090 5135 2486 5207 sequuntur.
2560 5126 2912 5204 Corporeas
2964 5123 3373 5187 Constantini
3416 5122 3600 5185 dotes

340 5228 614 5291 eximias
651 5227 930 5290 celebrat
958 5224 1478 5305 'l‘heOpbylactus
1511 5223 1716 5303 capite
1748 5225 1806 5298 lt,
1841 5224 2193 5305 ipsumque
2219 5228 2631 5301 reprmsentat
2664 5244 2693 5276 ιι
2730 5219 3139 5283 insilientem
3168 5219 3237 5282 in
3274 5237 3537 5301 equum,
3568 5242 3598 5275 ι

343 5333 403 5400 et
437 5348 466 5381 α
493 5325 738 5387 crebris
779 5331 1192 5385 exercentem
1228 5338 1372 5383 sese
1413 5321 1739 5397 cursibus,
1786 5344 1815 5379 »
1853 5332 1915 5383 et
1954 5344 1994 5401 Διι
2061 5323 2125 5383 in
2164 5320 2619 5383 venationibus
2671 5318 3150 5382 antevolantem
3211 5317 3501 5380 comites.
3568 5342 3596 5373 ιι

340 5423 487 5483 limo
512 5420 736 5482 eadem
765 5420 830 5482 in
865 5438 1066 5500 puero
1100 5420 1228 5500 jam
1258 5420 1574 5498 septenni,
1606 5418 1899 5503 adeoque
1934 5421 2125 5481 vitam
2157 5423 2387 5498 agente
2421 5419 2587 5479 circa
2616 5433 2857 5478 annum
2909 5414 3086 5488 1082,
3146 5413 3362 5477 laudat
3416 5414 3600 5475 Anna

339 5521 667 5580 Comnena
703 5516 826 5581 sub
870 5515 1136 5579 initium
1171 5514 1319 5577 libri
1356 5532 1425 5575 ιιι
1455 5514 1848 5577 Alexiados:
1888 5541 1917 5573 α
1951 5518 2098 5580 Erat
2120 5532 2195 5579 ea
2227 5513 2591 5596 justissima
2638 5513 2859 5576 matris
2886 5530 3062 5586 cura,
3104 5510 3439 5591 inquiens,
3484 5526 3602 5589 pro

340 5630 545 5694 puero
578 5612 949 5677 festivitatis
986 5621 1047 5676 et
1081 5612 1418 5691 elegantia:
1441 5611 1862 5680 admirabilis.
1899 5613 2112 5676 adhuc
2164 5611 2541 5692 septenni...
2587 5610 2787 5691 Cujus
2827 5610 3110 5672 suavitas
3148 5609 3289 5671 sive
3325 5606 3602 5688 loquen-

339 5711 447 5779 tis,
489 5710 628 5771 sive
664 5709 962 5772 ludorum
999 5724 1239 5795 genere
1274 5708 1451 5770 vario
1483 5725 1650 5788 quos
1711 5708 1957 5772 ferebat
2011 5720 2185 5782 astas,
2250 5725 2486 5788 corpus
2543 5705 2894 5770 scitissime
2951 5703 3297 5777 moventis,
3347 5703 3599 5783 judicio

339 5807 800 5887 spectantium,
837 5808 1317 5888 comparatione
1353 5807 1528 5867 omni
1557 5808 1855 5883 superior
1891 5819 2046 5870 erat.
2088 5834 2114 5865 υ

414 5935 430 5965 ⁸
462 5933 703 6008 Philipp.
734 5951 816 6005 ιιι,
859 5935 913 5994 8.
