4058 6470
343 407 405 475 l7
1158 414 1257 476 DE
1296 412 1874 474 THEOPHYLACTI
1912 408 2182 470 GESTIS
2219 409 2315 469 ET
2347 409 2710 470 SCRIPTIS.
3527 410 3594 476 18

415 533 677 613 Regiam
720 550 875 614 ergo
900 550 1082 598 suam
1114 535 1596 598 Institutionem
1647 526 2072 594 Constantino
2129 523 2440 589 obtulerit
2498 523 3043 603 ’l‘heOphylactus,
3100 525 3331 587 Alexio
3389 527 3594 605 impe-

339 638 515 692 rante
549 653 567 693 :
598 632 769 711 quod
807 632 1058 695 inﬁcias
1098 632 1290 694 iverit
1320 648 1537 694 nemo.
1572 628 1827 691 Atinde
1856 625 2184 704 u‘tPagius
2230 633 2682 704 argumentum
2715 630 3056 697 promeret,
3094 640 3225 703 quo
3257 622 3597 704 TheOpby-

342 726 572 789 tactum
604 729 737 807 jam
774 738 959 794 antea
991 738 1053 793 et
1086 730 1211 793 sub
1239 730 1555 792 Michaele
1590 731 1760 789 Duca
1789 725 2089 788 ﬂoruisse
2135 724 2461 794 suaderet,
2502 723 2633 785 haec
2669 721 2767 783 illi
2805 720 3075 785 fortasse
3142 723 3386 785 indicia
3440 721 3589 784 fue-

342 831 515 886 runt.
551 825 684 886 Sibi
724 843 1003 907 namque
1036 851 1064 884 α
1100 827 1441 889 notissima
1468 848 1497 881 υ
1528 823 1737 886 fuisse
1759 824 1845 885 ait
1880 821 2197 900 Bulgarus
2235 822 2441 901 capite
2479 823 2540 887 6.
2586 844 2616 877 α
2647 826 3021 883 ornamenta
3054 821 3267 881 omnis
3307 821 3589 899 generis,

342 918 406 978 in
435 936 660 983 eorum
687 923 813 984 vita
840 925 1169 1002 rebusque
1209 925 1408 1004 gestis
1440 921 1785 993 elucentia,
1843 935 2122 997 quorum
2174 937 2208 982 e
2239 919 2559 999 sanguine
2617 925 2794 979 satus
2826 924 2962 980 erat
3019 940 3048 974 ιι
3082 919 3539 980 Constantinus
3572 939 3589 978 :

338 1016 442 1077 avi
473 1017 722 1080 scilicet
772 1020 1174 1082 Constantini
1211 1022 1427 1094 Ducaa,
1466 1019 1578 1100 qui
1603 1018 1682 1080 ab
1704 1033 1875 1081 anno
1905 1018 2062 1080 1059
2094 1016 2303 1079 tenuit
2352 1014 2706 1096 imperium
2751 1015 2827 1077 ad
2865 1031 3105 1077 annum
3141 1032 3382 1093 usque-
3412 1017 3592 1089 1067,

340 1121 403 1172 et
465 1113 798 1178 Michaelis
831 1119 1022 1180 Ducas
1058 1116 1285 1197 patris.
1313 1119 1502 1179 Hunc
1532 1131 1684 1178 vero
1717 1114 1991 1196 ejusque
2022 1122 2197 1194 gesta
2237 1112 2303 1174 in
2344 1111 2618 1190 imperio
2682 1112 2769 1173 ita
2799 1110 3205 1174 commendat
3243 1112 3592 1191 TheOphy-

341 1205 569 1283 lactus,
608 1218 677 1272 ut
704 1229 774 1274 se
806 1231 952 1275 cum
986 1231 1063 1276 eo
1097 1214 1247 1276 satis
1283 1214 1523 1276 indicet
1554 1222 1877 1276 versatum
1913 1228 2057 1274 esse
2094 1232 2109 1272 :
2145 1233 2175 1266 α
2212 1209 2641 1272 Divinissimo
2682 1208 2841 1287 patri
2873 1217 3011 1282 tuo,
3043 1208 3384 1289 inquiens,
3450 1228 3594 1289 qum

338 1304 598 1369 virtutis
631 1308 883 1386 species
907 1310 1197 1374 animum
1232 1327 1359 1374 non
1394 1311 1813 1373 devinxerat?
1844 1311 1972 1372 Aut
2021 1309 2277 1372 cuinam
2307 1308 2365 1370 is
2405 1307 2594 1371 alteri
2619 1308 2718 1370 vel
2759 1307 2828 1370 in
2890 1308 3311 1370 humanitatis
3372 1310 3592 1371 studio

341 1400 601 1475 primas,
637 1403 736 1466 vel
773 1405 839 1467 in
871 1423 1067 1469 sacrm
1096 1407 1406 1469 doctrina)
1443 1414 1735 1467 accurata
1764 1405 2205 1484 exquisitione
2239 1403 2610 1467 concessit?
2656 1405 2773 1467 Cui
2811 1411 3011 1467 totum
3042 1404 3392 1484 imperium
3429 1405 3594 1467 nihil

337 1496 463 1558 fuit
502 1498 708 1574 aliud,
747 1502 874 1564 nisi
911 1504 1056 1565 libri
1090 1512 1152 1566 et
1183 1503 1675 1565 dissertationes
1699 1505 2034 1566 doctorum
2082 1504 2462 1579 hominum;
2493 1511 2555 1566 et
2587 1511 2698 1566 aut
2726 1503 3011 1583 proferre
3044 1504 3259 1583 ipsum
3308 1523 3386 1566 ex
3419 1522 3593 1577 sese,

333 1602 452 1654 aut
482 1594 560 1657 ab
590 1594 719 1658 alio
752 1597 977 1661 audire
1011 1593 1320 1679 quiddam
1361 1618 1442 1662 ex
1486 1599 1869 1677 antiquitate
1898 1599 2063 1663 scitu
2104 1601 2399 1680 dignum.
2437 1624 2465 1657 ιι
2493 1600 2781 1665 Celebrat
2847 1601 3038 1663 etiam
3077 1603 3595 1664 cumulatissime

336 1689 567 1753 laudes
600 1693 841 1767 Marias,
879 1697 1018 1759 sive
1044 1696 1342 1777 degentis
1369 1697 1436 1758 in
1473 1697 1895 1768 monasterio,
1935 1698 2073 1760 sive
2098 1698 2278 1777 prius
2305 1697 2757 1776 imperatricis,
2792 1705 2848 1759 et
2886 1700 3195 1775 Augustae
3236 1700 3298 1761 in
3336 1699 3592 1769 throno,

336 1806 670 1870 suumque
702 1792 909 1854 tilium
943 1795 1436 1858 Constantinum
1472 1802 1596 1856 tam
1657 1793 1972 1857 laudabili
2006 1792 2158 1857 cura
2188 1794 2618 1869 instituentis,
2654 1802 2722 1857 ut
2757 1817 2786 1852 α
2825 1795 3043 1873 plures
3077 1804 3226 1858 nato
3257 1796 3595 1875 magistros

334 1885 754 1964 imposuerit,
777 1907 1061 1969 quorum
1084 1891 1198 1953 alii
1230 1907 1301 1954 os
1343 1891 1688 1971 fingerent,
1730 1892 2148 1971 linguamque
2192 1891 2546 1954 formarent
2579 1893 2720 1971 ejus
2757 1913 2774 1966 ;
2806 1891 2917 1954 alii
2972 1891 3352 1971 subigerent
3398 1892 3597 1954 disci-

337 1979 666 2057 plinarum
698 1988 1035 2066 prmeeptis
1070 1989 1386 2061 animum,
1428 1988 1718 2051 historiae
1755 1988 1869 2050 alii
1904 1989 2194 2051 notitiam
2229 1990 2580 2062 traderent,
2618 2013 2644 2046 η
2671 1998 2742 2053 ut
2774 1989 3052 2070 legimus
3088 1990 3294 2067 capite
3328 1992 3424 2052 13.
3461 1992 3595 2052 Hos

330 2077 509 2139 inter
534 2091 827 2144 numerat
855 2101 925 2147 se
948 2085 1468 2166 TheOphylactus
1503 2109 1517 2148 :
1554 2110 1583 2143 «
1618 2087 1821 2166 Regia:
1852 2086 2289 2149 lnstitutiom‘s
2350 2088 2841 2159 munusculum,
2879 2086 3214 2166 inquiens,
3249 2089 3446 2151 alfero
3476 2088 3593 2151 tibi

331 2172 761 2267 irrequisitus
795 2189 857 2241 et
893 2180 1298 2245 voluntarius
1337 2182 1638 2262 magister
1670 2190 1820 2245 tuus
1861 2200 1878 2257 ;
1932 2204 1933 2207 η

1999 2192 2308 2264 πτεροῦμαι
2350 2192 2460 2265 γὰρ
2521 2191 2599 2263 τῷ
2637 2191 2931 2263 ὀνόματι...
2967 2193 3244 2259 Βασιλέως
3280 2194 3596 2265 καθηγητὴς

333 2281 850 2354 προσκαλούμενος,
888 2300 917 2334 κ
954 2279 1215 2342 exsulto
1247 2296 1528 2360 namque
1567 2287 1628 2342 et
1658 2278 1906 2360 glorior
1934 2322 1935 2327 η

1996 2298 2009 2342 t
2048 2280 2336 2352 nomine,
2397 2280 2570 2361 quod
2610 2280 3018 2359 imperatoris
3086 2292 3438 2362 praeceptor
3485 2300 3598 2362 ap-

334 2372 565 2447 peller.
604 2394 635 2428 ιο
669 2373 818 2436 Filii
847 2391 1001 2456 ergo
1033 2376 1442 2439 Constantini
1487 2384 1838 2456 praeceptor
1874 2394 1910 2439 a
1958 2376 2269 2439 Michaele
2302 2386 2364 2440 et
2404 2375 2599 2439 Maria
2656 2377 3035 2455 parentibus
3069 2377 3594 2458 'l‘heOphylactus

330 2466 628 2530 delectus
651 2470 1168 2552 designatusque
1203 2473 1483 2536 videtur.

418 2565 481 2625 9.
514 2565 663 2629 Haec
691 2571 917 2631 eadem
947 2576 1242 2649 tempora
1277 2569 1518 2634 indicat
1548 2570 1689 2650 ejus
1717 2571 1992 2650 epistola
2022 2588 2168 2649 quas
2198 2571 2366 2632 inter
2418 2571 2819 2634 Meursianas
2854 2578 3231 2635 numeratur
3288 2571 3388 2645 £5,
3449 2573 3593 2635 data

329 2669 415 2740 τῷ
452 2670 729 2745 φιλοσόφῳ
767 2675 943 2747 κυρίῳ
978 2676 1236 2749 Ἰωάννῃ,
1291 2666 1541 2729 domino
1574 2669 1814 2730 Ιοαηηί
1863 2669 1931 2748 pl

1993 2668 2270 2747 losopho.
2327 2667 2385 2726 Is
2435 2674 2531 2727 est
2572 2668 2856 2729 Joannes
2892 2667 3118 2742 Italus,
3144 2667 3258 2747 qui
3298 2668 3377 2729 ab
3408 2671 3595 2731 Anna

332 2760 665 2825 Comnena
715 2764 879 2827 libro
914 2784 952 2828 v
992 2764 1339 2827 Alexiados
1365 2775 1486 2828 κατ’
1520 2773 1713 2845 ἐξοχὴν
1744 2772 2010 2829 vocatur
2038 2764 2268 2839 Italus,
2299 2770 2522 2842 utpote
2563 2780 2641 2824 ex
2677 2763 2857 2825 Italia
2918 2764 3263 2826 oriundus.
3319 2766 3411 2826 De
3446 2764 3592 2843 ipso

332 2864 538 2936 agunt
580 2858 916 2923 Conradus
941 2863 1277 2924 Gesnerus
1311 2865 1376 2924 in
1405 2862 1801 2924 Bibliotheca
1849 2861 2216 2936 universali,
2256 2859 2611 2931 Casimirus
2671 2859 2978 2921 Oudinus
3028 2861 3118 2921 De
3165 2861 3594 2940 scriptoribus

256 2940 259 2943 ’
331 2952 809 3033 ecclesiasticis,
858 2958 1180 3021 Antonius
1216 2959 1447 3039 Pagius
1481 2958 1558 3020 ad
1585 2976 1824 3020 annum
1857 2956 2032 3031 1083,
2062 2965 2132 3020 ut
2164 2965 2427 3019 caeteros
2454 2956 2960 3035 prmtermittam.
3015 2957 3351 3020 Michaelis
3396 2958 3595 3019 Pselli

239 3074 251 3087 -
331 3047 708 3128 discipulus
748 3053 1025 3131 primum
1064 3052 1211 3128 fuit,
1246 3053 1483 3117 deinde
1514 3056 1815 3127 aemulus,
1857 3053 2302 3133 philosophica
2333 3052 2705 3116 eruditione
2763 3053 3187 3116 clarissimus.
3251 3053 3599 3135 TheOphy-

333 3143 483 3208 lacti
515 3146 593 3210 ad
624 3149 839 3229 ipsum
880 3153 1071 3215 verba
1093 3161 1243 3216 sunt
1271 3174 1287 3214 :
1316 3177 1345 3211 α
1382 3153 1653 3234 Nosjam
1690 3152 1892 3215 multo
1922 3151 2153 3214 abhinc
2177 3159 2491 3229 tempore,
2531 3168 2745 3231 neque
2777 3149 3021 3223 vidisti,
3061 3168 3272 3230 neque
3307 3151 3372 3214 in
3398 3152 3593 3214 rebus

334 3247 730 3309 necessariis
768 3247 1011 3312 favisti.
1051 3273 1080 3309 to
1115 3253 1278 3313 Tum
1314 3252 1458 3332 ejus
1496 3251 1998 3331 philosolihiam,
2033 3272 2061 3305 α
2092 3248 2279 3329 cujus
2319 3246 2622 3313 ultimum
2644 3247 2773 3327 jam
2809 3248 3144 3310 scanderat
3175 3245 3533 3328 fastigium,
3562 3272 3592 3307 »

332 3340 638 3419 impense
666 3341 907 3409 laudat.
951 3369 981 3405 α
1015 3348 1218 3414 Nobis
1251 3355 1493 3423 autem,
1527 3350 1641 3419 ait,
1681 3365 1902 3427 puram
1936 3346 2139 3418 illam,
2174 3354 2236 3407 et
2269 3345 2579 3425 utrinque
2608 3350 3005 3406 constantem
3037 3344 3428 3408 invictorum
3467 3346 3594 3406 im-

333 3446 731 3517 peratorum,
778 3452 1140 3524 παραμίλλων
1184 3453 1474 3525 βασιλέων,
1526 3444 1935 3507 benevolenti

1128 3471 1140 3506 ι
1184 3453 1474 3525 βασιλέων,
1526 3444 2051 3507 benevolentiam
2082 3443 2347 3505 assidue
2386 3441 2646 3504 exhibe.
2688 3439 2730 3497 η’

280 3528 285 3533 ⁷
416 3533 642 3597 Varias
674 3539 814 3600 Itali
852 3541 1027 3605 vices
1050 3559 1121 3604 ac
1153 3541 1274 3607 fata
1311 3543 1532 3622 paucis
1567 3558 1879 3617 memoro,
1907 3540 2305 3621 ut_epistolm
2329 3540 2402 3602 ad
2453 3528 2668 3619 ipsum
2702 3539 2867 3601 datm
2918 3549 3173 3617 tempus
3208 3540 3590 3606 innotescat.

331 3629 431 3690 Ex
463 3631 647 3694 Anna
672 3635 997 3700 Comnena
1025 3638 1167 3702 loco
1189 3638 1379 3703 citato
1411 3640 1834 3712 addiscimus,
1864 3638 2078 3720 jurgia
2112 3637 2393 3701 movisse
2424 3636 2643 3715 ipsum
2702 3643 2922 3699 contra
2978 3636 3292 3712 Psellum,
3356 3657 3434 3700 ex
3496 3640 3595 3702 his

329 3724 836 3793 admirationem
866 3733 995 3796 sibi
1023 3743 1085 3798 et
1135 3736 1433 3815 plausum
1493 3753 1899 3816 comparasse
1930 3753 2059 3798 non
2115 3734 2326 3797 solum
2376 3733 2606 3814 plebis,
2640 3750 2865 3796 verum
2899 3733 3091 3796 etiam
3156 3745 3522 3815 magnatum
3577 3755 3599 3795 :

326 3823 555 3887 favore
608 3829 885 3907 potitum
919 3849 1064 3896 esse
1099 3834 1433 3898 Michaelis
1467 3838 1658 3898 Ducas
1688 3833 2114 3912 imperatoris,
2152 3833 2422 3894 missum
2455 3829 2647 3892 etiam
2681 3829 2760 3891 ab
2791 3846 2868 3892 eo
2901 3846 3075 3893 anno
3119 3831 3375 3894 circiter
3438 3835 3598 3897 1073

326 3922 413 3987 ad
477 3923 704 3986 urbem
765 3928 1221 4006 Epidamnum,
1280 3932 1419 3993 sive
1479 3931 1930 4011 Dyrrachium,
1992 3939 2064 3992 ut
2112 3935 2335 3990 contra
2386 3925 2657 3988 bellicos
2709 3928 3233 3989 Normannorum
3286 3929 3355 3989 in
3414 3932 3596 3995 Italia

331 4021 953 4101 motusinvigilaret
978 4048 993 4088 :
1021 4028 1132 4089 sed
1164 4028 1365 4090 veluti
1404 4028 1484 4091 de
1520 4027 1890 4107 proditione
1938 4027 2330 4095 incusatum,
2392 4020 2645 4103 fugisse
2704 4023 2970 4085 Romam
3008 4045 3023 4086 :
3059 4023 3251 4085 citius
3312 4034 3591 4090 attamen

327 4125 703 4179 revocatum
730 4120 1387 4203 ConstantinOpolim,
1414 4123 1638 4204 ibique
1664 4148 1693 4181 α
1723 4124 2155 4204 principatum
2172 4119 2595 4201 professionis
2631 4118 3097 4197 ρὴὶιοεορὴὶοω
3129 4144 3159 4179 ν
3186 4121 3590 4188 obtinuisse:

325 4212 497 4274 hanc
560 4214 745 4276 illum
806 4218 1020 4296 egisse
1062 4221 1346 4302 denique
1382 4238 1664 4295 scenam,
1696 4222 1903 4284 donec
1931 4221 2190 4294 Alexio,
2224 4218 2337 4299 qui
2393 4233 2565 4280 anno
2599 4217 2749 4280 1081
2825 4217 3172 4294 capessivit
3221 4219 3591 4297 imperium,

324 4316 413 4373 de
448 4314 645 4390 impia
683 4314 969 4377 doctrina
1023 4328 1390 4397 suspectus,
1450 4320 1547 4415 adi
1592 4320 1896 4383 Ecclesia
1954 4315 2232 4379 tribunal
2293 4315 2548 4377 delatus
2587 4321 2706 4389 est,
2775 4330 3125 4392 percussus
3163 4317 3590 4392 anathemate,

322 4425 402 4470 ac
428 4406 485 4468 si
522 4432 551 4464 α
588 4411 1197 4493 metempsychosim
1237 4437 1269 4472 »
1300 4406 1651 4491 docuisset,
1685 4441 1717 4476 «
1772 4413 2179 4479 venerabiles
2210 4419 2657 4474 contemneret
2720 4419 3092 4474 sanctorum
3155 4414 3495 4495 imagines,
3562 4441 3591 4473 »

323 4502 630 4585 aliosque
670 4508 997 4586 vulgasset
1030 4527 1308 4573 errores.

409 4598 550 4659 Jam
585 4599 825 4679 colligo
857 4602 1262 4678 superiorem
1297 4606 1763 4689 Theophylacti
1795 4607 2133 4686 epistolam
2166 4608 2374 4671 datam
2402 4623 2531 4670 non
2562 4623 2710 4670 esse
2740 4605 3059 4669 Alexiano
3089 4613 3414 4688 tempore;
3450 4611 3585 4690 [VI]

325 4692 544 4756 datam
582 4712 734 4759 vero
764 4697 888 4760 dici
923 4699 1185 4775 debere,
1224 4720 1370 4766 eum
1404 4705 1602 4767 Italus
1630 4705 1842 4768 adhuc
1866 4714 2039 4769 esset
2070 4703 2569 4784 imperatoribus
2611 4711 2940 4782 acceptus,
3000 4709 3063 4764 et
3119 4705 3583 4784 imperatorum

322 4787 849 4854 benevolentiam
884 4794 1230 4873 impetrare
1262 4799 1744 4883 Theophylacto
1774 4811 2012 4883 posset.
2036 4803 2213 4876 Quos
2235 4816 2358 4880 ego
2385 4801 2804 4877 imperatores
2839 4800 3275 4864 intellexerim
3307 4803 3592 4867 Michae-

324 4885 458 4945 Iem
494 4888 755 4963 Ducam,
790 4899 851 4951 et
881 4893 1143 4954 Mariam
1172 4896 1539 4976 conjugem.
1576 4899 1795 4961 Fuerit
1839 4916 1995 4961 vero
2025 4900 2164 4977 ipsa
2195 4897 2397 4960 Maria
2430 4897 2832 4975 imperatrix,
2892 4906 2954 4957 et
2992 4898 3396 4976 Niceplmrus
3457 4902 3585 4964 Bo-

326 4982 571 5045 toniata
598 4984 950 5064 imperator
988 5011 1004 5050 :
1045 5006 1199 5053 sane
1230 5010 1377 5055 cum
1411 4994 2091 5076 htec'l‘heOphylactus
2123 4996 2459 5069 scriberet,
2492 5011 2563 5056 se
2613 5017 2642 5051 α
2679 4993 2808 5074 jam
2874 4993 3079 5055 multo
3129 4994 3367 5058 abhinc
3425 5004 3588 5060 temo

322 5091 488 5160 pore
522 5102 552 5133 ι
588 5098 717 5143 non
743 5081 950 5145 visum
984 5087 1064 5147 ab
1096 5088 1254 5151 Italo
1279 5091 1525 5165 aiebat;
1557 5101 1623 5154 ut
1657 5092 1807 5154 hinc
1838 5110 2098 5156 sumere
2131 5092 2447 5154 indicium
2502 5092 2694 5154 liceat
2745 5091 3041 5169 imperii,
3100 5092 3277 5171 quod
3310 5094 3583 5158 Michael

325 5184 488 5237 tunc
513 5178 991 5243 administraret
1020 5185 1096 5244 ad
1132 5202 1375 5248 annum
1411 5206 1619 5270 usque
1656 5191 1830 5263 1078,
1861 5206 1993 5268 quo
2040 5191 2373 5252 Botoniata
2407 5188 2745 5251 successit.
3542 5244 3547 5247 .

413 5273 510 5336 10.
542 5273 1140 5356 Chronographiam
1181 5284 1514 5345 conlirmat
1547 5284 1839 5364 ejusdem
1874 5286 2076 5361 prima
2111 5285 2385 5363 epistola
2409 5284 2491 5346 ad
2524 5286 2800 5347 Mariam
2842 5286 3339 5365 imperalricem,
3394 5288 3586 5368 cujus

323 5383 632 5449 excerpta
678 5374 993 5437 Baronius
1049 5377 1314 5442 exhibet
1356 5383 1433 5443 ad
1481 5400 1723 5444 annum
1766 5384 1943 5457 1071,
2005 5400 2183 5444 num.
2245 5384 2416 5444 XVI.
2459 5381 2666 5443 Verba
2723 5392 2926 5444 sunt:
2966 5403 2996 5438 cr
3053 5386 3393 5449 Descendo
3454 5387 3592 5467 igi-

323 5477 440 5528 tur
466 5470 543 5527 ad
576 5470 908 5548 Bulgaros,
944 5491 1010 5534 re
1060 5474 1835 5554 Constantinonolitanus,
1872 5480 2155 5557 hospitio
2213 5477 2805 5558 Bulgarus,cariem
2863 5478 3196 5559 situmque
3251 5483 3584 5558 redoleas,

323 5573 406 5624 ut
472 5565 571 5625 illi
628 5567 897 5644 pellium
962 5572 1291 5649 pedorem.
1361 5599 1390 5632 ιν
1455 5576 1729 5638 Redibat
1770 5577 2018 5638 scilicet
2075 5576 2152 5637 ad
2219 5590 2401 5636 suam
2459 5572 2813 5636 Ecclesium
2879 5575 2941 5636 in
2973 5576 3365 5656 Bulgariam,
3410 5582 3586 5644 unde

321 5671 597 5722 venerat
629 5663 1290 5747 Constantinpolim.
1326 5673 1541 5752 Pergit
1605 5690 1755 5736 vero
1786 5695 1803 5734 :
1839 5697 1867 5730 α
1899 5673 2299 5751 Baianaque
2329 5669 2521 5732 senili
2552 5688 2663 5735 ore
2697 5679 2919 5736 sancto
2947 5671 3224 5753 imperio
3260 5686 3370 5739 tuo
3388 5678 3584 5757 jocati

272 5785 280 5792 ·
322 5772 587 5820 sumus.
628 5781 654 5816 ι

422 5852 709 5919 Titulum
744 5856 1177 5936 imperatricis
1208 5864 1411 5928 tenuit
1448 5868 1650 5930 Maria
1694 5867 1818 5931 sub
1848 5868 2163 5934 Michaele
2204 5870 2402 5946 Duca,
2436 5868 2647 5948 primo
2679 5869 2821 5949 ejus
2854 5867 3014 5942 viro,
3054 5867 3394 5948 tenuitque
3447 5879 3586 5948 ροβε
