3984 6648
390 375 459 442 19
1196 386 1424 451 BERN.
1461 391 1726 454 MARLE
1768 396 1864 456 DE
1901 396 2188 460 RUBEIS
2233 401 2736 464 DISSERTATIO
3570 415 3642 476 20

384 494 828 592 annum1078,
874 495 998 557 sub
1018 497 1382 577 Nicephoro
1415 501 1774 574 Botoniata.
1808 508 1918 586 qui
1955 509 2080 571 sibi
2138 528 2277 572 eam
2322 514 2649 592 copulavit
2697 530 2967 578 uxorem
3031 539 3045 579 :
3097 520 3269 582 unde
3328 508 3452 584 sub
3508 522 3641 587 lia'c

383 598 675 690 tempora
708 590 916 652 datam
952 592 1114 656 hanc
1141 611 1173 655 a
1207 595 1689 678 TheOphylacto
1715 604 2077 680 epistolam,
2104 618 2374 671 constat.
2405 590 2471 671 tu
2501 627 2571 671 ea
2587 616 2719 690 jam
2750 628 2976 674 senem
3006 623 3185 676 vocat
3213 633 3382 687 sese,
3428 619 3487 680 id
3531 630 3628 682 est

381 686 587 748 aetatis
611 686 741 765 jam
779 698 1096 765 provectas
1125 713 1140 753 :
1172 700 1235 753 et
1264 692 1398 755 haec
1427 696 1569 774 ejus
1598 699 1841 772 smilis,
1879 709 1990 761 aut
2032 709 2182 764 tetas
2212 700 2506 781 proiecta
2536 686 2749 784 ipsum
2792 708 2935 769 sine
2992 708 3193 771 dubio
3222 686 3483 774 exhibet
3514 717 3638 777 sub

383 783 719 887 Botoniata
755 790 819 887 et
859 785 1173 850 Michaele
1232 790 1402 852 Duca
1436 792 1666 854 litteris
1695 811 1766 855 ac
1790 797 2100 875 dignitate
2137 798 2493 862 florentem.
2528 783 2703 864 Alias
2756 802 3071 865 Baronius
3103 804 3285 867 affert
3343 809 3635 887 ejusdem

382 881 692 959 epistolas
718 883 795 944 ad
826 899 1069 946 annum
1102 888 1280 961 1073,
1321 905 1353 950 δ
1381 906 1558 951 num.
1595 892 1948 966 LXXXIII,
1982 894 2220 972 quibus
2252 895 2522 958 indicari
2553 908 2725 977 putat
2769 899 2980 978 gentis
3007 881 3419 965 Crabatorum
3465 905 3633 966 irru-

384 977 664 1077 ptiones,
694 996 861 1059 qum,
900 981 1171 1044 testibus
1202 985 1563 1065 Nicephoro
1593 987 1926 1060 Briennio,
1963 999 2025 1052 et
2056 993 2458 1071 Curopalata,
2488 1002 2550 1055 et
2586 977 2855 1068 Zonara,
2889 1020 2918 1053 α
2952 999 3140 1060 tertio
3166 1015 3337 1060 anno
3364 1000 3621 1077 imperii

381 1074 767 1158 (Michaelis)
791 1080 1155 1158 Bulgariam
1188 1097 1502 1161 occupare
1520 1100 1821 1165 aggressa
1861 1095 1981 1155 est.
2017 1106 2089 1152 ac
2120 1090 2409 1169 quasdam
2438 1091 2577 1153 loca
2603 1092 2796 1170 cepit.
2837 1115 2866 1148 ιι
2894 1095 3106 1156 Satius
3137 1093 3359 1171 fuerit,
3412 1074 3627 1159 virum

379 1174 832 1238 doctissimum
866 1178 946 1238 de
980 1178 1080 1240 his
1110 1182 1478 1243 consulere.

1954 1359 2054 1420 IV.

376 1501 680 1594 ﬂorebat
734 1504 869 1566 sine
908 1501 1097 1594 dubio
1146 1508 1261 1569 sub
1302 1506 1532 1594 Alexio
1590 1506 1910 1594 εὀιηνιρξ-ηοΔ
1946 1512 2377 1594 imperatore,
2411 1507 2709 1594 Ejusdem
2755 1512 3213 1594 Thcophylocti
3243 1512 3511 1593 cpistola
3546 1511 3634 1576 ad

455 1584 880 1669 Nicephorum
908 1587 1316 1669 notissimum
1347 1589 1674 1669 Cursarem,
1710 1591 1821 1651 ubi
1868 1588 1944 1650 de
2001 1584 2593 1669 iiupcratoriafaut
2649 1584 3079 1665 Constantini,
3133 1584 3634 1657 aut-Michaelis

451 1674 671 1724 morte.
707 1667 862 1725 Item
898 1666 980 1725 ad
1002 1667 1382 1747 Gregorium
1411 1668 1834 1730 Camaterum.

459 1802 555 1865 11.
596 1802 718 1864 Sed
754 1800 960 1863 Alexii
989 1801 1299 1865 Comueni
1332 1803 1712 1883 imperium,
1753 1821 1925 1868 anno
1962 1802 2108 1869 1081
2162 1807 2512 1889 inceptum,
2550 1806 2842 1886 attigisse
2875 1807 3456 1888 Theophylactum,
3485 1812 3615 1891 jam

370 1894 614 1960 evincit
646 1898 785 1978 ejus
812 1898 1009 1977 Regia
1039 1897 1405 1974 Institutio,
1433 1900 1556 1963 sub
1590 1902 1821 1964 eodem
1856 1906 2149 1983 Augusto
2181 1906 2257 1964 ad
2287 1903 2775 1965 Constantinum
2814 1901 3435 1984 Porphyrogenitum
3471 1925 3629 1968 nun-

371 2003 624 2073 cupata,
665 2004 734 2054 ut
758 1996 1211 2059 adnotavimus
1246 2014 1425 2061 num.
1450 1998 1511 2059 8.
1544 1999 1701 2061 Rem
1731 1997 1882 2060 facit
1907 2000 2237 2062 indubiam
2270 2000 2543 2078 epistola
2603 2001 2770 2062 inter
2809 2001 3211 2063 Meursianas
3245 2003 3453 2075 tertia,
3486 2003 3624 2063 data

369 2088 621 2152 domino
643 2088 910 2155 Nicolao
934 2095 1345 2170 patriai-cher,
1370 2095 1483 2172 qui
1519 2095 1739 2157 sedem
1766 2097 2538 2173 Constantinoriolitanam
2562 2113 2733 2158 anno
2770 2094 2924 2157 108!»
2951 2098 3352 2172 conscendit,
3377 2100 3621 2160 tenuit-

370 2203 501 2266 que
535 2188 610 2248 ad
647 2204 890 2250 annum
933 2191 1347 2252 undecimum
1383 2192 1600 2253 saeculi
1637 2193 2036 2255 duodecimi.
2070 2193 2308 2254 Recole
2349 2193 2513 2254 dicta
2560 2210 2736 2255 num.
2771 2196 2832 2255 6.

455 2285 553 2345 19.
590 2285 876 2360 Epistula
910 2287 987 2348 12
1015 2285 1096 2346 ad
1128 2285 1429 2348 Caesarem
1459 2288 1597 2348 data
1632 2296 1753 2354 est.
1789 2288 2221 2366 Nicephorum
2242 2306 2473 2368 nempe
2504 2288 2931 2351 Melissenum
2967 2310 2981 2347 :
3018 2310 3047 2345 α
3082 2289 3193 2368 qui
3223 2289 3302 2351 ab
3333 2288 3643 2352 exercitu

370 2376 720 2460 imperator
747 2379 1171 2459 proclamatus
1197 2382 1436 2462 (verbis
1458 2390 1604 2445 utor
1636 2383 2049 2448 Dufresniiiu
2080 2387 2420 2449 Stemmata
2454 2387 2927 2449 Comnenorum
2970 2403 3149 2449 num.
3176 2386 3281 2465 IV)
3318 2394 3624 2464 potestate

374 2475 604 2538 uxoris
637 2476 944 2539 Eudociaa
985 2476 1196 2551 fratri,
1236 2476 1462 2540 Alexio
1495 2480 1848 2548 Comneno.
1884 2481 2054 2543 ultro
2096 2484 2312 2553 cessit,
2341 2482 2607 2544 Cresaris
2641 2482 2826 2544 titulo
2864 2489 3232 2543 contentus.
3284 2505 3315 2540 xu
3342 2483 3621 2545 Caasarea

373 2572 688 2651 dignitate
720 2573 998 2635 donatus
1031 2581 1126 2636 est
1161 2592 1273 2634 νιιι
1306 2574 1577 2654 Aprilis,
1609 2575 1763 2637 feria
1805 2595 1840 2637 v
1878 2576 2299 2641 hebdomadis
2328 2572 2655 2640 Paschalis
2681 2593 2850 2639 anno
2875 2577 3053 2647 1082,
3117 2579 3526 2658 excessitque
3566 2596 3624 2639 re

371 2671 502 2730 vita
543 2671 649 2733 die
682 2689 820 2734 xvu
851 2672 1255 2743 Novembris,
1284 2673 1643 2736 indictione
1671 2688 1810 2749 xm,
1843 2691 2014 2738 anno
2045 2675 2284 2739 Christi
2322 2672 2500 2737 1100.
2537 2677 2619 2735 Ea
2653 2673 2874 2752 itaque
2912 2672 3186 2752 epistola
3216 2682 3356 2752 post
3381 2691 3621 2735 annum

373 2766 531 2828 1082
558 2783 592 2828 a
623 2767 1104 2847 Theophylacto
1139 2767 1400 2840 scripta.

452 2887 605 2950 Haec
638 2885 700 2948 in
734 2887 957 2949 eadem
996 2882 1317 2949 habentur
1345 2885 1536 2950 verba
1570 2909 1642 2949 :a
1678 2886 1901 2951 Afﬁnis
1934 2890 2026 2951 tui
2061 2886 2476 2969 imperatoris
2530 2894 2824 2960 mortem,
2860 2880 3047 2964 cujus
3080 2884 3439 2947 sanctitatis
3486 2885 3620 2947 vir-

370 2991 543 3046 tutes
575 2998 800 3044 omnes
831 2990 889 3043 et
926 2983 1161 3062 gratias
1195 3000 1313 3064 ego
1345 2983 1487 3061 ipse
1519 2985 1857 3064 potissime
1917 3003 2061 3047 sum
2095 2976 2423 3062 expertus,
2453 2985 2627 3045 unde
2659 2984 2915 3061 planctu
2948 2983 3185 3058 dignus
3219 2989 3279 3042 et
3313 2990 3622 3059 perpetuo

370 3081 552 3142 luctu
595 3079 754 3141 mihi
782 3079 893 3141 ille
938 3081 1221 3155 videtur,
1258 3079 1314 3140 si
1345 3078 1542 3143 alicui
1586 3080 1772 3143 alteri
1806 3082 2042 3144 etiam:
2081 3083 2283 3154 illam,
2316 3083 2610 3162 inquam,
2666 3081 2733 3141 in
2769 3079 3130 3157 expeditam
3164 3080 3363 3140 animi
3412 3095 3624 3156 prom-

368 3176 758 3256 ptitudinem
796 3179 1102 3257 accipies.
1139 3200 1169 3237 ι
1203 3180 1499 3254 Quonam
1528 3178 1606 3240 de
1633 3179 2018 3258 imperatore
2053 3179 2173 3239 vita
2211 3178 2430 3239 functo
2463 3192 2677 3238 sermo
2708 3176 2834 3245 ﬁat,
2868 3191 2992 3236 non
3034 3173 3120 3235 ita
3175 3175 3618 3252 perspicuum.

367 3276 536 3336 Num
597 3272 796 3338 fuerit
847 3274 1311 3339 Constantinus
1373 3274 1990 3357 Porphyrogenitus,
2046 3272 2382 3337 Michaelis
2442 3282 2502 3334 et
2549 3271 2766 3334 Marias
2830 3270 3027 3343 ﬁlius,
3100 3269 3215 3347 qui
3259 3272 3339 3331 ab
3379 3266 3620 3331 Alexio

370 3373 701 3435 Comneno
736 3372 1335 3452 particepsimperii
1367 3371 1578 3435 dictus
1609 3381 1734 3447 est,
1775 3377 1957 3436 Anna
2000 3375 2324 3437 Comnena
2362 3378 2523 3434 teste
2554 3370 2719 3431 libro
2751 3388 2822 3431 ιιι
2872 3367 3243 3443 Alexiodos,
3297 3391 3326 3425 «
3383 3382 3618 3430 corona

369 3467 710 3543 Augustali
768 3466 1089 3545 utebatur,
1123 3482 1186 3532 et
1236 3487 1470 3532 nomen
1506 3468 1649 3548 ejus
1680 3487 1825 3532 cum
1884 3470 2098 3531 Alexii
2150 3469 2412 3530 nomine
2455 3466 3006 3546 proclamabatur?
3058 3486 3089 3522 »
3143 3466 3377 3526 Eadem
3432 3468 3617 3525 Anna

366 3559 536 3625 libro
576 3583 637 3624 v1
670 3581 823 3626 suos
857 3579 1108 3627 enarrat
1171 3565 1415 3628 natales
1453 3582 1624 3627 anno
1680 3563 1938 3629 circiter
2000 3566 2179 3633 1083,
2246 3565 2507 3643 sibique
2566 3562 2858 3624 futurum
2893 3576 3202 3640 sponsum
3237 3560 3412 3623 addit
3439 3559 3615 3622 desi-

369 3670 634 3736 gnatum
666 3660 871 3731 fuisse
896 3663 1416 3744 Constantinum,
1447 3665 1754 3726 etambos
1783 3664 2059 3743 publicis
2101 3664 2167 3723 in
2226 3659 2802 3723 acclamationibus
2863 3658 3242 3736 conjunctos
3279 3679 3294 3718 :
3356 3678 3385 3714 α
3425 3656 3611 3730 Quod

367 3756 524 3817 satis
562 3758 753 3838 longo
784 3768 1098 3839 tempore,
1130 3760 1243 3835 ait,
1277 3761 1357 3822 ita
1395 3778 1538 3823 esse
1569 3760 1832 3833 factum,
1866 3777 1901 3823 a
1942 3759 2316 3839 parentibus
2349 3756 2730 3835 caaterisque
2764 3755 3005 3834 sapius
3037 3753 3286 3816 audivi.
3320 3776 3349 3809 ι
3384 3756 3612 3814 Emor-

367 3853 564 3914 tualis
606 3854 748 3931 ejus
782 3872 994 3916 annus
1035 3873 1162 3918 non
1199 3857 1549 3919 innotescit
1583 3879 1598 3917 ε
1630 3866 1689 3918 at
1721 3857 1936 3936 ipsum
1967 3855 2090 3917 vita
2124 3853 2417 3915 functum
2452 3860 2591 3931 post
2631 3868 2872 3912 annum
2915 3849 3071 3912 1081;
3103 3850 3387 3912 indicant
3420 3852 3616 3910 Annae

365 3950 559 4011 verba
603 3971 618 4011 :
659 3968 871 4032 neque
910 3948 1117 4015 solida
1167 3970 1391 4017 eorum
1421 3954 1697 4016 narratio
1728 3961 1848 4025 est,
1882 3954 1991 4032 qui
2024 3962 2348 4013 mortuum
2380 3956 2677 4011 asserunt
2701 3964 2872 4008 anno
2910 3947 3086 4021 1081,
3121 3949 3185 4009 in
3220 3943 3614 4025 Dyrrarhino

366 4046 618 4123 pt'aalio,
646 4049 821 4126 quod
859 4056 895 4110 a‘
922 4049 1202 4112 Boberto
1239 4050 1598 4112 Guiscardo
1626 4050 2045 4110 commissum
2081 4047 2229 4110 fuit.
2280 4048 2501 4124 Itaque
2538 4043 2699 4105 data;
2737 4060 2768 4100 a
2807 4043 3287 4123 'l‘heOphvlacto
3320 4040 3616 4103 eoistolm

364 4152 624 4223 tempus
655 4144 784 4224 jam
828 4144 1149 4208 sublucet.

449 4266 671 4327 Fuerit
701 4266 1047 4331 defunctus
1082 4268 1425 4345 imperator
1460 4270 1570 4333 ille
1601 4271 1870 4334 Michae.
1905 4271 2135 4343 Ducas,
2174 4275 2350 4347 pater
2374 4266 2803 4340 Constantini,
2839 4282 2872 4327 a
2932 4265 3263 4328 Botoniata
3303 4260 3610 4326 deturba-

367 4374 500 4433 tus,
537 4363 779 4442 Ephesi
817 4365 1220 4444 metrOpolita
1253 4369 1542 4430 detonsis
1575 4369 1826 4447 capillis
1858 4367 2126 4437 electus,
2188 4367 2254 4427 in
2289 4364 2747 4428 monasterium
2781 4368 2997 4441 postea
3057 4361 3389 4432 secedens,
3444 4359 3612 4439 [VII]

364 4459 505 4520 suis
543 4460 840 4522 manibus
882 4459 1203 4535 laborans,
1241 4480 1629 4543 semperque
1660 4464 2013 4525 honorifice
2049 4462 2308 4524 habitus
2338 4461 2417 4523 ab
2446 4456 2693 4522 Alexio.
2726 4457 3013 4538 Hujusce
3047 4455 3423 4536 imperantis
3454 4466 3613 4517 tem-

367 4572 548 4633 pore,
573 4554 700 4617 vita
725 4556 973 4618 mortali
1005 4558 1305 4635 migravit
1338 4575 1352 4618 :
1384 4559 1556 4620 unde
1587 4559 1798 4620 adhuc
1833 4558 2129 4632 efﬁcitur,
2165 4575 2304 4621 eam
2338 4555 2798 4636 TheOphylacti
2838 4553 3177 4634 epistolam
3208 4554 3285 4615 ad
3316 4551 3607 4616 Alexiani

364 4652 623 4730 imperii
662 4653 1068 4731 procedentis
1110 4660 1397 4733 tempora
1431 4655 1781 4733 pertinere.

450 4772 550 4836 13.
584 4775 849 4835 Domino
882 4774 1191 4854 Gregorio
1228 4775 1556 4837 Camatero
1615 4777 1849 4854 scripta
1900 4776 2142 4856 legitur
2196 4773 2466 4853 epistola
2524 4780 2728 4834 sexta.
2785 4772 2936 4832 Hmc
2994 4768 3362 4831 habentur:
3404 4790 3433 4822 α
3468 4767 3604 4829 Non

369 4869 542 4932 enim
614 4868 1144 4949 archiepiscupus
1198 4871 1364 4951 (ipse
1423 4888 1653 4949 nempe
1706 4871 2255 4952 Theophylactus)
2323 4871 2464 4931 viro
2505 4868 2598 4929 illi
2643 4865 3021 4946 (Camatero)
3055 4865 3329 4945 ignovit,
3364 4865 3608 4924 circum

308 4976 330 4985 ’
367 4981 562 5044 quem
599 4965 770 5027 varia
806 4965 1215 5041 imperatoris
1245 4966 1655 5044 negotiorum
1687 4967 1990 5029 examina
2011 4968 2140 5030 alto
2191 4981 2464 5028 susurro
2496 4982 2752 5043 semper
2809 4963 3308 5025 immurmurant
3348 4981 3363 5020 :
3399 4963 3496 5013 καὶ
3537 4958 3609 5011 τὰ

366 5068 501 5140 παρ’
541 5068 746 5139 ἑτέρων
773 5067 1085 5138 γράμματα.
1109 5068 1504 5140 παρενόχλημα
1527 5070 1628 5140 οὐχ
1678 5064 1871 5142 ἦττον,
1901 5070 1934 5140 ἢ

2070 5071 2202 5124 αὐτὸ
2239 5070 2476 5142 γράφειν
2506 5069 2739 5139 ἑτέροις,
2771 5066 2833 5121 et
2893 5057 3000 5121 cui
3033 5058 3311 5119 aliorum
3378 5056 3634 5119 littera).

369 5174 499 5220 non
539 5156 852 5218 minorem
889 5154 1246 5217 molestiam
1277 5156 1578 5226 afferunt,
1603 5176 1796 5237 quam
1828 5159 1907 5221 ad
1940 5158 2098 5221 alios
2131 5159 2454 5221 scribendi
2494 5174 2755 5220 munus.
2795 5179 2823 5213 »
2853 5155 3220 5235 Injunctum
3276 5155 3611 5216 Camatero

370 5252 696 5316 secretarii
735 5269 970 5313 munus
1001 5252 1413 5331 intelligitur.

450 5373 581 5432 Hac
610 5369 690 5432 de
724 5386 790 5430 re
823 5368 955 5449 agit
986 5372 1161 5431 Anna
1197 5372 1515 5432 Comnena
1553 5372 1716 5434 libro
1739 5389 1828 5434 ,ιι
1882 5373 2252 5441 Alexiados,
2319 5378 2660 5450 antequam
2715 5384 3036 5431 sacrarum
3088 5374 3305 5429 contra
3349 5368 3607 5429 Sarace-

368 5478 490 5530 nos
516 5466 1008 5545 expeditionum
1044 5466 1379 5528 historiam
1408 5471 1847 5547 aggrediatur,
1878 5486 2024 5547 quae
2054 5484 2223 5529 anno
2260 5468 2418 5529 1096
2446 5468 2828 5546 inceperunt
2862 5482 2878 5522 :
2934 5488 2962 5519 α
3018 5464 3366 5543 Scribaquo
3404 5463 3604 5525 advo-

367 5573 547 5626 catur
577 5580 723 5626 cum
761 5563 1022 5635 tabulis,
1058 5564 1393 5644 inquiens,
1431 5567 1787 5644 Gregorius
1820 5569 2215 5635 Camaterus,
2251 5564 2315 5623 in
2349 5564 2407 5624 id
2442 5560 2632 5624 ofﬁcii
2671 5578 2879 5640 nuper
2907 5560 3147 5622 ascitus
3194 5559 3363 5638 apud
3388 5559 3598 5638 impe-

369 5670 668 5722 ratorem.
707 5681 736 5715 ιι
768 5659 905 5722 Hoc
934 5661 1135 5740 igitur
1165 5670 1453 5741 tempore
1487 5672 1550 5724 et
1578 5664 1768 5725 vitam
1801 5661 2028 5741 agebat
2058 5668 2120 5720 et
2172 5660 2488 5722 scribebat
2518 5657 3061 5737 Theophylactus.
3124 5658 3210 5718 Ad
3268 5656 3610 5736 logothetaa

370 5756 748 5836 dignitatem
787 5755 970 5818 illum
1006 5765 1228 5834 postea
1285 5760 1636 5838 imperator
1666 5760 1880 5821 evexit
1910 5779 1927 5832 ;
1963 5757 2229 5839 ipsique
2255 5757 2567 5837 Gregorio
2592 5757 2918 5818 Camatrro
2944 5755 3270 5833 Iogolhetm
3294 5754 3601 5834 inscripta

370 5850 606 5930 legitur
645 5852 915 5933 epistola
947 5852 1044 5912 71.
