4058 6470
319 404 397 472 9t
1134 413 1232 472 ns
1266 410 1847 473 'I‘HEOPHYLACTI
1886 375 2152 471 casus
2192 413 2285 471 ar
2324 411 2684 472 SCRlP’l‘IS.
3509 404 3583 466 22

326 730 556 811 Attigit
613 728 799 788 etiam
847 727 1139 811 singultim
1169 727 1624 811 duodecimum,
1675 747 1748 811 oc
1789 731 2144 811 septimqu
2172 724 2443 808 ejusdem
2474 721 3131 811 {cccnlignnumnquo
3180 711 3582 811 Boemundus

404 799 907 890 Hermannujt'n
935 807 1313 890 But-(Larium
1354 799 2007 890 ἰιςνιιρίενυιιίνγσὲηὶο
2061 799 2430 890 adnotante.
2488 801 2627 890 Viri
2666 799 3007 890 clinjssimi
3033 799 3376 890 mentientia
3416 812 3580 890 “con-

403 888 717 967 ﬁrmatur.
748 878 1432 967 Ejusdem‘Boemundi
1475 878 1881 967 captivitatis-
1926 888 2158 967 mentio
2208 886 2279 946 in
2319 879 2588 963 epistola
2640 880 2722 942 ad
2770 878 3151 958 Gregorium
3189 878 3580 937 Tarcm'tam.

407 963 702 1025 Eamdem
723 963 1290 1045 chronographum
1310 966 1451 1026 alia:
1490 963 1859 1046 conﬁrmant
1891 966 2196 1045 epistola.
2496 995 2502 1004 -

413 1113 506 1173 ιιι.
567 1108 956 1189 Dignissima
1019 1109 1581 1173 animadversione
1639 1110 1918 1172 occurrit
1971 1108 2241 1188 cpistola
2277 1109 2376 1183 65,
2408 1108 2709 1187 magistro
2755 1104 3005 1167 domino
3055 1102 3299 1162 Joanm'
3350 1100 3582 1162 Ponte;

326 1211 521 1272 chum.
584 1205 1050 1284 Theoiihylacti
1115 1205 1302 1268 verba
1365 1215 1515 1269 sunt
1558 1229 1575 1267 :
1616 1230 1644 1264 κ
1711 1210 1948 1270 Cuncta
2004 1215 2261 1282 autem,
2320 1207 2386 1269 in
2444 1206 2685 1286 quibus
2733 1203 2960 1267 Achris
3019 1206 3334 1272 versatur,
3400 1199 3587 1276 plena

330 1305 597 1366 horrent
641 1310 840 1375 metu,
881 1309 942 1364 et
1006 1303 1203 1365 Moeri
1258 1303 1462 1383 regio.
1518 1306 1627 1366 Est
1660 1305 1832 1366 enim
1880 1305 1932 1366 M

1991 1321 2139 1367 crus
2178 1302 2390 1382 portio
2427 1301 2752 1375 Achridis,
2786 1318 2931 1379 qum
2962 1307 3114 1380 παρὰ
3144 1304 3242 1359 τοῦ
3272 1302 3464 1357 δούλου
3494 1303 3587 1357 καὶ

329 1400 662 1463 ἁποστάτου.
704 1416 737 1462 a
776 1416 967 1464 servo
992 1409 1054 1462 et
1081 1409 1368 1481 apostata
1404 1401 1599 1463 variis
1638 1402 1699 1463 in
1734 1403 2007 1479 praedam
2040 1399 2417 1463 incursibus
2449 1406 2738 1462 vexatur.
2770 1399 2845 1460 Et
2875 1397 3117 1476 Bagora
3149 1411 3334 1456 mons
3370 1398 3490 1463 est,
3523 1401 3587 1453 et

337 1498 478 1575 ipse
516 1496 897 1570 immensus,
939 1506 1003 1558 et
1035 1496 1205 1559 inter
1236 1498 1614 1577 Bulgaricos
1650 1507 1712 1560 et
1743 1497 2179 1577 Dyrrachinos
2232 1503 2482 1559 montes
2525 1495 2902 1574 interjectus
2940 1492 3248 1573 assurgit,
3283 1491 3396 1571 qui
3430 1490 3588 1569 ποιρᾶ

330 1605 430 1655 τοῦ
464 1604 757 1672 ἀντὰρτου,
791 1610 822 1654 a
863 1599 1137 1672 tyranno
1169 1593 1614 1656 custoditur...
1650 1593 2109 1668 Pansebastus,
2144 1599 2207 1656 et
2237 1592 2490 1655 militiae
2528 1591 2830 1672 princeps
2867 1590 3172 1652 dominus
3203 1587 3473 1649 Michael
3509 1585 3589 1647 ab

329 1692 721 1768 itnperatore
779 1688 1021 1752 missus
1081 1698 1200 1762 est,
1258 1690 1382 1752 sub
1430 1707 1562 1770 quo
1616 1691 1853 1753 selecto
1906 1691 2191 1753 virorum
2266 1706 2532 1769 corpora
2571 1706 2827 1769 cogere,
2863 1696 2925 1752 et
2972 1687 3037 1748 in
3101 1686 3273 1748 hunc
3305 1682 3587 1748 scelera-4

328 1789 492 1860 tum,
540 1791 620 1864 τῷ
658 1794 1000 1864 medippe-tt,
1060 1802 1130 1846 se
1164 1785 1385 1863 praelia
1416 1802 1747 1866 Opponere
1787 1788 2085 1851 statuit...
2118 1790 2239 1850 Hic
2277 1794 2491 1850 autem
2530 1786 2881 1865 imperium
2923 1783 3203 1847 ambit...
3239 1799 3454 1862 neque
3484 1781 3590 1843 hic
3650 1780 3655 1785 ’

328 1881 712 1960 imperatori
747 1882 1021 1962 obsequi
1058 1882 1373 1962 illiusque
1402 1899 1550 1945 esse
1589 1900 1814 1946 servus
1841 1882 2078 1963 dignus
2106 1884 2441 1947 videbitur
2464 1882 2652 1963 jugo.
2698 1905 2728 1939 ι)
2773 1880 3042 1942 Michael
3079 1885 3476 1942 memoratus
3509 1895 3590 1939 ex

328 1998 567 2058 genere
605 1983 919 2043 Ducarum
952 1967 1069 2061 est,
1128 1981 1196 2042 in
1234 1999 1458 2043 eorum
1485 1982 1841 2043 Stemmatis
1889 1987 2062 2061 parte
2110 1979 2305 2042 altera
2371 1995 2550 2041 num.
2593 1979 2737 2040 Vlll
2797 1995 2829 2037 a
2890 1975 3242 2038 Dufresnio
3294 1975 3586 2037 recensi-
3660 1978 3665 1983 ’

328 2086 436 2139 tus
466 2101 481 2139 :
519 2079 631 2158 qui
668 2100 697 2135 σι
741 2078 806 2163 in
842 2096 1066 2142 omnes
1098 2078 1256 2154 fere,
1288 2096 1450 2159 quas
1474 2078 1739 2141 Alexius
1766 2079 1933 2153 iniit,
1969 2077 2282 2139 militares
2312 2074 2768 2155 expeditiones
2792 2081 3080 2144 secutus,
3125 2073 3190 2135 in
3221 2071 3305 2133 iis
3337 2069 3591 2135 fortiter

330 2191 400 2235 se
426 2176 651 2254 gessit.
688 2198 721 2233 ιι
2723 2175 2727 2180 “

412 2297 482 2357 In
516 2298 697 2360 Notis
742 2299 817 2361 ad
850 2298 1194 2362 Alexiados
1230 2300 1466 2364 librum
1498 2319 1594 2363 xu
1624 2300 1800 2363 hunc
1831 2296 2297 2378 TheOphylacti
2330 2295 2542 2360 locum
2577 2292 3277 2375 expendenslaudatus
3310 2298 3536 2354 auctor
3568 2311 3586 2348 :

331 2411 366 2446 ι(
400 2390 821 2456 Boemumlus
851 2396 1267 2468 describitur,
1295 2397 1535 2476 inquit,
1577 2397 1688 2477 qui
1736 2396 1965 2458 Alexio
1997 2396 2183 2459 fidem
2219 2402 2281 2458 et
2324 2392 2691 2457 clientelam
2729 2410 2876 2456 cum
2911 2398 3309 2454 sacramento
3343 2389 3591 2468 profes-

331 2505 447 2549 sus
478 2497 612 2550 erat
639 2512 655 2551 :
688 2508 901 2569 eoque
939 2493 1322 2571 pesthabito,
1361 2494 1427 2554 in
1459 2491 1866 2572 imperatoris
1897 2492 2085 2564 ﬁnes,
2119 2498 2415 2571 apostolo
2436 2498 2495 2551 et
2519 2490 2897 2573 faedt'fragus
2931 2487 3163 2563 factus,
3189 2487 3528 2565 irruperat.
3556 2508 3586 2541 ι

338 2583 517 2647 Hanc
547 2588 907 2650 Boemundi
940 2588 1370 2665 irruptionem
1402 2590 1465 2651 in
1503 2589 1838 2667 Illyricum
1874 2597 1936 2651 et
1978 2587 2042 2649 in
2076 2587 2442 2668 Bulgariam
2479 2593 2738 2648 narrant
2767 2586 2975 2648 Latini
3008 2585 3381 2663 scriptores,
3416 2599 3590 2644 eam-

332 2700 466 2760 que
499 2702 645 2745 cum
675 2702 848 2748 anno
878 2686 1030 2747 1107
1056 2685 1331 2766 illigant.
1364 2686 1786 2749 Fulcherium
1829 2689 2290 2748 Carnotensem
2330 2681 2540 2745 refero
2575 2682 2643 2743 in
2678 2682 3103 2761 Empeditione
3125 2677 3590 2757 Hierosolymi-

342 2789 515 2854 tana,
549 2799 693 2857 quae
730 2781 900 2844 inter
928 2782 1117 2844 Gesta
1152 2784 1262 2845 Dei
1288 2801 1407 2863 per
1436 2785 1720 2845 Francos
1753 2789 1982 2854 exstat,
2022 2804 2051 2838 σι
2080 2783 2127 2843 Α
2163 2779 2561 2854 Brundusio,
2626 2779 3063 2859 inquientem,
3129 2775 3460 2857 navigavit
3518 2775 3587 2836 in

336 2875 708 2957 Bulgariam
740 2878 934 2961 (anno
970 2879 1146 2955 1107)
1179 2887 1240 2940 et
1270 2878 1575 2942 Avalonis
1605 2886 1854 2958 portum
1888 2874 2204 2959 applicuit
2247 2898 2263 2936 :
2313 2875 2671 2939 Avalonem
2701 2875 2830 2939 cito
2860 2875 3059 2954 cepit,
3093 2883 3153 2937 et
3183 2873 3436 2936 obsedit
3459 2874 3591 2934 Du-

336 2973 605 3035 racium.
644 2996 675 3030 ιι
715 2975 967 3036 Annam
1002 2975 1393 3037 Comnenam
1426 2976 1697 3043 consule
1732 2979 1797 3038 in
1837 2975 2189 3039 Alexiados
2234 2973 2401 3037 libro
2431 2992 2552 3038 xu.

420 3096 519 3158 15.
555 3096 703 3160 Hinc
731 3097 790 3159 si
823 3112 970 3160 vera
1002 3099 1086 3159 sit
1118 3097 1446 3161 Dufrcsnii
1489 3098 1967 3179 interpretatio,
2007 3098 2207 3161 vitam
2242 3097 2457 3178 egisse
2489 3097 3042 3179 TheOphylactum
3076 3095 3316 3159 evincit
3346 3094 3585 3157 saaculo

340 3201 600 3273 incepto
629 3195 1023 3257 duodecimo
1059 3217 1074 3255 z
1104 3196 1278 3275 quod
1313 3196 1733 3259 aliosomnes
1772 3196 2037 3259 latuisse
2068 3190 2326 3259 videtur
2355 3195 2728 3276 scriptores.
2768 3197 2993 3256 Veram
3028 3197 3169 3274 ejus
3203 3194 3588 3272 interpreta-

345 3289 591 3351 tionem
623 3290 949 3363 exislimo,
977 3308 1250 3370 eamque
1284 3291 1579 3372 pluribus
1615 3292 1945 3355 conﬁrmo.
1983 3294 2220 3355 Servus
2248 3291 2489 3355 dicitur
2525 3292 2966 3365 Boemundus,
3001 3291 3176 3370 quod
3230 3307 3400 3352 anno
3434 3291 3588 3352 1091

335 3404 487 3447 cum
517 3386 870 3466 ad.bellum
906 3403 1158 3450 sacrum
1191 3398 1446 3467 accepta
1476 3407 1664 3452 cruce
1710 3389 2032 3466 profectus
2064 3396 2185 3463 est,
2213 3412 2244 3444 cr
2277 3387 2608 3452 Godefridi
2650 3387 2949 3459 consilio,
3008 3386 3156 3450 fecit
3211 3386 3585 3468 homagium

343 3480 573 3544 Alexio
606 3483 999 3561 imperatori,
1060 3493 1125 3548 et
1187 3485 1513 3547 titlelitatis
1570 3485 1864 3547 exhibuit
1911 3485 2379 3564 juramentum,
2420 3509 2448 3540 υ
2489 3492 2558 3546 ut
2608 3485 3086 3546 aitBernardus
3117 3485 3585 3548 Thesaurarius

338 3577 429 3638 De
457 3581 872 3658 acquisitt'one
909 3585 1119 3644 Terrw
1160 3591 1391 3643 sancta:
1420 3581 1624 3659 capite
1658 3584 1753 3644 ιτ.
1788 3578 2026 3644 Eadem
2060 3579 2298 3643 habent
2329 3582 2470 3662 ejus
2520 3581 2802 3643 historias
2849 3582 3220 3662 scriptores,
3281 3591 3342 3644 et
3400 3588 3582 3645 Anna

338 3675 667 3738 Comnena
700 3676 865 3741 libro
892 3695 958 3741 x.
994 3679 1067 3741 1n
1098 3679 1231 3741 alio
1291 3680 1644 3754 consimili,
1675 3681 1849 3759 quod
1903 3694 2076 3741 anno
2108 3679 2266 3741 1108
2299 3679 2516 3741 emisit
2551 3680 2992 3756 Boemundus,
3019 3680 3386 3761 juramento
3419 3681 3592 3760 apud

341 3771 732 3834 Comnenam
792 3772 858 3836 in
891 3775 1017 3837 ﬁne
1048 3774 1194 3836 libri
1231 3793 1350 3836 xm
1381 3777 1715 3854 profitetur
1742 3792 1886 3839 sese
1919 3797 1949 3831 ι(
1980 3773 2203 3837 lizium
2231 3773 2562 3838 hominem
2592 3775 2825 3855 sceptri
2868 3778 2962 3839 tni
2996 3776 3134 3840 fore
3168 3800 3184 3839 :
3217 3776 3340 3839 hoc
3370 3784 3489 3848 est,
3523 3783 3595 3836 ut

344 3867 574 3946 loquar
619 3870 882 3945 clarius,
921 3888 1182 3934 servum
1207 3872 1660 3936 acsubtlitum.
1698 3894 1728 3927 ιο

423 3988 591 4049 Hinc
617 4006 769 4053 vero
799 3997 1080 4068 apostata
1115 3991 1348 4062 dictus,
1398 4009 1514 4053 seu
1541 3989 1891 4068 juramentt
1927 3992 2223 4069 violator,
2258 4010 2405 4056 cum
2454 3994 2613 4057 fines
2645 3994 2899 4086 imperii
2940 4012 3109 4064 anno
3136 3997 3292 4058 11οῗ
3324 3995 3584 4057 invasit.

343 4086 561 4159 Ipsum
595 4085 785 4146 etiam
819 4087 898 4149 de
928 4087 1175 4149 ambitu
1204 4114 1207 4117 -
1237 4086 1934 4166 Constantinopolitani
1995 4089 2255 4170 imperii
2307 4099 2680 4170 suSpectum
2741 4107 2909 4169 saepe
2975 4091 3228 4154 laudata
3265 4093 3591 4155 Comnena

342 4181 597 4242 incusat
659 4181 823 4244 libro
873 4201 920 4245 ι
975 4184 1191 4246 citato.
1251 4186 1339 4245 Ita
1407 4184 1709 4246 videlicet
1769 4187 1873 4246 sui
1936 4187 2132 4264 patris
2190 4187 2504 4250 vindicias
2564 4187 2803 4267 agebat
2848 4187 3010 4268 ipsa,
3040 4190 3234 4268 ’cnjus
3266 4188 3475 4260 dolos,
3529 4197 3592 4250 et

344 4280 637 4353 traudes,
669 4296 741 4342 ac
773 4279 1234 4360 impedimenta
1255 4276 1469 4343 sacris
1501 4289 1719 4343 contra
1750 4284 2095 4345 Saracenos
2129 4283 2660 4363 expeditionibus
2696 4285 2989 4365 apposita
3051 4285 3258 4346 Latini
3302 4284 3592 4348 referunt

344 4374 720 4453 scriptores.
736 4420 749 4436 .

424 4496 523 4559 16.
578 4496 774 4574 [VIII]
802 4498 938 4559 Jam
996 4504 1177 4559 antea
1210 4497 1549 4573 acciderat,
1586 4500 2056 4572 Boemundnm,
2113 4507 2550 4569 renuntiatum
2575 4505 2934 4570 Antiochia;
2975 4504 3354 4585 principem,
3387 4527 3416 4561 «
3444 4523 3589 4567 cum

342 4591 586 4654 flumen
626 4592 971 4670 Euphratis
1003 4594 1353 4669 transiens,
1386 4596 1693 4669 intrasset
1727 4599 2257 4677 MeSOpotamiam
2295 4602 2385 4680 (ut
2419 4602 2507 4664 ait
2539 4602 3014 4664 Thesaurarius
3076 4601 3276 4679 capite
3330 4601 3492 4677 102),
3530 4607 3597 4683 et

342 4690 893 4769 appropinquaret
931 4691 1324 4763 Meletinam,
1359 4692 1621 4761 insidiis
1652 4693 1986 4773 cujusdam
2009 4698 2300 4761 admirati
2338 4702 2693 4763 ancorum
2741 4699 3134 4772 Danismani,
3161 4707 3412 4778 captum
3450 4715 3591 4758 esse

344 4787 495 4849 etin
535 4786 814 4849 vinculis
868 4788 1253 4867 conjectum.
1294 4811 1324 4844 υ
1379 4789 1527 4850 Haec
1580 4806 1751 4851 anno
1812 4788 2258 4856 circiter1100
2288 4797 2719 4874 contigerunt,
2781 4794 3135 4856 [tomualdo
3189 4793 3591 4855 Salernitano

345 4890 531 4946 teste.
565 4886 736 4947 Inter
769 4884 1074 4963 epistolas
1104 4883 1506 4947 Meursianas
1554 4895 1758 4949 exstat
1789 4888 2091 4951 vicesima
2118 4898 2294 4952 sexta
2326 4891 2813 4971 TheOphylac-ti,
2848 4890 3156 4969 Gregorio
3179 4887 3439 4967 prasidi
3467 4892 3594 4951 Ta-

342 4979 590 5042 rom‘tw.
633 4979 867 5041 Eadem
905 4989 1145 5059 prostat
1192 4982 1358 5060 apud
1392 4984 1735 5045 Baroninm
1777 4985 1849 5046 ad
1883 5001 2126 5046 annum
2150 4988 2324 5060 1073,
2360 5005 2536 5049 num.
2568 4988 2701 5059 XC,
2753 4987 3059 5065 inscripta
3087 4985 3346 5047 Sebasto
3372 4972 3599 5064 Pagu-ﬂ

343 5075 527 5156 τίαηο
550 5074 801 5137 domino
833 5075 1118 5150 Nicolao,
1145 5079 1253 5139 sed
1313 5078 1535 5141 mutila
1572 5079 1636 5141 in
1701 5081 1825 5142 fine
1858 5102 1875 5142 :
1909 5081 2083 5144 unde
2139 5084 2426 5146 eamdem
2471 5083 2626 5146 viris
2664 5083 2920 5146 duobus
2967 5082 3217 5144 dederit
3249 5083 3589 5159 epistolam

346 5171 895 5250 Theophylactus.
923 5174 1113 5247 Cave,
1145 5162 1436 5236 ne'viros
1466 5174 1749 5238 illustres
1785 5176 2001 5255 plures
2034 5179 2417 5257 confundas,
2466 5182 2583 5262 qui
2628 5180 2948 5245 Tarom'tw
2990 5190 3052 5240 et
3092 5179 3440 5242 Pacuriant'
3470 5181 3591 5242 hoc

345 5282 485 5329 mvo
520 5268 1166 5345 cognominabantnr.
1208 5271 1421 5334 Primo
1456 5271 1596 5333 loco
1628 5273 1939 5335 militares
1994 5276 2342 5358 utriusque
2395 5278 2846 5357 expeditiones
2907 5276 3203 5354 praedicat
3235 5279 3298 5338 in
3336 5277 3591 5339 (ἷοῖρίιί-

348 5366 493 5426 dem
526 5373 589 5426 et
622 5368 892 5428 Pontum
923 5376 1137 5429 contra
1164 5370 1426 5431 Turcas.
1462 5371 1625 5430 Tum
1660 5386 1813 5432 vero
1846 5372 1925 5433 de

1989 5372 2224 5435 l'rancis
2247 5376 2340 5436 sic
2362 5377 2451 5436 ait
2483 5397 2497 5436 :
2533 5395 2564 5430 (ι
2594 5376 2675 5435 At
2705 5391 2860 5436 vero
2902 5382 3175 5454 Φράγγος,
3208 5384 3235 5435 ὁ
3265 5382 3356 5436 τὸν
3384 5383 3591 5454 τράχη·

345 5467 441 5524 λον
469 5471 608 5536 τέως
645 5472 926 5545 σιδήρεος.
969 5467 1249 5528 Francus
1282 5467 1531 5529 cervice
1566 5467 1841 5544 ferreus,
1877 5488 1947 5532 nt

1988 5489 2049 5533 1c
2084 5470 2294 5549 tepida
2325 5486 2468 5532 cera
2530 5469 2788 5532 mollior
2826 5470 3102 5545 exsistit,
3156 5478 3215 5531 et
3267 5472 3469 5533 multo
3529 5479 3590 5534 te

352 5568 609 5637 pectore
632 5564 877 5637 adorat,
902 5572 962 5624 et
995 5583 1106 5642 per
1138 5575 1196 5625 te
1228 5567 1745 5643 potentissimum
1776 5577 2067 5629 nostrum
2103 5567 2550 5644 imperatorem
2584 5583 2994 5648 summepere
3032 5577 3288 5630 veretur
3321 5576 3382 5629 et
3412 5566 3587 5634 colit.

348 5656 520 5730 Quid
553 5674 678 5720 non
710 5668 807 5721 est
834 5658 1149 5733 futurum,
1183 5678 1326 5722 cum
1356 5661 1543 5722 illum
1593 5663 1705 5723 tibi
1738 5664 2021 5743 supplici
2052 5665 2466 5727 veneratione
2502 5664 2722 5728 videas
2778 5665 2852 5727 ad
2910 5673 3014 5726 tua
3065 5681 3270 5744 genua
3320 5664 3601 5749 Obvolu-p

352 5759 560 5816 tum...
627 5756 1073 5832 Taranilarum
1122 5756 1433 5820 voluntati
1484 5766 1544 5820 et
1601 5761 1855 5822 statutis
1918 5769 2204 5825 coactum
2267 5760 2567 5841 obsequi,
2605 5768 2797 5841 atque
2859 5763 2937 5823 ab
2978 5761 3077 5822 his
3111 5760 3440 5841 tyrannica
3471 5776 3594 5840 0p-

355 5860 646 5922 pressum
688 5851 775 5926 vi,
817 5841 883 5913 ut
908 5853 1130 5915 saltem
1171 5870 1349 5916 suam
1384 5846 1595 5934 ipsius
1661 5855 2044 5924 libertatem.
2103 5857 2563 5947 imperatorum
2617 5858 2817 5939 gratia
2870 5858 3355 5921 demereatur...
3428 5859 3593 5920 'I‘uis
