  <div class='ocr_page' id='page_1' title='image "/cluster/home/n/w/nwhite01/storage/ocr_20150623/123/hvd.32044019208198/019.png"; bbox 0 0 3984 6648; ppageno 0'>
   <div class='ocr_carea' id='block_1_1' title="bbox 410 442 1983 539">
    <p class='ocr_par' dir='ltr' id='par_1_1' title="bbox 410 442 1983 539">
     <span class='ocr_line' id='line_1_1' title="bbox 410 442 1983 539; baseline -0.003 0"><span class='ocrx_word' id='word_1_1' title='bbox 410 475 482 539; x_wconf 79' lang='lat'><strong>23</strong></span> <span class='ocrx_word' id='word_1_2' title='bbox 1219 475 1445 534; x_wconf 65' lang='lat' dir='ltr'><strong>naua.</strong></span> <span class='ocrx_word' id='word_1_3' title='bbox 1489 442 1756 535; x_wconf 56' lang='lat' dir='ltr'><strong>uitam</strong></span> <span class='ocrx_word' id='word_1_4' title='bbox 1798 475 1894 535; x_wconf 89' lang='lat' dir='ltr'><strong>DE</strong></span> <span class='ocrx_word' id='word_1_5' title='bbox 1935 475 1983 535; x_wconf 85' lang='lat' dir='ltr'><strong><em>R</em></strong></span> 
     </span>
    </p>
   </div>
   <div class='ocr_carea' id='block_1_2' title="bbox 2087 442 3660 539">
    <p class='ocr_par' dir='ltr' id='par_1_2' title="bbox 2087 470 3660 534">
     <span class='ocr_line' id='line_1_2' title="bbox 2087 470 3660 534; baseline -0.004 -6"><span class='ocrx_word' id='word_1_6' title='bbox 2087 475 2220 534; x_wconf 76' lang='lat' dir='ltr'><strong>lElS</strong></span> <span class='ocrx_word' id='word_1_7' title='bbox 2251 470 2754 534; x_wconf 80' lang='lat' dir='ltr'><strong>DISSERTATIO</strong></span> <span class='ocrx_word' id='word_1_8' title='bbox 3589 470 3660 534; x_wconf 64' lang='grc' dir='ltr'><strong>ξι</strong></span> 
     </span>
    </p>
   </div>
   <div class='ocr_carea' id='block_1_3' title="bbox 414 579 3662 670">
    <p class='ocr_par' dir='ltr' id='par_1_3' title="bbox 414 579 3662 670">
     <span class='ocr_line' id='line_1_3' title="bbox 414 579 3662 670; baseline -0.002 -19"><span class='ocrx_word' id='word_1_9' title='bbox 414 588 782 670; x_wconf 86' lang='lat' dir='ltr'><strong>potentibus</strong></span> <span class='ocrx_word' id='word_1_10' title='bbox 816 586 1376 648; x_wconf 86' lang='lat' dir='ltr'><strong>mauibusTurcus</strong></span> <span class='ocrx_word' id='word_1_11' title='bbox 1409 584 1869 647; x_wconf 90' lang='lat' dir='ltr'><strong>constrictus...</strong></span> <span class='ocrx_word' id='word_1_12' title='bbox 1906 582 2308 662; x_wconf 88' lang='lat' dir='ltr'><strong>pasciscitur,</strong></span> <span class='ocrx_word' id='word_1_13' title='bbox 2337 588 2403 642; x_wconf 91' lang='lat' dir='ltr'><strong>ut</strong></span> <span class='ocrx_word' id='word_1_14' title='bbox 2435 582 2750 641; x_wconf 84' lang='lat' dir='ltr'><strong>Fraucum</strong></span> <span class='ocrx_word' id='word_1_15' title='bbox 2777 585 2999 641; x_wconf 88' lang='lat' dir='ltr'><strong>nostro</strong></span> <span class='ocrx_word' id='word_1_16' title='bbox 3027 579 3399 658; x_wconf 77' lang='lat' dir='ltr'><strong>imperatori</strong></span> <span class='ocrx_word' id='word_1_17' title='bbox 3437 590 3662 662; x_wconf 76' lang='lat' dir='ltr'><strong>poten-</strong></span> 
     </span>
    </p>
   </div>
   <div class='ocr_carea' id='block_1_4' title="bbox 415 682 1361 749">
    <p class='ocr_par' dir='ltr' id='par_1_4' title="bbox 415 682 1361 749">
     <span class='ocr_line' id='line_1_4' title="bbox 415 682 1361 749; baseline -0.01 -2"><span class='ocrx_word' id='word_1_18' title='bbox 415 686 668 749; x_wconf 87' lang='lat' dir='ltr'><strong>tissimo</strong></span> <span class='ocrx_word' id='word_1_19' title='bbox 700 692 872 746; x_wconf 86' lang='lat' dir='ltr'><strong>esset</strong></span> <span class='ocrx_word' id='word_1_20' title='bbox 912 682 1289 744; x_wconf 78' lang='lat' dir='ltr'><strong>traditurus.</strong></span> <span class='ocrx_word' id='word_1_21' title='bbox 1332 704 1361 738; x_wconf 84' lang='grc'><strong>››</strong></span> 
     </span>
    </p>
   </div>
   <div class='ocr_carea' id='block_1_5' title="bbox 493 772 3658 860">
    <p class='ocr_par' dir='ltr' id='par_1_5' title="bbox 493 772 3658 860">
     <span class='ocr_line' id='line_1_5' title="bbox 493 772 3658 860; baseline -0.003 -15"><span class='ocrx_word' id='word_1_22' title='bbox 493 778 1091 860; x_wconf 86' lang='lat' dir='ltr'><strong>Captuma&#39;l‘urcis</strong></span> <span class='ocrx_word' id='word_1_23' title='bbox 1148 778 1596 840; x_wconf 84' lang='lat' dir='ltr'><strong>Boemundum</strong></span> <span class='ocrx_word' id='word_1_24' title='bbox 1666 777 1797 839; x_wconf 70' lang='lat' dir='ltr'><strong>haec</strong></span> <span class='ocrx_word' id='word_1_25' title='bbox 1828 778 1982 839; x_wconf 88' lang='lat' dir='ltr'><strong>satis</strong></span> <span class='ocrx_word' id='word_1_26' title='bbox 2046 776 2356 839; x_wconf 91' lang='lat' dir='ltr'><strong>indicant.</strong></span> <span class='ocrx_word' id='word_1_27' title='bbox 2425 777 2643 837; x_wconf 79' lang='lat' dir='ltr'><strong>Narrat</strong></span> <span class='ocrx_word' id='word_1_28' title='bbox 2694 780 2908 835; x_wconf 88' lang='lat' dir='ltr'><strong>autem</strong></span> <span class='ocrx_word' id='word_1_29' title='bbox 2964 772 3513 853; x_wconf 78' lang='lat' dir='ltr'><strong>TheOphylactus,</strong></span> <span class='ocrx_word' id='word_1_30' title='bbox 3578 777 3658 838; x_wconf 87' lang='lat' dir='ltr'><strong>de</strong></span> 
     </span>
    </p>
   </div>
   <div class='ocr_carea' id='block_1_6' title="bbox 413 869 3656 957">
    <p class='ocr_par' dir='ltr' id='par_1_6' title="bbox 413 869 3656 957">
     <span class='ocr_line' id='line_1_6' title="bbox 413 869 3656 957; baseline -0.003 -16"><span class='ocrx_word' id='word_1_31' title='bbox 413 878 710 942; x_wconf 77' lang='lat' dir='ltr'><strong>libertate</strong></span> <span class='ocrx_word' id='word_1_32' title='bbox 744 877 888 957; x_wconf 84' lang='lat' dir='ltr'><strong>ejus</strong></span> <span class='ocrx_word' id='word_1_33' title='bbox 920 875 1272 938; x_wconf 90' lang='lat' dir='ltr'><strong>obtinenda</strong></span> <span class='ocrx_word' id='word_1_34' title='bbox 1301 882 1512 938; x_wconf 89' lang='lat' dir='ltr'><strong>actum</strong></span> <span class='ocrx_word' id='word_1_35' title='bbox 1544 893 1712 945; x_wconf 88' lang='lat' dir='ltr'><strong>esse,</strong></span> <span class='ocrx_word' id='word_1_36' title='bbox 1748 898 1777 931; x_wconf 86' lang='grc'><strong>‹‹</strong></span> <span class='ocrx_word' id='word_1_37' title='bbox 1849 877 2305 953; x_wconf 86' lang='lat' dir='ltr'><strong>imperatorum</strong></span> <span class='ocrx_word' id='word_1_38' title='bbox 2357 871 2559 952; x_wconf 88' lang='lat' dir='ltr'><strong>gratia</strong></span> <span class='ocrx_word' id='word_1_39' title='bbox 2608 893 2623 932; x_wconf 88' lang='lat'><strong>:</strong></span> <span class='ocrx_word' id='word_1_40' title='bbox 2667 895 2695 926; x_wconf 79' lang='lat'><strong>»</strong></span> <span class='ocrx_word' id='word_1_41' title='bbox 2744 869 2876 948; x_wconf 87' lang='lat' dir='ltr'><strong>jam</strong></span> <span class='ocrx_word' id='word_1_42' title='bbox 2936 869 3110 931; x_wconf 89' lang='lat' dir='ltr'><strong>enim</strong></span> <span class='ocrx_word' id='word_1_43' title='bbox 3169 869 3247 930; x_wconf 86' lang='lat' dir='ltr'><strong>ah</strong></span> <span class='ocrx_word' id='word_1_44' title='bbox 3302 888 3471 932; x_wconf 85' lang='lat' dir='ltr'><strong>anno</strong></span> <span class='ocrx_word' id='word_1_45' title='bbox 3508 873 3656 933; x_wconf 82' lang='grc'>1091</span> 
     </span>
    </p>
   </div>
   <div class='ocr_carea' id='block_1_7' title="bbox 405 967 3659 1050">
    <p class='ocr_par' dir='ltr' id='par_1_7' title="bbox 405 967 3659 1050">
     <span class='ocr_line' id='line_1_7' title="bbox 405 967 3659 1050; baseline -0.002 -12"><span class='ocrx_word' id='word_1_46' title='bbox 405 991 682 1038; x_wconf 84' lang='lat' dir='ltr'><strong>consors</strong></span> <span class='ocrx_word' id='word_1_47' title='bbox 715 971 978 1050; x_wconf 90' lang='lat' dir='ltr'><strong>imperii</strong></span> <span class='ocrx_word' id='word_1_48' title='bbox 1018 970 1380 1033; x_wconf 83' lang='lat' dir='ltr'><strong>declaratus</strong></span> <span class='ocrx_word' id='word_1_49' title='bbox 1416 969 1625 1032; x_wconf 77' lang='lat' dir='ltr'><strong>fuerat</strong></span> <span class='ocrx_word' id='word_1_50' title='bbox 1656 971 1935 1032; x_wconf 83' lang='lat' dir='ltr'><strong>Joannes</strong></span> <span class='ocrx_word' id='word_1_51' title='bbox 1969 971 2338 1031; x_wconf 87' lang='lat' dir='ltr'><strong>Comnenus</strong></span> <span class='ocrx_word' id='word_1_52' title='bbox 2396 986 2539 1032; x_wconf 87' lang='lat' dir='ltr'><strong>cum</strong></span> <span class='ocrx_word' id='word_1_53' title='bbox 2594 968 2824 1029; x_wconf 81' lang='lat' dir='ltr'><strong>Alexio</strong></span> <span class='ocrx_word' id='word_1_54' title='bbox 2866 975 3066 1045; x_wconf 83' lang='lat' dir='ltr'><strong>patre.</strong></span> <span class='ocrx_word' id='word_1_55' title='bbox 3139 967 3413 1029; x_wconf 69' lang='lat' dir='ltr'><strong>Videtur</strong></span> <span class='ocrx_word' id='word_1_56' title='bbox 3467 970 3659 1030; x_wconf 88' lang='lat' dir='ltr'><strong>etiam</strong></span> 
     </span>
    </p>
   </div>
   <div class='ocr_carea' id='block_1_8' title="bbox 414 1052 3660 1145">
    <p class='ocr_par' dir='ltr' id='par_1_8' title="bbox 414 1052 3660 1145">
     <span class='ocr_line' id='line_1_8' title="bbox 414 1052 3660 1145; baseline -0.002 -13"><span class='ocrx_word' id='word_1_57' title='bbox 414 1071 728 1145; x_wconf 89' lang='lat' dir='ltr'><strong>indicare,</strong></span> <span class='ocrx_word' id='word_1_58' title='bbox 759 1069 842 1131; x_wconf 91' lang='lat' dir='ltr'><strong>ob</strong></span> <span class='ocrx_word' id='word_1_59' title='bbox 887 1067 1095 1129; x_wconf 87' lang='lat' dir='ltr'><strong>varias</strong></span> <span class='ocrx_word' id='word_1_60' title='bbox 1155 1067 1234 1128; x_wconf 88' lang='lat' dir='ltr'><strong>de</strong></span> <span class='ocrx_word' id='word_1_61' title='bbox 1300 1052 1527 1127; x_wconf 87' lang='lat' dir='ltr'><strong>Turcis</strong></span> <span class='ocrx_word' id='word_1_62' title='bbox 1588 1066 1814 1127; x_wconf 87' lang='lat' dir='ltr'><strong>relatas</strong></span> <span class='ocrx_word' id='word_1_63' title='bbox 1841 1065 2164 1137; x_wconf 84' lang='lat' dir='ltr'><strong>victorias,</strong></span> <span class='ocrx_word' id='word_1_64' title='bbox 2194 1064 2379 1127; x_wconf 83' lang='lat' dir='ltr'><strong>facile</strong></span> <span class='ocrx_word' id='word_1_65' title='bbox 2413 1067 2652 1125; x_wconf 87' lang='lat' dir='ltr'><strong>Turcas</strong></span> <span class='ocrx_word' id='word_1_66' title='bbox 2685 1063 2861 1142; x_wconf 88' lang='lat' dir='ltr'><strong>ipsos</strong></span> <span class='ocrx_word' id='word_1_67' title='bbox 2897 1063 2961 1124; x_wconf 90' lang='lat' dir='ltr'><strong>in</strong></span> <span class='ocrx_word' id='word_1_68' title='bbox 3001 1063 3062 1123; x_wconf 88' lang='lat' dir='ltr'><strong>id</strong></span> <span class='ocrx_word' id='word_1_69' title='bbox 3099 1080 3559 1135; x_wconf 78' lang='lat' dir='ltr'><strong>consensuros,</strong></span> <span class='ocrx_word' id='word_1_70' title='bbox 3594 1075 3660 1125; x_wconf 90' lang='lat' dir='ltr'><strong>ut</strong></span> 
     </span>
    </p>
   </div>
   <div class='ocr_carea' id='block_1_9' title="bbox 420 1159 3653 1244">
    <p class='ocr_par' dir='ltr' id='par_1_9' title="bbox 420 1159 3653 1244">
     <span class='ocr_line' id='line_1_9' title="bbox 420 1159 3653 1244; baseline -0.002 -13"><span class='ocrx_word' id='word_1_71' title='bbox 420 1168 648 1231; x_wconf 79' lang='lat' dir='ltr'><strong>Alexio</strong></span> <span class='ocrx_word' id='word_1_72' title='bbox 680 1165 1051 1244; x_wconf 84' lang='lat' dir='ltr'><strong>imperatori</strong></span> <span class='ocrx_word' id='word_1_73' title='bbox 1087 1164 1409 1225; x_wconf 86' lang='lat' dir='ltr'><strong>traderent</strong></span> <span class='ocrx_word' id='word_1_74' title='bbox 1440 1163 1914 1235; x_wconf 90' lang='lat' dir='ltr'><strong>Boemundum,</strong></span> <span class='ocrx_word' id='word_1_75' title='bbox 1945 1181 2138 1242; x_wconf 84' lang='lat' dir='ltr'><strong>quem</strong></span> <span class='ocrx_word' id='word_1_76' title='bbox 2176 1163 2502 1241; x_wconf 87' lang='lat' dir='ltr'><strong>captivum</strong></span> <span class='ocrx_word' id='word_1_77' title='bbox 2537 1162 2863 1223; x_wconf 90' lang='lat' dir='ltr'><strong>tenebant.</strong></span> <span class='ocrx_word' id='word_1_78' title='bbox 2897 1159 3114 1223; x_wconf 79' lang='lat' dir='ltr'><strong>Refert</strong></span> <span class='ocrx_word' id='word_1_79' title='bbox 3151 1162 3468 1225; x_wconf 71' lang='lat' dir='ltr'><strong>licinerus</strong></span> <span class='ocrx_word' id='word_1_80' title='bbox 3503 1165 3653 1225; x_wconf 75' lang='lat' dir='ltr'><strong>Rei-</strong></span> 
     </span>
    </p>
   </div>
   <div class='ocr_carea' id='block_1_10' title="bbox 412 1257 3660 1338">
    <p class='ocr_par' dir='ltr' id='par_1_10' title="bbox 412 1257 3660 1338">
     <span class='ocr_line' id='line_1_10' title="bbox 412 1257 3660 1338; baseline -0.002 -10"><span class='ocrx_word' id='word_1_81' title='bbox 412 1266 678 1328; x_wconf 85' lang='lat' dir='ltr'><strong>neccius</strong></span> <span class='ocrx_word' id='word_1_82' title='bbox 711 1262 775 1324; x_wconf 87' lang='lat' dir='ltr'><strong>in</strong></span> <span class='ocrx_word' id='word_1_83' title='bbox 808 1262 1104 1324; x_wconf 77' lang='lat' dir='ltr'><strong>Historia</strong></span> <span class='ocrx_word' id='word_1_84' title='bbox 1150 1257 1468 1331; x_wconf 77' lang='lat' dir='ltr'><strong>orientali,</strong></span> <span class='ocrx_word' id='word_1_85' title='bbox 1534 1258 1696 1319; x_wconf 85' lang='lat' dir='ltr'><strong>libro</strong></span> <span class='ocrx_word' id='word_1_86' title='bbox 1751 1277 1845 1333; x_wconf 66' lang='grc' dir='ltr'><strong>ιχ,</strong></span> <span class='ocrx_word' id='word_1_87' title='bbox 1879 1260 2084 1338; x_wconf 84' lang='lat' dir='ltr'><strong>capite</strong></span> <span class='ocrx_word' id='word_1_88' title='bbox 2141 1262 2240 1333; x_wconf 82' lang='lat'><strong>38,</strong></span> <span class='ocrx_word' id='word_1_89' title='bbox 2305 1286 2333 1316; x_wconf 80' lang='grc' dir='ltr'><strong>(ι</strong></span> <span class='ocrx_word' id='word_1_90' title='bbox 2378 1258 2681 1321; x_wconf 85' lang='lat' dir='ltr'><strong>Alexium</strong></span> <span class='ocrx_word' id='word_1_91' title='bbox 2743 1260 3225 1336; x_wconf 85' lang='lat' dir='ltr'><strong>imperatorem,</strong></span> <span class='ocrx_word' id='word_1_92' title='bbox 3261 1260 3361 1321; x_wconf 86' lang='lat' dir='ltr'><strong>cui</strong></span> <span class='ocrx_word' id='word_1_93' title='bbox 3399 1280 3660 1338; x_wconf 90' lang='lat' dir='ltr'><strong>semper</strong></span> 
     </span>
    </p>
   </div>
   <div class='ocr_carea' id='block_1_11' title="bbox 413 1355 3657 1437">
    <p class='ocr_par' dir='ltr' id='par_1_11' title="bbox 413 1355 3657 1437">
     <span class='ocr_line' id='line_1_11' title="bbox 413 1355 3657 1437; baseline -0.001 -15"><span class='ocrx_word' id='word_1_94' title='bbox 413 1360 835 1424; x_wconf 85' lang='lat' dir='ltr'><strong>Boemundus</strong></span> <span class='ocrx_word' id='word_1_95' title='bbox 858 1366 1201 1436; x_wconf 88' lang='lat' dir='ltr'><strong>suspectus</strong></span> <span class='ocrx_word' id='word_1_96' title='bbox 1227 1364 1382 1427; x_wconf 89' lang='lat' dir='ltr'><strong>erat,</strong></span> <span class='ocrx_word' id='word_1_97' title='bbox 1416 1372 1495 1417; x_wconf 91' lang='lat' dir='ltr'><strong>ne</strong></span> <span class='ocrx_word' id='word_1_98' title='bbox 1552 1372 1699 1418; x_wconf 91' lang='lat' dir='ltr'><strong>eum</strong></span> <span class='ocrx_word' id='word_1_99' title='bbox 1762 1374 1797 1419; x_wconf 90' lang='lat' dir='ltr'><strong>e</strong></span> <span class='ocrx_word' id='word_1_100' title='bbox 1859 1374 2056 1437; x_wconf 90' lang='lat' dir='ltr'><strong>regno</strong></span> <span class='ocrx_word' id='word_1_101' title='bbox 2099 1357 2478 1436; x_wconf 80' lang='lat' dir='ltr'><strong>expelleret,</strong></span> <span class='ocrx_word' id='word_1_102' title='bbox 2513 1355 2849 1434; x_wconf 88' lang='lat' dir='ltr'><strong>pecuniam</strong></span> <span class='ocrx_word' id='word_1_103' title='bbox 2883 1374 3039 1419; x_wconf 63' lang='grc' dir='ltr'><strong>(ιρις</strong></span> <span class='ocrx_word' id='word_1_104' title='bbox 3085 1357 3364 1418; x_wconf 85' lang='lat' dir='ltr'><strong>millium</strong></span> <span class='ocrx_word' id='word_1_105' title='bbox 3403 1359 3657 1437; x_wconf 79' lang='lat' dir='ltr'><strong>Byzan-</strong></span> 
     </span>
    </p>
   </div>
   <div class='ocr_carea' id='block_1_12' title="bbox 411 1450 3660 1533">
    <p class='ocr_par' dir='ltr' id='par_1_12' title="bbox 411 1450 3660 1533">
     <span class='ocr_line' id='line_1_12' title="bbox 411 1450 3660 1533; baseline -0 -15"><span class='ocrx_word' id='word_1_106' title='bbox 411 1450 725 1528; x_wconf 82' lang='lat' dir='ltr'><strong>tinorum,</strong></span> <span class='ocrx_word' id='word_1_107' title='bbox 761 1454 1172 1521; x_wconf 85' lang='lat' dir='ltr'><strong>creberrimis</strong></span> <span class='ocrx_word' id='word_1_108' title='bbox 1224 1454 1665 1532; x_wconf 75' lang='lat' dir='ltr'><strong>legationibus</strong></span> <span class='ocrx_word' id='word_1_109' title='bbox 1724 1454 2174 1533; x_wconf 84' lang='lat' dir='ltr'><strong>epistolarum,</strong></span> <span class='ocrx_word' id='word_1_110' title='bbox 2237 1453 2553 1515; x_wconf 83' lang='lat' dir='ltr'><strong>obtulisse</strong></span> <span class='ocrx_word' id='word_1_111' title='bbox 2597 1454 2962 1516; x_wconf 89' lang='lat' dir='ltr'><strong>Donimano</strong></span> <span class='ocrx_word' id='word_1_112' title='bbox 3005 1452 3141 1531; x_wconf 83' lang='lat' dir='ltr'><strong>(qui</strong></span> <span class='ocrx_word' id='word_1_113' title='bbox 3208 1456 3660 1519; x_wconf 87' lang='lat' dir='ltr'><strong>Boemundum</strong></span> 
     </span>
    </p>
   </div>
   <div class='ocr_carea' id='block_1_13' title="bbox 413 1548 3659 1632">
    <p class='ocr_par' dir='ltr' id='par_1_13' title="bbox 413 1548 3659 1632">
     <span class='ocr_line' id='line_1_13' title="bbox 413 1548 3659 1632; baseline 0.002 -18"><span class='ocrx_word' id='word_1_114' title='bbox 413 1552 735 1630; x_wconf 86' lang='lat' dir='ltr'><strong>captivum</strong></span> <span class='ocrx_word' id='word_1_115' title='bbox 790 1550 1026 1614; x_wconf 82' lang='lat' dir='ltr'><strong>fecerat</strong></span> <span class='ocrx_word' id='word_1_116' title='bbox 1080 1548 1491 1630; x_wconf 88' lang='lat' dir='ltr'><strong>tenebatque)</strong></span> <span class='ocrx_word' id='word_1_117' title='bbox 1544 1560 1868 1629; x_wconf 81' lang='lat' dir='ltr'><strong>quatenus</strong></span> <span class='ocrx_word' id='word_1_118' title='bbox 1935 1550 2149 1629; x_wconf 85' lang='lat' dir='ltr'><strong>ipsum</strong></span> <span class='ocrx_word' id='word_1_119' title='bbox 2209 1551 2656 1612; x_wconf 88' lang='lat' dir='ltr'><strong>Boemundum</strong></span> <span class='ocrx_word' id='word_1_120' title='bbox 2719 1569 2857 1614; x_wconf 65' lang='lat' dir='ltr'><strong>suae</strong></span> <span class='ocrx_word' id='word_1_121' title='bbox 2919 1554 3318 1632; x_wconf 86' lang='lat' dir='ltr'><strong>manciparct</strong></span> <span class='ocrx_word' id='word_1_122' title='bbox 3373 1556 3607 1617; x_wconf 89' lang='lat' dir='ltr'><strong>ditioui</strong></span> <span class='ocrx_word' id='word_1_123' title='bbox 3641 1597 3659 1623; x_wconf 70' lang='grc' dir='ltr'><strong>ς</strong></span> 
     </span>
    </p>
   </div>
   <div class='ocr_carea' id='block_1_14' title="bbox 412 1645 3664 1729">
    <p class='ocr_par' dir='ltr' id='par_1_14' title="bbox 412 1645 3664 1729">
     <span class='ocr_line' id='line_1_14' title="bbox 412 1645 3664 1729; baseline 0.001 -20"><span class='ocrx_word' id='word_1_124' title='bbox 412 1648 641 1711; x_wconf 87' lang='lat' dir='ltr'><strong>volens</strong></span> <span class='ocrx_word' id='word_1_125' title='bbox 678 1666 825 1710; x_wconf 89' lang='lat' dir='ltr'><strong>eum</strong></span> <span class='ocrx_word' id='word_1_126' title='bbox 850 1656 958 1709; x_wconf 90' lang='lat' dir='ltr'><strong>aut</strong></span> <span class='ocrx_word' id='word_1_127' title='bbox 988 1654 1229 1709; x_wconf 67' lang='lat' dir='ltr'><strong>aeterno</strong></span> <span class='ocrx_word' id='word_1_128' title='bbox 1262 1645 1524 1719; x_wconf 81' lang='lat' dir='ltr'><strong>exsilio,</strong></span> <span class='ocrx_word' id='word_1_129' title='bbox 1592 1652 1702 1708; x_wconf 88' lang='lat' dir='ltr'><strong>aut</strong></span> <span class='ocrx_word' id='word_1_130' title='bbox 1761 1652 2071 1724; x_wconf 87' lang='lat' dir='ltr'><strong>perpetua</strong></span> <span class='ocrx_word' id='word_1_131' title='bbox 2137 1647 2549 1709; x_wconf 86' lang='lat' dir='ltr'><strong>damnatione</strong></span> <span class='ocrx_word' id='word_1_132' title='bbox 2603 1648 2859 1726; x_wconf 89' lang='lat' dir='ltr'><strong>punire.</strong></span> <span class='ocrx_word' id='word_1_133' title='bbox 2914 1673 2942 1706; x_wconf 79' lang='grc' dir='ltr'><strong>ι</strong></span> <span class='ocrx_word' id='word_1_134' title='bbox 2997 1651 3122 1711; x_wconf 80' lang='lat' dir='ltr'><strong>Res</strong></span> <span class='ocrx_word' id='word_1_135' title='bbox 3183 1666 3333 1713; x_wconf 86' lang='lat' dir='ltr'><strong>vero</strong></span> <span class='ocrx_word' id='word_1_136' title='bbox 3390 1652 3664 1729; x_wconf 79' lang='lat' dir='ltr'><strong>contigit</strong></span> 
     </span>
    </p>
   </div>
   <div class='ocr_carea' id='block_1_15' title="bbox 412 1741 3667 1827">
    <p class='ocr_par' dir='ltr' id='par_1_15' title="bbox 412 1741 3667 1827">
     <span class='ocr_line' id='line_1_15' title="bbox 412 1741 3667 1827; baseline 0.001 -21"><span class='ocrx_word' id='word_1_137' title='bbox 412 1745 627 1827; x_wconf 76' lang='lat' dir='ltr'><strong>aliter.</strong></span> <span class='ocrx_word' id='word_1_138' title='bbox 663 1748 758 1806; x_wconf 85' lang='lat' dir='ltr'><strong>Ad</strong></span> <span class='ocrx_word' id='word_1_139' title='bbox 786 1745 919 1807; x_wconf 68' lang='lat' dir='ltr'><strong>haec</strong></span> <span class='ocrx_word' id='word_1_140' title='bbox 950 1744 1181 1823; x_wconf 81' lang='lat' dir='ltr'><strong>utique</strong></span> <span class='ocrx_word' id='word_1_141' title='bbox 1219 1741 1512 1804; x_wconf 86' lang='lat' dir='ltr'><strong>alludere</strong></span> <span class='ocrx_word' id='word_1_142' title='bbox 1545 1741 1808 1803; x_wconf 87' lang='lat' dir='ltr'><strong>videtur</strong></span> <span class='ocrx_word' id='word_1_143' title='bbox 1833 1741 2380 1825; x_wconf 60' lang='lat' dir='ltr'><strong>Theoiihylactus,</strong></span> <span class='ocrx_word' id='word_1_144' title='bbox 2432 1744 2548 1823; x_wconf 90' lang='lat' dir='ltr'><strong>qui</strong></span> <span class='ocrx_word' id='word_1_145' title='bbox 2579 1753 2786 1806; x_wconf 89' lang='lat' dir='ltr'><strong>tamen</strong></span> <span class='ocrx_word' id='word_1_146' title='bbox 2836 1762 2912 1807; x_wconf 90' lang='lat' dir='ltr'><strong>ea</strong></span> <span class='ocrx_word' id='word_1_147' title='bbox 2961 1745 3104 1823; x_wconf 88' lang='lat' dir='ltr'><strong>plus</strong></span> <span class='ocrx_word' id='word_1_148' title='bbox 3141 1748 3344 1810; x_wconf 87' lang='lat' dir='ltr'><strong>nimio</strong></span> <span class='ocrx_word' id='word_1_149' title='bbox 3379 1749 3667 1827; x_wconf 80' lang='lat' dir='ltr'><strong>amplifi-</strong></span> 
     </span>
    </p>
   </div>
   <div class='ocr_carea' id='block_1_16' title="bbox 413 1828 3666 1921">
    <p class='ocr_par' dir='ltr' id='par_1_16' title="bbox 413 1828 3666 1921">
     <span class='ocr_line' id='line_1_16' title="bbox 413 1828 3666 1921; baseline 0.002 -20"><span class='ocrx_word' id='word_1_150' title='bbox 413 1848 535 1911; x_wconf 87' lang='lat' dir='ltr'><strong>cat,</strong></span> <span class='ocrx_word' id='word_1_151' title='bbox 565 1857 809 1919; x_wconf 87' lang='lat' dir='ltr'><strong>proque</strong></span> <span class='ocrx_word' id='word_1_152' title='bbox 844 1839 1040 1919; x_wconf 83' lang='lat' dir='ltr'><strong>genio</strong></span> <span class='ocrx_word' id='word_1_153' title='bbox 1069 1838 1367 1919; x_wconf 89' lang='lat' dir='ltr'><strong>votisque</strong></span> <span class='ocrx_word' id='word_1_154' title='bbox 1401 1838 1751 1917; x_wconf 87' lang='lat' dir='ltr'><strong>composita</strong></span> <span class='ocrx_word' id='word_1_155' title='bbox 1776 1845 2011 1901; x_wconf 89' lang='lat' dir='ltr'><strong>narrat.</strong></span> <span class='ocrx_word' id='word_1_156' title='bbox 2048 1841 2265 1903; x_wconf 89' lang='lat' dir='ltr'><strong>Datam</strong></span> <span class='ocrx_word' id='word_1_157' title='bbox 2292 1856 2444 1918; x_wconf 88' lang='lat' dir='ltr'><strong>ergo</strong></span> <span class='ocrx_word' id='word_1_158' title='bbox 2476 1840 2635 1901; x_wconf 88' lang='lat' dir='ltr'><strong>hanc</strong></span> <span class='ocrx_word' id='word_1_159' title='bbox 2667 1840 2809 1920; x_wconf 88' lang='lat' dir='ltr'><strong>ejus</strong></span> <span class='ocrx_word' id='word_1_160' title='bbox 2845 1843 3184 1921; x_wconf 86' lang='lat' dir='ltr'><strong>epistolam</strong></span> <span class='ocrx_word' id='word_1_161' title='bbox 3209 1828 3385 1907; x_wconf 80' lang='lat' dir='ltr'><strong>anno</strong></span> <span class='ocrx_word' id='word_1_162' title='bbox 3408 1845 3666 1909; x_wconf 87' lang='lat' dir='ltr'><strong>circiter</strong></span> 
     </span>
    </p>
   </div>
   <div class='ocr_carea' id='block_1_17' title="bbox 415 1936 956 2016">
    <p class='ocr_par' dir='ltr' id='par_1_17' title="bbox 415 1936 956 2016">
     <span class='ocr_line' id='line_1_17' title="bbox 415 1936 956 2016; baseline 0 -18"><span class='ocrx_word' id='word_1_163' title='bbox 415 1938 572 1998; x_wconf 87' lang='lat'><strong>1100</strong></span> <span class='ocrx_word' id='word_1_164' title='bbox 593 1938 723 2016; x_wconf 85' lang='lat' dir='ltr'><strong>jam</strong></span> <span class='ocrx_word' id='word_1_165' title='bbox 748 1936 956 1999; x_wconf 86' lang='lat' dir='ltr'><strong>vides.</strong></span> 
     </span>
    </p>
   </div>
   <div class='ocr_carea' id='block_1_18' title="bbox 496 2032 3660 2115">
    <p class='ocr_par' dir='ltr' id='par_1_18' title="bbox 496 2032 3660 2115">
     <span class='ocr_line' id='line_1_18' title="bbox 496 2032 3660 2115; baseline 0.001 -19"><span class='ocrx_word' id='word_1_166' title='bbox 496 2033 785 2115; x_wconf 73' lang='lat' dir='ltr'><strong>Cercyrw</strong></span> <span class='ocrx_word' id='word_1_167' title='bbox 815 2051 931 2096; x_wconf 89' lang='lat' dir='ltr'><strong>seu</strong></span> <span class='ocrx_word' id='word_1_168' title='bbox 966 2032 1256 2111; x_wconf 65' lang='lat' dir='ltr'><strong>Corcyrae</strong></span> <span class='ocrx_word' id='word_1_169' title='bbox 1286 2036 1583 2114; x_wconf 82' lang='lat' dir='ltr'><strong>episcopo</strong></span> <span class='ocrx_word' id='word_1_170' title='bbox 1614 2034 1849 2114; x_wconf 89' lang='lat' dir='ltr'><strong>scripta</strong></span> <span class='ocrx_word' id='word_1_171' title='bbox 1883 2039 1977 2096; x_wconf 90' lang='lat' dir='ltr'><strong>est</strong></span> <span class='ocrx_word' id='word_1_172' title='bbox 2006 2032 2277 2112; x_wconf 89' lang='lat' dir='ltr'><strong>epistola</strong></span> <span class='ocrx_word' id='word_1_173' title='bbox 2313 2034 2416 2108; x_wconf 78' lang='lat'><strong>22,</strong></span> <span class='ocrx_word' id='word_1_174' title='bbox 2448 2034 2555 2095; x_wconf 91' lang='lat' dir='ltr'><strong>ubi</strong></span> <span class='ocrx_word' id='word_1_175' title='bbox 2594 2034 2725 2097; x_wconf 64' lang='lat' dir='ltr'><strong>haec</strong></span> <span class='ocrx_word' id='word_1_176' title='bbox 2761 2034 3081 2098; x_wconf 89' lang='lat' dir='ltr'><strong>habentur</strong></span> <span class='ocrx_word' id='word_1_177' title='bbox 3124 2059 3139 2098; x_wconf 91' lang='lat'><strong>:</strong></span> <span class='ocrx_word' id='word_1_178' title='bbox 3195 2062 3222 2092; x_wconf 83' lang='grc' dir='ltr'><strong><em>α</em></strong></span> <span class='ocrx_word' id='word_1_179' title='bbox 3255 2040 3385 2109; x_wconf 78' lang='lat' dir='ltr'><strong>Nos</strong></span> <span class='ocrx_word' id='word_1_180' title='bbox 3445 2045 3660 2100; x_wconf 88' lang='lat' dir='ltr'><strong>autem</strong></span> 
     </span>
    </p>
   </div>
   <div class='ocr_carea' id='block_1_19' title="bbox 413 2116 1986 2216">
    <p class='ocr_par' dir='ltr' id='par_1_19' title="bbox 413 2116 1986 2212">
     <span class='ocr_line' id='line_1_19' title="bbox 413 2116 1986 2212; baseline -0.001 -19"><span class='ocrx_word' id='word_1_181' title='bbox 413 2140 660 2209; x_wconf 68' lang='grc' dir='ltr'><strong>ἐξέθλιψε</strong></span> <span class='ocrx_word' id='word_1_182' title='bbox 712 2116 1398 2212; x_wconf 49' lang='grc' dir='ltr'><strong>Σεναῃρεὶμᾌσσύριος,</strong></span> <span class='ocrx_word' id='word_1_183' title='bbox 1454 2129 1892 2194; x_wconf 77' lang='lat' dir='ltr'><strong>Sennacherib</strong></span> <span class='ocrx_word' id='word_1_184' title='bbox 1949 2132 1986 2192; x_wconf 80' lang='grc' dir='ltr'><em>Α</em></span> 
     </span>
    </p>
   </div>
   <div class='ocr_carea' id='block_1_20' title="bbox 2094 2116 3667 2216">
    <p class='ocr_par' dir='ltr' id='par_1_20' title="bbox 2094 2128 3667 2216">
     <span class='ocr_line' id='line_1_20' title="bbox 2094 2128 3667 2216; baseline 0.004 -25"><span class='ocrx_word' id='word_1_185' title='bbox 2094 2128 2258 2201; x_wconf 69' lang='grc' dir='ltr'>Πὶιιδ</span> <span class='ocrx_word' id='word_1_186' title='bbox 2325 2129 2535 2204; x_wconf 87' lang='lat' dir='ltr'><strong>elisit;</strong></span> <span class='ocrx_word' id='word_1_187' title='bbox 2597 2139 2658 2195; x_wconf 76' lang='grc' dir='ltr'><strong>ὃν</strong></span> <span class='ocrx_word' id='word_1_188' title='bbox 2691 2144 2722 2212; x_wconf 82' lang='grc' dir='ltr'>ἡ</span> <span class='ocrx_word' id='word_1_189' title='bbox 2769 2143 2910 2214; x_wconf 79' lang='grc' dir='ltr'><strong>μέση</strong></span> <span class='ocrx_word' id='word_1_190' title='bbox 2933 2144 3043 2199; x_wconf 80' lang='grc' dir='ltr'><strong>τῶν</strong></span> <span class='ocrx_word' id='word_1_191' title='bbox 3072 2144 3333 2213; x_wconf 80' lang='grc' dir='ltr'>ποταμῶν</span> <span class='ocrx_word' id='word_1_192' title='bbox 3354 2146 3484 2215; x_wconf 80' lang='grc' dir='ltr'><strong>ἡμῖν</strong></span> <span class='ocrx_word' id='word_1_193' title='bbox 3509 2145 3667 2216; x_wconf 81' lang='grc' dir='ltr'><strong>ἀμεί-</strong></span> 
     </span>
    </p>
   </div>
   <div class='ocr_carea' id='block_1_21' title="bbox 413 2226 1986 2312">
    <p class='ocr_par' dir='ltr' id='par_1_21' title="bbox 413 2226 1979 2307">
     <span class='ocr_line' id='line_1_21' title="bbox 413 2226 1979 2307; baseline -0.002 -17"><span class='ocrx_word' id='word_1_194' title='bbox 413 2237 599 2291; x_wconf 81' lang='grc' dir='ltr'><strong>λικτον</strong></span> <span class='ocrx_word' id='word_1_195' title='bbox 627 2238 1049 2302; x_wconf 78' lang='grc' dir='ltr'><strong>ὲπαπὲστει).εν,</strong></span> <span class='ocrx_word' id='word_1_196' title='bbox 1094 2245 1287 2307; x_wconf 88' lang='lat' dir='ltr'><strong>quem</strong></span> <span class='ocrx_word' id='word_1_197' title='bbox 1329 2227 1788 2305; x_wconf 76' lang='lat' dir='ltr'><strong>Mesopotamia</strong></span> <span class='ocrx_word' id='word_1_198' title='bbox 1830 2226 1979 2289; x_wconf 89' lang='lat' dir='ltr'><strong>nobi</strong></span> 
     </span>
    </p>
   </div>
   <div class='ocr_carea' id='block_1_22' title="bbox 2094 2226 3667 2312">
    <p class='ocr_par' dir='ltr' id='par_1_22' title="bbox 2094 2228 3667 2312">
     <span class='ocr_line' id='line_1_22' title="bbox 2094 2228 3667 2312; baseline 0.006 -24"><span class='ocrx_word' id='word_1_199' title='bbox 2094 2244 2353 2307; x_wconf 89' lang='lat' dir='ltr'><strong>sperum</strong></span> <span class='ocrx_word' id='word_1_200' title='bbox 2388 2228 2625 2291; x_wconf 87' lang='lat' dir='ltr'><strong>emisit.</strong></span> <span class='ocrx_word' id='word_1_201' title='bbox 2667 2253 2696 2286; x_wconf 79' lang='lat'><strong><em>»</em></strong></span> <span class='ocrx_word' id='word_1_202' title='bbox 2728 2232 2917 2294; x_wconf 83' lang='lat' dir='ltr'><strong>Hunc</strong></span> <span class='ocrx_word' id='word_1_203' title='bbox 2955 2249 2989 2295; x_wconf 91' lang='lat' dir='ltr'><strong>e</strong></span> <span class='ocrx_word' id='word_1_204' title='bbox 3040 2235 3503 2312; x_wconf 86' lang='lat' dir='ltr'><strong>Mes0potamia</strong></span> <span class='ocrx_word' id='word_1_205' title='bbox 3528 2292 3531 2295; x_wconf 91' lang='lat'><strong>.</strong></span> <span class='ocrx_word' id='word_1_206' title='bbox 3559 2237 3667 2297; x_wconf 87' lang='lat' dir='ltr'><strong>ad-</strong></span> 
     </span>
    </p>
   </div>
   <div class='ocr_carea' id='block_1_23' title="bbox 415 2321 3663 2402">
    <p class='ocr_par' dir='ltr' id='par_1_23' title="bbox 415 2321 3663 2402">
     <span class='ocr_line' id='line_1_23' title="bbox 415 2321 3663 2402; baseline 0.001 -15"><span class='ocrx_word' id='word_1_207' title='bbox 415 2325 783 2387; x_wconf 84' lang='lat' dir='ltr'><strong>venientem</strong></span> <span class='ocrx_word' id='word_1_208' title='bbox 816 2331 1034 2387; x_wconf 88' lang='lat' dir='ltr'><strong>contra</strong></span> <span class='ocrx_word' id='word_1_209' title='bbox 1104 2324 1441 2402; x_wconf 81' lang='lat' dir='ltr'><strong>Bulgaros,</strong></span> <span class='ocrx_word' id='word_1_210' title='bbox 1480 2321 1669 2384; x_wconf 81' lang='lat' dir='ltr'><strong>facile</strong></span> <span class='ocrx_word' id='word_1_211' title='bbox 1728 2323 2179 2385; x_wconf 86' lang='lat' dir='ltr'><strong>Boemuudum</strong></span> <span class='ocrx_word' id='word_1_212' title='bbox 2237 2324 2700 2389; x_wconf 84' lang='lat' dir='ltr'><strong>intellexerim.</strong></span> <span class='ocrx_word' id='word_1_213' title='bbox 2762 2329 3127 2392; x_wconf 79' lang='lat' dir='ltr'><strong>Bernartius</strong></span> <span class='ocrx_word' id='word_1_214' title='bbox 3191 2330 3663 2393; x_wconf 88' lang='lat' dir='ltr'><strong>&#39;l‘hesaurarius</strong></span> 
     </span>
    </p>
   </div>
   <div class='ocr_carea' id='block_1_24' title="bbox 414 2418 3663 2502">
    <p class='ocr_par' dir='ltr' id='par_1_24' title="bbox 414 2418 3663 2502">
     <span class='ocr_line' id='line_1_24' title="bbox 414 2418 3663 2502; baseline 0.002 -20"><span class='ocrx_word' id='word_1_215' title='bbox 414 2419 558 2484; x_wconf 89' lang='lat' dir='ltr'><strong>loco</strong></span> <span class='ocrx_word' id='word_1_216' title='bbox 584 2421 800 2497; x_wconf 90' lang='lat' dir='ltr'><strong>citato,</strong></span> <span class='ocrx_word' id='word_1_217' title='bbox 824 2420 1028 2497; x_wconf 84' lang='lat' dir='ltr'><strong>capite</strong></span> <span class='ocrx_word' id='word_1_218' title='bbox 1062 2420 1202 2495; x_wconf 89' lang='grc'><strong>103,</strong></span> <span class='ocrx_word' id='word_1_219' title='bbox 1236 2419 1330 2481; x_wconf 91' lang='lat' dir='ltr'><strong>sic</strong></span> <span class='ocrx_word' id='word_1_220' title='bbox 1362 2420 1450 2480; x_wconf 86' lang='lat' dir='ltr'><strong>ait</strong></span> <span class='ocrx_word' id='word_1_221' title='bbox 1485 2440 1502 2480; x_wconf 89' lang='lat'><strong>:</strong></span> <span class='ocrx_word' id='word_1_222' title='bbox 1547 2442 1575 2477; x_wconf 78' lang='grc' dir='ltr'><strong><em>α</em></strong></span> <span class='ocrx_word' id='word_1_223' title='bbox 1609 2418 2049 2499; x_wconf 84' lang='lat' dir='ltr'><strong>Bojamundus</strong></span> <span class='ocrx_word' id='word_1_224' title='bbox 2085 2426 2227 2500; x_wconf 86' lang='lat' dir='ltr'><strong>post</strong></span> <span class='ocrx_word' id='word_1_225' title='bbox 2282 2419 2415 2483; x_wconf 77' lang='lat' dir='ltr'><strong>htec</strong></span> <span class='ocrx_word' id='word_1_226' title='bbox 2446 2422 2649 2502; x_wconf 89' lang='lat' dir='ltr'><strong>gratia</strong></span> <span class='ocrx_word' id='word_1_227' title='bbox 2681 2425 2795 2484; x_wconf 90' lang='lat' dir='ltr'><strong>Dei</strong></span> <span class='ocrx_word' id='word_1_228' title='bbox 2843 2440 2877 2486; x_wconf 91' lang='lat' dir='ltr'><strong>a</strong></span> <span class='ocrx_word' id='word_1_229' title='bbox 2917 2425 3286 2488; x_wconf 84' lang='lat' dir='ltr'><strong>carceribus</strong></span> <span class='ocrx_word' id='word_1_230' title='bbox 3352 2426 3663 2490; x_wconf 88' lang='lat' dir='ltr'><strong>liberatus</strong></span> 
     </span>
    </p>
   </div>
   <div class='ocr_carea' id='block_1_25' title="bbox 419 2516 3660 2599">
    <p class='ocr_par' dir='ltr' id='par_1_25' title="bbox 419 2516 3660 2599">
     <span class='ocr_line' id='line_1_25' title="bbox 419 2516 3660 2599; baseline 0.002 -19"><span class='ocrx_word' id='word_1_231' title='bbox 419 2516 542 2597; x_wconf 89' lang='lat' dir='ltr'><strong>(vel</strong></span> <span class='ocrx_word' id='word_1_232' title='bbox 592 2534 761 2580; x_wconf 88' lang='lat' dir='ltr'><strong>anno</strong></span> <span class='ocrx_word' id='word_1_233' title='bbox 801 2518 981 2591; x_wconf 78' lang='lat'><strong>1102,</strong></span> <span class='ocrx_word' id='word_1_234' title='bbox 1012 2516 1113 2580; x_wconf 90' lang='lat' dir='ltr'><strong>vel</strong></span> <span class='ocrx_word' id='word_1_235' title='bbox 1146 2516 1336 2579; x_wconf 90' lang='lat' dir='ltr'><strong>etiam</strong></span> <span class='ocrx_word' id='word_1_236' title='bbox 1370 2516 1546 2592; x_wconf 72' lang='grc' dir='ltr'>11οῖι,</span> <span class='ocrx_word' id='word_1_237' title='bbox 1575 2525 1642 2578; x_wconf 87' lang='lat' dir='ltr'><strong>ut</strong></span> <span class='ocrx_word' id='word_1_238' title='bbox 1665 2516 1811 2578; x_wconf 91' lang='lat' dir='ltr'><strong>aliis</strong></span> <span class='ocrx_word' id='word_1_239' title='bbox 1863 2516 2141 2595; x_wconf 88' lang='lat' dir='ltr'><strong>aliisque</strong></span> <span class='ocrx_word' id='word_1_240' title='bbox 2178 2518 2434 2599; x_wconf 86' lang='lat' dir='ltr'><strong>placet),</strong></span> <span class='ocrx_word' id='word_1_241' title='bbox 2465 2522 2824 2599; x_wconf 82' lang='lat' dir='ltr'><strong>gaudenter</strong></span> <span class='ocrx_word' id='word_1_242' title='bbox 2869 2522 2950 2584; x_wconf 81' lang='lat' dir='ltr'><strong>ab</strong></span> <span class='ocrx_word' id='word_1_243' title='bbox 2979 2522 3402 2586; x_wconf 85' lang='lat' dir='ltr'><strong>Antiochenis</strong></span> <span class='ocrx_word' id='word_1_244' title='bbox 3435 2542 3660 2587; x_wconf 90' lang='lat' dir='ltr'><strong>susce-</strong></span> 
     </span>
    </p>
   </div>
   <div class='ocr_carea' id='block_1_26' title="bbox 414 2612 3665 2696">
    <p class='ocr_par' dir='ltr' id='par_1_26' title="bbox 414 2612 3665 2696">
     <span class='ocr_line' id='line_1_26' title="bbox 414 2612 3665 2696; baseline 0.002 -21"><span class='ocrx_word' id='word_1_245' title='bbox 414 2624 565 2693; x_wconf 86' lang='lat' dir='ltr'><strong>ptus</strong></span> <span class='ocrx_word' id='word_1_246' title='bbox 597 2623 712 2678; x_wconf 92' lang='lat' dir='ltr'><strong>est.</strong></span> <span class='ocrx_word' id='word_1_247' title='bbox 747 2616 894 2694; x_wconf 83' lang='lat' dir='ltr'><strong>Ipse</strong></span> <span class='ocrx_word' id='word_1_248' title='bbox 919 2614 1190 2694; x_wconf 88' lang='lat' dir='ltr'><strong>aliique.</strong></span> <span class='ocrx_word' id='word_1_249' title='bbox 1225 2622 1613 2694; x_wconf 86' lang='lat' dir='ltr'><strong>congregato</strong></span> <span class='ocrx_word' id='word_1_250' title='bbox 1649 2612 1961 2690; x_wconf 89' lang='lat' dir='ltr'><strong>exercitu,</strong></span> <span class='ocrx_word' id='word_1_251' title='bbox 1994 2622 2402 2678; x_wconf 88' lang='lat' dir='ltr'><strong>transeuntes</strong></span> <span class='ocrx_word' id='word_1_252' title='bbox 2437 2617 2852 2696; x_wconf 88' lang='lat' dir='ltr'><strong>Euphratem,</strong></span> <span class='ocrx_word' id='word_1_253' title='bbox 2900 2619 2977 2682; x_wconf 89' lang='lat' dir='ltr'><strong>ad</strong></span> <span class='ocrx_word' id='word_1_254' title='bbox 3023 2618 3432 2683; x_wconf 85' lang='lat' dir='ltr'><strong>obsidionem</strong></span> <span class='ocrx_word' id='word_1_255' title='bbox 3463 2621 3665 2683; x_wconf 77' lang='lat' dir='ltr'><strong>Came</strong></span> 
     </span>
    </p>
   </div>
   <div class='ocr_carea' id='block_1_27' title="bbox 412 2710 3658 2794">
    <p class='ocr_par' dir='ltr' id='par_1_27' title="bbox 412 2710 3658 2794">
     <span class='ocr_line' id='line_1_27' title="bbox 412 2710 3658 2794; baseline 0.002 -21"><span class='ocrx_word' id='word_1_256' title='bbox 412 2711 598 2774; x_wconf 87' lang='lat' dir='ltr'><strong>urbis</strong></span> <span class='ocrx_word' id='word_1_257' title='bbox 632 2710 898 2791; x_wconf 86' lang='lat' dir='ltr'><strong>profecti</strong></span> <span class='ocrx_word' id='word_1_258' title='bbox 934 2720 1109 2775; x_wconf 91' lang='lat' dir='ltr'><strong>sunt.</strong></span> <span class='ocrx_word' id='word_1_259' title='bbox 1138 2713 1248 2773; x_wconf 84' lang='lat' dir='ltr'><strong>Est</strong></span> <span class='ocrx_word' id='word_1_260' title='bbox 1278 2720 1492 2772; x_wconf 91' lang='lat' dir='ltr'><strong>autem</strong></span> <span class='ocrx_word' id='word_1_261' title='bbox 1548 2712 1761 2786; x_wconf 89' lang='lat' dir='ltr'><strong>Carra,</strong></span> <span class='ocrx_word' id='word_1_262' title='bbox 1818 2713 1956 2775; x_wconf 90' lang='lat' dir='ltr'><strong>sive</strong></span> <span class='ocrx_word' id='word_1_263' title='bbox 2003 2715 2248 2787; x_wconf 85' lang='lat' dir='ltr'><strong>Carras,</strong></span> <span class='ocrx_word' id='word_1_264' title='bbox 2281 2713 2583 2777; x_wconf 88' lang='lat' dir='ltr'><strong>civitas...</strong></span> <span class='ocrx_word' id='word_1_265' title='bbox 2626 2715 2693 2777; x_wconf 91' lang='lat' dir='ltr'><strong>in</strong></span> <span class='ocrx_word' id='word_1_266' title='bbox 2727 2718 3270 2794; x_wconf 84' lang='lat' dir='ltr'><strong>Mesopotamia...</strong></span> <span class='ocrx_word' id='word_1_267' title='bbox 3312 2717 3658 2780; x_wconf 86' lang='lat' dir='ltr'><strong>Christiani</strong></span> 
     </span>
    </p>
   </div>
   <div class='ocr_carea' id='block_1_28' title="bbox 416 2806 3663 2893">
    <p class='ocr_par' dir='ltr' id='par_1_28' title="bbox 416 2806 3663 2893">
     <span class='ocr_line' id='line_1_28' title="bbox 416 2806 3663 2893; baseline 0.001 -23"><span class='ocrx_word' id='word_1_268' title='bbox 416 2806 797 2888; x_wconf 87' lang='lat' dir='ltr'><strong>fugerunt...</strong></span> <span class='ocrx_word' id='word_1_269' title='bbox 829 2806 1267 2889; x_wconf 86' lang='lat' dir='ltr'><strong>Bojamundus</strong></span> <span class='ocrx_word' id='word_1_270' title='bbox 1294 2808 1594 2887; x_wconf 85' lang='lat' dir='ltr'><strong>Apuliam</strong></span> <span class='ocrx_word' id='word_1_271' title='bbox 1633 2808 1888 2872; x_wconf 86' lang='lat' dir='ltr'><strong>venit...</strong></span> <span class='ocrx_word' id='word_1_272' title='bbox 1924 2812 2170 2873; x_wconf 89' lang='lat' dir='ltr'><strong>Interea</strong></span> <span class='ocrx_word' id='word_1_273' title='bbox 2196 2811 2635 2891; x_wconf 89' lang='lat' dir='ltr'><strong>Bojamundus</strong></span> <span class='ocrx_word' id='word_1_274' title='bbox 2661 2811 2856 2892; x_wconf 91' lang='lat' dir='ltr'><strong>(anno</strong></span> <span class='ocrx_word' id='word_1_275' title='bbox 2907 2814 3085 2893; x_wconf 83' lang='lat'><strong>1107)</strong></span> <span class='ocrx_word' id='word_1_276' title='bbox 3132 2820 3317 2877; x_wconf 88' lang='lat' dir='ltr'><strong>nacto</strong></span> <span class='ocrx_word' id='word_1_277' title='bbox 3348 2813 3471 2875; x_wconf 88' lang='lat' dir='ltr'><strong>sibi</strong></span> <span class='ocrx_word' id='word_1_278' title='bbox 3503 2826 3663 2875; x_wconf 82' lang='lat' dir='ltr'><strong>tem-</strong></span> 
     </span>
    </p>
   </div>
   <div class='ocr_carea' id='block_1_29' title="bbox 413 2903 3663 2990">
    <p class='ocr_par' dir='ltr' id='par_1_29' title="bbox 413 2903 3663 2990">
     <span class='ocr_line' id='line_1_29' title="bbox 413 2903 3663 2990; baseline 0.001 -22"><span class='ocrx_word' id='word_1_279' title='bbox 413 2922 598 2984; x_wconf 86' lang='lat' dir='ltr'><strong>pore.</strong></span> <span class='ocrx_word' id='word_1_280' title='bbox 629 2905 860 2969; x_wconf 86' lang='lat' dir='ltr'><strong>ulcisci</strong></span> <span class='ocrx_word' id='word_1_281' title='bbox 896 2903 1123 2967; x_wconf 90' lang='lat' dir='ltr'><strong>volens</strong></span> <span class='ocrx_word' id='word_1_282' title='bbox 1157 2906 1433 2984; x_wconf 85' lang='lat' dir='ltr'><strong>injurias</strong></span> <span class='ocrx_word' id='word_1_283' title='bbox 1462 2922 1623 2984; x_wconf 89' lang='lat' dir='ltr'><strong>quas</strong></span> <span class='ocrx_word' id='word_1_284' title='bbox 1656 2923 1770 2985; x_wconf 92' lang='lat' dir='ltr'><strong>per</strong></span> <span class='ocrx_word' id='word_1_285' title='bbox 1801 2906 2009 2969; x_wconf 84' lang='lat' dir='ltr'><strong>varias</strong></span> <span class='ocrx_word' id='word_1_286' title='bbox 2057 2907 2330 2971; x_wconf 89' lang='lat' dir='ltr'><strong>insidias</strong></span> <span class='ocrx_word' id='word_1_287' title='bbox 2367 2909 2507 2989; x_wconf 91' lang='lat' dir='ltr'><strong>ipse</strong></span> <span class='ocrx_word' id='word_1_288' title='bbox 2533 2925 2676 2973; x_wconf 90' lang='lat' dir='ltr'><strong>cum</strong></span> <span class='ocrx_word' id='word_1_289' title='bbox 2710 2909 2850 2971; x_wconf 90' lang='lat' dir='ltr'><strong>suis</strong></span> <span class='ocrx_word' id='word_1_290' title='bbox 2906 2909 3152 2990; x_wconf 88' lang='lat' dir='ltr'><strong>aliique</strong></span> <span class='ocrx_word' id='word_1_291' title='bbox 3190 2909 3537 2973; x_wconf 88' lang='lat' dir='ltr'><strong>Christiani</strong></span> <span class='ocrx_word' id='word_1_292' title='bbox 3585 2907 3663 2970; x_wconf 87' lang='lat' dir='ltr'><strong>ab</strong></span> 
     </span>
    </p>
   </div>
   <div class='ocr_carea' id='block_1_30' title="bbox 414 3002 3659 3085">
    <p class='ocr_par' dir='ltr' id='par_1_30' title="bbox 414 3002 3659 3085">
     <span class='ocr_line' id='line_1_30' title="bbox 414 3002 3659 3085; baseline 0.001 -20"><span class='ocrx_word' id='word_1_293' title='bbox 414 3002 650 3065; x_wconf 88' lang='lat' dir='ltr'><strong>Alexio</strong></span> <span class='ocrx_word' id='word_1_294' title='bbox 721 3002 1132 3079; x_wconf 88' lang='lat' dir='ltr'><strong>imperatore,</strong></span> <span class='ocrx_word' id='word_1_295' title='bbox 1194 3003 1403 3082; x_wconf 88' lang='lat' dir='ltr'><strong>primo</strong></span> <span class='ocrx_word' id='word_1_296' title='bbox 1470 3002 2007 3082; x_wconf 84' lang='lat' dir='ltr'><strong>peregrinationis</strong></span> <span class='ocrx_word' id='word_1_297' title='bbox 2061 3007 2420 3085; x_wconf 88' lang='lat' dir='ltr'><strong>procinctu,</strong></span> <span class='ocrx_word' id='word_1_298' title='bbox 2485 3006 2777 3085; x_wconf 90' lang='lat' dir='ltr'><strong>perpessi</strong></span> <span class='ocrx_word' id='word_1_299' title='bbox 2835 3003 3117 3075; x_wconf 83' lang='lat' dir='ltr'><strong>fuerant.</strong></span> <span class='ocrx_word' id='word_1_300' title='bbox 3154 3024 3300 3070; x_wconf 86' lang='lat' dir='ltr'><strong>cum</strong></span> <span class='ocrx_word' id='word_1_301' title='bbox 3339 3005 3659 3068; x_wconf 88' lang='lat' dir='ltr'><strong>militibus</strong></span> 
     </span>
    </p>
   </div>
   <div class='ocr_carea' id='block_1_31' title="bbox 417 3098 3666 3182">
    <p class='ocr_par' dir='ltr' id='par_1_31' title="bbox 417 3098 3666 3182">
     <span class='ocr_line' id='line_1_31' title="bbox 417 3098 3666 3182; baseline 0.002 -22"><span class='ocrx_word' id='word_1_302' title='bbox 417 3115 585 3178; x_wconf 91' lang='lat' dir='ltr'><strong>quos</strong></span> <span class='ocrx_word' id='word_1_303' title='bbox 617 3099 695 3161; x_wconf 90' lang='lat' dir='ltr'><strong>de</strong></span> <span class='ocrx_word' id='word_1_304' title='bbox 724 3098 924 3161; x_wconf 88' lang='lat' dir='ltr'><strong>Gallis</strong></span> <span class='ocrx_word' id='word_1_305' title='bbox 949 3099 1367 3171; x_wconf 86' lang='lat' dir='ltr'><strong>conduxerat,</strong></span> <span class='ocrx_word' id='word_1_306' title='bbox 1403 3106 1466 3161; x_wconf 91' lang='lat' dir='ltr'><strong>et</strong></span> <span class='ocrx_word' id='word_1_307' title='bbox 1497 3102 1671 3161; x_wconf 84' lang='lat' dir='ltr'><strong>omni</strong></span> <span class='ocrx_word' id='word_1_308' title='bbox 1701 3098 2064 3178; x_wconf 83' lang='lat' dir='ltr'><strong>Apulorum</strong></span> <span class='ocrx_word' id='word_1_309' title='bbox 2096 3102 2410 3174; x_wconf 85' lang='lat' dir='ltr'><strong>exercitu,</strong></span> <span class='ocrx_word' id='word_1_310' title='bbox 2456 3109 2669 3182; x_wconf 88' lang='lat' dir='ltr'><strong>parata</strong></span> <span class='ocrx_word' id='word_1_311' title='bbox 2729 3103 2926 3166; x_wconf 79' lang='lat' dir='ltr'><strong>classe</strong></span> <span class='ocrx_word' id='word_1_312' title='bbox 2954 3105 3292 3175; x_wconf 89' lang='lat' dir='ltr'><strong>maritima,</strong></span> <span class='ocrx_word' id='word_1_313' title='bbox 3354 3103 3666 3165; x_wconf 90' lang='lat' dir='ltr'><strong>Constan-</strong></span> 
     </span>
    </p>
   </div>
   <div class='ocr_carea' id='block_1_32' title="bbox 418 3195 3665 3278">
    <p class='ocr_par' dir='ltr' id='par_1_32' title="bbox 418 3195 3665 3278">
     <span class='ocr_line' id='line_1_32' title="bbox 418 3195 3665 3278; baseline 0.001 -23"><span class='ocrx_word' id='word_1_314' title='bbox 418 3195 765 3275; x_wconf 88' lang='lat' dir='ltr'><strong>tinopolim</strong></span> <span class='ocrx_word' id='word_1_315' title='bbox 794 3196 1046 3258; x_wconf 89' lang='lat' dir='ltr'><strong>tendit:</strong></span> <span class='ocrx_word' id='word_1_316' title='bbox 1081 3202 1145 3260; x_wconf 83' lang='lat' dir='ltr'><strong>et</strong></span> <span class='ocrx_word' id='word_1_317' title='bbox 1169 3215 1285 3277; x_wconf 86' lang='lat' dir='ltr'><strong>per</strong></span> <span class='ocrx_word' id='word_1_318' title='bbox 1315 3196 1508 3263; x_wconf 87' lang='lat' dir='ltr'><strong>urbes</strong></span> <span class='ocrx_word' id='word_1_319' title='bbox 1545 3196 1806 3275; x_wconf 88' lang='lat' dir='ltr'><strong>imperii</strong></span> <span class='ocrx_word' id='word_1_320' title='bbox 1855 3197 2207 3261; x_wconf 88' lang='lat' dir='ltr'><strong>maritimas</strong></span> <span class='ocrx_word' id='word_1_321' title='bbox 2259 3200 2609 3274; x_wconf 89' lang='lat' dir='ltr'><strong>transiens,</strong></span> <span class='ocrx_word' id='word_1_322' title='bbox 2671 3208 2932 3263; x_wconf 92' lang='lat' dir='ltr'><strong>cunctas</strong></span> <span class='ocrx_word' id='word_1_323' title='bbox 2983 3199 3157 3263; x_wconf 88' lang='lat' dir='ltr'><strong>ferro</strong></span> <span class='ocrx_word' id='word_1_324' title='bbox 3220 3198 3569 3278; x_wconf 84' lang='lat' dir='ltr'><strong>pepulatus</strong></span> <span class='ocrx_word' id='word_1_325' title='bbox 3601 3205 3665 3260; x_wconf 89' lang='lat' dir='ltr'><strong>et</strong></span> 
     </span>
    </p>
   </div>
   <div class='ocr_carea' id='block_1_33' title="bbox 411 3292 3659 3381">
    <p class='ocr_par' dir='ltr' id='par_1_33' title="bbox 411 3292 3659 3381">
     <span class='ocr_line' id='line_1_33' title="bbox 411 3292 3659 3381; baseline 0 -28"><span class='ocrx_word' id='word_1_326' title='bbox 411 3292 591 3373; x_wconf 87' lang='lat' dir='ltr'><strong>igne,</strong></span> <span class='ocrx_word' id='word_1_327' title='bbox 624 3292 872 3372; x_wconf 85' lang='lat' dir='ltr'><strong>ingenti</strong></span> <span class='ocrx_word' id='word_1_328' title='bbox 910 3294 1119 3372; x_wconf 61' lang='lat' dir='ltr'><strong>praeda</strong></span> <span class='ocrx_word' id='word_1_329' title='bbox 1176 3293 1417 3357; x_wconf 86' lang='lat' dir='ltr'><strong>ditatus</strong></span> <span class='ocrx_word' id='word_1_330' title='bbox 1470 3302 1642 3358; x_wconf 91' lang='lat' dir='ltr'><strong>est...</strong></span> <span class='ocrx_word' id='word_1_331' title='bbox 1705 3296 1997 3375; x_wconf 88' lang='lat' dir='ltr'><strong>Cumque</strong></span> <span class='ocrx_word' id='word_1_332' title='bbox 2053 3297 2403 3359; x_wconf 89' lang='lat' dir='ltr'><strong>Duracium</strong></span> <span class='ocrx_word' id='word_1_333' title='bbox 2435 3297 2858 3381; x_wconf 78' lang='lat' dir='ltr'><strong>pervenisset,</strong></span> <span class='ocrx_word' id='word_1_334' title='bbox 2893 3298 3239 3375; x_wconf 84' lang='lat' dir='ltr'><strong>imperator</strong></span> <span class='ocrx_word' id='word_1_335' title='bbox 3278 3295 3659 3373; x_wconf 80' lang='lat' dir='ltr'><strong>Bojamundi</strong></span> 
     </span>
    </p>
   </div>
   <div class='ocr_carea' id='block_1_34' title="bbox 414 3389 3664 3474">
    <p class='ocr_par' dir='ltr' id='par_1_34' title="bbox 414 3389 3664 3474">
     <span class='ocr_line' id='line_1_34' title="bbox 414 3389 3664 3474; baseline 0.001 -24"><span class='ocrx_word' id='word_1_336' title='bbox 414 3389 669 3453; x_wconf 76' lang='lat' dir='ltr'><strong>viribus</strong></span> <span class='ocrx_word' id='word_1_337' title='bbox 701 3391 991 3466; x_wconf 88' lang='lat' dir='ltr'><strong>territus,</strong></span> <span class='ocrx_word' id='word_1_338' title='bbox 1030 3409 1249 3471; x_wconf 90' lang='lat' dir='ltr'><strong>pacem</strong></span> <span class='ocrx_word' id='word_1_339' title='bbox 1286 3410 1432 3456; x_wconf 89' lang='lat' dir='ltr'><strong>cum</strong></span> <span class='ocrx_word' id='word_1_340' title='bbox 1467 3408 1546 3456; x_wconf 92' lang='lat' dir='ltr'><strong>eo</strong></span> <span class='ocrx_word' id='word_1_341' title='bbox 1579 3411 1689 3474; x_wconf 88' lang='lat' dir='ltr'><strong>per</strong></span> <span class='ocrx_word' id='word_1_342' title='bbox 1720 3392 1963 3473; x_wconf 86' lang='lat' dir='ltr'><strong>legatos</strong></span> <span class='ocrx_word' id='word_1_343' title='bbox 2023 3395 2411 3473; x_wconf 87' lang='lat' dir='ltr'><strong>composuit.</strong></span> <span class='ocrx_word' id='word_1_344' title='bbox 2468 3416 2501 3453; x_wconf 71' lang='lat' dir='ltr'><strong>in</strong></span> <span class='ocrx_word' id='word_1_345' title='bbox 2551 3396 2684 3457; x_wconf 83' lang='lat' dir='ltr'><strong>Hac</strong></span> <span class='ocrx_word' id='word_1_346' title='bbox 2743 3393 2823 3456; x_wconf 92' lang='lat' dir='ltr'><strong>de</strong></span> <span class='ocrx_word' id='word_1_347' title='bbox 2875 3412 2941 3455; x_wconf 86' lang='lat' dir='ltr'><strong>re</strong></span> <span class='ocrx_word' id='word_1_348' title='bbox 2979 3393 3286 3456; x_wconf 90' lang='lat' dir='ltr'><strong>latissime</strong></span> <span class='ocrx_word' id='word_1_349' title='bbox 3319 3394 3451 3470; x_wconf 87' lang='lat' dir='ltr'><strong>agit</strong></span> <span class='ocrx_word' id='word_1_350' title='bbox 3478 3395 3664 3452; x_wconf 88' lang='lat' dir='ltr'><strong>Anna</strong></span> 
     </span>
    </p>
   </div>
   <div class='ocr_carea' id='block_1_35' title="bbox 417 3486 3667 3567">
    <p class='ocr_par' dir='ltr' id='par_1_35' title="bbox 417 3486 3667 3567">
     <span class='ocr_line' id='line_1_35' title="bbox 417 3486 3667 3567; baseline -0.001 -18"><span class='ocrx_word' id='word_1_351' title='bbox 417 3487 745 3551; x_wconf 86' lang='lat' dir='ltr'><strong>Comnena</strong></span> <span class='ocrx_word' id='word_1_352' title='bbox 773 3487 844 3550; x_wconf 91' lang='lat' dir='ltr'><strong>in</strong></span> <span class='ocrx_word' id='word_1_353' title='bbox 873 3487 1222 3551; x_wconf 74' lang='lat' dir='ltr'><strong>Aleziados</strong></span> <span class='ocrx_word' id='word_1_354' title='bbox 1259 3489 1444 3551; x_wconf 88' lang='lat' dir='ltr'><strong>libris</strong></span> <span class='ocrx_word' id='word_1_355' title='bbox 1479 3508 1576 3552; x_wconf 77' lang='lat' dir='ltr'><strong>xu</strong></span> <span class='ocrx_word' id='word_1_356' title='bbox 1607 3496 1670 3553; x_wconf 89' lang='lat' dir='ltr'><strong>et</strong></span> <span class='ocrx_word' id='word_1_357' title='bbox 1701 3508 1847 3552; x_wconf 79' lang='lat' dir='ltr'><strong>xui.</strong></span> <span class='ocrx_word' id='word_1_358' title='bbox 1885 3490 2001 3552; x_wconf 87' lang='lat' dir='ltr'><strong>His</strong></span> <span class='ocrx_word' id='word_1_359' title='bbox 2030 3489 2188 3552; x_wconf 90' lang='lat' dir='ltr'><strong>belli</strong></span> <span class='ocrx_word' id='word_1_360' title='bbox 2237 3490 2519 3553; x_wconf 79' lang='lat' dir='ltr'><strong>matibus</strong></span> <span class='ocrx_word' id='word_1_361' title='bbox 2568 3490 2807 3554; x_wconf 91' lang='lat' dir='ltr'><strong>elisum</strong></span> <span class='ocrx_word' id='word_1_362' title='bbox 2864 3509 2932 3553; x_wconf 87' lang='lat' dir='ltr'><strong>se</strong></span> <span class='ocrx_word' id='word_1_363' title='bbox 2966 3489 3296 3567; x_wconf 90' lang='lat' dir='ltr'><strong>elisosque</strong></span> <span class='ocrx_word' id='word_1_364' title='bbox 3330 3505 3486 3550; x_wconf 86' lang='lat' dir='ltr'><strong>suos</strong></span> <span class='ocrx_word' id='word_1_365' title='bbox 3516 3486 3667 3549; x_wconf 89' lang='lat' dir='ltr'><strong>Bul-</strong></span> 
     </span>
    </p>
   </div>
   <div class='ocr_carea' id='block_1_36' title="bbox 416 3582 3663 3667">
    <p class='ocr_par' dir='ltr' id='par_1_36' title="bbox 416 3582 3663 3667">
     <span class='ocr_line' id='line_1_36' title="bbox 416 3582 3663 3667; baseline -0 -23"><span class='ocrx_word' id='word_1_366' title='bbox 416 3601 602 3659; x_wconf 76' lang='lat' dir='ltr'><strong>garos</strong></span> <span class='ocrx_word' id='word_1_367' title='bbox 629 3586 717 3647; x_wconf 86' lang='lat' dir='ltr'><strong>ait</strong></span> <span class='ocrx_word' id='word_1_368' title='bbox 742 3585 1264 3666; x_wconf 85' lang='lat' dir='ltr'><strong>TheOphylactus</strong></span> <span class='ocrx_word' id='word_1_369' title='bbox 1284 3587 1363 3649; x_wconf 88' lang='lat' dir='ltr'><strong>ab</strong></span> <span class='ocrx_word' id='word_1_370' title='bbox 1395 3610 1424 3644; x_wconf 74' lang='grc' dir='ltr'>α</span> <span class='ocrx_word' id='word_1_371' title='bbox 1456 3587 1723 3667; x_wconf 75' lang='lat' dir='ltr'><strong>Assyrio</strong></span> <span class='ocrx_word' id='word_1_372' title='bbox 1747 3586 2246 3662; x_wconf 88' lang='lat' dir='ltr'><strong>Sennacheribo,</strong></span> <span class='ocrx_word' id='word_1_373' title='bbox 2274 3609 2304 3645; x_wconf 83' lang='lat'><strong>))</strong></span> <span class='ocrx_word' id='word_1_374' title='bbox 2325 3586 2568 3650; x_wconf 88' lang='lat' dir='ltr'><strong>scilicet</strong></span> <span class='ocrx_word' id='word_1_375' title='bbox 2592 3587 2994 3658; x_wconf 92' lang='lat' dir='ltr'><strong>Boemundo,</strong></span> <span class='ocrx_word' id='word_1_376' title='bbox 3031 3608 3059 3640; x_wconf 78' lang='grc' dir='ltr'>ιι</span> <span class='ocrx_word' id='word_1_377' title='bbox 3095 3602 3173 3646; x_wconf 91' lang='lat' dir='ltr'><strong>ex</strong></span> <span class='ocrx_word' id='word_1_378' title='bbox 3204 3582 3663 3661; x_wconf 83' lang='lat' dir='ltr'><strong>Mesopotamia</strong></span> 
     </span>
    </p>
   </div>
   <div class='ocr_carea' id='block_1_37' title="bbox 417 3669 3668 3769">
    <p class='ocr_par' dir='ltr' id='par_1_37' title="bbox 417 3669 3668 3769">
     <span class='ocr_line' id='line_1_37' title="bbox 417 3669 3668 3769; baseline -0.002 -25"><span class='ocrx_word' id='word_1_379' title='bbox 417 3683 700 3756; x_wconf 86' lang='lat' dir='ltr'><strong>emisso;</strong></span> <span class='ocrx_word' id='word_1_380' title='bbox 737 3705 767 3741; x_wconf 78' lang='grc' dir='ltr'><strong>ιι</strong></span> <span class='ocrx_word' id='word_1_381' title='bbox 804 3691 1145 3761; x_wconf 82' lang='lat' dir='ltr'><strong>prapterea</strong></span> <span class='ocrx_word' id='word_1_382' title='bbox 1170 3686 1344 3764; x_wconf 87' lang='lat' dir='ltr'><strong>quod</strong></span> <span class='ocrx_word' id='word_1_383' title='bbox 1381 3684 1447 3745; x_wconf 91' lang='lat' dir='ltr'><strong>in</strong></span> <span class='ocrx_word' id='word_1_384' title='bbox 1472 3686 1938 3769; x_wconf 86' lang='lat' dir='ltr'><strong>Mesopotamia</strong></span> <span class='ocrx_word' id='word_1_385' title='bbox 1968 3701 2003 3747; x_wconf 90' lang='lat' dir='ltr'><strong>a</strong></span> <span class='ocrx_word' id='word_1_386' title='bbox 2031 3669 2261 3746; x_wconf 82' lang='lat' dir='ltr'><strong>Turcis</strong></span> <span class='ocrx_word' id='word_1_387' title='bbox 2290 3692 2534 3763; x_wconf 89' lang='lat' dir='ltr'><strong>captus,</strong></span> <span class='ocrx_word' id='word_1_388' title='bbox 2594 3684 2803 3746; x_wconf 85' lang='lat' dir='ltr'><strong>victus</strong></span> <span class='ocrx_word' id='word_1_389' title='bbox 2836 3683 3027 3744; x_wconf 89' lang='lat' dir='ltr'><strong>etiam</strong></span> <span class='ocrx_word' id='word_1_390' title='bbox 3088 3681 3167 3743; x_wconf 81' lang='lat' dir='ltr'><strong>ab</strong></span> <span class='ocrx_word' id='word_1_391' title='bbox 3189 3681 3459 3752; x_wconf 88' lang='lat' dir='ltr'><strong>eisdem,</strong></span> <span class='ocrx_word' id='word_1_392' title='bbox 3523 3684 3668 3757; x_wconf 90' lang='lat' dir='ltr'><strong>post</strong></span> 
     </span>
    </p>
   </div>
   <div class='ocr_carea' id='block_1_38' title="bbox 417 3772 3666 3861">
    <p class='ocr_par' dir='ltr' id='par_1_38' title="bbox 417 3772 3666 3861">
     <span class='ocr_line' id='line_1_38' title="bbox 417 3772 3666 3861; baseline -0.002 -20"><span class='ocrx_word' id='word_1_393' title='bbox 417 3778 775 3844; x_wconf 83' lang='lat' dir='ltr'><strong>libertatem</strong></span> <span class='ocrx_word' id='word_1_394' title='bbox 810 3781 880 3843; x_wconf 89' lang='lat' dir='ltr'><strong>in</strong></span> <span class='ocrx_word' id='word_1_395' title='bbox 916 3781 1404 3861; x_wconf 84' lang='lat' dir='ltr'><strong>Mesopotamia,</strong></span> <span class='ocrx_word' id='word_1_396' title='bbox 1439 3781 1591 3843; x_wconf 90' lang='lat' dir='ltr'><strong>inde</strong></span> <span class='ocrx_word' id='word_1_397' title='bbox 1626 3781 1695 3842; x_wconf 89' lang='lat' dir='ltr'><strong>in</strong></span> <span class='ocrx_word' id='word_1_398' title='bbox 1726 3780 2024 3860; x_wconf 89' lang='lat' dir='ltr'><strong>Apuliam</strong></span> <span class='ocrx_word' id='word_1_399' title='bbox 2056 3796 2360 3842; x_wconf 84' lang='lat' dir='ltr'><strong>reversus</strong></span> <span class='ocrx_word' id='word_1_400' title='bbox 2394 3785 2516 3853; x_wconf 86' lang='lat' dir='ltr'><strong>est,</strong></span> <span class='ocrx_word' id='word_1_401' title='bbox 2565 3776 2968 3858; x_wconf 87' lang='lat' dir='ltr'><strong>collectoque</strong></span> <span class='ocrx_word' id='word_1_402' title='bbox 3025 3776 3314 3839; x_wconf 90' lang='lat' dir='ltr'><strong>exercitu</strong></span> <span class='ocrx_word' id='word_1_403' title='bbox 3348 3774 3412 3836; x_wconf 91' lang='lat' dir='ltr'><strong>in</strong></span> <span class='ocrx_word' id='word_1_404' title='bbox 3444 3772 3666 3852; x_wconf 82' lang='lat' dir='ltr'><strong>Illyri-</strong></span> 
     </span>
    </p>
   </div>
   <div class='ocr_carea' id='block_1_39' title="bbox 417 3875 2596 3958">
    <p class='ocr_par' dir='ltr' id='par_1_39' title="bbox 417 3875 2596 3958">
     <span class='ocr_line' id='line_1_39' title="bbox 417 3875 2596 3958; baseline -0.001 -20"><span class='ocrx_word' id='word_1_405' title='bbox 417 3893 564 3939; x_wconf 89' lang='lat' dir='ltr'><strong>cum</strong></span> <span class='ocrx_word' id='word_1_406' title='bbox 600 3877 816 3949; x_wconf 90' lang='lat' dir='ltr'><strong>rediit,</strong></span> <span class='ocrx_word' id='word_1_407' title='bbox 846 3884 908 3940; x_wconf 91' lang='lat' dir='ltr'><strong>et</strong></span> <span class='ocrx_word' id='word_1_408' title='bbox 938 3878 1005 3940; x_wconf 92' lang='lat' dir='ltr'><strong>in</strong></span> <span class='ocrx_word' id='word_1_409' title='bbox 1039 3878 1430 3957; x_wconf 86' lang='lat' dir='ltr'><strong>Bulgariam,</strong></span> <span class='ocrx_word' id='word_1_410' title='bbox 1462 3878 1611 3958; x_wconf 87' lang='lat' dir='ltr'><strong>igne</strong></span> <span class='ocrx_word' id='word_1_411' title='bbox 1641 3877 1944 3956; x_wconf 87' lang='lat' dir='ltr'><strong>ferroque</strong></span> <span class='ocrx_word' id='word_1_412' title='bbox 1974 3876 2192 3941; x_wconf 88' lang='lat' dir='ltr'><strong>omnia</strong></span> <span class='ocrx_word' id='word_1_413' title='bbox 2227 3875 2596 3954; x_wconf 88' lang='lat' dir='ltr'><strong>populatus.</strong></span> 
     </span>
    </p>
   </div>
   <div class='ocr_carea' id='block_1_40' title="bbox 498 3962 3672 4056">
    <p class='ocr_par' dir='ltr' id='par_1_40' title="bbox 498 3962 3672 4056">
     <span class='ocr_line' id='line_1_40' title="bbox 498 3962 3672 4056; baseline -0.005 -19"><span class='ocrx_word' id='word_1_414' title='bbox 498 3974 593 4037; x_wconf 86' lang='lat' dir='ltr'><strong>Ad</strong></span> <span class='ocrx_word' id='word_1_415' title='bbox 629 3974 759 4039; x_wconf 57' lang='lat' dir='ltr'><strong>haec</strong></span> <span class='ocrx_word' id='word_1_416' title='bbox 796 3983 1085 4056; x_wconf 88' lang='lat' dir='ltr'><strong>tempora</strong></span> <span class='ocrx_word' id='word_1_417' title='bbox 1117 3983 1362 4056; x_wconf 90' lang='lat' dir='ltr'><strong>spectat</strong></span> <span class='ocrx_word' id='word_1_418' title='bbox 1394 3975 1665 4056; x_wconf 87' lang='lat' dir='ltr'><strong>epistola</strong></span> <span class='ocrx_word' id='word_1_419' title='bbox 1709 3978 1798 4047; x_wconf 90' lang='grc'><strong>11,</strong></span> <span class='ocrx_word' id='word_1_420' title='bbox 1830 3973 1914 4036; x_wconf 84' lang='lat' dir='ltr'><strong>ad</strong></span> <span class='ocrx_word' id='word_1_421' title='bbox 1948 3974 2271 4036; x_wconf 83' lang='lat' dir='ltr'><strong>dominum</strong></span> <span class='ocrx_word' id='word_1_422' title='bbox 2330 3970 2715 4035; x_wconf 80' lang='lat' dir='ltr'><strong>Theodulum</strong></span> <span class='ocrx_word' id='word_1_423' title='bbox 2741 3968 3302 4050; x_wconf 78' lang='lat' dir='ltr'><strong>metropolitanum</strong></span> <span class='ocrx_word' id='word_1_424' title='bbox 3341 3962 3672 4028; x_wconf 79' lang='lat' dir='ltr'><strong>Thessalo-</strong></span> 
     </span>
    </p>
   </div>
   <div class='ocr_carea' id='block_1_41' title="bbox 414 4060 1987 4152">
    <p class='ocr_par' dir='ltr' id='par_1_41' title="bbox 414 4070 1987 4152">
     <span class='ocr_line' id='line_1_41' title="bbox 414 4070 1987 4152; baseline 0.001 -21"><span class='ocrx_word' id='word_1_425' title='bbox 414 4070 750 4134; x_wconf 67' lang='grc' dir='ltr'><strong>πει-σηπίη.</strong></span> <span class='ocrx_word' id='word_1_426' title='bbox 805 4070 909 4135; x_wconf 88' lang='lat' dir='ltr'><strong>Sic</strong></span> <span class='ocrx_word' id='word_1_427' title='bbox 965 4072 1054 4135; x_wconf 89' lang='lat' dir='ltr'><strong>ait</strong></span> <span class='ocrx_word' id='word_1_428' title='bbox 1110 4090 1265 4137; x_wconf 89' lang='lat' dir='ltr'><strong>vero</strong></span> <span class='ocrx_word' id='word_1_429' title='bbox 1318 4072 1899 4152; x_wconf 82' lang='lat' dir='ltr'><strong>TheOphylactus:</strong></span> <span class='ocrx_word' id='word_1_430' title='bbox 1969 4095 1987 4126; x_wconf 79' lang='grc' dir='ltr'>ο</span> 
     </span>
    </p>
   </div>
   <div class='ocr_carea' id='block_1_42' title="bbox 2096 4060 3669 4152">
    <p class='ocr_par' dir='ltr' id='par_1_42' title="bbox 2096 4060 3669 4150">
     <span class='ocr_line' id='line_1_42' title="bbox 2096 4060 3669 4150; baseline -0.008 -17"><span class='ocrx_word' id='word_1_431' title='bbox 2096 4086 2170 4133; x_wconf 82' lang='grc' dir='ltr'><strong><em>οη</em></strong></span> <span class='ocrx_word' id='word_1_432' title='bbox 2198 4069 2460 4150; x_wconf 81' lang='lat' dir='ltr'><strong>quidem</strong></span> <span class='ocrx_word' id='word_1_433' title='bbox 2491 4060 2771 4148; x_wconf 61' lang='lat' dir='ltr'><strong>ignoras,</strong></span> <span class='ocrx_word' id='word_1_434' title='bbox 2817 4075 2901 4139; x_wconf 76' lang='grc' dir='ltr'><strong>τίς</strong></span> <span class='ocrx_word' id='word_1_435' title='bbox 2940 4077 3089 4129; x_wconf 69' lang='grc' dir='ltr'><strong>ἐστιν</strong></span> <span class='ocrx_word' id='word_1_436' title='bbox 3118 4067 3275 4135; x_wconf 75' lang='grc' dir='ltr'>οὗτος</span> <span class='ocrx_word' id='word_1_437' title='bbox 3301 4074 3330 4126; x_wconf 82' lang='grc' dir='ltr'><strong>ὁ</strong></span> <span class='ocrx_word' id='word_1_438' title='bbox 3359 4070 3455 4124; x_wconf 79' lang='grc' dir='ltr'><strong>ἀπ’</strong></span> <span class='ocrx_word' id='word_1_439' title='bbox 3490 4069 3669 4139; x_wconf 79' lang='grc' dir='ltr'>ἀρχῆς</span> 
     </span>
    </p>
   </div>
   <div class='ocr_carea' id='block_1_43' title="bbox 416 4161 1989 4251">
    <p class='ocr_par' dir='ltr' id='par_1_43' title="bbox 416 4176 1989 4251">
     <span class='ocr_line' id='line_1_43' title="bbox 416 4176 1989 4251; baseline 0.001 -20"><span class='ocrx_word' id='word_1_440' title='bbox 416 4176 755 4248; x_wconf 77' lang='grc' dir='ltr'><strong>ἀποστάτης,</strong></span> <span class='ocrx_word' id='word_1_441' title='bbox 786 4180 884 4233; x_wconf 74' lang='grc' dir='ltr'><strong>καὶ</strong></span> <span class='ocrx_word' id='word_1_442' title='bbox 919 4178 1326 4251; x_wconf 76' lang='grc' dir='ltr'><strong>τραχηλαστὴς,</strong></span> <span class='ocrx_word' id='word_1_443' title='bbox 1355 4181 1384 4233; x_wconf 82' lang='grc' dir='ltr'>ὁ</span> <span class='ocrx_word' id='word_1_444' title='bbox 1420 4179 1517 4235; x_wconf 77' lang='grc' dir='ltr'><strong>τοῦ</strong></span> <span class='ocrx_word' id='word_1_445' title='bbox 1543 4181 1750 4251; x_wconf 79' lang='grc' dir='ltr'><strong>κόσμου</strong></span> <span class='ocrx_word' id='word_1_446' title='bbox 1786 4179 1989 4250; x_wconf 82' lang='grc' dir='ltr'><strong>τύρανν</strong></span> 
     </span>
    </p>
   </div>
   <div class='ocr_carea' id='block_1_44' title="bbox 2094 4161 3667 4251">
    <p class='ocr_par' dir='ltr' id='par_1_44' title="bbox 2122 4161 3667 4248">
     <span class='ocr_line' id='line_1_44' title="bbox 2122 4161 3667 4248; baseline -0.01 -15"><span class='ocrx_word' id='word_1_447' title='bbox 2122 4168 2271 4248; x_wconf 86' lang='lat' dir='ltr'><strong>quis</strong></span> <span class='ocrx_word' id='word_1_448' title='bbox 2306 4169 2426 4230; x_wconf 91' lang='lat' dir='ltr'><strong>iste</strong></span> <span class='ocrx_word' id='word_1_449' title='bbox 2462 4166 2570 4237; x_wconf 90' lang='lat' dir='ltr'><strong>sit,</strong></span> <span class='ocrx_word' id='word_1_450' title='bbox 2634 4166 2747 4247; x_wconf 90' lang='lat' dir='ltr'><strong>qui</strong></span> <span class='ocrx_word' id='word_1_451' title='bbox 2779 4182 2813 4227; x_wconf 90' lang='lat' dir='ltr'><strong>a</strong></span> <span class='ocrx_word' id='word_1_452' title='bbox 2848 4164 3170 4244; x_wconf 87' lang='lat' dir='ltr'><strong>principio</strong></span> <span class='ocrx_word' id='word_1_453' title='bbox 3202 4161 3325 4224; x_wconf 82' lang='lat' dir='ltr'><strong>fuit</strong></span> <span class='ocrx_word' id='word_1_454' title='bbox 3351 4168 3667 4237; x_wconf 87' lang='lat' dir='ltr'><strong>apostata,</strong></span> 
     </span>
    </p>
   </div>
   <div class='ocr_carea' id='block_1_45' title="bbox 416 4254 3665 4350">
    <p class='ocr_par' dir='ltr' id='par_1_45' title="bbox 416 4254 3665 4350">
     <span class='ocr_line' id='line_1_45' title="bbox 416 4254 3665 4350; baseline -0.004 -22"><span class='ocrx_word' id='word_1_455' title='bbox 416 4267 805 4344; x_wconf 88' lang='lat' dir='ltr'><strong>superbiens</strong></span> <span class='ocrx_word' id='word_1_456' title='bbox 836 4275 899 4330; x_wconf 93' lang='lat' dir='ltr'><strong>et</strong></span> <span class='ocrx_word' id='word_1_457' title='bbox 919 4267 1126 4342; x_wconf 86' lang='lat' dir='ltr'><strong>ferox,</strong></span> <span class='ocrx_word' id='word_1_458' title='bbox 1161 4269 1361 4331; x_wconf 91' lang='lat' dir='ltr'><strong>totius</strong></span> <span class='ocrx_word' id='word_1_459' title='bbox 1393 4270 1619 4333; x_wconf 89' lang='lat' dir='ltr'><strong>mundi</strong></span> <span class='ocrx_word' id='word_1_460' title='bbox 1656 4279 1995 4350; x_wconf 83' lang='lat' dir='ltr'><strong>tyrannus.</strong></span> <span class='ocrx_word' id='word_1_461' title='bbox 2021 4269 2251 4330; x_wconf 89' lang='lat' dir='ltr'><strong>Contra</strong></span> <span class='ocrx_word' id='word_1_462' title='bbox 2271 4265 2442 4327; x_wconf 91' lang='lat' dir='ltr'><strong>hunc</strong></span> <span class='ocrx_word' id='word_1_463' title='bbox 2465 4264 2731 4343; x_wconf 89' lang='lat' dir='ltr'><strong>quidem</strong></span> <span class='ocrx_word' id='word_1_464' title='bbox 2761 4271 2820 4323; x_wconf 91' lang='lat' dir='ltr'><strong>te</strong></span> <span class='ocrx_word' id='word_1_465' title='bbox 2859 4277 3182 4330; x_wconf 88' lang='lat' dir='ltr'><strong>vocamus,</strong></span> <span class='ocrx_word' id='word_1_466' title='bbox 3215 4275 3253 4321; x_wconf 93' lang='grc' dir='ltr'>ο</span> <span class='ocrx_word' id='word_1_467' title='bbox 3284 4256 3393 4320; x_wconf 90' lang='lat' dir='ltr'><strong>Dei</strong></span> <span class='ocrx_word' id='word_1_468' title='bbox 3424 4254 3665 4317; x_wconf 89' lang='lat' dir='ltr'><strong>homo:</strong></span> 
     </span>
    </p>
   </div>
   <div class='ocr_carea' id='block_1_46' title="bbox 419 4354 3670 4445">
    <p class='ocr_par' dir='ltr' id='par_1_46' title="bbox 419 4354 3670 4445">
     <span class='ocr_line' id='line_1_46' title="bbox 419 4354 3670 4445; baseline -0.004 -19"><span class='ocrx_word' id='word_1_469' title='bbox 419 4371 483 4426; x_wconf 89' lang='lat' dir='ltr'><strong>et</strong></span> <span class='ocrx_word' id='word_1_470' title='bbox 515 4365 760 4427; x_wconf 85' lang='lat' dir='ltr'><strong>utinam</strong></span> <span class='ocrx_word' id='word_1_471' title='bbox 780 4364 910 4445; x_wconf 87' lang='lat' dir='ltr'><strong>jam</strong></span> <span class='ocrx_word' id='word_1_472' title='bbox 949 4366 1204 4429; x_wconf 88' lang='lat' dir='ltr'><strong>eveniat</strong></span> <span class='ocrx_word' id='word_1_473' title='bbox 1243 4366 1453 4435; x_wconf 87' lang='lat' dir='ltr'><strong>nobis,</strong></span> <span class='ocrx_word' id='word_1_474' title='bbox 1483 4374 1553 4429; x_wconf 92' lang='lat' dir='ltr'><strong>ut</strong></span> <span class='ocrx_word' id='word_1_475' title='bbox 1585 4366 1888 4430; x_wconf 85' lang='lat' dir='ltr'><strong>omnibus</strong></span> <span class='ocrx_word' id='word_1_476' title='bbox 1922 4364 2100 4427; x_wconf 91' lang='lat' dir='ltr'><strong>illius</strong></span> <span class='ocrx_word' id='word_1_477' title='bbox 2138 4364 2279 4441; x_wconf 84' lang='lat' dir='ltr'><strong>[IX]</strong></span> <span class='ocrx_word' id='word_1_478' title='bbox 2341 4359 2682 4440; x_wconf 79' lang='lat' dir='ltr'><strong>tyrannide</strong></span> <span class='ocrx_word' id='word_1_479' title='bbox 2734 4359 2979 4439; x_wconf 88' lang='lat' dir='ltr'><strong>pressis</strong></span> <span class='ocrx_word' id='word_1_480' title='bbox 3036 4365 3098 4420; x_wconf 88' lang='lat' dir='ltr'><strong>et</strong></span> <span class='ocrx_word' id='word_1_481' title='bbox 3137 4354 3328 4429; x_wconf 84' lang='lat' dir='ltr'><strong>fusis,</strong></span> <span class='ocrx_word' id='word_1_482' title='bbox 3376 4360 3486 4435; x_wconf 82' lang='lat' dir='ltr'><strong>tua</strong></span> <span class='ocrx_word' id='word_1_483' title='bbox 3540 4367 3670 4430; x_wconf 85' lang='lat' dir='ltr'><strong>0pc</strong></span> 
     </span>
    </p>
   </div>
   <div class='ocr_carea' id='block_1_47' title="bbox 418 4449 3671 4543">
    <p class='ocr_par' dir='ltr' id='par_1_47' title="bbox 418 4449 3671 4543">
     <span class='ocr_line' id='line_1_47' title="bbox 418 4449 3671 4543; baseline -0.003 -24"><span class='ocrx_word' id='word_1_484' title='bbox 418 4460 727 4543; x_wconf 87' lang='lat' dir='ltr'><strong>planctus</strong></span> <span class='ocrx_word' id='word_1_485' title='bbox 759 4471 821 4525; x_wconf 92' lang='lat' dir='ltr'><strong>et</strong></span> <span class='ocrx_word' id='word_1_486' title='bbox 859 4463 1150 4527; x_wconf 69' lang='lat' dir='ltr'><strong>maeroris</strong></span> <span class='ocrx_word' id='word_1_487' title='bbox 1183 4464 1371 4527; x_wconf 84' lang='lat' dir='ltr'><strong>tinem</strong></span> <span class='ocrx_word' id='word_1_488' title='bbox 1396 4464 1728 4543; x_wconf 86' lang='lat' dir='ltr'><strong>possimus</strong></span> <span class='ocrx_word' id='word_1_489' title='bbox 1759 4462 2047 4541; x_wconf 89' lang='lat' dir='ltr'><strong>aliquem</strong></span> <span class='ocrx_word' id='word_1_490' title='bbox 2096 4458 2421 4522; x_wconf 88' lang='lat' dir='ltr'><strong>invenire.</strong></span> <span class='ocrx_word' id='word_1_491' title='bbox 2478 4480 2506 4512; x_wconf 67' lang='grc' dir='ltr'><strong><em>ι</em></strong></span> <span class='ocrx_word' id='word_1_492' title='bbox 2545 4456 2990 4519; x_wconf 82' lang='lat' dir='ltr'><strong>Boemundum</strong></span> <span class='ocrx_word' id='word_1_493' title='bbox 3031 4453 3269 4534; x_wconf 90' lang='lat' dir='ltr'><strong>passim</strong></span> <span class='ocrx_word' id='word_1_494' title='bbox 3313 4449 3514 4514; x_wconf 76' lang='lat' dir='ltr'><strong>Graeci</strong></span> <span class='ocrx_word' id='word_1_495' title='bbox 3552 4465 3671 4510; x_wconf 81' lang='lat' dir='ltr'><strong>vo-</strong></span> 
     </span>
    </p>
   </div>
   <div class='ocr_carea' id='block_1_48' title="bbox 417 4545 3664 4642">
    <p class='ocr_par' dir='ltr' id='par_1_48' title="bbox 417 4545 3664 4642">
     <span class='ocr_line' id='line_1_48' title="bbox 417 4545 3664 4642; baseline -0.005 -21"><span class='ocrx_word' id='word_1_496' title='bbox 417 4558 643 4622; x_wconf 87' lang='lat' dir='ltr'><strong>cabant</strong></span> <span class='ocrx_word' id='word_1_497' title='bbox 676 4576 774 4630; x_wconf 37' lang='lat' dir='ltr'><strong>«.a</strong></span> <span class='ocrx_word' id='word_1_498' title='bbox 805 4559 1276 4642; x_wconf 88' lang='lat' dir='ltr'><strong>principiojam</strong></span> <span class='ocrx_word' id='word_1_499' title='bbox 1312 4569 1688 4641; x_wconf 87' lang='lat' dir='ltr'><strong>apostatam.</strong></span> <span class='ocrx_word' id='word_1_500' title='bbox 1725 4582 1754 4616; x_wconf 73' lang='grc' dir='ltr'>υ</span> <span class='ocrx_word' id='word_1_501' title='bbox 1787 4563 1967 4621; x_wconf 75' lang='lat' dir='ltr'><strong>Anna</strong></span> <span class='ocrx_word' id='word_1_502' title='bbox 1998 4558 2320 4621; x_wconf 90' lang='lat' dir='ltr'><strong>Comnena</strong></span> <span class='ocrx_word' id='word_1_503' title='bbox 2353 4554 2517 4616; x_wconf 91' lang='lat' dir='ltr'><strong>libro</strong></span> <span class='ocrx_word' id='word_1_504' title='bbox 2554 4573 2620 4625; x_wconf 84' lang='lat' dir='ltr'><strong>x,</strong></span> <span class='ocrx_word' id='word_1_505' title='bbox 2651 4552 2762 4615; x_wconf 92' lang='lat' dir='ltr'><strong>ubi</strong></span> <span class='ocrx_word' id='word_1_506' title='bbox 2792 4553 2871 4613; x_wconf 90' lang='lat' dir='ltr'><strong>de</strong></span> <span class='ocrx_word' id='word_1_507' title='bbox 2901 4551 3271 4631; x_wconf 89' lang='lat' dir='ltr'><strong>juramento</strong></span> <span class='ocrx_word' id='word_1_508' title='bbox 3303 4545 3664 4610; x_wconf 87' lang='lat' dir='ltr'><strong>Boemundi</strong></span> 
     </span>
    </p>
   </div>
   <div class='ocr_carea' id='block_1_49' title="bbox 417 4643 3673 4738">
    <p class='ocr_par' dir='ltr' id='par_1_49' title="bbox 417 4643 3673 4738">
     <span class='ocr_line' id='line_1_49' title="bbox 417 4643 3673 4738; baseline -0.005 -19"><span class='ocrx_word' id='word_1_509' title='bbox 417 4658 551 4737; x_wconf 84' lang='lat' dir='ltr'><strong>agit</strong></span> <span class='ocrx_word' id='word_1_510' title='bbox 587 4678 604 4718; x_wconf 89' lang='lat'><strong>:</strong></span> <span class='ocrx_word' id='word_1_511' title='bbox 641 4679 670 4714; x_wconf 74' lang='grc' dir='ltr'>ι</span> <span class='ocrx_word' id='word_1_512' title='bbox 703 4656 821 4719; x_wconf 86' lang='lat' dir='ltr'><strong>Vel</strong></span> <span class='ocrx_word' id='word_1_513' title='bbox 856 4658 1033 4738; x_wconf 91' lang='lat' dir='ltr'><strong>quod</strong></span> <span class='ocrx_word' id='word_1_514' title='bbox 1067 4657 1285 4731; x_wconf 88' lang='lat' dir='ltr'><strong>homo,</strong></span> <span class='ocrx_word' id='word_1_515' title='bbox 1319 4657 1562 4737; x_wconf 88' lang='lat' dir='ltr'><strong>inquit,</strong></span> <span class='ocrx_word' id='word_1_516' title='bbox 1596 4657 1674 4719; x_wconf 90' lang='lat' dir='ltr'><strong>ad</strong></span> <span class='ocrx_word' id='word_1_517' title='bbox 1712 4656 2052 4737; x_wconf 84' lang='lat' dir='ltr'><strong>religionis</strong></span> <span class='ocrx_word' id='word_1_518' title='bbox 2111 4661 2550 4732; x_wconf 87' lang='lat' dir='ltr'><strong>contemptum</strong></span> <span class='ocrx_word' id='word_1_519' title='bbox 2609 4650 2943 4723; x_wconf 86' lang='lat' dir='ltr'><strong>educatus,</strong></span> <span class='ocrx_word' id='word_1_520' title='bbox 2978 4656 3043 4709; x_wconf 90' lang='lat' dir='ltr'><strong>et</strong></span> <span class='ocrx_word' id='word_1_521' title='bbox 3088 4645 3285 4727; x_wconf 82' lang='lat' dir='ltr'><strong>longo</strong></span> <span class='ocrx_word' id='word_1_522' title='bbox 3316 4663 3443 4708; x_wconf 90' lang='lat' dir='ltr'><strong>usu</strong></span> <span class='ocrx_word' id='word_1_523' title='bbox 3478 4643 3673 4722; x_wconf 86' lang='lat' dir='ltr'><strong>quasi</strong></span> 
     </span>
    </p>
   </div>
   <div class='ocr_carea' id='block_1_50' title="bbox 419 4740 3672 4834">
    <p class='ocr_par' dir='ltr' id='par_1_50' title="bbox 419 4740 3672 4834">
     <span class='ocr_line' id='line_1_50' title="bbox 419 4740 3672 4834; baseline -0.005 -19"><span class='ocrx_word' id='word_1_524' title='bbox 419 4752 698 4833; x_wconf 88' lang='lat' dir='ltr'><strong>quadam</strong></span> <span class='ocrx_word' id='word_1_525' title='bbox 733 4761 957 4815; x_wconf 91' lang='lat' dir='ltr'><strong>natura</strong></span> <span class='ocrx_word' id='word_1_526' title='bbox 998 4753 1323 4834; x_wconf 87' lang='lat' dir='ltr'><strong>perjurus,</strong></span> <span class='ocrx_word' id='word_1_527' title='bbox 1358 4753 1709 4816; x_wconf 90' lang='lat' dir='ltr'><strong>ridiculum</strong></span> <span class='ocrx_word' id='word_1_528' title='bbox 1745 4759 2002 4833; x_wconf 87' lang='lat' dir='ltr'><strong>putaret</strong></span> <span class='ocrx_word' id='word_1_529' title='bbox 2047 4752 2499 4832; x_wconf 86' lang='lat' dir='ltr'><strong>injuramento</strong></span> <span class='ocrx_word' id='word_1_530' title='bbox 2529 4745 2964 4827; x_wconf 85' lang='lat' dir='ltr'><strong>tergiversari.</strong></span> <span class='ocrx_word' id='word_1_531' title='bbox 2997 4767 3026 4802; x_wconf 75' lang='grc' dir='ltr'><strong><em>ιο</em></strong></span> <span class='ocrx_word' id='word_1_532' title='bbox 3054 4743 3160 4806; x_wconf 85' lang='lat' dir='ltr'><strong>Ait</strong></span> <span class='ocrx_word' id='word_1_533' title='bbox 3196 4743 3389 4805; x_wconf 88' lang='lat' dir='ltr'><strong>etiam</strong></span> <span class='ocrx_word' id='word_1_534' title='bbox 3420 4740 3672 4803; x_wconf 84' lang='lat' dir='ltr'><strong>ibidem</strong></span> 
     </span>
    </p>
   </div>
   <div class='ocr_carea' id='block_1_51' title="bbox 419 4839 3676 4930">
    <p class='ocr_par' dir='ltr' id='par_1_51' title="bbox 419 4839 3676 4930">
     <span class='ocr_line' id='line_1_51' title="bbox 419 4839 3676 4930; baseline -0.004 -19"><span class='ocrx_word' id='word_1_535' title='bbox 419 4849 726 4927; x_wconf 86' lang='lat' dir='ltr'><strong>Sangeles</strong></span> <span class='ocrx_word' id='word_1_536' title='bbox 765 4849 839 4912; x_wconf 89' lang='lat' dir='ltr'><strong>ad</strong></span> <span class='ocrx_word' id='word_1_537' title='bbox 882 4850 1250 4927; x_wconf 87' lang='lat' dir='ltr'><strong>Augustum</strong></span> <span class='ocrx_word' id='word_1_538' title='bbox 1287 4871 1303 4911; x_wconf 92' lang='lat'><strong>:</strong></span> <span class='ocrx_word' id='word_1_539' title='bbox 1351 4871 1381 4905; x_wconf 78' lang='grc' dir='ltr'><strong><em>α</em></strong></span> <span class='ocrx_word' id='word_1_540' title='bbox 1415 4850 1573 4912; x_wconf 87' lang='lat' dir='ltr'><strong>Cum</strong></span> <span class='ocrx_word' id='word_1_541' title='bbox 1602 4866 1636 4910; x_wconf 92' lang='lat' dir='ltr'><strong>a</strong></span> <span class='ocrx_word' id='word_1_542' title='bbox 1673 4850 1931 4930; x_wconf 87' lang='lat' dir='ltr'><strong>proavis</strong></span> <span class='ocrx_word' id='word_1_543' title='bbox 1965 4847 2323 4930; x_wconf 86' lang='lat' dir='ltr'><strong>perjurium</strong></span> <span class='ocrx_word' id='word_1_544' title='bbox 2364 4853 2426 4909; x_wconf 90' lang='lat' dir='ltr'><strong>et</strong></span> <span class='ocrx_word' id='word_1_545' title='bbox 2456 4844 2702 4916; x_wconf 90' lang='lat' dir='ltr'><strong>dolum,</strong></span> <span class='ocrx_word' id='word_1_546' title='bbox 2754 4842 2927 4904; x_wconf 88' lang='lat' dir='ltr'><strong>velut</strong></span> <span class='ocrx_word' id='word_1_547' title='bbox 2963 4839 3400 4904; x_wconf 68' lang='lat' dir='ltr'><strong>hmreditatem</strong></span> <span class='ocrx_word' id='word_1_548' title='bbox 3432 4853 3676 4917; x_wconf 90' lang='lat' dir='ltr'><strong>quam-</strong></span> 
     </span>
    </p>
   </div>
   <div class='ocr_carea' id='block_1_52' title="bbox 420 4934 3683 5025">
    <p class='ocr_par' dir='ltr' id='par_1_52' title="bbox 420 4934 3683 5025">
     <span class='ocr_line' id='line_1_52' title="bbox 420 4934 3683 5025; baseline -0.004 -19"><span class='ocrx_word' id='word_1_549' title='bbox 420 4944 567 5006; x_wconf 88' lang='lat' dir='ltr'><strong>dam</strong></span> <span class='ocrx_word' id='word_1_550' title='bbox 603 4945 1041 5025; x_wconf 87' lang='lat' dir='ltr'><strong>Bojamundus</strong></span> <span class='ocrx_word' id='word_1_551' title='bbox 1073 4944 1414 5025; x_wconf 89' lang='lat' dir='ltr'><strong>acceperit,</strong></span> <span class='ocrx_word' id='word_1_552' title='bbox 1452 4946 1686 5006; x_wconf 91' lang='lat' dir='ltr'><strong>mirum</strong></span> <span class='ocrx_word' id='word_1_553' title='bbox 1714 4946 1893 5007; x_wconf 90' lang='lat' dir='ltr'><strong>valde</strong></span> <span class='ocrx_word' id='word_1_554' title='bbox 1926 4945 1983 5006; x_wconf 90' lang='lat' dir='ltr'><strong>si</strong></span> <span class='ocrx_word' id='word_1_555' title='bbox 2026 4951 2420 5025; x_wconf 88' lang='lat' dir='ltr'><strong>permaneat.</strong></span> <span class='ocrx_word' id='word_1_556' title='bbox 2450 4967 2478 4999; x_wconf 75' lang='grc' dir='ltr'><strong>ιι</strong></span> <span class='ocrx_word' id='word_1_557' title='bbox 2512 4944 2640 5005; x_wconf 89' lang='lat' dir='ltr'><strong>Cur</strong></span> <span class='ocrx_word' id='word_1_558' title='bbox 2669 4957 2822 5004; x_wconf 90' lang='lat' dir='ltr'><strong>vero</strong></span> <span class='ocrx_word' id='word_1_559' title='bbox 2869 4940 2926 5002; x_wconf 90' lang='lat' dir='ltr'><strong>is</strong></span> <span class='ocrx_word' id='word_1_560' title='bbox 2955 4939 3218 5008; x_wconf 87' lang='lat' dir='ltr'><strong>dicitur,</strong></span> <span class='ocrx_word' id='word_1_561' title='bbox 3251 4936 3363 5014; x_wconf 92' lang='lat' dir='ltr'><strong>qui</strong></span> <span class='ocrx_word' id='word_1_562' title='bbox 3397 4957 3427 4993; x_wconf 75' lang='grc' dir='ltr'><strong>α</strong></span> <span class='ocrx_word' id='word_1_563' title='bbox 3462 4934 3683 4997; x_wconf 87' lang='lat' dir='ltr'><strong>cervi-</strong></span> 
     </span>
    </p>
   </div>
   <div class='ocr_carea' id='block_1_53' title="bbox 420 5030 3683 5122">
    <p class='ocr_par' dir='ltr' id='par_1_53' title="bbox 420 5030 3683 5122">
     <span class='ocr_line' id='line_1_53' title="bbox 420 5030 3683 5122; baseline -0.003 -20"><span class='ocrx_word' id='word_1_564' title='bbox 420 5057 558 5102; x_wconf 88' lang='lat' dir='ltr'><strong>cem</strong></span> <span class='ocrx_word' id='word_1_565' title='bbox 607 5041 934 5114; x_wconf 83' lang='lat' dir='ltr'><strong>extulerit,</strong></span> <span class='ocrx_word' id='word_1_566' title='bbox 962 5064 993 5100; x_wconf 73' lang='grc' dir='ltr'><strong><em>ι</em></strong></span> <span class='ocrx_word' id='word_1_567' title='bbox 1022 5050 1083 5103; x_wconf 90' lang='lat' dir='ltr'><strong>et</strong></span> <span class='ocrx_word' id='word_1_568' title='bbox 1109 5063 1139 5098; x_wconf 75' lang='grc' dir='ltr'>α</span> <span class='ocrx_word' id='word_1_569' title='bbox 1178 5041 1399 5103; x_wconf 90' lang='lat' dir='ltr'><strong>mundi</strong></span> <span class='ocrx_word' id='word_1_570' title='bbox 1440 5049 1753 5122; x_wconf 82' lang='lat' dir='ltr'><strong>tyrannus</strong></span> <span class='ocrx_word' id='word_1_571' title='bbox 1787 5049 1979 5107; x_wconf 84' lang='lat' dir='ltr'><strong>esset.</strong></span> <span class='ocrx_word' id='word_1_572' title='bbox 2007 5064 2036 5098; x_wconf 81' lang='lat'><strong>»</strong></span> <span class='ocrx_word' id='word_1_573' title='bbox 2070 5043 2252 5103; x_wconf 89' lang='lat' dir='ltr'><strong>Anna</strong></span> <span class='ocrx_word' id='word_1_574' title='bbox 2278 5042 2600 5103; x_wconf 89' lang='lat' dir='ltr'><strong>Comnena</strong></span> <span class='ocrx_word' id='word_1_575' title='bbox 2627 5040 2853 5102; x_wconf 87' lang='lat' dir='ltr'><strong>eodem</strong></span> <span class='ocrx_word' id='word_1_576' title='bbox 2888 5036 3028 5099; x_wconf 84' lang='lat' dir='ltr'><strong>loco</strong></span> <span class='ocrx_word' id='word_1_577' title='bbox 3054 5035 3333 5097; x_wconf 86' lang='lat' dir='ltr'><strong>declarat</strong></span> <span class='ocrx_word' id='word_1_578' title='bbox 3375 5055 3391 5095; x_wconf 91' lang='lat'><strong>:</strong></span> <span class='ocrx_word' id='word_1_579' title='bbox 3423 5054 3454 5090; x_wconf 80' lang='grc' dir='ltr'><strong>α</strong></span> <span class='ocrx_word' id='word_1_580' title='bbox 3497 5030 3683 5093; x_wconf 79' lang='lat' dir='ltr'><strong>Reli-</strong></span> 
     </span>
    </p>
   </div>
   <div class='ocr_carea' id='block_1_54' title="bbox 423 5129 3681 5218">
    <p class='ocr_par' dir='ltr' id='par_1_54' title="bbox 423 5129 3681 5218">
     <span class='ocr_line' id='line_1_54' title="bbox 423 5129 3681 5218; baseline -0.002 -22"><span class='ocrx_word' id='word_1_581' title='bbox 423 5135 639 5214; x_wconf 76' lang='lat' dir='ltr'><strong>gionis</strong></span> <span class='ocrx_word' id='word_1_582' title='bbox 666 5136 775 5200; x_wconf 89' lang='lat' dir='ltr'><strong>ille</strong></span> <span class='ocrx_word' id='word_1_583' title='bbox 801 5138 1094 5216; x_wconf 88' lang='lat' dir='ltr'><strong>quidem,</strong></span> <span class='ocrx_word' id='word_1_584' title='bbox 1121 5137 1451 5218; x_wconf 89' lang='lat' dir='ltr'><strong>inquiens,</strong></span> <span class='ocrx_word' id='word_1_585' title='bbox 1477 5145 1538 5199; x_wconf 94' lang='lat' dir='ltr'><strong>et</strong></span> <span class='ocrx_word' id='word_1_586' title='bbox 1557 5136 1928 5199; x_wconf 87' lang='lat' dir='ltr'><strong>vindicandi</strong></span> <span class='ocrx_word' id='word_1_587' title='bbox 1967 5137 2226 5200; x_wconf 89' lang='lat' dir='ltr'><strong>Domini</strong></span> <span class='ocrx_word' id='word_1_588' title='bbox 2255 5136 2538 5216; x_wconf 89' lang='lat' dir='ltr'><strong>sepulcri</strong></span> <span class='ocrx_word' id='word_1_589' title='bbox 2574 5135 2809 5198; x_wconf 87' lang='lat' dir='ltr'><strong>larvam</strong></span> <span class='ocrx_word' id='word_1_590' title='bbox 2833 5133 3173 5214; x_wconf 88' lang='lat' dir='ltr'><strong>cupiditati</strong></span> <span class='ocrx_word' id='word_1_591' title='bbox 3200 5129 3624 5212; x_wconf 89' lang='lat' dir='ltr'><strong>superposuit</strong></span> <span class='ocrx_word' id='word_1_592' title='bbox 3654 5148 3681 5188; x_wconf 92' lang='lat'><strong>:</strong></span> 
     </span>
    </p>
   </div>
   <div class='ocr_carea' id='block_1_55' title="bbox 421 5225 3681 5316">
    <p class='ocr_par' dir='ltr' id='par_1_55' title="bbox 421 5225 3681 5316">
     <span class='ocr_line' id='line_1_55' title="bbox 421 5225 3681 5316; baseline -0.001 -20"><span class='ocrx_word' id='word_1_593' title='bbox 421 5242 721 5296; x_wconf 70' lang='lat' dir='ltr'><strong>cazterum</strong></span> <span class='ocrx_word' id='word_1_594' title='bbox 754 5252 870 5316; x_wconf 88' lang='lat' dir='ltr'><strong>per</strong></span> <span class='ocrx_word' id='word_1_595' title='bbox 900 5235 1087 5306; x_wconf 88' lang='lat' dir='ltr'><strong>istam</strong></span> <span class='ocrx_word' id='word_1_596' title='bbox 1119 5234 1522 5298; x_wconf 88' lang='lat' dir='ltr'><strong>occasionem</strong></span> <span class='ocrx_word' id='word_1_597' title='bbox 1555 5235 1729 5296; x_wconf 88' lang='lat' dir='ltr'><strong>omni</strong></span> <span class='ocrx_word' id='word_1_598' title='bbox 1791 5234 1984 5297; x_wconf 88' lang='lat' dir='ltr'><strong>modo</strong></span> <span class='ocrx_word' id='word_1_599' title='bbox 2046 5235 2438 5303; x_wconf 87' lang='lat' dir='ltr'><strong>decreverat,</strong></span> <span class='ocrx_word' id='word_1_600' title='bbox 2475 5232 2902 5312; x_wconf 88' lang='lat' dir='ltr'><strong>principatum</strong></span> <span class='ocrx_word' id='word_1_601' title='bbox 2949 5230 3077 5294; x_wconf 88' lang='lat' dir='ltr'><strong>sibi</strong></span> <span class='ocrx_word' id='word_1_602' title='bbox 3108 5230 3391 5308; x_wconf 88' lang='lat' dir='ltr'><strong>aliquem</strong></span> <span class='ocrx_word' id='word_1_603' title='bbox 3425 5225 3681 5293; x_wconf 84' lang='lat' dir='ltr'><strong>alicubi</strong></span> 
     </span>
    </p>
   </div>
   <div class='ocr_carea' id='block_1_56' title="bbox 420 5323 3683 5412">
    <p class='ocr_par' dir='ltr' id='par_1_56' title="bbox 420 5323 3683 5412">
     <span class='ocr_line' id='line_1_56' title="bbox 420 5323 3683 5412; baseline -0.002 -21"><span class='ocrx_word' id='word_1_604' title='bbox 420 5346 672 5410; x_wconf 80' lang='lat' dir='ltr'><strong>parare.</strong></span> <span class='ocrx_word' id='word_1_605' title='bbox 701 5332 831 5393; x_wconf 90' lang='lat' dir='ltr'><strong>Nec</strong></span> <span class='ocrx_word' id='word_1_606' title='bbox 855 5330 1294 5405; x_wconf 84' lang='lat' dir='ltr'><strong>dubitaturus,</strong></span> <span class='ocrx_word' id='word_1_607' title='bbox 1352 5331 1409 5392; x_wconf 93' lang='lat' dir='ltr'><strong>si</strong></span> <span class='ocrx_word' id='word_1_608' title='bbox 1481 5331 1763 5394; x_wconf 84' lang='lat' dir='ltr'><strong>secunda</strong></span> <span class='ocrx_word' id='word_1_609' title='bbox 1823 5333 2098 5412; x_wconf 90' lang='lat' dir='ltr'><strong>spiraret</strong></span> <span class='ocrx_word' id='word_1_610' title='bbox 2148 5346 2301 5393; x_wconf 90' lang='lat' dir='ltr'><strong>aura</strong></span> <span class='ocrx_word' id='word_1_611' title='bbox 2354 5329 2686 5400; x_wconf 55' lang='lat' dir='ltr'><strong>fortunae;</strong></span> <span class='ocrx_word' id='word_1_612' title='bbox 2714 5330 3073 5389; x_wconf 80' lang='lat' dir='ltr'><strong>Romanum</strong></span> <span class='ocrx_word' id='word_1_613' title='bbox 3130 5327 3347 5406; x_wconf 88' lang='lat' dir='ltr'><strong>ipsum</strong></span> <span class='ocrx_word' id='word_1_614' title='bbox 3387 5323 3683 5404; x_wconf 84' lang='lat' dir='ltr'><strong>c0gitare</strong></span> 
     </span>
    </p>
   </div>
   <div class='ocr_carea' id='block_1_57' title="bbox 423 5421 3683 5509">
    <p class='ocr_par' dir='ltr' id='par_1_57' title="bbox 423 5421 3683 5509">
     <span class='ocr_line' id='line_1_57' title="bbox 423 5421 3683 5509; baseline -0.001 -24"><span class='ocrx_word' id='word_1_615' title='bbox 423 5426 688 5500; x_wconf 87' lang='lat' dir='ltr'><strong>solium,</strong></span> <span class='ocrx_word' id='word_1_616' title='bbox 716 5432 779 5489; x_wconf 91' lang='lat' dir='ltr'><strong>et</strong></span> <span class='ocrx_word' id='word_1_617' title='bbox 807 5426 1039 5492; x_wconf 83' lang='lat' dir='ltr'><strong>Alexio</strong></span> <span class='ocrx_word' id='word_1_618' title='bbox 1070 5436 1334 5490; x_wconf 90' lang='lat' dir='ltr'><strong>extruso</strong></span> <span class='ocrx_word' id='word_1_619' title='bbox 1388 5444 1458 5490; x_wconf 93' lang='lat' dir='ltr'><strong>se</strong></span> <span class='ocrx_word' id='word_1_620' title='bbox 1517 5428 1972 5509; x_wconf 54' lang='lat' dir='ltr'><strong>imperatorem</strong></span> <span class='ocrx_word' id='word_1_621' title='bbox 2022 5427 2254 5491; x_wconf 88' lang='lat' dir='ltr'><strong>facere.</strong></span> <span class='ocrx_word' id='word_1_622' title='bbox 2301 5451 2329 5483; x_wconf 67' lang='grc' dir='ltr'><strong>ν</strong></span> <span class='ocrx_word' id='word_1_623' title='bbox 2382 5429 2473 5489; x_wconf 88' lang='lat' dir='ltr'><strong>Ita</strong></span> <span class='ocrx_word' id='word_1_624' title='bbox 2531 5426 2979 5488; x_wconf 87' lang='lat' dir='ltr'><strong>Boemundum</strong></span> <span class='ocrx_word' id='word_1_625' title='bbox 3028 5424 3387 5506; x_wconf 83' lang='lat' dir='ltr'><strong>pingebant</strong></span> <span class='ocrx_word' id='word_1_626' title='bbox 3437 5421 3683 5498; x_wconf 60' lang='lat' dir='ltr'><strong>Graci,</strong></span> 
     </span>
    </p>
   </div>
   <div class='ocr_carea' id='block_1_58' title="bbox 423 5521 1657 5605">
    <p class='ocr_par' dir='ltr' id='par_1_58' title="bbox 423 5521 1657 5605">
     <span class='ocr_line' id='line_1_58' title="bbox 423 5521 1657 5605; baseline 0.004 -23"><span class='ocrx_word' id='word_1_627' title='bbox 423 5521 665 5600; x_wconf 91' lang='lat' dir='ltr'><strong>quibus</strong></span> <span class='ocrx_word' id='word_1_628' title='bbox 694 5524 1070 5587; x_wconf 65' lang='lat' dir='ltr'><strong>adhaerescit</strong></span> <span class='ocrx_word' id='word_1_629' title='bbox 1102 5524 1657 5605; x_wconf 79' lang='lat' dir='ltr'><strong>Theophylactns.</strong></span> 
     </span>
    </p>
   </div>
   <div class='ocr_carea' id='block_1_59' title="bbox 505 5617 3680 5701">
    <p class='ocr_par' dir='ltr' id='par_1_59' title="bbox 505 5617 3680 5701">
     <span class='ocr_line' id='line_1_59' title="bbox 505 5617 3680 5701; baseline -0.001 -21"><span class='ocrx_word' id='word_1_630' title='bbox 505 5620 599 5683; x_wconf 84' lang='lat' dir='ltr'><strong>Ad</strong></span> <span class='ocrx_word' id='word_1_631' title='bbox 653 5620 873 5684; x_wconf 89' lang='lat' dir='ltr'><strong>eadem</strong></span> <span class='ocrx_word' id='word_1_632' title='bbox 932 5620 1140 5683; x_wconf 86' lang='lat' dir='ltr'><strong>refero</strong></span> <span class='ocrx_word' id='word_1_633' title='bbox 1189 5622 1450 5684; x_wconf 89' lang='lat' dir='ltr'><strong>demum</strong></span> <span class='ocrx_word' id='word_1_634' title='bbox 1493 5630 1779 5700; x_wconf 89' lang='lat' dir='ltr'><strong>tempora</strong></span> <span class='ocrx_word' id='word_1_635' title='bbox 1831 5623 2167 5701; x_wconf 87' lang='lat' dir='ltr'><strong>epistolam</strong></span> <span class='ocrx_word' id='word_1_636' title='bbox 2220 5623 2318 5696; x_wconf 89' lang='lat'><strong>17,</strong></span> <span class='ocrx_word' id='word_1_637' title='bbox 2364 5622 2650 5700; x_wconf 76' lang='lat' dir='ltr'><strong>Cercym</strong></span> <span class='ocrx_word' id='word_1_638' title='bbox 2708 5620 3027 5701; x_wconf 76' lang='lat' dir='ltr'><strong>episcopo.</strong></span> <span class='ocrx_word' id='word_1_639' title='bbox 3093 5619 3242 5680; x_wconf 58' lang='lat' dir='ltr'><strong>Haec</strong></span> <span class='ocrx_word' id='word_1_640' title='bbox 3290 5617 3609 5680; x_wconf 87' lang='lat' dir='ltr'><strong>habentur</strong></span> <span class='ocrx_word' id='word_1_641' title='bbox 3657 5637 3680 5677; x_wconf 90' lang='lat'><strong>:</strong></span> 
     </span>
    </p>
   </div>
   <div class='ocr_carea' id='block_1_60' title="bbox 423 5714 3698 5793">
    <p class='ocr_par' dir='ltr' id='par_1_60' title="bbox 423 5714 3698 5793">
     <span class='ocr_line' id='line_1_60' title="bbox 423 5714 3698 5793; baseline 0.001 -21"><span class='ocrx_word' id='word_1_642' title='bbox 423 5735 456 5772; x_wconf 77' lang='grc' dir='ltr'><strong>α</strong></span> <span class='ocrx_word' id='word_1_643' title='bbox 496 5716 710 5779; x_wconf 88' lang='lat' dir='ltr'><strong>Gratia</strong></span> <span class='ocrx_word' id='word_1_644' title='bbox 771 5716 855 5778; x_wconf 76' lang='lat' dir='ltr'><strong>si:</strong></span> <span class='ocrx_word' id='word_1_645' title='bbox 916 5716 1506 5780; x_wconf 89' lang='lat' dir='ltr'><strong>misericordiarum</strong></span> <span class='ocrx_word' id='word_1_646' title='bbox 1560 5718 1764 5788; x_wconf 89' lang='lat' dir='ltr'><strong>Patri,</strong></span> <span class='ocrx_word' id='word_1_647' title='bbox 1834 5726 1893 5777; x_wconf 90' lang='lat' dir='ltr'><strong>et</strong></span> <span class='ocrx_word' id='word_1_648' title='bbox 1949 5720 2079 5780; x_wconf 92' lang='lat' dir='ltr'><strong>Deo</strong></span> <span class='ocrx_word' id='word_1_649' title='bbox 2149 5718 2345 5779; x_wconf 90' lang='lat' dir='ltr'><strong>totius</strong></span> <span class='ocrx_word' id='word_1_650' title='bbox 2405 5715 2908 5787; x_wconf 88' lang='lat' dir='ltr'><strong>consolationis;</strong></span> <span class='ocrx_word' id='word_1_651' title='bbox 2956 5738 2984 5772; x_wconf 79' lang='grc'><strong>››</strong></span> <span class='ocrx_word' id='word_1_652' title='bbox 3037 5714 3349 5793; x_wconf 88' lang='lat' dir='ltr'><strong>quoniam</strong></span> <span class='ocrx_word' id='word_1_653' title='bbox 3399 5722 3458 5775; x_wconf 77' lang='lat' dir='ltr'><strong>tv</strong></span> <span class='ocrx_word' id='word_1_654' title='bbox 3495 5720 3698 5786; x_wconf 75' lang='grc' dir='ltr'><strong>οὕτως</strong></span> 
     </span>
    </p>
   </div>
   <div class='ocr_carea' id='block_1_61' title="bbox 421 5808 1994 5897">
    <p class='ocr_par' dir='ltr' id='par_1_61' title="bbox 421 5810 1994 5897">
     <span class='ocr_line' id='line_1_61' title="bbox 421 5810 1994 5897; baseline -0.003 -18"><span class='ocrx_word' id='word_1_655' title='bbox 421 5810 659 5895; x_wconf 73' lang='grc' dir='ltr'><strong>ἡμέραις</strong></span> <span class='ocrx_word' id='word_1_656' title='bbox 685 5828 970 5897; x_wconf 76' lang='grc' dir='ltr'>πονηραῖς,</span> <span class='ocrx_word' id='word_1_657' title='bbox 991 5825 1087 5878; x_wconf 73' lang='grc' dir='ltr'><strong>καὶ</strong></span> <span class='ocrx_word' id='word_1_658' title='bbox 1111 5825 1171 5879; x_wconf 76' lang='grc' dir='ltr'><strong>ἐν</strong></span> <span class='ocrx_word' id='word_1_659' title='bbox 1204 5827 1415 5894; x_wconf 80' lang='grc' dir='ltr'><strong>καιροῖς</strong></span> <span class='ocrx_word' id='word_1_660' title='bbox 1442 5824 1677 5893; x_wconf 76' lang='grc' dir='ltr'><strong>ἁφξλοις,</strong></span> <span class='ocrx_word' id='word_1_661' title='bbox 1711 5826 1807 5877; x_wconf 69' lang='grc' dir='ltr'>καὶ</span> <span class='ocrx_word' id='word_1_662' title='bbox 1837 5820 1994 5895; x_wconf 74' lang='grc' dir='ltr'><strong>θηριιέ</strong></span> 
     </span>
    </p>
   </div>
   <div class='ocr_carea' id='block_1_62' title="bbox 2118 5808 3691 5897">
    <p class='ocr_par' dir='ltr' id='par_1_62' title="bbox 2118 5808 3691 5891">
     <span class='ocr_line' id='line_1_62' title="bbox 2118 5808 3691 5891; baseline -0.004 -15"><span class='ocrx_word' id='word_1_663' title='bbox 2118 5846 2149 5887; x_wconf 70' lang='grc' dir='ltr'><strong>ι,</strong></span> <span class='ocrx_word' id='word_1_664' title='bbox 2193 5814 2294 5876; x_wconf 91' lang='lat' dir='ltr'><strong>his</strong></span> <span class='ocrx_word' id='word_1_665' title='bbox 2338 5812 2572 5876; x_wconf 88' lang='lat' dir='ltr'><strong>diebus</strong></span> <span class='ocrx_word' id='word_1_666' title='bbox 2626 5811 2834 5886; x_wconf 86' lang='lat' dir='ltr'><strong>malis,</strong></span> <span class='ocrx_word' id='word_1_667' title='bbox 2874 5828 2945 5875; x_wconf 88' lang='lat' dir='ltr'><strong>ac</strong></span> <span class='ocrx_word' id='word_1_668' title='bbox 2986 5812 3393 5891; x_wconf 88' lang='lat' dir='ltr'><strong>temporibus</strong></span> <span class='ocrx_word' id='word_1_669' title='bbox 3435 5808 3627 5873; x_wconf 87' lang='lat' dir='ltr'><strong>iuimi</strong></span> <span class='ocrx_word' id='word_1_670' title='bbox 3656 5845 3691 5857; x_wconf 84' lang='lat'><strong>-</strong></span> 
     </span>
    </p>
   </div>
   <div class='ocr_carea' id='block_1_63' title="bbox 423 5908 3694 5992">
    <p class='ocr_par' dir='ltr' id='par_1_63' title="bbox 423 5908 3694 5992">
     <span class='ocr_line' id='line_1_63' title="bbox 423 5908 3694 5992; baseline 0 -20"><span class='ocrx_word' id='word_1_671' title='bbox 423 5911 516 5973; x_wconf 85' lang='lat' dir='ltr'><strong>cis</strong></span> <span class='ocrx_word' id='word_1_672' title='bbox 562 5920 625 5975; x_wconf 87' lang='lat' dir='ltr'><strong>et</strong></span> <span class='ocrx_word' id='word_1_673' title='bbox 671 5912 851 5987; x_wconf 81' lang='lat' dir='ltr'><strong>feris,</strong></span> <span class='ocrx_word' id='word_1_674' title='bbox 903 5919 1076 5975; x_wconf 89' lang='lat' dir='ltr'><strong>tuam</strong></span> <span class='ocrx_word' id='word_1_675' title='bbox 1123 5913 1520 5974; x_wconf 86' lang='lat' dir='ltr'><strong>sanctitatem</strong></span> <span class='ocrx_word' id='word_1_676' title='bbox 1582 5912 1765 5974; x_wconf 84' lang='lat' dir='ltr'><strong>nobis</strong></span> <span class='ocrx_word' id='word_1_677' title='bbox 1799 5920 2056 5992; x_wconf 86' lang='lat' dir='ltr'><strong>paterna</strong></span> <span class='ocrx_word' id='word_1_678' title='bbox 2123 5910 2471 5976; x_wconf 89' lang='lat' dir='ltr'><strong>dilectione</strong></span> <span class='ocrx_word' id='word_1_679' title='bbox 2521 5909 2864 5972; x_wconf 85' lang='lat' dir='ltr'><strong>cinctam...</strong></span> <span class='ocrx_word' id='word_1_680' title='bbox 2928 5908 3278 5972; x_wconf 87' lang='lat' dir='ltr'><strong>indulsit...</strong></span> <span class='ocrx_word' id='word_1_681' title='bbox 3337 5908 3408 5969; x_wconf 83' lang='lat' dir='ltr'><strong>Ut</strong></span> <span class='ocrx_word' id='word_1_682' title='bbox 3456 5925 3694 5987; x_wconf 79' lang='lat' dir='ltr'><strong>neque</strong></span> 
     </span>
    </p>
   </div>
  </div>
