4058 6470
474 343 545 406 25
1282 353 1380 416 DE
1421 357 1999 426 THEOPIIYLACTI
2041 365 2076 425 (Ε

2113 366 2311 426 ESTIS
2349 366 2445 427 ET
2488 368 2655 428 SCRI
2669 370 2835 430 l’TlS
3641 367 3715 433 2'6

475 456 778 564 incursus
813 457 1108 564 hostites,
1142 481 1352 564 neque
1385 467 1700 532 immensa
1741 483 2044 550 potestas,
2077 473 2434 559 furensque
2491 481 2668 542 vis...
2703 498 2803 543 me
2841 482 3008 560 turpi
3038 483 3400 563 deprimant
3435 486 3642 546 ruina.
3681 511 3710 544 »

473 551 635 660 batis
671 551 829 660 mihi
875 554 1749 660 videor,_chrocographiam
1815 570 2143 634 Dufresnii
2204 551 2565 638 illustrasse
2631 585 2692 640 et
2759 551 3228 641 confirmasse:
3284 581 3446 660 quin
3493 584 3708 645 vocari

471 648 538 754 in
574 647 861 758 dubium
891 663 1105 758 queat,
1129 657 1677 740 TheOphylactum
1719 683 2040 728 sacrarum
2079 673 2565 748 expeditionum
2600 683 2818 737 contra
2862 677 3231 743 Saracenos.
3266 647 3328 740 et
3354 679 3710 740 Boemundi

473 745 536 851 in
572 745 729 851 fines
763 745 1014 851 imperii
1055 750 1369 851 irruentis
1407 761 1830 837 temporibus,
1891 767 2127 827 smculo
2161 768 2549 832 duodecimo
2582 769 2856 849 incepto,
2891 772 3084 833 vitam
3135 775 3368 851 egisse.
3401 775 3544 848 Quo
3571 783 3712 835 tan-

473 839 615 995 df’m
650 841 773 906 vita
809 844 946 924 ipse
985 848 1350 929 migraverit
1407 871 1600 930 anno,
1659 858 2166 939 incompertum;
2223 871 2621 942 compertum
2657 839 2832 941 vero,
2866 839 3360 945 septuagehario
3412 871 3713 947 majorem

473 951 509 995 0
562 955 737 995 ιιεερ.

471 951 737 1002 ουιιξερ.

2053 1129 2156 1188 γι.

473 1243 1506 1352 Οαεξξιξζιηῖξέραρτίᾳ.
1541 1274 1646 1352 at;
1672 1257 2283 1352 Constantinopolis,
2321 1288 2404 1352 an
2425 1271 2711 1352 Euripus
2757 1271 3002 1333 Euboea
3028 1276 3056 1333 ?
3104 1275 3444 1334 Diaconum
3478 1275 3602 1352 egit
3649 1275 3717 1334 in

820 1327 1301 1430 ξσξίςξξςιψςζζξξ
1331 1335 1538 1430 regiae.
1594 1335 1858 1430 Quando
1915 1324 2384 1430 pront‘otus:_ud
2437 1324 2759 1426 Bulg'ariw
2805 1353 3444 1430 archiepiscopatum.
3500 1324 3715 1414 gizeria

553 1401 782 1463 litteris
813 1424 884 1463 ac
913 1401 1714 1490 humanioribiis'ﬂorclirzt.
1761 1418 1846 1477 De
1879 1401 3239 1512 munere

556 1550 650 1665 1'7.
696 1553 787 1660 pe
818 1554 1016 1665 patria
1048 1555 1534 1665 TheOphylacti,
1570 1563 1782 1665 deque
1815 1573 2194 1636 muneribus
2243 1576 2420 1654 regia
2451 1594 2518 1638 ιη
2565 1579 2720 1640 urbe
2760 1577 2980 1654 ohitis,
3024 1596 3095 1642 ac
3125 1579 3204 1642 de
3260 1588 3544 1658 tempore
3582 1597 3713 1661 quo

473 1646 795 1758 ljulgarite
834 1651 1361 1758 archiepiscopus
1419 1662 1828 1758 renuntiatus
1879 1674 1996 1740 est,
2045 1671 2256 1752 deque
2309 1646 2662 1736 litterarum
2704 1646 3064 1751 praestantia
3120 1646 3440 1756 agendum
3489 1646 3704 1742 modo.

473 1744 1249 1851 Constantinopolitanum
1286 1755 1484 1851 patria
1515 1755 1922 1836 frequentius
1970 1744 2181 1841 ipsum
2212 1765 2557 1843 scriptores
2582 1744 2922 1851 afﬁrmant.
2955 1769 3027 1830 ld
3067 1744 3223 1830 sane
3249 1769 3596 1832 deductum
3634 1788 3715 1834 ex

479 1841 682 1939 prima
710 1841 850 1920 ejus
877 1845 950 1905 ad
982 1846 1244 1908 Mariam
1304 1848 1776 1925 imperatricem
1822 1856 2098 1935 epistola
2138 1861 2306 1939 apud
2348 1841 2705 1924 VBaronium
2741 1846 3097 1925 ad'annum
3133 1866 3306 1928 1071.
3348 1863 3450 1926 Ait
3482 1867 3654 1928 enim
3698 1889 3714 1929 :

475 1961 502 1991 ιι
550 1937 1110 2038 ψρφςςθηᾴοᾉὶεἱῐυι*
1153 1945 1229 2004 ad
1267 1945 1597 2024 Bulgaros,
1635 1967 1700 2009 re
1733 1937 2515 2034 Constantinopolitanus,
2561 1957 2843 2036 hostiitio
2875 1958 3217 2038 Bulgarus.
3257 1983 3286 2016 ν

553 2031 824 2136 Michael
882 2036 1258 2136 Lequienus
1318 2039 1490 2101 inter
1536 2042 2059 2124 archiepiscopos
2110 2031 2537 2118 Achridenses
2578 2031 2749 2118 tomo
2799 2057 2849 2118 ll
2906 2057 2972 2118 in
3001 2031 3278 2118 ⁷θνὶεεηιεε
3319 2057 3712 2136 Christiano,

475 2125 606 2228 hinc
655 2131 841 2228 verba
897 2129 1085 2193 refert
1135 2149 1213 2194 ex
1283 2153 1398 2196 ms.
1463 2137 1682 2214 Regim
1733 2139 2136 2206 bibliothecm
2193 2147 2486 2208 ln-liculo
2524 2168 2538 2207 :
2571 2169 2599 2202 α
2636 2147 3156 2224 TheOphylactus
3223 2166 3298 2208 ex
3378 2125 3712 2228 Euripo»;

479 2225 715 2286 Vocem
753 2224 914 2289 hanc
955 2229 1304 2308 geOgraphi
1364 2234 1680 2311 praecipue
1712 2236 2074 2300 attribuunt
2133 2238 2326 2298 maris
2372 2239 2688 2317 angustiis
2736 2239 3040 2304 Achaiam
3093 2241 3264 2302 inter
3316 2251 3378 2304 et
3407 2224 3712 2306 Euboeam

475 2321 778 2396 insulam,
814 2323 1003 2403 vulgo
1030 2327 1268 2388 Stretto
1325 2327 1393 2389 di
1447 2329 1874 2411 Negroponte.
1930 2338 2146 2397 Tantm
2193 2335 2322 2398 illm
2365 2343 2540 2408 sunt,
2587 2343 2655 2398 ut
2717 2333 2828 2396 illa
2886 2345 3081 2414 ponte
3114 2336 3430 2416 jungatur
3485 2337 3590 2400 isti
3635 2338 3713 2400 ad

475 2422 837 2486 Chalcidem
875 2424 1095 2486 urbem
1127 2442 1142 2486 :
1194 2430 1362 2489 unde
1394 2428 1602 2490 dictus
1650 2432 1841 2492 etiam
1896 2433 2182 2512 Euripus
2214 2431 2640 2495 Chalcidicus.
2703 2434 2774 2494 In
2811 2434 3240 2512 geographico
3280 2434 3712 2498 Ecclesiarum

474 2519 937 2597 episc0palium
969 2521 1190 2584 Indice
1222 2525 1388 2602 apud
1435 2527 1756 2590 Labbeum
1809 2538 1871 2591 et
1917 2529 2324 2592 Harduinum
2373 2529 2441 2590 in
2501 2526 2890 2590 Collectione
2931 2528 3382 2602 conciliorum,
3437 2531 3718 2609 Euripus

473 2615 783 2693 accipitur
817 2633 930 2695 pro
969 2618 1287 2696 Chalcide,
1323 2645 1351 2679 α
1388 2640 1534 2702 quae
1569 2632 1666 2686 est
1703 2624 1768 2686 in
1801 2625 2068 2705 Euripo,
2105 2625 2241 2687 sive
2271 2625 2336 2684 in
2372 2625 2631 2686 Eubma.
2668 2645 2699 2680 »
2731 2626 2826 2684 An
2859 2639 3012 2702 ergo
3045 2625 3244 2702 patria
3270 2623 3714 2686 Chalcidensis

474 2713 594 2774 dici
637 2714 860 2776 debeat
909 2715 1464 2797 TheOphylactus?
1511 2723 1588 2782 At
1632 2724 1960 2801 quomodo
2011 2740 2082 2784 se
2126 2739 2194 2784 re
2231 2719 3015 2798 Constantinopolitanum
3071 2721 3442 2783 vocaverit?
3490 2723 3712 2783 Aduo-

474 2811 1130 2874 tantemCluverium
1189 2814 1514 2892 legimus:
1577 2828 1717 2896 post
1785 2819 2020 2898 primas
2082 2817 2228 2880 illas
2287 2817 2480 2878 maris
2537 2817 2912 2895 angustias,
2973 2831 3136 2895 quas
3216 2813 3716 2894 Hellespontum

475 2915 720 2982 vocant,
775 2909 1014 2972 Stretto
1060 2909 1154 2972 de’
1193 2912 1598 2987 Dardanelli,
1667 2915 1908 2996 porrigi
1977 2923 2237 2977 tenuem
2301 2911 2647 2991 quemdam
2715 2909 3057 2988 Euripum,
3121 2917 3464 2990 antequam
3524 2911 3718 2974 latius

473 3021 717 3086 aaquor,
751 3006 993 3069 dictum
1058 3011 1423 3088 Pr0pontis,
1482 3013 1905 3091 exspatietur,
1960 3029 2033 3074 ac
2078 3010 2294 3071 denuo
2331 3007 2398 3068 in
2449 3012 2690 3068 arctum
2756 3013 2933 3067 coeat
2977 3007 3100 3068 sub
3131 3007 3392 3068 nomine
3425 3007 3716 3086 Bospori.

474 3104 571 3164 An
629 3103 839 3179 potius
902 3105 1038 3166 loco
1087 3106 1154 3167 in
1212 3106 1432 3188 aliquo
1483 3109 1561 3170 ad
1636 3110 1806 3172 hunc
1867 3109 2178 3186 Euripum
2246 3104 2488 3166 natales
2543 3101 3065 3182 TheOphylactus
3128 3102 3474 3166 habuerit?
3535 3103 3717 3166 Ratio

475 3197 741 3262 fortasse
773 3211 1034 3279 apparet
1069 3201 1582 3274 convenientior,
1613 3206 1696 3267 ob
1735 3222 1922 3284 quam
1956 3205 2280 3284 appellare
2310 3213 2455 3264 sese
2489 3219 2554 3263 re
2589 3199 3372 3277 Constantinopolitanum
3411 3202 3719 3282 potuerit.

475 3297 713 3372 Quidni
760 3315 912 3360 vero
959 3299 1213 3360 tandem
1249 3300 1332 3360 ita
1381 3317 1524 3361 sese
1575 3300 1997 3378 appellaverit
2048 3300 2131 3362 ob
2183 3300 2502 3362 diutinam
2551 3298 2615 3360 in
2666 3300 2826 3360 urbe
2889 3297 3064 3376 regia
3115 3299 3716 3374 commorationem,

481 3394 584 3454 ubi
619 3393 860 3455 litteras
894 3393 1217 3466 didicerit,
1256 3412 1326 3457 ac
1355 3395 1546 3456 etiam
1599 3394 1920 3474 professor
1959 3395 2278 3470 docuerit,
2319 3394 2576 3474 aliaque
2620 3393 2857 3456 obierit
2910 3408 3086 3456 sacra
3136 3391 3403 3456 munia?
3431 3396 3584 3456 Rem
3621 3411 3722 3458 sa-

481 3491 609 3553 tius
644 3491 798 3553 mihi
838 3501 959 3561 est,
992 3491 1058 3552 in
1093 3491 1306 3554 medio
1333 3491 1727 3572 relinquere.

560 3591 656 3652 18.
704 3589 909 3652 Citato
944 3589 1012 3650 in
1047 3588 1339 3652 lndiculo
1372 3612 1400 3646 α
1435 3588 1638 3652 fuisse
1669 3589 1908 3669 legitur
1947 3590 2189 3665 rhetor,
2227 3595 2289 3651 et
2318 3587 2562 3667 Magnm
2596 3586 2898 3650 Ecclesia;
2973 3586 3308 3663 diaconus,
3344 3595 3372 3649 ὁ
3418 3595 3604 3668 ῥήτωρ
3633 3594 3711 3649 ὢν

403 3731 410 3744 .
477 3695 572 3762 καὶ
597 3694 844 3758 διάκονος
873 3693 973 3764 τῆς
994 3693 1250 3763 Μεγάλης
1279 3693 1625 3766 Ἐκκλησίας.
1665 3710 1694 3744 ν
1727 3676 1979 3750 Sacram

2103 3687 2218 3748 lem
2284 3686 2530 3748 Sancta)
2564 3683 2842 3762 SOphiaa,
2885 3683 3260 3763 patriarchas
3300 3685 3544 3759 sedem,
3589 3701 3705 3746 vo-

479 3783 655 3844 citari
697 3799 731 3843 a
763 3782 998 3845 Grazcis
1049 3782 1464 3844 consuevisse
1503 3783 1820 3846 ecclesiam
1871 3784 2486 3857 Constantinianam,
2522 3791 2584 3844 et
2633 3783 2927 3860 Magnam
2958 3781 3304 3842 Ecclesium
3347 3781 3722 3845 Constanti-

479 3881 749 3941 nianam.
800 3880 1081 3958 itemque
1114 3881 1404 3956 Magnam
1453 3881 1802 3942 Ecclesium
1855 3880 2375 3953 Theodosianam,
2417 3888 2478 3941 et
2524 3879 2818 3957 Magnam
2845 3875 3194 3938 Ecclesium
3227 3878 3717 3950 Justinianeam,

479 3977 586 4052 ιχ]
635 3993 706 4037 ac
748 3976 1005 4037 demum
1063 3976 1357 4053 Magnum
1412 3977 1760 4039 Ecclesium
1811 3977 1955 4039 sine
1985 3977 2254 4057 adjecto,
2289 3975 2544 4037 adnotat
2603 3973 2998 4036 Dufresnius
3046 3973 3112 4035 in
3159 3973 3718 4055 Constantinopoli

481 4073 868 4146 Christiana,
905 4071 1068 4135 libro
1115 4091 1208 4145 ιιι,
1244 4089 1277 4135 a
1313 4090 1489 4134 num.
1529 4091 1599 4134 ιι.

559 4170 654 4230 19.
711 4169 804 4230 Ad
860 4169 1476 4246 archiepiscOpatum
1537 4170 1733 4232 totius
1783 4169 2127 4250 Bulgaricae
2207 4168 2508 4232 Ecclesim
2570 4175 2832 4230 evectus
2886 4173 3006 4230 est.
3089 4167 3278 4228 Vocat
3331 4184 3400 4228 se
3460 4166 3602 4246 ipse
3652 4167 3718 4229 in

479 4261 745 4340 epistola
773 4263 872 4337 '73,
908 4262 988 4323 ad
1033 4263 1393 4326 Michaelem
1438 4265 1890 4342 Pantechnam,
1941 4266 2345 4346 imperatoris
2427 4265 2752 4327 medicum
2781 4311 2798 4340 ,
2834 4285 2862 4319 α
2901 4263 3100 4325 totius
3143 4263 3458 4340 Bulgaria
3507 4263 3720 4326 archi-

477 4358 908 4442 episcoiium‘:
950 4382 979 4416 ι
1012 4367 1072 4420 et
1119 4360 1180 4420 in
1211 4361 1479 4434 epistola
1519 4363 1577 4435 6,
1608 4362 1688 4423 ad
1725 4363 2100 4443 Gregorium
2133 4365 2551 4436 Cumuterum,
2583 4359 2857 4439 appellat
2899 4376 3044 4422 sese
3084 4380 3116 4417 α
3149 4359 3717 4438 archiepiscOpum

476 4454 542 4515 in
573 4455 732 4517 urbe
765 4454 1068 4516 Achride.
1109 4479 1138 4512 κ
3199 4502 3202 4504 η

554 4554 727 4614 Hanc
757 4553 1131 4628 dignitatem
1187 4555 1447 4634 quando
1495 4556 1874 4630 obtinuerit,
1927 4557 2267 4635 perspicua
2317 4553 2770 4618 desiderantur
2826 4559 3267 4626 monumenta,
3304 4569 3449 4631 qum
3480 4551 3717 4630 patefa-

477 4648 665 4710 ciant.
709 4647 947 4710 Infulas
973 4657 1252 4727 gestasse
1277 4649 1416 4713 sine
1448 4652 1648 4715 dubio
1674 4653 1949 4726 videtur,
1973 4669 2117 4716 cum
2147 4649 2482 4730 epistolam
2512 4651 3071 4713 scriberetlounni
3101 4649 3309 4729 (Italo)
3334 4650 3716 4729 philosopho

479 4745 644 4807 inter
681 4745 1083 4807 Meursianas
1130 4748 1684 4829 quadragesimum
1719 4750 2033 4827 quintam.
2071 4752 2285 4809 Datam
2319 4747 2491 4808 illam
2529 4763 2629 4818 eo,
2663 4764 2794 4826 quo
2821 4745 3384 4822 Constantinopoli
3455 4744 3720 4806 ﬂorebat

478 4849 759 4919 tempore
817 4840 1233 4918 phiJOSOphus
1282 4844 1416 4917 ille,
1457 4862 1529 4906 ac
1577 4845 2072 4924 imperatoribus
2103 4852 2317 4924 gratus
2368 4851 2525 4916 erat,
2588 4841 2882 4904 Michaeli
2931 4841 3182 4904 scilicet
3229 4857 3303 4903 ac
3333 4841 3567 4914 Mariae,
3607 4841 3719 4902 ad-

481 4937 843 4998 notavimus
885 4955 1062 5000 num.
1094 4939 1155 5010 9,
1188 4940 1357 5002 unde
1390 4941 1512 5002 sub
1550 4941 1694 5020 ipso
1731 4941 2065 5015 Michaele,
2098 4943 2210 5022 qui
2243 4943 2314 5002 ad
2360 4957 2606 5002 annum
2644 4956 2853 5018 usque
2891 4941 3050 5002 1078
3085 4938 3296 5002 tenuit
3330 4938 3703 5016 imperium,

477 5033 874 5112 Bulgariram
902 5033 1416 5113 TheOphylactus
1449 5037 1898 5101 administrare
1932 5039 2126 5118 cmpit
2156 5036 2537 5100 Ecclesium.

557 5132 628 5192 lu
670 5129 819 5206 alia,
856 5148 1045 5210 quam
1096 5133 1410 5196 Baronius
1443 5133 1658 5208 refert,
1691 5136 1774 5196 ad
1817 5137 2090 5200 Marium
2135 5134 2598 5213 imperatricem
2627 5132 2924 5211 epistola,
2958 5148 3103 5194 cum
3145 5149 3216 5194 se
3247 5153 3278 5188 α
3314 5130 3713 5194 descendere

483 5242 556 5288 au
591 5227 927 5304 Bulgaros,
958 5223 1030 5289 re'
1053 5229 1854 5308 ConstantinOpolitanum,
1883 5237 1997 5294 sed
2031 5231 2311 5309 hospitio
2343 5231 2689 5308 Bulgarum
2723 5252 2752 5285 ιο
2787 5221 3052 5304 scribat,
3083 5235 3256 5290 certo
3285 5227 3412 5306 jam
3442 5233 3713 5300 constat,

481 5339 550 5384 ea
594 5331 726 5385 tum
762 5323 1031 5402 potitum
1062 5321 1265 5384 fuisse
1299 5325 1629 5403 dignitate.
1664 5327 1822 5389 Cum
1855 5344 2006 5392 vero
2049 5327 2286 5390 ibidem
2333 5345 2402 5390 se
2451 5327 2731 5404 appellet
2779 5345 3008 5402 senem,
3047 5327 3112 5388 id
3162 5333 3260 5387 est
3290 5324 3712 5402 provectioris

476 5421 676 5481 astatis
711 5417 1060 5493 hominem,
1092 5419 1303 5498 colligi
1336 5421 1517 5482 facile
1555 5430 1783 5500 potest,
1821 5440 1946 5485 non
1989 5441 2210 5502 parum
2243 5424 2464 5486 eadem
2503 5425 2566 5484 in
2604 5423 2914 5500 dignitate
2948 5431 3313 5501 eodemque
3345 5422 3409 5482 in
3445 5435 3716 5481 munere

474 5511 871 5588 ίυευωριυω
921 5509 1124 5572 fuisse
1184 5513 1510 5591 ιθιιιιιοιίίδι
1571 5515 1876 5587 scriptam
1903 5517 2260 5596 epistolam,
2315 5529 2380 5586 ut
2436 5523 2680 5584 tardius
2741 5522 3043 5584 constitui
3105 5521 3312 5593 liceat,
3358 5519 3716 5595 imperante

478 5606 834 5686 Nicephoro
888 5607 1240 5680 Botoniata,
1290 5610 1368 5670 ab
1415 5627 1622 5690 coque
1673 5611 1805 5690 jam
1836 5612 1960 5675 sibi
2025 5623 2165 5689 post
2210 5631 2450 5676 annum
2509 5615 2665 5676 1078
2711 5614 3005 5694 copulata
3053 5613 3116 5672 in
3165 5627 3432 5672 uxorem
3466 5608 3700 5681 Maria,

475 5701 878 5768 ostendimus
908 5720 1084 5766 num.
1120 5705 1215 5766 10.
1252 5705 1558 5787 Adeoque
1585 5716 1730 5770 ante
1754 5726 1993 5772 annum
2023 5711 2197 5781 1078,
2231 5708 2440 5771 adhuc
2471 5709 2828 5788 imperante
2860 5706 3176 5770 Michaele
3217 5708 3408 5778 Duca,
3441 5702 3702 5766 collatas

477 5796 949 5878 'IheOphylacto
986 5799 1219 5862 infulas
1259 5802 1860 5884 archiepiscopales,
1893 5805 2236 5868 dicendum
2277 5805 2559 5868 videtur.
