3984 6630
314 383 386 447 27
1128 388 1336 451 BERN
1391 387 1670 452 mata;-
1700 392 1797 453 DE
1832 392 2117 456 PUBEIS
2155 392 2658 459 DISSERTATIO
2722 378 2727 383 ’
3498 370 3570 463 εδ

391 501 492 565 20.
527 501 910 566 Litterarum
948 506 1311 582 prmstantia
1342 505 1606 569 ﬂorebat
1642 530 1657 569 :
1691 509 1952 590 egitque
1984 509 2309 574 rhetorem
2345 518 2493 574 ante
2548 512 2877 592 indeptam
2918 512 3322 592 dignitatem.
3365 512 3574 576 Sacris
3620 507 3644 523 "

314 595 530 676 ipsum
565 598 629 660 in
662 598 1034 677 disciplinis
1067 599 1422 677 plurimum
1464 602 1778 677 valuisse,
1816 604 1982 668 bene
2036 608 2260 683 multa,
2321 623 2468 688 quae
2511 607 2673 671 infra
2724 610 3121 673 recensenda
3166 617 3343 684 sunt,
3401 610 3580 672 evin-

316 701 469 756 cunt
507 695 803 772 praeclara
858 695 1001 775 ejus
1058 715 1277 777 opera.
1321 699 1443 761 Sed
1476 701 1670 763 etiam
1715 700 2091 765 liberalibus
2140 705 2430 783 apprime
2467 707 2795 768 excultum
2829 705 3065 768 litteris
3115 709 3396 785 produnt
3429 706 3572 786 ejus

319 790 646 867 Epistolas,
680 809 753 855 ac
794 794 966 857 varia
1009 810 1135 874 qua
1180 795 1433 858 refertaa
1477 803 1653 866 sunt,
1686 799 1994 861 eruditio.
2030 801 2360 862 Accedunt
2390 802 2727 865 Institutio
2753 796 2949 883 Regia
2970 802 3054 864 ad
3090 803 3577 867 Constantinum

312 885 954 967 Porphyrogenitum,
1002 898 1066 955 et
1102 892 1326 956 Oratio
1374 892 1458 954 ad
1489 892 1787 955 Alexium
1817 895 2195 956 Comnenum
2221 896 2597 975 Augustum,
2630 916 2703 961 ac
2738 899 3027 978 denique
3062 899 3126 960 in
3166 897 3576 961 Carminibus

318 984 675 1061 pangendis
716 986 967 1064 peritia,
1002 1004 1281 1069 quorum
1316 989 1460 1070 ipse
1498 988 1791 1051 meminit
1825 989 1892 1052 in
1948 991 2220 1070 epistola
2247 993 2327 1054 20
2371 991 2455 1055 ad
2495 995 3012 1057 Mermentlarum
3046 997 3434 1075 episcopum,
3468 993 3576 1055 in-

316 1078 555 1158 quiens
600 1101 679 1140 :«
716 1084 852 1146 Hoc
897 1085 1164 1165 quidem
1227 1089 1399 1167 quod
1466 1088 1679 1150 solum
1722 1085 1942 1157 habui,
2013 1087 2301 1151 iambicis
2355 1091 2657 1153 versibus
2717 1092 2970 1170 expuli,
3029 1090 3263 1154 multas
3317 1092 3577 1154 interim

318 1173 559 1254 elegias
607 1185 812 1241 totum
854 1197 969 1260 per
1017 1199 1257 1247 annum
1304 1186 1647 1248 concinere
1700 1193 1981 1249 coactus.
2024 1207 2054 1239 π
2084 1185 2253 1247 Hinc
2298 1203 2449 1249 vero
2482 1186 2568 1250 ob
2606 1188 3069 1260 eruditionem,
3122 1205 3247 1268 qua
3284 1187 3576 1260 ﬂorebat,

317 1280 467 1333 nato
497 1276 943 1350 Constantino,
982 1279 1322 1343 Michaelis
1361 1283 1556 1344 Ducas
1584 1287 1646 1344 et
1680 1281 1896 1344 Marias
1928 1279 2086 1350 ﬁlio,
2125 1288 2479 1361 prmceptor
2516 1284 2900 1365 designatus
2933 1284 3286 1365 datusque.

398 1368 501 1432 21.
550 1372 727 1448 Smpe
760 1376 1132 1437 memoratis
1166 1394 1246 1438 ex
1289 1376 1597 1457 Epistolis
1629 1378 2050 1450 addiscimus,
2083 1376 2169 1441 ita
2201 1378 2474 1469 Achride
2507 1380 2573 1442 in
2633 1382 2935 1462 Bulgaria
2980 1382 3196 1463 egisse
3237 1378 3586 1458 'l‘heOphy-

323 1461 591 1540 iactum,
632 1474 701 1530 ut
740 1470 979 1548 regiam
1014 1472 1079 1533 in
1117 1472 1339 1535 urbem
1377 1473 1734 1537 identidem
1773 1475 2137 1552 ventitaret,
2173 1475 2314 1538 sive
2366 1461 2623 1558 negotia
2697 1461 2817 1541 sua
2866 1461 3394 1557 pertractaturus,
3444 1476 3583 1536 sive

323 1561 660 1626 invisurus
711 1567 901 1630 etiam
970 1569 1365 1650 discipulum
1456 1572 1812 1652 principem
1844 1615 1861 1645 ,
1904 1571 2179 1652 ejusque
2235 1581 2499 1637 matrem
2547 1575 2836 1647 Mariam,
2873 1581 2984 1637 aut
3021 1582 3394 1652 regnantem
3437 1586 3583 1634 cum

318 1658 826 1739 imperatoribus
871 1667 1187 1729 Michaele
1228 1676 1289 1730 et
1322 1668 1683 1739 Botoniata,
1715 1674 1845 1731 ’aut
1886 1667 1955 1729 in
1995 1669 2388 1732 monasterio
2432 1670 2775 1751 degentem
2807 1673 2930 1734 sub
2958 1671 3189 1734 Alexio
3222 1672 3582 1733 Comneno.

320 1756 638 1833 Tempore
674 1760 1083 1836 procedente,
1124 1764 1535 1843 Bulgaricum
1571 1766 1788 1827 minus
1826 1763 1951 1844 ipsi
1985 1764 2306 1841 placuisse
2347 1767 2726 1839 incolatum,
2772 1769 2981 1849 prodit
3030 1768 3169 1847 ejus
3196 1765 3471 1847 epistola
3504 1763 3588 1825 ad

315 1851 628 1915 Joannem
673 1873 964 1934 magnum
1012 1858 1437 1934 domesticum,
1495 1863 1665 1941 apud
1719 1861 2062 1924 Baronium
2120 1861 2201 1924 ad
2263 1879 2506 1927 annum
2564 1864 2743 1941 1071,
2809 1865 3204 1935 num.XXI.
3284 1862 3397 1925 ubi
3452 1862 3589 1924 hac

320 1946 646 2012 habentur
680 1972 697 2014 :
738 1974 767 2007 ex
801 1954 939 2017 Non
976 1955 1192 2019 servio
1223 1957 1413 2020 diviti
1449 1959 1711 2040 reginae,
1750 1960 2139 2038 mundaaque
2172 1968 2234 2021 et
2265 1960 2571 2038 pulchrm,
2614 1971 2809 2041 atque
2846 1962 3010 2025 adeo
3044 1960 3278 2024 Veneri
3318 1976 3587 2022 aurea):

320 2047 435 2108 sed
466 2047 674 2109 servis
705 2048 1029 2126 barbaris,
1054 2053 1329 2134 impuris
1360 2053 1743 2139 fmtidasque
1783 2057 1982 2138 pelles
2003 2054 2414 2120 olentibus...
2463 2058 2705 2121 Solvite
2736 2076 2838 2122 me
2868 2059 2986 2121 hac
3027 2058 3200 2137 turpi
3251 2059 3585 2131 servitute,

321 2143 435 2221 ‘qui
472 2147 767 2224 potestis.
803 2170 833 2204 »

405 2240 720 2305 Eumdem
763 2244 970 2323 ipsius
998 2248 1289 2311 animum
1323 2250 1566 2315 indicat
1597 2254 1873 2333 epistola
1916 2255 2085 2320 inter
2115 2256 2519 2319 Meursianas
2563 2257 2669 2331 21,
2719 2255 2795 2319 ad
2840 2254 3172 2317 Anenium.
3219 2253 3324 2315 Ait
3360 2252 3539 2315 enim
3568 2273 3591 2313 :

327 2333 808 2432 altleumgmilii
850 2341 1173 2402 somnium
1229 2335 2082 2415 enarrasl‘me'in‘ﬁdia
2117 2352 2418 2432 Bulgaria
2455 2352 2760 2414 barbaros
2800 2359 2862 2414 et
2894 2350 3172 2414 rusticos
3204 2366 3415 2413 mores
3439 2366 3588 2412 ore.

324 2428 486 2491 (Ῐθηδ
526 2429 784 2495 ίῐηίίδτί·
819 2434 1073 2514 Inst)ice
1126 2439 1325 2513 θηίῐη,
1365 2450 1677 2522 quantum
1722 2461 1844 2524 ego
1902 2428 2284 2513 rusticitatis
2334 2457 2397 2513 et
2433 2448 2710 2512 feritatis
2751 2456 3062 2512 craterem
3104 2447 3444 2521 ebiberim,
3470 2445 3598 2525 qui.

323 2538 593 2593 τοσούτων
625 2541 762 2596 ἐτῶν
785 2544 894 2598 τῶν
921 2546 1019 2618 τῆς
1039 2547 1233 2618 σοφίας
1266 2551 1488 2622 χωρίων
1510 2552 1843 2626 ἀποδημῶν,

325 2628 505 2690 irrita
544 2626 750 2690 fuere.

2033 2547 2222 2610 annis
2265 2545 2658 2627 asapientia;
2690 2547 2848 2610 locis
2913 2544 3166 2608 absum.
3200 2567 3231 2603 ι
3263 2545 3418 2606 Vota
3444 2542 3592 2625 ejus

325 2628 505 2691 irrita
544 2628 750 2695 fuere.

1885 2811 2025 2880 VII.

322 2954 621 3061 Ecglfsiw
641 2958 993 3061 Bulgaricce
1011 2962 1125 3055 sub
1147 2963 1402 3061 regib'us
1435 2967 1726 3061 propriis
1760 2967 2039 3061 initium.
2080 2969 2167 3061 Pe
2187 2970 2341 3050 jure
2367 2969 2434 3061 in
2462 2969 2665 3061 ipsam
2696 2967 3041 3061 contentio.
3066 2969 3378 3061 Romanos
3414 2984 3586 3061 pon-

408 3035 605 3127 tiﬁces
639 3035 910 3127 inle'r‘ae
940 3035 1272 3127 episcopos
1301 3035 1714 3127 Byzantinos.
1782 3048 2034 3108 Τῆνοηο
2070 3035 2789 3127 Constantinopolitano
2815 3065 2944 3107 non
2978 3047 3282 3109 obnoxia.
3313 3035 3591 3106 Subacta

402 3116 737 3206 (fmGrtecig
809 3116 1308 3206 imperamri'bus
1353 3116 1712 3206 provincia,
1771 3127 2276 3206 autocephaliam
2358 3116 2566 3206 servat
2637 3126 2958 3197 Ecclesia,
3040 3144 3287 3204 eamque
3342 3132 3593 3206 tutatur

406 3192 913 3331 ineophylactui
978 3210 1203 3263 contra
1268 3192 1429 3284 ju'ra
1493 3192 1928 3284 Staarbpegii.
1986 3192 2283 3270 Marinus
2335 3204 2737 3280 emendatus,
2813 3192 3078 3285 itemque
3137 3192 3590 3267 Joannes'Lo-

482 3294 547 3331 σε
591 3295 687 3331 η..-
798 3296 805 3301 “

324 3294 333 3301 “
406 3292 687 3338 moerus.
798 3296 805 3301 “

406 3415 889 3497 22.Bulgaricm
912 3420 1220 3501 regionis,
1255 3422 1365 3485 ubi
1415 3423 1939 3504 TheOphylactus
1984 3421 2335 3487 Ecclesiam
2389 3423 2840 3486 moderabatur
2872 3421 3423 3500 archiepiscopus,
3463 3436 3590 3480 uno

327 3531 474 3576 men
510 3531 541 3575 a
578 3517 836 3595 populis
872 3516 1222 3592 profectum
1265 3527 1382 3592 est.
1409 3522 1520 3602 qui
1555 3522 1819 3600 Bulgari
1852 3523 2241 3584 vocabantur
2286 3537 2321 3581 a
2362 3520 2566 3583 ﬂuvio
2594 3520 2822 3599 Bulga,
2858 3519 2999 3583 sive
3039 3518 3247 3597 Volgo.
3285 3517 3589 3580 Pluribus

328 3611 697 3674 remotioris
728 3612 848 3675 εθνὶ
879 3613 1356 3693 irruptionibus
1376 3634 1598 3680 eorum
1630 3618 1695 3680 in
1720 3619 1874 3680 fines
1909 3616 2169 3695 imperii
2204 3617 2675 3695 praetermissis,
2696 3616 2836 3693 [ΧΙ]
2864 3614 3101 3677 iterum
3131 3628 3301 3675 anno
3329 3612 3589 3692 septimi

327 3708 545 3772 saaculi
582 3710 1061 3788 septuagesimo
1085 3721 1307 3775 octavo
1340 3715 1710 3776 Danubium
1744 3721 2230 3781 transmeantes,
2266 3712 2554 3776 Thraciae
2582 3711 2716 3774 loca
2754 3718 3153 3788 occuparunt
3192 3730 3207 3771 :
3262 3708 3587 3786 bellisque

331 3815 552 3869 postea
586 3805 913 3876 confectis,
952 3809 1316 3872 institutum
1348 3829 1618 3889 regnum
1658 3810 2047 3891 ampliavere
2072 3809 2353 3873 subactis
2387 3808 2762 3887 provinciis,
2787 3825 2951 3888 qua).
2974 3807 3249 3885 imperio
3288 3809 3596 3869 Constan-

332 3905 759 3982 tiimpolitano
804 3906 1133 3984 parebant,
1170 3910 1358 3971 Dacia
1441 3910 1901 3972 mediterranea
1940 3917 2002 3972 et
2031 3908 2321 3987 Ripensi,
2362 3909 2582 3972 Maesia
2614 3906 2933 3981 ulteriori,
2984 3906 3294 3967 Dardania
3330 3913 3393 3966 et
3423 3907 3597 3966 Prm-

331 4000 483 4075 vali,
526 4003 831 4072 secundm
867 4005 1262 4068 Macedoniae
1293 4016 1492 4086 parte,
1525 4024 1598 4069 ac
1628 4014 1801 4084 parte
1845 4008 2229 4070 Pannonian

414 4098 635 4161 Deleta
666 4100 729 4162 in
763 4100 938 4163 hisce
970 4102 1348 4182 regionibus
1381 4105 1737 4167 Christiana
1773 4107 1928 4169 fides
1954 4105 2186 4166 mansit
2220 4105 2358 4173 diu,
2395 4121 2604 4184 usque
2637 4103 2885 4166 scilicet
2919 4102 2995 4164 ad
3030 4102 3362 4181 Bogorim,
3398 4116 3581 4162 nov-e

336 4194 657 4275 Bulgarim
684 4215 897 4278 regem
924 4243 942 4271 ,
989 4202 1101 4278 qui
1152 4217 1322 4262 anno
1350 4203 1466 4265 861
1518 4220 1698 4265 sacro
1727 4202 2105 4281 baptismate
2145 4200 2704 4279 Constantinopoli
2753 4200 3012 4261 ablutus
3046 4208 3169 4266 est,
3208 4214 3578 4276 nomenque

335 4294 606 4353 mutavit
660 4294 726 4358 in
776 4295 1183 4367 Michaelem,
1232 4314 1363 4376 quo
1414 4299 1605 4361 etiam
1644 4305 1986 4361 vocabatur
2043 4299 2390 4379 imperator
2425 4300 2816 4370 Graecorum,
2853 4295 3125 4358 Michael
3155 4294 3387 4357 tertius
3429 4297 3584 4355 Por-

337 4389 832 4470 phyrogenitus.
889 4393 1243 4470 Episcopos
1294 4402 1354 4454 et
1414 4395 1826 4473 presbyteros
1876 4395 2251 4458 catechistas
2310 4411 2616 4472 accepere
2672 4391 2934 4472 Bulgari
2986 4409 3020 4454 a
3070 4390 3375 4454 Romanis
3437 4398 3500 4452 et
3557 4407 3593 4451 a

334 4489 648 4550 Francis:
692 4489 767 4549 ad
818 4504 1062 4567 eosque
1127 4497 1379 4551 exstant
1436 4490 1733 4554 Nicolail
1785 4492 2020 4554 summi
2057 4491 2378 4571 pontificis
2422 4491 2502 4553 de
2564 4490 2756 4553 rebus
2814 4489 2966 4552 ﬁdei
3015 4489 3436 4565 moribusque
3482 4488 3598 4548 Re-

335 4602 591 4664 sponsa,
637 4602 808 4648 anno
860 4585 1119 4648 circiter
1163 4587 1283 4649 866
1337 4589 1502 4650 data.
1559 4589 1706 4650 Hmc
1751 4588 1838 4651 ibi
1880 4589 2194 4651 habentur
2233 4588 2313 4649 de
2368 4587 2747 4666 patriarcha,
2799 4604 2993 4665 quem
3031 4585 3157 4646 sibi
3198 4584 3480 4646 ordinari
3520 4600 3594 4645 ac

339 4685 567 4760 praaﬁci
653 4683 955 4762 Optabant
1018 4701 1198 4746 num.
1259 4703 1462 4745 Lxxn.
1529 4709 1558 4741 α
1592 4687 1984 4765 Requisistis
2016 4729 2034 4756 ,
2090 4684 2144 4745 si
2210 4682 2399 4747 liceat
2444 4685 2510 4746 in
2558 4683 2742 4745 vobis
2785 4682 3207 4761 patriarcham
3254 4680 3539 4743 ordinari
3578 4703 3595 4743 :

337 4781 450 4842 sed
482 4781 561 4843 de
590 4778 709 4841 hoc
754 4781 916 4841 nihil
949 4780 1281 4843 deﬁnitive
1314 4785 1707 4860 respondere
1743 4799 2108 4861 possumus,
2147 4781 2526 4860 priusquam
2563 4779 2749 4859 legati
2790 4778 3018 4851 nostri,
3052 4793 3219 4856 quos
3251 4777 3586 4840 vobiscum

338 4875 680 4948 mittimus,
735 4876 976 4938 reversi
1028 4874 1349 4940 fuerint...
1402 4879 1555 4940 Nam
1604 4880 1858 4941 interim
1908 4880 2290 4956 episcOpum
2349 4879 2693 4941 habetote:
2747 4884 2808 4937 et
2850 4893 3027 4948 cum,
3071 4875 3311 4937 divinae
3370 4875 3592 4951 gratia;

341 4975 770 5045 incremento,
798 4973 1252 5037 Christianitas
1306 4975 1393 5036 ibi
1439 4973 1636 5037 fuerit
1688 4976 1968 5051 dilatata,
2001 4984 2063 5038 et
2107 4976 2398 5053 episc0pi
2440 4993 2552 5055 per
2594 4973 2888 5050 singulas
2935 4971 3255 5034 Ecclesias
3288 4972 3592 5046 ordinati,

340 5078 493 5134 tunc
522 5070 864 5151 eligendus
897 5079 994 5132 est
1026 5071 1193 5133 inter
1222 5089 1335 5134 eos
1370 5090 1541 5134 unus
1565 5073 1704 5152 qui,
1743 5073 1796 5134 si
1820 5089 1947 5136 non
1980 5072 2362 5152 patriarcha,
2392 5078 2562 5134 certe
2609 5068 3137 5147 archiepiscopus
3168 5067 3595 5146 appellandus

341 5175 459 5238 est,
492 5169 569 5229 ad
616 5186 810 5247 quem
847 5183 1073 5229 omnes
1109 5179 1517 5233 concurrant.
1559 5192 1589 5227 ι

350 5322 359 5329 .
417 5266 521 5328 23.
571 5268 659 5325 De
690 5263 953 5342 juribus
999 5263 1062 5324 in
1109 5264 1460 5326 Ecclesium
1500 5266 1806 5345 Bulgaria
1828 5273 1969 5331 orta
2023 5266 2101 5329 lis
2153 5272 2252 5328 est
2292 5268 2616 5327 Romanos
2669 5262 2839 5325 inter
2904 5269 2967 5325 et
3011 5260 3610 5340 Constantinopoli-

340 5371 549 5427 tanos.
593 5362 812 5423 Soluta
853 5347 1071 5421 octava
1100 5361 1492 5423 meumenica
1537 5363 1814 5442 synodo,
1848 5371 2065 5427 contra
2105 5362 2401 5425 Photium
2435 5360 2778 5433 celebrata,
2832 5361 2912 5421 de
2962 5359 3286 5439 prmdictis
3334 5358 3595 5437 juribus

339 5479 511 5523 anno
557 5461 678 5522 869
721 5466 930 5519 actum
967 5464 1087 5520 est.
1135 5458 1334 5520 Graeci
1380 5459 1667 5537 judices,
1703 5461 1949 5522 tametsi
2002 5459 2303 5531 recusati,
2357 5458 2739 5519 sententiam
2796 5456 3054 5518 tulere:
3091 5477 3120 5511 α
3167 5453 3591 5533 Bulgarorum

345 5557 607 5636 patriam
682 5558 748 5617 in
802 5556 1164 5616 Graecorum
1212 5562 1518 5631 potestate
1571 5557 2069 5618 dudumfuisse
2134 5557 2270 5626 (eas
2327 5571 2561 5633 nempe
2600 5551 2992 5632 provincias,
3049 5551 3292 5631 quibus
3351 5566 3591 5612 novum

350 5654 661 5734 Bulgaria:
705 5669 976 5732 regnum
1023 5653 1580 5726 constituebatur),
1627 5663 1689 5718 et
1734 5659 1985 5718 Graecos
2025 5652 2394 5715 sacerdotes
2430 5651 2734 5714 habuisse
2784 5657 3018 5711 sancta;
3050 5647 3355 5710 Ecclesim
3416 5648 3592 5710 Con-

345 5750 949 5829 stantinopolitanae,
986 5774 1016 5808 ι
1048 5751 1521 5831 adeoquccum
1557 5776 1586 5808 ‹‹
1638 5755 1719 5816 ab
1759 5770 1831 5815 ea
1877 5751 2186 5832 (Ecclesia
2236 5743 2913 5825 ConstantinOpoleos)
2967 5761 3080 5822 per
3144 5742 3592 5824 paganismum

268 5900 269 5903 η
346 5849 740 5925 recessisset,
778 5866 947 5913 nunc
980 5867 1091 5932 per
1120 5848 1681 5915 Christianismum
1722 5849 1932 5913 eidem
1977 5846 2226 5911 restitui
2256 5845 2517 5910 debere.
2548 5843 2578 5902 ii
2617 5845 2846 5908 Contra
2898 5842 3229 5905 decretum
3268 5838 3593 5902 interces-
