4058 6470
431 355 498 422 31
1254 369 1478 432 BERN.
1522 372 1784 433 MABUE
1825 374 1922 433 DE
1965 375 2248 436 IiUBEIS
2294 377 2812 441 DISSERTATIO.
3157 441 3164 453 ,
3598 389 3671 450 32

431 488 588 533 num
618 476 1120 556 staurOpegium,
1150 481 1322 557 quod
1359 483 1707 544 monachus
1737 485 1842 546 ille
1869 485 2158 564 iactabat,
2205 489 2562 549 cnnonibus
2610 497 2670 550 et
2709 489 3014 552 Ecclesia
3057 508 3191 554 sua
3226 496 3666 574 autocepbalia

431 569 561 647 agit
588 570 1110 652 archiepisc0pus
1142 577 1477 656 Bulgaria.

511 663 909 743 Singularem
969 673 1304 749 quamdam
1375 674 1703 750 potestatis
1771 675 1837 736 in
1912 675 2207 754 Bulgaria
2276 677 2756 756 prarogativam
2829 681 3310 760 TheOphylacto
3379 683 3667 750 tribuere

431 759 685 822 videtur
718 763 998 825 Joannes
1033 767 1378 830 Lonicerus
1410 787 1443 828 e
1483 769 1834 833 Lutherana
1866 783 2036 835 secta
2071 776 2130 831 in
2158 771 2532 834 Prat‘atione
2584 775 2658 835 ad
2721 759 3228 840 Commentarios
3275 781 3342 842 in
3393 792 3670 861 quatuor

438 851 774 928 prephetas
810 856 1113 929 minores,
1152 857 1455 935 inquiens
1491 884 1503 920 :
1549 887 1573 914 α
1616 864 1798 924 Hunc
1835 864 2101 940 (scilicet
2133 867 2707 944 TheOphylartum)
2739 871 3056 949 Bulgaria
3107 851 3432 951 regionis-
3461 878 3668 940 archi-

434 945 809 1023 episcepum
851 952 1631 1033 exstitisse,principeque
1654 958 1947 1035 ﬂoruisse
1971 965 2276 1037 potentia,
2310 968 2630 1042 peroratio
2658 975 3011 1046 exegeseOs
3040 971 3107 1029 in
3125 971 3369 1033 Nahum
3389 975 3671 1054 prophe—

432 1047 558 1097 tam
585 1043 816 1119 arguit.
871 1045 984 1106 Ubi
1044 1051 1416 1125 paramesim
1461 1052 1786 1130 principes
1840 1068 2308 1120 concernentem
2371 1061 2432 1122 in
2494 1079 2563 1122 se
2627 1043 2942 1141 ipse—ceu
2987 1066 3338 1144 principem
3399 1043 3604 1132 verIit.
3639 1095 3666 1127 s

431 1131 694 1195 lndicati
745 1137 862 1198 loci
914 1142 1098 1203 verba
1141 1153 1340 1205 sunt:
1377 1167 1406 1202 α
1450 1147 1594 1207 Hac
1633 1149 1845 1211 omnia
1907 1152 2228 1230 principes
2298 1131 2671 1228 audientes,
2721 1131 3076 1236 cogitem-us
3139 1131 3340 1222 Deum
3381 1163 3665 1243 judicem

433 1229 634 1333 nostri
685 1231 749 1292 in
809 1234 1132 1312 subjectos
1185 1241 1371 1301 nobis
1428 1242 1694 1304 affectus
1744 1244 2321 1330 dispositionisque
2376 1260 2660 1314 nostra:
2712 1229 3030 1333 velleque,
3081 1265 3150 1317 ut
3190 1275 3302 1318 nos
3351 1229 3668 1324 mansueti

431 1322 636 1385 simus
672 1347 818 1407 erga
845 1333 1359 1410 obtemperantes
1409 1338 1622 1412 nobis,
1676 1348 1744 1402 ut
1788 1322 1946 1404 adeo
2001 1345 2162 1406 nihil
2210 1322 2422 1425 asperi
2479 1348 2612 1410 illis
2662 1349 3101 1429 injungamus.
3155 1377 3182 1409 ιο
3237 1356 3666 1434 Principibus,

431 1423 818 1503 quicunque”
842 1429 988 1504 sint,
1026 1429 1155 1492 hac
1187 1432 1329 1495 sine
1369 1435 1566 1497 dubio
1612 1440 1954 1514 paranesis
2011 1423 2367 1504 convenit:
2416 1463 2558 1523 qua
2608 1423 2817 1507 tam-en
2854 1423 2942 1508 in
2999 1423 3480 1526 Theophylacto
3537 1471 3664 1515 non

429 1519 617 1581 aliam
652 1526 980 1601 potestatis
1036 1531 1516 1609 prarogativam
1572 1533 1828 1606 indicat,
1878 1536 2001 1597 nisi
2050 1519 2688 1618 archiepiscopalem,
2758 1550 2817 1602 et
2870 1544 3132 1620 quidem
3180 1562 3212 1605 a
3262 1548 3453 1624 regia
3491 1551 3668 1611 urbis

429 1613 659 1679 throno
687 1618 1251 1698 independentem,
1289 1636 1354 1687 ut
1389 1628 1830 1690 enarravimus
1859 1648 2039 1696 num.
2068 1634 2168 1694 25.
2215 1613 2290 1693 Si
2314 1613 2473 1713 quid
2508 1636 2786 1715 amplius
2816 1637 3181 1716 suspicatus
3226 1613 3420 1702 fuerit
3479 1646 3668 1706 Loui-

427 1726 640 1787 cerus,
676 1712 920 1776 fallitur
943 1718 1225 1798 egregie.

1964 1897 2134 1958 VIII.

426 2027 1002 2124 Archiepiscopafis
1055 2035 1373 2124 Bulgaria
1421 2041 2136 2124 jurisdigtiouprimum
2176 2043 2371 2105 veluti
2423 2063 2605 2124 vaga,
2668 2060 2798 2107 tum
2845 2048 3133 2110 Achridw
3197 2051 3330 2111 sedi
3392 2070 3664 2111 annexa.

507 2109 803 2200 Achridis
832 2110 1010 2171 urbis
1033 2109 1204 2208 situs
1223 2126 1281 2176 et
1312 2109 1625 2208 cpn'ditar.
1668 2109 2379 2208 BelgiciinBujgariam
2411 2109 2636 2208 inpius,
2680 2128 3128 2208 Theophylacti
3174 2109 3664 2208 temporean

505 2189 906 2248 zantinorum
937 2201 1306 2253 exacturum
1335 2195 1734 2273 improbitas.
1771 2189 2163 2261 Sollicituda
2194 2202 2324 2281 ejus
2358 2189 2805 2265 ecclesiastica.

505 2333 605 2392 27.
652 2335 925 2396 Condito
957 2336 1272 2414 Bulgaria
1330 2358 1530 2417 regno
1565 2343 1786 2423 ibique
1822 2346 2162 2407 constituta
2193 2348 2315 2407 sub
2348 2366 2494 2427 rege
2532 2350 2761 2428 Bogori
2800 2350 3084 2413 Ecclesia
3115 2352 3468 2431 Bulgarica.
3501 2359 3670 2414 certa

425 2444 498 2488 ac
529 2430 643 2490 tixa
676 2447 799 2490 non
859 2441 991 2492 erat
1039 2435 1504 2515 archiepiscopi
1559 2442 1791 2514 sedes;
1843 2443 1954 2502 sed
2008 2441 2299 2521 regimen
2338 2445 2887 2524 archiepisCOpale
2937 2446 3104 2520 aliis,
3151 2455 3344 2526 atque
3376 2448 3519 2510 aliis
3557 2466 3670 2526 pro

429 2533 593 2587 nutu
650 2545 871 2605 regum
917 2529 1294 2593 demandari
1341 2545 1761 2597 consueverat
1820 2537 2218 2600 diversarum
2282 2541 2716 2604 Ecclesiarum
2775 2544 3126 2620 episcOpis.
3182 2545 3252 2606 In
3300 2562 3418 2607 ms.
3467 2547 3670 2625 Regio

425 2622 772 2684 Parisiensi
809 2625 1101 2688 Indiculo
1131 2628 1579 2707 episcOporum
1620 2633 2112 2697 Achridensium
2142 2637 2313 2713 apud
2349 2639 2778 2716 Lequienum,
2808 2638 3332 2715 postGahrielem
3368 2622 3666 2719 aliosque

425 2735 537 2815 sex
567 2719 1086 2801 archiepiscopos
1135 2727 1476 2804 Bulgaria,
1522 2730 1820 2806 sequitur
1869 2731 2204 2810 Philippus
2248 2751 2426 2795 num.
2458 2735 2616 2808 VIII,
2681 2758 2706 2789 α
2757 2735 2866 2812 qui
2904 2735 3144 2798 dicitur
3185 2735 3529 2815 Lychnida
3567 2753 3670 2798 se-

423 2812 620 2890 disse,
652 2835 797 2895 qua
819 2819 1121 2898 deinceps
1162 2822 1452 2885 Achrida.
1492 2849 1518 2877 η
1549 2827 1723 2886 Hanc
1787 2829 1992 2889 cateri
2026 2829 2497 2908 archiepiscOpi
2530 2838 2797 2892 tenuere
2830 2832 3078 2907 sedem,
3133 2812 3420 2908 itemque
3459 2831 3669 2894 Theo-

427 2907 784 2987 phylactus.
831 2916 908 2974 Se
958 2923 1136 2977 vocat
1187 2918 1324 2995 ipse
1360 2919 1424 2980 in
1477 2920 1746 2996 epistola
1797 2925 1859 2990 6,
1903 2925 1986 2984 ad
2029 2925 2405 3004 Gregorium
2437 2907 2878 3001 iCamaterum,
2919 2951 2946 2984 α
2993 2927 3547 3006 archiepiscopum
3599 2928 3668 2990 in

431 3007 590 3066 urbe
625 3008 922 3070 Aebrida.

503 3102 603 3163 28.
669 3104 736 3163 In
796 3105 1063 3181 epistola
1114 3107 1235 3181 65,
1291 3110 1372 3172 ad
1426 3111 1794 3188 magistrum
1850 3113 2103 3179 domina

2066 3139 2164 3179 um
2212 3124 2518 3182 Joannem
2571 3123 2994 3183 Pantechnam
3042 3122 3136 3184 sic
3195 3123 3277 3183 ait
3317 3142 3330 3183 :
3364 3147 3393 3179 α
3432 3125 3668 3185 Cuncta

430 3207 668 3272 autem,
711 3200 777 3261 in
833 3205 1070 3281 quibus
1113 3205 1335 3267 Achris
1372 3219 1681 3281 versatur,
1730 3211 1911 3288 plena
1956 3220 2214 3277 horrent
2249 3228 2416 3280 metu
2452 3229 2555 3280 :et
2589 3220 2783 3280 Moeri
2823 3219 3024 3297 regio,
3075 3227 3170 3281 est
3203 3220 3372 3280 enim
3415 3221 3668 3281 Mocrus

425 3297 722 3360 Achridis
783 3303 1392 3379 portio.»Civitatis
1453 3307 1850 3369 conditorem
1902 3312 2232 3391 situmque
2297 3315 2591 3392 patefacit
2653 3319 2832 3377 Anna
2896 3315 3222 3378 Comnena
3292 3317 3416 3378 sub
3473 3317 3664 3377 finem

423 3402 570 3464 libri
639 3423 730 3466 xu
780 3407 1126 3468 Alea-indos
1175 3430 1196 3469 :
1236 3433 1262 3464 α
1323 3413 1601 3490 Drymon
1641 3413 1777 3490 (seu
1830 3414 2090 3493 Drinus)
2141 3415 2368 3483 amnis,
2409 3415 2742 3493 inquiens,
2795 3427 2980 3492 caput
3029 3425 3220 3492 atque
3281 3415 3483 3491 [XIII]
3540 3415 3666 3474 ori-

422 3499 640 3576 ginem
674 3519 706 3562 a
746 3504 1126 3580 Lychnitide
1159 3506 1345 3567 trahit
1388 3509 1619 3585 palude
1663 3528 1678 3566 :
1724 3528 1912 3588 quam
1953 3511 2172 3588 lingua
2207 3528 2377 3572 nunc
2407 3510 2472 3572 in
2507 3511 2860 3572 barbariem
2895 3511 3296 3576 degenerans
3335 3508 3670 3571 Arhridem

425 3605 605 3656 vocat
644 3615 678 3663 a
714 3599 907 3676 priori
952 3603 1382 3678 appellatione
1425 3605 1634 3665 Macri
1683 3607 1851 3683 regis
1901 3606 2176 3684 Bulgari.
2227 3606 2365 3683 ejus
2397 3609 2506 3685 qui
2560 3608 2797 3668 deinde
2868 3607 3116 3667 Samuel
3149 3606 3507 3683 appellatus
3545 3611 3662 3665 est.

422 3692 674 3756 Floruit
706 3695 761 3756 is
796 3696 1288 3774 imperatoribus
1323 3701 1744 3764 Constantino
1795 3712 1856 3763 et
1905 3702 2144 3764 Basilio
2181 3703 2749 3782 Porphyrogenitis
2781 3703 3060 3780 (decimo
3109 3703 3374 3762 cadente
3407 3699 3664 3772 saculo,

421 3804 495 3850 ac
528 3787 796 3852 ineunte
832 3789 1226 3874 undecimo),
1261 3797 1519 3872 quando
1558 3796 1743 3857 istam
1779 3796 2074 3875 paludem
2106 3799 2398 3860 derivare
2437 3800 2910 3876 exbaurireque
2942 3813 3286 3875 aggressus
3322 3805 3438 3867 est,
3475 3821 3502 3852 ››
3545 3804 3664 3857 etc.

420 3884 646 3966 Itaque
678 3886 1306 3962 Achris,adnotante
1361 3891 1711 3953 Dufresnio
1758 3893 1823 3953 in
1879 3893 2047 3955 notis
2096 3897 2170 3956 ad
2225 3904 2524 3976 quartum
2585 3893 2926 3956 Alexiados
2978 3893 3236 3966 librum,
3293 3895 3356 3953 in
3403 3893 3663 3955 sublimi

418 3981 585 4044 colle
625 3985 866 4046 eminet
899 4003 1094 4064 prope
1139 3985 1372 4062 lacum,
1409 3988 1579 4050 unde
1645 3991 1927 4068 Drynus,
1961 4007 2081 4052 seu
2118 3992 2399 4071 Drymon
2432 3991 2933 4068 septentrionem
2969 4006 3195 4050 versus
3234 3987 3457 4049 eﬂluit.

500 4103 591 4165 Eo
647 4103 714 4163 in
749 4104 910 4177 loco,
932 4122 1068 4186 quo
1106 4106 1332 4167 Achris
1359 4115 1480 4178 est,
1517 4114 1741 4182 putant
1773 4107 2070 4168 nonnulli
2110 4109 2508 4185 Lychnidum
2552 4108 2756 4185 primo
2787 4108 3139 4178 exstitisse,
3197 4116 3415 4186 postea
3454 4107 3658 4168 Bede—

418 4198 648 4273 rinam,
699 4185 958 4262 demum
1019 4203 1298 4263 Primam
1355 4202 1812 4274 Iustinianum,
1863 4219 1896 4263 a
1959 4203 2331 4266 JuStiniano
2395 4204 2780 4281 imperatore
2837 4204 3092 4266 dictam.
3163 4204 3393 4265 Vicino
3451 4205 3666 4282 potius

420 4293 490 4356 in
544 4304 742 4358 tractu
798 4308 1062 4360 censent
1107 4299 1245 4372 alii,
1297 4297 1622 4360 conditam
1676 4315 1710 4359 a
1746 4299 2033 4370 Mochro,
2089 4316 2205 4360 seu
2237 4299 2559 4370 Samuele,
2601 4299 3024 4376 Bulgarorum
3059 4316 3206 4378 rege
3268 4293 3662 4370 Christiano,

418 4392 626 4456 fuisse
664 4397 1028 4460 Achridem.
1067 4399 1255 4459 Suam
1288 4395 1710 4472 amplissimis
1745 4397 2100 4474 privilegiis
2131 4395 2554 4458 Justinianam
2612 4403 2875 4457 auxerat
2907 4397 3202 4458 laudatus
3257 4394 3664 4456 Justinianus

420 4493 754 4568 Augustus
789 4494 854 4555 in
901 4495 1151 4556 novella
1185 4513 1292 4568 xv,
1326 4493 1566 4574 quibus
1615 4495 1859 4556 minuta
1899 4493 2132 4556 mansit
2164 4491 2762 4553 Thessalonicensis
2798 4492 3108 4553 antistitis
3155 4491 3420 4568 pristina
3455 4491 3666 4570 juris-

419 4587 642 4649 dictio.
705 4589 1106 4668 Lequienum
1162 4591 1304 4655 loco
1363 4592 1578 4666 citato,
1614 4598 1675 4653 et
1731 4593 1913 4654 Joan.
1953 4591 2204 4652 Petrum
2235 4591 2314 4651 de
2346 4589 2655 4668 Ludewig
2685 4590 2748 4650 in
2785 4591 2927 4652 Vita
2963 4588 3340 4662 Iustiniani,
3365 4587 3663 4668 aliosque

420 4683 768 4763 scriptores
799 4689 1088 4751 consule.

497 4809 597 4868 29.
636 4810 825 4870 Suam
892 4809 1416 4889 TheOpbylactus
1489 4809 1837 4872 Ecclesiam
1897 4809 2354 4873 Achridensem
2393 4857 2410 4883 ,
2468 4827 2538 4871 ac
2604 4810 2968 4870 universam
3037 4805 3660 4886 archiepiscopalem

412 4901 938 4982 jurisdictionem
978 4922 1054 4968 eo
1103 4907 1575 4968 administravit
1617 4915 1929 4985 tempore,
1991 4924 2120 4985 quo
2148 4906 2494 4967 Normanni
2532 4905 2880 4984 principes,
2919 4905 3235 4967 Robertus
3268 4902 3664 4964 Guiscardus

419 5005 484 5060 et
534 4999 946 5063 Boemnndus
986 5002 1158 5065 filius
1193 5003 1523 5082 Illyricum
1590 5012 1653 5065 et
1711 5004 2072 5082 Bulgariam
2119 5004 2316 5063 armis
2386 5003 2795 5064 infestarunt.
2858 5004 3013 5062 Nota
3065 5007 3237 5073 sunt,
3303 5017 3448 5078 qua
3493 4997 3662 5058 bella

419 5097 620 5174 gessit
669 5099 989 5160 Robertus
1047 5101 1126 5160 ab
1185 5119 1354 5164 anno
1397 5103 1543 5163 1081
1592 5103 1667 5162 ad
1719 5117 1962 5163 annum
2013 5100 2168 5162 1085
2211 5099 2376 5176 apud
2429 5100 2778 5177 scriptores
2834 5099 3109 5161 Gracos.
3178 5103 3240 5156 et
3295 5095 3566 5166 Siculos,
3603 5102 3666 5155 et

423 5193 730 5256 Venetos.
778 5195 1057 5270 lrruptio
1112 5197 1470 5258 Boemnndi
1533 5197 1607 5258 ad
1657 5213 1895 5258 annum
1951 5197 2102 5257 1107
2159 5197 2456 5274 pertinet,
2508 5213 2637 5272 quo
2671 5219 2697 5250 «
2734 5197 2970 5272 Bagora
3017 5194 3393 5255 monsinter
3426 5191 3663 5268 Bulga-

427 5288 595 5351 ricos
639 5295 701 5351 et
763 5292 1189 5369 Dyrrachinos
1249 5302 1496 5356 montes
1554 5295 1953 5374 interjectus,
2016 5315 2046 5349 »
2107 5293 2250 5369 ipso
2311 5291 2788 5371 Theol'hylﬂclo
2844 5298 3004 5350 "Ne
3055 5288 3121 5348 in
3179 5288 3450 5365 θνίειοιδ
3502 5289 3579 5348 65
3631 5305 3665 5347 ³

418 5405 452 5443 α
498 5392 791 5465 tyranno,
845 5411 872 5443 ι)
939 5387 1180 5450 scilicet
1212 5390 1608 5465 Boemnndi),
1664 5413 1692 5446 «
1747 5389 2107 5451 tenebatur.
2161 5412 2189 5445 »
2232 5387 2398 5449 Hinc
2455 5404 2605 5448 vero
2655 5386 2897 5448 Latinis
2937 5403 3007 5446 ac
3042 5385 3415 5446 Latinorum
3447 5391 3667 5446 contra

420 5483 768 5546 Saracenos
800 5485 1325 5562 expeditionibus
1373 5487 1698 5548 infensum
1757 5488 1895 5549 suis
1934 5486 1995 5546 in
2047 5483 2338 5562 epistolis
2375 5485 2610 5560 prabet
2662 5500 2830 5544 sese.

501 5606 622 5667 Sed
655 5615 718 5667 et
756 5607 1017 5670 Croatos
1054 5608 1410 5686 Bulgariam
1449 5610 1571 5671 sub
1603 5609 1912 5672 Michaele
1970 5609 2141 5667 Duca
2183 5607 2475 5683 Augusto
2516 5605 2940 5682 dep0pulatos
2997 5617 3160 5671 esse,
3213 5600 3664 5662 adnotavimus

420 5720 597 5765 num.
661 5706 758 5766 10.
796 5707 1023 5768 Contra
1075 5707 1425 5778 Dalmatas,
1487 5707 1599 5784 qui
1636 5707 1872 5770 saculo
1910 5723 1976 5766 ιι
2022 5702 2359 5765 desinente
2414 5702 2582 5762 ciere
2649 5699 2865 5762 turbas
2916 5699 3403 5768 meditabantur,
3465 5714 3663 5775 expe-

423 5798 734 5863 ditionem
782 5801 1062 5880 suscepit
1107 5801 1372 5865 Alexius
1399 5805 1762 5865 Comuenus
1798 5818 1812 5862 :
1863 5801 2048 5880 isque
2089 5821 2117 5852 «
2157 5796 2654 5877 Philipympolim
2690 5795 3009 5868 invectus,
3046 5819 3072 5850 »
3111 5801 3176 5855 ut
3207 5794 3293 5856 ait
3339 5793 3661 5855 Comnena
