4058 6470
353 337 423 401 33
1169 332 1269 395 DE
1299 327 1872 393 THEOPHYLALTI
1908 328 2175 392 GESTIS
2210 330 2303 390 ET
2345 327 2713 391 SCRIPTIS.
3534 329 3609 398 Μ

355 454 521 514 libro
547 468 681 526 vni,
713 472 742 505 «
792 447 886 510 ibi
924 446 1166 511 litteras
1226 446 1469 525 accepit
1536 442 2014 524 archiepisc0pi
2078 443 2419 524 Bulgaria,
2462 445 2577 526 qui
2644 452 2797 508 tunc
2843 452 3002 521 erat,
3042 469 3071 503 ιι
3107 444 3357 509 scilicet
3403 445 3613 511 Theo-

359 547 666 628 phylacti.
1868 601 1873 605 .

430 644 530 706 30.
554 645 795 704 Damna
819 640 1201 721 gravissima
1238 638 1590 702 inferebant
1612 637 1927 715 Bulgaria
1958 638 2218 720 populis
2253 645 2314 701 et
2341 638 2633 702 ecclesiis
2663 636 3032 719 imperiales
3067 646 3424 713 exactores,
3466 657 3613 718 qua

356 738 775 802 vehementer
798 739 974 799 dolet
1001 736 1298 814 pluribus
1331 735 1394 797 in
1428 734 1719 813 epistotis
1747 736 2061 814 Bnlgarus
2095 745 2312 800 noster
2348 736 2901 815 archiepiscOpus.
2933 735 3001 796 In
3024 751 3118 808 ea,
3140 752 3285 816 qua
3308 734 3614 797 vicesima

358 835 544 897 tertia
582 841 979 908 numeratur,
999 831 1081 892 ad
1100 832 1393 910 Corcyra:
1417 832 1911 911 episcopum,sic
1937 832 2059 895 ait:
2087 834 2233 895 «Tu
2256 832 2517 910 veroibi
2552 835 2616 895 in
2640 832 2788 897 illos
2807 835 2921 911 qui
2955 849 3071 893 nos
3097 835 3328 895 acerbo
3357 831 3615 895 elidunt

360 932 529 1003 ictu,
562 947 840 991 amaram
892 928 1113 991 induis
1153 928 1373 989 bilem.
1414 928 1489 989 ln
1535 927 1709 1001 illos,
1755 930 2043 1007 inquam,
2077 930 2193 1009 qui
2223 928 2609 991 insatiabilis
2659 930 3032 1007 cupiditatis
3082 927 3362 989 ministri
3416 936 3614 1003 sunt,

361 1029 472 1107 qui
502 1036 563 1088 et
596 1025 983 1103 evangelica
1016 1025 1442 1104 professionis
1477 1025 1691 1087 hostes
1734 1032 1885 1084 sunt
1926 1023 2379 1096 exsecrabiles,
2413 1034 2473 1087 et
2508 1024 2854 1087 Christiani
2886 1023 3161 1102 agminis
3196 1023 3516 1101 pernicies
3552 1035 3615 1084 et

366 1123 505 1199 ipsa
549 1117 931 1181 internecio.
967 1141 997 1176 ››
1030 1122 1183 1182 Data
1240 1121 1473 1199 legitur
1506 1117 1989 1199 quadragesima
2025 1120 2226 1196 prima
2274 1119 2357 1181 ad
2391 1119 3026 1201 Panhypersebaston
3056 1120 3455 1195 Briennium,
3503 1120 3616 1182 ubi

367 1219 498 1279 bac
544 1215 905 1278 habentur:
946 1237 975 1270 α
1011 1216 1346 1277 Venenum
1400 1213 1793 1292 aspidum‘in
1841 1228 1960 1274 nos
2003 1230 2461 1295 conspuentes,
2496 1216 3045 1296 praclarissimam
3094 1224 3158 1277 et
3209 1216 3616 1279 mitissimam

362 1311 770 1388 imperatoris
830 1311 1108 1372 animam
1175 1309 1467 1371 lethit’era
1539 1308 1970 1370 amaritudine
2025 1305 2394 1371 iniecerunt
2457 1328 2473 1369 :
2536 1316 2597 1371 et
2678 1307 3001 1388 quidquid
3052 1308 3342 1372 Ecclesia
3401 1315 3620 1372 nostra

363 1406 753 1481 continebat,
808 1405 1061 1486 ingenti
1118 1406 1567 1469 internecione
1614 1404 2020 1467 deleverunt.
2062 1406 2135 1465 Et
2180 1404 2471 1467 omnium
2537 1405 2804 1484 quidem
2862 1405 3093 1469 harum
3143 1423 3359 1469 rerum
3399 1422 3618 1479 causa,

362 1504 761 1583 vectigalium
810 1510 1176 1563 exactorum
1232 1503 1620 1566 insatiabilis
1669 1500 2014 1583 cupiditas,
2066 1509 2129 1562 et
2178 1508 2481 1581 corrupta
2532 1503 2945 1567 consuetudo
2983 1502 3132 1567 fuit.
3175 1525 3204 1560 ι.
3257 1505 3420 1565 Tum
3464 1520 3620 1567 vero

365 1602 672 1664 scelerata
705 1600 987 1663 facinora
1025 1616 1232 1663 narrat
1266 1601 1605 1682 cujusdam
1644 1599 1878 1673 Lazati,
1916 1597 2028 1676 qui
2064 1622 2094 1655 ει
2127 1597 2435 1661 Ecclesia
2475 1598 2749 1663 colonus
2775 1609 2910 1687 erat
2948 1621 2963 1660 :
2999 1619 3194 1683 quem
3226 1609 3442 1664 contra
3479 1594 3651 1678 nos,'

365 1697 607 1778 inquit,
659 1695 886 1760 audaci
928 1705 1259 1760 armarunt
1311 1703 1593 1776 pectore.
1641 1719 1670 1754 ››

446 1796 518 1855 In
555 1794 772 1873 ipsum
826 1811 1093 1873 quoque
1143 1792 1699 1873 'l‘heOphylactum
1752 1794 2044 1871 impacta
2104 1793 2472 1866 calumnia,
2514 1811 2586 1857 ac
2616 1794 2670 1855 si
2705 1795 2968 1858 divitias
2992 1795 3375 1869 cumularet,
3428 1805 3489 1858 et
3536 1812 3617 1858 ex

366 1890 791 1969 Bulgarorum
853 1890 1081 1968 spoliis
1139 1888 1504 1950 ditissimus
1542 1894 1738 1949 esset.
1790 1909 1821 1942 ιι
1883 1888 2241 1951 Consilium
2290 1890 2579 1953 inierunt
2638 1890 2877 1973 (inquit
2918 1891 2988 1954 in
3054 1892 3322 1970 epistola
3384 1891 3489 1968 A3,
3540 1893 3625 1953 ad

364 1986 687 2048 dominum
712 1988 1066 2049 Adrianum
1097 1988 1366 2066 fratrem
1394 1985 1821 2064 imperatoris)
1860 1992 1929 2046 ut
1961 2001 2057 2046 me
2090 1987 2168 2046 de.
2197 1984 2463 2050 honoris
2502 1990 2700 2067 gradu
2737 1988 3160 2050 detruderent
3199 2010 3214 2049 :
3254 1986 3322 2051 ‘et
3362 1992 3611 2051 calum-

372 2084 496 2143 nia
556 2083 662 2143 siti
722 2084 992 2155 etferati,
1039 2084 1117 2144 ad
1170 2083 1695 2160 potentissimum
1758 2086 2049 2143 nostrum
2136 2081 2623 2162 imperatorem,
2699 2093 2761 2148 et
2816 2085 3298 2165 Optatissimum
3362 2087 3620 2148 fratrem

368 2187 579 2245 tuum,
622 2180 982 2251 evolarunt,
1017 2187 1081 2240 et
1136 2196 1236 2240 me
1271 2177 1462 2258 quasi
1506 2177 1727 2239 multis
1762 2175 2268 2254 insuperabilem
2315 2180 2567 2243 viribus
2596 2228 2612 2255 ,
2665 2190 2728 2243 et
2783 2197 3009 2260 magna
3054 2180 3291 2243 fretum
3345 2181 3627 2261 potentia

373 2276 717 2337 calumniis
749 2277 917 2353 apud
955 2275 1140 2336 illum
1185 2275 1567 2337 obruerunt.
1603 2276 1678 2334 Et
1714 2272 1931 2346 tantis,
1966 2274 2291 2355 tantisque
2343 2276 2504 2340 lucri
2541 2277 2961 2355 proventibus
3016 2278 3086 2339 in
3133 2278 3429 2358 pinguem
3464 2276 3629 2339 divi-

371 2373 606 2432 tiarum
642 2372 1060 2434 substantiam
1092 2377 1192 2434 me
1227 2373 1561 2434 dilatatum
1599 2369 2130 2433 criminabantur.
2166 2394 2197 2430 ao
2234 2374 2306 2433 Et
2339 2371 2405 2434 in
2438 2372 2716 2451 epistola
2741 2374 2819 2435 73
2849 2391 2865 2432 :
2902 2397 2929 2430 α
2969 2376 3039 2436 In
3073 2374 3275 2436 totius
3309 2373 3629 2454 Bulgaria

371 2468 1009 2547 archiepiscOpum...
1054 2470 1279 2532 oculos
1325 2474 1713 2531 convertunt
1754 2486 1770 2528 :
1806 2465 2120 2547 illumque
2173 2470 2360 2546 plane
2393 2470 2691 2541 audiunt,
2726 2470 2918 2532 etiam
2963 2479 3131 2533 totos
3190 2471 3333 2532 dies
3389 2489 3623 2534 nume-

372 2582 510 2628 rare
554 2583 786 2628 aureos
833 2583 1158 2641 nummos,
1205 2578 1265 2628 et
1315 2566 1498 2646 quasi
1542 2581 1866 2628 mensura
1915 2565 2411 2644 complemeotis
2456 2565 2850 2628 arbitrantur
2883 2567 3242 2628 cumulare.
3284 2590 3313 2622 ν

450 2664 551 2723 31.
596 2662 869 2742 Vigilem
910 2664 1118 2740 ipsum
1146 2662 1635 2741 sollicitumque
1673 2663 1775 2723 sui
1826 2661 2116 2725 muneris
2167 2662 2234 2724 in
2281 2662 2847 2726 administratione
2898 2663 3044 2725 alia
3082 2663 3625 2742 conspiciendum

377 2761 658 2837 prabent
690 2760 1005 2839 epistola.
1036 2761 1129 2823 Ex
1162 2778 1234 2823 ea
1279 2778 1424 2841 qua
1479 2767 1858 2821 numeratur
1886 2760 2208 2821 tricesima
2232 2760 2542 2832 secunda,
2587 2759 2670 2820 ad
2707 2758 3079 2832 Triaditzce,
3113 2761 3270 2821 olim
3321 2761 3623 2835 Serdica,

375 2858 756 2936 episcopum,
802 2857 1225 2933 addiscimus,
1264 2857 1571 2920 libentem
1615 2857 1827 2934 ipsum
1853 2857 2186 2927 annuisse,
2240 2869 2307 2918 ut
2356 2871 2393 2918 a
2436 2855 2693 2917 vinculo
2728 2854 3453 2928 excomrnunicationis,
3487 2871 3621 2936 quo

375 2955 548 3016 idem
580 2955 849 3016 antistes
894 2953 1246 3017 innodatus
1278 2963 1435 3029 erat,
1472 2963 1806 3033 prOpterea
1838 2955 2013 3034 quod
2056 2972 2180 3017 non
2217 2961 2605 3017 convenerat
2653 2956 2731 3016 ad
2773 2959 3122 3034 synodum,
3172 2952 3621 3015 absolveretur

374 3054 454 3114 ab
482 3052 807 3130 episcOpis
850 3051 1207 3133 Pelagiona
1247 3070 1359 3116 seu
1421 3053 1768 3126 Heraclea,
1835 3058 1895 3114 et
1955 3051 2356 3115 Strombitza
2427 3069 2546 3112 seu
2604 3049 3037 3129 TiberiOpolis
3071 3095 3091 3125 ,
3144 3059 3205 3113 et
3256 3049 3622 3114 Melasoba.

378 3148 1084 3228 ConstantinOpolini,«
1118 3166 1404 3228 magnam
1454 3151 1520 3210 in
1563 3152 1827 3222 urbem,
1880 3173 1908 3204 ιο
1958 3148 2280 3226 profectus
2341 3147 2551 3211 fuerat
2602 3149 2945 3228 episc0pus
2999 3146 3141 3220 ille;
3198 3170 3226 3203 α
3264 3153 3324 3209 et
3366 3146 3623 3211 nullum

377 3243 514 3307 fere
553 3243 652 3306 vel
705 3252 885 3307 atate
921 3247 1309 3315 maximum,
1362 3245 1461 3308 vel
1518 3239 1859 3312 minimum
1911 3246 2287 3325 reliquerat,
2321 3247 2432 3323 qui
2486 3245 2711 3308 acerba
2749 3253 2875 3308 tua
2908 3243 3149 3324 lingua
3180 3243 3246 3329 in
3273 3259 3394 3306 nos
3427 3242 3629 3304 male-

380 3341 658 3405 dicentia
702 3342 798 3422 (ut
849 3342 936 3404 ait
982 3346 1126 3420 ipse
1153 3343 1697 3422 TheOphylactus)
1753 3361 1946 3406 aures
2007 3362 2135 3408 non
2183 3360 2334 3405 suas
2392 3342 2739 3405 occluserit
2775 3386 2793 3415 ,
2856 3343 3220 3419 surdasque
3255 3340 3627 3402 etrecerit...

378 3437 693 3511 Quocirca
726 3438 795 3500 in
831 3440 1036 3500 Deum
1081 3439 1319 3510 solum,
1364 3439 1477 3518 qui
1508 3439 1639 3501 hac
1680 3441 1898 3503 omnia
1930 3438 2189 3501 vincere
2228 3447 2460 3517 potest,
2503 3439 2726 3500 oculos
2761 3444 3015 3500 nostros
3044 3434 3402 3498 attollimus
3440 3442 3503 3497 et
3560 3435 3630 3497 in

380 3533 701 3595 sublimes
747 3535 889 3615 ejus
937 3534 1210 3616 justitia
1257 3545 1530 3608 montes,
1580 3538 1753 3598 unde
1793 3536 1980 3599 nobis
2011 3534 2330 3598 auxilium
2380 3535 2617 3597 veniet.
2650 3556 2679 3590 ιι

460 3632 658 3708 [XIV]
698 3633 1064 3710 De’synodo
1108 3630 1489 3694 celebranda
1546 3632 1769 3695 scribit
1823 3631 2159 3712 epistolam
2187 3633 2287 3707 53,
2339 3633 2421 3693 ad
2463 3632 3004 3694 Macrembolitam
3060 3630 3319 3709 Prespa
3372 3630 3629 3709 princi-
3698 3672 3701 3676 ι

378 3743 545 3805 pem.
609 3727 936 3804 Oppidum
993 3737 1124 3789 erat
1191 3728 1256 3788 in
1305 3728 1681 3791 Macedonia
1732 3736 1926 3808 prope
1974 3729 2343 3793 Achridem.
2393 3751 2423 3784 «ι
2463 3729 2766 3793 Nondum
2800 3745 2919 3791 nos
2977 3724 3093 3790 illo
3150 3728 3324 3807 gravi
3422 3723 3630 3789 morbi

383 3822 685 3884 decubitu
749 3822 1022 3894 liberati,
1063 3824 1303 3903 inquit,
1362 3833 1423 3885 et
1461 3824 1660 3887 soluti
1747 3842 1975 3887 sumus
2039 3842 2055 3883 :
2110 3832 2172 3887 et
2252 3832 2465 3887 tamen
2531 3842 2717 3885 sacra
2805 3842 3112 3885 canonum
3184 3842 3311 3884 vox
3390 3838 3633 3883 sacram

385 3920 570 3982 nobis
661 3920 963 4000 synodum
1023 3923 1438 4001 imperavit...
1530 3925 1628 3985 Tu
1714 3935 1927 3986 autem
2009 3939 2128 3987 nos
2198 3922 2537 4001 suscipe...
2609 3920 2731 3983 Hic
2790 3922 2971 4005 enim
3046 3928 3269 3983 noster
3349 3935 3637 3982 conven-

387 4024 488 4079 tus
526 4017 670 4078 erit.
723 4039 754 4074 ››

464 4114 813 4193 Epistulam
833 4116 1119 4197 denique
1144 4117 1227 4178 22
1253 4118 1444 4193 addo,
1474 4117 1556 4179 ad
1578 4119 1866 4199 Cercyrce
1910 4117 2295 4198 episcopum,
2331 4113 2464 4187 ubi,
2491 4122 2839 4177 memorata
2882 4110 3240 4176 Boemundi
3271 4109 3635 4189 irruptione

381 4209 449 4271 in
508 4211 897 4289 Bulgariam,
946 4212 1275 4276 hominem
1331 4212 1530 4277 alium
1567 4240 1598 4272 ι(
1633 4213 1987 4294 ignobilem
2035 4234 2068 4272 in
2108 4210 2500 4290 insequitur,
2546 4231 2577 4267 α
2619 4217 2792 4273 tanto
2844 4210 3279 4274 molestiorem
3317 4216 3378 4270 et
3410 4206 3637 4270 durio-

384 4323 544 4378 rem,
599 4315 839 4386 quanto
900 4308 1295 4373 insaniorem
1352 4318 1413 4374 et
1468 4314 1916 4374 amentiorem.
1970 4310 2093 4373 Hic
2141 4309 2341 4383 enim,
2374 4309 2613 4390 inquit,
2661 4308 2794 4368 sibi
2848 4304 3251 4369 venerationi
3296 4312 3359 4367 et
3400 4302 3635 4367 honori

382 4403 586 4475 ducit,
624 4406 737 4482 qui
807 4415 917 4467 aut
968 4406 1134 4467 dixit
1173 4406 1421 4487 aliquid
1473 4416 1690 4472 contra
1739 4407 1982 4470 Ecclesi

2034 4424 2113 4482 m,
2167 4413 2278 4468 aut
2314 4403 2545 4467 fecit...
2573 4406 2719 4485 Ipse
2756 4405 2931 4466 enim
2966 4411 3088 4466 οὐδὲ
3124 4409 3218 4465 τοῦ
3252 4408 3636 4481 προσκυνῆσαι

388 4508 490 4578 τὴν
523 4506 847 4580 Θεομήτερα
881 4510 1081 4582 ἑαυτὴν
1109 4511 1381 4582 ἠξίωσεν,
1424 4522 1543 4567 nec
1574 4504 1691 4566 Dei
1729 4507 1990 4566 Matrem

2024 4501 2400 4565 adoratione
2432 4502 2694 4581 dignam
2728 4499 3151 4565 existimavit.
3190 4522 3220 4556 π
3247 4501 3411 4561 Num
3434 4496 3626 4558 fuerit

382 4597 777 4660 Manicbaus
831 4602 1123 4680 quidam,
1162 4608 1272 4662 aut
1324 4618 1403 4663 ex
1456 4601 1938 4681 Bogomilorum
1980 4607 2176 4671 secta,
2223 4600 2303 4661 de
2337 4598 2580 4678 quibus
2637 4599 2868 4661 latiore
2926 4598 3057 4676 agit
3096 4611 3397 4657 sermone
3450 4595 3635 4654 Anna

384 4694 714 4756 Comnena
758 4696 919 4758 libro
972 4714 1054 4760 xv
1085 4696 1487 4777 Aiexiadosg?
1528 4698 1673 4759 Haec
1716 4715 1869 4760 vero
1909 4697 1988 4759 de
2029 4694 2488 4775 TheOpbylacti
2532 4693 3072 4776 chronographia,
3118 4701 3179 4757 et
3227 4688 3636 4763 muneribus,

382 4805 456 4850 ac
487 4789 933 4868 dignitatibus,
970 4792 1301 4873 gestisque
1332 4792 1671 4873 pracipuis
1705 4791 2101 4855 disseruisse
2138 4791 2319 4854 satis.

1963 4964 2069 5026 IX.

376 5117 651 5199 Scripsit
706 5116 1205 5199 Theophyiactus
1289 5116 1912 5199 Commentariosin
1986 5128 2263 5199 quatuor
2333 5115 2695 5197 Evangelia,
2780 5116 3012 5199 Maria:
3059 5113 3513 5199 imperatricis,
3559 5122 3634 5175 ut

458 5192 738 5279 videtur,
779 5192 996 5279 jussu.
1043 5196 1300 5279 Qodices
1345 5198 1694 5279 pracipui.
1724 5197 1945 5279 Editio
1975 5192 2187 5279 prima
2217 5198 2449 5265 Latina
2478 5192 2617 5279 cura
2649 5193 3236 5279 versione-Joannis
3291 5192 3634 5279 OEcotam-

458 5273 636 5354 padii
666 5293 747 5333 ea:
779 5270 1005 5354 codice
1036 5274 1254 5337 Graeco
1304 5270 1560 5337 mutila:
1592 5276 1815 5338 Editio
1850 5270 2057 5339 Graeci
2089 5287 2301 5337 textus
2358 5296 2439 5338 ea:
2466 5275 2678 5338 codice
2718 5276 3040 5354 Vaticano,
3073 5270 3621 5354 quiezpenditur.

462 5351 672 5434 Hujus
716 5371 830 5432 ope
869 5352 1099 5434 Latina
1149 5354 1592 5434 interpretatio
1629 5356 1955 5434 recognita
2014 5374 2051 5416 a
2114 5355 2411 5434 Philippo
2447 5357 2774 5434 Montano.
2835 5351 3101 5434 Latinii
3139 5351 3626 5412 observationes.

457 5432 845 5492 Parisiensis
892 5433 1084 5494 editio
1124 5432 1633 5509 Graeco-Latina,
1665 5432 1846 5515 cujus
1890 5434 2173 5513 defectus
2218 5432 2617 5495 indicantur.
2651 5432 2991 5493 Fabricius
3023 5440 3309 5493 notatus.

464 5579 566 5641 32.
620 5577 1010 5641 Litterarum
1066 5579 1258 5658 queis
1284 5579 1576 5657 apprime
1611 5578 1903 5643 imbutus
1937 5589 2070 5643 erat
2101 5581 2649 5663 TheOphylactus,
2697 5590 2759 5647 et
2794 5600 2993 5647 sacra
3026 5581 3383 5663 prasertim
3406 5583 3632 5645 erudi-

384 5678 607 5750 tionis,
644 5695 771 5758 qua
833 5678 1193 5757 prastabat,
1246 5689 1661 5741 monumenta
1726 5681 1908 5760 plura
1951 5681 2233 5762 reliquit.
2299 5683 2792 5751 Commentarios
2851 5686 2921 5747 in
2960 5693 3237 5764 quatuor
3287 5683 3632 5761 Evangelia

384 5774 665 5856 scripsit.
715 5776 897 5854 Apud
949 5779 1203 5838 Petrum
1268 5775 1672 5837 Lambecium
1718 5778 1878 5841 libro
1944 5799 1978 5840 v
2038 5778 2460 5843 Bibliotheca
2491 5781 2791 5844 Casarea
2845 5778 3365 5845 Vindobonensis
3420 5785 3630 5842 exstat
