4058 6470
381 328 453 391 as
1206 323 1432 386 BERN.
1472 320 1738 385 manu:
1773 319 1871 380 DE
1910 277 2198 378 acacia
2238 306 2739 374 DlSSEitTA'I‘IO
3566 293 3641 357 36

381 444 586 505 codex
653 443 773 506 219
838 439 1404 512 membranaceus,
1485 443 1932 517 pervetustos,
1998 429 2259 507 antiqua
2326 424 2679 506 majuscula
2749 422 3067 502 scriptura
3142 414 3630 495 elegantissime

380 553 699 615 exaratos,
747 542 857 623 qui
893 542 1050 603 olim
1085 540 1166 603 ad
1225 540 1619 603 cardinalem
1671 534 2114 599 Bessarionem
2185 529 2538 608 pertinuit,
2599 544 2637 588 a
2706 526 2957 586 Joanne
3028 517 3345 626 8amliuco
3401 525 3638 626 postea.

381 612 1182 717 emptusptranslatusque
1213 637 1477 700 demum
1533 636 1600 697 in
1655 634 2006 696 Cassaream
2068 627 2592 700 bibiliothecam,
2641 618 3135 687 Commentarios
3183 612 3635 694 Theophytacti

381 737 452 798 in
481 735 831 815 Evangelia
868 735 993 795 duo
1030 737 1239 795 sancti
1279 733 1490 795 Marci
1536 741 1593 792 et
1621 729 1829 791 sancti
1877 725 2064 787 Luca:
2093 722 2550 803 complectens.

462 836 677 894 Grmca
737 830 1148 911 prtemittitur
1200 828 1535 892 adnotatio
1585 826 1895 889 metrica:

1304 972 1421 1054 ’[ῇς
1446 969 1781 1054 insessa:
1807 961 2364 1054 Ewéwilaeiie

1313 1037 1508 1111 Ψὺγῆς
1556 1039 1775 1109 ἀληθῶς
1805 1037 1965 1111 ἔργρν
1995 1037 2393 1111 convectant};
2419 1068 2449 1110 η

1332 1096 1392 1167 Ὅ
1410 1096 1803 1179 Γδίτρυῆιῄιτσὶς
1834 1096 1961 1179 tot);
2000 1096 2398 1179 agitas-9m;-
2435 1096 2629 1166 λόγους

1301 1169 1696 1253 Θεοφυλάίιεςὸς⁷
1717 1169 2095 1251 ποὶμενάρῂης
2126 1169 2489 1241 Βοὺλγαρίας.

388 1319 624 1382 Eadem
680 1317 864 1380 verba
899 1314 1422 1380 Montfauconius
1464 1310 1659 1375 refert
1709 1309 1776 1372 in
1827 1308 2052 1370 Diario
2101 1303 2352 1377 Italico,
2388 1302 2594 1381 capite
2631 1301 2693 1370 6,
2730 1317 2872 1380 pag.
2930 1301 3031 1371 '18,
3093 1297 3157 1359 in
3200 1297 3410 1357 fronte
3463 1291 3639 1357 codi—

388 1417 483 1478 cis
539 1414 873 1493 praedictos
932 1410 1396 1493 Theophylacti
1458 1408 1528 1471 in
1585 1413 1866 1489 quatuor
1925 1400 2271 1482 Evangelia
2320 1399 2828 1464 Commentarios
2888 1394 3398 1474 complectentis,
3446 1406 3640 1453 manu

391 1520 680 1574 exaratos
711 1512 879 1589 apud
913 1512 1333 1572 ’(‘assinenses
1366 1506 1706 1569 Patavinos
1752 1498 2097 1566 monachos
2138 1495 2692 1559 Sanctanustinte.
2734 1493 3013 1556 Primum
3043 1508 3292 1553 carmen
3343 1498 3409 1589 et
3454 1504 3645 1589 quar-

392 1619 528 1669 tum
591 1584 936 1686 utrobique
974 1606 1184 1668 locum
1237 1603 1538 1667 eumdem
1578 1606 1796 1663 tenent
1828 1619 1843 1660 :
1876 1596 1990 1659 sed
2022 1596 2199 1676 quod
2253 1601 2348 1657 est
2380 1593 2735 1656 secundum
2772 1592 2839 1654 in
2869 1589 3090 1655 codice
3125 1584 3637 1686 Vindo'ponensi,

392 1705 651 1766 tertium
695 1712 793 1765 est
826 1679 889 1765 in
923 1704 1248 1778 Patavine,
1282 1718 1354 1765 ac
1400 1696 1665 1762 tertium
1722 1694 1960 1776 legitur
2002 1691 2292 1756 secundo
2325 1689 2485 1753 loco.
2519 1690 2607 1751 Ea
2642 1704 2790 1750 vero
2821 1687 2914 1749 sic
2960 1685 3177 1749 Latine
3212 1684 3309 1747 vir
3339 1679 3645 1747 doctissi-

394 1817 540 1862 mus
572 1798 1032 1878 interpretatur
1085 1821 1099 1858 :

1361 1920 1687 1988 Imperatrix
1719 1917 1893 1972 Maria
1923 1919 2036 1972 lucc
2063 1913 2181 1988 ﬁeri
2212 1914 2444 1988 curarit.

1364 1986 1519 2059 Opas
1560 2006 1740 2044 revera
1774 1987 2090 2059 nobilissimi
2119 1986 2336 2059 ingenii,

1358 2053 1464 2127 oin
1498 2075 1671 2115 autem
1707 2059 1801 2111 ltus
1854 2057 2134 2127 melliﬂuos
2162 2053 2579 2127 Commentarios
2611 2055 2803 2121 edidit,

1371 2124 1792 2201 'Ilteuptiylactus
1822 2141 1897 2181 est
1930 2124 2203 2196 episcopus
2242 2124 2621 2197 Balgaroram.

402 2274 595 2337 Hisce
630 2290 709 2335 ex
751 2271 988 2346 verbis,
1025 2272 1430 2348 maximeque
1478 2288 1556 2332 ex
1589 2267 1831 2332 codicis
1869 2264 2185 2345 elegantia
2244 2256 2469 2343 colligi
2528 2280 2721 2343 posse
2773 2261 3150 2326 Lambecius
3190 2259 3492 2330 adnotat,
3540 2271 3648 2318 co-

400 2372 610 2434 dicem
651 2367 1248 2441 Vindobonensem,
1299 2366 1511 2446 ipsius
1557 2361 2022 2445 Theophylacti
2051 2368 2230 2424 tetate
2263 2370 2617 2434 exaratum,
2648 2360 2834 2422 illum
2855 2359 3071 2439 ipsum
3104 2374 3243 2420 esse
3287 2370 3417 2434 quo
3448 2351 3647 2414 Maria

411 2464 787 2544 imperatrix
824 2463 1147 2527 utebatur.
1197 2464 1319 2526 Sed
1382 2465 1606 2525 eadem
1655 2460 1873 2535 verba,
1922 2460 2056 2520 hinc
2124 2459 2260 2521 sola
2292 2460 2346 2519 si
2403 2465 2797 2535 spectentur,
2831 2480 2862 2514 «ι
2905 2473 3049 2519 cum
3076 2454 3155 2517 ab
3205 2452 3354 2515 aliis
3386 2451 3450 2513 in
3482 2449 3647 2511 alios

401 2562 657 2626 codices
712 2560 1167 2623 transmearint
1223 2558 1598 2637 (scitissime
1657 2557 2004 2622 adnotante
2067 2556 2577 2640 Montfauconio)
2644 2575 2772 2620 non
2841 2557 3056 2619 valent
3114 2555 3190 2616 ad
3225 2549 3665 2614 asserendum

404 2668 659 2738 tempus
714 2674 787 2720 ac
842 2656 1149 2720 saeculum
1193 2672 1322 2735 quo
1388 2653 1548 2718 liber
1599 2663 1897 2716 exaratos
1937 2663 2116 2717 est.»
2154 2652 2452 2716 Codicem
2516 2652 2944 2715 nihilominus
2996 2651 3367 2712 Patavinum
3410 2642 3648 2707 saeculo

404 2756 798 2818 duodecimo
846 2755 1184 2833 scriptum,
1220 2750 1383 2814 nihil
1418 2768 1675 2831 anceps,
1705 2751 1948 2814 ibidem
1995 2749 2371 2829 pronuntiat
2414 2750 2582 2810 idem
2623 2748 3168 2812 Montfauconius.

501 2852 829 2914 Cmsareos
886 2850 1142 2912 codices
1196 2857 1489 2911 recenset
1524 2846 1904 2909 Lambecius
1934 2847 2077 2923 217,
2139 2848 2279 2920 9.18,
2319 2848 2461 2921 219,
2502 2848 2643 2920 220,
2706 2849 2847 2920 221,
2911 2848 3026 2926 qui
3092 2844 3190 2910 vel
3248 2844 3317 2907 in
3375 2848 3650 2922 quatuor

404 2947 775 3027 Evangelia,
823 2946 924 3008 vel
956 2943 1024 3007 in
1069 2945 1219 3021 duo,
1252 2944 1354 3008 vel
1402 2963 1597 3005 unum
1630 2952 1901 3019 tantum,
1935 2945 2428 3007 Commentarios
2482 2941 2943 3021 'l‘lieOph_ylacti
2976 2949 3275 3023 praestant
3313 2957 3329 3001 :
3361 2939 3648 3015 itemque

413 3052 655 3115 monet,
691 3066 722 3099 α
757 3041 939 3104 valde
1009 3039 1164 3104 utile
1224 3041 1552 3113 futurum,
1613 3059 1758 3100 cum
1816 3041 2061 3103 eisdem
2120 3041 2467 3122 diligenter
2516 3049 2578 3103 et
2643 3048 2935 3103 accurate
3017 3035 3295 3102 conferri
3340 3042 3651 3104 ncuralas

409 3140 720 3203 hactenus
774 3137 1121 3200 editiones.
1183 3136 1252 3198 ln
1285 3137 1600 3204 Marciana
1664 3136 2051 3220 bibliotheca
2095 3144 2333 3206 Veneta
2378 3145 2633 3207 rodices
2668 3146 2961 3224 quinque
3003 3149 3415 3205 asservantur
3456 3160 3473 3200 :
3514 3154 3657 3199 ser-

414 3247 643 3318 vatque
679 3239 898 3313 plures
956 3236 1158 3313 Regia
1202 3233 1591 3296 Parisiensis
1626 3244 2033 3313 pervetustos
2080 3248 2141 3301 et
2198 3239 2453 3316 Optima;
2501 3252 2688 3314 noue,
2769 3256 3047 3319 quorum
3100 3237 3355 3318 aliquos
3387 3238 3656 3297 ‘memo-
3702 3250 3703 3253 ‘

411 3345 550 3398 rant
590 3333 942 3396 ltichardus
971 3331 1302 3394 Simonius
1352 3340 1525 3394 tomo
1561 3332 1634 3393 iV
1666 3333 1973 3396 Historia:
2018 3334 2271 3397 Critica:
2324 3335 2392 3397 in
2431 3337 2675 3400 Novum
2734 3331 3222 3406 Testamentum,
3283 3331 3488 3410 capite
3547 3331 3650 3404 28,

414 3444 477 3495 et
510 3431 783 3494 Michael
818 3429 1195 3509 Lequicnus
1234 3428 1699 3491 Dissertationo
1739 3430 2193 3492 Damascenica
2230 3450 2312 3505 vi,
2345 3433 2434 3492 De
2477 3433 2750 3512 azymis,
2784 3450 2963 3496 num.
2994 3432 3224 3495 XLIII.
3280 3427 3462 3490 Alios
3500 3426 3656 3490 alia-

416 3547 557 3594 l'Ulti
592 3526 1135 3589 bibliothecarum
1193 3525 1449 3587 codices
1522 3523 1760 3588 indicat
1815 3526 2169 3589 Casimirus
2228 3528 2532 3592 Oudinus
2589 3531 2678 3590 De
2733 3526 3153 3609 scriptoribus
3209 3523 3655 3588 ecclesiastici:

418 3635 592 3687 tonio
642 3624 701 3684 II
731 3621 798 3684 in
852 3619 1343 3701 Theophylacto.
1799 3682 1809 3689 ,
2630 3662 2633 3663 ν

498 3722 600 3783 33.
639 3721 855 3784 Editio
886 3721 1097 3800 prima
1157 3720 1378 3784 Latina
1424 3738 1594 3785 anno
1640 3721 1795 3785 152's
1830 3720 2096 3801 prodiit,
2148 3720 2502 3799 interprete
2530 3722 2779 3785 Joanne
2832 3716 3361 3797 OEcolampadio,
3398 3715 3657 3778 hetero-

416 3815 584 3880 doxo
640 3815 930 3893 homine,
980 3833 1126 3879 cum
1159 3816 1452 3897 ejusdem
1512 3817 1799 3896 Epistola
1834 3818 1912 3880 ad
1948 3818 2254 3881 lectorem
2304 3818 2533 3880 eodem
2577 3833 2746 3879 anno
2778 3817 2946 3899 data.
2992 3815 3221 3879 Codice
3270 3816 3488 3877 Graeco
3524 3812 3650 3876 itu-

420 3912 702 3993 perl‘ecto
761 3930 923 3975 usus
984 3920 1103 3988 est,
1158 3923 1228 3976 ut
1292 3911 1432 3993 ipse
1465 3911 1533 3975 in
1583 3913 1867 3993 Epistola
1920 3917 2219 3977 admonet
2249 3931 2266 3972 :
2300 3935 2330 3970 ιι
2374 3912 2606 3993 Adegit
2639 3913 2962 3992 exemplar
2981 3909 3289 3983 mutilam,
3349 3908 3516 3988 [XV]
3551 3905 3656 3968 in~

421 4009 676 4092 quiens,
714 4015 781 4072 ut
841 4026 973 4073 uno
1013 4009 1079 4071 in
1110 4007 1252 4072 loco
1291 4011 1577 4090 quaedam
1629 4010 2020 4084 int‘arcirem,
2052 4012 2273 4075 deerat
2321 4011 2495 4074 enim
2547 4009 2759 4082 charta
2791 4033 2808 4074 :
2837 4013 2916 4074 de
2947 4028 3078 4092 quo
3106 4019 3346 4083 tamen,
3381 4018 3447 4069 ut
3481 4007 3657 4069 vide-

419 4107 546 4181 bis,
581 4105 808 4168 monui
860 4124 941 4169 ne
1006 4106 1156 4185 quis
1191 4106 1291 4168 vel
1336 4107 1401 4167 in
1433 4105 1554 4167 hoc
1594 4109 1781 4169 (idem
1820 4123 2024 4168 meam
2054 4116 2331 4169 accuset.
2373 4129 2402 4164 io
2438 4108 2644 4169 Locus
2676 4117 2882 4172 exStat
2911 4106 3178 4170 Joannis
3206 4104 3414 4183 capite
3453 4120 3584 4174 ut,
3616 4118 3653 4164 a

421 4213 734 4266 commate
768 4201 842 4262 15
884 4218 1092 4280 usque
1142 4201 1218 4261 ad
1277 4218 1443 4262 vers.
1467 4201 1567 4274 22,
1600 4202 1710 4264 ubi
1738 4203 2059 4281 interpres
2095 4202 2228 4265 hinc
2256 4203 2581 4266 adnmavit
2616 4222 2632 4261 :
2667 4226 2696 4260 α
2729 4203 2895 4278 Quia
2935 4202 3039 4264 hic
3073 4201 3407 4263 deﬁciebat
3443 4199 3656 4261 charta

421 4299 491 4359 in
525 4296 901 4376 exemplari,
929 4312 1141 4374 operae
1174 4297 1451 4373 pretium
1489 4296 1699 4357 visum
1732 4305 1852 4369 est,
1887 4298 2197 4360 nonnulla
2225 4296 2552 4360 infercire.
2583 4300 2705 4374 Tu,
2738 4300 2823 4360 mi
2881 4299 3099 4372 lector,
3135 4297 3288 4361 boni
3319 4295 3653 4357 consulas:

424 4403 487 4455 et
520 4393 573 4453 si
619 4393 715 4454 vel
768 4393 835 4454 in
887 4393 1218 4469 exemplar
1266 4408 1393 4454 non
1438 4392 1739 4455 mutilum
1778 4394 2112 4471 incideris,
2144 4396 2245 4459 vel
2298 4396 2626 4475 probatius
2682 4398 2990 4477 quiddam
3034 4395 3361 4466 habueris,
3396 4401 3464 4455 tu
3496 4410 3661 4473 quo-

422 4507 552 4569 que
587 4489 656 4551 in
699 4490 983 4551 medium
1011 4488 1238 4551 atl'erre
1285 4506 1411 4552 non
1453 4488 1849 4570 dedigneris.
1882 4512 1911 4547 »
1938 4491 2389 4553 Commentarii
2417 4490 2942 4571 supplementum
2974 4492 3294 4570 sequitur,
3341 4491 3513 4570 quod
3557 4491 3659 4552 his

427 4588 751 4666 interpres
781 4588 1022 4649 claudit
1061 4587 1273 4649 verbis
1311 4606 1327 4646 :
1363 4610 1393 4643 α
1434 4588 1582 4649 Haec
1649 4587 2075 4661 inseruimus,
2138 4588 2333 4651 lector
2369 4610 2384 4652 :
2419 4598 2480 4652 et
2529 4590 2597 4651 in
2655 4587 2775 4653 hoc
2834 4589 2951 4652 tibi
3004 4589 3239 4667 opinor
3287 4586 3658 4667 gratiﬁcari;

430 4701 606 4748 nunc
645 4691 1035 4763 sequuntur,
1075 4700 1220 4764 quas
1282 4683 1350 4747 in
1408 4684 1765 4764 exemplari
1823 4685 2344 4748 continebantur.
2383 4708 2413 4743 κ
2448 4687 2826 4750 Lectoribus
2885 4686 3306 4766 gratiﬁcatum
3336 4701 3465 4748 non
3512 4701 3659 4748 esse

426 4778 997 4857 OEcolampadium
1025 4778 1190 4841 infra
1221 4780 1540 4855 dicemus,
1576 4790 1797 4860 utpote
1834 4779 1948 4860 qui
1980 4780 2581 4860 interpretationem
2644 4801 2677 4844 a
2732 4782 3196 4862 Theophylacti
3252 4792 3462 4845 tuente
3519 4781 3660 4843 sine

431 4877 632 4941 dubio
691 4875 971 4939 alienam
1001 4876 1378 4939 inseruerit.
1420 4878 1569 4940 Haec
1595 4877 1738 4958 ejus
1778 4878 2002 4941 Latina
2055 4880 2293 4951 versio,
2358 4879 2553 4941 variis
2586 4879 2652 4941 in
2685 4879 2844 4943 locis
2874 4880 3185 4959 impressa
3222 4878 3415 4959 typis,
3454 4878 3573 4940 luci
3600 4896 3659 4938 m

432 4975 614 5036 vidit.

513 5069 614 5132 3h.
654 5073 941 5133 Gnaeum
989 5077 1254 5142 textum,
1290 5068 1435 5132 sine
1456 5069 1679 5132 Latina
1720 5076 2045 5147 versione,
2070 5073 2338 5136 Romani
2371 5074 2773 5135 excuderunt
2803 5090 2974 5136 anno
2999 5071 3170 5142 1542.
3207 5081 3277 5135 ut
3307 5073 3660 5144 Gesner-us,

432 5167 852 5240 Possevinus,
879 5166 1167 5228 Labbeus
1199 5175 1263 5229 et
1292 5169 1538 5230 Caveus
1569 5168 1881 5231 scribunt.
1916 5179 2175 5232 Annum
2228 5170 2384 5232 1552
2416 5175 2705 5230 numerat
2735 5171 2918 5233 Joan.
2980 5169 3279 5234 Albertus
3324 5168 3660 5231 Fabricius

442 5264 566 5328 vol.
609 5264 687 5324 Vl
718 5261 1123 5324 Bibliotheca:
1156 5263 1409 5340 Gram,
1469 5281 1610 5344 pag.
1662 5262 1800 5340 287,
1849 5273 2246 5353 testaturque
2280 5289 2308 5321 α
2368 5282 2438 5326 se
2470 5267 2633 5328 hanc
2663 5265 2729 5328 in
2782 5266 3079 5331 manibus
3139 5268 3488 5329 editionem
3551 5263 3662 5326 ha-

437 5361 618 5433 bere,
656 5374 868 5436 neque
899 5356 1088 5420 aliam
1125 5360 1403 5421 Graecam
1446 5378 1715 5439 usquam
1748 5361 1954 5424 oculis
1986 5362 2126 5425 suis
2164 5361 2549 5424 occurrisse.
2585 5383 2616 5421 ι
2649 5363 2994 5424 Romanam
3040 5363 3385 5424 editionem
3422 5361 3579 5424 hanc
3599 5370 3661 5423 et

436 5473 558 5537 ego
594 5457 656 5517 in
679 5453 978 5517 manibus
1011 5453 1215 5516 habeo
1250 5476 1266 5517 :
1323 5456 1664 5536 oculisque
1727 5457 1966 5520 nostris
2017 5460 2255 5521 intente
2311 5457 2777 5536 Spectantibus,
2815 5458 2949 5522 inec
2976 5460 3041 5521 in
3074 5458 3281 5522 fronte
3318 5469 3662 5522 Occurrunt

435 5553 648 5624 verba,
685 5551 894 5613 Roma
920 5567 1169 5612 luxui.

519 5649 853 5712 Prtemissa
887 5646 1102 5711 brevis
1132 5648 1623 5715 Prtefatiuncula
1655 5654 1873 5715 Latina
1952 5652 2176 5730 incipit
2214 5675 2230 5711 :
2285 5656 2609 5718 Studiosis
2666 5674 2990 5717 sacrarum
3052 5652 3460 5716 Litterarum.
3504 5652 3659 5716 Cum

439 5743 650 5832 multa
682 5761 782 5806 res
820 5745 976 5821 sint,
1007 5761 1271 5825 quorum
1302 5766 1456 5809 usus
1486 5745 1764 5810 utilitati
1815 5759 2000 5830 atque
2032 5752 2211 5813 etiam
2242 5763 2599 5817 ornamento
2624 5754 2804 5818 nobis
2833 5771 2960 5816 esse
2980 5753 3157 5829 solet,
3178 5761 3298 5815 etc.
3333 5753 3403 5815 In
3432 5770 3504 5815 ea
3535 5751 3656 5812 im-
