4058 6470
389 338 459 402 3Ἷ
1205 342 1302 403 DE
1341 341 1925 404 THEOPHYLACTI
1966 342 2240 403 GESTIS
2280 342 2376 405 ET
2413 345 2778 406 SCRIPTIS.
3554 331 3629 412 33

390 452 663 530 pensius
716 455 897 517 Pauli
959 455 1045 517 ιιι
1082 456 1357 517 Romani
1387 456 1709 535 pontiﬁcis
1740 455 2183 518 muniﬁcentia
2215 455 2703 519 commendatur
2744 477 2759 517 :
2798 477 2827 512 α
2866 454 3059 519 Plane
3084 455 3206 519 hoc
3238 454 3629 522 beneﬁcium

390 557 971 629 quantumcunque
1005 557 1125 625 est,
1161 551 1337 630 quod
1371 559 1543 614 certe
1599 552 1946 613 maximum
1995 561 2114 626 est,
2144 551 2318 614 Pauli
2364 551 2453 613 ΙΙΙ
2488 551 2729 613 divinae
2754 551 2974 612 virtuti
3005 551 3296 617 debetur.
3337 554 3632 618 Pontifex

386 644 790 724 benignitate
821 645 1125 727 insignis,
1156 657 1345 710 natus
1376 652 1455 710 ad
1486 648 1769 711 tollenda
1804 648 2070 710 humani
2132 647 2390 725 generis
2429 647 2859 720 incommoda,
2894 657 3174 711 veterem
3207 652 3633 712 consuetudi-

383 757 538 802 nem
568 749 805 816 servat,
836 728 1070 805 excitat
1095 747 1293 807 bonas
1324 753 1536 818 artes;
1594 745 1828 824 quovis
1883 753 2173 822 sumptu,
2225 744 2458 823 quavis
2494 743 2753 821 praemio
2794 742 2970 816 facit,
3003 752 3072 804 ut
3118 745 3231 823 qui
3296 746 3633 824 pontiﬁces

380 834 833 899 beneficentia)
865 836 1058 901 laude
1093 838 1526 915 celebrantur,
1564 857 1676 902 eos
1705 840 1821 902 hac
1851 849 2032 902 aetate
2087 839 2353 901 minime
2383 839 2856 902 desideremus.
2888 862 2918 898 in

470 933 828 996 Romanum
858 936 1168 1007 codicem,
1202 954 1283 999 ex
1339 954 1471 1019 qua
1518 947 1734 999 textus
1790 936 2055 1016 prodiit,
2116 953 2193 998 eo
2223 936 2611 998 deteriorem
2639 935 2876 997 alicubi
2905 953 3071 1008 esse,
3104 934 3216 1015 qui
3254 945 3480 1014 [ti‘tBStO
3510 934 3634 999 fuit

381 1028 930 1108 OEcolampadio,
981 1035 1409 1096 observarunt
1465 1034 1589 1097 viri
1663 1034 1860 1097 docti.
1922 1036 2138 1113 Ipsum
2189 1033 2380 1095 etiam
2454 1031 2934 1111 interpolatrice
3007 1048 3202 1093 manu
3255 1040 3632 1110 corruptum

383 1122 595 1187 fuisse
626 1127 833 1205 capite
869 1145 1028 1211 xxv:
1061 1129 1364 1204 Matthaai,
1401 1148 1568 1192 vers.
1611 1131 1710 1203 i7,
1752 1129 1865 1193 ubi
1903 1129 1983 1192 de
2015 1131 2221 1209 prima
2250 1126 2356 1190 die
2391 1131 2778 1206 Azymorum
2811 1126 3051 1206 agitur,
3112 1126 3354 1189 evincit
3402 1128 3629 1190 Petrus

390 1222 716 1284 Arcudius
769 1230 903 1286 tum
945 1225 1219 1288 aliorum
1280 1229 1541 1305 optimm
1592 1236 1760 1290 natas
1820 1226 2113 1290 codicum
2164 1224 2312 1298 fide,
2375 1233 2509 1284 tum
2555 1223 2765 1302 ipsius
2798 1224 2986 1284 etiam
3020 1222 3262 1284 codicis
3299 1230 3630 1285 contextu.

392 1319 633 1380 Eodem
668 1320 736 1381 in
782 1328 961 1384 textu
992 1324 1278 1385 Romano
1310 1322 1538 1386 lacuna
1576 1332 1745 1403 patet
1768 1324 1975 1403 capite
2004 1320 2338 1395 iJoannis,
2370 1338 2539 1383 vers.
2580 1322 2677 1395 i3,
2743 1321 2820 1381 ab
2848 1322 2997 1381 illis
3042 1319 3274 1392 verbis,
3304 1317 3632 1398 lntelliges

390 1423 593 1475 autem
617 1409 784 1477 recte
813 1434 930 1495 per
944 1418 1334 1481 voluntatem
1364 1421 1602 1493 carnis,
1646 1438 1858 1501 usque
1906 1420 1983 1482 ad
2025 1418 2159 1491 illa,
2186 1420 2270 1479 Et
2307 1423 2373 1478 in
2398 1415 2625 1497 copula
2654 1417 3005 1478 necessario
3064 1416 3428 1496 praecedunt
3457 1424 3637 1477 utra-

390 1526 524 1588 qne.
560 1512 711 1574 Hinc
762 1531 913 1578 vero
958 1515 1502 1596 OEcolampadius
1556 1517 1622 1579 in
1659 1519 1879 1579 codice
1928 1532 2048 1577 suo
2110 1515 2379 1593 legebat,
2431 1531 2503 1575 ac
2560 1513 3017 1589 interpretatus
3071 1520 3166 1574 est
3211 1528 3225 1572 :
3276 1512 3633 1590 eademque

391 1608 604 1669 Graec
633 1608 815 1672 aﬂ‘ert
848 1610 1202 1674 ltichardus
1233 1612 1564 1675 Simonius
1624 1613 1761 1675 lano
1810 1612 2027 1685 citato,
2075 1631 2215 1692 pag.
2276 1611 2415 1685 Mli,
2475 1628 2552 1672 ex
2605 1609 2807 1688 Regio
2870 1607 3217 1670 Parisieusi
3259 1608 3477 1669 codice
3514 1609 3631 1668 de-

395 1713 683 1783 prompta
724 1723 740 1767 :
776 1708 887 1769 sed
922 1708 1129 1771 tribus
1190 1711 1256 1771 in
1308 1710 1640 1773 codicibus
1690 1711 1953 1774 Venetas
1999 1708 2402 1773 bibliothecas
2453 1707 2789 1769 Marcianas
2822 1723 2895 1766 ea
2926 1705 3306 1777 desiderari,
3341 1703 3637 1782 ipsismct

391 1799 600 1862 oculis
639 1802 1210 1881 deprehendimus,
1268 1823 1456 1885 apem
1517 1815 1853 1887 praestante
1906 1824 2021 1887 pro
2080 1823 2198 1868 sua
2255 1804 2651 1867 humanitate
2710 1802 2790 1865 cl.
2849 1800 2987 1864 viro
3027 1798 3311 1862 Antonia
3362 1800 3632 1875 Zanetti,

391 1893 738 1959 Alexandri
769 1899 921 1973 ﬁlio,
961 1900 1023 1962 bi
1036 1901 1376 1965 bliothecm
1402 1903 1697 1966 custode.

470 1992 636 2054 Hinc
672 2010 826 2056 vero
858 1996 1191 2059 Simonius
1218 2006 1281 2061 et
1305 1999 1707 2074 Lambecius,
1772 1999 1851 2062 ad
1904 2001 2364 2064 accuratiorem
2432 2000 2720 2078 Operum
2782 1993 3244 2074 'l‘heopbylacti
3277 1992 3633 2055 editionem
3694 2054 3721 2071 κ

396 2088 872 2163 perﬁciendam,
897 2092 1193 2172 diligenti
1228 2111 1392 2174 apus
1433 2112 1578 2158 esse
1607 2096 1906 2161 codicum
1929 2097 2356 2176 inspectione,
2391 2094 2737 2158 scitissime
2769 2093 3269 2155 admonuerunt.
3304 2093 3633 2152 Postremo

392 2182 695 2245 adnotare
735 2203 865 2249 non
898 2190 1402 2267 prmtermittam,
1437 2192 1503 2254 in
1529 2191 1752 2255 eadem
1816 2195 2104 2259 Romana
2153 2195 2442 2259 editione
2498 2195 2723 2274 Elegia
2764 2201 3041 2271 quatuor
3098 2189 3635 2269 evangelistarum

397 2290 702 2357 prostare,
739 2300 886 2362 qum
907 2294 1163 2366 sumpta
1193 2296 1346 2352 sunt
1372 2305 1453 2352 ex
1482 2291 1699 2356 Grteca
1727 2289 1884 2357 libri
1924 2292 2125 2358 sancti
2150 2291 2538 2374 Hieronymi
2596 2293 2683 2354 De
2726 2289 2888 2352 viris
2917 2286 3277 2351 illustribus
3310 2286 3633 2362 versione,

390 2393 425 2436 a
458 2377 821 2455 Sophronia
852 2384 1255 2449 concinnata.

468 2499 568 2561 35.
600 2501 878 2564 Latinam
899 2505 1384 2588 OEcolampadii
1412 2513 1776 2577 versionem
1806 2514 2085 2594 primum
2112 2511 2483 2592 recognovit
2511 2526 2680 2572 anno
2712 2507 2865 2571 15'45
2898 2505 3238 2584 Philippus
3263 2503 3632 2574 Montanus,

393 2596 1035 2677 Armenterianus,ac
1062 2604 1293 2668 iterum
1319 2610 1688 2674 emendavit
1710 2626 1881 2673 anno
1914 2612 2092 2682 1552,
2122 2618 2188 2672 ut
2221 2611 2496 2688 legimus
2526 2607 2590 2668 in
2616 2610 2785 2668 calce
2817 2601 3121 2681 Epistolas
3147 2599 3633 2676 nuncupatorim

384 2692 467 2753 ad
500 2693 840 2759 Claudium
874 2701 1161 2764 Dodeum
1193 2704 1582 2769 Rhedonum
1613 2709 2017 2787 episcoiium,
2056 2719 2118 2770 et
2167 2705 2590 2775 Prtefationis,
2637 2704 2705 2764 in
2739 2700 3024 2763 editione
3056 2695 3410 2759 Basileensi
3463 2694 3635 2771 apud

383 2790 671 2856 Joannes
698 2795 1049 2877 Hervagios
1094 2816 1265 2863 anno
1297 2802 1470 2866 1551s.
1515 2805 1826 2869 Subsidia
1859 2804 1953 2866 illi
1988 2803 2109 2866 fuit
2147 2812 2359 2864 textus
2389 2803 2719 2863 Romanus
2749 2798 3036 2860 Graecus.

468 2912 638 2986 Quid
672 2915 811 2991 ipse
844 2914 958 2979 hac
987 2933 1103 2980 sua
1158 2919 1225 2982 in
1280 2924 1722 3003 recognitione
1778 2923 2162 3003 priestiterit,
2226 2920 2564 2985 nonnullis
2622 2917 2830 2981 allatis
2898 2910 3214 2993 exemplis
3274 2908 3535 2987 exponit
3568 2908 3636 2970 in

388 3010 770 3074 Prtefatione
829 3014 905 3076 ad
948 3015 1269 3081 lectorem.
1313 3021 1678 3084 Generati.u
1717 3038 1865 3086 vero
1898 3022 1991 3087 sic
2015 3023 2150 3085 ait:
2195 3045 2226 3079 at
2260 3023 2411 3090 ista,
2448 3018 2740 3098 inquam,
2798 3020 2861 3079 ct
2913 3007 3284 3092 hujusmodi
3332 3006 3635 3086 pleraque

391 3104 539 3178 alia,
582 3103 955 3185 impressori
996 3113 1208 3191 potius
1263 3134 1454 3194 quam
1529 3119 1868 3198 interpreti
1920 3116 2467 3201 (OEcolampadio)
2518 3111 2754 3176 ascribi
2816 3116 3105 3189 possent.
3179 3104 3364 3180 Quod
3420 3110 3637 3164 autem

397 3200 729 3297 plerisque
758 3204 820 3266 in
846 3204 1006 3269 locis
1041 3211 1353 3287 permulta
1387 3214 1631 3277 fuerint
1661 3200 2034 3291 omissa,ex
2086 3203 2328 3297 quibus
2368 3210 2711 3294 sequentia
2751 3208 3116 3290 pendebant
3157 3219 3329 3265 :non
3389 3209 3635 3262 tantum

391 3294 704 3360 dictiones
737 3302 979 3380 aliquot
1010 3305 1179 3378 dico,
1220 3310 1333 3370 sed
1363 3328 1580 3372 versus
1605 3314 1980 3392 permultos,
2019 3294 2209 3396 atque
2241 3315 2400 3377 adeo
2449 3311 2721 3391 paginas
2757 3317 2916 3369 totas
2948 3325 2969 3366 :
3004 3302 3312 3382 quodque
3366 3297 3632 3373 saepius-

398 3398 542 3457 cule
589 3399 841 3477 negatio
872 3396 1418 3467 contraauctaris
1458 3418 1738 3472 mentem
1762 3422 1867 3474 aut
1905 3412 2165 3488 omissa,
2199 3419 2308 3475 aut
2344 3408 2577 3491 injecta
2624 3401 3010 3470 contrariam
3069 3397 3327 3462 inducat
3361 3401 3629 3457 senten-

395 3491 943 3591 tiam,gscribtene,
979 3510 1087 3564 aut
1120 3506 1543 3587 typOgtaplto,
1578 3517 1687 3573 aut
1711 3510 1994 3591 in‘terpre

2030 3513 2073 3585 i,
2106 3506 2419 3572 'uiutilove
2451 3504 2659 3569 codici
2692 3501 3137 3580 imputandum
3191 3495 3298 3569 sit,
3354 3492 3630 3591 aliorum

396 3598 536 3651 esto
572 3589 973 3670 judicium...
1006 3600 1334 3679 luterpres
1364 3605 1626 3684 quidem
1660 3621 1828 3671 certe
1859 3588 2127 3673 Joannis
2160 3606 2415 3676 ultimo,
2476 3600 2764 3665 codicem
2820 3613 3011 3659 suum
3073 3592 3374 3655 mutilum
3423 3588 3631 3684 fuisse

397 3686 759 3787 conﬁtetur.
784 3692 959 3787 Fieri
991 3703 1201 3759 tamen
1238 3682 1470 3781 potest,
1502 3711 1572 3765 ut
1602 3705 1789 3766 etiam
1820 3705 1932 3770 ille
1968 3704 2357 3787 quibusdam
2402 3703 2468 3767 in
2521 3697 2680 3762 locis
2718 3705 2937 3758 nostra
2997 3690 3292 3787 (scilicet
3322 3682 3632 3763 Romano)

396 3784 801 3879 emendatior
833 3786 1031 3852 fuerit
1062 3813 1076 3853 :
1108 3792 1391 3875 ideoque
1426 3798 1717 3876 quaedam
1750 3783 2434 3879 intacta-reliquimus,
2478 3796 2615 3858 sive
2669 3789 2951 3872 quod'ad
2983 3804 3246 3850 sensum
3278 3783 3637 3879 beneque-

399 3874 682 3981 drareut,
740 3879 878 3944 sive
934 3887 1109 3963 quod
1173 3874 1300 3952 non
1362 3874 1578 3970 magni
1634 3902 1855 3958 essent
1912 3874 2244 3969 momen-ti,
2305 3892 2554 3955 etiamsi
2598 3892 2673 3952 ad
2707 3889 2991 3950 Graecum
3019 3891 3309 3946 nostrum
3344 3877 3632 3981 codicem

399 3968 1021 4059 (Romanum)[XVl]
1062 4000 1186 4046 non
1210 3968 1491 4050 omnino
1509 3990 1959 4068 reSpondeant.
1994 3994 2473 4069 Nonnunquam
2507 3994 2719 4050 autem
2756 3980 3022 4061 margini
3058 3979 3377 4039 diversam
3412 3970 3636 4032 lectio-

403 4085 548 4169 nem
588 4072 965 4152 adjecimus,
990 4079 1191 4160 idque
1223 4084 1636 4162 potissimum
1693 4105 1837 4149 cum
1887 4096 2159 4169 utraque
2210 4085 2472 4148 defendi
2507 4087 2723 4164 posset
2756 4102 2772 4142 :
2805 4077 3020 4158 priore
3054 4072 3321 4153 quidem
3352 4071 3418 4131 in
3453 4075 3628 4129 textu

400 4164 647 4241 relicta,
674 4171 786 4232 sed
820 4171 1192 4257 ltujusmodi
1226 4181 1397 4243 natis
1425 4184 1513 4259 ψ]
1548 4181 1801 4246 inclusa
1834 4230 1851 4262 ,
1913 4164 2115 4265 penes
2183 4184 2485 4247 lectorem
2535 4177 2860 4262 judicium
2905 4174 3371 4251 relinquentes,
3425 4174 3633 4227 utram

399 4264 590 4343 sequi
624 4266 826 4328 malit.
863 4291 892 4326 ν
2988 4272 3005 4287 ³

384 4400 391 4405 ’
477 4389 679 4454 Nemo
709 4391 861 4456 hinc
901 4412 1029 4458 ιιοη
1080 4397 1411 4480 intelligit.
1477 4404 1653 4484 guod
1692 4407 2068 4484 peritissimi
2107 4406 2227 4468 viri
2259 4405 2877 4471 animadverterunt,
2912 4391 3335 4461 necessariam
3367 4398 3633 4466 prorsus

402 4501 542 4547 esse
572 4504 716 4548 cuin
752 4507 904 4552 mss.
934 4493 1268 4557 codicibus
1300 4497 1739 4565 collationem.
1766 4503 1835 4564 In
1871 4502 2034 4566 hunc
2083 4503 2518 4567 Basileensem
2569 4498 2724 4562 anni
2762 4495 2910 4559 1551i
2939 4492 3293 4556 editionem
3326 4485 3634 4547 Observa-

399 4583 621 4687 tiones,
658 4590 1121 4665 correctiones,
1176 4603 1234 4653 et
1295 4597 1690 4677 conjecturas
1749 4600 1818 4661 in
1884 4601 2409 4680 Theophylartum
2457 4594 2776 4675 Bulgaria:
2824 4587 3363 4687 archiepiswl’m?
3405 4579 3635 4687 6"?”

400 4678 548 4777 ﬁdei
568 4684 956 4760 restitutum,
989 4704 1159 4750 anno
1191 4691 1345 4753 1677
1369 4693 1652 4772 vulgavit
1683 4677 2302 4777 Romm,sumptibus
2339 4694 2550 4758 Pontii
2587 4690 2978 4762 Bernardon,
3025 4684 3282 4748 Latinus
3319 4677 3630 4777 Latinius,

404 4775 859 4931 Xlitei'biensis.
894 4783 961 4845 in
1002 4784 1394 4850 Bibliotheca
1418 4808 1598 4852 sacra
1624 4803 1684 4854 et
1708 4796 2008 4874 profana,
2041 4773 2181 4874 [νέες.
2224 4792 2386 4867 181;;
2451 4791 2592 4854 alia,
2639 4796 2883 4850 textum
2922 4785 3234 4863 spectat“,
3297 4792 3397 4837 res
3452 4773 3630 4851 ipsas

404 4887 422 4931 Ι
483 4877 918 4931 ustranthlim-

403 4870 725 4937 illustrant
753 4877 918 4940 alite.

480 4993 580 5053 36.
610 4995 876 5060 Lutetia:
905 4998 1293 5063 Parisiorum
1324 5004 1498 5081 apud
1527 5007 1819 5069 Carolum
1874 5007 2235 5081 Morellum,
2263 5008 2367 5070 cia
2386 5003 2699 5079 Jacobaaa,
2756 4999 2839 5064 ad
2888 4997 3131 5074 insigne
3180 4988 3403 5053 Fontis
3451 4983 3631 5055 1631'.

404 5090 498 5161 F.,
530 5108 674 5152 cum
706 5094 923 5156 Graeco
960 5102 1139 5158 textu
1164 5098 1292 5178 jam
1349 5101 1503 5161 olim
1558 5104 1772 5166 Roma)
1823 5124 2094 5179 excuso,
2156 5115 2218 5167 et
2263 5120 2409 5167 cum
2462 5101 2683 5164 Latina
2721 5095 3018 5161 versione
3054 5107 3088 5152 a
3120 5085 3417 5164 Philippo
3449 5083 3634 5179 Mon-

405 5195 551 5287 tano
611 5189 960 5268 recognita,
1021 5175 1400 5270 prodierunt
1465 5198 1920 5279 Theophylacti
1979 5175 2429 5267 Coinmentarii
2511 5201 2579 5262 in
2648 5183 2919 5278 quatuor
2971 5185 3337 5267 Εωηθθίία·
3401 5175 3633 5287 ,εδῖωθ

405 5280 810 5362 Albaspinaao
845 5299 1211 5367 nuncupata
1243 5291 1447 5353 editio
1469 5303 1590 5355 est.
1627 5278 2119 5361 Prml'atiuncula
2147 5300 2224 5362 ad
2253 5301 2557 5361 lectorem
2611 5299 2832 5360 eadem
2864 5288 3165 5363 occurrit,
3215 5298 3361 5362 quas
3401 5278 3635 5355 legitur

405 5378 472 5437 in
508 5380 785 5442 Romana
812 5383 1147 5446 editione:
1192 5403 1263 5448 ac
1295 5404 1449 5449 sane
1502 5390 1872 5467 ridiculum,
1930 5403 1997 5456 ut
2053 5396 2380 5458 Simonius
2429 5395 2816 5467 observavit,
2876 5408 2954 5454 eo
2993 5390 3111 5452 loci
3166 5385 3277 5450 ubi
3336 5376 3517 5447 Pauli
3546 5373 3633 5436 Ill

409 5477 632 5539 laudes
663 5479 1093 5552 celebrantur,
1130 5484 1576 5550 Morelliorum
1609 5506 1840 5552 nomen
1905 5493 2325 5556 substitutum
2391 5492 2618 5564 fuisse,
2655 5490 2768 5570 qui
2826 5488 2893 5550 id
2959 5504 3159 5549 unum
3217 5487 3510 5563 egerunt,
3564 5480 3633 5535 υῑ

405 5576 663 5678 (ii-aecus
693 5586 903 5641 textus
934 5582 1150 5645 Romae
1184 5581 1541 5663 impressus
1574 5589 2015 5652 recuderetur.
2049 5588 2471 5668 lnterpolatio
2501 5588 2595 5652 sic
2636 5587 2823 5650 habet
2858 5608 2872 5647 :
2910 5608 2938 5640 α
2976 5584 3167 5646 Plane
3218 5580 3336 5640 hoc
3387 5572 3631 5678 ben-cit:

409 5670 576 5731 cium
609 5686 1185 5757 quantumcunque
1241 5689 1361 5755 est,
1415 5684 1590 5761 quod
1645 5696 1817 5748 certe
1876 5686 2228 5749 maximum
2290 5695 2407 5760 est,
2442 5685 2855 5749 Morellarum
2887 5676 3109 5744 virtuti
3138 5675 3429 5737 debetur.
3499 5668 3628 5728 Viri

405 5768 635 5847 quippe
661 5769 1041 5850 benignitate
1072 5776 1375 5855 insignes,
1405 5760 1487 5840 ad
1533 5781 1896 5860 reipublica'
1924 5782 2263 5845 utilitatem
2294 5793 2351 5843 et
2388 5780 2705 5843 commoda
2733 5769 2892 5854 nati,
2926 5784 3190 5839 veterem
3223 5760 3624 5832 consuetudi-
