3984 6586
403 360 479 426 39
1226 347 1452 413 BERN.
1498 348 1763 412 MARL’E
1805 349 1903 411 DE
1942 345 2231 410 RUBEIS
2269 343 2773 408 DISSERTATIO
3576 348 3655 419 ,ιο

400 489 542 533 nem
571 473 849 538 servant,
879 463 1163 525 excitant
1194 463 1389 525 bonas
1411 471 1606 537 artes,
1663 461 1881 541 quovis
1923 468 2206 538 sumptu,
2239 456 2459 536 quovis
2491 456 2748 535 pramio
2793 455 3063 535 faciunt,
3117 468 3191 521 ut
3221 477 3355 541 qua
3379 475 3658 527 ceterum

405 566 663 631 Gracia
696 562 959 623 Patrum
982 570 1384 620 monumenta
1414 556 1837 631 celebrantur,
1877 565 1933 616 et
1957 556 2070 618 hac
2095 564 2275 614 atate
2306 552 2556 613 minime
2574 550 3014 615 desideremus.
3060 578 3088 611 ιο

489 664 539 722 Ε
567 659 834 738 regione
867 656 1070 718 Grmci
1108 663 1320 733 textus
1354 662 1592 732 prostat
1622 652 1843 717 Latina
1875 651 2107 724 versio,
2142 666 2333 728 quam
2381 652 2727 713 Montanus
2794 652 3193 730 recognovit,
3268 652 3659 719 lectionibus

410 756 631 826 variis,
661 770 821 835 quas
853 752 974 814 iste
1000 751 1362 831 conjecerat
1400 750 1467 813 in
1499 750 1885 829 marginem,
1912 750 1977 811 in
2022 747 2246 809 Latitm
2284 746 2587 808 versione
2620 748 2995 824 assumptis.
3033 748 3422 812 Parisiensis
3454 753 3661 816 editor

408 849 596 928 siglis
622 847 752 907 illis
783 844 1108 906 iudicatur
1136 845 1188 905 ι.
1216 846 1284 906 Ρ.
1319 861 1463 923 qua
1494 842 1558 905 in
1589 841 1806 922 Operis
1830 844 2037 904 fronte
2071 841 2536 921 inspiciuntur.
2587 840 2743 922 Ejus
2781 843 3136 907 oscitantia
3172 845 3427 924 insigne
3478 848 3662 912 aﬂ‘ert

410 942 781 1021 exemplum
835 940 1168 1003 Simonius
1226 957 1305 1002 ex
1366 938 1591 1002 Latina
1647 937 2178 1017 interpretatione
2237 936 2356 998 loci
2416 935 2754 1016 cujusdam
2820 938 2885 999 in
2923 940 3152 1019 Elogio
3202 943 3404 1003 sancti
3436 944 3657 1005 Marci.

410 1038 607 1103 ϐπ·ωοὶ
643 1045 882 1109 textus,
913 1036 1025 1116 qui
1068 1034 1506 1114 SOphronium
1529 1043 1854 1098 auctorem
1890 1031 1983 1095 bal

2089 1077 2101 1104 ,
2133 1034 2324 1096 verba
2353 1040 2503 1095 sunt
2537 1055 2554 1095 :
2586 1043 2700 1098 Καὶ
2728 1045 2796 1116 τῇ
2830 1044 3133 1116 Ἐκκλησίᾳ
3160 1047 3662 1119 ἀναγνωσθησόμε-

410 1160 500 1198 νον
530 1144 856 1206 αὐθεντίσας
886 1141 1120 1207 ἐξέδωκε
1162 1156 1176 1170 °
1216 1149 1365 1213 qua
1405 1131 1493 1194 ita
1525 1132 1751 1195 Latine
1784 1140 1983 1194 vertul

2084 1149 2146 1204 ir,
2170 1140 2353 1211 atque
2380 1130 2677 1194 Ecclesia
2705 1150 2843 1193 cum
2870 1132 3122 1195 lectoris
3153 1133 3459 1215 dignitate
3487 1138 3657 1199 Mar-

404 1252 553 1313 cum
580 1232 873 1314 prafecit
916 1233 1171 1292 Petrus.
1207 1229 1552 1309 lgnorasse
1586 1229 1796 1292 editor
1827 1228 1940 1291 ille
1977 1227 2254 1299 videtur,
2282 1225 2525 1306 prafati
2583 1227 2777 1306 el0gii
2808 1228 3008 1291 ϐπ·ωοὶ
3034 1236 3359 1292 auctorem
3386 1232 3664 1311 Sophro-

412 1329 595 1390 nium
629 1344 825 1391 unam
854 1326 1253 1405 impendisse
1303 1341 1591 1405 operam,
1649 1326 1959 1387 utGi-ace
2008 1322 2382 1386 transferret
2411 1323 2611 1386 sancti
2638 1324 3021 1404 Hieronymi
3094 1324 3327 1388 librum
3368 1328 3456 1387 De
3502 1328 3662 1391 ciris

398 1424 802 1493 illustribus.
836 1424 1033 1485 Porro
1058 1421 1503 1501 Hieronymus
1532 1422 1598 1484 in
1631 1422 1860 1486 Latino
1890 1437 2013 1484 suo
2047 1420 2237 1482 Marci
2309 1420 2539 1499 Elogio
2571 1421 2662 1483 sic
2715 1418 2805 1482 ait
2841 1438 2855 1481 :
2918 1419 3087 1499 quod
3127 1422 3576 1504 (Evangelium
3627 1443 3662 1485 a

410 1522 625 1583 Marco
691 1518 1030 1600 scriptum)
1085 1537 1226 1581 cum
1270 1518 1499 1581 Petrus
1554 1517 1862 1593 audisset,
1915 1516 2265 1598 probavit:
2320 1526 2377 1578 et
2396 1517 2706 1581 Ecclesiis
2739 1516 3067 1597 legendum
3119 1538 3237 1580 sua
3283 1522 3663 1582 auctoritate

412 1618 609 1681 dedit.
639 1620 831 1681 Hunc
853 1619 1044 1680 etiam
1075 1634 1341 1680 sensum
1384 1616 1728 1695 SOpbrouii
1769 1625 1983 1678 textus
2012 1612 2317 1692 exprimit
2346 1636 2361 1675 :
2397 1617 2656 1677 Petrum
2689 1632 2946 1693 nempe,
2974 1636 3094 1677 sua
3123 1627 3400 1679 utentem
3431 1626 3660 1678 aucto-

409 1716 626 1789 ritate,
658 1714 960 1776 Ecclesia
982 1714 1310 1793 legendum
1338 1713 1531 1774 Marci
1568 1711 1994 1792 Evangelium
2023 1709 2268 1775 dedisse
2306 1731 2328 1771 :
2372 1710 2640 1773 minime
2677 1727 2852 1786 vero,
2878 1713 3163 1776 Marcum
3194 1713 3491 1774 Ecclesia
3523 1732 3661 1775 cum

404 1809 668 1895 lectoris
730 1807 1042 1886 dignitate
1101 1824 1137 1870 a
1193 1809 1377 1869 Petro
1430 1808 1797 1890 pra/cetum
1854 1824 2007 1868 esse.
2064 1803 2364 1882 Sphalma
2415 1813 2512 1868 est
2563 1804 2738 1869 nulla
2771 1808 2959 1870 venia
3001 1809 3295 1888 dignum.
3363 1808 3660 1887 Sphalma

412 1903 685 1966 alterum
718 1905 885 1967 addo
915 1920 1058 1983 ego,
1085 1902 1256 1984 quod
1295 1901 1361 1963 in
1391 1902 1618 1983 Elogio
1648 1902 1846 1965 sancti
1910 1900 2177 1964 Joannis
2228 1901 2502 1980 apostoli
2551 1909 2615 1964 et
2666 1904 3082 1984 evangelista
3136 1905 3436 1968 occurrit.
3497 1905 3661 1966 Scri-

416 2007 628 2081 pserat
678 2001 1120 2081 Hieronymus
1179 1999 1267 2059 De
1334 1998 1494 2061 ciris
1558 1997 1920 2061 illustribus
1986 1996 2195 2077 capite
2248 1999 2310 2072 9,
2364 1997 2690 2078 Epistolas
2755 1999 3238 2064 duas'Joannis
3306 2001 3661 2081 presbyteri

410 2097 715 2159 asseri....
744 2098 863 2158 etsi
888 2094 1185 2156 nonnulli
1225 2101 1455 2173 putent
1514 2111 1621 2156 eas
1678 2112 1823 2156 eSsc
1861 2094 2134 2156 Joannis
2170 2092 2581 2174 evangelista.
2617 2096 2988 2161 Discrimen
3024 2097 3289 2162 alterius
3343 2100 3419 2163 ab
3457 2099 3659 2162 altero

408 2197 658 2257 Joanne
722 2194 1010 2257 retinens
1072 2190 1500 2271 SOpbronius,
1560 2193 1774 2254 Graece
1828 2200 1981 2252 vertt

2088 2198 2121 2263 t,
2164 2200 2411 2254 Ἰωάννου
2464 2201 2860 2274 πρεσϐυτέρου,
2894 2202 2957 2257 et
3014 2202 3265 2257 Ἰωάννου
3297 2199 3392 2257 τοῦ
3427 2201 3661 2271 εὐαγγε-

410 2298 595 2354 lle-.00
623 2314 640 2331 ο
674 2293 789 2353 sed
817 2289 988 2351 hunc
1018 2289 1304 2350 Graecum
1334 2295 1575 2349 textura
1613 2305 1944 2366 perperam
1975 2289 2362 2356 Parisiensis
2388 2292 2595 2356 editor
2624 2294 2841 2357 Latine
2874 2294 3180 2369 reddidit,
3209 2295 3480 2357 Joannis
3507 2313 3662 2375 apo-

410 2387 563 2450 stoli
593 2396 650 2449 et
680 2386 950 2449 Joannis
988 2382 1401 2463 evangelista,
1449 2399 1521 2444 ac
1553 2383 1608 2443 si
1640 2384 1968 2462 apostolus
2006 2393 2070 2447 et
2098 2390 2477 2468 evangelista
2507 2392 2639 2453 duo
2675 2388 2885 2453 forent
2928 2392 3196 2453 Joannis
3252 2391 3515 2454 nomine
3542 2406 3657 2471 ap-

418 2483 658 2563 pellati.
699 2484 771 2544 ln
806 2481 1094 2544 editione
1133 2481 1373 2542 Veneta
1407 2477 1732 2540 sublatum
1756 2483 2061 2544 mendum
2086 2493 2206 2547 est.

491 2607 677 2667 Joau.
708 2602 1013 2665 Albertus
1047 2601 1383 2664 Fabricius
1410 2607 1594 2663 sexto
1628 2601 1961 2665 volumine
1989 2602 2394 2667 Bibliotheca
2456 2605 2709 2678 Graca,
2747 2625 2887 2687 pag.
2919 2607 3061 2679 288,
3113 2606 3200 2668 ait
3234 2627 3251 2669 :
3289 2630 3317 2662 (ι
3354 2606 3664 2670 Combei‘t-

415 2701 556 2762 sius
618 2700 918 2775 miratur,
962 2698 1514 2779 'l‘beopliylactum
1571 2699 1639 2760 in
1696 2699 1980 2762 Parisien

2144 2702 2453 2766 editionis
2513 2705 2702 2768 titulo
2736 2705 2970 2775 vorari,
3001 2713 3093 2767 τὸν
3121 2716 3180 2767 ὲν
3210 2713 3388 2782 ἁγίοις
3441 2710 3662 2782 Πατέρα

411 2785 592 2869 apuin
654 2799 837 2860 Certe
894 2797 961 2859 in
995 2799 1281 2859 Romana
1315 2795 1479 2859 nihil
1521 2796 1701 2862 aliud
1733 2808 1828 2860 est
1873 2816 1984 2879 qua

2089 2807 2472 2878 Θεοφυλάκτου
2539 2811 2975 2881 ἀρχιιπισκόπου
3031 2811 3367 2882 Βουλγαριας
3396 2810 3662 2883 ἑρμηνεία

411 2907 497 2969 at;
552 2908 621 2962 τὰ
680 2910 929 2977 τέσσαρα
1000 2906 1333 2975 Εὐαγγέλια.
1393 2921 1412 2955 s
1474 2896 1597 2958 Sed
1660 2896 1791 2958 haec
1842 2899 1984 2959 eade

2122 2900 2335 2976 verba,
2403 2910 2836 2981 prmtereaque
2908 2902 3098 2979 nihil,
3156 2909 3405 2980 praestat
3457 2901 3661 2966 editio

415 2997 827 3061 Parisiensis.
889 2997 1275 3060 Combetisio
1334 3010 1488 3059 vero
1545 2994 1909 3072 imponitur
1969 2998 2138 3072 quod
2189 3014 2401 3075 neque
2456 3001 2829 3072 somniavit,
2885 2999 2947 3060 id
2985 3016 3187 3061 unum
3245 3001 3383 3061 suis
3434 2998 3502 3061 in
3550 3016 3663 3060 re-

415 3094 686 3156 censitis
755 3093 1131 3156 auctoribus
1188 3088 1594 3155 Bibliotheca
1650 3091 1917 3152 Patrum
1979 3092 2469 3155 concionatoria
2524 3093 2850 3172 inquienti
2904 3115 2921 3157 :
2970 3117 2997 3150 α
3040 3094 3240 3157 Miror
3298 3095 3409 3173 qui
3465 3111 3665 3174 agno-

419 3191 655 3265 verint,
692 3207 818 3253 non
851 3190 1095 3252 veritos
1151 3198 1503 3261 praenotare
1534 3188 1678 3268 ejus
1735 3202 1980 3266 Opuscu

2092 3202 2125 3246 n
2183 3186 2472 3268 aliquod,
2517 3196 2625 3252 Τοῦ
2667 3200 2724 3251 ἐν
2765 3199 2941 3267 ἁγίοις
2998 3200 3214 3271 Πατρὸς
3264 3198 3422 3271 ἡμῶν
3461 3200 3665 3270 Θεοφυ-

418 3296 647 3363 λάκτου,
663 3287 901 3358 ,S‘ancti
918 3286 1132 3349 Patris
1151 3286 1360 3347 nostri
1384 3283 1856 3365 Theophylacli.
1877 3307 1906 3340 η
1932 3284 1991 3344 PI

2090 3285 2461 3349 10lati0nem
2498 3286 2908 3366 reprehendit
2931 3288 3346 3351 Combeﬁsius
3372 3288 3663 3369 opusculi

414 3370 716 3466 alicujus,
752 3402 879 3447 non
918 3385 1302 3447 l‘arisiensis
1333 3383 1959 3446 Commentariorum
2000 3383 2066 3444 in
2101 3382 2446 3461 Evangelia
2476 3383 2782 3447 editionis
2818 3405 2833 3445 :
2868 3386 3192 3466 apusculi,
3233 3386 3521 3464 inquam,
3575 3387 3662 3446 De

420 3483 597 3559 regia
626 3480 768 3543 sine
794 3480 995 3543 dubio
1025 3480 1469 3554 Institutione,
1501 3479 1751 3559 pridem
1811 3480 1984 3559 typis
2040 3478 2194 3540 editi
2253 3497 2286 3542 a
2322 3482 2508 3541 Petro
2541 3483 2812 3546 Possino
2851 3484 2974 3546 sub
2999 3483 3184 3545 titulo
3227 3493 3334 3546 Τοῦ
3370 3494 3424 3544 ὲν
3482 3492 3660 3560 ἁγίοις

418 3587 634 3657 Ματρὸς
659 3588 816 3659 ἡμῶν
846 3586 1252 3656 Θεοφυλάκτου,
1286 3587 1407 3640 etc.
1446 3578 1555 3639 Ait
1591 3578 1705 3641 ille
1730 3581 1921 3641 etiam
1960 3579 2028 3639 in
2062 3576 2401 3657 marginali
2436 3578 2846 3643 adnotatione
2878 3583 2953 3642 ad
2982 3581 3274 3660 ejusdem
3310 3580 3659 3659 'Ibcophy-

416 3672 563 3737 lacti
591 3675 922 3738 bomiliam
953 3676 1023 3737 in
1050 3675 1604 3736 Prasentationem
1628 3674 1919 3754 Deipara
1952 3675 2255 3754 Virginis,
2289 3673 2360 3735 in
2396 3675 2699 3737 mantissa
2731 3675 2883 3737 tomi
2924 3678 3059 3738 Vlll
3093 3674 3488 3739 Bibliotheca
3506 3694 3659 3737 con-

416 3772 786 3833 cionatoria
814 3792 835 3834 :
867 3794 896 3829 ε
934 3770 1492 3849 Sapientissimum
1547 3770 2146 3853 (Theophylactum)
2197 3779 2259 3834 et
2313 3769 2445 3832 hac
2497 3772 2708 3850 prodit
2740 3772 2947 3837 oratio
2982 3794 3000 3835 :
3032 3772 3276 3836 utinam
3312 3788 3429 3834 nec
3455 3772 3661 3834 samti

416 3867 543 3929 alia
575 3870 957 3950 abrogarent
986 3867 1284 3929 titulum!
1322 3888 1351 3923 ιο

2003 4055 2080 4118 X.

418 4200 1019 4284 [XVlljuethodus
1067 4219 1107 4262 a
1168 4202 1222 4263 Τ
1218 4200 1626 4282 heophglacto
1678 4212 1927 4267 servata
1955 4204 2026 4266 in
2055 4204 2527 4268 Commentariis
2566 4225 2587 4264 :
2627 4203 2807 4267 breve
2852 4201 3091 4266 scilicet
3129 4206 3198 4267 in
3240 4206 3665 4284 compendium

502 4283 737 4362 passim
773 4281 1089 4362 redigente
1116 4281 1401 4362 sanctum
1426 4281 1733 4362 Joannem
1772 4284 2302 4362 Chrysostomum.
2357 4284 2654 4344 Parciore
2698 4301 2886 4344 manu
2926 4286 3196 4346 aliorum
3248 4281 3493 4362 colligit
3539 4288 3663 4347 ali-

508 4357 768 4453 guando
786 4360 1235 4453 expositiones.
1263 4357 1924 4453 A‘llegoriisabundat;
1946 4379 2093 4453 qua
2115 4378 2197 4419 an
2223 4378 2435 4453 omnes
2473 4362 2546 4421 ab
2584 4362 2720 4453 ipso
2749 4363 3219 4453 profecta-sint,
3250 4357 3660 4453 aninsititia,

502 4437 874 4518 inquiritur.
905 4439 1148 4518 Aliqua.
1179 4448 1328 4499 sunt
1360 4437 1631 4517 proprio
1660 4450 1856 4500 marte
1892 4437 2134 4519 scripta
2164 4458 2184 4498 :
2215 4440 2571 4500 Graeorum
2603 4437 2732 4520 Ejus
2749 4437 2884 4501 'avi
2901 4442 3270 4521 theologiam
3300 4442 3517 4505 tradit.

506 4604 611 4664 37.
659 4599 1217 4680 TbeOpbylactum
1249 4599 1389 4661 suis
1420 4599 1487 4660 in
1522 4599 2013 4662 Commentariis
2043 4600 2113 4663 in
2141 4600 2487 4681 Evangelia
2519 4601 2852 4681 redegisse
2884 4599 2949 4663 in
2983 4600 3435 4678 compendium
3465 4601 3670 4667 lusio-

431 4716 537 4762 res
597 4695 870 4760 Joannis
925 4695 1368 4773 Cbrysostomi
1416 4710 1644 4757 aureas
1690 4697 2154 4772 enarrationes,
2207 4715 2332 4760 una
2386 4710 2447 4760 et
2503 4697 2917 4762 consentiens
2948 4707 3043 4759 est
3073 4695 3666 4777 bibliograpborum

420 4792 933 4857 animadversio.
989 4792 1207 4853 Sixtus
1257 4790 1564 4854 Senensis
1616 4790 1682 4854 in
1734 4790 2126 4853 Bibliotheca
2154 4804 2396 4866 sancta,
2432 4794 2597 4857 libro
2625 4812 2711 4867 ιν,
2750 4793 2847 4856 sic
2884 4792 3022 4855 ait:
3054 4815 3083 4851 ι
3113 4790 3183 4855 In
3224 4794 3360 4854 divi
3391 4793 3670 4875 Chryso-

424 4890 619 4952 stomi
669 4889 953 4951 lectione
1010 4888 1124 4948 diu
1163 4886 1572 4964 multumque
1602 4895 1890 4948 versatus
1942 4905 2011 4948 ac
2039 4890 2337 4966 detritus,
2365 4891 2604 4970 redegit
2642 4890 2711 4952 in
2743 4890 2923 4952 breve
2960 4898 3020 4951 et
3063 4898 3351 4970 apertum
3380 4910 3669 4971 compen-

422 4983 618 5060 dium,
644 4985 830 5065 juxta
882 4983 1252 5065 historicum
1309 4981 1825 5061 intelligentiam,
1867 4983 2187 5062 quidquid
2224 4985 2622 5049 admirabilis
2660 4986 2768 5048 ille
2805 4989 2988 5049 Pater
3036 5003 3115 5049 ex
3146 5003 3347 5049 aureo
3376 5004 3498 5049 suo
3529 5005 3666 5063 ore,

422 5082 626 5155 veluti
681 5098 766 5142 ex
820 5077 1384 5141 abundantissime
1417 5081 1621 5151 fonte,
1656 5077 1723 5139 in
1755 5080 2160 5157 exponendis
2190 5082 2540 5162 Scripturis
2575 5084 2811 5146 sanctis
2841 5082 3178 5156 effuderat,
3224 5085 3670 5162 pratermissis

430 5178 587 5242 locis
629 5175 1084 5250 communibus,
1118 5176 1185 5236 in
1223 5177 1462 5256 quibus
1497 5175 1599 5237 ille
1634 5175 1842 5255 plenis
1876 5174 2265 5256 eloquentia
2293 5177 2453 5240 velis
2484 5195 2829 5241 excurrere
2861 5178 3221 5241 consuevit.
3258 5203 3288 5236 ιο

508 5295 678 5357 Hinc
710 5292 862 5356 vero
896 5294 964 5355 in
997 5291 1333 5356 codicibus
1366 5292 1822 5372 manuscriptis
1854 5292 2311 5372 inscriptiones
2334 5291 2712 5372 hujusmodi
2750 5301 2975 5370 prasto
3005 5300 3159 5356 sunt
3182 5303 3671 5374 εΘεοφυλάκτου...

425 5397 698 5468 Ἐπιτομὴ
720 5398 832 5453 τῶν
859 5397 955 5451 τοῦ
973 5397 1368 5470 Χρυσοστόμου
1418 5396 1796 5471 Ἑξηγητικῶν
1830 5401 1910 5463 εἰς
1936 5403 1997 5454 τὸ

2104 5399 2163 5453 τὰ
2193 5399 2408 5453 Λουκᾶν
2444 5398 2795 5468 Εὑαγγέλιον,
2833 5390 3351 5469 Theophglacti...
3375 5390 3677 5471 Compen-

425 5486 601 5551 dium
631 5486 1231 5548 Commentariorum
1266 5486 1698 5564 Chrysostomi
1730 5488 1797 5549 in
1824 5487 2236 5566 Ecangelium
2268 5484 2606 5548 secundum
2648 5484 2900 5548 Lucam.
2946 5488 2992 5547 ν
3003 5487 3061 5548 el
3109 5493 3381 5567 Ἐπιτομὴ
3398 5497 3510 5552 τῶν
3549 5498 3672 5566 Ἐξη-

425 5594 716 5665 ηγητικῶν
754 5595 838 5660 εἰς
866 5594 930 5649 τὺ
964 5593 1107 5648 κατὰ
1134 5593 1417 5649 Ματθαῖον
1442 5592 1807 5663 Εὐαγγέλιον,
1843 5584 1997 5663 Epit

2106 5603 2133 5643 e
2182 5583 2785 5647 Commentariorum
2848 5581 3345 5664 (subintellige,
3399 5587 3671 5650 Joannis

426 5682 881 5764 Chtgsostomi)
912 5682 980 5745 in
1016 5680 1425 5762 Evangelium
1452 5681 1762 5744 Matthai.

501 5779 604 5842 38.
652 5779 772 5842 Sed
807 5779 985 5843 alios
1003 5777 1220 5853 etiam,
1260 5777 1550 5858 parciore
1582 5778 1847 5857 quidem
1882 5794 2099 5854 manu,
2147 5775 2496 5856 scriptores
2540 5776 3057 5858 interpretesque
3085 5768 3375 5865 vetustos
3417 5777 3496 5863 ab
3523 5776 3672 5858 ipso
