4058 6470
405 305 470 370 ιι
1221 296 1319 359 DE
1355 293 1935 358 THEOPHYLACTI
1976 294 2250 357 GESTIS
2287 295 2382 355 ET
2422 294 2785 382 SgCIl'IPTlS.
3575 302 3643 366 42

405 417 742 493 decerptus
778 410 1126 491 aliquando
1185 407 1416 479 fuisse,
1474 405 1744 468 dubium
1802 400 2057 462 nullum
2091 418 2232 462 esse
2290 401 2478 463 debet
2514 422 2529 462 :
2562 418 2704 462 cum
2749 401 3146 483 perantiquis
3194 404 3255 466 in
3308 405 3636 486 aliquibus

407 508 685 583 Catenis,
719 507 1059 570 adnotante
1094 503 1381 568 Simonio
1423 518 1562 580 pag.
1595 499 1733 570 ιιοο,
1789 495 1972 576 plura
2002 496 2432 567 oﬂ'endantnr,
2485 515 2630 575 qua
2669 499 2969 560 similiter
3023 501 3188 578 apud
3229 500 3642 584 TheOphyIa-

404 615 572 669 ctum
607 609 976 668 occurrunt.
1019 599 1636 664 Commentariorum
1678 594 1819 674 ejus
1852 596 1919 655 in
1966 593 2373 671 Evangetium
2421 595 2689 654 Joannis
2746 594 2928 656 affert
2981 595 3276 660 laudatus
3314 598 3643 664 Simonius

405 703 717 774 codicem,
748 699 848 761 his
886 697 1264 776 inscriptum
1291 693 1504 756 verbis
1540 710 1552 752 :
1598 700 1899 772 Ἑρμηνεία
1950 715 2007 751 το

2040 697 2237 766 thyias
2295 714 2399 768 μου
2439 698 2707 753 δεσπότου
2764 701 2858 754 καὶ
2904 700 3166 756 αὑθέντου
3217 707 3642 778 μακαριωτάτου

403 795 836 870 ἀρχιεπισκόπου
893 791 1064 865 κυροῦ
1117 789 1522 860 Θεοφυλάκτου,
1554 787 1872 842 συντεθεῖσα
1922 789 1986 840 ὲκ
2027 785 2298 857 διαφόρων
2342 787 2515 854 ἁγίων
2566 789 2648 853 εἰς
2691 789 2752 842 τὸ
2791 789 2936 842 κατὰ
2987 790 3246 863 Ἰωάννην
3288 794 3642 864 Εὑαγγέλιον,

409 882 854 963 Interpretatio
889 880 1093 941 sancti
1121 878 1359 940 domini
1399 877 1517 937 mei
1547 886 1603 937 et
1634 875 1914 936 auctoris
1951 873 2116 937 beati
2149 876 2614 957 archiepiscopi
2651 877 2890 940 domini
2924 880 2975 938 Τ
2972 879 3392 960 heophylacti,
3426 887 3642 965 confe-

405 990 504 1042 cta
535 997 614 1039 ex
644 976 908 1039 diversis
949 983 1312 1035 sanctorum
1342 972 1661 1052 operibus,
1697 973 1764 1033 in
1794 971 2204 1050 Evangelium
2245 975 2451 1035 sancti
2473 976 2766 1037 Joannis.
2802 975 3090 1038 Titulum
3136 979 3343 1039 sancti
3383 987 3444 1040 et
3480 971 3648 1042 beati

406 1083 824 1153 pranotatum
855 1090 891 1136 a
932 1074 1150 1136 Graco
1193 1069 1455 1132 librario
1487 1069 1920 1131 animadverte
1955 1088 1972 1130 :
2005 1084 2077 1130 ac
2115 1070 2318 1145 disce,
2357 1071 2804 1151 hujuscemodi
2837 1073 3060 1136 titulos
3094 1075 3160 1137 in
3201 1074 3423 1139 oculos
3455 1079 3646 1140 etiam

404 1170 728 1232 Francisci
782 1167 1176 1242 Combeﬁsii,
1234 1165 1350 1246 qui
1404 1165 1659 1229 codices
1708 1163 2036 1238 lustrabat,
2090 1164 2378 1229 incidere
2428 1167 2742 1247 potuisse,
2777 1185 2846 1231 ac
2885 1186 2992 1232 eas
3028 1179 3330 1250 praterea
3364 1189 3552 1236 voces
3587 1179 3646 1232 ὲν

400 1274 598 1346 ἁγίοις.
633 1268 796 1330 Vide
829 1284 894 1329 n.
922 1269 1027 1329 36.

475 1365 576 1425 39.
625 1361 974 1442 Allegoriis
1007 1359 1528 1442 TheOphylactus
1564 1357 1866 1420 abundat.
1896 1357 2226 1419 Iudicium
2259 1356 2381 1422 fert
2413 1360 2952 1438 OEcolampadius
2979 1379 3092 1426 sua
3130 1364 3191 1425 in
3223 1363 3596 1428 Prafatione
3627 1387 3643 1428 :

401 1486 429 1517 α
465 1464 538 1524 ln
571 1461 925 1540 allegoriis,
987 1459 1326 1539 inquiens,
1377 1458 1496 1520 etsi
1547 1472 1678 1518 non
1729 1455 1974 1534 ubique
2011 1454 2286 1528 solidus,
2319 1455 2651 1535 jucundus
2700 1467 2909 1522 tamen
2949 1466 3068 1522 est.
3115 1483 3143 1518 »
3191 1459 3290 1523 Sic
3328 1461 3530 1523 etiam
3559 1462 3647 1524 ait

398 1558 615 1620 Sixtus
647 1556 960 1620 Senensis
992 1558 1132 1618 loco
1163 1555 1355 1617 citato
1407 1575 1422 1615 :
1477 1574 1506 1610 α
1565 1551 1924 1630 Allegorias
1957 1567 2244 1631 quoque,
2279 1570 2426 1616 cum
2463 1562 2572 1617 aut
2616 1555 2855 1631 nullas,
2906 1564 3015 1620 aut
3048 1573 3218 1619 raras
3250 1557 3418 1635 apud
3453 1559 3648 1636 Chrju

396 1661 758 1716 sostomum
789 1651 1197 1732 invenisset}
1217 1667 1296 1712 ex
1333 1648 1603 1712 aliorum
1636 1647 2114 1711 commentariis
2162 1647 2514 1727 supplevit,
2557 1660 2619 1713 et
2651 1652 2788 1714 suis
2829 1653 2988 1715 locis
3020 1651 3351 1732 aptissime
3402 1669 3649 1718 accom-

398 1749 708 1812 modavit.
754 1773 783 1807 »

476 1845 572 1905 Ex
603 1844 701 1905 his
743 1841 1086 1921 irrepsisse
1126 1841 1466 1920 plerasque
1507 1839 1574 1900 in
1624 1843 1865 1900 textum
1899 1857 1978 1900 ex
2010 1841 2276 1905 scholiis
2312 1843 2792 1923 marginalibus,
2842 1845 3098 1922 putabat
3135 1843 3466 1908 Simonius
3501 1843 3645 1905 loco
3745 1844 3748 1848 ’

405 1939 645 2018 sapius
680 1940 892 2014 citato,
930 1955 1067 2018 pag.
1102 1937 1242 1999 392.
1273 1937 1349 1997 V.
1385 1951 1445 2014 g.
1478 1934 1599 1996 sub
1629 1933 1891 1996 initium
1925 1935 2370 2003 Commentarii
2403 1959 2595 2020 super
2630 1942 3014 2014 Matthaeum,
3050 1947 3332 2022 quatuor
3368 1940 3646 2015 legimus

399 2035 751 2114 Evangelia
786 2035 1024 2113 scripta
1075 2049 1244 2108 esse,
1283 2053 1310 2087 α
1350 2029 1450 2092 vel
1508 2027 1657 2092 ideo
1706 2031 1859 2109 quia
1911 2041 2188 2111 quatuor
2235 2037 2506 2099 virtutes
2540 2034 2946 2099 universales
2994 2045 3078 2098 ex
3114 2037 3210 2098 eis
3251 2037 3644 2099 discimus...

399 2133 608 2211 Atque
641 2132 832 2194 etiam
866 2131 990 2192 alia
1023 2132 1292 2203 ratione,
1323 2133 1660 2206 propterea
1693 2127 1868 2205 quod
1898 2127 2020 2191 ista
2050 2133 2277 2194 mundi
2311 2139 2463 2195 sunt
2493 2133 2886 2196 columna...
2927 2135 2995 2195 Et
3019 2132 3142 2195 alia
3177 2132 3325 2194 item
3373 2131 3646 2202 ratione,

399 2228 705 2306 quoniam
755 2236 1038 2308 quatuor
1091 2227 1224 2288 hac
1275 2221 1815 2300 complectuntur,
1871 2224 2190 2305 dogmata,
2247 2237 2583 2309 pracepta,
2644 2229 2852 2290 minas
2909 2235 2972 2290 et
3056 2226 3644 2307 pollicitationes.»

397 2324 595 2404 Atqui
638 2342 815 2398 vero,
875 2325 1167 2388 Simonio
1199 2327 1383 2396 teste,
1442 2319 1646 2382 codex
1701 2320 1881 2384 adest
1933 2324 2000 2386 in
2044 2323 2393 2387 Parisiensi
2427 2324 2626 2404 Regia
2666 2323 3088 2399 Bibliotheca,
3145 2324 3256 2386 ubi
3303 2321 3645 2403 allegorica

397 2421 560 2482 ratio
591 2421 790 2484 altera
834 2438 904 2484 ac
937 2421 1125 2484 tertia
1157 2418 1612 2483 desiderantur
1647 2438 1663 2478 :
1703 2424 1765 2480 et
1795 2418 1974 2481 adest
2003 2420 2196 2495 alius,
2233 2421 2300 2482 in
2340 2438 2470 2501 quo
2512 2439 2629 2483 nec
2665 2421 2864 2499 prima
2897 2437 3014 2484 nec
3049 2420 3230 2482 tertia
3275 2433 3644 2490 occurrunt,

395 2521 765 2602 legiturque
804 2520 1000 2583 altera
1038 2526 1312 2582 tantum.
1362 2519 1875 2598 Manuscriptum
1937 2517 2007 2579 in
2073 2516 2501 2596 evangelistas
2553 2515 3001 2596 Theophylacti
3051 2515 3393 2595 Prologum
3426 2515 3552 2576 vidi
3587 2524 3650 2575 et

396 2634 541 2696 ego,
582 2636 661 2681 ex
703 2618 992 2681 Casareo
1021 2615 1515 2678 Vindobonensi
1567 2615 1788 2678 codice
1837 2608 2257 2691 deseriptum,
2316 2612 2384 2674 in
2439 2631 2570 2693 quo
2621 2613 2931 2692 allegoria
2972 2630 3054 2675 ex
3103 2621 3383 2692 quatuor
3421 2611 3649 2673 mundi

398 2713 686 2792 partibus
727 2714 1070 2790 desumpta
1102 2727 1232 2773 non
1266 2710 1558 2774 habetur.
1600 2713 1789 2773 Hunc
1821 2715 2127 2771 memorat
2171 2710 2456 2772 codicem
2513 2709 2844 2772 Nesselius
2877 2709 2942 2770 in
2983 2707 3310 2786 Catalogo,
3348 2715 3524 2786 parte
3559 2725 3646 2778 iv,

396 2828 460 2872 n.
496 2811 636 2871 2'11.
677 2810 854 2871 Hanc
903 2807 1194 2870 eamdem
1246 2806 1745 2885 pratermittunt
1774 2804 2147 2884 allegoriam
2184 2805 2411 2868 Veneti
2448 2804 2708 2869 codices
2740 2803 3050 2867 Marciani
3091 2804 3244 2877 duo,
3281 2802 3649 2866 tricesimus

394 2923 468 2969 ac
499 2906 864 2969 tricesimus
916 2906 1164 2985 primus
1207 2923 1222 2964 :
1264 2905 1558 2982 adeoque
1598 2901 1974 2975 huiusmodi
2031 2898 2355 2980 allegoria
2398 2899 2789 2980 multiplices
2824 2900 2893 2963 in
2947 2900 3068 2964 hoc
3099 2899 3240 2963 loco
3278 2908 3342 2964 et
3385 2899 3455 2962 in
3497 2895 3650 2963 aliis

395 3011 712 3081 suspecta
742 3001 1055 3065 evadunt.
1085 3000 1331 3074 Quidni
1358 3014 1513 3062 vero
1550 2997 1629 3060 de
1659 2997 1954 3060 codicum
2005 3000 2219 3075 potius
2251 2998 2744 3079 imperfectione
2776 3006 2887 3062 aut
2917 2999 3327 3062 mutilatione
3365 3017 3450 3064 ex
3482 3000 3653 3063 osci-

359 3098 598 3162 ‘tantia
656 3086 1015 3162 scribarum
1071 3097 1535 3176 suspicandum
1592 3095 1830 3158 fuerit?
1872 3096 2141 3160 Rectum
2201 3091 2437 3175 pendet
2472 3113 2551 3158 ex
2589 3104 2881 3160 accurata
2909 3104 3314 3162 vetustorum
3364 3097 3646 3176 plurium

397 3197 718 3273 codicum,
752 3203 814 3259 et
849 3197 1032 3259 bona
1067 3203 1255 3266 nota,
1279 3194 1627 3274 judicium.

449 3289 578 3356 ἦθ’.
625 3293 699 3356 In
739 3292 915 3356 hisce
949 3292 1441 3356 Commentariis
1493 3290 1633 3352 suis
1685 3305 1813 3352 non
1848 3305 2044 3369 pauca
2096 3293 2421 3348 auctorem
2471 3287 2736 3367 pr0prio
2771 3292 2966 3349 marte
3000 3285 3383 3361 inseruisse,
3421 3293 3531 3348 aut
3581 3286 3649 3347 in

403 3391 689 3468 ipsarum
745 3391 1273 3469 interpretatione
1335 3387 1838 3467 Scripturarum,
1895 3392 2003 3446 aut
2056 3384 2120 3444 in
2163 3382 2464 3445 vindiciis
2522 3391 2706 3446 recta
2756 3374 2905 3444 lidei
2954 3383 3294 3445 adversum
3348 3383 3646 3453 haereses,

398 3502 558 3566 quas
589 3487 1071 3566 opportunitate
1105 3487 1245 3549 data
1291 3490 1600 3549 memorat
1637 3499 1709 3545 ac
1742 3479 2000 3556 refellit,
2027 3479 2456 3542 dubitandum
2490 3495 2618 3544 non
2643 3487 2759 3541 est.
2799 3479 2964 3540 Hinc
2996 3479 3188 3541 etiam
3221 3478 3648 3542 Combetisius

398 3583 464 3644 in
502 3599 638 3644 sua
672 3579 1076 3644 Bibliotheca:
1102 3583 1591 3643 concionatorice
1620 3576 1994 3641 auctoribus
2028 3574 2369 3637 recensitis
2402 3575 2700 3637 admonet
2732 3575 2994 3652 [XVIII]
3021 3575 3200 3653 plura
3232 3592 3300 3637 se
3330 3592 3407 3638 ex
3443 3574 3651 3636 Theo-

401 3678 698 3758 pbylacto
728 3678 1087 3740 inseruisse
1119 3678 1334 3739 eidem
1366 3673 1803 3748 Bibliotheca,
1857 3694 1887 3728 α
1928 3672 2039 3733 ubi
2076 3672 2426 3752 prasertim
2466 3673 2562 3734 vel
2599 3673 3038 3753 Chrysostomi
3076 3674 3400 3754 expositio
3437 3673 3645 3746 deest,

403 3777 500 3838 vel
549 3777 688 3856 ipse
735 3775 1019 3840 abundat
1059 3798 1088 3832 »
1118 3775 1644 3854 archiepiscOpus
1689 3770 2024 3850 Bulgaria.
2077 3769 2438 3835 Peculiares
2480 3769 2740 3832 demum
2773 3769 3052 3849 aliquas,
3091 3789 3236 3849 qua
3265 3772 3434 3850 apud
3474 3773 3650 3834 Gra-

398 3889 507 3935 cos
538 3872 969 3944 invaluerant,
1006 3872 1226 3934 minus
1263 3871 1331 3933 in
1369 3870 1694 3948 theologia
1737 3867 2054 3947 probatas,
2117 3864 2523 3942 amplectitur
2565 3863 2894 3926 doctrinas
2930 3887 2944 3924 :
2980 3874 3323 3946 movetque
3382 3875 3644 3928 contro-

400 3969 642 4032 versias
673 3973 855 4032 atate
894 3983 1009 4028 sua
1048 3967 1360 4048 vigentes.
1393 3965 1758 4044 Specimina
1793 3961 2088 4024 dabimus
2126 3958 2312 4021 infra.

1967 4152 2071 4214 XI.

397 4306 922 4386 Commentarium
969 4307 1037 4368 in
1087 4309 1242 4370 Acta
1287 4304 1966 4386 apostolorumAGrtPcc
2003 4316 2077 4386 et
2113 4304 2334 4386 Latine
2363 4305 2644 4386 vulgavit
2677 4302 3063 4386 Laurentius
3082 4305 3376 4386 _Si[anius
3407 4326 3428 4366 :
3467 4306 3650 4369 codi-

481 4403 621 4466 ces,_
630 4383 938 4466 editiones
967 4403 1038 4446 ac
1074 4380 1384 4466 specimen
1420 4389 1652 4466 operis.
1695 4383 2155 4466 Christophoro‘
2174 4385 2451 4466 Porsena
2473 4380 2852 4466 interprete,
2875 4380 3124 4466 prodiit
3149 4380 3645 4466 Commentarius

481 4465 548 4523 in
586 4461 916 4541 Epistolas
947 4458 1150 4527 sancti
1177 4462 1366 4527 Pauli
1411 4458 1523 4525 sub
1573 4464 1822 4524 nomine
1853 4458 2206 4534 Athanasii,
2228 4464 2468 4524 scilicet
2500 4458 2944 4541 Aleiandrini.
2979 4459 3265 4541 Latinam
3299 4464 3646 4541 versionem

481 4539 940 4620 recognoscant
964 4541 1310 4604 Lonicerus
1343 4552 1399 4604 et
1445 4543 1786 4603 Montanus
1814 4559 1886 4601 ac
1914 4542 2378 4620 ,Theophylacto
2417 4559 2574 4620 opus
2602 4539 2993 4620 adjudicant.
3041 4539 3292 4602 Tribuit
3325 4540 3492 4603 illud
3524 4541 3644 4601 La-

481 4619 681 4682 tinius
712 4619 1056 4698 Athanasio
1087 4621 1396 4698 Byzantio
1439 4641 1458 4679 :
1489 4638 1620 4698 qua:
1649 4619 1961 4680 sententia
1997 4622 2321 4698 refutatur
2352 4619 2634 4698 codicum
2669 4619 2939 4678 maxime
2969 4620 3369 4679 auctoritate.
3417 4620 3642 4682 Editio

479 4698 951 4760 Graeco-Latina
980 4697 1395 4762 Londinensis
1427 4721 1445 4768 ;
1484 4697 1675 4778 deque
1713 4700 1850 4777 ipso
1893 4697 2352 4760 Commentario
2383 4697 2725 4778 judicium.
3048 4738 3050 4740 τ

480 4848 578 4908 ιιι.
629 4850 719 4908 Ex
752 4847 973 4910 codice
1006 4845 1162 4909 olim
1208 4843 1476 4908 Joannis
1524 4844 1842 4918 Sambuci,
1886 4852 2104 4923 postea
2144 4847 2429 4909 Casareo
2473 4845 2988 4918 Vindobonensi,
3024 4845 3134 4924 qui
3170 4844 3339 4924 apud
3376 4847 3642 4908 Lambe-

401 4943 576 5004 cium
639 4943 805 5014 libro
837 4961 873 5004 v
906 4947 1282 5004 numeratur
1335 4941 1476 5012 2‘22,
1525 4940 1764 5018 prodiit
1834 4941 2306 5018 Thcophylacti,
2364 4939 2651 5001 Achridoe
2684 4940 2752 5000 in
2793 4939 3099 5018 Bulgaria
3153 4941 3642 5022 archiepiscopi,

407 5039 747 5116 Expositio
785 5040 853 5101 in
883 5039 1039 5100 Acta
1071 5034 1525 5116 apostolorum,
1560 5037 1774 5097 Graec
1805 5045 1866 5096 et
1909 5037 2156 5109 Latine,
2198 5037 2417 5098 studio
2450 5043 2509 5097 et
2555 5052 2744 5113 Opera
2779 5035 3106 5097 Laurentii
3144 5034 3368 5098 Sifanii
3409 5040 3647 5100 Pruns-

406 5131 588 5207 feldi,
623 5135 680 5194 Ι.
732 5136 803 5196 U.
842 5137 940 5208 D.,
974 5134 1250 5196 Colonia:
1274 5132 1446 5212 apud
1472 5131 1737 5192 haeredes
1771 5132 2039 5195 Arnoldi
2085 5133 2485 5194 Birckmanni
2514 5151 2677 5194 anno
2731 5131 2902 5205 1567,
2942 5130 3052 5192 fol.
3093 5131 3385 5196 Praefatio
3414 5134 3646 5214 legitur

405 5228 500 5288 Ad
535 5229 776 5291 nobiles
812 5240 868 5290 et
910 5247 1242 5308 generosos
1290 5228 1650 5308 magniﬁcos
1707 5231 1898 5302 viros,
1953 5231 2233 5290 dominos
2286 5231 2568 5290 Marcum
2605 5238 2660 5288 et
2693 5229 2999 5288 Joannem
3030 5229 3352 5308 Fuggeros
3381 5233 3644 5310 fratres,

403 5324 668 5386 Antonii
687 5325 875 5404 ﬁlios,
910 5326 1316 5405 Kirchbcrgce
1344 5334 1402 5386 et
1451 5325 1912 5390 Weissenborni
1940 5327 2237 5387 barones.

482 5425 715 5484 Prater
761 5423 934 5486 hunc
964 5422 1559 5496 Vindobonensem,
1614 5429 1922 5484 memorat
1971 5423 2337 5485 Bernardus
2391 5423 2914 5486 Monti’auconius
2961 5425 3326 5488 Mediceum
3364 5428 3648 5489 Lauren»

402 5519 647 5582 tianum
682 5522 992 5594 codicem,
1037 5523 1100 5584 in
1155 5521 1543 5583 Bibliotheca
1591 5519 2109 5582 bibliothecarum
2159 5539 2306 5580 mss.
2360 5517 2589 5582 Nullus
2623 5519 2792 5597 apud
2851 5519 3334 5601 bibliograpbos
3365 5525 3644 5584 occurrit

405 5615 560 5677 mihi
593 5616 786 5690 alius,
824 5619 934 5697 qui
969 5618 1269 5680 eumdem
1308 5624 1556 5696 prastet
1593 5617 2118 5681 Commentarium
2153 5639 2171 5677 :
2213 5633 2330 5678 nec
2363 5615 2568 5678 ullum
2607 5617 2888 5696 reperire
2921 5635 2989 5679 se
3025 5619 3313 5698 potuisse
3345 5619 3408 5679 in
3443 5619 3641 5698 Regia

407 5711 753 5776 Parisiensi
787 5716 1200 5787 Bibliotheca,
1239 5714 1566 5776 Simonius
1609 5722 1894 5776 testatur.
2095 5785 2098 5787 λ
2577 5701 2581 5708 ’

766 5820 1031 5882 rma...
1077 5785 1195 5882 (in.
1240 5819 1522 5882 cxxnl.

3233 5821 3271 5879 2
