4058 6470
389 316 476 383 43
1218 323 1446 386 BERN.
1489 323 1758 384 MARle
1799 326 1895 386 DE
1938 325 2223 387 RUBEIS
2267 325 2773 388 DlSSERTATIO
3579 323 3649 387 44

493 427 778 492 Latinam
817 434 1059 491 tantum
1095 430 1444 494 editionem
1477 430 1578 492 his
1607 431 2004 493 Possevinus
2042 433 2251 494 vernis
2284 442 2588 498 memorat
2621 452 2687 498 1n
2719 434 3053 514 Apparatu
3087 449 3293 508 sacro,
3336 437 3509 496 tomo
3539 435 3593 495 ll
3633 453 3647 492 :

409 547 439 581 α
477 524 926 586 Enarrationes
973 541 1126 588 vero
1158 525 1221 587 in
1257 529 1408 590 Acta
1445 527 1963 605 apostolorum...
1999 528 2219 591 Latino
2254 529 2554 610 Philippo
2594 533 2899 594 Montano
2931 538 2990 593 et
3025 530 3370 592 Laurentio
3407 528 3652 593 Sifanio

332 653 334 655 >
409 620 896 700 interpretibus,
929 625 1302 699 ann01570,
1345 624 1632 686 Basilcm.
1673 647 1700 681 ››
1734 624 2003 686 Fallitur
2043 625 2422 690 vir-doctus.
2477 625 2868 692 Basileensis
2901 626 3033 689 haec
3061 626 3214 689 anni
3253 627 3408 688 1570
3452 625 3652 688 editio

409 717 692 792 in-folio,
725 735 869 798 quae
899 719 1138 798 prodiit
1169 739 1250 783 eae
1282 721 1535 801 ofﬁcina
1577 722 1982 800 Hervagiana
2027 740 2145 802 per
2179 722 2520 786 Eusebium
2563 723 2995 803 Episcopium,
3046 739 3174 784 non
3207 720 3655 800 complectitur

409 816 619 877 solum
670 817 1132 878 Enarrationes
1186 818 1638 900 Theophylacti
1677 818 1744 880 in
1802 817 1960 880 Acta
2004 820 2462 899 apostolorum,
2504 837 2730 883 verum
2789 819 2979 882 etiam
3021 817 3530 882 Commentarios
3585 821 3655 881 in

409 912 754 992 Evangelia
784 920 846 976 et
891 915 961 976 in
1009 914 1334 995 Epistolas
1389 915 1604 990 Pauli,
1662 923 1724 978 et
1781 917 1849 977 in
1899 925 2170 996 quatuor
2204 917 2548 996 prophetas
2576 917 2873 992 minores,
2909 933 2980 979 ac
3031 916 3171 978 loco
3234 922 3556 994 postremo
3588 915 3653 977 in

409 1010 564 1072 Acta
619 1007 1076 1088 apostolorum.
1115 1013 1210 1074 Ad
1254 1011 1539 1092 Philippi
1573 1011 1862 1076 Montani
1911 1029 2124 1075 curam
2166 1030 2555 1092 Operamque
2615 1030 2743 1076 una
2774 1019 3019 1093 spectat
3053 1012 3549 1075 Enarrationum
3585 1011 3648 1072 in

413 1107 755 1186 Evangelia
787 1116 850 1170 et
877 1109 943 1170 in
979 1107 1298 1187 Epistolas
1338 1108 1522 1172 Pauli
1577 1109 1938 1190 recognitio
1980 1118 2043 1172 et
2074 1113 2442 1174 emendatio
2477 1133 2491 1172 :
2532 1110 2646 1174 sed
2679 1128 2850 1175 unus
2895 1118 2993 1173 est
3033 1109 3652 1174 Commentariorum

407 1209 474 1269 in
508 1207 854 1286 prephetas
887 1207 1207 1287 interpres
1236 1211 1516 1274 Joannes
1547 1209 1900 1273 Lonicerus
1935 1232 1950 1270 :
1985 1227 2055 1272 ac
2085 1211 2280 1272 unius
2313 1209 2505 1271 etiam
2546 1209 2873 1271 Laurentii
2910 1205 3134 1270 Sifanii
3165 1207 3389 1269 Latina
3439 1205 3655 1267 versio

411 1303 905 1382 Expositionum
937 1304 1006 1366 in
1034 1306 1256 1367 eadem
1286 1306 1723 1385 apostolorum
1758 1309 1931 1369 Acta.
1962 1308 2127 1370 Hinc
2152 1306 2394 1367 ibidem
2426 1305 2652 1368 titulus
2686 1313 2781 1368 est
2812 1329 2829 1367 :
2870 1303 3316 1385 Theophylacli
3336 1302 3656 1380 Bulgaria:

407 1399 876 1481 archiepiscopi
910 1401 1390 1482 Explicationes
1421 1404 1490 1466 in
1524 1403 1684 1466 Acta
1712 1403 2168 1482 apostolorum,
2205 1403 2448 1464 concise
2491 1421 2563 1463 ac
2601 1402 2874 1464 breviter
2909 1421 2988 1463 ea:
3019 1403 3323 1464 Patribus
3356 1399 3652 1473 collectae,

407 1497 754 1560 Laurentio
796 1500 1044 1577 Sifanio
1088 1497 1495 1580 Prunsfeldio
1531 1501 1595 1562 J.
1635 1501 1705 1562 Π.
1739 1498 1815 1562 D.
1851 1502 2222 1580 interprete.

485 1595 814 1658 Collectus
847 1614 926 1656 ex
957 1596 1258 1658 Patribus
1289 1595 1804 1659 Commentarius
1834 1597 2074 1660 dicitur
2107 1621 2121 1660 :
2156 1599 2416 1678 ipsique
2442 1598 2704 1677 proprio
2727 1595 3134 1677 appellantur
3161 1595 3421 1659 nomine
3446 1596 3652 1674 Chry-

407 1686 742 1766 sostomus,
782 1691 1114 1770 Didymus,
1146 1692 1435 1768 Severus,
1467 1693 1864 1768 Severianus,
1902 1693 2204 1773 Cyrillus.
2243 1694 2582 1773 Prologus,
2621 1695 2732 1774 qui
2776 1693 3146 1772 prmmissus
3177 1694 3356 1772 Operi
3392 1698 3653 1768 prostat,

393 1787 583 1850 idem
619 1795 716 1850 est
745 1805 815 1850 ac
843 1789 1114 1850 Joannis
1145 1788 1587 1868 Chrysostomi
1651 1790 1958 1870 prologus
1995 1812 2009 1852 :
2047 1791 2218 1854 unde
2271 1805 2436 1868 opus
2473 1789 2949 1869 hujuscemodi,
2985 1789 3157 1869 quod
3206 1789 3284 1850 ab
3328 1790 3471 1868 ipso
3502 1805 3653 1850 san-

407 1884 699 1946 ctissimo
761 1885 898 1947 viro
956 1884 1350 1966 abjudicavit
1409 1887 1740 1961 Erasmus,
1799 1888 2158 1966 genuinum
2215 1886 2438 1966 probat
2488 1885 2698 1965 ipsius
2758 1885 3219 1965 TheOphylacti
3281 1885 3651 1948 auctoritas.

409 1981 851 2045 Prml‘ationem
885 1981 1155 2044 consule
1191 1980 1412 2044 Savilii
1467 1989 1528 2044 et
1575 1980 2065 2045 Montfauconii.
2097 1985 2416 2048 Minorem
2469 1983 2849 2046 adhibuisse
2884 1983 3400 2063 TheOphylactus
3431 1984 3501 2048 in
3543 1983 3658 2048 hac

409 2077 898 2141 elucubratione
929 2077 1359 2156 diligentiam,
1385 2092 1456 2140 ac
1484 2078 1730 2140 cmteris
1759 2077 1823 2139 in
1844 2079 2561 2157 Commentariisgvisus
2595 2089 2684 2142 est
2709 2079 3022 2144 Richardo
3040 2080 3333 2144 Simonio
3361 2102 3376 2143 :
3401 2097 3472 2145 ac
3503 2097 3656 2144 sane

411 2174 581 2238 inter
611 2178 877 2238 Catenas
913 2174 1129 2254 potius
1182 2174 1551 2237 collocanda
1583 2176 1860 2251 videtur,
1904 2176 1968 2238 in
1998 2175 2235 2257 quibus
2261 2177 2668 2239 diversorum
2701 2175 2944 2240 scholia
2966 2176 3388 2256 colliguntur.
3423 2178 3657 2240 Codice

413 2271 631 2335 Grmco
665 2289 825 2333 usus
858 2279 952 2334 est
1007 2271 1292 2335 Sil'anius
1343 2270 1596 2347 mutilo,
1646 2273 2007 2353 erratisque
2038 2281 2322 2336 scatente
2361 2294 2376 2333 :
2412 2272 2683 2351 ipsaque
2716 2272 2857 2336 loca
2900 2273 3126 2336 mutila
3157 2280 3218 2336 et
3249 2285 3547 2352 corrupta
3585 2291 3658 2336 ac

411 2367 608 2430 dubia
647 2367 890 2430 indicat
937 2366 1046 2430 ille
1080 2369 1146 2430 in
1179 2368 1494 2447 margine,
1529 2385 1676 2449 quas
1724 2370 2028 2448 supplere
2079 2377 2190 2433 aut
2230 2369 2553 2449 corrigere
2614 2369 2864 2441 studet,
2916 2367 3222 2432 lectorum
3275 2368 3537 2432 utilitati
3590 2373 3659 2430 ut

411 2465 804 2532 consuleret.
850 2466 1090 2529 Novam
1135 2466 1298 2529 sacri
1348 2473 1564 2529 textus
1605 2467 1970 2530 versionem
2004 2465 2298 2528 adhibuit
2332 2488 2347 2527 :
2385 2465 2780 2546 adhibetque
2832 2466 2896 2527 in
2932 2482 3041 2528 ora
3087 2464 3393 2544 marginis
3431 2463 3660 2527 lectio-

415 2581 531 2628 nes
567 2562 907 2638 variantes,
942 2579 1104 2642 quas
1141 2580 1217 2625 ex
1253 2562 1556 2626 versione
1590 2562 1837 2643 vulgata
1870 2563 2093 2637 sumit,
2133 2563 2420 2643 itemque
2451 2563 2722 2635 Erasmi,
2759 2569 2821 2624 et
2850 2561 3207 2624 Sebastiani
3249 2561 3656 2634 Castalionis,

413 2677 485 2724 ac
525 2657 851 2723 Theodori
884 2659 1084 2722 Bczaa.
1121 2658 1289 2720 Hinc
1324 2674 1474 2721 vero
1505 2659 1629 2722 sub
1683 2658 1939 2720 initium
1970 2661 2187 2736 operis
2237 2659 2369 2722 haec
2403 2658 2486 2720 ad
2524 2657 2849 2722 Lectorem
2880 2657 3439 2722 Admonitiuncula
3492 2659 3662 2739 legi-

415 2768 518 2819 tur
550 2778 566 2818 :
599 2778 628 2813 α
657 2755 1124 2818 Admonendus
1155 2755 1406 2830 Lector,
1443 2753 1556 2817 ubi
1588 2754 1843 2818 diversa
1875 2754 1943 2816 in
1977 2759 2264 2838 margine
2292 2758 2619 2822 translatio
2654 2759 2945 2839 apposita
2978 2765 3111 2833 est;
3155 2777 3268 2836 per
3316 2760 3385 2821 γ.
3426 2756 3662 2838 Vulga-

413 2865 565 2929 tam,
603 2873 714 2935 per
741 2855 825 2916 E.
858 2852 1134 2926 Erasmi,
1169 2869 1282 2932 per
1313 2852 1381 2915 Ο.
1435 2850 1839 2927 Castalionis,
1874 2871 1987 2930 per
2022 2854 2100 2915 B.
2139 2857 2318 2917 Bezm
2362 2856 2728 2920 versionem
2773 2855 3120 2935 signiﬁcari
3159 2872 3174 2916 :
3207 2855 3528 2918 diversam
3577 2851 3659 2916 ab

415 2951 516 3012 his
553 2949 881 3012 Laurentii
915 2947 1138 3010 Sifanii
1173 2948 1548 3026 interpretis
1582 2963 1750 3010 esse.
1789 2969 1819 3005 ››
1857 2949 1994 3011 Jam
2046 2949 2238 3014 habet
2268 2951 2623 3015 catholicus
2675 2953 2921 3026 Lector,
2957 2958 3026 3012 ut
3077 2952 3133 3013 si
3173 2951 3331 3032 quid
3382 2947 3658 3012 furfuris

417 3046 777 3126 irrepserit,
814 3061 1007 3107 nosse
1037 3043 1201 3107 illud
1241 3051 1437 3125 queat
1466 3043 1724 3124 sibique
1755 3051 1993 3107 caveat.

497 3146 598 3206 h2.
647 3144 1142 3206 Commentarios
1197 3143 1265 3205 in
1326 3139 1654 3222 Epistolas
1701 3143 1911 3205 sancti
1968 3141 2160 3206 Pauli
2218 3139 2438 3206 Graeco
2469 3160 2549 3206 ex
2597 3142 2815 3206 codice
2857 3141 3080 3206 Latine
3135 3141 3258 3204 sub
3290 3143 3660 3223 pontiﬁcatu

420 3241 601 3306 Pauli
633 3242 715 3315 ll,
745 3257 915 3304 anno
950 3239 1126 3312 11ι69,
1176 3238 1502 3301 transtulit
1541 3240 1610 3301 F.
1651 3237 2155 3318 ChristOphorus
2187 3243 2494 3316 Porsena,
2545 3243 2898 3316 Romanus,
2933 3241 3116 3304 Prior
3165 3243 3408 3305 Sanctae
3458 3241 3662 3320 [XIX]

421 3339 722 3407 Baihinm,
759 3353 830 3400 ac
859 3335 1030 3417 typis
1067 3337 1285 3397 Romae
1315 3335 1593 3414 vulgavit
1624 3351 1792 3398 anno
1837 3335 2013 3415 W77,
2063 3337 2429 3418 dicavitque
2468 3337 2646 3400 Sixto
2681 3337 2765 3400 IV
2799 3337 3087 3418 pontiﬁci
3127 3337 3425 3413 maximo,
3473 3336 3662 3400 titulo

417 3439 751 3502 Athanasii
805 3437 1004 3501 veluti
1044 3438 1352 3513 auctoris,
1389 3438 1648 3516 praeﬁxo
1681 3436 2192 3502 Commentariis.

498 3535 598 3598 ιι3.
636 3537 934 3597 Porsena)
987 3534 1584 3612 interpretationem
1631 3533 2004 3613 recognovit
2050 3533 2332 3594 Joannes
2389 3531 2768 3605 Lonicerus,
2813 3530 3334 3610 recognitamque
3379 3528 3663 3609 vulgavit

423 3633 546 3696 sub
574 3631 832 3694 nomine
879 3629 1345 3711 Theophylacti.
1382 3632 1593 3712 Hujus
1623 3648 1790 3707 esse,
1823 3647 1952 3693 non
1980 3627 2315 3691 Athanasii
2342 3625 2764 3689 Alexandrini
2798 3625 3016 3700 fetum,
3055 3629 3378 3690 confirmat
3416 3625 3660 3689 Erasmi

417 3719 820 3807 auctoritate,
856 3735 917 3788 et
965 3725 1232 3804 Joannis
1262 3725 1472 3803 Fabri,
1527 3733 1590 3790 et
1635 3727 1902 3790 Joannis
1948 3721 2223 3788 Beraldi.
2265 3743 2294 3778 α
2330 3723 2539 3784 Hosce
2596 3720 3041 3802 Theophylacti
3070 3723 3137 3784 in
3179 3723 3449 3784 Paulum
3485 3721 3664 3784 Com-

423 3820 764 3888 mentarios
797 3825 1028 3906 (inquit
1078 3825 1144 3887 in
1192 3825 1568 3887 Prmfatione
1599 3826 1674 3888 ad
1725 3827 2019 3890 Amicum
2055 3821 2402 3901 Lcctorem)
2451 3820 2610 3884 falso
2663 3820 2971 3885 hactenus
3023 3821 3374 3885 Athanasio
3432 3821 3664 3882 inscri-

409 3930 592 4001 ptos,
634 3922 935 3986 Erasmus
970 3922 1034 3982 in
1060 3923 1196 3984 suis
1229 3923 1770 3986 Annotationibus
1803 3941 2000 4003 super
2027 3923 2139 3987 illo
2176 3923 2356 3986 Pauli
2386 3923 2463 3987 ad
2493 3910 2836 3999 Romanos,
2882 3925 3009 4001 Qui
3035 3925 3518 4003 prwdestinatus
3544 3932 3657 3993 est,

429 4025 572 4085 luce
628 4021 940 4096 lucidius,
971 4039 1042 4084 ac
1081 4039 1230 4083 vero
1283 4023 1499 4084 verius
1531 4031 1889 4087 attestatur.
1924 4047 1953 4080 »
1997 4020 2243 4082 Erasmi
2275 4020 2526 4082 scilicet
2577 4019 2710 4082 ha-c
2753 4028 2849 4082 est
2879 4022 3201 4082 sententia
3242 4021 3381 4082 loco
3413 4021 3602 4082 citato
3641 4040 3656 4079 :

418 4142 458 4173 τα
499 4119 610 4181 His
645 4119 858 4182 verbis
885 4119 1146 4197 (cogniti
1169 4137 1292 4197 pro
1330 4120 1500 4182 Filio
1545 4120 1680 4198 Dei)
1719 4121 1919 4181 utitur
1953 4120 2267 4194 interpres
2298 4116 2540 4195 aperis,
2573 4114 2739 4178 falso
2773 4116 3062 4194 inscripti
3091 4115 3439 4179 Athanasio
3470 4137 3486 4176 :
3517 4132 3659 4178 cum

429 4217 490 4276 id
544 4216 715 4294 quod
772 4222 956 4276 antea
995 4213 1505 4293 suspicabamur,
1543 4230 1686 4276 mox
1736 4213 1965 4276 collato
2003 4215 2223 4276 Graeco
2266 4210 2644 4290 Latinoque,
2681 4212 3116 4291 comperimus
3148 4229 3290 4275 esse
3317 4210 3660 4290 TheOphy-

429 4313 598 4376 lacti.
638 4334 667 4368 to

512 4409 720 4470 Verba
752 4414 1120 4489 sequuntur
1174 4406 1439 4469 Joannis
1491 4405 1677 4468 Fabri
1714 4429 1728 4468 :
1766 4429 1794 4462 «
1841 4407 1960 4470 Hic
1987 4407 2178 4470 eliam
2221 4397 2787 4488 (Theophylactus)
2815 4406 2882 4467 in
2903 4405 3090 4470 Pauli
3125 4406 3448 4486 Epistolas
3481 4407 3663 4468 Com-

434 4505 742 4567 ntentaria
776 4502 1055 4583 scripsit,
1077 4520 1221 4582 quae
1246 4501 2084 4580 trans-tulitChristophorus
2105 4507 2457 4568 Porsena...
2487 4503 2610 4565 sub
2638 4502 2799 4566 falso
2834 4504 3049 4580 titulo,
3079 4505 3267 4585 quasi
3307 4505 3437 4568 sint
3464 4506 3688 4575 Allia-7

410 4601 595 4665 .ttasii
623 4601 1073 4664 Alexandrini.
1104 4602 1245 4676 Qua
1271 4618 1335 4662 re
1362 4600 1545 4664 multi
1583 4600 1836 4678 decepti
1870 4599 2160 4675 fuerunt,
2207 4601 2381 4679 quod
2433 4607 2494 4662 et
2537 4599 2694 4662 mihi
2727 4601 3072 4681 contigisse
3104 4602 3388 4680 ingenue
3408 4599 3610 4663 fateor
3645 4619 3659 4658 :

415 4711 551 4757 nec
585 4711 796 4758 meum
829 4694 1019 4757 etiam
1053 4694 1496 4757 emendassem
1540 4710 1847 4767 errorem,
1883 4692 2005 4754 nisi
2035 4696 2187 4757 dum
2217 4712 2296 4757 ex
2339 4695 2577 4758 Graecis
2609 4702 2672 4758 et
2698 4696 2936 4758 Latinis
2963 4696 3293 4759 codicibus
3325 4695 3475 4758 hinc
3511 4697 3662 4757 inde

431 4792 794 4856 collectis...
851 4792 1026 4854 aliud
1059 4791 1670 4866 invenissem;licet
1707 4808 1959 4870 semper
1981 4791 2323 4853 dubitarim
2347 4835 2364 4866 ,
2396 4797 2726 4870 prepterea
2761 4793 2933 4872 quod
2975 4792 3279 4867 Basilius,
3314 4793 3663 4872 Gregorius

432 4907 697 4972 quoque
745 4893 1080 4969 Nyssenns
1129 4890 1197 4952 in
1248 4890 1350 4951 his
1384 4890 1560 4953 citati
1591 4889 1858 4952 fuerint.
1901 4912 1928 4946 ιυ
1963 4887 2144 4950 Paria
2188 4887 2448 4949 demum
2489 4885 2678 4948 habet
2713 4887 3023 4950 Beraldus
3063 4909 3079 4950 :
3131 4910 3161 4945 α
3198 4887 3664 4950 Commentaria

426 4987 569 5047 haec
600 4987 668 5047 in
694 4985 884 5046 Pauli
912 4985 1261 5064 Epistolas,
1295 4984 1626 5065 inquiens,
1667 5002 1812 5065 quae
1845 4986 2092 5065 aliquot
2122 4982 2252 5062 jam
2297 4999 2500 5044 annos
2537 4981 2661 5044 sub
2686 4982 3015 5046 Athanasii
3069 4984 3330 5047 nomine
3377 5000 3448 5047 ac
3477 4980 3665 5044 titulo

435 5088 587 5144 sunt
623 5080 1014 5156 circumlata,
1065 5080 1328 5160 quidam
1376 5080 1855 5161 Theophylacto
1904 5081 2229 5144 vindicant
2259 5087 2321 5142 et
2361 5086 2679 5142 asserunt.
2722 5082 2850 5142 Nec
2880 5080 3128 5155 dubito,
3185 5081 3344 5160 quin
3402 5080 3665 5157 Optimis

436 5176 793 5240 rationibus
828 5185 1225 5252 moveantur,
1265 5176 1675 5256 potissimum
1701 5177 1813 5254 qui
1847 5177 2059 5238 Graeca
2098 5174 2413 5254 legerunt.
2443 5197 2472 5232 »
2506 5175 2672 5237 Hinc
2701 5174 2921 5238 Latina
2949 5177 3166 5256 operis
3198 5174 3663 5254 interpretatio,

426 5273 575 5334 'sive
604 5272 1192 5350 quamrccognovit
1227 5273 1602 5348 Lonicerus,
1641 5273 1776 5336 sive
1808 5289 1998 5352 quam
2033 5273 2276 5350 pri-mus
2304 5269 2667 5334 confecerat
2697 5275 2996 5341 Porsena.
3028 5273 3150 5334 sub
3178 5272 3435 5334 nomine
3455 5269 3666 5332 Theo-

435 5367 715 5449 phylacti
753 5367 921 5446 typis
953 5369 1460 5448 excusaj'prodiit
1503 5370 1798 5449 pluribus
1836 5369 1900 5430 in
1937 5368 2092 5431 locis
3218 5357 3220 5359 ·
3351 5441 3362 5452 .
3735 5371 3740 5376 -

516 5465 740 5528 Latina
772 5463 1070 5528 Loniceri
1096 5465 1295 5528 editio
1336 5472 1450 5528 aut
1500 5465 1855 5546 recognitio
1906 5466 2112 5526 lucem
2167 5464 2408 5528 vidisse
2463 5465 2700 5530 dicitur
2737 5465 3012 5529 Parisiis
3055 5484 3218 5528 anno
3269 5466 3444 5540 15w,
3498 5464 3664 5530 in'8.

437 5562 837 5624 Posteriores
869 5561 999 5624 vidi
1050 5561 1292 5640 plures.
1325 5563 1504 5626 Hanc
1539 5564 1727 5626 novis
1775 5562 1948 5625 curis
1980 5561 2059 5625 ad
2101 5563 2388 5626 codicem
2433 5566 2746 5638 Graecum,
2785 5565 2900 5643 qui
2949 5565 3103 5627 olim
3142 5565 3385 5626 Erasmi
3432 5562 3663 5638 fuerat,

433 5657 713 5720 contulit
749 5675 918 5721 anno
962 5659 1116 5720 1552
1163 5658 1500 5737 Philippus
1541 5660 1917 5733 Montanus;
1957 5675 2226 5739 eamque
2260 5661 2547 5740 vulgavit
2587 5671 2650 5725 et
2705 5663 2841 5740 ipse
2875 5663 2996 5723 sub
3029 5661 3290 5724 nomine
3319 5659 3666 5740 TheOphy-

427 5754 582 5819 lacti
613 5758 915 5836 plurimis
954 5757 1021 5820 in
1055 5755 1214 5820 locis
1239 5757 1666 5823 emendatam.
1704 5759 2186 5838 Nuncupatoria
2245 5758 2386 5838 ejus
2417 5758 2698 5836 Epistola
2729 5757 2826 5818 Ad
2878 5757 3371 5841 reverendum'in
3416 5756 3666 5820 Christo
