3984 6562
318 375 385 438 45
1104 375 1204 435 DE
1239 371 1818 435 THEOPHYLACTI
1858 371 2126 434 GESTIS
2165 374 2261 434 ET
2299 370 2661 437 SCRIPTIS.
3482 376 3554 442 46

316 487 564 548 Patrem
589 484 664 547 Β.
709 486 1003 555 Carolum
1027 505 1062 545 ο
1131 485 1299 563 Croy
1349 485 1835 544 Tornaccnsium
1857 485 2239 564 episcopum,
2277 489 2416 548 data
2450 492 2545 548 est
2592 484 2853 547 Lutetia:
2882 505 2910 548 e
2940 485 3120 548 domo
3148 494 3262 549 tua
3295 489 3542 551 Torna-
3652 514 3655 517 ·

313 585 484 646 censi
520 583 652 648 XII
697 583 1029 662 ',0ctobris,
1076 598 1240 642 anno
1291 580 1544 642 Domini
1579 597 1777 660 supra
1804 580 2194 644 millesimum
2223 583 2733 662 quinquagesimo
2779 583 3048 645 secundo
3105 604 3125 644 :
3182 583 3290 646 u‘bi
3318 587 3551 666 supple

309 680 878 758 quingentesimum.
919 679 1058 739 Huic
1089 676 1180 738 ibi
1212 674 1533 737 habentur
1569 697 1584 736 :
1633 697 1664 732 «
1707 678 1823 738 Per
1843 676 2083 738 amicos
2114 678 2446 755 exemplar
2476 679 2982 741 vetustissimum
3015 679 3380 762 (Graecum).
3415 699 3548 762 quo

313 794 467 839 usus
494 776 706 839 fuerat
728 779 801 838 D.
839 778 1169 848 Erasmus,
1193 771 1326 852 jam
1360 771 1616 834 tandem
1644 790 1787 835 sum
1818 781 2046 834 nactus
2080 793 2094 833 :
2127 773 2201 834 ad
2237 775 2409 853 quod
2443 789 2570 836 non
2603 775 2747 836 sine
2778 775 3026 854 magnis
3076 775 3402 841 laboribus
3430 779 3552 840 La—

307 871 442 934 tina
486 878 731 946 nostra,
766 870 1038 933 inﬁnitis
1075 883 1236 947 pene
1272 868 1456 939 locis,
1493 876 1590 930 σὺν
1615 874 1733 949 Θεῷ
1766 877 1834 932 ut
1867 871 2229 948 potuimus,
2270 872 2501 935 sedulo
2533 873 3046 936 emendavimus.
3090 896 3120 930 ››

391 965 750 1029 Basileensi
801 975 946 1029 utor
993 968 1283 1033 editione
1328 970 1478 1034 anni
1524 968 1698 1042 155b,
1738 965 2016 1029 in-folio.
2070 969 2141 1030 In
2190 969 2561 1032 Praelatione
2587 970 2663 1032 ad
2704 971 3030 1033 Lectorem
3081 969 3166 1031 ita
3205 970 3407 1034 fertur
3469 971 3552 1033 de

308 1063 636 1140 prioribus
669 1064 1080 1126 versionibus
1101 1065 1422 1145 judicium
1454 1089 1468 1129 :
1503 1089 1531 1124 α
1560 1068 1882 1137 Porsenna,
1908 1061 2029 1125 viri
2067 1066 2332 1137 eruditi,
2357 1073 2424 1128 ut
2453 1067 2707 1146 opinor,
2735 1074 2795 1127 et
2820 1064 3200 1145 eloquentis
3224 1066 3547 1138 versione,

304 1166 376 1222 ut
412 1157 678 1221 multum
707 1179 746 1220 a
775 1160 1014 1222 Graecis
1053 1160 1425 1236 discedente,
1476 1179 1555 1226 ne
1599 1161 1802 1222 dicam
1846 1158 2225 1241 plerumque
2273 1161 2633 1238 dissidente,
2669 1169 2736 1225 ut
2770 1179 2917 1242 qum
2942 1163 3027 1226 sit
3078 1161 3550 1242 paraphrastica

305 1260 522 1334 potius
554 1264 748 1337 atque
781 1261 970 1321 etiam
1007 1261 1280 1323 nimium
1311 1261 1534 1333 libera,
1565 1266 1788 1338 utpote
1832 1273 1976 1337 qua)
2017 1256 2398 1338 plerumque
2457 1259 2675 1340 adjicit
2718 1276 2864 1340 qua)
2898 1257 2966 1320 in
3011 1259 3250 1322 Gm'cis
3283 1275 3415 1321 non
3441 1258 3549 1321 ha-

304 1354 560 1428 bentur,
590 1362 654 1414 et
685 1363 902 1416 contra
951 1354 1284 1435 plerisque
1335 1355 1398 1418 in
1428 1354 1588 1417 locis
1619 1353 1987 1432 complures
2023 1372 2248 1419 versus
2278 1375 2544 1437 prorsus
2572 1359 2842 1433 omittat,
2878 1375 3024 1439 quae
3054 1365 3267 1422 tamen
3310 1359 3379 1421 in
3427 1374 3548 1422 no-

303 1447 438 1512 stro
467 1467 588 1512 ms.
631 1452 851 1514 codice
900 1454 1144 1526 Graeco,
1167 1469 1375 1532 eoque
1406 1457 1772 1530 pervetusto
1799 1458 2015 1529 aperte
2038 1453 2449 1517 continentur
2480 1473 2494 1516 :
2528 1455 2730 1532 illius,
2784 1455 3074 1534 inquam,
3129 1454 3368 1518 omissa
3402 1472 3546 1517 ver-

302 1545 511 1617 sione,
547 1546 844 1608 Loniceri
887 1547 1099 1626 potius
1141 1547 1734 1626 interpretationem
1779 1545 2198 1626 arripuimus,
2233 1566 2503 1630 eamque
2533 1551 2768 1629 passim
2801 1551 2913 1612 ubi
2951 1550 3310 1613 tolerabilis
3348 1562 3542 1624 esset,

301 1640 714 1703 retinuimus.
753 1665 781 1698 »
819 1644 964 1704 Hmc
1000 1641 1144 1718 alia,
1172 1659 1318 1722 quae
1354 1641 1700 1720 praemittit,
1742 1641 1942 1703 affero
1985 1641 2124 1722 ejus
2158 1645 2346 1708 verba
2381 1666 2453 1704 τα
2489 1648 2616 1708 Nos
2646 1646 2848 1709 Graeci
2908 1647 3174 1717 codicis,
3220 1662 3352 1727 quo
3383 1663 3546 1710 usus

300 1742 434 1798 erat
488 1736 841 1816 aliquando
888 1739 963 1800 D.
1020 1740 1348 1814 Erasmus,
1408 1738 1598 1799 fidem
1655 1753 1846 1814 quam
1907 1739 2238 1814 potuimus
2289 1742 2820 1823 diligentissime,
2887 1761 3002 1823 pro
3054 1754 3270 1806 nostra
3322 1745 3542 1824 quali-

298 1849 560 1911 cunque
592 1831 1030 1896 mediocritate
1100 1834 1305 1896 secuti
1341 1850 1596 1909 sumus,
1627 1832 1754 1894 nisi
1782 1832 1989 1897 sicubi
2023 1837 2232 1899 scriba
2259 1837 2642 1901 dormitasse
2678 1839 3026 1902 videretur.
3073 1828 3546 1903 Perabsurdum

303 1926 474 1988 enim
537 1925 762 2001 fuerit,
815 1927 1058 2006 ubique
1087 1928 1360 1991 scribam
1395 1928 1666 1990 nimium
1691 1928 1858 1990 bona
1893 1929 2014 1992 ﬁde
2043 1933 2368 2010 amplecti,
2396 1935 2517 1998 hoc
2555 1943 2675 2008 est,
2719 1951 2848 1997 una
2881 1953 3027 1998 cum
3066 1936 3225 2014 ipsis
3257 1937 3484 1998 erratis
3526 1959 3540 1998 :

301 2025 473 2104 quod
512 2023 866 2087 Lonicerus
902 2025 1140 2105 saepius
1177 2023 1499 2088 factitasse
1525 2024 2052 2102 deprehenditur.
2093 2051 2122 2085 ››
2161 2031 2324 2092 Tum
2355 2046 2509 2094 vero
2540 2029 2968 2110 sphalmatum
3001 2049 3148 2110 quae
3174 2031 3546 2095 emendavit

299 2120 660 2196 specimina
700 2120 961 2183 exhibet
1005 2143 1020 2182 :
1062 2139 1285 2201 qumve
1332 2129 1664 2201 prseterea,
1710 2132 1776 2181 ut
1827 2121 2029 2186 nitida
2069 2141 2139 2188 ac
2173 2126 2352 2188 utilis
2385 2127 2586 2190 editio
2629 2126 2817 2204 foret,
2864 2129 3215 2207 praestanda
3267 2129 3544 2203 censuit,

301 2217 645 2296 diligenter
675 2227 945 2282 enarrat.
980 2218 1146 2280 Illud
1186 2235 1400 2298 operae
1432 2220 1713 2299 pretium
1764 2218 1960 2282 fuerit
1993 2240 2192 2285 unum
2237 2225 2768 2298 animadvertere,
2815 2225 3139 2305 Vulgarem
3170 2226 3240 2287 in
3272 2225 3541 2287 Paulino

302 2325 481 2379 textu
501 2319 869 2393 versionem,
917 2336 1040 2398 qua
1064 2320 1306 2399 passim
1340 2321 1550 2383 utitur
1594 2318 1908 2394 Ecclesia,
1943 2320 2074 2400 fere
2129 2321 2208 2382 ab
2245 2321 2386 2401 ipso
2441 2323 2745 2384 Montano
2803 2331 3131 2398 retentam,
3192 2323 3322 2384 nisi
3343 2321 3546 2385 sicubi

305 2419 748 2498 Theophylacti
775 2421 1220 2501 interpretatio
1244 2419 1417 2483 illam
1444 2423 1770 2484 immutare
1800 2417 2066 2499 coegerit
2089 2437 2106 2485 ;
2131 2417 2303 2496 quod
2327 2424 2599 2482 attamen
2640 2418 2806 2479 haud
2845 2418 3085 2498 ubique
3109 2418 3540 2480 observatum.

301 2513 369 2574 In
406 2513 568 2577 hanc
605 2516 959 2579 editionem
998 2524 1282 2595 prostant
1326 2518 1532 2581 Latini
1567 2517 1796 2581 Latinii
1833 2514 2352 2578 Observationes.

376 2612 475 2676 Hs.
510 2615 686 2677 Idem
723 2614 1014 2678 Latinius
1049 2631 1220 2679 anno
1252 2616 1428 2692 1557,
1469 2633 1600 2697 quo
1647 2639 1677 2673 «
1709 2617 1951 2686 Roma),
1984 2611 2019 2674 3
2053 2613 2260 2674 Nonas
2317 2611 2609 2674 Octobris
2643 2636 2670 2669 ιι
2705 2612 3058 2690 Epistolam
3090 2611 3274 2674 dabat
3305 2609 3389 2672 ad
3413 2612 3544 2672 An-

300 2709 513 2771 dream
557 2711 877 2774 Masium:
929 2735 956 2768 α
1008 2715 1117 2787 Ea,
1180 2714 1419 2793 inquit,
1461 2731 1605 2790 qua)
1645 2709 2103 2791 ThCOphylacti
2145 2707 2404 2770 nomine
2449 2709 2514 2768 in
2561 2709 2750 2770 Pauli
2780 2709 3106 2788 Epistolas
3137 2709 3308 2772 edita
3345 2717 3498 2771 sunt
3524 2752 3542 2777 .

303 2822 427 2868 non
458 2805 624 2885 ejus,
667 2807 784 2870 sed
833 2807 1166 2872 Athanasii
1211 2809 1540 2890 cujusdam
1579 2808 1882 2887 Byzantii
1932 2807 2240 2880 monachi,
2294 2804 2404 2884 qui
2446 2806 2737 2866 trecentis
2787 2814 2930 2867 ante
2977 2817 3260 2868 nostram
3305 2815 3545 2868 (etatem

301 2905 480 2965 annis
537 2903 782 2976 ﬂoruit,
833 2905 1016 2982 plane
1043 2921 1188 2968 esse
1228 2904 1544 2991 ‘(Sirletus
1575 2903 2023 2984 contirmaVit),
2074 2902 2353 2982 atquein
2391 2917 2465 2963 ea
2510 2919 2577 2964 re
2636 2918 2764 2965 non
2803 2903 2994 2966 modo
3029 2912 3238 2966 tecum
3275 2904 3540 2974 sentire,

303 3002 411 3080 qui
454 3001 793 3065 Athanasii
841 3003 1103 3066 nomine
1135 3019 1246 3064 eos
1281 3002 1783 3066 Commentarios
1822 3001 1976 3064 citas
2023 3017 2036 3060 :
2093 3003 2204 3062 sed
2238 3017 2382 3061 cum
2431 2999 2510 3060 iis
2559 3000 2777 3072 etiam,
2811 3002 2924 3081 qui
2970 3001 3270 3081 plurimis
3311 3001 3547 3064 abhinc

303 3099 485 3160 annis
543 3099 1064 3162 constantissime
1097 3115 1329 3162 nomen
1378 3097 1542 3161 illud
1588 3103 1987 3177 agnoverunt
2018 3113 2290 3175 semper,
2325 3105 2384 3158 et
2412 3096 2595 3158 libris
2632 3098 3075 3160 describendis
3109 3101 3394 3179 praeponi
3433 3117 3541 3162 cu-

305 3204 543 3258 rarunt.
581 3219 610 3253 ι

377 3295 548 3370 [XX]
584 3295 798 3356 Novus
830 3299 1051 3357 auctor
1085 3293 1602 3372 Expositionum,
1635 3291 1715 3353 de
1746 3292 1986 3371 quibus
2025 3292 2298 3372 agimus,
2346 3290 2714 3354 obtruditur
2761 3293 3148 3356 Athanasius
3189 3295 3544 3359 monachus

308 3390 669 3470 Byzantius,
704 3391 819 3470 qui
850 3390 1150 3453 trecentis
1179 3398 1326 3452 ante
1367 3388 1597 3450 Latinii
1625 3395 1869 3450 mtatem
1904 3389 2091 3452 annis
2131 3387 2446 3459 ﬂoruerit,
2479 3388 2715 3450 saeculo
2752 3389 3001 3452 scilicet
3039 3390 3227 3453 tertio
3267 3391 3542 3456 decimo.

304 3489 444 3560 Quo
483 3488 579 3549 vir
633 3486 1046 3551 doctissimus
1083 3485 1400 3549 adductus
1459 3492 1782 3550 momento
1809 3483 2028 3558 fuerit,
2067 3491 2134 3546 ut
2166 3483 2492 3563 sequioris
2523 3484 2722 3546 tetatis
2768 3484 3118 3548 Athanasio
3148 3486 3545 3567 adjudicaret

307 3599 488 3661 Opus,
538 3600 666 3647 non
715 3584 1087 3646 innotescit.
1123 3583 1286 3658 Quis
1340 3597 1490 3646 vero
1533 3583 1645 3646 ille
1686 3582 2283 3645 fueritAthanasius
2321 3581 2669 3643 monachus
2722 3584 3112 3662 Byzantius?
3149 3581 3318 3645 Varii
3371 3587 3544 3664 apud

307 3679 665 3743 Fabricium
704 3681 770 3743 in
801 3680 1195 3744 Bibliotheca
1228 3678 1452 3742 Graeca
1485 3694 1564 3741 eo
1592 3679 1854 3742 nomine
1900 3679 2197 3758 appellati
2257 3684 2603 3741 occurrunt
2642 3681 2990 3758 scriptores
3045 3680 3246 3743 Grmci
3282 3701 3297 3742 :
3332 3699 3543 3761 neque

312 3777 479 3838 nllus
530 3785 762 3856 praesto
800 3785 920 3852 est,
953 3779 1058 3840 cui
1095 3776 1425 3855 prmdictos
1460 3775 1960 3839 Commentarios
2001 3775 2304 3837 ascrihas.
2367 3774 2612 3837 Saeculo
2680 3777 2828 3836 XIII
2893 3775 3229 3838 desinente
3285 3775 3548 3840 ﬂorebat

312 3872 718 3949 Athanasius,
749 3874 910 3937 Gani
948 3871 1321 3947 monachus,
1355 3881 1583 3952 etpost
1645 3873 2028 3949 Gregorium
2089 3871 2394 3950 Cyprium
2428 3870 2607 3934 urbis
2663 3872 2855 3950 regite
2915 3873 3285 3950 patriarcha.
3358 3875 3542 3953 Opu-

317 3969 640 4032 sculorum
675 3971 842 4052 ejus,
878 3987 1024 4051 quae
1053 3971 1213 4033 bene
1256 3970 1453 4031 multa
1477 3977 1653 4044 sunt,
1685 3973 2040 4048 catalogum
2071 3969 2726 4031 exhibentFabricius
2757 3976 2819 4029 et
2856 3969 3158 4031 Oudinus
3193 3987 3208 4030 :
3239 3972 3301 4032 in
3333 3988 3544 4051 eoque

313 4070 542 4146 cperis,
575 4068 656 4131 de
689 4085 820 4150 quo
849 4071 1131 4149 agimus,
1185 4067 1428 4130 mentio
1486 4067 1686 4131 nulla.
1727 4067 2030 4148 Ejusdem
2078 4062 2249 4126 fetus
2280 4081 2424 4126 esse
2476 4063 2766 4127 laudatus
2797 4065 3096 4128 Oudinus
3128 4074 3304 4146 putat
3366 4069 3545 4130 Com-

311 4167 641 4228 mentarios
660 4167 727 4228 in
757 4167 1056 4242 Psalmos,
1079 4182 1243 4247 quos
1273 4163 1396 4227 sub
1433 4165 1694 4228 nomine
1718 4161 2053 4228 Athanasii
2083 4160 2505 4224 Alexandrini
2534 4161 2813 4242 vulgavit
2855 4161 3393 4227 Montl‘auconius.

384 4260 551 4335 Quid
586 4263 762 4342 quod
791 4263 1267 4343 TheOphylact'o
1291 4259 1606 4340 Bulgaria)
1632 4261 2114 4342 archiepiscopo
2137 4274 2302 4337 opus
2325 4258 2497 4338 quod
2532 4258 2596 4320 in
2629 4257 2898 4320 dubium
2931 4267 3215 4336 vocatur,
3247 4269 3546 4323 constan-

314 4359 556 4420 tissime
586 4357 946 4422 attribuunt
977 4376 1128 4421 mss.
1163 4361 1418 4422 codices
1460 4358 1826 4439 perantiqui
1859 4368 1919 4421 et
1951 4360 2134 4422 bonae
2181 4367 2366 4422 notas.
2399 4359 2699 4422 Codicem
2733 4361 2975 4422 Erasmi
3028 4378 3317 4426 memoro
3353 4365 3546 4426 alios-

313 4477 434 4538 que
499 4475 534 4521 a
603 4460 851 4523 Joanne
900 4459 1100 4522 Fabro
1155 4475 1495 4539 expansos.
1535 4459 1719 4538 Apud
1779 4456 2183 4519 Lambecium
2245 4456 2408 4517 libro
2461 4458 2508 4517 V
2574 4465 2700 4518 tres
2726 4466 3144 4521 numerantur
3197 4461 3339 4536 221,
3398 4460 3541 4534 222,

310 4557 447 4631 223,
478 4557 546 4621 in
594 4558 832 4639 quibus
864 4554 1315 4620 Commentarii
1345 4555 1407 4616 in
1441 4552 1757 4633 Epistolas
1794 4569 2017 4616 omnes
2065 4553 2241 4616 Pauli
2289 4553 2766 4632 'I‘heOphylacto
2828 4565 3044 4617 nostro
3102 4558 3538 4620 ascribuntur.

311 4655 518 4716 Codex
547 4671 699 4716 vero
727 4654 840 4714 221
873 4671 1059 4713 manu
1091 4650 1316 4712 Leonis
1349 4649 1423 4712 de
1474 4648 1677 4712 Rhaul
1707 4656 2004 4713 exaratus
2037 4649 2158 4711 fuit
2194 4668 2398 4710 mense
2446 4650 2755 4730 Augusto,
2796 4650 3137 4713 indictione
3174 4653 3269 4728 II,
3303 4653 3544 4716 Christi

313 4769 472 4812 anno
518 4749 696 4812 1139.
732 4751 903 4812 Inter
959 4751 1212 4812 codices
1269 4764 1422 4812 mss.
1463 4746 1866 4810 bibliothecm
1911 4747 2092 4824 Regii
2129 4745 2551 4807 'I‘aurinensis
2611 4745 2925 4820 Athenaei,
2958 4754 3130 4809 tomo
3165 4750 3210 4822 I,
3259 4756 3546 4826 prostant

316 4865 492 4912 num.
521 4847 642 4909 273
660 4845 782 4908 sub
813 4847 1038 4908 eodem
1075 4845 1521 4924 Theophylacti
1551 4841 1839 4905 Achridaz
1882 4845 1946 4902 in
1984 4842 2286 4920 Bulgaria
2311 4842 2771 4920 archiepiscopi
2803 4843 3063 4904 nomine
3089 4843 3547 4908 Commentaria

314 4945 377 5006 in
402 4943 645 5023 aliquot
673 4940 808 5003 divi
851 4941 1038 5004 Pauli
1083 4939 1450 5021 Epistolas:
1483 4939 1920 5018 adnotantque
1964 4938 2200 5000 indicis
2232 4947 2550 5010 auctores,
2590 4960 2618 4993 κ
2657 4940 3038 5002 Prommium
3103 4942 3166 5001 in
3194 4941 3539 5019 Epistolam

317 5041 579 5120 primam
613 5039 690 5100 ad
724 5037 1094 5101 Corinthios
1121 5037 1198 5099 ab
1221 5051 1300 5099 eo
1329 5037 1498 5117 quod
1534 5042 1629 5097 est
1662 5035 1726 5096 in
1761 5035 1988 5108 Editis,
2025 5035 2208 5098 valde
2244 5035 2573 5097 diversum
2607 5052 2750 5097 esse
2786 5057 2800 5095 :
2838 5060 2863 5091 ιο
2904 5037 3078 5114 quod
3113 5036 3351 5099 ibidem
3377 5038 3542 5101 inte-

313 5155 492 5219 grum
527 5134 884 5216 proferunt.
911 5133 1167 5196 Similes
1191 5134 1612 5197 adnumerant
1643 5132 1894 5194 codices
1922 5133 2137 5211 plures
2169 5131 2522 5206 Simonius,
2558 5132 2912 5192 Casimirus
2941 5132 3240 5195 Oudinus
3268 5133 3538 5215 aliique,

317 5236 584 5316 Regium
617 5233 1071 5307 Parisiensem,
1109 5235 1584 5310 Augustanum,
1618 5228 2506 5300 Bavarico-Monachiensem,
2542 5229 2952 5306 Anglicanos,
2987 5246 3059 5290 ac
3105 5231 3541 5294 Florentinum

316 5334 698 5394 Mediceum.
723 5329 890 5393 Satis
924 5329 1059 5390 hmo
1081 5334 1250 5397 sunt,
1285 5333 1354 5389 ut
1376 5326 1647 5388 dubium
1679 5342 1868 5386 omne
1901 5325 1980 5386 de
2012 5341 2313 5402 germano
2342 5331 2603 5386 auctore
2636 5325 3022 5388 excutiatur.

391 5430 486 5493 £5.
525 5425 824 5492 Nondum
874 5425 1044 5504 typis
1103 5425 1359 5486 Graecus
1400 5429 1612 5484 textus
1651 5421 1993 5500 prodierat.
2050 5422 2282 5483 Lucem
2351 5420 2452 5481 hic
2495 5437 2571 5480 ex
2623 5419 2842 5482 codice
2896 5439 3013 5484 ms.
3074 5425 3541 5489 Arundelliano

318 5526 586 5604 aliisque
635 5523 891 5586 duobus
947 5521 1433 5583 Oxoniensibus
1487 5518 1650 5582 vidit
1702 5516 1976 5580 Londini
2041 5533 2210 5578 anno
2245 5517 2424 5590 1636,
2490 5516 2839 5596 fol.,juxta
2871 5535 3060 5581 curas
3121 5536 3192 5582 ac
3248 5521 3536 5583 studium

321 5623 662 5704 Augustini
701 5617 1346 5698 Lindselii,episc0pi
1377 5616 1891 5689 Herefordensis,
1947 5632 2138 5696 quem
2193 5614 2457 5674 sustulit
2503 5630 2671 5676 mors
2701 5624 2846 5678 ante
2901 5615 3277 5679 editionem.
3308 5618 3540 5681 Addita

321 5730 408 5781 est
444 5742 476 5783 e
509 5719 774 5798 regione
799 5717 1016 5780 Latina
1054 5717 1293 5792 versio,
1325 5733 1492 5796 qum,
1525 5724 1593 5777 ut
1649 5715 1932 5777 editores
1973 5713 2371 5791 profitentur,
2415 5734 2444 5769 ι(
2478 5720 2573 5775 est
2617 5714 2880 5792 quidem
2915 5712 3194 5792 Philippi
3227 5715 3536 5789 Montani,

322 5833 537 5879 verum
566 5813 805 5893 ubique
838 5814 994 5877 adeo
1032 5831 1063 5876 a
1098 5813 1284 5877 nobis
1327 5811 1732 5892 interpolata,
1765 5817 1957 5889 atque
1995 5809 2067 5870 ad
2102 5809 2468 5872 Grmcorum
2514 5810 2839 5873 veritatem
2871 5817 3183 5883 revocata,
3236 5816 3300 5872 ut
3333 5811 3387 5873 si
3431 5829 3542 5890 per
