3984 6578
408 359 475 421 Π
1087 297 1110 316 κ
1219 353 1446 414 BERN.
1485 351 1883 422 MARIrEeDE
1915 351 2212 413 ‘RUBEIS
2249 351 2756 414 DISSERTATIO
3591 354 3664 420 48

407 487 632 552 operas
698 465 1191 549 typographicas
1232 464 1546 540 licuisset,
1582 464 1951 544 importune
2017 463 2528 536 festinahundas,
2558 465 2774 526 minus
2819 463 3077 527 taedium
3108 462 3296 540 foret,
3329 481 3512 530 novas
3541 473 3660 546 po;

403 569 532 630 tius
567 564 952 639 condendas;
982 563 1047 625 id
1080 562 1254 644 quod
1285 562 1832 625 committentibus
1857 560 2159 640 liquebit.
2206 585 2236 617 υ
2285 565 2430 624 Haec
2469 577 2654 641 porro
2693 577 2908 636 causa,
2954 561 3296 624 adnotante
3341 563 3657 639 Simonio,

403 663 576 744 quod
605 662 672 724 in
691 660 808 724 hac
839 667 1127 724 veterum
1176 659 1777 739 interpretationum
1816 656 2280 738 recognitione,
2313 659 2547 721 menda
2586 657 2769 737 plura
2801 656 3022 721 relicta
3050 656 3203 733 sint,
3237 659 3477 738 quibus
3529 660 3660 723 illm

402 764 747 828 scatebant.
1317 811 1319 814 .

482 860 964 922 Accuratiorem
1019 857 1480 939 Theophylacti
1528 857 1596 919 in
1667 855 1770 918 his
1829 855 2346 930 Commentariis,
2380 873 2570 937 quam
2607 857 2672 920 in
2705 855 2981 931 cmteris,
3035 855 3442 934 diligentiam
3485 872 3660 918 com-

403 956 661 1019 mendat
691 954 992 1020 laudatus
1024 956 1378 1019 Simonius.
1411 958 1682 1034 Parerga
1701 953 1961 1030 desunt,
1997 969 2213 1032 neque
2269 951 2644 1033 frequentes
2697 958 3042 1016 occurrunt
3090 951 3441 1032 allegoriae.
3495 957 3653 1016 Pas-

402 1053 1048 1135 simChrysostomus
1079 1052 1472 1115 defloratur:
1508 1051 1784 1132 ejusque
1843 1067 1975 1113 non

2150 1051 2544 1130 quandoque
2577 1051 2880 1124 occurrit,
2919 1059 2949 1113 ὁ
2981 1059 3270 1130 Μακάριος
3314 1060 3596 1132 Ἰωάννης,
3632 1063 3660 1114 ο

402 1158 703 1230 πάμμεγας
735 1159 1010 1230 Ἰωάννης,
1034 1159 1063 1212 ὁ
1097 1159 1156 1211 ὲν
1182 1157 1359 1226 ἁγίοις
1394 1157 1670 1228 Ἰωάννης.
1701 1148 1823 1211 Sed
1851 1147 1975 1209 alio

2089 1147 2240 1208 tiam
2271 1146 2617 1225 scriptores
2653 1152 2939 1209 vetustos
2975 1147 3312 1226 decerptos
3345 1165 3510 1222 esse,
3547 1153 3661 1212 do-

404 1256 503 1310 cet
533 1248 874 1327 inscriptio
905 1247 1149 1310 codicis
1187 1245 1304 1307 222
1332 1247 1503 1325 apud
1526 1245 1937 1310 Lambecium
1986 1262 2002 1302 :
2034 1242 2462 1321 Expositio...
2499 1241 2758 1303 collecta
2789 1260 2870 1303 ex
2898 1243 3102 1304 sancti
3139 1244 3407 1305 Joannis
3449 1245 3655 1324 Chry-

402 1343 657 1404 sostomi
683 1342 1071 1422 aliorumque
1101 1351 1380 1403 veterum
1410 1342 1673 1404 Patrum
1704 1339 2028 1421 operibus.
2070 1337 2419 1401 Hmreticos
2456 1338 2787 1417 passimfin
2822 1339 2924 1401 his
2948 1339 3438 1403 Commentariis
3469 1341 3653 1405 inse-

399 1441 620 1519 quit—ur
649 1437 1188 1520 TheOphylactus,
1222 1456 1292 1502 ac
1322 1438 1715 1518 theologicas
1759 1438 2126 1500 Graecorum
2158 1434 2481 1497 doctrinas
2511 1435 2722 1496 tradit.

1940 1608 2082 1668 XII.

398 1768 920 1831 Commentarium
946 1767 1013 1827 in
1045 1763 1368 1844 Epistolas
1405 1765 1761 1844 canonicos,
1801 1765 1907 1842 qui
1934 1781 2047 1825 nec
2069 1762 2315 1837 Latine,
2343 1782 2454 1828 nec
2483 1766 2698 1830 Graece
2720 1768 2878 1832 vidit
2909 1769 3209 1832 hactenus
3259 1767 3475 1842 lucem,
3507 1786 3656 1829 con-

476 1852 676 1910 tinent
706 1845 949 1908 codices
980 1843 1477 1926 Vindobonenses
1511 1860 1583 1901 ac
1615 1843 2033 1926 Ifarisienses.
2065 1844 2299 1926 Mutila
2323 1845 2596 1923 prodiit,
2646 1847 2953 1910 Lonicero
2991 1851 3273 1920 curante,
3307 1847 3651 1926 Expositio

473 1931 543 1990 in
601 1933 875 2001 quatuor
931 1923 1273 2002 prophetas
1303 1922 1599 1996 minores,
1631 1921 1845 1982 Latine
1905 1923 2215 1983 translato
2257 1945 2278 1983 :
2326 1921 2521 1984 'cu'us
2545 1926 2618 1985 de
2652 1935 2852 1988 cetum
2889 1927 3205 2006 supplevit
3282 1921 3646 2002 Christoph.

474 2005 791 2066 Henricus
849 2001 1250 2065 Ritmeierus.
1279 1999 1537 2062 Codices
1580 2003 1835 2062 Venetus
1877 2002 2245 2062 Marcianus
2276 2011 2332 2062 et
2405 1929 2898 2066 {’z'ndolonensis
2947 2006 3406 2066 expositionem
3435 2005 3646 2064 conti-

474 1999 791 2067 IIenricus
847 1999 1250 2084 Bitmeierus.
1279 1999 1541 2084 Codices
1580 2003 1835 2062 Venetus
1877 2002 2245 2084 Marcianus
2276 2011 2332 2062 et
2406 1999 2898 2084 Vindobonensis
2947 1999 3646 2084 e'mpositionemconti-

471 2093 620 2144 nent
653 2085 719 2146 in
747 2083 1018 2162 quinque
1049 2081 1320 2162 minores
1348 2080 1692 2162 prophetas
1727 2099 1748 2139 :
1794 2097 1956 2162 opus
1990 2080 2332 2162 integrum,
2388 2081 2589 2144 eodem
2631 2080 3478 2159 Bavorico-Monachiensis,
3510 2083 3651 2145 Ma-

471 2167 584 2227 ria:
614 2158 1042 2243 imperatr‘icis
1051 2159 1244 2240 jussu
1273 2159 1722 2220 concinnatum
1755 2176 1794 2216 a
1827 2158 2312 2237 Theophylacto.

472 2311 572 2370 ῐι6.
617 2305 888 2370 Codices
935 2302 1818 2375 Cmsareq-Vindobonenses,
1877 2317 2044 2382 quos

2076 2319 2243 2381 saepe
2290 2303 2813 2378 memoravimus,
2863 2302 3005 2377 220,
3066 2302 3182 2363 221
3251 2305 3313 2364 et
3341 2300 3491 2376 222,
3525 2300 3649 2363 sub

393 2401 862 2484 TheOphylac-ti
897 2401 1160 2464 nomine
1206 2399 1702 2462 Commentarios
1748 2404 2047 2477 praestant
2104 2401 2172 2460 in
2211 2399 2538 2479 Epistolas
2595 2400 2952 2462 canonicos.
2991 2397 3374 2460 Parisiensis
3405 2395 3650 2460 codicis

394 2501 790 2564 mentionem
823 2497 1062 2578 ingerit
1096 2495 1391 2558 Labbeus
1442 2495 1509 2556 in
1558 2493 2195 2558 Novo‘Bibliotheca
2261 2514 2408 2560 mss.
2478 2497 2789 2559 librorum
2835 2503 3010 2572 parte
3051 2514 3124 2571 ιι,
3165 2499 3194 2572 §
3257 2498 3483 2574 1,pag.
3542 2491 3646 2556 80.

394 2599 578 2662 Alius
613 2595 891 2660 occurrit
940 2594 1005 2682 in
1038 2591 1498 2672 Supplemento
1527 2596 1754 2671 ηυδε.
1780 2593 1917 2654 386.
1941 2592 2235 2654 Nondum
2262 2599 2587 2671 premente
2620 2593 2799 2672 prelo
2834 2590 2973 2654 sive
3011 2593 3231 2654 Latine
3261 2590 3401 2654 sive
3427 2589 3645 2652 Greece

391 2708 700 2756 excusum
748 2705 912 2768 opus
943 2696 1063 2750 est.

464 2790 563 2851 [ιτ.
597 2789 844 2849 Joanne
873 2784 1184 2846 Lonicero
1222 2783 1573 2868 interprete
1607 2791 1666 2845 et
1700 2788 1984 2858 curante,
2011 2785 2235 2848 Latina
2265 2786 2611 2866 Expositio
2634 2787 2706 2849 in
2759 2793 3037 2867 quatuor
3067 2783 3410 2866 prophetas
3441 2783 3648 2862 [XXI]

394 2887 693 2955 minores,
717 2879 1039 2953 Hobacuc,
1054 2880 1305 2952 Jonam,
1327 2879 1574 2942 Nahum
1593 2887 1650 2940 et
1682 2877 1922 2956 Oscam,
1945 2881 2117 2962 typis
2131 2882 2779 2948 Francofurtensibus
2813 2883 3051 2964 prodiit
3072 2899 3242 2945 anno
3260 2882 3440 2956 1535,
3466 2881 3642 2943 in-8.

393 2979 784 3040 Posteriores
821 2975 965 3039 alim
1011 2973 1315 3037 confectm
1339 2982 1489 3036 sunt
1521 2975 1846 3038 editiones
1897 2977 2140 3056 plures.
2177 2980 2247 3040 In
2284 2978 2658 3042 Prmfatione
2692 2967 2792 3042 'ad
2841 2981 3197 3056 Lectorem,
3239 2997 3384 3060 quae
3413 2977 3645 3040 eodem

390 3093 558 3138 anno
583 3073 735 3137 1531s
764 3081 972 3135 notata
1005 3080 1122 3143 est,
1158 3071 1510 3134 Lonicerus
1547 3079 1756 3134 narrat
1789 3094 1804 3135 :
1837 3093 1869 3130 α
1908 3075 2013 3136 Fr.
2040 3076 2361 3154 Angelum
2398 3079 2790 3151 Lucensem,
2824 3075 2970 3139 Divi
3005 3075 3268 3138 Antonii
3302 3073 3639 3147 vicarium,

391 3180 424 3248 ἢ
450 3174 865 3248 βιϐλιοφυλάκα,
897 3169 965 3228 in
1028 3165 1516 3246 praeclarissima
1554 3168 1793 3230 Veneta
1836 3167 2242 3247 bibliotheca,
2286 3172 2750 3253 Theophylacti
2800 3174 2869 3234 in
2919 3179 3196 3252 quatuor
3223 3171 3417 3234 hOsce
3446 3175 3643 3250 paulo

392 3275 536 3327 alite
573 3271 1101 3328 commemoratos
1137 3262 1476 3342 prephetas
1510 3272 1802 3344 ἐξηγήσεις
1829 3265 2288 3331 describendas
2325 3268 2612 3343 dedisse,
2650 3267 3132 3348 descriptasque
3165 3284 3308 3330 cum
3340 3274 3645 3348 autogra-

392 3362 518 3440 pho
549 3359 979 3424 contulisse...
1018 3359 1289 3421 Proinde
1321 3359 1484 3438 grati
1531 3367 1748 3435 erunt,
1775 3359 2014 3440 inquit,
2069 3363 2299 3441 Angeli
2329 3363 2525 3443 hujus
2569 3363 2876 3443 angelicas
2940 3363 3163 3438 menti,
3193 3363 3304 3443 qui
3354 3362 3636 3443 aliquam

394 3458 616 3521 saltem
652 3457 752 3518 his
778 3475 857 3518 ex
895 3455 1456 3518 lucubrationibus
1494 3456 1860 3520 animorum
1906 3474 2174 3521 suorum
2218 3459 2612 3540 voluptatem
2661 3461 2936 3539 capient.
2987 3481 3016 3518 ι
3052 3461 3300 3523 Veneto
3361 3459 3642 3522 Canoni-

390 3573 610 3619 eorum
640 3554 1054 3635 Regularium
1086 3553 1379 3616 cmnobio
1410 3553 1535 3617 sub
1580 3551 1774 3618 titulo
1805 3555 2018 3618 Sancti
2050 3554 2316 3618 Antonii
2351 3555 2732 3634 praesidebat
2768 3556 3058 3635 Angelus
3090 3556 3428 3619 Lucensis.
3472 3556 3639 3618 Insi-

391 3669 580 3731 gnem
610 3668 791 3714 suam
838 3651 928 3713 ibi
987 3647 1444 3712 bibliothecam
1494 3651 1814 3714 locaverat
1865 3651 2238 3714 Dominicus
2271 3651 2636 3727 Grimanns,
2694 3651 3048 3729 patriarcha
3099 3651 3541 3732 Aquileiensis
3569 3670 3641 3716 ac

391 3752 454 3812 S.
483 3752 551 3810 lt.
585 3751 654 3810 E.
689 3744 1051 3823 cardinalis,
1091 3747 1396 3811 incendio
1427 3755 1646 3826 postea
1674 3756 2143 3829 consumptam.
3151 3799 3156 3804 .
3617 3821 3628 3828 ,-

469 3849 562 3908 De
592 3845 832 3909 codicis
888 3843 1142 3908 defectu
1175 3843 1472 3922 queritur
1503 3845 1856 3909 Lonicerus
1893 3869 1910 3910 :
1954 3845 2042 3920 «ρ

2066 3844 2190 3906 uod
2224 3845 2391 3907 Osee
2425 3851 2598 3907 vates
2627 3852 2918 3923 ἀκέφαλος,
2948 3854 3190 3926 λάγαρος
3225 3853 3321 3908 καὶ
3373 3853 3630 3926 μείουρος

392 3942 499 4004 sit.
539 3942 670 4004 Sub
721 3943 984 4004 initium
1036 3941 1237 4022 igitur
1259 3959 1293 4003 e
1322 3941 1557 4004 Graecis
1581 3941 1811 4004 Bibliis
1843 3959 1989 4022 quas
2012 3942 2300 4015 deerant,
2351 3940 2708 4021 adjecimus
2737 3942 3010 4021 (scilicet
3043 3949 3238 4020 caput
3260 3941 3541 4020 primum
3574 3947 3637 4003 et

394 4038 611 4115 priora
641 4039 862 4101 decem
899 4044 1228 4102 «commata
1276 4036 1548 4099 secundi
1586 4036 1862 4118 capitis.)
1895 4037 1963 4099 In
2003 4038 2219 4100 medio
2259 4037 2316 4098 si
2347 4054 2472 4114 qua
2499 4037 2822 4113 deessent,
2857 4037 3031 4100 idem
3053 4037 3351 4113 fecimus,
3385 4045 3445 4100 et
3470 4046 3639 4101 aste-

394 4138 545 4199 risci
574 4137 607 4171 "
637 4136 668 4174 “
699 4137 1103 4199 indicabunt.
1137 4135 1236 4198 Ab
1273 4134 1619 4198 undecimo
1656 4137 1864 4214 capite
1896 4135 1964 4198 in
1987 4135 2177 4197 ﬁnem
2215 4151 2447 4213 usque.
2481 4132 2694 4194 blattis
2721 4133 3052 4214 tineisque
3085 4150 3385 4196 corrosus
3410 4134 3637 4213 periit:

394 4248 595 4312 quare
663 4238 1036 4295 contextum
1092 4230 1442 4310 prophetae,
1480 4231 1596 4310 qui
1627 4231 1837 4294 cuivis
1878 4248 1960 4294 ex
1984 4230 2212 4293 Bibliis
2273 4229 2507 4294 obvius
2565 4244 2708 4292 esse
2766 4236 2999 4308 potest,
3032 4235 3167 4292 tum
3201 4229 3636 4309 etiam,inter-

394 4331 646 4392 mittere
683 4331 890 4392 visum
925 4337 1045 4391 est.
1069 4351 1103 4386 υ

473 4425 805 4489 Defectum
831 4428 1003 4488 hunc
1034 4424 1222 4488 bonis
1267 4424 1496 4487 avibus
1532 4425 1754 4506 aliqua
1785 4442 1865 4488 ex
1897 4431 2070 4502 parte
2097 4424 2425 4504 supplevit
2457 4423 2825 4505 Christoph.
2856 4425 3180 4489 Henricus
3216 4422 3634 4500 Ritmeierus,

395 4523 506 4602 qui
547 4521 1095 4585 Commentarium
1136 4522 1214 4583 ad
1248 4521 1509 4584 initium
1541 4524 1768 4602 capitis
1803 4523 2074 4585 secundi
2112 4524 2297 4594 Osee,
2327 4523 2542 4584 Graece
2568 4539 2651 4583 ex
2681 4521 3049 4602 apographo
3079 4523 3178 4584 Jo.
3212 4521 3487 4583 Andreae
3521 4522 3639 4582 Bo-

397 4619 479 4679 sii
513 4636 588 4679 ex
625 4618 846 4680 codice
902 4618 1359 4698 Argentinensi
1395 4619 1820 4697 descriptum,
1852 4636 1996 4681 cum
2041 4619 2338 4683 versione
2367 4635 2483 4681 sua
2505 4625 2565 4680 et
2596 4619 2768 4681 notis
2809 4617 3013 4681 edidit
3044 4615 3428 4680 Helmstadii
3458 4615 3634 4688 1702,

393 4715 452 4776 lt.
487 4717 577 4778 Ita
607 4716 918 4780 discimus
957 4718 1035 4778 ab
1063 4718 1311 4777 Joanne
1337 4715 1599 4779 Alberto
1623 4716 1939 4780 Fabricio.
2687 4713 2690 4715 λ

487 4811 590 4874 ῑι8.
635 4814 954 4892 Integram
989 4813 1052 4874 in
1078 4812 1347 4874 eosdem
1391 4819 1669 4890 quatuor
1704 4812 2043 4892 prOphetas
2068 4807 2406 4888 Exegesim
2430 4805 2718 4868 continet
2746 4806 3078 4870 Marcianae
3103 4806 3365 4869 Veneta)
3394 4807 3636 4870 biblio-

336 4922 341 4926 '
396 4907 598 4970 thecas
645 4911 872 4984 codex,
899 4927 969 4971 ac
1004 4910 1277 4986 insuper
1320 4909 1390 4970 in
1425 4909 1772 4971 Michceam.
1828 4908 2082 4969 Folium
2122 4907 2399 4981 primum
2437 4902 2662 4980 partim
2717 4902 2996 4965 lacerum
3044 4915 3181 4976 est;
3207 4904 3381 4984 quod
3412 4905 3636 4982 utique

397 5002 773 5071 dolendum.
809 5004 1054 5066 Similis
1083 5010 1179 5065 est
1203 5001 2062 5065 Cmsareo-Vindobonensis
2127 5001 2330 5064 codex
2360 5001 2479 5061 216
2529 5000 2700 5078 apud
2776 4999 3211 5074 Lambecium,
3271 5016 3402 5078 quo
3454 5001 3640 5063 Com-

401 5100 696 5162 mentarii
727 5099 1142 5163 continentur
1171 5103 1244 5163 in
1263 5100 1511 5172 Oseam,
1543 5099 1866 5184 Habacuc,
1904 5101 2155 5171 Ionam,
2186 5098 2432 5161 Nahum
2463 5108 2521 5159 et
2549 5098 2894 5160 Michwom.
2931 5097 3183 5160 Codicis
3211 5097 3441 5160 titulus
3485 5105 3582 5159 est
3619 5115 3632 5159 :

412 5205 702 5276 ῗΕξήγησις
721 5207 802 5268 εἰς
827 5205 954 5269 τοῦς
988 5205 1054 5275 ιβ’
1078 5208 1390 5277 προφήτας,
1430 5198 1499 5258 επ
1534 5197 1858 5259 duodecim
1901 5215 1985 5275 pr

2060 5195 2242 5256 thetos
2299 5215 2323 5253 :
2378 5212 2458 5256 ex
2501 5211 2631 5273 quo
2667 5216 2696 5249 α
2737 5201 3001 5272 apparet
3039 5192 3446 5272 (Lambecius
3495 5195 3633 5274 ait),

398 5278 948 5373 Theophylactum
979 5309 1204 5354 omnes
1235 5279 1580 5357 duodecim
1618 5293 1957 5372 prephetas
1992 5293 2275 5354 minores
2301 5288 2789 5352 Commentariis
2820 5290 2961 5350 suis
2993 5289 3378 5353 illustrasse.
3407 5313 3437 5348 ιι

476 5392 803 5469 lntegrum
861 5406 1028 5468 opus
1087 5390 1536 5461 complectitur
1571 5385 2389 5452 Bavarico-Monachiensis
2421 5385 2652 5448 codex.
2689 5384 3163 5448 Commentaria
3195 5385 3266 5447 in
3297 5385 3440 5463 ipso
3482 5404 3638 5466 pro-

397 5486 886 5566 stantsequenti
911 5487 1142 5548 ordine
1173 5510 1188 5548 :
1220 5487 1299 5548 In
1327 5487 1566 5563 Oscam,
1595 5485 1912 5560 Hobacuc,
1941 5487 2192 5557 Jonam,
2212 5482 2481 5554 Nonum,
2513 5481 2860 5556 Michteam,
2887 5481 3291 5562 Sophoniom,
3323 5483 3638 5564 Aggwum,

394 5582 798 5650 Zachariam.
862 5581 1260 5656 Matachiam.
1292 5583 1548 5658 Joelem,
1573 5583 1784 5655 Amos,
1820 5581 2105 5645 Abdiom.
2147 5583 2351 5660 Caput
2393 5581 2679 5660 primum
2706 5580 2873 5642 Osee
2923 5590 3097 5645 caret
3155 5583 3636 5657 commentario,

399 5678 685 5756 itemque
745 5678 1011 5741 secundi
1045 5670 1274 5758 capitis
1315 5693 1555 5740 comma
1610 5679 1916 5764 primum.
1952 5681 2024 5742 In
2049 5679 2464 5758 expositione
2519 5677 2749 5756 capitis
2785 5697 2848 5740 ιγ
2899 5678 3124 5741 lacuna
3170 5686 3342 5759 patet
3378 5687 3467 5757 ay
3498 5682 3537 5742 3
3560 5683 3636 5742 ad

388 5789 645 5837 comma
705 5781 980 5854 sextum,
1039 5776 1318 5840 Perfecta
1364 5783 1512 5837 sunt
1560 5791 1630 5840 ac
1677 5777 1927 5856 integra
1987 5784 2312 5856 postrema
2353 5776 2508 5860 tria
2539 5776 2745 5855 capita
2776 5793 2894 5852 xu,
2929 5789 3050 5838 xm
3075 5784 3135 5841 et
3166 5795 3301 5855 xiv,
3324 5795 3469 5842 cum
3496 5780 3634 5841 suis
