4058 6470
382 393 454 457 49
1196 392 1292 454 DE
1331 394 1906 456 THEOPHYLACTI
1946 395 2218 458 GESTlS
2255 395 2352 456 ΕΤ
2392 397 2760 465 SCRIPTIS;
3558 395 3628 460 50

394 503 899 576 commentariis,
974 505 1206 585 qu-ein
1239 508 1527 572 editione
1584 508 1882 572 Loniceri
1925 510 2405 575 desiderantur.
2439 511 2579 573 Alia
2612 511 2678 572 in
2718 509 2938 573 codice
2988 507 3253 582 vacuola
3305 523 3628 588 parvane-

384 607 676 663 currunt.
713 600 1058 663 Codicibus
1119 609 1357 681 autem,
1400 620 1566 685 quos
1601 607 2126 684 memoravimus,
2162 607 2440 671 invicem
2488 605 2765 682 collatis,
2801 607 3110 669 damnum
3137 621 3332 670 omne
3396 606 3621 670 sarciri

387 693 641 774 poterit.
2975 709 2977 716 '

462 790 808 870 Prologum
834 790 1114 871 primum
1147 792 1212 856 in
1245 809 1471 857 omnes
1508 795 1848 876 prophetas
1885 797 2170 861 minores
2209 805 2459 876 praestat
2492 804 2883 862 memoratus
2907 799 3198 862 Venetus
3223 799 3626 864 codexMar-

384 887 633 962 cianus,
693 904 773 950 ex
830 903 961 966 quo
1016 887 1345 965 discimus,
1372 891 1556 968 iussu
1583 893 1798 956 Mariae
1827 893 2251 973 imperatricis
2283 895 2730 960 elucubratum
2762 912 2925 974 opus
2946 893 3153 959 fuisse
3181 911 3219 958 a
3254 895 3608 976 Theophy-

384 983 570 1046 laeto.
604 983 818 1045 Graece
880 984 1331 1065 transcriptum
1377 991 1741 1068 accepimus
1770 989 1849 1052 ab
1891 990 2368 1054 humanissimo
2391 991 2919 1072 peritissimoqne
2950 989 3089 1055 viro
3125 991 3404 1054 Antonio
3456 993 3618 1054 Zan~

384 1082 566 1151 netti,
605 1077 956 1140 Alexandri
980 1079 1138 1155 ﬁlio,
1161 1083 1428 1146 custode
1458 1083 1881 1149 bibliothecm.
1924 1087 1986 1151 In

2031 1088 2192 1151 tium
2228 1098 2328 1152 est
2360 1113 2374 1151 :
2404 1098 2658 1153 Φιλοθέου
2687 1097 2960 1168 βασιλίδος
3009 1096 3104 1152 καὶ
3135 1095 3420 1167 φιλολόγου
3485 1096 3628 1168 πλη-

383 1172 494 1243 ρῶν
549 1172 852 1245 ἐπίταγμα,
876 1173 936 1229 τδ
963 1175 1023 1229 δὲ
1051 1175 1116 1247 ἢν
1145 1179 1209 1232 ἐκ
1229 1178 1338 1234 τῶν
1384 1181 1464 1244 εἰς
1511 1181 1636 1245 τοὺς
1692 1185 1976 1255 προφήτας
1999 1186 2168 1241 πάλαι
2187 1185 2632 1258 καταϐληθεισῶν
2661 1185 2978 1258 ἐξηγήσεων
3036 1184 3365 1256 συντάγμιτι
3432 1183 3622 1238 θέσθαι

385 1270 858 1343 συνοπτικὼτερον
885 1274 1021 1344 ὁμοῦ
1054 1275 1150 1330 καὶ
1181 1277 1536 1350 σαφέστερον,
1554 1283 1931 1353 παραιτοῦμαι
1958 1297 1971 1312 ·

2009 1272 2115 1334 Dei
2141 1281 2200 1334 et
2228 1271 2589 1334 litterarum
2641 1271 2909 1332 amantis
2965 1271 3396 1350 imperatricis
3440 1287 3611 1329 man-

383 1358 979 1440 datumadimplens,
1009 1365 1331 1428 utscilicet
1366 1387 1446 1430 ea:
1475 1369 1953 1433 Commentariis
1988 1371 2057 1432 in
2082 1368 2430 1449 prophetas
2459 1367 2596 1448 jam
2627 1368 2816 1448 [actis
2845 1366 3190 1428 breviorem
3204 1374 3261 1426 et
3293 1363 3626 1427 clariorem

383 1457 770 1548 conﬁcerem,
803 1477 941 1534 oro,
981 1468 1102 1524 etc.
1136 1464 1211 1525 Et
1243 1462 1408 1528 infra
1441 1475 1544 1529 :Et
1573 1477 1672 1548 μὲν
1697 1477 1790 1531 οὖν
1812 1478 1985 1548 tivum

2023 1477 2115 1531 ιτι
2145 1474 2281 1546 πρὸς
2305 1473 2366 1528 τὸ
2397 1472 2646 1544 βούλημα
2687 1475 2788 1544 τῆς
2815 1472 2983 1543 καλῆς
3019 1472 3222 1543 ταύτης
3258 1473 3316 1525 ὲν
3352 1471 3621 1541 γυναιξὶν,

381 1544 446 1622 ᾖς
475 1552 524 1604 οἱ
557 1552 830 1624 ὀφθαλμοὶ
880 1556 976 1610 καὶ
1007 1557 1041 1626 ὴ
1072 1559 1233 1629 νοερὰ
1261 1559 1338 1624 ὡς
1361 1544 1716 1636 περιστέρὰς,
1775 1544 1870 1620 καὶ
1918 1565 2013 1620 τοῦ
2062 1544 2376 1633 πνεῦματος
2425 1561 2615 1632 σαφῶς
2644 1561 2858 1625 ἐνθέου,
2884 1561 3090 1632 ταύτης
3123 1561 3349 1627 σκόπου,
3387 1561 3481 1614 καὶ
3522 1562 3622 1629 τῆς

383 1646 619 1714 πίστεως
646 1651 709 1704 τὸ
738 1653 1068 1726 κατόρθωμα
1090 1671 1106 1688 ο
1132 1646 1206 1710 Si
1246 1647 1399 1728 quid
1423 1650 1624 1729 igitur
1636 1653 1985 1732 perfectum

2020 1651 2217 1730 fuerit
2244 1649 2447 1730 juxta
2484 1648 2872 1710 voluntatem
2901 1649 3088 1728 hujus
3145 1647 3481 1710 mulierum
3512 1663 3622 1724 op-

381 1735 546 1796 timae
562 1736 766 1818 (cujus
797 1740 966 1803 oculi
999 1749 1235 1804 etmens
1263 1745 1430 1806 sicut
1455 1745 1876 1828 columbae),id
1903 1747 2023 1808 erit
2041 1746 2311 1825 spiritus
2330 1745 2468 1826 ejus
2485 1745 2674 1824 plane
2705 1743 2931 1818 divini,
2973 1743 3372 1818 intentionis,
3393 1749 3451 1804 et
3477 1740 3626 1820 ﬁdei

383 1847 563 1909 opus-
595 1832 890 1913 lntegros
941 1836 1453 1904 Commentarios
1476 1840 1660 1916 istos,
1697 1861 1774 1905 ex
1805 1841 2248 1924 antiquiorum
2287 1843 2546 1904 Patrum
2600 1839 3041 1904 monumentis
3076 1839 3440 1917 decerptos,
3476 1854 3622 1917 spe-

384 1927 560 1989 rabat
586 1930 771 1993 Joan.
825 1931 1130 1996 Albertus
1184 1935 1518 2000 Fabricius
1544 1938 1608 2000 in
1641 1937 2033 2002 Bibliotheca
2082 1939 2325 2014 Graeca,
2366 1936 2492 2001 vol.
2552 1938 2693 2012 V11,
2739 1954 2880 2018 pag.
2917 1937 3060 2011 765,
3093 1935 3273 1999 brevi
3309 1937 3374 1996 in
3411 1935 3621 1997 lucem

381 2022 670 2087 edendos
704 2041 738 2088 a
773 2026 841 2089 C.
868 2028 942 2090 V.
978 2030 1226 2094 Joanne
1273 2033 1558 2098 Henrico
1594 2036 1958 2112 Lederlino,
1983 2037 2352 2116 linguarum
2386 2034 2824 2098 Orientalium
2855 2035 2922 2096 in
2951 2033 3278 2096 academia
3309 2034 3626 2110 Argento-

381 2119 620 2181 ratensi
650 2121 1039 2199 professore,
1073 2125 1188 2204 qui
1219 2125 1369 2191 illos
1399 2146 1481 2192 ex
1510 2131 1730 2196 Graeco
1753 2132 1974 2196 codice
2006 2132 2414 2196 bibliothecae
2443 2130 2720 2211 publica;
2741 2129 2926 2194 illius
2955 2129 3138 2192 urbis
3166 2128 3618 2204 descripserat,

380 2221 443 2274 et
477 2220 747 2296 utraque
787 2217 1011 2298 lingua
1037 2220 1447 2302 vulgaturum
1483 2235 1835 2307 receperat.
1866 2233 2020 2293 Data
2049 2228 2209 2292 fides
2244 2229 2313 2291 in
2345 2228 2601 2292 irritum
2651 2227 2810 2292 abiit
2844 2250 2858 2290 :
2893 2226 3355 2307 prmstabitque
3375 2225 3620 2286 Veneta

382 2309 585 2374 editio
625 2313 797 2392 quod
839 2313 1149 2378 hactenus
1179 2318 1451 2385 obtineri
1489 2339 1616 2386 non
1649 2323 1878 2402 potuit.

1763 2491 1982 2566 [XXII]
2013 2499 2181 2561 XIII.

385 2636 680 2735 Uﬂ_d€fim
735 2643 1022 2735 Homiliw
1045 2648 1122 2735 in.
1144 2645 1402 2735 totidem
1462 2649 1784 2735 evangelia
1799 2653 2128 2735 matutina
2165 2648 3002 2735 Resurrectionispomini,
3030 2642 3487 2735 Theopbqucto
3516 2651 3623 2704 at'—

461 2717 834 2811 tribuuntur
865 2723 932 2784 in
960 2724 1320 2811 _codicibus.
1351 2728 1514 2811 Sunt
1542 2717 1689 2811 vero
1722 2728 1912 2811 iidem
1945 2731 2195 2811 omnino
2225 2729 2431 2808 ipsius
2465 2717 3403 2811 Theoph_ylacti‘Comlne'ntarii
3431 2738 3624 2811 super

462 2795 690 2886 eisdem
723 2802 1082 2880 evangeliis,
1103 2815 1425 2886 postrema
1468 2806 1737 2886 homilice
1765 2805 2108 2869 undecima:
2141 2795 2323 2886 par-te
2353 2795 2648 2884 excepta:
2687 2795 3053 2886 Fosterion
3077 2801 3335 2886 Graecus
3388 2795 3622 2886 aliquis

455 2873 728 2966 videtur,
753 2873 1281 2966 tum'postremam
1311 2885 1469 2946 hanc
1497 2883 1794 2966 adjecisse
1813 2895 2085 2964 partem,
2129 2873 2260 2947 tum
2291 2873 2766 2947 commentarios
2817 2879 3265 2960 Theophylacti
3298 2879 3366 2939 in
3384 2873 3621 2956 prd'di-

461 2963 594 3014 ctas
614 2956 926 3020 Homilias
960 2959 1290 3040 redegisse.

460 3093 560 3157 1:9.
592 3095 734 3160 Alia
758 3107 909 3162 sunt
963 3101 1129 3164 sacri
1176 3104 1540 3184 argumenti
1599 3118 1816 3184 Opera,
1847 3121 1883 3166 a
1934 3102 2416 3185 Theophylacto
2463 3101 2805 3167 elaborata.
2862 3098 3174 3164 Homilias
3227 3095 3520 3160 undecim
3554 3094 3623 3164 in

382 3190 637 3256 totidem
675 3197 997 3277 evangelia
1027 3199 1238 3282 Ofﬁcii
1265 3203 1564 3266 matutini
1586 3201 2094 3268 Resurrectionis
2124 3188 2387 3264 Domini
2411 3198 2674 3264 exhibet
2720 3197 2923 3301 codex
2955 3189 3642 3301 Caesareo-Vindobov.

382 3289 628 3365 nensis,
690 3309 884 3372 quem
928 3297 1307 3362 Lambecius
1349 3299 1516 3362 libro
1548 3319 1583 3364 ν
1621 3306 1918 3364 recenset
1974 3315 2154 3363 num.
2214 3299 2357 3362 263.
2390 3297 2614 3362 Vocari
2648 3295 2862 3360 solent
2903 3293 3210 3358 undecim
3276 3289 3616 3370 evangelia

380 3397 745 3469 ἁναστάσιμα,
798 3391 1040 3472 quibus
1105 3397 1418 3460 memoria
1487 3397 2012 3462 Resurrectionis
2079 3395 2344 3459 Domini
2404 3395 2766 3460 celebratur
2823 3415 2838 3455 :
2893 3409 2966 3455 ac
3038 3389 3622 3468 etiamidicuntur

380 3482 599 3574 φθινά,
626 3487 777 3564 quia
809 3485 873 3549 in
908 3486 1134 3552 Ofﬁcio
1184 3493 1510 3558 matutino
1541 3509 1618 3558 ea
1645 3493 1886 3574 legunt
1922 3492 2150 3557 Graaci.
2183 3494 2343 3556 Sunt
2390 3507 2544 3555 vero
2598 3490 2936 3567 desumpta
2967 3505 2981 3550 :
3020 3486 3299 3568 primum
3336 3502 3416 3547 ex
3458 3485 3620 3547 Mat-

382 3571 572 3654 lbaeo,
627 3584 990 3646 secundum
1031 3591 1093 3648 et
1123 3587 1384 3651 tertium
1418 3606 1501 3653 ex
1527 3571 1764 3664 Marco,
1798 3607 1879 3654 ex
1909 3592 2080 3654 Luca
2115 3595 2444 3670 quartum,
2479 3587 2813 3668 quintum,
2877 3591 3177 3658 sextum;
3211 3589 3274 3646 et
3321 3581 3618 3662 quinque

385 3669 631 3754 reliqua
680 3695 760 3742 ex
794 3681 1064 3746 Joanne.

459 3769 732 3836 Initium
773 3792 1001 3840 eorum
1024 3785 1086 3842 et
1115 3779 1306 3843 finem
1335 3797 1416 3844 ex
1447 3779 1632 3845 libris
1661 3782 2031 3846 Grmcorum
2088 3781 2272 3846 affert
2334 3780 2610 3846 Goarius
2634 3781 2700 3844 in
2727 3779 3124 3860 EucholOgio
3157 3793 3298 3860 pag.
3335 3777 3456 3841 ’122
3481 3775 3621 3838 edit-

384 3865 581 3930 tionis
611 3872 896 3939 Venetae.
921 3878 1241 3942 Nimirum
1266 3879 1548 3959 primum
1577 3882 1783 3960 capite
1805 3900 2017 3944 xxvnr
2064 3878 2346 3943 Mattlimi
2371 3878 2602 3956 incipit
2634 3883 2667 3952 7
2702 3877 2778 3939 16
2807 3898 2822 3938 :
2859 3874 3152 3940 Undecim
3178 3882 3384 3936 autem
3427 3872 3624 3936 disci.-

381 3963 524 4041 puli
550 3969 840 4034 abierunt
871 3974 938 4035 in
959 3974 1324 4046 Galilwam;
1354 3992 1427 4040 ac
1455 3976 1692 4040 desinit
1723 3983 1782 4052 7.
1814 3979 1917 4050 20,
1940 3995 2135 4057 usque
2168 3975 2250 4036 ad
2281 3973 2873 4036 consummationem
2903 3968 3142 4033 seaculi.

461 4061 827 4129 Secundum
868 4071 1074 4148 capite
1119 4089 1230 4134 xv:
1264 4072 1458 4136 Marci
1489 4089 1525 4136 a
1558 4078 1590 4147 7
1626 4075 1657 4140 1
1699 4073 1895 4138 zeum
1924 4074 2255 4135 transisset
2287 4068 2648 4143 Sabbatum,
2679 4067 2755 4130 ad
2788 4072 2844 4141 7.
2880 4065 2938 4139 8,
2974 4063 3294 4128 Timebant
3337 4081 3494 4124 eum.

464 4159 662 4222 Tertii
710 4165 935 4227 eodem
993 4167 1200 4246 capite
1254 4167 1515 4232 initium
1548 4175 1601 4234 7.
1634 4171 1714 4232 9:
1746 4169 2027 4249 Surgens
2057 4179 2268 4232 autem
2296 4185 2473 4228 mane
2524 4167 2747 4245 prima-
2772 4162 3224 4229 Sabbatorum;
3257 4160 3401 4222 ﬁnis
3428 4164 3486 4233 7.
3518 4159 3620 4232 20,

383 4257 780 4335 sequentibus
801 4261 1022 4340 signis.

466 4352 696 4433 lncjpit
731 4365 1028 4437 quartum
1056 4360 1262 4438 capite
1293 4378 1450 4425 xxxv
1473 4363 1659 4425 Luem
1688 4367 1744 4437 7.
1780 4367 1809 4426 1
1851 4387 1866 4425 :
1908 4365 2041 4427 Una
2068 4374 2275 4426 autem
2305 4361 2564 4424 Sabbati
2592 4358 2771 4422 valde
2799 4354 3123 4426 diluculo;
3155 4353 3397 4418 desinit
3430 4358 3486 4426 7.
3523 4353 3620 4423 12,

383 4447 562 4512 Abiit
587 4469 791 4513 secum
817 4454 1056 4517 mirans
1094 4455 1261 4536 quod
1303 4458 1541 4538 factum
1572 4459 1807 4538 fuerat.
1868 4521 1874 4526 ,

462 4547 773 4647 Quintum
795 4549 1035 4614 ibidem
1080 4558 1136 4616 ἢ.
1161 4555 1236 4616 13
1261 4555 1380 4618 :Et
1411 4573 1547 4618 ecce
1577 4555 1698 4618 duo
1734 4575 1811 4620 ex
1845 4555 2205 4647 illisCibant,
2233 4553 2311 4616 ad
2337 4559 2394 4628 7.
2419 4552 2518 4624 35,
2555 4551 2640 4612 Et
2673 4549 2978 4629 quomodo
3032 4555 3459 4627 cognoverunt
3485 4565 3621 4609 eum

384 4644 454 4706 in
477 4645 787 4722 fractione
813 4649 1020 4728 panis.
1987 4644 2000 4647 ⁷
3413 4731 3416 4734 ,

464 4741 724 4810 Sextum
759 4743 1000 4808 ibidem
1030 4761 1064 4806 a
1101 4749 1153 4821 §.
1191 4746 1307 4807 36:
1335 4746 1496 4808 Dum
1524 4757 1729 4809 autem
1748 4748 1871 4810 haec
1905 4749 2273 4826 loquuntur.
2305 4747 2480 4808 stetit
2518 4747 2701 4808 Iesus
2726 4747 2792 4808 in
2825 4740 3024 4808 medio
3051 4759 3287 4820 eorum,
3314 4742 3393 4805 ad
3432 4748 3492 4815 7.
3517 4741 3618 4809 53.

386 4833 741 4900 Laudantes
769 4848 823 4900 et
844 4839 1271 4903 benedicentes
1305 4842 1531 4904 Deum.

462 4933 726 5002 Initium
765 4936 1023 5014 septimi
1055 4938 1260 5016 capite
1284 4956 1368 5000 xx
1406 4940 1674 5002 Joannis
1707 4945 1764 5012 7.
1804 4943 1834 5002 1
1873 4943 2051 5005 :Una
2103 4938 2522 5002 Sabbatorum
2554 4939 2763 5002 Maria
2786 4936 3194 5016 Magdalene;
3226 4933 3375 4997 finis
3421 4939 3478 5006 7.
3517 4935 3615 5006 10,

386 5027 692 5093 Abierunt
733 5050 878 5111 ergp
910 5033 1138 5095 iterum
1168 5032 1470 5114 discipuli
1499 5034 1580 5096 ad
1603 5039 1990 5118 semetipsos.

465 5119 772 5190 Octavum
817 5129 1054 5192 ibidem
1090 5146 1124 5192 a
1156 5130 1317 5204 7.11
1346 5151 1360 5190 :
1387 5131 1600 5192 Maria
1629 5141 1832 5193 autem
1861 5134 2066 5196 stabat
2099 5133 2180 5195 ad
2209 5141 2688 5208 monumentum,
2721 5133 2799 5196 ad
2827 5136 2882 5205 7.
2919 5132 3014 5204 18,
3052 5128 3218 5205 Quia
3245 5128 3379 5193 vidi
3411 5130 3621 5191 Domi-

386 5240 558 5296 num,
592 5231 651 5285 et
683 5223 806 5286 haec
841 5225 1010 5288 dixit
1027 5227 1208 5291 mihi.

466 5321 716 5384 Nonum
741 5320 968 5400 incipit
999 5321 1240 5386 ibidem
1275 5329 1333 5399 7.
1371 5327 1486 5388 19:
1524 5327 1680 5390 Cum
1715 5345 1860 5407 ergo
1901 5345 2041 5390 sero
2074 5336 2234 5389 esset
2276 5328 2377 5390 die
2428 5326 2574 5398 illo;
2629 5325 2873 5389 desinit
2902 5333 2960 5404 7.
2992 5327 3095 5404 3i,
3151 5327 3226 5391 Ut
3272 5325 3618 5397 credentes,

388 5415 579 5476 vitam
618 5415 984 5479 habeatisin
1010 5419 1259 5481 nomine
1290 5423 1462 5504 ejus-

467 5516 715 5579 Decimi
737 5516 1001 5580 initium
1022 5520 1227 5598 capite
1261 5537 1396 5597 ut,
1431 5525 1487 5595 7.
1517 5522 1554 5584 1
1575 5542 1590 5582 :
1614 5521 1838 5584 Postea
1866 5521 2290 5602 manifestavit
2311 5539 2373 5581 se
2407 5521 2668 5588 iterum;
2696 5519 2841 5582 finis
2869 5526 2923 5593 7.
2965 5521 3062 5598 ιιι,
3098 5521 3229 5582 Hoc
3257 5520 3396 5600 jam
3428 5521 3616 5588 tertio

388 5611 825 5692 mani/estatus
855 5622 943 5675 est
976 5616 1186 5678 Jesus.

467 5708 892 5774 Undecimum
920 5712 1183 5790 _ibidem
1229 5730 1263 5776 a
1297 5719 1352 5775 7.
1391 5716 1509 5778 15:
1553 5714 1704 5776 Cum
1749 5731 1894 5793 ergo
1947 5713 2380 5794 prandissent,
2411 5713 2566 5778 dicit
2603 5716 2845 5778 Simoni
2875 5715 3103 5790 Petro,
3131 5715 3209 5777 ad
3257 5720 3310 5788 7.
3345 5715 3445 5788 25,
3495 5716 3618 5779 Nec

391 5804 594 5880 ipsum
625 5805 910 5870 arbitror
963 5807 1258 5872 mundum
1284 5828 1504 5890 capere
1530 5829 1710 5892 posse
1745 5830 1865 5885 eos,
1894 5810 2002 5890 qui
2045 5811 2362 5875 scribendi
2393 5822 2561 5888 sunt,
2598 5811 2814 5875 libros.
