3984 6594
439 429 501 494 51
1260 429 1478 495 BERN.
1523 431 1787 493 usum
1828 432 1926 493 DE
1963 432 2248 494 RUBEIS
2287 413 2784 494 DISSERTATIO
3621 433 3690 496 se

517 539 770 616 Quibus
837 543 968 601 haec
1025 537 1449 602 hebdomadis
1477 557 1548 603 ac
1582 541 1814 604 diebus
1846 541 2142 622 legantur
2167 542 2522 620 evangelia,
2565 541 2796 603 docent
2827 542 3065 620 Typica
3103 547 3165 602 et
3201 541 3510 603 Canonta.
3547 542 3685 604 Du-

440 633 756 700 t’resnium
788 633 1056 698 consule
1087 633 1153 697 in
1185 634 1516 701 Glossario
1549 637 1789 700 erco.
1832 639 1903 700 in
1938 639 2162 702 eadem
2197 637 2500 700 undecim
2538 635 2896 718 evangelia,
2919 636 3184 700 totidem
3219 637 3406 700 etiam
3433 643 3686 700 exstant

443 731 728 795 homilia)
757 730 1171 809 Theophanis
1230 733 1517 796 Ceramei
1555 733 1722 812 apud
1761 732 2273 814 bibliographos.

516 829 618 894 60.
651 830 800 892 Haec
827 828 1211 902 scribebam,
1243 847 1389 894 cum
1417 830 1643 894 incidit
1675 832 1742 893 in
1784 848 2010 895 manus
2049 829 2928 895 Cmsareo-Vindobonensis
2951 829 3197 893 codicis
3217 828 3680 910 apOgraphum,

437 927 612 1004 quod
652 925 952 990 undecim
976 925 1264 1006 prmfatas
1292 928 1579 992 continet
1608 929 1734 993 sub
1772 927 2236 1009 Theophylacti
2271 929 2536 992 nomine
2560 927 2886 991 homilias.
2923 927 3213 1006 Scriptus
3236 927 3475 1005 legitur
3495 937 3552 990 ἐν
3571 935 3682 990 ἔτει

437 1029 937 1103 ἑπτακισχιλιαστῷ
966 1032 1183 1102 δεκάτῳ
1207 1035 1466 1104 πέμπτῳ,
1494 1052 1622 1105 μην.
1641 1032 1844 1106 ἰουνίῳ
1871 1041 1981 1106 κη’.
2004 1053 2010 1084 ‹

2106 1043 2170 1087 to
2242 1026 2422 1098 7015,
2471 1043 2675 1087 mense
2704 1025 2930 1099 Iunio,
2984 1023 3086 1086 die
3128 1024 3232 1092 28.
3271 1024 3332 1085 id
3365 1031 3464 1086 est
3503 1041 3679 1096 anno

444 1117 678 1180 Christi
713 1119 1104 1200 1507.1l1ico
1134 1121 1294 1185 facta
1345 1122 1645 1201 diligenti
1685 1140 1829 1186 cum
1880 1121 2342 1202 'l‘heOphylacti
2397 1121 2877 1186 Commentariis
2908 1122 2976 1183 in
3002 1128 3280 1200 quatuor
3346 1121 3683 1201 Evangelia

437 1213 808 1290 collatione,
867 1218 1213 1296 perspicue
1257 1225 1566 1297 certoque
1599 1217 1886 1281 innotuit
1932 1235 2012 1280 ex
2051 1218 2155 1281 his
2193 1219 2272 1282 de
2306 1218 2504 1282 verbo
2539 1219 2616 1280 ad
2652 1219 2919 1285 verbum
2952 1234 3058 1281 eas
3091 1218 3504 1298 transcriptas
3535 1235 3680 1281 esse

435 1309 740 1373 homilias
783 1328 1034 1388 omnes,
1069 1323 1389 1394 postrema
1415 1323 1586 1394 parte
1624 1316 1910 1378 homillae
1933 1316 2290 1380 undecimm
2319 1323 2607 1394 excepta.

513 1408 638 1470 Res
679 1407 765 1471 ita
799 1426 870 1473 se
895 1410 1104 1474 habet.
1157 1411 1506 1476 Undecima
1563 1413 1674 1476 illa
1745 1413 2016 1478 homilia
2043 1414 2273 1495 incipit
2306 1430 2342 1476 a
2388 1419 2446 1488 7.
2484 1414 2558 1477 15
2615 1412 2846 1492 capitis
2877 1429 2996 1474 xxx
3024 1409 3498 1485 Joannis,0um
3529 1425 3678 1492 ergo

430 1504 866 1582 prandissent,
923 1507 1077 1572 dicit
1121 1508 1366 1571 Simoni
1399 1508 1588 1572 Petro
1645 1513 1852 1574 Iesus.
1895 1511 2200 1592 Sequitur
2255 1509 2722 1591 TheOphylacti
2757 1507 3121 1588 Expositio,
3157 1508 3379 1570 eadem
3414 1524 3678 1584 prorsus

432 1618 579 1680 qum
603 1603 668 1664 in
702 1605 1181 1669 Commentario
1227 1609 1304 1668 ad
1357 1625 1566 1687 usque
1593 1614 1646 1682 ᾗ.
1684 1610 1786 1680 23,
1829 1610 1934 1671 Sic
1965 1627 2100 1670 eum
2126 1609 2267 1670 volo
2298 1626 2546 1670 manere
2570 1607 2764 1668 donec
2793 1606 3059 1679 veniam,
3103 1605 3257 1684 quid
3284 1603 3366 1665 ad
3392 1607 3498 1666 te?
3530 1606 3678 1668 Haec

433 1713 585 1764 vero
611 1699 676 1760 in
711 1702 1185 1765 Commentario
1217 1703 1312 1766 sic
1363 1705 1605 1767 desinit
1637 1705 1962 1784 expositio
2013 1728 2028 1767 :
2077 1728 2106 1761 α
2131 1705 2260 1767 Alii
2292 1712 2505 1766 autem
2533 1701 2871 1776 afﬁrmant,
2929 1702 3104 1780 quod
3140 1709 3436 1764 mortuus
3471 1700 3675 1764 fuerit

427 1794 736 1874 (Joannes
771 1796 890 1874 :)et
923 1799 1094 1878 quod
1121 1799 1304 1876 dicit,
1329 1801 1436 1863 Sic
1465 1819 1604 1862 eum
1631 1803 1770 1864 volo
1808 1819 2076 1877 manere,
2132 1801 2503 1880 intelligunt
2534 1800 2701 1863 sicut
2729 1799 3126 1878 interpretati
3161 1815 3406 1862 sumus.
3443 1800 3678 1860 Omnes

429 1890 781 1967 Opiniones
821 1893 1136 1968 diximus,
1167 1913 1249 1960 ne
1285 1914 1479 1977 quam
1506 1899 1805 1978 ignorent
1838 1899 2138 1962 studiosi.
2175 1897 2374 1960 Nobis
2406 1903 2621 1960 autem
2670 1896 2900 1977 placet,
2940 1900 3010 1958 ut
3043 1897 3250 1956 Donec
3298 1894 3540 1956 veniam
3577 1893 3680 1956 in-

428 1986 990 2067 telligatur,lsicut
1025 1993 1507 2074 Chrysostomo,
1543 1994 1767 2058 divino
1797 2003 1858 2059 et
1883 2011 2082 2060 aureo
2114 1995 2213 2056 illi
2245 1994 2366 2069 ori,
2401 1993 2684 2069 videtur,
2717 2008 2846 2054 non
2869 1991 2948 2053 de
2991 1991 3114 2052 vita
3155 1990 3306 2052 :sed
3339 1989 3512 2069 quod
3547 2003 3678 2052 non

426 2083 511 2143 sit
536 2083 912 2164 jungendus
947 2090 1204 2151 Petro.»
1233 2091 1382 2152 Post
1407 2091 1537 2153 hinc
1560 2099 1925 2170 sequuntur
1949 2098 2257 2155 commata
2294 2088 2626 2170 Evangelii
2663 2095 2983 2170 postrema
3013 2088 3166 2162 duo,
3201 2087 3324 2148 Hic
3361 2095 3452 2147 est
3489 2085 3678 2148 disci-

423 2177 621 2257 pulus
654 2183 920 2260 [XXIII]
950 2185 1080 2258 ille,
1106 2191 1252 2259 etc.,
1305 2201 1376 2248 ac
1406 2186 1582 2250 hisce
1639 2188 1850 2250 verbis
1907 2188 2136 2267 incipit
2179 2186 2645 2266 TheOphylacti
2714 2184 3187 2264 interpretatio,
3223 2204 3254 2240 α
3278 2184 3490 2257 Quare
3524 2199 3678 2246 cum

431 2274 653 2338 nullus
683 2279 1219 2358 evangelistarum
1237 2282 1404 2344 alius
1433 2283 1516 2346 de
1541 2301 1610 2346 se
1642 2284 1783 2364 ipso
1809 2284 2167 2362 perhiberet
2192 2283 2658 2356 testimonium,
2690 2280 2796 2344 hic
2813 2281 2892 2344 de
2923 2297 2994 2343 se
3024 2280 3168 2360 ipso
3197 2287 3486 2348 testatur,
3513 2287 3675 2340 etc.»

510 2374 658 2436 Haec
698 2392 849 2438 vero
882 2385 1202 2455 postrema
1232 2379 1837 2460 Expositionispars
1859 2382 2049 2460 longe
2081 2381 2297 2443 diﬂ'ert
2330 2379 2395 2442 in
2430 2377 2728 2452 homilia;
2763 2393 3036 2457 eamque
3063 2377 3430 2454 praecedunt
3465 2375 3677 2456 plura,

427 2485 572 2546 qum
602 2471 668 2532 in
700 2472 1173 2537 Commentario
1204 2475 1678 2540 desiderantur.
1713 2479 1810 2540 Ab
1835 2478 1966 2539 illis
1995 2477 2232 2551 verbis,
2268 2475 2400 2538 Alii
2432 2484 2638 2535 autem
2667 2473 3011 2554 afﬁrmant,
3043 2471 3272 2550 incipit
3307 2473 3680 2550 discrepan-

429 2566 1025 2647 tia.Nempe,«Alii
1054 2579 1268 2634 autem
1300 2572 1614 2636 aflirmant
1641 2598 1668 2630 η
1701 2574 1941 2653 (Latina
1973 2575 2269 2636 versione
2303 2579 2471 2644 utor,
2508 2587 2701 2650 quam
2731 2569 2958 2631 doctus
2995 2568 3376 2644 peritusque
3411 2567 3675 2646 lingua-

427 2679 569 2729 rum
599 2658 1039 2743 Orientalium,
1069 2670 1434 2734 consodalis
1473 2687 1684 2748 meus,
1712 2671 2082 2734 Bonifacius
2117 2671 2410 2733 Finettus
2431 2667 2789 2746 adornavit)
2834 2690 2863 2723 ιι
2890 2684 3036 2731 eum
3073 2667 3328 2744 preprie
3357 2666 3682 2729 obdormi-

425 2761 639 2833 visse,
677 2779 796 2824 seu
828 2773 1151 2828 mortuum
1202 2783 1372 2828 esse.
1413 2767 1663 2829 Etenim
1691 2777 1832 2846 post
1878 2767 2314 2832 Domitianum
2351 2763 2691 2844 imperavit
2749 2765 2954 2825 Nerva
3008 2778 3254 2824 annum
3295 2779 3519 2836 unum,
3560 2764 3676 2843 qui

423 2852 734 2914 Joannem
767 2869 847 2915 ex
879 2855 1090 2918 insula
1123 2857 1338 2921 Patmo
1381 2869 1770 2934 revocatum,
1803 2861 2096 2940 permisit
2129 2861 2415 2924 habitare
2447 2859 2846 2939 Ephesi.Hic
2876 2875 3021 2922 cum
3051 2857 3230 2920 solus
3259 2875 3338 2921 ex
3371 2859 3676 2921 omnibus

423 2945 767 3026 discipulis
802 2957 1135 3028 superstes
1169 2955 1605 3029 remansisset,
1639 2973 1916 3035 cumque
1964 2960 2330 3039 scripsisset
2388 2956 2839 3037 Evangelium,
2869 2957 2935 3017 in
2975 2971 3122 3034 pace
3154 2955 3428 3035 quievit.
3469 2976 3499 3011 η
3534 2957 3676 3032 Qua

424 3048 504 3110 de
544 3065 610 3110 re
645 3049 911 3111 Eusebii
959 3050 1400 3114 testimonium
1432 3053 1775 3116 adducitur
1805 3055 1872 3117 in
1901 3057 2207 3118 Historia?
2241 3054 2482 3116 Eccles.
2511 3053 2680 3116 libro
2715 3071 2805 3127 ur,
2843 3052 3048 3130 capite
3083 3053 3114 3112 1
3150 3060 3212 3114 et
3243 3053 3344 3128 31,
3387 3052 3676 3133 itemque

424 3142 778 3222 Polycratis
807 3145 1239 3224 Ephesiorum
1272 3149 1560 3227 episcopi
1600 3149 1769 3228 apud
1794 3149 2006 3228 ipsum
2038 3152 2398 3215 Eusebium
2439 3151 2604 3213 libro
2638 3169 2701 3225 v,
2735 3149 2942 3229 capite
2969 3147 3071 3222 Ωιι,
3107 3164 3180 3210 ac
3209 3148 3469 3212 demum
3505 3150 3585 3211 Hi
3598 3167 3672 3228 p-

411 3239 632 3319 polyti
669 3243 967 3314 Romani,
1027 3262 1147 3307 seu
1179 3245 1581 3319 Portuensis,
1616 3246 1683 3308 iu
1712 3247 2027 3325 opusculo
2056 3249 2144 3310 De
2169 3247 2626 3328 pradicatione
2672 3256 2731 3309 et
2785 3245 2961 3309 obitu
2989 3244 3453 3324 apostolorum,
3497 3244 3673 3324 quod

427 3337 714 3417 vulgavit
745 3340 1055 3421 uotisque
1081 3341 1434 3405 illustravit
1457 3343 1838 3406 Franciscus
1872 3346 2313 3409 Combefisius.
2358 3347 2435 3406 Hi
2475 3360 2700 3408 omnes
2734 3343 2853 3406 vita
2880 3341 3116 3420 Ephesi
3149 3342 3463 3423 migrasse
3484 3344 3675 3406 Joan-

427 3450 575 3496 nem
605 3442 944 3499 testantur.

501 3531 649 3593 Haec
708 3532 902 3594 tri-um
935 3534 1197 3594 testium
1255 3534 1424 3596 dicta
1479 3535 1726 3597 ibidem
1757 3535 1822 3597 in
1857 3534 2123 3598 homilia
2183 3536 2425 3615 excipit
2463 3535 2919 3614 interpretatio
2943 3535 3010 3596 in
3060 3533 3396 3614 Evangelii
3429 3533 3669 3606 locum,

424 3625 607 3702 Quod
634 3627 691 3688 si
708 3645 844 3687 eum
871 3629 1011 3690 volo
1041 3647 1310 3702 manere,
1341 3646 1488 3709 qum
1528 3629 1839 3692 tribuitur
1870 3630 2165 3704 Caesarie,
2187 3633 2485 3712 Gregorii
2521 3631 2908 3695 Nazianzeni
2954 3630 3159 3706 fratri,
3189 3633 3252 3692 in
3278 3629 3670 3706 Quwstioni-

424 3723 538 3784 bus
568 3723 704 3785 sive
733 3723 1014 3805 Dialogis
1045 3745 1108 3788 iv
1127 3725 1395 3788 derebus
1423 3727 1749 3805 gravibus.
1780 3727 2069 3789 Prostaut
2101 3729 2166 3791 hi
2211 3729 2280 3791 in
2315 3729 2736 3809 Lugdunensi
2765 3728 3158 3791 Bibliotheca
3193 3729 3470 3802 Patrum,
3507 3733 3554 3788 t.
3589 3727 3666 3788 V.

422 3822 491 3884 in
545 3821 672 3884 ﬁne
730 3820 968 3899 dialogi
1021 3839 1092 3884 ιιι
1135 3823 1266 3886 haec
1320 3824 1640 3904 habentur
1671 3866 1688 3899 ,
1745 3840 1892 3903 qum
1938 3833 2087 3886 sunt
2134 3827 2358 3888 eadem
2423 3825 2490 3887 in
2549 3825 2818 3888 homilia
2851 3849 2865 3886 :
2900 3848 2931 3880 α
2972 3825 3312 3899 Quomodo
3363 3827 3547 3885 Petro
3588 3823 3670 3884 de

419 3919 670 3980 Joanne
727 3919 1125 3998 evangelista
1156 3919 1310 3983 dicit
1346 3919 1688 3994 Dom'inus,
1746 3919 1932 3996 Quod
1969 3921 2028 3983 si
2053 3922 2313 3984 voluero
2337 3922 2542 4002 ipsum
2575 3939 2844 3997 manere,
2891 3920 3085 3982 donec
3117 3922 3382 3991 veniam,
3406 3918 3559 3999 quid
3588 3918 3675 3980 ad

422 4014 606 4077 te?id
644 4015 815 4095 quod
841 4015 1102 4092 indicat,
1129 4019 1344 4098 ipsum
1378 4019 1594 4083 vivere
1623 4036 1831 4100 usque
1851 4019 1930 4082 ad
1967 4017 2184 4082 saeculi
2209 4015 2852 4080 consummationem.
2885 4017 3072 4076 Resp.
3117 4015 3257 4092 ipse
3287 4015 3566 4076 Joannes
3598 4012 3670 4076 in

426 4113 780 4191 Evangelio
815 4130 936 4176 suo
968 4113 1033 4174 id
1071 4115 1235 4178 circa
1271 4116 1461 4178 finem
1490 4116 1862 4188 declaravit,
1920 4114 2144 4177 dicens
2179 4131 2192 4176 :
2224 4115 2468 4176 Etcum
2505 4112 2880 4186 dixissetsi,
2911 4111 3031 4174 hoc
3053 4119 3143 4174 est
3173 4112 3381 4183 Petro,
3412 4129 3671 4190 sequere

416 4226 510 4268 me
544 4229 564 4269 :
595 4226 932 4271 conversus
960 4220 1168 4272 autem
1198 4212 1447 4287 Petrus,
1482 4220 1640 4274 etc.:
1680 4211 2211 4290 quandoquidem
2237 4211 2410 4272 enim
2435 4209 2616 4289 ipsos
2645 4209 2962 4287 piscantes
2997 4209 3373 4283 offenderat,
3410 4211 3668 4271 Petrum

418 4306 753 4367 admonuit
817 4312 887 4368 ut
923 4322 993 4368 se
1031 4315 1435 4388 sequeretur.
1485 4307 1985 4370 Volebatautem
2016 4307 2130 4368 ille
2168 4313 2229 4369 et
2261 4304 2783 4385 condiscipulum
2816 4320 2942 4366 una
2965 4303 3290 4382 cumipsis
3322 4303 3666 4383 proﬁcisci,

419 4399 706 4481 dicitque
737 4402 817 4464 ad
849 4404 1072 4466 Iesum
1119 4427 1133 4466 :
1173 4405 1462 4479 Domine,
1526 4403 1628 4466 hic
1659 4413 1866 4465 autem
1919 4402 2112 4481 quid?
2139 4403 2344 4476 Quem
2391 4399 2684 4462 indicare
2744 4399 2966 4480 volens
2987 4401 3204 4473 Jesus,
3237 4399 3472 4463 debere
3492 4401 3668 4477 apud

419 4513 590 4560 mare
624 4514 883 4561 manere
916 4498 1003 4582 (in
1040 4499 1417 4581 piscatione)
1446 4500 1658 4578 inquit
1704 4500 1813 4562 :Si
1841 4497 2099 4562 voluero
2123 4501 2330 4578 ipsum
2351 4514 2611 4560 manere.
2634 4497 2730 4578 (ad
2767 4495 3172 4577 piscandum)
3197 4495 3392 4559 donec
3422 4497 3673 4560 veniam

418 4595 582 4676 (sive
607 4597 734 4660 huc
776 4597 1109 4678 revertar),
1139 4598 1291 4678 quid
1317 4599 1401 4661 ad
1431 4600 1576 4661 te?»

496 4718 748 4799 Dialogi
783 4723 922 4783 loco
983 4720 1174 4784 citato
1208 4721 1272 4783 in
1313 4720 1710 4784 Bibliotheca
1744 4724 1996 4783 Patrum
2027 4719 2304 4784 Caesarie
2335 4719 2740 4790 tribuuntur,
2794 4733 2975 4796 «quo
3009 4725 3298 4798 tempore
3330 4735 3364 4782 a
3397 4716 3670 4781 secretis

417 4823 575 4892 erat,
607 4824 670 4880 et
695 4817 1255 4894 Constantinopoli
1288 4817 1527 4880 docens
1569 4817 1798 4897 viginti
1826 4830 2031 4878 annos
2061 4812 2596 4874 commorabatur.
2625 4833 2652 4865 »
2679 4810 2748 4870 In
2792 4807 3063 4872 homilia
3087 4811 3181 4874 sic
3212 4810 3448 4890 legitur
3477 4831 3491 4870 :
3518 4821 3667 4874 Και-

419 4925 607 4994 σάριος
637 4923 936 4996 ἐρωτηθεὶς
957 4923 1014 4976 ἐν
1045 4922 1617 4978 Κωνσταντινουπόλει
1657 4924 1748 4976 ἐπὶ
1785 4920 1992 4991 συκρέτι

2097 4915 2398 4987 [σεκρέτοιὴ
2438 4915 2567 4985 περὶ
2595 4915 2809 4982 τούτου,
2843 4909 3158 4972 Caesarius
3229 4911 3670 4985 interrogatus

416 5011 489 5074 de
511 5014 626 5074 hoc
653 5011 956 5092 privatim
987 5019 1046 5072 et
1073 5010 1503 5089 familiariter,
1523 5009 1873 5089 respondit.
1899 5010 1989 5070 Vo

2097 5027 2104 5066 ἱ
2138 5003 2265 5072 illae
2298 5013 2666 5084 ἐπισικρίτου,
2697 5022 2816 5074 seu
2852 5015 3236 5086 ὲπισεκρέτου,
3267 5001 3670 5084 conjunctiru

418 5116 714 5187 sumpta),
738 5106 1289 5182 secretarium,vel
1324 5126 1362 5166 a
1404 5107 1659 5168 secretis
1696 5105 2057 5184 signiﬁcant
2097 5113 2202 5167 :at
2229 5115 2448 5168 nostro
2478 5108 2542 5168 in
2593 5107 2814 5171 codice
2842 5105 3216 5186 disjunctim
3263 5101 3670 5172 scribuntur,

415 5222 486 5266 ac
521 5203 886 5284 signiﬁcant
933 5210 1200 5278 secreto,
1231 5219 1347 5264 seu
1370 5202 1700 5282 privatim,
1735 5211 1794 5263 et
1831 5202 2259 5282 [antiliart'ter,
2285 5203 2629 5266 scitissime
2682 5204 3026 5266 adnotante
3088 5205 3274 5263 Petro
3328 5194 3672 5260 Lambecio

418 5301 585 5362 libro
616 5319 708 5372 iv,
743 5317 886 5378 pag.
917 5300 1020 5368 37,
1055 5298 1166 5360 ubi
1201 5306 1449 5369 castora,
1482 5316 1626 5376 qua:
1663 5306 2052 5377 sequuntur,
2104 5297 2296 5360 verba
2325 5298 2588 5378 corrigit
2617 5321 2632 5359 :
2663 5315 2735 5362 ac
2760 5315 2926 5376 opus
2974 5295 3164 5371 illud,
3200 5294 3397 5358 veluti
3431 5290 3677 5372 genui.—

416 5415 572 5460 num
611 5395 866 5459 Ctesa-rii
897 5394 1123 5468 fetum,
1149 5394 1343 5456 multa
1366 5394 2055 5457 vindicateruditione.

493 5497 594 5557 51.
629 5497 727 5556 An
770 5510 923 5555 vero
985 5493 1116 5555 haec
1147 5493 1670 5573 TheOphylactus
1709 5493 2169 5555 Commentario
2211 5507 2332 5554 suo
2357 5491 2425 5554 in
2453 5493 2758 5554 Joannem
2787 5490 3068 5552 secunda
3091 5504 3282 5550 manu
3317 5484 3668 5560 addiderit,

415 5607 818 5670 suorumque
841 5591 1457 5653 Commentario-rum
1500 5591 1564 5652 in
1607 5591 1946 5671 Evangelia
1989 5599 2198 5669 partes
2230 5591 2396 5666 illas,
2441 5591 2502 5653 in
2539 5590 2778 5670 quibus
2806 5589 3014 5668 agitur
3051 5588 3130 5650 de
3187 5583 3671 5648 resurrectione

417 5688 703 5756 Domini,
732 5687 799 5753 in
834 5689 1135 5750 undecim
1183 5687 1518 5767 prmdictas
1579 5687 1880 5766 homilias
1914 5689 2275 5767 redegerit?
2300 5690 2548 5749 Pronus
2579 5686 2751 5748 feror
2781 5693 2848 5748 ut
2874 5685 3189 5764 judicem,
3237 5680 3670 5760 posteriOrem

417 5784 786 5863 quempiam
817 5787 1108 5849 Graecum
1164 5793 1298 5847 tum
1336 5786 1646 5848 Homilies
1681 5787 1745 5846 in
1767 5785 2055 5846 undecim
2090 5787 2405 5864 evangelia
2441 5785 2752 5845 matutina
2785 5781 3291 5844 Resurrectionis
3329 5797 3409 5846 et
3441 5778 3673 5838 Theo.-

415 5878 694 5959 phylacti
752 5883 1248 5947 Commentariis
1303 5882 1812 5962 transcripsisse,
1863 5894 1997 5946 tum
2047 5893 2428 5962 postremam
2466 5881 2802 5946 iuvectaiu
2841 5879 3130 5960 ejusdem
3180 5874 3652 5955 'l‘heophvlacti
