3984 6584
309 406 374 469 53
1107 402 1205 466 DE
1243 403 1825 466 THEOPHYLACTI
1861 403 2132 464 GESTIS
2175 403 2266 463 ET
2308 402 2673 463 SCRIPTIS.
3467 397 3541 462 53»

311 516 505 575 locum
538 511 1042 592 interpolatione
1093 514 1383 577 auxisse.
1414 517 1532 576 Pro
1571 530 1747 578 more
1782 531 1900 578 suo
1946 517 2263 596 Bulgarus
2295 512 2826 593 archiepiscopus
2858 511 3063 575 varias
3090 509 3368 573 aliorum
3411 515 3548 592 epi-

309 613 525 674 niones
582 608 775 672 refert
821 611 887 672 in
919 612 1412 687 Commentario,
1445 630 1516 675 ac
1549 611 1800 689 praefert
1830 610 1927 672 eis
1971 612 2241 674 Joannis
2273 608 2717 691 Chrysostomi
2766 609 3267 687 expositionem.
3312 609 3544 672 Contra

311 723 538 769 morem
565 705 740 769 hunc
776 707 1078 780 inseruit,
1112 726 1181 770 ac
1216 709 1489 783 addidit,
1523 707 1772 770 scilicet
1795 707 2240 782 interpolator,
2269 705 2640 770 testimonia
2673 704 3051 776 Eusebii,et
3075 704 3450 785 Polycratis,
3488 714 3548 767 et
3647 696 3650 700 ί

308 803 633 882 Hippolyti
666 802 745 864 de
777 809 982 868 morte
1034 803 1303 865 Joannis
1362 803 1836 883 evangelista:
1877 818 2241 882 novamque
2297 802 2544 866 invexit
2596 800 2856 864 Caesarii
2908 801 3541 880 interpretationem.

306 903 458 961 Tum
501 915 655 961 vero
682 901 1190 968 confirmationis
1235 900 1374 964 loco
1411 901 1669 964 adnotat
1707 922 1722 961 :
1761 901 1829 962 in
1860 898 2085 962 multis
2114 898 2360 978 pluries
2394 914 2642 961 errasse
2675 895 3035 974 discipulos
3074 895 3245 958 circa
3274 897 3549 958 interro-

305 997 580 1076 gationes
628 996 872 1059 Christi
904 1004 960 1057 et
993 998 1696 1077 responsiones.Atque
1753 997 2019 1066 demum
2074 993 2452 1072 opinionem
2510 994 2710 1067 illam,
2759 1009 2952 1073 quam
3004 992 3312 1072 superius
3345 991 3551 1053 Theo-

307 1093 638 1171 phylactus
677 1099 1174 1166 memoraverat,
1199 1100 1262 1154 et
1292 1091 1354 1154 in
1402 1093 1614 1155 medio
1647 1092 2020 1174 reliquerat,
2065 1092 2143 1156 de
2185 1092 2432 1154 Joanne
2487 1088 2886 1167 evangelista
2923 1088 3000 1150 ad
3030 1086 3549 1149 annuntiandum
3645 1107 3652 1114 ·

307 1187 537 1249 Christi
595 1189 943 1250 adventum
1001 1204 1147 1251 cum
1214 1187 1480 1256 Henoch
1507 1196 1568 1250 et
1595 1189 1734 1252 Elia
1780 1188 1948 1252 inter
1982 1189 2163 1252 vivos
2217 1194 2569 1258 asservato,
2605 1194 2783 1250 vocat
2811 1187 2886 1249 ad
2928 1202 3198 1249 examen
3235 1202 3550 1264 :eamque

306 1283 540 1346 refellit
576 1285 784 1364 ipsius
828 1286 1096 1349 Joannis
1137 1285 1514 1350 testimonio
1540 1287 1603 1348 in
1636 1286 2025 1368 Apocalypsi
2060 1285 2272 1364 capite
2323 1303 2417 1359 xi,
2448 1289 2506 1358 ᾖ.
2540 1284 2578 1346 3
2614 1293 2676 1346 et
2709 1301 2923 1364 seqq.,
2985 1281 3096 1345 ubi
3141 1281 3412 1344 duorum
3448 1297 3553 1342 so-

307 1380 636 1443 lummodo
669 1382 922 1442 testium
972 1381 1216 1444 mentio
1256 1390 1372 1445 est.
1414 1382 1558 1446 Haec
1587 1399 1741 1445 sane
1779 1383 2151 1446 methodum
2175 1398 2206 1443 a
2233 1381 2717 1461 TheOphylacto
2765 1378 3290 1445 constantissime
3321 1376 3550 1442 obser-

305 1483 504 1536 vatam
541 1476 811 1538 minime
845 1478 1131 1555 sapiunt.
2142 1545 2144 1547 .
2912 1465 2923 1476 ’

371 1573 702 1635 Postrema
735 1586 1103 1653 sequuntur
1133 1575 1474 1655 Evangelii
1505 1577 1869 1640 secundum
1891 1577 2204 1638 Joannem
2235 1575 2550 1635 commata
2566 1569 2698 1634 duo
2725 1592 2741 1632 :
2784 1571 2906 1636 Hic
2924 1579 3012 1632 est
3047 1569 3400 1649 discipulus
3421 1569 3550 1642 ille,

299 1669 402 1748 qui
441 1669 870 1731 testimonium
894 1671 1183 1749 perhibet
1204 1669 1422 1747 dehis,
1452 1680 1574 1735 etc.
1600 1671 1850 1742 Gravis,
1885 1687 1956 1734 ac
1986 1668 2217 1741 solida,
2251 1672 2314 1730 et
2338 1665 2650 1728 historica
2680 1664 2748 1728 in
2784 1666 3249 1729 commentario
3315 1663 3556 1744 legitur

300 1764 746 1850 interpretatio
779 1788 796 1827 :
838 1770 1153 1832 Joannem
1185 1771 1266 1833 de
1292 1771 1513 1848 seipso
1564 1767 1909 1850 perhibere
1949 1762 2423 1838 testimonium,
2454 1778 2602 1826 cum
2630 1761 2690 1824 id
2714 1761 3556 1840 [XXIV1evangelistarum

298 1859 466 1922 alius
501 1861 709 1938 egerit
735 1879 924 1925 nemo
960 1881 974 1925 :
1021 1871 1418 1944 postremum
1462 1863 1695 1937 fuisse,
1733 1863 1850 1944 qui
1880 1859 2308 1940 Evangelium
2337 1859 2674 1935 scriberet,
2699 1875 2734 1922 a
2770 1860 3027 1924 Christo
3062 1858 3408 1922 excitatum
3445 1879 3462 1919 :
3493 1866 3556 1920 et

299 1954 461 2019 hanc
494 1957 578 2018 ob
614 1975 874 2023 causam
923 1977 1094 2040 sape
1143 1961 1518 2028 dilectionis
1561 1960 1964 2029 meminisse,
1999 1955 2372 2038 quaipsum
2415 1955 2683 2018 divinus
2733 1954 3038 2034 Magister
3072 1955 3322 2018 ratione
3356 1971 3556 2033 pecu-

299 2050 443 2113 liari
497 2052 806 2133 dignatus
850 2055 1086 2120 fuerat.
1140 2058 1287 2123 Alia
1319 2066 1416 2122 est
1465 2058 1793 2138 expositio
1825 2055 1894 2118 in
1929 2051 2202 2117 homilia
2259 2068 2404 2132 qua
2449 2050 2734 2114 violenta
2800 2051 2957 2113 satis
3010 2050 3308 2114 videtur:
3345 2052 3555 2130 «Ego,

300 2146 671 2226 discipulus
709 2149 818 2213 ille
849 2167 884 2212 a
915 2152 1191 2216 Domino
1221 2153 1524 2229 dilectus,
1562 2161 1624 2215 et
1652 2153 1766 2234 qui
1800 2151 2096 2225 recubuit
2119 2165 2321 2229 super
2351 2157 2575 2228 pectus
2626 2149 3064 2222 Dominicum,
3118 2148 3430 2212 conﬁrmo
3456 2165 3557 2209 me

299 2257 446 2302 esse
477 2240 862 2306 moriturum
893 2244 1079 2325 juxta
1121 2252 1366 2312 natura
1417 2247 1648 2328 legem.
1674 2248 1792 2310 Vel
1829 2248 2016 2312 aliter
2065 2265 2078 2309 :
2125 2245 2238 2308 Ille
2264 2245 2342 2308 ab
2371 2244 2687 2323 apostolis
2750 2244 3157 2323 pradicatus,
3218 2245 3394 2323 quod
3427 2259 3560 2306 non

303 2343 476 2398 esset
525 2338 899 2416 moriturus,
935 2341 990 2402 is
1015 2341 1154 2421 ipse.
1192 2349 1312 2419 est,
1345 2344 1458 2423 qui
1507 2343 1953 2412 testimonium
2009 2341 2305 2424 perhibet
2340 2340 2420 2404 de
2471 2339 2599 2403 his.
2637 2363 2668 2398 ιν
2706 2338 3266 2418 Interpretationis
3325 2355 3561 2402 conve-

302 2431 620 2496 nientiam
653 2451 845 2502 nemo
866 2435 1076 2500 videat
1104 2437 1323 2506 ullam.
1361 2442 1602 2504 Caetera
1634 2448 1786 2504 sunt
1816 2441 1884 2503 in
1916 2438 2380 2507 commentario
2415 2439 2674 2520 egregie
2694 2438 2884 2513 dicta,
2912 2446 2974 2500 et
3006 2437 3231 2502 latiore
3260 2453 3560 2500 sermone

303 2529 624 2608 exposita.
660 2533 824 2595 Sunt
873 2549 1024 2596 vero
1059 2533 1252 2612 levia,
1290 2553 1436 2616 qua)
1465 2537 1783 2600 habentur
1815 2539 1879 2601 in
1926 2537 2218 2609 homilia,
2252 2552 2324 2598 ac
2377 2535 2559 2597 humi
2611 2541 2870 2615 repunt,
2927 2535 3282 2616 paucisque
3342 2534 3563 2598 verbis

305 2625 970 2705 comprehenduntur.
1005 2631 1237 2693 Fetura
1267 2632 1468 2695 Grmci
1511 2634 1851 2714 cujusdam
1888 2633 2298 2710 recentioris,
2332 2633 2396 2696 ni
2426 2631 2640 2709 fallor,
2677 2632 2954 2696 maxime
2991 2640 3276 2713 apparet.

1854 2801 2012 2868 XIV.

306 2959 660 3043 Domitiam
682 2960 752 3021 in
770 2959 1211 3043 adorationem
1234 2961 1600 3043 veneranda
1622 2961 1832 3023 crucis
1863 2960 2064 3043 medio
2098 2961 2503 3043 Jejuniorum
2545 2973 2822 3043 tempore
2845 2961 3058 3043 Graece
3083 2970 3138 3043 et
3169 2960 3400 3043 Latine
3418 2960 3562 3043 ivul-

379 3039 564 3117 gavit
601 3038 876 3100 Iacobus
934 3039 1268 3103 Gretserus
1309 3041 1481 3102 :alia
1503 3041 1833 3104 iulsancta
1865 3041 2090 3103 Maria
2137 3038 2686 3104 Prascntationem
2707 3045 2776 3105 in
2803 3041 3030 3116 templo
3071 3039 3294 3102 Latine
3327 3039 3497 3101 edita
3524 3060 3563 3098 a

383 3118 740 3198 francisco
791 3117 1600 3198 CormbeﬁsiotFragmenta
1643 3119 1926 3198 epistola
1967 3118 2049 3180 ad
2103 3118 2438 3182 Nicolaum
2483 3119 2820 3182 diaconum
2864 3130 2920 3181 et
2956 3119 3364 3198 constrisium
3388 3119 3563 3197 apud

381 3195 840 3278 Leunclacium
863 3197 929 3259 in
956 3195 1114 3278 lure
1155 3195 1696 3278 Graec-Romano
1751 3221 1771 3259 :
1806 3199 2054 3278 integra
2083 3216 2228 3258 vero
2259 3208 2466 3260 exstat
2490 3200 2559 3264 in
2593 3199 2803 3278 codice
2840 3197 3354 3278 Vindoboncrtsi.
3381 3195 3558 3260 Vocis
3633 3240 3640 3244 τ

384 3299 422 3330 α
451 3277 827 3338 οαπεινίεἰί»
861 3274 1230 3354 explicatio.
1269 3277 1348 3337 In
1382 3278 1590 3339 eadem
1647 3274 1955 3340 contineri]

382 3354 628 3416 bantur
657 3355 984 3416 onuscula.

1986 3293 2054 3340 ur
2078 3279 2256 3338 varia
2301 3297 2433 3356 qua
2489 3277 2661 3355 apud
2691 3277 3167 3358 bibliographos
3202 3275 3559 3356 distinguo-

435 3363 628 3416 antur
657 3363 984 3434 opuscula.

385 3499 495 3561 52.
533 3497 629 3560 Ad
655 3497 805 3574 alia,
848 3517 994 3578 quae
1023 3502 1185 3564 sacri
1215 3503 1580 3580 argumenti
1602 3510 1755 3565 sunt
1779 3500 2121 3581 Opuscula,
2156 3502 2552 3563 recensenda
2591 3517 2958 3570 sermonem
2993 3507 3323 3565 converto.
3354 3501 3572 3562 Homi-

315 3595 468 3656 liam
498 3594 569 3655 in
594 3593 1030 3658 adorationem
1063 3595 1430 3660 veneranda
1466 3597 1674 3660 crucis
1698 3597 1897 3660 medio
1927 3599 2335 3679 Jejuniorum
2366 3607 2666 3679 tempore,
2722 3599 3072 3679 descripsit
3104 3615 3186 3662 ex
3231 3599 3569 3662 Bavarico-

315 3690 759 3752 Monachiensi
789 3693 1007 3756 codice
1059 3693 1338 3756 Jacobus
1398 3695 1773 3769 Gretserus,
1840 3693 2064 3758 Latine
2101 3694 2316 3770 vertit,
2358 3693 2776 3774 vulgavitque
2807 3695 3024 3756 Greece
3051 3700 3115 3758 et
3145 3693 3367 3756 Latine
3393 3701 3566 3755 tomo

315 3788 367 3849 II
401 3788 491 3848 De
519 3795 742 3849 sancta
801 3805 1008 3863 cruce,
1040 3806 1111 3852 ac
1140 3791 1336 3853 etiam
1381 3790 1554 3854 notis
1602 3789 1971 3855 illustravit.
2005 3791 2288 3853 Adnotat
2321 3790 2491 3852 idem
2548 3791 2898 3854 Gretserus
2936 3790 3106 3854 libro
3134 3809 3180 3866 ι,
3213 3791 3418 3870 capite
3449 3792 3550 3863 67,

318 3883 509 3944 tertia
533 3883 863 3945 Dominica
909 3882 1412 3964 Quadragcsima
1451 3903 1638 3967 agere
1662 3888 1914 3952 Graecos
1946 3888 2119 3954 diem
2153 3887 2418 3967 festum,
2445 3906 2864 3969 quocrucem
2899 3889 3293 3952 adorandam
3331 3905 3568 3968 propo-

318 3986 482 4040 nunt
513 3996 590 4042 eo
620 3978 754 4042 fere
810 3984 1002 4043 modo
1065 3998 1196 4061 quo
1236 3983 1441 4048 Latini
1484 4002 1738 4048 crucem
1777 3986 1856 4047 ad
1887 3985 2336 4048 adorationem
2374 3985 2518 4064 ipso
2575 3985 3024 4057 sacratissima!
3055 3986 3440 4049 ParaSceves
3464 3985 3571 4047 die

318 4085 679 4156 exponunt.
731 4078 1020 4142 Bituales
1067 4081 1438 4146 Grmcorum
1498 4081 1697 4144 libros
1750 4083 1956 4157 affert,
1983 4082 2244 4145 Librum
2282 4084 2504 4146 Sancti
2532 4083 2704 4146 Saba
2752 4092 2813 4145 et
2861 4084 3193 4158 Triodium
3223 4104 3244 4145 :
3288 4085 3570 4162 citatque

317 4176 674 4254 Georgium
711 4177 1027 4249 Codinum
1056 4178 1512 4259 curopalatam,
1549 4187 1609 4242 et
1640 4182 1856 4244 Patres
1893 4195 2173 4259 quorum
2211 4178 2502 4243 homilia
2531 4179 2598 4242 in
2634 4178 2754 4244 hoc
2791 4179 3028 4242 festum
3052 4187 3328 4256 exstant,
3371 4178 3574 4257 Chry-

320 4281 707 4347 sostomum,
742 4273 1204 4352 Sephronium,
1232 4275 1644 4340 Theodorum
1685 4279 2027 4352 Studitam,
2080 4279 2474 4342 Germanum
2530 4277 2956 4358 patriarcham
2984 4279 3570 4357 ConstantinOpol.,

320 4369 758 4444 Philotheum,
784 4363 1222 4452 Xiphilinum,
1247 4373 1820 4456 Theophylactum.
1861 4374 2152 4456 Simplici
2175 4390 2331 4439 voce
2362 4373 2722 4454 appellatur
2759 4376 2932 4456 apud
2963 4375 3284 4439 Codinum
3339 4400 3570 4454 σταυρο-

321 4479 723 4547 πρςσκύνηςις.
756 4469 889 4530 Hoc
922 4483 1092 4530 anno
1123 4469 1276 4532 1753
1331 4469 1693 4534 celebratur
1741 4472 1848 4534 die

2006 4472 2248 4549 Martii,
2282 4473 2454 4555 stylo
2485 4473 2734 4537 scilicet
2766 4475 3003 4548 veteri;
3030 4475 3217 4553 juxta
3234 4473 3571 4554 Gregorio-

324 4581 469 4628 nam
510 4584 668 4630 vero
699 4564 1196 4635 correctionem,
1229 4565 1336 4629 die
1374 4566 1454 4628 25
1483 4565 1777 4646 ejusdem
1831 4570 2097 4631 mensis.

401 4663 687 4725 Homilia
712 4663 782 4724 in
819 4671 1046 4724 sancta
1076 4664 1298 4726 Maria
1331 4663 1892 4726 Prasentationem
1916 4667 1981 4728 in
2005 4665 2260 4746 templo,
2293 4669 2517 4732 Latine
2562 4667 2891 4741 translata,
2930 4674 3143 4732 exstat
3179 4667 3352 4746 apud
3386 4667 3570 4730 Com-

325 4758 820 4822 beﬁsiumtomo
851 4759 998 4821 VIII
1026 4759 1427 4822 Bibliotheca
1458 4761 1946 4822 concionatoria
1985 4764 2051 4824 in
2083 4765 2412 4828 mantissa.
2443 4769 2512 4829 ln
2548 4766 2894 4846 opusculo,
2927 4765 3031 4829 cui
3063 4765 3570 4838 titulus,Recen-

325 4857 436 4919 siti
463 4865 757 4917 auctores
786 4854 1188 4918 Bibliotheca
1219 4853 1485 4916 Patrum
1510 4857 2018 4932 concionatoria,
2061 4859 2244 4922 edito
2310 4860 2578 4924 Parisiis
2613 4862 2791 4936 1662,
2825 4861 2921 4923 sic
2941 4861 3030 4925 ait
3061 4859 3357 4924 laudatus
3389 4861 3574 4922 Com-

328 4953 634 5015 beﬁsius:
692 4955 970 5016 «Frater
1021 4953 1279 5032 vulgata
1311 4952 1773 5033 TheOpbylacti
1814 4954 2026 5033 Opera
2064 4955 2241 5021 venit
2277 4957 2346 5020 in
2379 4974 2635 5028 manus,
2681 4974 2826 5021 cum
2883 4974 3047 5036 pene
3081 4956 3157 5018 ad
3193 4953 3572 5019 umbilicum

329 5056 622 5130 vergeret
651 5049 1042 5112 Bibliotheca
1069 5051 1204 5115 hac
1236 5050 1498 5112 Patrum
1525 5051 2024 5125 concionatoria,
2059 5068 2136 5114 ex
2170 5068 2289 5115 ms.
2352 5054 2574 5117 codice
2609 5055 2686 5115 V.
2723 5053 2804 5116 cl.
2854 5051 3198 5131 Raphaelis
3252 5048 3577 5113 Dufresne

332 5156 423 5211 τοῦ
457 5155 788 5228 μακαρίτου,
814 5148 1016 5209 oratio
1045 5147 1225 5210 illius
1251 5147 1500 5210 erudita
1528 5147 1758 5226 piaque
1791 5147 1859 5209 in
1884 5155 2112 5208 sancta
2141 5148 2366 5211 Maria
2409 5150 2955 5228 prasentationem
2976 5151 3044 5210 in
3075 5149 3325 5228 templo,
3353 5147 3575 5212 multis

337 5259 411 5305 eo
438 5249 819 5323 argumento
853 5244 1082 5306 merito
1131 5243 1544 5322 praeferenda,
1579 5259 1772 5323 quam
1826 5248 2154 5320 postremo
2184 5260 2298 5322 per
2321 5245 2691 5306 mantissam
2745 5245 3326 5322 repraesentandam
3378 5243 3574 5306 duxi-

332 5355 497 5402 mus.
522 5362 552 5397 »
576 5339 731 5418 Ejus
757 5338 948 5402 etiam
979 5339 1165 5402 verba
1199 5357 1324 5402 non
1367 5339 1964 5419 praterierim,qum
1986 5339 2266 5420 legimus
2295 5339 2360 5403 in
2392 5339 2880 5404 Prafatiuncula
2912 5342 2988 5405 ad
3028 5342 3393 5404 mantissam
3420 5341 3572 5403 tomé

337 5437 468 5497 VIII
502 5435 906 5498 Bibliotheca
946 5436 1456 5511 concionatoria,
1491 5458 1520 5494 αι
1549 5439 1728 5510 Sero,
1771 5436 2162 5516 inquientis,
2215 5438 2500 5500 advectis
2537 5455 2616 5499 ex
2664 5438 2870 5514 Italia,
2935 5439 3058 5502 viri
3095 5440 3173 5502 cl.
3226 5439 3574 5519 Raphaelis

338 5531 656 5594 Tronchet
691 5529 1036 5606 Dufresne,
1075 5533 1593 5612 Burdegalensis,
1625 5541 1720 5597 τοῦ
1759 5542 2090 5612 μακαρίτου,
2130 5534 2304 5594 curis
2334 5551 2405 5595 ac
2436 5533 2722 5611 solertia,
2747 5552 2898 5599 mss.
2933 5535 3573 5608 Graeciscodicibus,

340 5645 458 5691 nec
485 5629 732 5706 paucis,
766 5646 884 5692 nec
919 5630 1337 5704 spernendis;
1371 5648 1445 5693 ac
1473 5631 1625 5693 dum
1653 5633 1794 5710 ejus
1833 5631 2248 5692 bibliotheca
2278 5628 2620 5692 licitationi
2645 5633 2970 5712 catalogus
3004 5634 3175 5713 typis
3211 5633 3568 5703 mandatur,

343 5725 680 5786 immatura
740 5724 1049 5787 hactenus
1123 5725 1304 5786 libris
1365 5727 1688 5790 teneriore
1746 5727 1958 5807 ipsius
1986 5725 2403 5806 prole;facta
2469 5730 2884 5808 propensius,
2919 5745 3254 5812 generosae
3282 5726 3577 5808 conjugis

356 5819 746 5886 humanitate
775 5839 845 5886 ac
878 5821 1123 5886 liberali
1186 5823 1434 5897 indole',
1489 5841 1710 5887 corum
1754 5824 2064 5901 tantisper
2111 5820 2314 5902 cOpia,
2363 5824 2640 5886 occurrit
2674 5826 2838 5888 inter
2874 5828 3016 5888 alia.
3057 5872 3069 5888 .
3111 5871 3124 5886 .
3164 5872 3175 5885 .
3220 5868 3232 5883 .
3285 5823 3580 5886 luculen-
