  <div class='ocr_page' id='page_1' title='image "/cluster/home/n/w/nwhite01/storage/ocr_20150623/123/hvd.32044019208198/035.png"; bbox 0 0 3984 6572; ppageno 0'>
   <div class='ocr_carea' id='block_1_1' title="bbox 445 389 2018 470">
    <p class='ocr_par' dir='ltr' id='par_1_1' title="bbox 445 389 2018 463">
     <span class='ocr_line' id='line_1_1' title="bbox 445 389 2018 463; baseline 0.001 -9"><span class='ocrx_word' id='word_1_1' title='bbox 445 389 518 454; x_wconf 81' lang='lat'>55</span> <span class='ocrx_word' id='word_1_2' title='bbox 1030 389 1032 391; x_wconf 69' lang='grc'><em>’</em></span> <span class='ocrx_word' id='word_1_3' title='bbox 1267 392 1490 452; x_wconf 81' lang='lat' dir='ltr'>BERN.</span> <span class='ocrx_word' id='word_1_4' title='bbox 1535 393 1801 463; x_wconf 61' lang='lat' dir='ltr'>MARI/E</span> <span class='ocrx_word' id='word_1_5' title='bbox 1843 395 1940 456; x_wconf 89' lang='lat' dir='ltr'>DE</span> <span class='ocrx_word' id='word_1_6' title='bbox 1985 398 2018 456; x_wconf 74' lang='lat' dir='ltr'>Il</span> 
     </span>
    </p>
   </div>
   <div class='ocr_carea' id='block_1_2' title="bbox 2114 389 3687 470">
    <p class='ocr_par' dir='ltr' id='par_1_2' title="bbox 2114 397 3687 470">
     <span class='ocr_line' id='line_1_2' title="bbox 2114 397 3687 470; baseline 0.006 -12"><span class='ocrx_word' id='word_1_7' title='bbox 2114 397 2269 459; x_wconf 87' lang='lat' dir='ltr'>BEIS</span> <span class='ocrx_word' id='word_1_8' title='bbox 2311 399 2818 461; x_wconf 79' lang='lat' dir='ltr'>DISSERTATIO</span> <span class='ocrx_word' id='word_1_9' title='bbox 3617 406 3687 470; x_wconf 82' lang='grc'>56</span> 
     </span>
    </p>
   </div>
   <div class='ocr_carea' id='block_1_3' title="bbox 443 493 3684 588">
    <p class='ocr_par' dir='ltr' id='par_1_3' title="bbox 443 493 3684 588">
     <span class='ocr_line' id='line_1_3' title="bbox 443 493 3684 588; baseline 0.004 -27"><span class='ocrx_word' id='word_1_10' title='bbox 443 509 548 564; x_wconf 91' lang='lat' dir='ltr'>tus</span> <span class='ocrx_word' id='word_1_11' title='bbox 585 501 740 562; x_wconf 85' lang='lat' dir='ltr'>satis</span> <span class='ocrx_word' id='word_1_12' title='bbox 766 495 1116 578; x_wconf 73' lang='lat' dir='ltr'>multisque</span> <span class='ocrx_word' id='word_1_13' title='bbox 1150 512 1226 559; x_wconf 93' lang='lat' dir='ltr'>eo</span> <span class='ocrx_word' id='word_1_14' title='bbox 1256 493 1636 577; x_wconf 86' lang='lat' dir='ltr'>argumento</span> <span class='ocrx_word' id='word_1_15' title='bbox 1664 501 1992 578; x_wconf 74' lang='lat' dir='ltr'>producﬁs</span> <span class='ocrx_word' id='word_1_16' title='bbox 2032 503 2288 582; x_wconf 82' lang='lat' dir='ltr'>gravior</span> <span class='ocrx_word' id='word_1_17' title='bbox 2328 508 2762 585; x_wconf 80' lang='lat' dir='ltr'>undequnque</span> <span class='ocrx_word' id='word_1_18' title='bbox 2791 509 3091 569; x_wconf 86' lang='lat' dir='ltr'>tractatus</span> <span class='ocrx_word' id='word_1_19' title='bbox 3125 506 3214 588; x_wconf 86' lang='lat' dir='ltr'>(in</span> <span class='ocrx_word' id='word_1_20' title='bbox 3235 510 3684 578; x_wconf 80' lang='lat' dir='ltr'>Prasentatto-</span> 
     </span>
    </p>
   </div>
   <div class='ocr_carea' id='block_1_4' title="bbox 441 596 3679 691">
    <p class='ocr_par' dir='ltr' id='par_1_4' title="bbox 441 596 3679 691">
     <span class='ocr_line' id='line_1_4' title="bbox 441 596 3679 691; baseline 0.004 -31"><span class='ocrx_word' id='word_1_21' title='bbox 441 617 575 660; x_wconf 89' lang='lat' dir='ltr'>nem</span> <span class='ocrx_word' id='word_1_22' title='bbox 613 596 897 673; x_wconf 77' lang='lat' dir='ltr'>Virginis</span> <span class='ocrx_word' id='word_1_23' title='bbox 916 596 1204 675; x_wconf 84' lang='lat' dir='ltr'>Deipara</span> <span class='ocrx_word' id='word_1_24' title='bbox 1225 597 1586 676; x_wconf 85' lang='lat' dir='ltr'>intemplo).</span> <span class='ocrx_word' id='word_1_25' title='bbox 1620 597 1939 678; x_wconf 89' lang='lat' dir='ltr'>libuitque</span> <span class='ocrx_word' id='word_1_26' title='bbox 2000 601 2095 661; x_wconf 87' lang='lat' dir='ltr'>vel</span> <span class='ocrx_word' id='word_1_27' title='bbox 2136 619 2249 678; x_wconf 92' lang='lat' dir='ltr'>per</span> <span class='ocrx_word' id='word_1_28' title='bbox 2292 602 2692 678; x_wconf 80' lang='lat' dir='ltr'>mantissam,</span> <span class='ocrx_word' id='word_1_29' title='bbox 2728 603 3019 665; x_wconf 87' lang='lat' dir='ltr'>omnium</span> <span class='ocrx_word' id='word_1_30' title='bbox 3070 606 3361 684; x_wconf 84' lang='lat' dir='ltr'>cumulo,</span> <span class='ocrx_word' id='word_1_31' title='bbox 3408 607 3679 691; x_wconf 85' lang='lat' dir='ltr'>jamque</span> 
     </span>
    </p>
   </div>
   <div class='ocr_carea' id='block_1_5' title="bbox 439 690 2910 776">
    <p class='ocr_par' dir='ltr' id='par_1_5' title="bbox 439 690 2910 776">
     <span class='ocr_line' id='line_1_5' title="bbox 439 690 2910 776; baseline -0 -20"><span class='ocrx_word' id='word_1_32' title='bbox 439 693 514 756; x_wconf 90' lang='lat' dir='ltr'>ad</span> <span class='ocrx_word' id='word_1_33' title='bbox 550 690 928 753; x_wconf 85' lang='lat' dir='ltr'>umbilicum</span> <span class='ocrx_word' id='word_1_34' title='bbox 963 691 1264 769; x_wconf 85' lang='lat' dir='ltr'>perducta</span> <span class='ocrx_word' id='word_1_35' title='bbox 1295 691 1688 755; x_wconf 76' lang='lat' dir='ltr'>Bibliotheca</span> <span class='ocrx_word' id='word_1_36' title='bbox 1718 710 1854 756; x_wconf 92' lang='lat' dir='ltr'>mea</span> <span class='ocrx_word' id='word_1_37' title='bbox 1886 696 2392 776; x_wconf 67' lang='lat' dir='ltr'>concionatoria},</span> <span class='ocrx_word' id='word_1_38' title='bbox 2427 696 2532 758; x_wconf 89' lang='lat' dir='ltr'>hic</span> <span class='ocrx_word' id='word_1_39' title='bbox 2565 698 2910 760; x_wconf 80' lang='lat' dir='ltr'>reddere.»</span> 
     </span>
    </p>
   </div>
   <div class='ocr_carea' id='block_1_6' title="bbox 515 786 3677 868">
    <p class='ocr_par' dir='ltr' id='par_1_6' title="bbox 515 786 3677 868">
     <span class='ocr_line' id='line_1_6' title="bbox 515 786 3677 868; baseline 0.004 -19"><span class='ocrx_word' id='word_1_40' title='bbox 515 789 617 850; x_wconf 82' lang='grc'>53.</span> <span class='ocrx_word' id='word_1_41' title='bbox 653 786 785 849; x_wconf 87' lang='lat' dir='ltr'>Sub</span> <span class='ocrx_word' id='word_1_42' title='bbox 831 787 1293 866; x_wconf 82' lang='lat' dir='ltr'>archiepiscOpi</span> <span class='ocrx_word' id='word_1_43' title='bbox 1361 789 1806 868; x_wconf 82' lang='lat' dir='ltr'>Theophylacti</span> <span class='ocrx_word' id='word_1_44' title='bbox 1865 789 2127 853; x_wconf 88' lang='lat' dir='ltr'>nomine</span> <span class='ocrx_word' id='word_1_45' title='bbox 2175 799 2380 855; x_wconf 80' lang='lat' dir='ltr'>exstat</span> <span class='ocrx_word' id='word_1_46' title='bbox 2419 793 2487 854; x_wconf 93' lang='lat' dir='ltr'>in</span> <span class='ocrx_word' id='word_1_47' title='bbox 2546 794 2938 858; x_wconf 82' lang='lat' dir='ltr'>bibliotheca</span> <span class='ocrx_word' id='word_1_48' title='bbox 3006 797 3677 862; x_wconf 87' lang='lat' dir='ltr'>Casareo-Vindobo-</span> 
     </span>
    </p>
   </div>
   <div class='ocr_carea' id='block_1_7' title="bbox 442 881 2015 976">
    <p class='ocr_par' dir='ltr' id='par_1_7' title="bbox 442 881 2015 961">
     <span class='ocr_line' id='line_1_7' title="bbox 442 881 2015 961; baseline 0.001 -17"><span class='ocrx_word' id='word_1_49' title='bbox 442 883 628 946; x_wconf 88' lang='lat' dir='ltr'>nensi</span> <span class='ocrx_word' id='word_1_50' title='bbox 665 883 833 961; x_wconf 88' lang='lat' dir='ltr'>apud</span> <span class='ocrx_word' id='word_1_51' title='bbox 867 884 1272 946; x_wconf 89' lang='lat' dir='ltr'>Lambecium</span> <span class='ocrx_word' id='word_1_52' title='bbox 1306 881 1471 946; x_wconf 91' lang='lat' dir='ltr'>libro</span> <span class='ocrx_word' id='word_1_53' title='bbox 1501 885 1642 959; x_wconf 91' lang='lat' dir='ltr'>v,in</span> <span class='ocrx_word' id='word_1_54' title='bbox 1674 886 1894 949; x_wconf 92' lang='lat' dir='ltr'>codice</span> <span class='ocrx_word' id='word_1_55' title='bbox 1922 887 2015 948; x_wconf 38' lang='lat'>22‘</span> 
     </span>
    </p>
   </div>
   <div class='ocr_carea' id='block_1_8' title="bbox 2106 881 3679 976">
    <p class='ocr_par' dir='ltr' id='par_1_8' title="bbox 2106 895 3679 976">
     <span class='ocr_line' id='line_1_8' title="bbox 2106 895 3679 976; baseline 0.008 -28"><span class='ocrx_word' id='word_1_56' title='bbox 2106 895 2406 968; x_wconf 83' lang='grc' dir='ltr'>[Ιροσλαλιὰ</span> <span class='ocrx_word' id='word_1_57' title='bbox 2434 897 2544 952; x_wconf 79' lang='grc' dir='ltr'>τινὶ</span> <span class='ocrx_word' id='word_1_58' title='bbox 2566 898 2674 952; x_wconf 83' lang='grc' dir='ltr'>τῶν</span> <span class='ocrx_word' id='word_1_59' title='bbox 2701 898 2866 954; x_wconf 80' lang='grc' dir='ltr'>αὑτοῦ</span> <span class='ocrx_word' id='word_1_60' title='bbox 2919 901 3182 972; x_wconf 75' lang='grc' dir='ltr'>ὁμιλιτῶν</span> <span class='ocrx_word' id='word_1_61' title='bbox 3236 903 3365 976; x_wconf 77' lang='grc' dir='ltr'>περὶ</span> <span class='ocrx_word' id='word_1_62' title='bbox 3394 898 3472 959; x_wconf 80' lang='grc' dir='ltr'>ὧν</span> <span class='ocrx_word' id='word_1_63' title='bbox 3510 907 3679 973; x_wconf 79' lang='grc' dir='ltr'>ἐγκα-</span> 
     </span>
    </p>
   </div>
   <div class='ocr_carea' id='block_1_9' title="bbox 436 980 2009 1066">
    <p class='ocr_par' dir='ltr' id='par_1_9' title="bbox 436 980 2009 1062">
     <span class='ocr_line' id='line_1_9' title="bbox 436 980 2009 1062; baseline 0.003 -22"><span class='ocrx_word' id='word_1_64' title='bbox 436 987 654 1042; x_wconf 79' lang='grc' dir='ltr'>λοῦνται</span> <span class='ocrx_word' id='word_1_65' title='bbox 676 987 920 1051; x_wconf 83' lang='grc' dir='ltr'>Λατίνοι,</span> <span class='ocrx_word' id='word_1_66' title='bbox 957 980 1329 1042; x_wconf 78' lang='lat' dir='ltr'>Dissertatio</span> <span class='ocrx_word' id='word_1_67' title='bbox 1375 980 1514 1061; x_wconf 90' lang='lat' dir='ltr'>(seu</span> <span class='ocrx_word' id='word_1_68' title='bbox 1547 980 1951 1062; x_wconf 83' lang='lat' dir='ltr'>Alloquium)</span> <span class='ocrx_word' id='word_1_69' title='bbox 1994 1003 2009 1043; x_wconf 88' lang='lat' dir='ltr'>t</span> 
     </span>
    </p>
   </div>
   <div class='ocr_carea' id='block_1_10' title="bbox 2186 980 3759 1066">
    <p class='ocr_par' dir='ltr' id='par_1_10' title="bbox 2193 983 3759 1066">
     <span class='ocr_line' id='line_1_10' title="bbox 2193 983 3759 1066; baseline 0.007 -22"><span class='ocrx_word' id='word_1_70' title='bbox 2193 983 2425 1044; x_wconf 88' lang='lat' dir='ltr'>emdam</span> <span class='ocrx_word' id='word_1_71' title='bbox 2453 1003 2716 1048; x_wconf 88' lang='lat' dir='ltr'>suorum</span> <span class='ocrx_word' id='word_1_72' title='bbox 2751 989 3174 1066; x_wconf 78' lang='lat' dir='ltr'>familiarium</span> <span class='ocrx_word' id='word_1_73' title='bbox 3206 991 3278 1052; x_wconf 87' lang='lat' dir='ltr'>de</span> <span class='ocrx_word' id='word_1_74' title='bbox 3296 992 3378 1054; x_wconf 87' lang='lat' dir='ltr'>iis</span> <span class='ocrx_word' id='word_1_75' title='bbox 3402 993 3589 1054; x_wconf 84' lang='lat' dir='ltr'>rebus</span> <span class='ocrx_word' id='word_1_76' title='bbox 3604 993 3679 1054; x_wconf 90' lang='lat' dir='ltr'>ob</span> <span class='ocrx_word' id='word_1_77' title='bbox 3750 1002 3759 1008; x_wconf 81' lang='grc'><em>’</em></span> 
     </span>
    </p>
   </div>
   <div class='ocr_carea' id='block_1_11' title="bbox 434 1075 3677 1165">
    <p class='ocr_par' dir='ltr' id='par_1_11' title="bbox 434 1075 3677 1165">
     <span class='ocr_line' id='line_1_11' title="bbox 434 1075 3677 1165; baseline 0.004 -29"><span class='ocrx_word' id='word_1_78' title='bbox 434 1094 586 1156; x_wconf 86' lang='lat' dir='ltr'>quas</span> <span class='ocrx_word' id='word_1_79' title='bbox 617 1075 831 1137; x_wconf 78' lang='lat' dir='ltr'>Latini</span> <span class='ocrx_word' id='word_1_80' title='bbox 857 1075 1154 1137; x_wconf 80' lang='lat' dir='ltr'>aGrac-is</span> <span class='ocrx_word' id='word_1_81' title='bbox 1210 1075 1778 1155; x_wconf 86' lang='lat' dir='ltr'>reprehenduntur.</span> <span class='ocrx_word' id='word_1_82' title='bbox 1827 1100 1855 1133; x_wconf 72' lang='grc' dir='ltr'>ε</span> <span class='ocrx_word' id='word_1_83' title='bbox 1889 1078 2213 1153; x_wconf 82' lang='lat' dir='ltr'>Meminit,</span> <span class='ocrx_word' id='word_1_84' title='bbox 2257 1079 2472 1158; x_wconf 91' lang='lat' dir='ltr'>inquit</span> <span class='ocrx_word' id='word_1_85' title='bbox 2514 1081 2918 1159; x_wconf 86' lang='lat' dir='ltr'>Lambecius,</span> <span class='ocrx_word' id='word_1_86' title='bbox 2947 1084 3145 1165; x_wconf 88' lang='lat' dir='ltr'>hujus</span> <span class='ocrx_word' id='word_1_87' title='bbox 3182 1086 3677 1149; x_wconf 87' lang='lat' dir='ltr'>Dissertationis</span> 
     </span>
    </p>
   </div>
   <div class='ocr_carea' id='block_1_12' title="bbox 437 1170 3676 1264">
    <p class='ocr_par' dir='ltr' id='par_1_12' title="bbox 437 1170 3676 1264">
     <span class='ocr_line' id='line_1_12' title="bbox 437 1170 3676 1264; baseline 0.004 -33"><span class='ocrx_word' id='word_1_88' title='bbox 437 1173 564 1234; x_wconf 89' lang='lat' dir='ltr'>Leo</span> <span class='ocrx_word' id='word_1_89' title='bbox 583 1170 856 1233; x_wconf 86' lang='lat' dir='ltr'>Allatius</span> <span class='ocrx_word' id='word_1_90' title='bbox 876 1170 1043 1233; x_wconf 88' lang='lat' dir='ltr'>libro</span> <span class='ocrx_word' id='word_1_91' title='bbox 1066 1191 1111 1232; x_wconf 82' lang='grc' dir='ltr'>ιι</span> <span class='ocrx_word' id='word_1_92' title='bbox 1128 1170 1209 1232; x_wconf 90' lang='lat' dir='ltr'>De</span> <span class='ocrx_word' id='word_1_93' title='bbox 1235 1172 1532 1234; x_wconf 82' lang='lat' dir='ltr'>Ecclesia</span> <span class='ocrx_word' id='word_1_94' title='bbox 1547 1171 1973 1236; x_wconf 84' lang='lat' dir='ltr'>Occidentalis</span> <span class='ocrx_word' id='word_1_95' title='bbox 1989 1181 2046 1235; x_wconf 90' lang='lat' dir='ltr'>et</span> <span class='ocrx_word' id='word_1_96' title='bbox 2060 1173 2408 1236; x_wconf 77' lang='lat' dir='ltr'>Orientalis</span> <span class='ocrx_word' id='word_1_97' title='bbox 2425 1193 2626 1256; x_wconf 84' lang='lat' dir='ltr'>perpe</span> <span class='ocrx_word' id='word_1_98' title='bbox 2642 1185 2757 1239; x_wconf 91' lang='lat' dir='ltr'>tua</span> <span class='ocrx_word' id='word_1_99' title='bbox 2777 1181 3215 1254; x_wconf 81' lang='lat' dir='ltr'>consensione,</span> <span class='ocrx_word' id='word_1_100' title='bbox 3234 1183 3438 1264; x_wconf 80' lang='lat' dir='ltr'>capite</span> <span class='ocrx_word' id='word_1_101' title='bbox 3456 1185 3550 1258; x_wconf 90' lang='grc'>10,</span> <span class='ocrx_word' id='word_1_102' title='bbox 3570 1187 3598 1260; x_wconf 84' lang='lat'>§</span> <span class='ocrx_word' id='word_1_103' title='bbox 3614 1185 3676 1256; x_wconf 79' lang='grc'>2,</span> 
     </span>
    </p>
   </div>
   <div class='ocr_carea' id='block_1_13' title="bbox 434 1265 3680 1350">
    <p class='ocr_par' dir='ltr' id='par_1_13' title="bbox 434 1265 3680 1350">
     <span class='ocr_line' id='line_1_13' title="bbox 434 1265 3680 1350; baseline 0.004 -22"><span class='ocrx_word' id='word_1_104' title='bbox 434 1266 534 1328; x_wconf 89' lang='lat' dir='ltr'>his</span> <span class='ocrx_word' id='word_1_105' title='bbox 581 1267 792 1329; x_wconf 84' lang='lat' dir='ltr'>verbis</span> <span class='ocrx_word' id='word_1_106' title='bbox 827 1283 842 1328; x_wconf 89' lang='lat'><strong>:</strong></span> <span class='ocrx_word' id='word_1_107' title='bbox 881 1265 1380 1346; x_wconf 84' lang='lat' dir='ltr'>Theophylactus</span> <span class='ocrx_word' id='word_1_108' title='bbox 1422 1268 1740 1346; x_wconf 85' lang='lat' dir='ltr'>Bulgaria</span> <span class='ocrx_word' id='word_1_109' title='bbox 1777 1269 2302 1349; x_wconf 87' lang='lat' dir='ltr'>archiepisc0pus</span> <span class='ocrx_word' id='word_1_110' title='bbox 2456 1273 2714 1350; x_wconf 87' lang='lat' dir='ltr'>scripsit</span> <span class='ocrx_word' id='word_1_111' title='bbox 2741 1272 2823 1334; x_wconf 88' lang='lat' dir='ltr'>ad</span> <span class='ocrx_word' id='word_1_112' title='bbox 2856 1275 3191 1338; x_wconf 85' lang='lat' dir='ltr'>Nicolaum</span> <span class='ocrx_word' id='word_1_113' title='bbox 3247 1276 3578 1339; x_wconf 84' lang='lat' dir='ltr'>diaconum</span> <span class='ocrx_word' id='word_1_114' title='bbox 3618 1291 3680 1340; x_wconf 88' lang='lat' dir='ltr'>et</span> 
     </span>
    </p>
   </div>
   <div class='ocr_carea' id='block_1_14' title="bbox 431 1361 3667 1444">
    <p class='ocr_par' dir='ltr' id='par_1_14' title="bbox 431 1361 3667 1444">
     <span class='ocr_line' id='line_1_14' title="bbox 431 1361 3667 1444; baseline 0.004 -21"><span class='ocrx_word' id='word_1_115' title='bbox 431 1372 845 1432; x_wconf 85' lang='lat' dir='ltr'>castrensem,</span> <span class='ocrx_word' id='word_1_116' title='bbox 905 1363 1018 1444; x_wconf 86' lang='lat' dir='ltr'>qui</span> <span class='ocrx_word' id='word_1_117' title='bbox 1077 1369 1294 1442; x_wconf 90' lang='lat' dir='ltr'>postea</span> <span class='ocrx_word' id='word_1_118' title='bbox 1340 1361 1464 1425; x_wconf 83' lang='lat' dir='ltr'>fuit</span> <span class='ocrx_word' id='word_1_119' title='bbox 1519 1365 1868 1428; x_wconf 86' lang='lat' dir='ltr'>Melesoba</span> <span class='ocrx_word' id='word_1_120' title='bbox 1909 1365 2279 1444; x_wconf 90' lang='lat' dir='ltr'>episcopus,</span> <span class='ocrx_word' id='word_1_121' title='bbox 2341 1369 2704 1430; x_wconf 86' lang='lat' dir='ltr'>Tractatum</span> <span class='ocrx_word' id='word_1_122' title='bbox 2765 1368 2840 1430; x_wconf 91' lang='lat' dir='ltr'>de</span> <span class='ocrx_word' id='word_1_123' title='bbox 2899 1371 3226 1433; x_wconf 88' lang='lat' dir='ltr'>erroribus</span> <span class='ocrx_word' id='word_1_124' title='bbox 3266 1371 3667 1436; x_wconf 89' lang='lat' dir='ltr'>Latinorum.</span> 
     </span>
    </p>
   </div>
   <div class='ocr_carea' id='block_1_15' title="bbox 431 1453 3673 1538">
    <p class='ocr_par' dir='ltr' id='par_1_15' title="bbox 431 1453 3673 1538">
     <span class='ocr_line' id='line_1_15' title="bbox 431 1453 3673 1538; baseline 0.004 -18"><span class='ocrx_word' id='word_1_125' title='bbox 431 1458 736 1538; x_wconf 84' lang='lat' dir='ltr'>Ejusdem</span> <span class='ocrx_word' id='word_1_126' title='bbox 767 1453 1158 1538; x_wconf 84' lang='lat' dir='ltr'>Colloquium</span> <span class='ocrx_word' id='word_1_127' title='bbox 1176 1461 1412 1536; x_wconf 83' lang='lat' dir='ltr'><strong>[XXV]</strong></span> <span class='ocrx_word' id='word_1_128' title='bbox 1435 1467 1640 1522; x_wconf 81' lang='lat' dir='ltr'>exstat</span> <span class='ocrx_word' id='word_1_129' title='bbox 1671 1459 1745 1521; x_wconf 89' lang='lat' dir='ltr'>de</span> <span class='ocrx_word' id='word_1_130' title='bbox 1775 1461 2284 1524; x_wconf 78' lang='lat' dir='ltr'>accusationibus</span> <span class='ocrx_word' id='word_1_131' title='bbox 2310 1460 2681 1525; x_wconf 86' lang='lat' dir='ltr'>Latinorum</span> <span class='ocrx_word' id='word_1_132' title='bbox 2706 1463 2771 1526; x_wconf 92' lang='lat' dir='ltr'>in</span> <span class='ocrx_word' id='word_1_133' title='bbox 2802 1464 3192 1528; x_wconf 88' lang='lat' dir='ltr'>bibliotheca</span> <span class='ocrx_word' id='word_1_134' title='bbox 3214 1468 3512 1531; x_wconf 88' lang='lat' dir='ltr'>Bavarica</span> <span class='ocrx_word' id='word_1_135' title='bbox 3536 1516 3550 1530; x_wconf 94' lang='lat'>.</span> <span class='ocrx_word' id='word_1_136' title='bbox 3593 1515 3608 1531; x_wconf 95' lang='lat'>.</span> <span class='ocrx_word' id='word_1_137' title='bbox 3653 1515 3673 1534; x_wconf 92' lang='lat'>.</span> 
     </span>
    </p>
   </div>
   <div class='ocr_carea' id='block_1_16' title="bbox 428 1553 3672 1639">
    <p class='ocr_par' dir='ltr' id='par_1_16' title="bbox 428 1553 3672 1639">
     <span class='ocr_line' id='line_1_16' title="bbox 428 1553 3672 1639; baseline 0.004 -25"><span class='ocrx_word' id='word_1_138' title='bbox 428 1555 526 1615; x_wconf 79' lang='lat' dir='ltr'>An</span> <span class='ocrx_word' id='word_1_139' title='bbox 584 1554 762 1617; x_wconf 88' lang='lat' dir='ltr'>aliud</span> <span class='ocrx_word' id='word_1_140' title='bbox 805 1555 888 1616; x_wconf 90' lang='lat' dir='ltr'>sit</span> <span class='ocrx_word' id='word_1_141' title='bbox 915 1553 994 1618; x_wconf 86' lang='lat' dir='ltr'>ab</span> <span class='ocrx_word' id='word_1_142' title='bbox 1035 1571 1137 1630; x_wconf 90' lang='lat' dir='ltr'>eo,</span> <span class='ocrx_word' id='word_1_143' title='bbox 1178 1573 1372 1636; x_wconf 90' lang='lat' dir='ltr'>quem</span> <span class='ocrx_word' id='word_1_144' title='bbox 1403 1554 1486 1616; x_wconf 87' lang='lat' dir='ltr'>ad</span> <span class='ocrx_word' id='word_1_145' title='bbox 1528 1554 1861 1620; x_wconf 86' lang='lat' dir='ltr'>Nicolaum</span> <span class='ocrx_word' id='word_1_146' title='bbox 1912 1555 2172 1634; x_wconf 87' lang='lat' dir='ltr'>scripsit</span> <span class='ocrx_word' id='word_1_147' title='bbox 2229 1563 2563 1622; x_wconf 86' lang='lat' dir='ltr'>tractatum</span> <span class='ocrx_word' id='word_1_148' title='bbox 2624 1561 2973 1639; x_wconf 85' lang='lat' dir='ltr'>expedient</span> <span class='ocrx_word' id='word_1_149' title='bbox 3002 1559 3186 1626; x_wconf 90' lang='lat' dir='ltr'>illius</span> <span class='ocrx_word' id='word_1_150' title='bbox 3252 1564 3672 1628; x_wconf 87' lang='lat' dir='ltr'>bibliotheca</span> 
     </span>
    </p>
   </div>
   <div class='ocr_carea' id='block_1_17' title="bbox 427 1655 1117 1712">
    <p class='ocr_par' dir='ltr' id='par_1_17' title="bbox 427 1655 1117 1712">
     <span class='ocr_line' id='line_1_17' title="bbox 427 1655 1117 1712; baseline -0.003 0"><span class='ocrx_word' id='word_1_151' title='bbox 427 1661 778 1712; x_wconf 86' lang='lat' dir='ltr'>curatores.</span> <span class='ocrx_word' id='word_1_152' title='bbox 807 1672 836 1712; x_wconf 68' lang='grc' dir='ltr'><strong><em>ιο</em></strong></span> <span class='ocrx_word' id='word_1_153' title='bbox 1107 1655 1117 1666; x_wconf 90' lang='grc'><em>”</em></span> 
     </span>
    </p>
   </div>
   <div class='ocr_carea' id='block_1_18' title="bbox 504 1747 3666 1834">
    <p class='ocr_par' dir='ltr' id='par_1_18' title="bbox 504 1747 3666 1834">
     <span class='ocr_line' id='line_1_18' title="bbox 504 1747 3666 1834; baseline 0.005 -27"><span class='ocrx_word' id='word_1_154' title='bbox 504 1747 810 1826; x_wconf 76' lang='lat' dir='ltr'>Epistula</span> <span class='ocrx_word' id='word_1_155' title='bbox 837 1747 922 1809; x_wconf 89' lang='lat' dir='ltr'>ad</span> <span class='ocrx_word' id='word_1_156' title='bbox 949 1747 1280 1812; x_wconf 86' lang='lat' dir='ltr'>Nicolaum</span> <span class='ocrx_word' id='word_1_157' title='bbox 1310 1747 1645 1811; x_wconf 83' lang='lat' dir='ltr'>diaconum</span> <span class='ocrx_word' id='word_1_158' title='bbox 1678 1750 2030 1830; x_wconf 85' lang='lat' dir='ltr'>fragmenta</span> <span class='ocrx_word' id='word_1_159' title='bbox 2063 1752 2374 1815; x_wconf 89' lang='lat' dir='ltr'>nonnulla</span> <span class='ocrx_word' id='word_1_160' title='bbox 2428 1753 2620 1816; x_wconf 85' lang='lat' dir='ltr'>refert</span> <span class='ocrx_word' id='word_1_161' title='bbox 2649 1757 3014 1818; x_wconf 90' lang='lat' dir='ltr'>Demetrius</span> <span class='ocrx_word' id='word_1_162' title='bbox 3073 1757 3531 1834; x_wconf 90' lang='lat' dir='ltr'>Chomatenus,</span> <span class='ocrx_word' id='word_1_163' title='bbox 3564 1777 3666 1823; x_wconf 88' lang='lat' dir='ltr'>ar-</span> 
     </span>
    </p>
   </div>
   <div class='ocr_carea' id='block_1_19' title="bbox 389 1834 3674 1936">
    <p class='ocr_par' dir='ltr' id='par_1_19' title="bbox 389 1834 3674 1936">
     <span class='ocr_line' id='line_1_19' title="bbox 389 1834 3674 1936; baseline 0.005 -33"><span class='ocrx_word' id='word_1_164' title='bbox 389 1834 401 1848; x_wconf 77' lang='grc'>”</span> <span class='ocrx_word' id='word_1_165' title='bbox 426 1841 878 1921; x_wconf 84' lang='lat' dir='ltr'>cbiepiscopus</span> <span class='ocrx_word' id='word_1_166' title='bbox 913 1843 1248 1924; x_wconf 88' lang='lat' dir='ltr'>Bulgaria,</span> <span class='ocrx_word' id='word_1_167' title='bbox 1273 1845 1338 1907; x_wconf 93' lang='lat' dir='ltr'>in</span> <span class='ocrx_word' id='word_1_168' title='bbox 1365 1845 1503 1908; x_wconf 90' lang='lat' dir='ltr'>suis</span> <span class='ocrx_word' id='word_1_169' title='bbox 1533 1847 2073 1927; x_wconf 84' lang='lat' dir='ltr'>Responsionibus</span> <span class='ocrx_word' id='word_1_170' title='bbox 2103 1847 2184 1909; x_wconf 90' lang='lat' dir='ltr'>ad</span> <span class='ocrx_word' id='word_1_171' title='bbox 2213 1850 2698 1913; x_wconf 86' lang='lat' dir='ltr'>Constantinum</span> <span class='ocrx_word' id='word_1_172' title='bbox 2720 1853 3098 1930; x_wconf 86' lang='lat' dir='ltr'>Cabasilam,</span> <span class='ocrx_word' id='word_1_173' title='bbox 3129 1855 3674 1936; x_wconf 86' lang='lat' dir='ltr'>archiepiscopum</span> 
     </span>
    </p>
   </div>
   <div class='ocr_carea' id='block_1_20' title="bbox 386 1937 3673 2029">
    <p class='ocr_par' dir='ltr' id='par_1_20' title="bbox 386 1937 3673 2029">
     <span class='ocr_line' id='line_1_20' title="bbox 386 1937 3673 2029; baseline 0.006 -34"><span class='ocrx_word' id='word_1_174' title='bbox 386 1953 390 1958; x_wconf 92' lang='grc'><strong>·</strong></span> <span class='ocrx_word' id='word_1_175' title='bbox 425 1937 792 2016; x_wconf 80' lang='lat' dir='ltr'>Dyrrachii,</span> <span class='ocrx_word' id='word_1_176' title='bbox 826 1939 996 2019; x_wconf 90' lang='lat' dir='ltr'>apud</span> <span class='ocrx_word' id='word_1_177' title='bbox 1030 1939 1491 2004; x_wconf 88' lang='lat' dir='ltr'>Leunclavium</span> <span class='ocrx_word' id='word_1_178' title='bbox 1541 1942 1607 2003; x_wconf 92' lang='lat' dir='ltr'>in</span> <span class='ocrx_word' id='word_1_179' title='bbox 1645 1944 1807 2005; x_wconf 83' lang='lat' dir='ltr'>Jure</span> <span class='ocrx_word' id='word_1_180' title='bbox 1829 1943 2045 2006; x_wconf 86' lang='lat' dir='ltr'>Graco</span> <span class='ocrx_word' id='word_1_181' title='bbox 2072 1946 2376 2021; x_wconf 85' lang='lat' dir='ltr'>Romano,</span> <span class='ocrx_word' id='word_1_182' title='bbox 2445 1946 2612 2010; x_wconf 89' lang='lat' dir='ltr'>libro</span> <span class='ocrx_word' id='word_1_183' title='bbox 2671 1966 2732 2022; x_wconf 80' lang='grc' dir='ltr'><strong>ν,</strong></span> <span class='ocrx_word' id='word_1_184' title='bbox 2763 1965 2905 2029; x_wconf 90' lang='lat' dir='ltr'>pag.</span> <span class='ocrx_word' id='word_1_185' title='bbox 2948 1948 3088 2012; x_wconf 85' lang='lat'>318.</span> <span class='ocrx_word' id='word_1_186' title='bbox 3129 1951 3280 2013; x_wconf 83' lang='lat' dir='ltr'>Hac</span> <span class='ocrx_word' id='word_1_187' title='bbox 3338 1969 3490 2015; x_wconf 90' lang='lat' dir='ltr'>vero</span> <span class='ocrx_word' id='word_1_188' title='bbox 3542 1951 3673 2015; x_wconf 85' lang='lat' dir='ltr'>fra-</span> 
     </span>
    </p>
   </div>
   <div class='ocr_carea' id='block_1_21' title="bbox 391 2034 3675 2128">
    <p class='ocr_par' dir='ltr' id='par_1_21' title="bbox 391 2034 3675 2128">
     <span class='ocr_line' id='line_1_21' title="bbox 391 2034 3675 2128; baseline 0.005 -35"><span class='ocrx_word' id='word_1_189' title='bbox 391 2065 394 2072; x_wconf 94' lang='lat'><strong><em>-</em></strong></span> <span class='ocrx_word' id='word_1_190' title='bbox 423 2042 680 2112; x_wconf 85' lang='lat' dir='ltr'>gmenta</span> <span class='ocrx_word' id='word_1_191' title='bbox 712 2034 943 2096; x_wconf 88' lang='lat' dir='ltr'>iisdem</span> <span class='ocrx_word' id='word_1_192' title='bbox 976 2052 1046 2097; x_wconf 88' lang='lat' dir='ltr'>ac</span> <span class='ocrx_word' id='word_1_193' title='bbox 1068 2035 1331 2100; x_wconf 86' lang='lat' dir='ltr'>totidem</span> <span class='ocrx_word' id='word_1_194' title='bbox 1359 2037 1569 2098; x_wconf 86' lang='lat' dir='ltr'>verbis</span> <span class='ocrx_word' id='word_1_195' title='bbox 1593 2038 1660 2098; x_wconf 90' lang='lat' dir='ltr'>in</span> <span class='ocrx_word' id='word_1_196' title='bbox 1695 2039 1989 2115; x_wconf 88' lang='lat' dir='ltr'>pradicta</span> <span class='ocrx_word' id='word_1_197' title='bbox 2013 2042 2480 2105; x_wconf 89' lang='lat' dir='ltr'>Dissertatione</span> <span class='ocrx_word' id='word_1_198' title='bbox 2507 2043 2848 2108; x_wconf 87' lang='lat' dir='ltr'>habentur.</span> <span class='ocrx_word' id='word_1_199' title='bbox 2870 2047 3086 2110; x_wconf 87' lang='lat' dir='ltr'>Grace</span> <span class='ocrx_word' id='word_1_200' title='bbox 3115 2047 3675 2128; x_wconf 76' lang='lat' dir='ltr'>inscribiturnpoe-</span> 
     </span>
    </p>
   </div>
   <div class='ocr_carea' id='block_1_22' title="bbox 423 2129 3667 2220">
    <p class='ocr_par' dir='ltr' id='par_1_22' title="bbox 423 2129 3667 2220">
     <span class='ocr_line' id='line_1_22' title="bbox 423 2129 3667 2220; baseline 0.005 -31"><span class='ocrx_word' id='word_1_201' title='bbox 423 2135 606 2204; x_wconf 84' lang='grc' dir='ltr'>λαλιὰ,</span> <span class='ocrx_word' id='word_1_202' title='bbox 633 2129 1018 2211; x_wconf 84' lang='lat' dir='ltr'>Alloquium,</span> <span class='ocrx_word' id='word_1_203' title='bbox 1053 2149 1172 2194; x_wconf 92' lang='lat' dir='ltr'>seu</span> <span class='ocrx_word' id='word_1_204' title='bbox 1197 2131 1586 2212; x_wconf 81' lang='lat' dir='ltr'>Colloquium</span> <span class='ocrx_word' id='word_1_205' title='bbox 1621 2154 1643 2195; x_wconf 91' lang='lat'><strong><em>:</em></strong></span> <span class='ocrx_word' id='word_1_206' title='bbox 1687 2134 1859 2196; x_wconf 91' lang='lat' dir='ltr'>unde</span> <span class='ocrx_word' id='word_1_207' title='bbox 1890 2135 1969 2198; x_wconf 91' lang='lat' dir='ltr'>ab</span> <span class='ocrx_word' id='word_1_208' title='bbox 2008 2151 2086 2198; x_wconf 92' lang='lat' dir='ltr'>eo</span> <span class='ocrx_word' id='word_1_209' title='bbox 2124 2153 2255 2200; x_wconf 87' lang='lat' dir='ltr'>non</span> <span class='ocrx_word' id='word_1_210' title='bbox 2291 2138 2529 2213; x_wconf 79' lang='lat' dir='ltr'>diﬂ‘ert,</span> <span class='ocrx_word' id='word_1_211' title='bbox 2553 2141 2728 2220; x_wconf 90' lang='lat' dir='ltr'>quod</span> <span class='ocrx_word' id='word_1_212' title='bbox 2759 2142 3057 2204; x_wconf 88' lang='lat' dir='ltr'>Bavarica</span> <span class='ocrx_word' id='word_1_213' title='bbox 3091 2141 3480 2206; x_wconf 90' lang='lat' dir='ltr'>bibliotheca</span> <span class='ocrx_word' id='word_1_214' title='bbox 3516 2142 3667 2207; x_wconf 85' lang='lat' dir='ltr'>Col-</span> 
     </span>
    </p>
   </div>
   <div class='ocr_carea' id='block_1_23' title="bbox 425 2223 3672 2319">
    <p class='ocr_par' dir='ltr' id='par_1_23' title="bbox 425 2223 3672 2319">
     <span class='ocr_line' id='line_1_23' title="bbox 425 2223 3672 2319; baseline 0.006 -36"><span class='ocrx_word' id='word_1_215' title='bbox 425 2223 704 2305; x_wconf 86' lang='lat' dir='ltr'>loquium</span> <span class='ocrx_word' id='word_1_216' title='bbox 735 2233 976 2289; x_wconf 77' lang='lat' dir='ltr'>servat.</span> <span class='ocrx_word' id='word_1_217' title='bbox 1018 2229 1164 2290; x_wconf 88' lang='lat' dir='ltr'>Hac</span> <span class='ocrx_word' id='word_1_218' title='bbox 1194 2226 1506 2290; x_wconf 88' lang='lat' dir='ltr'>discimus</span> <span class='ocrx_word' id='word_1_219' title='bbox 1539 2229 1756 2290; x_wconf 90' lang='lat' dir='ltr'>omnia</span> <span class='ocrx_word' id='word_1_220' title='bbox 1787 2246 1866 2292; x_wconf 82' lang='lat' dir='ltr'>ex</span> <span class='ocrx_word' id='word_1_221' title='bbox 1904 2234 2270 2314; x_wconf 85' lang='lat' dir='ltr'>apograpbo</span> <span class='ocrx_word' id='word_1_222' title='bbox 2305 2243 2664 2314; x_wconf 89' lang='lat' dir='ltr'>pranotata</span> <span class='ocrx_word' id='word_1_223' title='bbox 2693 2237 3199 2314; x_wconf 88' lang='lat' dir='ltr'>Dissertationis,</span> <span class='ocrx_word' id='word_1_224' title='bbox 3239 2240 3416 2319; x_wconf 90' lang='lat' dir='ltr'>quod</span> <span class='ocrx_word' id='word_1_225' title='bbox 3447 2257 3527 2302; x_wconf 78' lang='lat' dir='ltr'>ex</span> <span class='ocrx_word' id='word_1_226' title='bbox 3557 2232 3672 2303; x_wconf 85' lang='lat' dir='ltr'>co-</span> 
     </span>
    </p>
   </div>
   <div class='ocr_carea' id='block_1_24' title="bbox 425 2323 3434 2413">
    <p class='ocr_par' dir='ltr' id='par_1_24' title="bbox 425 2323 3434 2413">
     <span class='ocr_line' id='line_1_24' title="bbox 425 2323 3434 2413; baseline 0.005 -30"><span class='ocrx_word' id='word_1_227' title='bbox 425 2323 567 2385; x_wconf 88' lang='lat' dir='ltr'>dice</span> <span class='ocrx_word' id='word_1_228' title='bbox 603 2324 1099 2387; x_wconf 79' lang='lat' dir='ltr'>Vindobonensi</span> <span class='ocrx_word' id='word_1_229' title='bbox 1139 2325 1561 2404; x_wconf 82' lang='lat' dir='ltr'>descriptum,</span> <span class='ocrx_word' id='word_1_230' title='bbox 1591 2327 2172 2411; x_wconf 88' lang='lat' dir='ltr'>transmissumque</span> <span class='ocrx_word' id='word_1_231' title='bbox 2206 2330 2534 2405; x_wconf 87' lang='lat' dir='ltr'>Venetias,</span> <span class='ocrx_word' id='word_1_232' title='bbox 2579 2331 2858 2395; x_wconf 85' lang='lat' dir='ltr'>vidimus</span> <span class='ocrx_word' id='word_1_233' title='bbox 2892 2340 2952 2395; x_wconf 83' lang='lat' dir='ltr'>et</span> <span class='ocrx_word' id='word_1_234' title='bbox 2982 2335 3434 2413; x_wconf 78' lang='lat' dir='ltr'>expendimus.</span> 
     </span>
    </p>
   </div>
   <div class='ocr_carea' id='block_1_25' title="bbox 502 2421 2075 2506">
    <p class='ocr_par' dir='ltr' id='par_1_25' title="bbox 502 2421 2075 2502">
     <span class='ocr_line' id='line_1_25' title="bbox 502 2421 2075 2502; baseline 0.003 -18"><span class='ocrx_word' id='word_1_235' title='bbox 502 2421 603 2484; x_wconf 69' lang='lat' dir='ltr'>5h.</span> <span class='ocrx_word' id='word_1_236' title='bbox 635 2423 849 2486; x_wconf 87' lang='lat' dir='ltr'>Graca</span> <span class='ocrx_word' id='word_1_237' title='bbox 881 2423 1099 2502; x_wconf 91' lang='lat' dir='ltr'>operis</span> <span class='ocrx_word' id='word_1_238' title='bbox 1128 2422 1468 2502; x_wconf 86' lang='lat' dir='ltr'>inscriptio</span> <span class='ocrx_word' id='word_1_239' title='bbox 1502 2424 1674 2502; x_wconf 88' lang='lat' dir='ltr'>apud</span> <span class='ocrx_word' id='word_1_240' title='bbox 1738 2426 2075 2489; x_wconf 77' lang='lat' dir='ltr'>Chomater</span> 
     </span>
    </p>
   </div>
   <div class='ocr_carea' id='block_1_26' title="bbox 2096 2421 3669 2506">
    <p class='ocr_par' dir='ltr' id='par_1_26' title="bbox 2098 2425 3669 2506">
     <span class='ocr_line' id='line_1_26' title="bbox 2098 2425 3669 2506; baseline 0.003 -19"><span class='ocrx_word' id='word_1_241' title='bbox 2098 2443 2229 2500; x_wconf 91' lang='lat' dir='ltr'>um,</span> <span class='ocrx_word' id='word_1_242' title='bbox 2277 2425 2413 2489; x_wconf 88' lang='lat' dir='ltr'>hac</span> <span class='ocrx_word' id='word_1_243' title='bbox 2442 2433 2538 2488; x_wconf 87' lang='lat' dir='ltr'>est</span> <span class='ocrx_word' id='word_1_244' title='bbox 2577 2448 2592 2489; x_wconf 90' lang='lat'><strong>:</strong></span> <span class='ocrx_word' id='word_1_245' title='bbox 2643 2435 2787 2506; x_wconf 77' lang='grc' dir='ltr'>ῐῖρδς</span> <span class='ocrx_word' id='word_1_246' title='bbox 2819 2434 3086 2489; x_wconf 85' lang='grc' dir='ltr'>Νικόλαον</span> <span class='ocrx_word' id='word_1_247' title='bbox 3106 2435 3378 2502; x_wconf 84' lang='grc' dir='ltr'>διάκονον,</span> <span class='ocrx_word' id='word_1_248' title='bbox 3411 2436 3508 2491; x_wconf 76' lang='grc' dir='ltr'>καὶ</span> <span class='ocrx_word' id='word_1_249' title='bbox 3538 2453 3669 2492; x_wconf 87' lang='grc' dir='ltr'>καν-</span> 
     </span>
    </p>
   </div>
   <div class='ocr_carea' id='block_1_27' title="bbox 425 2519 3747 2601">
    <p class='ocr_par' dir='ltr' id='par_1_27' title="bbox 425 2519 3747 2601">
     <span class='ocr_line' id='line_1_27' title="bbox 425 2519 3747 2601; baseline 0.002 -21"><span class='ocrx_word' id='word_1_250' title='bbox 425 2528 685 2598; x_wconf 69' lang='lat' dir='ltr'>neptem.</span> <span class='ocrx_word' id='word_1_251' title='bbox 727 2519 990 2580; x_wconf 89' lang='lat' dir='ltr'>Latinus</span> <span class='ocrx_word' id='word_1_252' title='bbox 1025 2519 1343 2599; x_wconf 88' lang='lat' dir='ltr'>interpres</span> <span class='ocrx_word' id='word_1_253' title='bbox 1387 2521 1603 2596; x_wconf 83' lang='lat' dir='ltr'>vertit,</span> <span class='ocrx_word' id='word_1_254' title='bbox 1635 2520 1716 2582; x_wconf 90' lang='lat' dir='ltr'>ad</span> <span class='ocrx_word' id='word_1_255' title='bbox 1747 2521 2078 2586; x_wconf 87' lang='lat' dir='ltr'>Nicolaum</span> <span class='ocrx_word' id='word_1_256' title='bbox 2111 2522 2443 2582; x_wconf 85' lang='lat' dir='ltr'>diaconum</span> <span class='ocrx_word' id='word_1_257' title='bbox 2491 2531 2551 2582; x_wconf 90' lang='lat' dir='ltr'>et</span> <span class='ocrx_word' id='word_1_258' title='bbox 2580 2532 2982 2597; x_wconf 80' lang='lat' dir='ltr'>castrensem,</span> <span class='ocrx_word' id='word_1_259' title='bbox 3016 2530 3339 2601; x_wconf 84' lang='lat' dir='ltr'>postrema</span> <span class='ocrx_word' id='word_1_260' title='bbox 3361 2524 3478 2586; x_wconf 88' lang='lat' dir='ltr'>hac</span> <span class='ocrx_word' id='word_1_261' title='bbox 3512 2541 3666 2588; x_wconf 91' lang='lat' dir='ltr'>voce</span> <span class='ocrx_word' id='word_1_262' title='bbox 3742 2575 3747 2579; x_wconf 88' lang='lat'>.</span> 
     </span>
    </p>
   </div>
   <div class='ocr_carea' id='block_1_28' title="bbox 424 2615 3666 2699">
    <p class='ocr_par' dir='ltr' id='par_1_28' title="bbox 424 2615 3666 2699">
     <span class='ocr_line' id='line_1_28' title="bbox 424 2615 3666 2699; baseline 0.002 -23"><span class='ocrx_word' id='word_1_263' title='bbox 424 2615 586 2678; x_wconf 90' lang='lat' dir='ltr'>male</span> <span class='ocrx_word' id='word_1_264' title='bbox 601 2623 661 2677; x_wconf 87' lang='lat' dir='ltr'>et</span> <span class='ocrx_word' id='word_1_265' title='bbox 676 2616 893 2696; x_wconf 90' lang='lat' dir='ltr'>inepte</span> <span class='ocrx_word' id='word_1_266' title='bbox 915 2615 1239 2680; x_wconf 87' lang='lat' dir='ltr'>translata.</span> <span class='ocrx_word' id='word_1_267' title='bbox 1265 2619 1492 2680; x_wconf 93' lang='lat' dir='ltr'>Petrus</span> <span class='ocrx_word' id='word_1_268' title='bbox 1505 2618 1790 2682; x_wconf 80' lang='lat' dir='ltr'>Pithoeus</span> <span class='ocrx_word' id='word_1_269' title='bbox 1824 2619 1888 2681; x_wconf 90' lang='lat' dir='ltr'>in</span> <span class='ocrx_word' id='word_1_270' title='bbox 1918 2619 2382 2682; x_wconf 84' lang='lat' dir='ltr'>Dissertatione</span> <span class='ocrx_word' id='word_1_271' title='bbox 2401 2617 2473 2680; x_wconf 85' lang='lat' dir='ltr'>de</span> <span class='ocrx_word' id='word_1_272' title='bbox 2499 2620 2768 2682; x_wconf 87' lang='lat' dir='ltr'>historia</span> <span class='ocrx_word' id='word_1_273' title='bbox 2784 2621 3226 2682; x_wconf 87' lang='lat' dir='ltr'>controversia</span> <span class='ocrx_word' id='word_1_274' title='bbox 3240 2621 3666 2699; x_wconf 84' lang='lat' dir='ltr'>processionis</span> 
     </span>
    </p>
   </div>
   <div class='ocr_carea' id='block_1_29' title="bbox 419 2712 3664 2793">
    <p class='ocr_par' dir='ltr' id='par_1_29' title="bbox 419 2712 3664 2793">
     <span class='ocr_line' id='line_1_29' title="bbox 419 2712 3664 2793; baseline 0.002 -21"><span class='ocrx_word' id='word_1_275' title='bbox 419 2712 702 2791; x_wconf 85' lang='lat' dir='ltr'>Spiritus</span> <span class='ocrx_word' id='word_1_276' title='bbox 723 2713 956 2789; x_wconf 83' lang='lat' dir='ltr'>sancti,</span> <span class='ocrx_word' id='word_1_277' title='bbox 984 2713 1364 2776; x_wconf 87' lang='lat' dir='ltr'>vertendum</span> <span class='ocrx_word' id='word_1_278' title='bbox 1395 2713 1695 2776; x_wconf 90' lang='lat' dir='ltr'>admonet</span> <span class='ocrx_word' id='word_1_279' title='bbox 1719 2758 1736 2789; x_wconf 93' lang='lat'>,</span> <span class='ocrx_word' id='word_1_280' title='bbox 1773 2716 2246 2777; x_wconf 87' lang='lat' dir='ltr'>canistrarium.</span> <span class='ocrx_word' id='word_1_281' title='bbox 2277 2715 2455 2777; x_wconf 82' lang='lat' dir='ltr'>Verti</span> <span class='ocrx_word' id='word_1_282' title='bbox 2512 2716 2702 2777; x_wconf 90' lang='lat' dir='ltr'>etiam</span> <span class='ocrx_word' id='word_1_283' title='bbox 2755 2721 2983 2793; x_wconf 87' lang='lat' dir='ltr'>potest,</span> <span class='ocrx_word' id='word_1_284' title='bbox 3025 2717 3456 2792; x_wconf 87' lang='lat' dir='ltr'>canstrisium,</span> <span class='ocrx_word' id='word_1_285' title='bbox 3493 2722 3664 2779; x_wconf 88' lang='lat' dir='ltr'>recte</span> 
     </span>
    </p>
   </div>
   <div class='ocr_carea' id='block_1_30' title="bbox 422 2807 3663 2891">
    <p class='ocr_par' dir='ltr' id='par_1_30' title="bbox 422 2807 3663 2891">
     <span class='ocr_line' id='line_1_30' title="bbox 422 2807 3663 2891; baseline 0.002 -23"><span class='ocrx_word' id='word_1_286' title='bbox 422 2816 694 2888; x_wconf 90' lang='lat' dir='ltr'>utroque</span> <span class='ocrx_word' id='word_1_287' title='bbox 714 2807 928 2871; x_wconf 92' lang='lat' dir='ltr'>modo.</span> <span class='ocrx_word' id='word_1_288' title='bbox 961 2809 1145 2888; x_wconf 84' lang='lat' dir='ltr'>Apud</span> <span class='ocrx_word' id='word_1_289' title='bbox 1185 2809 1500 2872; x_wconf 91' lang='lat' dir='ltr'>Codinum</span> <span class='ocrx_word' id='word_1_290' title='bbox 1522 2809 1691 2873; x_wconf 89' lang='lat' dir='ltr'>inter</span> <span class='ocrx_word' id='word_1_291' title='bbox 1716 2811 2144 2874; x_wconf 85' lang='lat' dir='ltr'>ecclesiastica</span> <span class='ocrx_word' id='word_1_292' title='bbox 2163 2809 2390 2883; x_wconf 82' lang='lat' dir='ltr'>officia,</span> <span class='ocrx_word' id='word_1_293' title='bbox 2416 2811 2484 2872; x_wconf 90' lang='lat' dir='ltr'>in</span> <span class='ocrx_word' id='word_1_294' title='bbox 2508 2810 2794 2872; x_wconf 91' lang='lat' dir='ltr'>secundo</span> <span class='ocrx_word' id='word_1_295' title='bbox 2811 2811 3112 2891; x_wconf 89' lang='lat' dir='ltr'>quinario</span> <span class='ocrx_word' id='word_1_296' title='bbox 3133 2811 3402 2874; x_wconf 90' lang='lat' dir='ltr'>habetur</span> <span class='ocrx_word' id='word_1_297' title='bbox 3436 2822 3465 2874; x_wconf 84' lang='grc' dir='ltr'>ὁ</span> <span class='ocrx_word' id='word_1_298' title='bbox 3525 2837 3663 2874; x_wconf 84' lang='grc' dir='ltr'>καν-</span> 
     </span>
    </p>
   </div>
   <div class='ocr_carea' id='block_1_31' title="bbox 421 2906 1994 2988">
    <p class='ocr_par' dir='ltr' id='par_1_31' title="bbox 421 2913 1992 2986">
     <span class='ocr_line' id='line_1_31' title="bbox 421 2913 1992 2986; baseline 0.001 -18"><span class='ocrx_word' id='word_1_299' title='bbox 421 2913 686 2984; x_wconf 55' lang='lat' dir='ltr'>capiatve,</span> <span class='ocrx_word' id='word_1_300' title='bbox 711 2914 793 2978; x_wconf 82' lang='grc' dir='ltr'>εἰς</span> <span class='ocrx_word' id='word_1_301' title='bbox 822 2914 884 2968; x_wconf 77' lang='grc' dir='ltr'><strong>τὸ</strong></span> <span class='ocrx_word' id='word_1_302' title='bbox 913 2913 1229 2986; x_wconf 80' lang='grc' dir='ltr'>κανστρίον,</span> <span class='ocrx_word' id='word_1_303' title='bbox 1259 2913 1355 2969; x_wconf 71' lang='grc' dir='ltr'>καὶ</span> <span class='ocrx_word' id='word_1_304' title='bbox 1379 2915 1459 2978; x_wconf 74' lang='grc' dir='ltr'>εἰς</span> <span class='ocrx_word' id='word_1_305' title='bbox 1483 2914 1546 2968; x_wconf 82' lang='grc' dir='ltr'>τὸ</span> <span class='ocrx_word' id='word_1_306' title='bbox 1582 2915 1874 2972; x_wconf 82' lang='grc' dir='ltr'>ἀλλάσσειν</span> <span class='ocrx_word' id='word_1_307' title='bbox 1898 2917 1992 2970; x_wconf 80' lang='grc' dir='ltr'>τὸν</span> 
     </span>
    </p>
   </div>
   <div class='ocr_carea' id='block_1_32' title="bbox 2088 2906 3661 2988">
    <p class='ocr_par' dir='ltr' id='par_1_32' title="bbox 2088 2906 3661 2988">
     <span class='ocr_line' id='line_1_32' title="bbox 2088 2906 3661 2988; baseline 0.002 -23"><span class='ocrx_word' id='word_1_308' title='bbox 2088 2915 2316 2987; x_wconf 65' lang='grc' dir='ltr'>μχιερέα,</span> <span class='ocrx_word' id='word_1_309' title='bbox 2353 2906 2742 2969; x_wconf 81' lang='lat' dir='ltr'>Constrisi-us</span> <span class='ocrx_word' id='word_1_310' title='bbox 2778 2907 3056 2968; x_wconf 86' lang='lat' dir='ltr'>canistro</span> <span class='ocrx_word' id='word_1_311' title='bbox 3079 2907 3422 2988; x_wconf 79' lang='lat' dir='ltr'>prafeetus</span> <span class='ocrx_word' id='word_1_312' title='bbox 3453 2914 3567 2982; x_wconf 89' lang='lat' dir='ltr'>est,</span> <span class='ocrx_word' id='word_1_313' title='bbox 3599 2915 3661 2968; x_wconf 90' lang='lat' dir='ltr'>et</span> 
     </span>
    </p>
   </div>
   <div class='ocr_carea' id='block_1_33' title="bbox 419 3000 3646 3084">
    <p class='ocr_par' dir='ltr' id='par_1_33' title="bbox 419 3000 3646 3084">
     <span class='ocr_line' id='line_1_33' title="bbox 419 3000 3646 3084; baseline 0.001 -23"><span class='ocrx_word' id='word_1_314' title='bbox 419 3000 801 3081; x_wconf 85' lang='lat' dir='ltr'>patriarcha</span> <span class='ocrx_word' id='word_1_315' title='bbox 823 3001 971 3062; x_wconf 90' lang='lat' dir='ltr'>dum</span> <span class='ocrx_word' id='word_1_316' title='bbox 1007 3010 1202 3063; x_wconf 86' lang='lat' dir='ltr'>vestes</span> <span class='ocrx_word' id='word_1_317' title='bbox 1230 3010 1456 3078; x_wconf 86' lang='lat' dir='ltr'>mutat,</span> <span class='ocrx_word' id='word_1_318' title='bbox 1487 3005 1704 3066; x_wconf 88' lang='lat' dir='ltr'>servit.</span> <span class='ocrx_word' id='word_1_319' title='bbox 1739 3007 1810 3066; x_wconf 85' lang='lat' dir='ltr'>In</span> <span class='ocrx_word' id='word_1_320' title='bbox 1842 3005 2011 3068; x_wconf 91' lang='lat' dir='ltr'>notis</span> <span class='ocrx_word' id='word_1_321' title='bbox 2049 3004 2236 3066; x_wconf 89' lang='lat' dir='ltr'>docet</span> <span class='ocrx_word' id='word_1_322' title='bbox 2268 3003 2447 3082; x_wconf 89' lang='lat' dir='ltr'>plura</span> <span class='ocrx_word' id='word_1_323' title='bbox 2512 3003 2788 3066; x_wconf 84' lang='lat' dir='ltr'>Goarius</span> <span class='ocrx_word' id='word_1_324' title='bbox 2824 3026 2838 3066; x_wconf 92' lang='lat'><strong>:</strong></span> <span class='ocrx_word' id='word_1_325' title='bbox 2875 3027 2904 3061; x_wconf 75' lang='grc' dir='ltr'><strong>α</strong></span> <span class='ocrx_word' id='word_1_326' title='bbox 2940 3013 3326 3084; x_wconf 81' lang='grc' dir='ltr'>Κανστρήσιος</span> <span class='ocrx_word' id='word_1_327' title='bbox 3358 3019 3646 3082; x_wconf 90' lang='lat' dir='ltr'>quoque,</span> 
     </span>
    </p>
   </div>
   <div class='ocr_carea' id='block_1_34' title="bbox 420 3097 1993 3180">
    <p class='ocr_par' dir='ltr' id='par_1_34' title="bbox 420 3101 1993 3180">
     <span class='ocr_line' id='line_1_34' title="bbox 420 3101 1993 3180; baseline 0.001 -20"><span class='ocrx_word' id='word_1_328' title='bbox 420 3113 672 3160; x_wconf 80' lang='lat' dir='ltr'>necnon</span> <span class='ocrx_word' id='word_1_329' title='bbox 708 3105 1083 3178; x_wconf 76' lang='grc' dir='ltr'>καστρινσιος,</span> <span class='ocrx_word' id='word_1_330' title='bbox 1113 3106 1173 3160; x_wconf 91' lang='lat' dir='ltr'>et</span> <span class='ocrx_word' id='word_1_331' title='bbox 1207 3108 1572 3180; x_wconf 83' lang='grc' dir='ltr'>καστρήνσιος</span> <span class='ocrx_word' id='word_1_332' title='bbox 1601 3101 1912 3180; x_wconf 88' lang='lat' dir='ltr'>scriptum</span> <span class='ocrx_word' id='word_1_333' title='bbox 1945 3117 1993 3162; x_wconf 82' lang='lat' dir='ltr'>rt</span> 
     </span>
    </p>
   </div>
   <div class='ocr_carea' id='block_1_35' title="bbox 2088 3097 3661 3180">
    <p class='ocr_par' dir='ltr' id='par_1_35' title="bbox 2088 3097 3661 3178">
     <span class='ocr_line' id='line_1_35' title="bbox 2088 3097 3661 3178; baseline 0 -20"><span class='ocrx_word' id='word_1_334' title='bbox 2088 3099 2251 3172; x_wconf 63' lang='lat' dir='ltr'>aries,</span> <span class='ocrx_word' id='word_1_335' title='bbox 2285 3107 2349 3160; x_wconf 90' lang='lat' dir='ltr'>et</span> <span class='ocrx_word' id='word_1_336' title='bbox 2383 3114 2497 3178; x_wconf 90' lang='lat' dir='ltr'>pro</span> <span class='ocrx_word' id='word_1_337' title='bbox 2530 3098 2723 3161; x_wconf 87' lang='lat' dir='ltr'>variis</span> <span class='ocrx_word' id='word_1_338' title='bbox 2755 3101 2992 3163; x_wconf 88' lang='lat' dir='ltr'>Gracis</span> <span class='ocrx_word' id='word_1_339' title='bbox 3024 3097 3523 3170; x_wconf 88' lang='lat' dir='ltr'>characteribus,</span> <span class='ocrx_word' id='word_1_340' title='bbox 3554 3115 3661 3160; x_wconf 88' lang='lat' dir='ltr'>va-</span> 
     </span>
    </p>
   </div>
   <div class='ocr_carea' id='block_1_36' title="bbox 421 3192 3658 3276">
    <p class='ocr_par' dir='ltr' id='par_1_36' title="bbox 421 3192 3658 3276">
     <span class='ocr_line' id='line_1_36' title="bbox 421 3192 3658 3276; baseline -0 -22"><span class='ocrx_word' id='word_1_341' title='bbox 421 3193 515 3256; x_wconf 88' lang='lat' dir='ltr'>rie</span> <span class='ocrx_word' id='word_1_342' title='bbox 546 3209 809 3274; x_wconf 81' lang='lat' dir='ltr'>quoque</span> <span class='ocrx_word' id='word_1_343' title='bbox 841 3194 1064 3256; x_wconf 86' lang='lat' dir='ltr'>Latine</span> <span class='ocrx_word' id='word_1_344' title='bbox 1098 3194 1418 3258; x_wconf 89' lang='lat' dir='ltr'>redditum</span> <span class='ocrx_word' id='word_1_345' title='bbox 1447 3195 1880 3276; x_wconf 88' lang='lat' dir='ltr'>(canstresius,</span> <span class='ocrx_word' id='word_1_346' title='bbox 1911 3195 2313 3270; x_wconf 89' lang='lat' dir='ltr'>castrinsius,</span> <span class='ocrx_word' id='word_1_347' title='bbox 2372 3195 2808 3276; x_wconf 88' lang='lat' dir='ltr'>castrensius).</span> <span class='ocrx_word' id='word_1_348' title='bbox 2842 3197 3084 3259; x_wconf 90' lang='lat' dir='ltr'>Sensus</span> <span class='ocrx_word' id='word_1_349' title='bbox 3117 3194 3508 3273; x_wconf 86' lang='lat' dir='ltr'>requiratur,</span> <span class='ocrx_word' id='word_1_350' title='bbox 3542 3192 3658 3255; x_wconf 89' lang='lat' dir='ltr'>ubi</span> 
     </span>
    </p>
   </div>
   <div class='ocr_carea' id='block_1_37' title="bbox 422 3288 1995 3380">
    <p class='ocr_par' dir='ltr' id='par_1_37' title="bbox 422 3288 1995 3371">
     <span class='ocr_line' id='line_1_37' title="bbox 422 3288 1995 3371; baseline 0.002 -22"><span class='ocrx_word' id='word_1_351' title='bbox 422 3288 524 3350; x_wconf 78' lang='lat' dir='ltr'>vix</span> <span class='ocrx_word' id='word_1_352' title='bbox 554 3289 736 3370; x_wconf 89' lang='lat' dir='ltr'>juvat</span> <span class='ocrx_word' id='word_1_353' title='bbox 759 3288 1105 3354; x_wconf 79' lang='lat' dir='ltr'>character.</span> <span class='ocrx_word' id='word_1_354' title='bbox 1130 3299 1496 3371; x_wconf 82' lang='grc' dir='ltr'>Κανστρισιον</span> <span class='ocrx_word' id='word_1_355' title='bbox 1525 3299 1744 3355; x_wconf 84' lang='grc' dir='ltr'>ἀπὸτοῦ</span> <span class='ocrx_word' id='word_1_356' title='bbox 1776 3299 1995 3368; x_wconf 77' lang='grc' dir='ltr'>κανστρι</span> 
     </span>
    </p>
   </div>
   <div class='ocr_carea' id='block_1_38' title="bbox 2090 3288 3663 3380">
    <p class='ocr_par' dir='ltr' id='par_1_38' title="bbox 2097 3289 3663 3380">
     <span class='ocr_line' id='line_1_38' title="bbox 2097 3289 3663 3380; baseline -0.002 -28"><span class='ocrx_word' id='word_1_357' title='bbox 2097 3289 2338 3352; x_wconf 88' lang='lat' dir='ltr'>dictum</span> <span class='ocrx_word' id='word_1_358' title='bbox 2375 3289 2568 3352; x_wconf 81' lang='lat' dir='ltr'>video</span> <span class='ocrx_word' id='word_1_359' title='bbox 2603 3289 2880 3380; x_wconf 21' lang='lat' dir='ltr'>:(quod).</span> <span class='ocrx_word' id='word_1_360' title='bbox 2905 3293 3098 3370; x_wconf 86' lang='lat' dir='ltr'>panis</span> <span class='ocrx_word' id='word_1_361' title='bbox 3149 3289 3460 3352; x_wconf 85' lang='lat' dir='ltr'>benedicti</span> <span class='ocrx_word' id='word_1_362' title='bbox 3525 3289 3663 3350; x_wconf 83' lang='lat' dir='ltr'>lan-</span> 
     </span>
    </p>
   </div>
   <div class='ocr_carea' id='block_1_39' title="bbox 419 3385 3664 3469">
    <p class='ocr_par' dir='ltr' id='par_1_39' title="bbox 419 3385 3664 3469">
     <span class='ocr_line' id='line_1_39' title="bbox 419 3385 3664 3469; baseline 0 -23"><span class='ocrx_word' id='word_1_363' title='bbox 419 3404 569 3461; x_wconf 88' lang='lat' dir='ltr'>cem,</span> <span class='ocrx_word' id='word_1_364' title='bbox 617 3386 718 3450; x_wconf 87' lang='lat' dir='ltr'>vel</span> <span class='ocrx_word' id='word_1_365' title='bbox 757 3386 973 3465; x_wconf 85' lang='lat' dir='ltr'>potius</span> <span class='ocrx_word' id='word_1_366' title='bbox 995 3389 1200 3450; x_wconf 81' lang='lat' dir='ltr'>thuris</span> <span class='ocrx_word' id='word_1_367' title='bbox 1221 3389 1525 3463; x_wconf 87' lang='lat' dir='ltr'>arculam,</span> <span class='ocrx_word' id='word_1_368' title='bbox 1553 3389 1652 3452; x_wconf 92' lang='lat' dir='ltr'>vel</span> <span class='ocrx_word' id='word_1_369' title='bbox 1687 3387 1970 3469; x_wconf 90' lang='lat' dir='ltr'>denique</span> <span class='ocrx_word' id='word_1_370' title='bbox 1997 3387 2345 3450; x_wconf 83' lang='lat' dir='ltr'>canistrum</span> <span class='ocrx_word' id='word_1_371' title='bbox 2375 3386 2768 3466; x_wconf 87' lang='lat' dir='ltr'>recipiendis</span> <span class='ocrx_word' id='word_1_372' title='bbox 2795 3387 3164 3467; x_wconf 88' lang='lat' dir='ltr'>patriarcha</span> <span class='ocrx_word' id='word_1_373' title='bbox 3196 3386 3485 3449; x_wconf 89' lang='lat' dir='ltr'>vestibus</span> <span class='ocrx_word' id='word_1_374' title='bbox 3515 3385 3664 3447; x_wconf 90' lang='lat' dir='ltr'>ido-</span> 
     </span>
    </p>
   </div>
   <div class='ocr_carea' id='block_1_40' title="bbox 420 3484 1992 3572">
    <p class='ocr_par' dir='ltr' id='par_1_40' title="bbox 420 3484 1992 3572">
     <span class='ocr_line' id='line_1_40' title="bbox 420 3484 1992 3572; baseline 0.01 -28"><span class='ocrx_word' id='word_1_375' title='bbox 420 3500 617 3544; x_wconf 90' lang='lat' dir='ltr'>neum</span> <span class='ocrx_word' id='word_1_376' title='bbox 656 3484 1063 3572; x_wconf 75' lang='lat' dir='ltr'>interpretor.</span> <span class='ocrx_word' id='word_1_377' title='bbox 1105 3508 1133 3542; x_wconf 85' lang='grc'><strong>››</strong></span> <span class='ocrx_word' id='word_1_378' title='bbox 1989 3557 1992 3559; x_wconf 72' lang='grc'>,</span> 
     </span>
    </p>
   </div>
   <div class='ocr_carea' id='block_1_41' title="bbox 500 3580 3664 3647">
    <p class='ocr_par' dir='ltr' id='par_1_41' title="bbox 500 3580 3664 3647">
     <span class='ocr_line' id='line_1_41' title="bbox 500 3580 3664 3647; baseline -0 -6"><span class='ocrx_word' id='word_1_379' title='bbox 500 3580 730 3642; x_wconf 89' lang='lat' dir='ltr'>Utilem</span> <span class='ocrx_word' id='word_1_380' title='bbox 782 3581 950 3644; x_wconf 83' lang='lat' dir='ltr'>addo</span> <span class='ocrx_word' id='word_1_381' title='bbox 987 3582 1206 3645; x_wconf 88' lang='lat' dir='ltr'>Jacobi</span> <span class='ocrx_word' id='word_1_382' title='bbox 1258 3583 1543 3646; x_wconf 86' lang='lat' dir='ltr'>Gretseri</span> <span class='ocrx_word' id='word_1_383' title='bbox 1587 3582 2104 3646; x_wconf 85' lang='lat' dir='ltr'>observationem</span> <span class='ocrx_word' id='word_1_384' title='bbox 2146 3606 2161 3645; x_wconf 90' lang='lat'><strong>:</strong></span> <span class='ocrx_word' id='word_1_385' title='bbox 2197 3604 2226 3640; x_wconf 77' lang='grc' dir='ltr'><strong><em>α</em></strong></span> <span class='ocrx_word' id='word_1_386' title='bbox 2263 3584 2635 3646; x_wconf 85' lang='lat' dir='ltr'>Boneﬁdius</span> <span class='ocrx_word' id='word_1_387' title='bbox 2688 3583 2754 3647; x_wconf 91' lang='lat' dir='ltr'>in</span> <span class='ocrx_word' id='word_1_388' title='bbox 2790 3586 2942 3646; x_wconf 89' lang='lat' dir='ltr'>Jure</span> <span class='ocrx_word' id='word_1_389' title='bbox 3017 3598 3139 3645; x_wconf 92' lang='lat' dir='ltr'>suo</span> <span class='ocrx_word' id='word_1_390' title='bbox 3191 3580 3504 3645; x_wconf 89' lang='lat' dir='ltr'>Orientali</span> <span class='ocrx_word' id='word_1_391' title='bbox 3555 3596 3664 3642; x_wconf 86' lang='lat' dir='ltr'>vo-</span> 
     </span>
    </p>
   </div>
   <div class='ocr_carea' id='block_1_42' title="bbox 419 3676 3660 3754">
    <p class='ocr_par' dir='ltr' id='par_1_42' title="bbox 419 3676 3660 3754">
     <span class='ocr_line' id='line_1_42' title="bbox 419 3676 3660 3754; baseline -0 -16"><span class='ocrx_word' id='word_1_392' title='bbox 419 3687 517 3739; x_wconf 88' lang='lat' dir='ltr'>cat</span> <span class='ocrx_word' id='word_1_393' title='bbox 555 3687 955 3754; x_wconf 85' lang='lat' dir='ltr'>castrensem,</span> <span class='ocrx_word' id='word_1_394' title='bbox 984 3679 1171 3743; x_wconf 90' lang='lat' dir='ltr'>male.</span> <span class='ocrx_word' id='word_1_395' title='bbox 1204 3679 1373 3742; x_wconf 89' lang='lat' dir='ltr'>Nihil</span> <span class='ocrx_word' id='word_1_396' title='bbox 1415 3680 1585 3743; x_wconf 90' lang='lat' dir='ltr'>enim</span> <span class='ocrx_word' id='word_1_397' title='bbox 1619 3679 1743 3743; x_wconf 94' lang='lat' dir='ltr'>loci</span> <span class='ocrx_word' id='word_1_398' title='bbox 1775 3681 2116 3742; x_wconf 88' lang='lat' dir='ltr'>castrensis</span> <span class='ocrx_word' id='word_1_399' title='bbox 2151 3681 2214 3741; x_wconf 93' lang='lat' dir='ltr'>in</span> <span class='ocrx_word' id='word_1_400' title='bbox 2253 3681 2540 3744; x_wconf 87' lang='lat' dir='ltr'>Ecclesia</span> <span class='ocrx_word' id='word_1_401' title='bbox 2581 3689 2643 3744; x_wconf 92' lang='lat' dir='ltr'>et</span> <span class='ocrx_word' id='word_1_402' title='bbox 2692 3680 3152 3744; x_wconf 88' lang='lat' dir='ltr'>ecclesiasticis</span> <span class='ocrx_word' id='word_1_403' title='bbox 3184 3679 3436 3742; x_wconf 82' lang='lat' dir='ltr'>ofﬁciis.</span> <span class='ocrx_word' id='word_1_404' title='bbox 3478 3676 3660 3739; x_wconf 90' lang='lat' dir='ltr'>Dici-</span> 
     </span>
    </p>
   </div>
   <div class='ocr_carea' id='block_1_43' title="bbox 420 3771 1993 3864">
    <p class='ocr_par' dir='ltr' id='par_1_43' title="bbox 420 3776 1993 3856">
     <span class='ocr_line' id='line_1_43' title="bbox 420 3776 1993 3856; baseline -0.001 -22"><span class='ocrx_word' id='word_1_405' title='bbox 420 3783 527 3835; x_wconf 89' lang='lat' dir='ltr'>tur</span> <span class='ocrx_word' id='word_1_406' title='bbox 561 3790 716 3854; x_wconf 86' lang='lat' dir='ltr'>ergo</span> <span class='ocrx_word' id='word_1_407' title='bbox 754 3776 1155 3851; x_wconf 88' lang='lat' dir='ltr'>canstrisius,</span> <span class='ocrx_word' id='word_1_408' title='bbox 1190 3777 1377 3856; x_wconf 89' lang='lat' dir='ltr'>quasi</span> <span class='ocrx_word' id='word_1_409' title='bbox 1409 3777 1750 3838; x_wconf 87' lang='lat' dir='ltr'>canistrius</span> <span class='ocrx_word' id='word_1_410' title='bbox 1780 3791 1814 3838; x_wconf 88' lang='lat' dir='ltr'>a</span> <span class='ocrx_word' id='word_1_411' title='bbox 1843 3776 1993 3838; x_wconf 58' lang='lat' dir='ltr'>cani.</span> 
     </span>
    </p>
   </div>
   <div class='ocr_carea' id='block_1_44' title="bbox 2084 3771 3657 3864">
    <p class='ocr_par' dir='ltr' id='par_1_44' title="bbox 2084 3771 3657 3864">
     <span class='ocr_line' id='line_1_44' title="bbox 2084 3771 3657 3864; baseline -0.003 -29"><span class='ocrx_word' id='word_1_412' title='bbox 2084 3793 2147 3836; x_wconf 84' lang='lat'>‘0.</span> <span class='ocrx_word' id='word_1_413' title='bbox 2189 3777 2306 3838; x_wconf 81' lang='lat' dir='ltr'>Jus</span> <span class='ocrx_word' id='word_1_414' title='bbox 2359 3775 2418 3839; x_wconf 91' lang='lat' dir='ltr'>ei</span> <span class='ocrx_word' id='word_1_415' title='bbox 2449 3785 2580 3840; x_wconf 88' lang='lat' dir='ltr'>erat</span> <span class='ocrx_word' id='word_1_416' title='bbox 2639 3787 2721 3850; x_wconf 81' lang='grc' dir='ltr'>εἰς</span> <span class='ocrx_word' id='word_1_417' title='bbox 2756 3785 2817 3838; x_wconf 82' lang='grc' dir='ltr'>τὸ</span> <span class='ocrx_word' id='word_1_418' title='bbox 2845 3785 3164 3864; x_wconf 65' lang='grc' dir='ltr'>κάγστριον,</span> <span class='ocrx_word' id='word_1_419' title='bbox 3196 3774 3410 3854; x_wconf 78' lang='lat' dir='ltr'>inquit</span> <span class='ocrx_word' id='word_1_420' title='bbox 3463 3771 3657 3836; x_wconf 90' lang='lat' dir='ltr'>Codi-</span> 
     </span>
    </p>
   </div>
   <div class='ocr_carea' id='block_1_45' title="bbox 417 3867 1990 3952">
    <p class='ocr_par' dir='ltr' id='par_1_45' title="bbox 417 3873 1990 3952">
     <span class='ocr_line' id='line_1_45' title="bbox 417 3873 1990 3952; baseline 0 -20"><span class='ocrx_word' id='word_1_421' title='bbox 417 3889 568 3943; x_wconf 80' lang='lat' dir='ltr'>nus,</span> <span class='ocrx_word' id='word_1_422' title='bbox 604 3873 673 3934; x_wconf 87' lang='lat' dir='ltr'>in</span> <span class='ocrx_word' id='word_1_423' title='bbox 703 3873 1052 3935; x_wconf 74' lang='lat' dir='ltr'>canistrum</span> <span class='ocrx_word' id='word_1_424' title='bbox 1082 3882 1176 3936; x_wconf 67' lang='grc' dir='ltr'>καὶ</span> <span class='ocrx_word' id='word_1_425' title='bbox 1210 3883 1290 3945; x_wconf 77' lang='grc' dir='ltr'>εἰς</span> <span class='ocrx_word' id='word_1_426' title='bbox 1316 3881 1376 3935; x_wconf 78' lang='grc' dir='ltr'>τὸ</span> <span class='ocrx_word' id='word_1_427' title='bbox 1401 3881 1691 3937; x_wconf 82' lang='grc' dir='ltr'>ἀλλάσσειν</span> <span class='ocrx_word' id='word_1_428' title='bbox 1713 3880 1803 3934; x_wconf 79' lang='grc' dir='ltr'>τὸν</span> <span class='ocrx_word' id='word_1_429' title='bbox 1831 3882 1990 3952; x_wconf 82' lang='grc' dir='ltr'>ἀρχιε</span> 
     </span>
    </p>
   </div>
   <div class='ocr_carea' id='block_1_46' title="bbox 2086 3867 3659 3952">
    <p class='ocr_par' dir='ltr' id='par_1_46' title="bbox 2086 3867 3659 3950">
     <span class='ocr_line' id='line_1_46' title="bbox 2086 3867 3659 3950; baseline -0.004 -17"><span class='ocrx_word' id='word_1_430' title='bbox 2086 3888 2137 3933; x_wconf 81' lang='grc' dir='ltr'><strong>ι·</strong></span> <span class='ocrx_word' id='word_1_431' title='bbox 2175 3872 2365 3933; x_wconf 89' lang='lat' dir='ltr'>etiam</span> <span class='ocrx_word' id='word_1_432' title='bbox 2401 3889 2640 3934; x_wconf 91' lang='lat' dir='ltr'>munus</span> <span class='ocrx_word' id='word_1_433' title='bbox 2674 3877 2829 3947; x_wconf 90' lang='lat' dir='ltr'>erat,</span> <span class='ocrx_word' id='word_1_434' title='bbox 2858 3870 3300 3950; x_wconf 88' lang='lat' dir='ltr'>patriarcham,</span> <span class='ocrx_word' id='word_1_435' title='bbox 3347 3885 3464 3930; x_wconf 89' lang='lat' dir='ltr'>seu</span> <span class='ocrx_word' id='word_1_436' title='bbox 3520 3867 3659 3945; x_wconf 89' lang='lat' dir='ltr'>epi-</span> 
     </span>
    </p>
   </div>
   <div class='ocr_carea' id='block_1_47' title="bbox 418 3965 3662 4048">
    <p class='ocr_par' dir='ltr' id='par_1_47' title="bbox 418 3965 3662 4048">
     <span class='ocr_line' id='line_1_47' title="bbox 418 3965 3662 4048; baseline -0.002 -19"><span class='ocrx_word' id='word_1_437' title='bbox 418 3983 708 4045; x_wconf 87' lang='lat' dir='ltr'>sc0pum,</span> <span class='ocrx_word' id='word_1_438' title='bbox 743 3969 1004 4048; x_wconf 90' lang='lat' dir='ltr'>quando</span> <span class='ocrx_word' id='word_1_439' title='bbox 1031 3977 1242 4032; x_wconf 91' lang='lat' dir='ltr'>vestes</span> <span class='ocrx_word' id='word_1_440' title='bbox 1273 3970 1339 4031; x_wconf 93' lang='lat' dir='ltr'>in</span> <span class='ocrx_word' id='word_1_441' title='bbox 1383 3987 1449 4031; x_wconf 92' lang='lat' dir='ltr'>re</span> <span class='ocrx_word' id='word_1_442' title='bbox 1487 3969 1705 4030; x_wconf 88' lang='lat' dir='ltr'>divina</span> <span class='ocrx_word' id='word_1_443' title='bbox 1738 3969 2101 4047; x_wconf 81' lang='lat' dir='ltr'>peragenda</span> <span class='ocrx_word' id='word_1_444' title='bbox 2157 3967 2482 4031; x_wconf 89' lang='lat' dir='ltr'>mutanda</span> <span class='ocrx_word' id='word_1_445' title='bbox 2516 3979 2720 4044; x_wconf 90' lang='lat' dir='ltr'>erant,</span> <span class='ocrx_word' id='word_1_446' title='bbox 2749 3969 3050 4048; x_wconf 89' lang='lat' dir='ltr'>adjuvare</span> <span class='ocrx_word' id='word_1_447' title='bbox 3084 3974 3144 4028; x_wconf 90' lang='lat' dir='ltr'>et</span> <span class='ocrx_word' id='word_1_448' title='bbox 3200 3965 3496 4034; x_wconf 91' lang='lat' dir='ltr'>induere,</span> <span class='ocrx_word' id='word_1_449' title='bbox 3534 3978 3662 4024; x_wconf 88' lang='lat' dir='ltr'>una</span> 
     </span>
    </p>
   </div>
   <div class='ocr_carea' id='block_1_48' title="bbox 415 4060 3660 4146">
    <p class='ocr_par' dir='ltr' id='par_1_48' title="bbox 415 4060 3660 4146">
     <span class='ocr_line' id='line_1_48' title="bbox 415 4060 3660 4146; baseline -0.002 -22"><span class='ocrx_word' id='word_1_450' title='bbox 415 4079 559 4125; x_wconf 90' lang='lat' dir='ltr'>cum</span> <span class='ocrx_word' id='word_1_451' title='bbox 590 4065 1086 4127; x_wconf 86' lang='lat' dir='ltr'>hieromemnone</span> <span class='ocrx_word' id='word_1_452' title='bbox 1121 4066 1273 4142; x_wconf 86' lang='lat' dir='ltr'>[alio</span> <span class='ocrx_word' id='word_1_453' title='bbox 1309 4064 1586 4140; x_wconf 73' lang='lat' dir='ltr'>ofﬁciali,</span> <span class='ocrx_word' id='word_1_454' title='bbox 1621 4064 1946 4126; x_wconf 85' lang='lat' dir='ltr'>canstrisii</span> <span class='ocrx_word' id='word_1_455' title='bbox 1972 4066 2311 4146; x_wconf 85' lang='lat' dir='ltr'>adjutore].</span> <span class='ocrx_word' id='word_1_456' title='bbox 2351 4068 2574 4146; x_wconf 85' lang='lat' dir='ltr'>Itaque</span> <span class='ocrx_word' id='word_1_457' title='bbox 2609 4067 2933 4128; x_wconf 88' lang='lat' dir='ltr'>canstrion</span> <span class='ocrx_word' id='word_1_458' title='bbox 2965 4063 3127 4126; x_wconf 87' lang='lat' dir='ltr'>nihil</span> <span class='ocrx_word' id='word_1_459' title='bbox 3171 4062 3348 4124; x_wconf 92' lang='lat' dir='ltr'>aliud</span> <span class='ocrx_word' id='word_1_460' title='bbox 3404 4060 3660 4123; x_wconf 87' lang='lat' dir='ltr'>videtur</span> 
     </span>
    </p>
   </div>
   <div class='ocr_carea' id='block_1_49' title="bbox 418 4149 3657 4242">
    <p class='ocr_par' dir='ltr' id='par_1_49' title="bbox 418 4149 3657 4242">
     <span class='ocr_line' id='line_1_49' title="bbox 418 4149 3657 4242; baseline -0.002 -22"><span class='ocrx_word' id='word_1_461' title='bbox 418 4149 522 4222; x_wconf 89' lang='lat' dir='ltr'>hic</span> <span class='ocrx_word' id='word_1_462' title='bbox 553 4177 726 4237; x_wconf 91' lang='lat' dir='ltr'>esse,</span> <span class='ocrx_word' id='word_1_463' title='bbox 760 4177 952 4242; x_wconf 90' lang='lat' dir='ltr'>quam</span> <span class='ocrx_word' id='word_1_464' title='bbox 1007 4161 1402 4235; x_wconf 83' lang='lat' dir='ltr'>vestiarium,</span> <span class='ocrx_word' id='word_1_465' title='bbox 1438 4178 1554 4223; x_wconf 91' lang='lat' dir='ltr'>seu</span> <span class='ocrx_word' id='word_1_466' title='bbox 1590 4161 1767 4222; x_wconf 90' lang='lat' dir='ltr'>locus</span> <span class='ocrx_word' id='word_1_467' title='bbox 1821 4159 2098 4223; x_wconf 90' lang='lat' dir='ltr'>vestium</span> <span class='ocrx_word' id='word_1_468' title='bbox 2144 4176 2466 4223; x_wconf 89' lang='lat' dir='ltr'>sacrarum</span> <span class='ocrx_word' id='word_1_469' title='bbox 2504 4181 2519 4220; x_wconf 91' lang='lat'><strong>:</strong></span> <span class='ocrx_word' id='word_1_470' title='bbox 2555 4167 2616 4224; x_wconf 92' lang='lat' dir='ltr'>et</span> <span class='ocrx_word' id='word_1_471' title='bbox 2653 4161 2794 4239; x_wconf 90' lang='lat' dir='ltr'>ipse</span> <span class='ocrx_word' id='word_1_472' title='bbox 2848 4159 3223 4222; x_wconf 88' lang='lat' dir='ltr'>canstrisius</span> <span class='ocrx_word' id='word_1_473' title='bbox 3265 4155 3426 4219; x_wconf 90' lang='lat' dir='ltr'>nihil</span> <span class='ocrx_word' id='word_1_474' title='bbox 3481 4154 3657 4216; x_wconf 87' lang='lat' dir='ltr'>aliud</span> 
     </span>
    </p>
   </div>
   <div class='ocr_carea' id='block_1_50' title="bbox 417 4255 2565 4336">
    <p class='ocr_par' dir='ltr' id='par_1_50' title="bbox 417 4255 2565 4336">
     <span class='ocr_line' id='line_1_50' title="bbox 417 4255 2565 4336; baseline -0.001 -18"><span class='ocrx_word' id='word_1_475' title='bbox 417 4275 611 4336; x_wconf 90' lang='lat' dir='ltr'>quam</span> <span class='ocrx_word' id='word_1_476' title='bbox 654 4257 709 4319; x_wconf 88' lang='lat' dir='ltr'>is</span> <span class='ocrx_word' id='word_1_477' title='bbox 742 4258 856 4335; x_wconf 90' lang='lat' dir='ltr'>qui</span> <span class='ocrx_word' id='word_1_478' title='bbox 891 4258 1060 4320; x_wconf 91' lang='lat' dir='ltr'>inter</span> <span class='ocrx_word' id='word_1_479' title='bbox 1099 4257 1410 4336; x_wconf 89' lang='lat' dir='ltr'>palatinas</span> <span class='ocrx_word' id='word_1_480' title='bbox 1441 4256 1786 4335; x_wconf 86' lang='lat' dir='ltr'>dignitates</span> <span class='ocrx_word' id='word_1_481' title='bbox 1818 4255 2176 4333; x_wconf 87' lang='lat' dir='ltr'>appellatur</span> <span class='ocrx_word' id='word_1_482' title='bbox 2203 4257 2565 4318; x_wconf 88' lang='lat' dir='ltr'>vestiarius.</span> 
     </span>
    </p>
   </div>
   <div class='ocr_carea' id='block_1_51' title="bbox 491 4345 3656 4431">
    <p class='ocr_par' dir='ltr' id='par_1_51' title="bbox 491 4345 3656 4431">
     <span class='ocr_line' id='line_1_51' title="bbox 491 4345 3656 4431; baseline -0.004 -15"><span class='ocrx_word' id='word_1_483' title='bbox 491 4355 593 4416; x_wconf 78' lang='lat'>55.</span> <span class='ocrx_word' id='word_1_484' title='bbox 627 4356 696 4416; x_wconf 82' lang='lat' dir='ltr'>in</span> <span class='ocrx_word' id='word_1_485' title='bbox 732 4355 956 4418; x_wconf 87' lang='lat' dir='ltr'>eadem</span> <span class='ocrx_word' id='word_1_486' title='bbox 987 4354 1068 4416; x_wconf 90' lang='lat' dir='ltr'>ad</span> <span class='ocrx_word' id='word_1_487' title='bbox 1089 4351 1420 4418; x_wconf 90' lang='lat' dir='ltr'>Nicolaum</span> <span class='ocrx_word' id='word_1_488' title='bbox 1444 4351 1775 4413; x_wconf 85' lang='lat' dir='ltr'>diaconum</span> <span class='ocrx_word' id='word_1_489' title='bbox 1805 4361 1863 4412; x_wconf 91' lang='lat' dir='ltr'>et</span> <span class='ocrx_word' id='word_1_490' title='bbox 1899 4353 2304 4414; x_wconf 88' lang='lat' dir='ltr'>canstrisium</span> <span class='ocrx_word' id='word_1_491' title='bbox 2339 4350 2658 4431; x_wconf 88' lang='lat' dir='ltr'>Epistola,</span> <span class='ocrx_word' id='word_1_492' title='bbox 2684 4351 2820 4414; x_wconf 90' lang='lat' dir='ltr'>sive</span> <span class='ocrx_word' id='word_1_493' title='bbox 2853 4351 3332 4422; x_wconf 89' lang='lat' dir='ltr'>Dissertatione,</span> <span class='ocrx_word' id='word_1_494' title='bbox 3366 4347 3504 4409; x_wconf 88' lang='lat' dir='ltr'>sive</span> <span class='ocrx_word' id='word_1_495' title='bbox 3535 4345 3656 4405; x_wconf 83' lang='lat' dir='ltr'>Al-</span> 
     </span>
    </p>
   </div>
   <div class='ocr_carea' id='block_1_52' title="bbox 418 4439 3656 4529">
    <p class='ocr_par' dir='ltr' id='par_1_52' title="bbox 418 4439 3656 4529">
     <span class='ocr_line' id='line_1_52' title="bbox 418 4439 3656 4529; baseline -0.003 -21"><span class='ocrx_word' id='word_1_496' title='bbox 418 4449 752 4523; x_wconf 88' lang='lat' dir='ltr'>locutione,</span> <span class='ocrx_word' id='word_1_497' title='bbox 784 4451 922 4513; x_wconf 88' lang='lat' dir='ltr'>sive</span> <span class='ocrx_word' id='word_1_498' title='bbox 955 4449 1305 4529; x_wconf 84' lang='lat' dir='ltr'>Colloquio,</span> <span class='ocrx_word' id='word_1_499' title='bbox 1338 4449 1422 4510; x_wconf 85' lang='lat' dir='ltr'>iis</span> <span class='ocrx_word' id='word_1_500' title='bbox 1447 4448 1712 4510; x_wconf 90' lang='lat' dir='ltr'>omnino</span> <span class='ocrx_word' id='word_1_501' title='bbox 1745 4465 2052 4525; x_wconf 85' lang='lat' dir='ltr'>expressa</span> <span class='ocrx_word' id='word_1_502' title='bbox 2090 4446 2301 4516; x_wconf 82' lang='lat' dir='ltr'>verbis</span> <span class='ocrx_word' id='word_1_503' title='bbox 2350 4445 2658 4524; x_wconf 87' lang='lat' dir='ltr'>leguntur</span> <span class='ocrx_word' id='word_1_504' title='bbox 2686 4445 3072 4526; x_wconf 86' lang='lat' dir='ltr'>Argumenta</span> <span class='ocrx_word' id='word_1_505' title='bbox 3103 4442 3318 4505; x_wconf 89' lang='lat' dir='ltr'>omnia</span> <span class='ocrx_word' id='word_1_506' title='bbox 3355 4439 3656 4501; x_wconf 88' lang='lat' dir='ltr'>adversus</span> 
     </span>
    </p>
   </div>
   <div class='ocr_carea' id='block_1_53' title="bbox 413 4537 3687 4636">
    <p class='ocr_par' dir='ltr' id='par_1_53' title="bbox 413 4537 3687 4636">
     <span class='ocr_line' id='line_1_53' title="bbox 413 4537 3687 4636; baseline -0.003 -31"><span class='ocrx_word' id='word_1_507' title='bbox 413 4547 876 4622; x_wconf 85' lang='lat' dir='ltr'>processionem</span> <span class='ocrx_word' id='word_1_508' title='bbox 902 4547 1184 4625; x_wconf 85' lang='lat' dir='ltr'>Spiritus</span> <span class='ocrx_word' id='word_1_509' title='bbox 1213 4544 1419 4606; x_wconf 87' lang='lat' dir='ltr'>sancti</span> <span class='ocrx_word' id='word_1_510' title='bbox 1456 4561 1534 4604; x_wconf 76' lang='lat' dir='ltr'>ex</span> <span class='ocrx_word' id='word_1_511' title='bbox 1563 4543 1752 4604; x_wconf 89' lang='lat' dir='ltr'>Patre</span> <span class='ocrx_word' id='word_1_512' title='bbox 1779 4541 2093 4621; x_wconf 88' lang='lat' dir='ltr'>Filioque,</span> <span class='ocrx_word' id='word_1_513' title='bbox 2119 4560 2263 4622; x_wconf 88' lang='lat' dir='ltr'>qua</span> <span class='ocrx_word' id='word_1_514' title='bbox 2292 4541 2472 4603; x_wconf 74' lang='lat' dir='ltr'>affert</span> <span class='ocrx_word' id='word_1_515' title='bbox 2503 4558 2647 4603; x_wconf 85' lang='lat' dir='ltr'>cum</span> <span class='ocrx_word' id='word_1_516' title='bbox 2671 4541 2808 4602; x_wconf 90' lang='lat' dir='ltr'>suis</span> <span class='ocrx_word' id='word_1_517' title='bbox 2826 4537 3345 4603; x_wconf 82' lang='lat' dir='ltr'>Refutationibus</span> <span class='ocrx_word' id='word_1_518' title='bbox 3366 4538 3652 4636; x_wconf 72' lang='lat' dir='ltr'>Joannes</span> <span class='ocrx_word' id='word_1_519' title='bbox 3685 4632 3687 4636; x_wconf 23' lang='grc' dir='ltr'><strong>Ι</strong></span> 
     </span>
    </p>
   </div>
   <div class='ocr_carea' id='block_1_54' title="bbox 419 4628 3690 4722">
    <p class='ocr_par' dir='ltr' id='par_1_54' title="bbox 419 4628 3690 4722">
     <span class='ocr_line' id='line_1_54' title="bbox 419 4628 3690 4722; baseline -0.004 -19"><span class='ocrx_word' id='word_1_520' title='bbox 419 4645 680 4717; x_wconf 83' lang='lat' dir='ltr'>Beccus,</span> <span class='ocrx_word' id='word_1_521' title='bbox 717 4643 1068 4722; x_wconf 89' lang='lat' dir='ltr'>patriarcha</span> <span class='ocrx_word' id='word_1_522' title='bbox 1101 4640 1874 4720; x_wconf 89' lang='lat' dir='ltr'>Constantinopolitanus,</span> <span class='ocrx_word' id='word_1_523' title='bbox 1903 4641 1972 4702; x_wconf 90' lang='lat' dir='ltr'>in</span> <span class='ocrx_word' id='word_1_524' title='bbox 2025 4637 2323 4700; x_wconf 87' lang='lat' dir='ltr'>Oratione</span> <span class='ocrx_word' id='word_1_525' title='bbox 2360 4639 2389 4697; x_wconf 89' lang='grc'>1</span> <span class='ocrx_word' id='word_1_526' title='bbox 2429 4637 2501 4698; x_wconf 92' lang='lat' dir='ltr'>de</span> <span class='ocrx_word' id='word_1_527' title='bbox 2527 4639 2758 4699; x_wconf 87' lang='lat' dir='ltr'>unione</span> <span class='ocrx_word' id='word_1_528' title='bbox 2783 4635 3232 4707; x_wconf 85' lang='lat' dir='ltr'>Ecclesiarum,</span> <span class='ocrx_word' id='word_1_529' title='bbox 3274 4634 3444 4711; x_wconf 87' lang='lat' dir='ltr'>apud</span> <span class='ocrx_word' id='word_1_530' title='bbox 3478 4628 3652 4690; x_wconf 82' lang='lat' dir='ltr'>Alla-</span> <span class='ocrx_word' id='word_1_531' title='bbox 3685 4632 3690 4642; x_wconf 77' lang='lat'><strong>&quot;</strong></span> 
     </span>
    </p>
   </div>
   <div class='ocr_carea' id='block_1_55' title="bbox 419 4725 3652 4815">
    <p class='ocr_par' dir='ltr' id='par_1_55' title="bbox 419 4725 3652 4815">
     <span class='ocr_line' id='line_1_55' title="bbox 419 4725 3652 4815; baseline -0.004 -17"><span class='ocrx_word' id='word_1_532' title='bbox 419 4740 579 4801; x_wconf 91' lang='lat' dir='ltr'>tium</span> <span class='ocrx_word' id='word_1_533' title='bbox 615 4747 784 4802; x_wconf 88' lang='lat' dir='ltr'>tomo</span> <span class='ocrx_word' id='word_1_534' title='bbox 819 4741 842 4802; x_wconf 89' lang='grc'>1</span> <span class='ocrx_word' id='word_1_535' title='bbox 881 4739 1134 4802; x_wconf 86' lang='lat' dir='ltr'>Gracia</span> <span class='ocrx_word' id='word_1_536' title='bbox 1165 4737 1550 4813; x_wconf 73' lang='lat' dir='ltr'>orthodoxa,</span> <span class='ocrx_word' id='word_1_537' title='bbox 1596 4754 1628 4798; x_wconf 91' lang='lat' dir='ltr'>a</span> <span class='ocrx_word' id='word_1_538' title='bbox 1662 4754 1803 4815; x_wconf 14' lang='lat' dir='ltr'>pag-7.</span> <span class='ocrx_word' id='word_1_539' title='bbox 1841 4737 1980 4798; x_wconf 78' lang='lat'>215.</span> <span class='ocrx_word' id='word_1_540' title='bbox 2020 4735 2187 4797; x_wconf 80' lang='lat' dir='ltr'>Hinc</span> <span class='ocrx_word' id='word_1_541' title='bbox 2229 4732 2494 4794; x_wconf 90' lang='lat' dir='ltr'>minime</span> <span class='ocrx_word' id='word_1_542' title='bbox 2539 4732 2964 4794; x_wconf 89' lang='lat' dir='ltr'>dubitandum</span> <span class='ocrx_word' id='word_1_543' title='bbox 3023 4735 3132 4792; x_wconf 90' lang='lat' dir='ltr'>aut</span> <span class='ocrx_word' id='word_1_544' title='bbox 3188 4725 3652 4805; x_wconf 88' lang='lat' dir='ltr'>suspicandum</span> 
     </span>
    </p>
   </div>
   <div class='ocr_carea' id='block_1_56' title="bbox 416 4819 3652 4912">
    <p class='ocr_par' dir='ltr' id='par_1_56' title="bbox 416 4819 3652 4912">
     <span class='ocr_line' id='line_1_56' title="bbox 416 4819 3652 4912; baseline -0.004 -19"><span class='ocrx_word' id='word_1_545' title='bbox 416 4835 845 4912; x_wconf 88' lang='lat' dir='ltr'>imposterum</span> <span class='ocrx_word' id='word_1_546' title='bbox 895 4835 974 4896; x_wconf 92' lang='lat' dir='ltr'>de</span> <span class='ocrx_word' id='word_1_547' title='bbox 1005 4834 1250 4897; x_wconf 87' lang='lat' dir='ltr'>unitate</span> <span class='ocrx_word' id='word_1_548' title='bbox 1280 4831 1522 4911; x_wconf 90' lang='lat' dir='ltr'>operis,</span> <span class='ocrx_word' id='word_1_549' title='bbox 1559 4833 1732 4910; x_wconf 89' lang='lat' dir='ltr'>quod</span> <span class='ocrx_word' id='word_1_550' title='bbox 1762 4819 2071 4892; x_wconf 78' lang='lat' dir='ltr'>hactenus</span> <span class='ocrx_word' id='word_1_551' title='bbox 2111 4831 2192 4891; x_wconf 91' lang='lat' dir='ltr'>ob</span> <span class='ocrx_word' id='word_1_552' title='bbox 2230 4829 2437 4890; x_wconf 62' lang='lat' dir='ltr'>varios</span> <span class='ocrx_word' id='word_1_553' title='bbox 2472 4828 2806 4907; x_wconf 85' lang='lat' dir='ltr'>pradictos</span> <span class='ocrx_word' id='word_1_554' title='bbox 2853 4827 3102 4901; x_wconf 89' lang='lat' dir='ltr'>titulos,</span> <span class='ocrx_word' id='word_1_555' title='bbox 3135 4822 3465 4904; x_wconf 87' lang='lat' dir='ltr'>Epistola,</span> <span class='ocrx_word' id='word_1_556' title='bbox 3498 4822 3652 4883; x_wconf 88' lang='lat' dir='ltr'>Dis-</span> 
     </span>
    </p>
   </div>
   <div class='ocr_carea' id='block_1_57' title="bbox 415 4925 2498 5011">
    <p class='ocr_par' dir='ltr' id='par_1_57' title="bbox 415 4925 2498 5011">
     <span class='ocr_line' id='line_1_57' title="bbox 415 4925 2498 5011; baseline -0.003 -21"><span class='ocrx_word' id='word_1_557' title='bbox 415 4933 805 5006; x_wconf 86' lang='lat' dir='ltr'>sertationis,</span> <span class='ocrx_word' id='word_1_558' title='bbox 849 4940 904 4994; x_wconf 88' lang='lat' dir='ltr'>et</span> <span class='ocrx_word' id='word_1_559' title='bbox 943 4930 1258 5011; x_wconf 83' lang='lat' dir='ltr'>Colloquii</span> <span class='ocrx_word' id='word_1_560' title='bbox 1286 4929 1353 4991; x_wconf 90' lang='lat' dir='ltr'>in</span> <span class='ocrx_word' id='word_1_561' title='bbox 1389 4928 1571 5008; x_wconf 91' lang='lat' dir='ltr'>plura</span> <span class='ocrx_word' id='word_1_562' title='bbox 1609 4929 1925 5008; x_wconf 86' lang='lat' dir='ltr'>opuscula</span> <span class='ocrx_word' id='word_1_563' title='bbox 1970 4925 2498 4989; x_wconf 87' lang='lat' dir='ltr'>distribuebatur.</span> 
     </span>
    </p>
   </div>
   <div class='ocr_carea' id='block_1_58' title="bbox 1968 5101 2079 5162">
    <p class='ocr_par' dir='ltr' id='par_1_58' title="bbox 1968 5101 2079 5162">
     <span class='ocr_line' id='line_1_58' title="bbox 1968 5101 2079 5162; baseline 0.018 -2"><span class='ocrx_word' id='word_1_564' title='bbox 1968 5101 2079 5162; x_wconf 83' lang='lat' dir='ltr'>XV-</span> 
     </span>
    </p>
   </div>
   <div class='ocr_carea' id='block_1_59' title="bbox 417 5238 3646 5333">
    <p class='ocr_par' dir='ltr' id='par_1_59' title="bbox 417 5238 3646 5333">
     <span class='ocr_line' id='line_1_59' title="bbox 417 5238 3646 5333; baseline -0.002 -29"><span class='ocrx_word' id='word_1_565' title='bbox 417 5270 443 5297; x_wconf 78' lang='grc' dir='ltr'>ιι</span> <span class='ocrx_word' id='word_1_566' title='bbox 481 5246 674 5333; x_wconf 73' lang='lat' dir='ltr'>Regia</span> <span class='ocrx_word' id='word_1_567' title='bbox 705 5244 1035 5333; x_wconf 62' lang='lat' dir='ltr'>Institutio</span> <span class='ocrx_word' id='word_1_568' title='bbox 1078 5266 1116 5333; x_wconf 73' lang='lat'>»_</span> <span class='ocrx_word' id='word_1_569' title='bbox 1137 5241 1222 5333; x_wconf 69' lang='lat' dir='ltr'>ad</span> <span class='ocrx_word' id='word_1_570' title='bbox 1249 5244 1726 5333; x_wconf 63' lang='lat' dir='ltr'>constantinum</span> <span class='ocrx_word' id='word_1_571' title='bbox 1758 5247 2373 5333; x_wconf 73' lang='lat' dir='ltr'>Porphyrogenitum</span> <span class='ocrx_word' id='word_1_572' title='bbox 2410 5245 2622 5333; x_wconf 74' lang='lat' dir='ltr'>Graec</span> <span class='ocrx_word' id='word_1_573' title='bbox 2657 5253 2716 5333; x_wconf 72' lang='lat' dir='ltr'>et</span> <span class='ocrx_word' id='word_1_574' title='bbox 2745 5243 2962 5333; x_wconf 77' lang='lat' dir='ltr'>Latine</span> <span class='ocrx_word' id='word_1_575' title='bbox 2993 5240 3159 5333; x_wconf 56' lang='lat' dir='ltr'>edita</span> <span class='ocrx_word' id='word_1_576' title='bbox 3191 5239 3451 5333; x_wconf 72' lang='lat' dir='ltr'>a_I_’etro</span> <span class='ocrx_word' id='word_1_577' title='bbox 3483 5238 3646 5333; x_wconf 58' lang='grc' dir='ltr'>ξος·</span> 
     </span>
    </p>
   </div>
   <div class='ocr_carea' id='block_1_60' title="bbox 491 5319 3653 5410">
    <p class='ocr_par' dir='ltr' id='par_1_60' title="bbox 491 5319 3653 5410">
     <span class='ocr_line' id='line_1_60' title="bbox 491 5319 3653 5410; baseline -0.002 -28"><span class='ocrx_word' id='word_1_578' title='bbox 491 5319 654 5410; x_wconf 70' lang='lat' dir='ltr'>sino,</span> <span class='ocrx_word' id='word_1_579' title='bbox 696 5331 749 5410; x_wconf 83' lang='lat' dir='ltr'>et</span> <span class='ocrx_word' id='word_1_580' title='bbox 783 5319 1004 5410; x_wconf 67' lang='lat' dir='ltr'>qratio</span> <span class='ocrx_word' id='word_1_581' title='bbox 1035 5320 1116 5410; x_wconf 62' lang='lat' dir='ltr'>ad</span> <span class='ocrx_word' id='word_1_582' title='bbox 1144 5322 1437 5410; x_wconf 54' lang='lat' dir='ltr'>dleaium</span> <span class='ocrx_word' id='word_1_583' title='bbox 1473 5323 1852 5410; x_wconf 67' lang='lat' dir='ltr'>Qamnenum</span> <span class='ocrx_word' id='word_1_584' title='bbox 1881 5319 2323 5410; x_wconf 65' lang='lat' dir='ltr'>imperatorem</span> <span class='ocrx_word' id='word_1_585' title='bbox 2348 5326 2413 5385; x_wconf 89' lang='lat' dir='ltr'>in</span> <span class='ocrx_word' id='word_1_586' title='bbox 2435 5324 2644 5410; x_wconf 67' lang='lat' dir='ltr'>codice</span> <span class='ocrx_word' id='word_1_587' title='bbox 2662 5319 3459 5410; x_wconf 66' lang='lat' dir='ltr'>Bovarico-Monachiensi.</span> <span class='ocrx_word' id='word_1_588' title='bbox 3488 5319 3653 5378; x_wconf 81' lang='lat' dir='ltr'>Car—</span> 
     </span>
    </p>
   </div>
   <div class='ocr_carea' id='block_1_61' title="bbox 489 5398 3484 5482">
    <p class='ocr_par' dir='ltr' id='par_1_61' title="bbox 489 5398 3484 5482">
     <span class='ocr_line' id='line_1_61' title="bbox 489 5398 3484 5482; baseline -0.002 -21"><span class='ocrx_word' id='word_1_589' title='bbox 489 5403 660 5461; x_wconf 88' lang='lat' dir='ltr'>mina</span> <span class='ocrx_word' id='word_1_590' title='bbox 695 5398 932 5462; x_wconf 87' lang='lat' dir='ltr'>inedita</span> <span class='ocrx_word' id='word_1_591' title='bbox 963 5407 1020 5459; x_wconf 88' lang='lat' dir='ltr'>et</span> <span class='ocrx_word' id='word_1_592' title='bbox 1051 5399 1359 5480; x_wconf 82' lang='lat' dir='ltr'>Epistola</span> <span class='ocrx_word' id='word_1_593' title='bbox 1397 5421 1436 5461; x_wconf 89' lang='lat' dir='ltr'>a</span> <span class='ocrx_word' id='word_1_594' title='bbox 1465 5403 1744 5465; x_wconf 89' lang='lat' dir='ltr'>Baronio</span> <span class='ocrx_word' id='word_1_595' title='bbox 1779 5414 1836 5464; x_wconf 89' lang='lat' dir='ltr'>et</span> <span class='ocrx_word' id='word_1_596' title='bbox 1866 5398 2146 5467; x_wconf 73' lang='lat' dir='ltr'>Meursio</span> <span class='ocrx_word' id='word_1_597' title='bbox 2185 5403 2471 5482; x_wconf 86' lang='lat' dir='ltr'>vulgata.</span> <span class='ocrx_word' id='word_1_598' title='bbox 2511 5401 2718 5480; x_wconf 86' lang='lat' dir='ltr'>Opera</span> <span class='ocrx_word' id='word_1_599' title='bbox 2748 5400 2940 5461; x_wconf 87' lang='lat' dir='ltr'>dubia</span> <span class='ocrx_word' id='word_1_600' title='bbox 2968 5407 3025 5460; x_wconf 92' lang='lat' dir='ltr'>et</span> <span class='ocrx_word' id='word_1_601' title='bbox 3047 5398 3484 5476; x_wconf 87' lang='lat' dir='ltr'>supposititia.</span> 
     </span>
    </p>
   </div>
   <div class='ocr_carea' id='block_1_62' title="bbox 493 5549 3643 5637">
    <p class='ocr_par' dir='ltr' id='par_1_62' title="bbox 493 5549 3643 5637">
     <span class='ocr_line' id='line_1_62' title="bbox 493 5549 3643 5637; baseline -0 -25"><span class='ocrx_word' id='word_1_602' title='bbox 493 5550 595 5613; x_wconf 82' lang='lat'>56.</span> <span class='ocrx_word' id='word_1_603' title='bbox 644 5551 736 5610; x_wconf 88' lang='lat' dir='ltr'>Ad</span> <span class='ocrx_word' id='word_1_604' title='bbox 771 5549 1175 5612; x_wconf 88' lang='lat' dir='ltr'>humanioris</span> <span class='ocrx_word' id='word_1_605' title='bbox 1212 5552 1578 5618; x_wconf 89' lang='lat' dir='ltr'>litteratura</span> <span class='ocrx_word' id='word_1_606' title='bbox 1605 5556 1873 5619; x_wconf 70' lang='lat' dir='ltr'>classem</span> <span class='ocrx_word' id='word_1_607' title='bbox 1904 5561 2214 5637; x_wconf 88' lang='lat' dir='ltr'>spectant,</span> <span class='ocrx_word' id='word_1_608' title='bbox 2245 5572 2390 5634; x_wconf 89' lang='lat' dir='ltr'>qua</span> <span class='ocrx_word' id='word_1_609' title='bbox 2416 5560 2804 5635; x_wconf 87' lang='lat' dir='ltr'>sequuntur,</span> <span class='ocrx_word' id='word_1_610' title='bbox 2841 5549 3299 5629; x_wconf 78' lang='lat' dir='ltr'>TheOphylacti</span> <span class='ocrx_word' id='word_1_611' title='bbox 3339 5549 3643 5612; x_wconf 83' lang='lat' dir='ltr'>lucubra-</span> 
     </span>
    </p>
   </div>
   <div class='ocr_carea' id='block_1_63' title="bbox 409 5641 3648 5726">
    <p class='ocr_par' dir='ltr' id='par_1_63' title="bbox 409 5641 3648 5726">
     <span class='ocr_line' id='line_1_63' title="bbox 409 5641 3648 5726; baseline 0.001 -23"><span class='ocrx_word' id='word_1_612' title='bbox 409 5644 647 5704; x_wconf 81' lang='lat' dir='ltr'>tiones.</span> <span class='ocrx_word' id='word_1_613' title='bbox 683 5641 894 5704; x_wconf 89' lang='lat' dir='ltr'>Primo</span> <span class='ocrx_word' id='word_1_614' title='bbox 927 5643 1065 5706; x_wconf 89' lang='lat' dir='ltr'>loco</span> <span class='ocrx_word' id='word_1_615' title='bbox 1094 5645 1351 5724; x_wconf 83' lang='lat' dir='ltr'>Regiam</span> <span class='ocrx_word' id='word_1_616' title='bbox 1379 5647 1847 5711; x_wconf 85' lang='lat' dir='ltr'>Institutionem</span> <span class='ocrx_word' id='word_1_617' title='bbox 1878 5667 2185 5715; x_wconf 89' lang='lat' dir='ltr'>recenseo</span> <span class='ocrx_word' id='word_1_618' title='bbox 2215 5650 2298 5712; x_wconf 88' lang='lat' dir='ltr'>ad</span> <span class='ocrx_word' id='word_1_619' title='bbox 2331 5651 2815 5714; x_wconf 86' lang='lat' dir='ltr'>Constantinum</span> <span class='ocrx_word' id='word_1_620' title='bbox 2847 5646 3487 5726; x_wconf 84' lang='lat' dir='ltr'>Porphyrogenitum,</span> <span class='ocrx_word' id='word_1_621' title='bbox 3529 5646 3648 5706; x_wconf 87' lang='lat' dir='ltr'>Mi-</span> 
     </span>
    </p>
   </div>
   <div class='ocr_carea' id='block_1_64' title="bbox 411 5738 3646 5827">
    <p class='ocr_par' dir='ltr' id='par_1_64' title="bbox 411 5738 3646 5827">
     <span class='ocr_line' id='line_1_64' title="bbox 411 5738 3646 5827; baseline -0 -25"><span class='ocrx_word' id='word_1_622' title='bbox 411 5738 651 5802; x_wconf 88' lang='lat' dir='ltr'>chaelis</span> <span class='ocrx_word' id='word_1_623' title='bbox 681 5741 763 5802; x_wconf 87' lang='lat' dir='ltr'><strong>IV</strong></span> <span class='ocrx_word' id='word_1_624' title='bbox 803 5743 996 5805; x_wconf 90' lang='lat' dir='ltr'>Duca</span> <span class='ocrx_word' id='word_1_625' title='bbox 1028 5743 1766 5824; x_wconf 84' lang='lat' dir='ltr'>imperatoris,etMaria</span> <span class='ocrx_word' id='word_1_626' title='bbox 1797 5766 1874 5811; x_wconf 78' lang='lat' dir='ltr'>ex</span> <span class='ocrx_word' id='word_1_627' title='bbox 1901 5750 2230 5812; x_wconf 89' lang='lat' dir='ltr'>lherorum</span> <span class='ocrx_word' id='word_1_628' title='bbox 2264 5747 2582 5827; x_wconf 80' lang='lat' dir='ltr'>sanguine</span> <span class='ocrx_word' id='word_1_629' title='bbox 2629 5747 2814 5826; x_wconf 85' lang='lat' dir='ltr'>regio</span> <span class='ocrx_word' id='word_1_630' title='bbox 2841 5753 2994 5807; x_wconf 86' lang='lat' dir='ltr'>sata</span> <span class='ocrx_word' id='word_1_631' title='bbox 3031 5742 3259 5804; x_wconf 85' lang='lat' dir='ltr'>filium.</span> <span class='ocrx_word' id='word_1_632' title='bbox 3295 5740 3646 5802; x_wconf 85' lang='lat' dir='ltr'>Praciaris-</span> 
     </span>
    </p>
   </div>
   <div class='ocr_carea' id='block_1_65' title="bbox 419 5835 3640 5921">
    <p class='ocr_par' dir='ltr' id='par_1_65' title="bbox 419 5835 3640 5921">
     <span class='ocr_line' id='line_1_65' title="bbox 419 5835 3640 5921; baseline 0.001 -22"><span class='ocrx_word' id='word_1_633' title='bbox 419 5835 655 5902; x_wconf 68' lang='lat' dir='ltr'>simum</span> <span class='ocrx_word' id='word_1_634' title='bbox 689 5853 852 5921; x_wconf 87' lang='lat' dir='ltr'>opus</span> <span class='ocrx_word' id='word_1_635' title='bbox 883 5839 1131 5920; x_wconf 87' lang='lat' dir='ltr'>primus</span> <span class='ocrx_word' id='word_1_636' title='bbox 1167 5841 1233 5906; x_wconf 91' lang='lat' dir='ltr'>in</span> <span class='ocrx_word' id='word_1_637' title='bbox 1274 5840 1484 5907; x_wconf 89' lang='lat' dir='ltr'>lucem</span> <span class='ocrx_word' id='word_1_638' title='bbox 1510 5843 1725 5908; x_wconf 86' lang='lat' dir='ltr'>emisit</span> <span class='ocrx_word' id='word_1_639' title='bbox 1766 5846 1988 5909; x_wconf 88' lang='lat' dir='ltr'>Petrus</span> <span class='ocrx_word' id='word_1_640' title='bbox 2020 5845 2329 5910; x_wconf 83' lang='lat' dir='ltr'>Pessinus</span> <span class='ocrx_word' id='word_1_641' title='bbox 2359 5863 2435 5910; x_wconf 78' lang='lat' dir='ltr'>ex</span> <span class='ocrx_word' id='word_1_642' title='bbox 2469 5844 2853 5909; x_wconf 85' lang='lat' dir='ltr'>bibliotheca</span> <span class='ocrx_word' id='word_1_643' title='bbox 2899 5839 3275 5906; x_wconf 79' lang='lat' dir='ltr'>Florentina</span> <span class='ocrx_word' id='word_1_644' title='bbox 3331 5839 3640 5913; x_wconf 86' lang='lat' dir='ltr'>Medicea,</span> 
     </span>
    </p>
   </div>
  </div>
