4058 6470
362 389 429 451 57
1183 395 1280 456 DE
1318 367 1908 459 THEOPHYLACTI'
1931 396 2202 458 GESTIS
2231 399 2327 458 ET
2368 393 2733 460 SCRIPTIS.
3529 394 3600 458 58

366 510 433 562 ut
463 501 764 562 admonet
800 500 867 562 in
902 502 1186 580 Epistola
1215 506 1686 585 nuncupatoria
1716 506 1795 570 ad
1857 505 2254 568 Ludovicum
2288 509 2428 569 XIV
2465 505 2686 569 Gallias
2707 512 2771 566 et
2837 507 3131 569 Navarraa
3176 520 3390 583 regem
3434 503 3614 567 ειη-ι-

365 596 860 671 stianissimum,
895 597 1066 677 typis
1095 600 1316 680 Regiis
1348 603 1826 666 Parisiensibus
1859 603 2037 674 1651,
2074 603 2235 664 ἱιι-Ιι.
2273 604 2492 675 Latina
2519 602 2735 665 versio
2767 603 3007 681 prodiit
3047 603 3115 665 in
3150 601 3610 681 Lugdunensis

379 689 792 754 Bibliotheca:
821 695 1074 756 Patrum
1111 703 1282 760 tomo
1313 699 1554 773 XVIII,
1587 715 1854 778 eamque
1891 698 2122 761 iterum
2158 716 2301 761 cum
2341 699 2560 760 Graeco
2591 705 2772 760 textu
2806 697 3090 777 vulgavit
3146 697 3510 760 Bandurius
3541 698 3611 758 in

362 789 640 868 Imperio
678 787 1014 854 Orientali.
1050 793 1223 854 Duas
1255 793 1323 856 in
1356 802 1564 874 partes
1597 794 1902 857 tribuitur
1931 811 2119 874 Opus,
2144 796 2596 875 Panegyricum
2627 795 2930 874 priorem,
2961 794 3603 857 alteramPareeneti-

363 901 518 945 cam.
566 885 709 958 Quo
743 895 1033 966 tempore
1066 905 1204 950 eam
1233 890 1757 971 TheOpbylactus
1799 891 2157 970 scripserit,
2184 891 2470 954 diximus
2517 889 2695 953 num.
2731 891 2793 952 8.
3335 959 3341 965 ,

441 982 706 1057 [XXVI]
731 980 1058 1044 Orationis
1086 983 1168 1044 ad
1191 984 1483 1047 Alexium
1509 987 1884 1050 Comnenum
1916 989 2347 1066 imperatorem
2368 987 2655 1049 meminit
2674 987 2935 1048 Latinus
2957 985 3250 1047 Latinius
3275 985 3337 1046 in
3363 985 3609 1047 Biblio-

362 1078 538 1140 theca
584 1096 769 1139 sacra
831 1083 1127 1160 profana,
1166 1083 1276 1145 ubi
1311 1084 1390 1146 de
1424 1084 1902 1166 TheOphyIacto
1933 1087 2090 1165 agit,
2128 1084 2230 1144 bis
2267 1084 2478 1144 verbis
2512 1106 2526 1144 :
2573 1106 2602 1139 α
2640 1085 2857 1146 Exstat
2889 1083 3029 1162 ejus
3063 1082 3280 1144 Oratio
3311 1083 3388 1142 ad
3423 1098 3611 1142 eum-

359 1174 504 1234 dem
546 1175 850 1237 Alexium
885 1193 900 1236 :
934 1186 1132 1258 atque
1195 1181 1280 1241 ita
1338 1181 1726 1243 Laurentius
1786 1180 2072 1244 Sifanius
2109 1196 2188 1240 ex
2217 1181 2463 1240 Joanne
2497 1181 2812 1240 Sambuco
2845 1177 3104 1256 scripsit
3137 1178 3201 1238 in
3239 1176 3607 1255 praefatione

362 1269 962 1334 Commentariorum
991 1274 1449 1354 TheOpbylacti
1485 1275 1742 1338 in.Acta
1769 1276 2223 1358 apostolorum.
2252 1298 2280 1330 ιο
2307 1273 2762 1354 Apographum
2799 1281 2930 1351 pra)
2967 1271 3261 1333 manibus
3285 1271 3511 1343 habeo,
3531 1286 3612 1331 ex

360 1366 583 1428 codice
615 1367 1400 1433 Bavarico-Monacbieusi
1442 1371 1857 1451 descriptum,
1890 1371 2063 1452 quod
2109 1371 2330 1434 Latine
2353 1371 2542 1433 vertit
2575 1369 2869 1435 laudatus
2920 1366 3309 1442 consodalis,
3351 1365 3608 1428 Bonifa-

361 1459 505 1523 cius
536 1461 856 1524 Finettus.

443 1556 820 1633 Composuit
853 1548 1298 1638 panegyﬁcam
1333 1557 1495 1620 hanc
1527 1558 1898 1620 Orationem
1924 1566 2146 1622 auctor
2173 1567 2312 1639 post
2350 1560 2589 1623 bellum
2627 1559 3023 1639 Scytbicum,
3053 1559 3402 1638 pluresque
3427 1557 3496 1618 in
3529 1572 3608 1618 eo

361 1658 712 1728 reportatas
742 1650 822 1712 ab
853 1651 1080 1714 Alexio
1107 1653 1492 1731 imperatore
1523 1652 1848 1715 victorias.
1888 1655 2038 1716 Late
2083 1655 2389 1718 describit
2439 1655 2601 1717 illud
2662 1659 2847 1717 Anna
2895 1656 3224 1717 Comnena
3267 1661 3402 1716 toto
3441 1652 3608 1713 libro

362 1766 452 1810 vn
481 1746 848 1823 Alexiados,
886 1764 957 1810 ac
983 1749 1106 1810 sub
1146 1749 1408 1810 initium
1441 1749 1846 1828 insequentis
1882 1749 2024 1811 libri
2055 1770 2190 1825 vm,
2240 1751 2347 1812 ubi
2374 1753 2648 1830 Augusti
2700 1752 3069 1828 ingressum
3105 1751 3366 1828 Regiam
3401 1747 3468 1809 in
3502 1765 3611 1809 ur-

360 1846 505 1908 bem
536 1845 752 1920 refert,
789 1867 819 1901 «ι
865 1846 1038 1907 omni
1093 1845 1312 1907 laetitia
1347 1853 1407 1908 et
1463 1845 1893 1924 gratulatione
1928 1867 1958 1903 ››
1990 1849 2405 1910 celebratum.
2439 1848 2682 1910 Eodem
2733 1846 2798 1908 in
2848 1845 3015 1906 libro
3066 1864 3155 1906 vu
3187 1844 3490 1923 legimus,
3527 1843 3608 1904 ad

363 1941 695 2015 Alexinm,
728 1939 838 2020 qui
873 1941 1170 2021 augendo
1202 1949 1419 2003 contra
1444 1939 1709 2020 Scythas
1733 1942 2048 2004 exercitui
2083 1959 2340 2021 Operam
2373 1942 2582 2017 dabat,
2615 1942 2877 2004 venisse
2903 1967 2931 1999 α
2961 1942 3279 2004 Flandrite
3307 1939 3606 2002 comitem

363 2039 742 2113 Robertum,
772 2047 832 2114 ἐξ
874 2046 1136 2118 Ἱεροσολύ
1147 2065 1265 2117 μων
1289 2045 1749 2118 ἐπανερχόμενον,
1777 2039 1808 2099 J
1817 2054 1962 2100 eros

2005 2036 2204 2116 ilymis
2232 2044 2682 2098 revertentem.
2722 2059 2754 2095 ι
2796 2037 3104 2099 Hancille
3138 2033 3607 2113 peregrinatio-

363 2149 511 2193 nem
550 2142 917 2212 susceperat
948 2134 1266 2196 decennio
1300 2141 1444 2197 ante
1485 2150 1695 2195 sacras
1722 2132 2196 2211 expeditiones,
2227 2147 2398 2193 anno
2428 2130 2677 2193 scilicet
2712 2133 2888 2208 1085,
2931 2149 2963 2194 a
2995 2148 3120 2211 qua
3161 2131 3459 2192 nondum.
3503 2145 3603 2190 re-

363 2225 593 2288 ducem
624 2224 828 2288 fuisse
856 2243 1024 2288 anno
1054 2228 1205 2290 1089
1235 2236 1456 2289 auctor
1483 2235 1580 2289 est
1612 2226 1894 2306 Majerus
1924 2225 2088 2288 libro
2114 2245 2211 2301 ιιι,
2244 2227 2414 2304 apud
2449 2226 2871 2290 Dufresnium
2911 2227 2984 2290 in
3030 2220 3229 2290 notis'
3255 2227 3333 2288 ad
3373 2224 3609 2286 librum

364 2338 455 2384 vn
483 2320 847 2384 Alexiados.
884 2323 1104 2401 Itaque
1137 2329 1280 2400 post
1321 2339 1564 2384 annum
1604 2323 1758 2386 1089
1808 2321 1999 2384 finem
2060 2322 2284 2387 habuit
2347 2323 2588 2385 bellum
2644 2324 3040 2403 Scythicum,
3075 2341 3284 2404 eoque
3320 2330 3607 2399 tempore

366 2417 604 2495 scripta
636 2417 986 2496 Panegyris
1023 2433 1057 2480 a
1089 2416 1595 2497 TbeOphylacto.

447 2515 520 2575 In
583 2531 658 2576 ea
708 2515 840 2576 haec
887 2516 1027 2594 ejus
1071 2514 1260 2577 verba
1299 2525 1451 2576 sunt
1487 2537 1501 2576 :
1531 2525 1595 2578 Τί
1622 2525 1700 2596 μὴ
1721 2525 1810 2580 τὸν
1846 2524 2049 2596 βασιλέι

2013 2526 2075 2580 ἐα
2098 2526 2214 2580 υἱὸν
2239 2525 2332 2580 καὶ
2361 2525 2589 2596 βασιλέα
2625 2526 2936 2595 γνωρίζεις,
2972 2534 3088 2577 cur
3153 2533 3360 2594 regem
3399 2513 3615 2592 ﬁlium

365 2629 496 2671 non
530 2613 1107 2690 renuntiasregem,
1147 2618 1292 2674 ἀλλὰ
1321 2618 1529 2690 ἀναδύη
1562 2620 1662 2688 τὴν
1692 2622 1967 2692 ποθουμέν

2015 2642 2037 2676 ν
2064 2622 2408 2693 ἀνάρῤησιν;
2453 2612 2564 2673 sed
2589 2612 3004 2675 desideratam
3041 2612 3350 2674 detrectas
3387 2627 3617 2670 renuno

369 2709 693 2770 tiationem
714 2709 780 2770 in
811 2725 1022 2788 regem
1047 2711 1075 2769 ?
1105 2708 1268 2770 Satis
1303 2707 1435 2771 hinc
1464 2708 1746 2770 indicant
1777 2710 2091 2772 Joannem
2146 2708 2434 2770 nondum
2465 2725 2500 2770 a
2525 2716 2698 2787 patre
2721 2709 2945 2787 Alexio
2974 2718 3379 2786 assumptum
3409 2705 3614 2769 fuisse

369 2801 436 2862 in
469 2800 865 2864 consortium
905 2799 1186 2876 imperii.
1217 2801 1288 2862 Id
1323 2817 1471 2862 vero
1501 2799 1734 2861 factum
1766 2816 1937 2862 anno
1976 2803 2154 2876 1091,
2185 2811 2254 2865 ιιι
2287 2801 2476 2866 habet
2509 2803 2763 2883 Pagius,
2797 2819 2939 2865 cum
2968 2811 3246 2879 quatuor
3279 2802 3386 2863 ille
3413 2818 3616 2864 annos

372 2905 558 2960 natus
591 2904 762 2960 esset
801 2920 816 2960 :
847 2897 1021 2962 unde
1049 2914 1217 2960 anno
1247 2896 1504 2961 circiter
1539 2896 1693 2960 1090
1721 2898 2022 2964 encomio
2059 2915 2181 2964 suo
2204 2899 2502 2962 Alexium
2527 2898 2979 2979 imperatorem
3024 2899 3372 2961 celebravit
3399 2897 3618 2958 Theo-

371 2993 736 3073 phylactus.

446 3092 546 3153 57.
585 3095 772 3168 Apud
807 3091 1126 3154 Labbeum
1158 3091 1225 3154 in
1256 3091 1434 3156 Nova
1463 3093 1855 3159 Bibliotheca
1881 3113 2028 3158 mss.
2065 3102 2241 3175 parte
2273 3112 2361 3168 1v,
2397 3110 2542 3173 pag.
2568 3093 2708 3168 137,
2743 3093 2947 3156 codex
2971 3093 3214 3170 Regius
3241 3095 3618 3152 recensetur

369 3205 517 3250 cum
556 3187 997 3269 Theophylacti
1022 3189 1340 3268 Bulgaria:
1371 3191 1841 3274 archiepiscopi
1867 3193 2151 3255 versibus
2201 3190 2648 3253 consolatoriis
2681 3190 2752 3251 in
2799 3187 3182 3251 calamitate.
3247 3185 3617 3249 Carminium

369 3285 623 3366 utique,
656 3303 802 3366 quas
848 3286 985 3364 ipse
1044 3287 1372 3360 cecinerit,
1441 3290 1739 3350 meminit
1805 3290 1870 3351 in
1928 3309 1962 3352 ο

2016 3289 2201 3351 istola
2262 3287 2434 3349 inter
2481 3285 2882 3349 Meursianas
2912 3285 3376 3362 20:‘Hp.uvdp.'qv
3417 3288 3618 3358 στίχοις

374 3393 641 3463 ἰαμϐείοις
669 3390 866 3456 πολλὰς
896 3391 1142 3460 ἐλεγείας
1170 3390 1302 3466 ᾄσαι
1330 3393 1399 3446 δι’
1425 3393 1550 3447 ὅλου
1584 3395 1830 3449 ἐναντίου
1865 3412 1932 3466 με
1966 3414 1976 3451 ι

2012 3397 2500 3468 ιταναγκάσαντος,
2535 3386 2906 3466 propulsavi
2933 3383 3312 3447 carminibus
3337 3381 3614 3443 iambicis

368 3483 598 3542 multas
631 3481 858 3560 elegias
881 3498 1003 3560 per
1044 3499 1278 3542 annum
1311 3499 1532 3543 canere
1561 3493 1839 3544 coactus.

448 3577 881 3658 Epistolarum
913 3579 1212 3656 denique
1243 3578 1500 3640 codices
1527 3578 1658 3641 duo
1685 3579 1820 3643 noti
1851 3585 2027 3654 sunt,
2059 3579 2404 3641 Vaticanus
2439 3585 2501 3641 et
2533 3578 2956 3640 Florentinus
2986 3575 3342 3639 Mediceus.
3364 3575 3461 3634 Ex
3494 3573 3616 3633 isto

370 3672 832 3752 TheOphylacti
871 3673 1176 3751 Epistolm
1206 3674 1285 3736 75
1350 3675 1566 3737 (Ξῖ-ωδε
1593 3676 1997 3755 prodierunt,
2029 3684 2293 3738 curante
2351 3678 2601 3738 Joanne
2635 3674 2945 3748 Meursio,
2979 3671 3283 3752 Lugduni
3346 3671 3611 3732 Batavo-

373 3785 512 3829 rum
543 3770 719 3842 1617,
757 3768 915 3841 in-Is,
943 3786 1014 3831 ac
1044 3769 1267 3831 Latine
1298 3771 1369 3832 in
1392 3769 1770 3833 Coloniensi
1808 3780 1870 3834 et
1896 3774 2316 3851 Lugdunensi
2343 3777 2595 3835 Patrum
2618 3771 3063 3844 Bibliothecis,
3088 3773 3437 3847 interprete
3467 3765 3621 3828 Vin-

371 3866 586 3928 centio
618 3866 992 3936 Marinerio,
1035 3865 1404 3928 Valentino.
1441 3868 1747 3929 Vaticano
1785 3870 1848 3929 in
1875 3869 2095 3930 codice
2128 3876 2404 3943 exstant,
2428 3870 2701 3931 Baronio
2732 3875 2916 3940 teste,
2951 3866 3256 3944 Epistolas
3285 3864 3614 3944 quinqua-

369 3965 544 4045 ginta
579 3979 832 4036 novem,
860 3982 1004 4044 quas
1029 3964 1359 4027 Latinitate
1393 3981 1429 4027 a
1451 3964 1684 4026 Jacobo
1716 3965 2056 4028 Sirmondo
2085 3965 2335 4027 donatas
2363 3968 2651 4028 nondum
2687 3965 2897 4026 lucem
2924 3964 3252 4034 viderunt,
3274 3959 3611 4037 aliquibus

370 4067 434 4122 et
463 4061 830 4140 aliquarum
860 4058 1234 4140 fragmentis
1264 4060 1575 4139 exceptis,
1619 4077 1766 4140 qua)
1789 4059 2101 4122 Baronius
2137 4059 2319 4123 affert
2365 4061 2442 4123 ad
2471 4077 2713 4123 annum
2748 4061 2897 4122 1071
2919 4067 2978 4121 et
3005 4059 3182 4120 1073.
3206 4056 3438 4118 Recole
3469 4071 3614 4133 qum

370 4156 676 4236 superius
705 4155 870 4218 dicta
899 4164 1048 4219 sunt
1081 4173 1260 4220 num.
1297 4155 1336 4216 ἡ

450 4247 784 4314 Pollicitus
815 4251 1024 4314 fuerat
1055 4252 1346 4314 Labbeus
1380 4253 1447 4314 in
1479 4253 1656 4317 Nova
1699 4253 2091 4316 Bibliotheca
2141 4271 2289 4317 mss.
2335 4252 2643 4316 librorum
2683 4256 2856 4332 pante
2889 4269 2988 4324 ιιι,
3017 4265 3158 4328 pag.
3196 4248 3336 4320 102,
3369 4270 3400 4304 α
3433 4261 3597 4308 οοωσ

373 4357 742 4427 paraturum
769 4365 840 4410 se
871 4349 1149 4409 Graecam
1181 4346 2210 4428 editionem'LugdunooBatavam
2241 4353 2510 4414 Joannis
2538 4349 2810 4412 Meursii
2866 4365 3012 4410 cum
3069 4363 3188 4408 ms.
3227 4345 3473 4418 codice,
3515 4351 3611 4404 at-

372 4461 500 4525 que
525 4444 1120 4528 interpretationem
1147 4443 1472 4506 editurum
1503 4461 1538 4506 a
1563 4447 1637 4506 Β.
1670 4449 1738 4508 P.
1773 4447 2009 4513 Jacobo
2053 4449 2392 4510 Sirmondo
2442 4448 2573 4526 jam
2635 4445 2790 4508 olim
2848 4443 3291 4507 concinnatam
3324 4465 3339 4514 ;
3379 4463 3409 4497 ι)
3443 4439 3616 4518 quod

373 4543 514 4619 ipse
540 4548 648 4603 aut
677 4546 877 4602 morte
910 4547 1293 4618 prmventus,
1335 4546 1444 4603 aut
1473 4541 1875 4620 gravioribus
1912 4544 2189 4623 negotiis
2228 4542 2584 4623 implicitus
2617 4542 2885 4604 minime
2917 4538 3238 4619 praestitit.
3271 4537 3523 4598 Utinam
3550 4534 3616 4594 id

375 4637 591 4718 perﬁci
624 4635 971 4716 aliquando
1008 4642 1224 4715 queat.

454 4757 657 4819 58.111
697 4761 995 4838 veterum
1027 4755 1279 4816 Patrum
1313 4753 1728 4816 Bibliothecis
1756 4754 2185 4833 fragmentum
2221 4761 2459 4834 prostat
2490 4753 2613 4816 sub
2651 4752 2915 4814 nomine
2976 4747 3464 4827 TbeOpbylacti,
3519 4745 3618 4807 in-

372 4855 681 4934 scriptum
722 4854 810 4913 De
840 4853 978 4914 risu
1001 4860 1057 4911 et
1093 4849 1671 4929 vociferationibus.
1705 4853 1956 4912 Prmstat
2003 4851 2166 4913 illud
2230 4849 2682 4930 Lugdunensis
2715 4847 3109 4909 Bibliotheca
3161 4845 3415 4906 Patrum
3453 4851 3498 4904 t.
3535 4843 3612 4912 V,

375 4967 520 5031 pag.
571 4949 744 5010 12th.
777 4950 1041 5026 Nempe,
1075 4968 1104 5002 α
1136 4945 1309 5020 Quin
1360 4953 1422 5006 et
1474 4944 1644 5006 hunc
1694 4961 1934 5006 morem
1991 4948 2376 5021 introduxit,
2406 4947 2520 5026 qui
2585 4946 2777 5008 hodie
2811 4944 3081 5015 obtinet,
3109 4939 3282 5019 quod
3318 4938 3384 4999 in
3407 4935 3620 5014 splen-

374 5030 549 5110 didis
579 5058 765 5127 atque
795 5044 1195 5108 solemnibus
1237 5042 1694 5105 festivitatibus
1729 5045 1858 5105 Deo
1895 5051 1958 5106 et
1986 5051 2351 5105 sanctorum
2381 5041 2806 5106 recordationi
2835 5041 2899 5102 fit
2935 5035 3325 5102 contumelia
3357 5051 3468 5112 per
3495 5030 3610 5094 fae-

375 5146 489 5206 das
517 5144 890 5216 cantilenas,
915 5150 976 5204 et
1001 5141 1194 5215 risus,
1224 5148 1284 5202 et
1309 5141 1569 5202 insanos
1602 5139 1932 5211 clamores,
1967 5139 2207 5219 quibus
2240 5139 2549 5202 adhibitis
2576 5137 2779 5201 sancti
2828 5133 3052 5215 hymni
3083 5137 3442 5193 cantantur.
3467 5127 3617 5190 Plii-

379 5241 598 5319 lippus
640 5239 928 5301 Labbeus
974 5238 1042 5299 in
1075 5253 1192 5299 sua
1222 5237 1296 5297 ad
1331 5233 1791 5296 Bellarminum
1819 5234 1900 5296 de
1929 5234 2356 5314 scriptoribus
2408 5232 2868 5296 ecclesiasticis
2927 5227 3233 5290 historica
3298 5225 3617 5319 Disserta-

378 5318 556 5397 tione
588 5335 682 5397 sic
716 5334 802 5397 ait
837 5357 851 5395 :
898 5357 926 5390 ‹‹
965 5335 1120 5413 Ejus
1149 5331 1625 5409 [Theophylacti
1646 5331 1967 5408 Bulgaria?
2009 5331 2500 5410 archiepiscopi]
2550 5326 2898 5390 alteriusve
2929 5321 3420 5402 TheOpbylacti,
3452 5318 3616 5381 forte

377 5435 764 5504 Simocattw,
819 5429 1166 5492 dicendum
1199 5427 1283 5488 sit
1320 5426 1746 5506 fragmentum
1779 5425 2034 5508 Derisu
2060 5436 2117 5486 et
2146 5423 2710 5506 vociferationibus
2741 5421 2809 5482 in
2833 5419 3020 5482 festis
3054 5425 3452 5485 sanctorum,
3478 5430 3617 5508 am-

380 5529 553 5608 bigo.
595 5551 623 5585 ››
655 5530 744 5589 De
777 5524 1254 5603 TheOpbylacto
1287 5521 1619 5584 Simocatta
1685 5523 2068 5601 diligentius
2118 5521 2246 5600 agit
2285 5524 2474 5581 Joan.
2508 5519 2810 5580 Albertus
2864 5513 3198 5578 Fabricius
3257 5511 3325 5570 in
3378 5507 3619 5608 Biblio-

381 5605 552 5686 theca
581 5624 798 5687 erca
829 5621 1160 5684 volumine
1185 5621 1297 5695 Vl,
1333 5626 1637 5697 notatque
1702 5618 2002 5680 ﬂoruisse
2060 5617 2276 5695 ipsum
2330 5615 2626 5676 extremis
2681 5613 2970 5676 Heraclii
3013 5605 3420 5688 imperatoris
3469 5612 3618 5663 tem-

380 5721 644 5800 poribus
665 5740 737 5782 ac
769 5719 1080 5796 deinceps.
1133 5718 1254 5778 Pro
1289 5713 1775 5792 archiepisc0po
1809 5714 2070 5776 demum
2093 5709 2755 5791 Bulgarimjudicium
2810 5711 2933 5773 fert
2979 5705 3282 5800 laudatus
3329 5699 3618 5800 Labbeus

384 5792 450 5882 in
478 5817 831 5893 Addendis,
852 5839 878 5874 ἰ
897 5792 1408 5899 ιΑιῙοῒιὶορίςοορο
1431 5810 1788 5876 Achridano
1825 5810 2059 5891 potius,
2095 5806 2426 5888 inquiens,
2460 5826 2652 5888 quam
2681 5808 2926 5873 caeteris
2945 5797 3462 5883 Theopbylactis,
3488 5792 3618 5857 ffa-
