3984 6582
472 385 544 449 59
1317 381 1546 452 BERN.
1585 381 1850 442 MARI/E
1893 382 1989 444 DE
2030 381 2315 442 RUBEIS
2357 378 2863 442 DISSERTATIO
3643 379 3718 444 60

473 501 800 575 gmentum
835 491 995 555 illud
1045 491 1548 572 adjudicandum
1600 513 1860 569 censeo,
1896 498 2067 574 quod
2125 496 2188 557 in
2244 495 2658 558 Bibliothecis
2715 496 3022 557 Veterum
3081 495 3334 556 Patrum
3387 496 3715 560 occurrit:

471 592 644 669 Quin
674 598 729 651 et
775 591 937 652 hunc
971 607 1204 652 morem
1239 591 1606 654 introduxit
1648 617 1675 650 ι)
1710 600 1828 656 etc.
1861 593 2193 654 Judicium
2223 609 2343 670 ego
2372 592 2790 670 suspendam.

554 688 860 748 Memorat
890 685 1060 746 idem
1089 685 1378 750 Labb'eus
1410 687 1836 767 fragmentum
1867 687 2046 749 aliud
2081 689 2543 767 TheOphylacti
2599 689 2670 749 de
2701 689 3052 766 Nicephoro
3106 688 3481 767 confessore,
3516 688 3716 750 veluti

472 771 888 844 Bibliothecis
924 785 1175 845 Patrum
1208 784 1524 846 insertum
1559 806 1574 845 :
1607 783 1774 863 quod
1836 784 1946 863 (ait
1983 783 2314 847 Fabricius
2365 786 2429 847 in
2492 783 2970 863 TheOphylacto
3017 783 3378 853 Simocatta)
3414 804 3720 864 nusquam

475 879 744 956 reperio.
787 881 1085 940 Sanctum
1120 879 1552 958 Nicephorum
1581 880 2000 958 patriarcham
2041 881 2817 958 Constantinopolitanum
2871 880 3184 957 intellige,
3231 881 3346 960 qui
3378 881 3702 965 ob'sacra-

471 993 612 1038 rum
647 977 1002 1056 imaginum
1037 977 1277 1040 cultum
1313 979 1380 1040 in
1421 979 1724 1041 exsilium
1757 977 2012 1057 pulsus,
2041 977 2162 1041 vita
2195 975 2489 1054 migravit
2522 977 2815 1052 [XXVII]
2851 993 3022 1038 anno
3052 974 3196 1038 828.
3227 978 3316 1038 De
3346 977 3488 1054 ipso
3516 984 3719 1053 agunt

473 1071 759 1135 Bollandi
788 1074 1266 1136 continuatores
1305 1076 1382 1137 ad
1425 1076 1598 1138 diem
1637 1073 1984 1137 meartii
2017 1095 2033 1148 ;
2066 1077 2280 1150 neque
2313 1071 2597 1132 indicant
2624 1071 2956 1150 quidpiam
2995 1071 3165 1150 quod
3199 1071 3717 1150 Thcophylactus

467 1163 544 1224 de
571 1180 647 1225 eo
683 1165 1038 1241 scripserit.

547 1259 940 1322 Possevinus
989 1260 1131 1339 ejus
1168 1263 1379 1338 Opera
1416 1263 1479 1324 in
1508 1261 1844 1342 Apparatu
1873 1279 2054 1322 sacro
2088 1277 2436 1323 recensens
2469 1268 2642 1324 tomo
2675 1263 2758 1337 ll,
2805 1261 2903 1324 sic
2952 1262 3040 1324 ait
3077 1280 3090 1324 :
3126 1286 3155 1319 α
3184 1263 3716 1324 Commentariiet

470 1355 923 1417 Enarrationes
952 1357 1017 1418 in
1045 1359 1410 1436 prophetas,
1438 1359 1657 1437 juncta
1691 1356 2123 1437 explicatione
2157 1358 2222 1417 in
2251 1358 2631 1420 Psalterium
2667 1355 2953 1434 Daoidis,
2981 1365 3160 1421 erant
3197 1375 3350 1419 mss.
3387 1357 3451 1418 in
3488 1356 3724 1418 biblio-

470 1452 647 1514 theca
679 1453 1275 1531 imperialilViennae
1293 1456 1740 1526 Austriae.»,Ne
1768 1455 2068 1532 cuiquam
2101 1450 2320 1513 fucum
2353 1454 2484 1515 haec
2507 1453 2739 1515 faciant
2762 1453 2953 1516 verba
2978 1498 2994 1527 ,
3028 1454 3533 1517 animadvertere
3553 1468 3718 1530 Opus

460 1552 586 1620 est,
634 1546 904 1608 indicari
931 1548 1215 1610 codicem
1241 1551 1359 1611 216
1386 1551 1555 1628 apud
1594 1548 2004 1612 Lambecium
2039 1545 2205 1609 libro
2240 1568 2296 1618 ν,
2341 1550 2408 1610 in
2448 1565 2580 1626 quo
2639 1549 2849 1628 primo
2883 1557 3231 1612 occurrunt
3279 1549 3594 1627 Bulgariaa
3619 1564 3722 1608 ar-

463 1641 863 1719 chiepiscopi
894 1641 1356 1721 TheOphylacti
1394 1646 1856 1724 Expositiones
1894 1645 1963 1704 in
1993 1642 2264 1722 quinque
2288 1646 2657 1723 prophetas,
2697 1646 2929 1724 utique
2987 1648 3282 1720 minores,
3312 1643 3551 1715 Oscam,
3586 1643 3718 1704 Ha-

459 1737 679 1812 bacuc,
712 1738 961 1810 Ionam,
995 1739 1241 1801 Nahum
1279 1747 1337 1800 et
1368 1741 1713 1802 Michxam.
1748 1745 1991 1804 Prostat
2050 1735 2288 1802 deinde
2330 1757 2364 1802 a
2394 1741 2509 1804 fol.
2542 1741 2686 1817 218,
2735 1742 3082 1820 Nicephori
3125 1738 3480 1802 Biemmidx
3523 1756 3718 1817 expo-

459 1833 610 1893 sitio
642 1832 712 1894 in
739 1832 1121 1895 Psalterium
1143 1835 1444 1905 Davidis;
1473 1844 1536 1900 et
1556 1854 1591 1900 a
1610 1837 1722 1900 fol.
1754 1840 1896 1916 356,
1923 1837 2213 1921 ejusdem
2238 1837 2592 1900 Blemmidtc
2637 1839 2951 1917 expositio
2989 1840 3058 1900 in
3083 1836 3508 1917 Appendicem
3537 1834 3721 1896 Psal-

461 1927 944 2002 teriiDavidici,
981 1946 1211 2008 nempe
1251 1933 1320 1994 in
1356 1934 1640 1998 Cantica.
1675 1937 1907 2018 Caveat
1943 1954 2125 2018 ergo,
2168 1934 2283 2014 qui
2339 1933 2671 1996 Possevini
2718 1934 2908 1995 verba
2951 1933 3202 2014 legerit,
3255 1950 3336 1994 ne
3378 1930 3720 2010 TbeOphy-

462 2025 627 2086 iacto
659 2033 882 2088 nostro
915 2025 1110 2088 ullam
1137 2029 1206 2089 in
1228 2028 1508 2092 Psalmos
1541 2033 1622 2113 (a)
1657 2045 1719 2096 et
1743 2035 2007 2098 Cantica
2043 2030 2514 2112 expositionem
2551 2029 2848 2092 ascribat.

539 2123 613 2183 In
645 2123 890 2184 Veneta
920 2123 1130 2185 Sancti
1165 2126 1358 2188 Marci
1414 2128 1808 2193 Bibliotheca
1847 2134 2059 2194 codex
2115 2133 2323 2192 exstat
2355 2142 2532 2188 num.
2581 2125 2662 2186 26
2722 2124 2788 2186 in
2851 2141 2982 2204 quo
3013 2132 3156 2203 post
3201 2121 3712 2187 Commentarios
3797 2148 3805 2150 ·-

459 2217 930 2298 Tthphylacti
969 2220 1036 2280 in
1075 2223 1346 2301 quinque
1383 2227 1730 2303 prophetas
1770 2230 2032 2288 minores

2142 2232 2372 2296 nrostat,
2399 2232 2647 2301 Νικήτου
2675 2230 2976 2284 ἐπισκόπου
3011 2229 3108 2296 τῆς
3138 2226 3528 2298 μητροπόλεως
3562 2223 3715 2276 Ναυ-

459 2324 1008 2397 πάκτουσύνταγμα,
1069 2321 1304 2383 Nicetw
1382 2323 1666 2402 episcopi
1731 2326 2032 2402 metropol

2145 2347 2146 2355 η
2204 2320 2524 2399 Naupacti
2571 2319 2915 2395 Syntagma
2961 2315 3030 2377 in
3094 2313 3503 2392 Ecangeiium
3548 2311 3718 2372 Mat-

461 2418 633 2489 thxi,
671 2417 1000 2481 collectum
1065 2423 1383 2501 prxcipue
1411 2441 1490 2483 ex
1524 2424 2157 2502 interpretationibus
2219 2419 2650 2498 Chrysostomi
2697 2417 3088 2494 aliorumque
3133 2414 3546 2476 diversorum.
3583 2412 3708 2473 Sed

459 2530 677 2592 neque
733 2517 1198 2595 Chrysostomi,
1261 2535 1472 2596 neque
1526 2527 1821 2582 veterum
1885 2519 2160 2582 aliorum
2217 2519 2639 2594 interpretum
2684 2513 2948 2576 nomina
3001 2511 3477 2589 exprimuntur,
3523 2515 3592 2570 ut
3648 2507 3720 2568 in

463 2609 719 2672 Catenis
789 2613 924 2674 ﬁeri
951 2615 1136 2675 solet.
1205 2615 1586 2677 Prooemium
1659 2615 2036 2694 incipit:'Ei

2151 2624 2249 2694 μὲν
2287 2623 2434 2693 ἡμᾶς
2473 2621 2548 2692 μὴ
2573 2618 2783 2675 δεῖσθαι
2811 2616 2914 2688 τῆς
2940 2616 3049 2672 ἀπὸ
3075 2614 3185 2669 τῶν
3208 2616 3554 2686 γραμμάτων
3573 2614 3714 2684 βοη-

461 2711 634 2777 θείας.
682 2707 861 2768 Idem
920 2716 1012 2770 est
1070 2726 1213 2770 cum
1256 2725 1334 2771 eo
1373 2711 1546 2789 quod
1579 2711 1832 2774 Catenm
1885 2720 2250 2774 sanctorum
2283 2712 2536 2772 Patrum
2574 2707 2642 2769 in
2683 2704 3104 2784 Evangelium
3159 2704 3514 2764 secundum
3559 2707 3722 2770 Mat-

462 2803 698 2865 thaaum
738 2806 1135 2881 prtemissum
1172 2806 1408 2883 legitur
1443 2807 1504 2868 in
1531 2808 1853 2886 Symbolis
1893 2810 2259 2872 Grmcorum
2290 2811 2544 2870 Patrum
2568 2820 2601 2867 a
2633 2807 2817 2890 Petro
2852 2801 3123 2864 Possino
3157 2799 3435 2880 vulgatis
3469 2804 3718 2868 tomol.

476 2899 597 2962 Sed
644 2917 789 2980 qum
848 2902 1084 2963 Catena
1130 2902 1251 2963 hoc
1288 2901 1427 2964 loco
1463 2904 1800 2981 sequitur,
1832 2905 2098 2966 omnino
2121 2904 2328 2966 dilfert
2359 2920 2394 2965 a
2430 2905 2867 2982 Syntagmate.
2907 2901 2978 2962 ln
3008 2897 3282 2978 hujusce
3332 2897 3524 2960 initio
3555 2917 3724 2964 non-

465 2994 643 3056 nulla
673 3003 1043 3071 occurrunt,
1075 3014 1218 3077 quae
1246 3005 1397 3058 sunt
1428 3013 1692 3078 prorsus
1719 2999 1943 3061 eadem
1982 3018 2125 3062 cum
2155 3000 2631 3080 Theophylacti
2670 2995 3174 3060 Commentario.
3208 2996 3353 3069 Quo
3377 3013 3445 3060 se
3479 3016 3578 3060 res
3607 2999 3726 3061 ha—

464 3091 606 3153 beat
637 3095 848 3164 modo,
889 3093 1177 3170 patefacit
1204 3101 1349 3155 nota
1381 3096 1596 3157 Graece
1626 3095 1861 3174 scripta
1892 3095 1958 3158 in
2001 3097 2295 3176 ejusdem
2329 3097 2578 3160 codicis
2615 3094 2776 3158 folio
2805 3094 2907 3166 6’s,
2933 3109 3156 3174 quam,
3190 3094 3391 3156 veluti
3419 3096 3584 3158 scitu
3618 3095 3724 3156 di—

463 3191 860 3267 gnissimam,
891 3193 1106 3253 Greece
1143 3197 1204 3252 et
1241 3191 1456 3254 Latine
1482 3191 1650 3272 juris
1678 3193 1918 3270 publici
1948 3192 2158 3258 fecere
2182 3195 2426 3258 clariss.
2460 3193 2744 3257 editores
2777 3191 3008 3255 Gnch
3059 3191 3203 3253 Dici
3231 3191 3435 3253 Marci
3465 3191 3718 3256 Biblio-

463 3287 650 3347 thecae
679 3286 742 3348 in
791 3287 933 3365 ejus
964 3286 1205 3349 codicis
1240 3289 1641 3350 recensione.
1675 3289 1888 3351 Latina
1920 3290 2367 3370 interpretatio
2396 3298 2490 3353 est
2520 3311 2536 3352 :
2574 3291 2653 3351 In
2707 3288 2835 3350 alio
2871 3287 3032 3350 libro
3089 3288 3299 3351 inveni
3349 3299 3720 3366 prxsentem

464 3383 924 3460 expositionem
951 3383 1064 3444 sub
1086 3386 1334 3446 nomine
1357 3384 1673 3463 Bulgaria:
1710 3387 2012 3464 episcopi,
2043 3386 2283 3450 scilicet
2312 3385 2575 3448 “domini
2621 3384 3069 3463 Theophylacti
3102 3403 3122 3444 :
3153 3401 3284 3462 qua:
3307 3393 3515 3445 autem
3578 3393 3718 3445 erat

464 3479 533 3540 in
560 3479 672 3540 illo
704 3479 890 3552 libro,
925 3499 1061 3540 cum
1090 3480 1201 3542 hac
1227 3482 1627 3543 conveniebat
1658 3483 1844 3544 initio
1872 3483 2201 3561 praecipue
2231 3503 2250 3544 :
2276 3499 2628 3561 progressu
2681 3498 2828 3542 vero
2887 3479 3303 3558 discrepabat.
3367 3480 3576 3555 Quare
3609 3497 3723 3540 ar-

465 3574 694 3648 bitror,
727 3576 885 3637 hanc
915 3577 1234 3655 Naupacti
1285 3579 1576 3658 episcopo
1601 3579 2050 3660 adjudicatam,
2097 3579 2205 3656 qui
2249 3579 2444 3656 plura
2475 3585 2796 3639 mutuatus
2825 3577 2951 3656 fuit
2995 3596 3034 3637 a
3072 3579 3123 3638 Τ
3123 3566 3554 3655 heophyiacto,
3587 3577 3722 3638 sive

470 3670 912 3750 Chrysostomo
952 3693 972 3733 :
1002 3673 1499 3752 quandoquidem
1537 3685 1596 3736 et
1629 3677 1954 3754 posterior
1986 3683 2262 3752 tempore
2289 3673 2420 3752 fuit
2453 3671 2939 3749 Theophylacto.
2975 3672 3114 3733 Jam
3151 3678 3342 3749 patet,
3378 3671 3719 3750 aliquibus

466 3766 535 3828 in
573 3769 912 3833 codicibus
947 3773 1028 3831 Ex
1042 3771 1400 3850 positiones
1426 3781 1716 3850 prostare
1750 3771 1872 3833 sub
1903 3771 2164 3834 nomine
2189 3766 2676 3848 'l‘heOphylacti,
2703 3783 3032 3845 perperam
3059 3765 3308 3829 scilicet
3328 3765 3536 3829 eidem
3562 3784 3726 3844 sup-

467 3866 729 3942 positas.

547 3964 791 4025 Auctor
819 3964 1250 4043 Syntagmatis
1284 3966 1349 4028 in
1388 3972 1537 4028 nota
1571 3966 1806 4029 dicitur
1841 3966 2096 4030 Nicetas
2129 3963 2459 4041 cpiscopus
2485 3957 2899 4036 metropoleos
2918 3957 3263 4038 Naupacti.
3290 3960 3478 4036 Apud
3503 3961 3722 4023 Mont-

461 4055 835 4122 fauconium
877 4061 941 4121 in
982 4061 1378 4124 Bibliotheca
1404 4063 1938 4125 Bibliothecarum
1967 4079 2114 4122 mss.
2160 4065 2334 4122 tomo
2357 4060 2419 4132 J,
2451 4073 2598 4136 pag.
2625 4058 2726 4130 2'7,
2765 4057 2886 4118 col.
2929 4057 2990 4129 2,
3024 4072 3311 4135 sequens
3342 4056 3578 4137 legitur
3609 4059 3721 4120 in-

464 4155 729 4232 scriptio
764 4155 932 4217 inter
974 4158 1228 4220 codices
1260 4159 1498 4236 reginae
1527 4160 1770 4222 Sueciae
1803 4160 1867 4219 in
1911 4160 2213 4220 Vaticana
2246 4177 2260 4216 :
2300 4155 2536 4218 Nicetas
2598 4153 2877 4232 episcopi
2913 4153 3266 4243 nuncupati
3299 4155 3613 4231 expositio
3645 4156 3726 4218 in

463 4260 736 4328 quatuor
775 4251 1164 4331 Evangelia;
1213 4255 1322 4316 ubi
1367 4271 1585 4317 vocem
1619 4255 1974 4333 nuncupati
2007 4253 2273 4332 positam
2304 4265 2418 4329 pro
2447 4249 2791 4327 Naupacti,
2834 4247 3175 4310 verisimili
3206 4250 3578 4328 conjectura
3595 4252 3722 4313 ad-

464 4355 685 4417 notant
719 4349 953 4412 laudati
1001 4351 1342 4412 Marciana:
1376 4351 1611 4412 Veneta:
1646 4349 2048 4412 Bibliotheca:
2079 4348 2390 4410 editores.
2440 4345 2728 4425 Hujusce
2781 4343 3018 4406 Nicetae
3061 4345 3490 4422 metmpoleos
3546 4349 3727 4410 Nau-

463 4446 626 4523 pacti
657 4446 944 4525 episcopi
980 4448 1218 4509 mentio
1253 4447 1425 4510 nulla
1455 4448 1625 4526 apud
1657 4448 2032 4531 Michaelem
2066 4443 2468 4525 Lequienum
2525 4441 2594 4504 in
2649 4440 2904 4502 Oriente
2963 4439 3351 4516 Christiano,
3395 4449 3570 4505 tomo
3626 4443 3722 4518 ll,

465 4543 587 4604 col.
615 4545 729 4605 198
757 4551 818 4605 et
845 4562 1028 4624 seqq.
1061 4544 1128 4612 in
1154 4545 1377 4607 eadem
1406 4546 1710 4623 Naupacti
1740 4545 2022 4607 Ecclesia
2054 4561 2068 4603 :
2105 4557 2314 4620 neque
2353 4539 2608 4611 mirum,
2651 4553 2800 4606 cum
2850 4537 3056 4598 series
3091 4555 3316 4601 eorum
3371 4539 3725 4619 episcopo-

469 4656 610 4699 rum
641 4639 888 4717 integra
923 4640 1356 4702 desideretur.
1391 4640 1872 4719 Theophylacto
1896 4638 2304 4719 synchronus
2342 4636 2609 4700 ﬂorebat
2642 4635 2892 4700 Nicetas
2932 4635 3302 4710 Serrarum;
3331 4645 3550 4714 postea
3581 4639 3724 4701 He-

469 4733 712 4808 raclem,
749 4735 1118 4813 episcopus.
1154 4737 1249 4798 Ad
1282 4736 1454 4798 hunc
1482 4737 1626 4799 data
1649 4744 1744 4798 est
1769 4734 2540 4817 ejusdemeeophylacti
2576 4748 2741 4794 nona
2777 4731 2947 4793 inter
2973 4732 3378 4796 Meursianas
3405 4733 3718 4812 epistola,

466 4830 737 4904 scilicet,
773 4840 864 4910 Τῷ
891 4841 1199 4913 διδασκάλῳ
1227 4843 1402 4913 κυρίῳ
1425 4842 1658 4913 Νικήτᾳ,
1680 4842 1758 4912 τῷ
1783 4841 1891 4896 τῶν
1909 4842 2039 4913 Σεῤῥ

2147 4833 2246 4896 ,ls
2303 4837 2399 4894 est
2465 4830 2577 4910 qui
2627 4826 2873 4890 scholia
2929 4827 3188 4908 scripsit
3247 4831 3311 4892 in
3370 4830 3720 4895 Orationes

465 4923 670 4985 sancti
695 4927 988 5004 Gregorii
1033 4927 1444 4990 Nazianzeni.
1495 4930 1789 4992 Laudataa
1831 4930 2038 5008 episto

2181 4927 2384 5007 prima
2443 4927 2634 4988 verba
2675 4931 2830 4990 sunt
2865 4947 2879 4990 :
2913 4937 3072 4992 Καὶὸ
3113 4934 3210 4988 τοῦ
3239 4935 3581 5004 Εὐαγγελίου
3611 4936 3725 5005 τῆς

465 5029 729 5101 ἀληθείας
759 5024 1307 5103 ἐξηγητὴςχΕείαπι
1343 5037 1432 5101 tu,
1467 5028 1577 5106 qui
1602 5026 1931 5106 Evangelii
2003 5044 2038 5086 υ

2148 5025 2289 5086 tatis
2339 5023 2652 5099 interpres
2708 5025 2947 5103 fueras,
2996 5021 3320 5084 mendacio
3379 5023 3721 5084 convictus

469 5136 557 5189 es,
594 5124 716 5180 etc.
755 5121 848 5180 An
884 5136 1037 5199 ergo
1082 5122 1627 5184 Commentarium
1656 5121 1753 5183 vel
1784 5123 2081 5184 Catenam
2111 5120 2180 5181 in
2213 5117 2562 5196 Evangelia
2610 5119 2996 5195 scripserit?
3027 5118 3328 5182 Catenam
3393 5118 3722 5178 Pessinus

466 5211 528 5271 ei
561 5211 868 5286 attribuit,
901 5231 1092 5292 quam
1117 5214 1184 5276 in
1222 5216 1540 5295 Symbolis
1571 5209 1854 5295 vulgavit
1885 5223 2059 5278 torno
2093 5217 2172 5277 Il.
2201 5217 2279 5276 At
2321 5214 2562 5292 primus
2598 5214 2799 5290 enim,
2831 5214 3037 5294 quiin
3074 5213 3302 5275 eodem
3356 5228 3550 5288 opere
3613 5232 3725 5276 re-

467 5316 770 5371 censetur
810 5309 980 5372 inter
1000 5318 1294 5373 auctores
1323 5330 1598 5391 quorum
1622 5313 1960 5376 sententia)
1982 5312 2401 5386 deﬂorantur,
2451 5311 2702 5373 Nicetas
2729 5318 2844 5374 est.
2874 5309 3266 5390 Hujusmodi
3324 5309 3722 5372 Catenarum

467 5404 918 5482 compilatores
946 5405 1356 5485 frequentius
1387 5409 1645 5472 obscuri
1680 5418 1854 5474 sunt.

545 5502 782 5562 Mirum
815 5518 941 5565 non
972 5501 1191 5575 fuerit,
1233 5507 1294 5565 in
1328 5507 1736 5583 Syntagmate
1771 5506 2075 5584 superius
2106 5507 2298 5570 citato
2356 5523 2697 5570 occurrere
2758 5521 2890 5570 non
2948 5522 3170 5585 pauca,
3220 5521 3366 5585 qum
3404 5522 3550 5568 cum
3600 5523 3727 5586 ge-

470 5597 676 5659 nuino
711 5597 1174 5679 Theopbylacti
1211 5602 1680 5665 Commentario
1710 5603 2104 5666 conveniunt
2136 5622 2150 5665 :
2194 5604 2296 5668 vel
2327 5605 2502 5667 enim
2522 5604 3076 5684 Theophylactum
3119 5603 3496 5682 decerpebat
3528 5603 3728 5666 Nice-

534 5750 994 5825 (o)_:[heophylacti
1033 5757 1445 5825 commentaaium
1492 5757 1857 5825 incdituntuin
1895 5759 2107 5825 Psalmgs

2168 5763 2410 5811 memorat
2441 5759 2492 5812 C.
2540 5759 2595 5812 B.
2633 5758 2812 5814 [Iasius
2858 5759 2916 5811 ad
2959 5755 3172 5811 Paulum
3212 5751 3482 5806 Diammlm
3530 5765 3574 5816 ρ.
3616 5751 3727 5805 489

474 5813 552 5878 (in
573 5813 796 5867 editione
813 5813 978 5870 nostra
1004 5821 1218 5882 col.889,
1248 5827 1350 5871 not.
1385 5822 1463 5873 55.
1490 5822 1628 5873 Tom.
1656 5821 1865 5886 CXVII).
1895 5822 2029 5876 Em.
2069 5822 2218 5873 Pun.
