4058 6470
367 343 428 408 61
1213 348 1313 410 DE
1349 349 1927 418 TIIEOPHYLACTI
1966 355 2238 418 GESTIS
2275 356 2370 417 ET
2414 354 2786 416 SCRIPTIS.
3530 351 3610 412 62

359 465 456 521 tas
499 457 640 533 ille,
666 458 781 538 qui
809 457 1100 538 sequiori
1135 470 1314 525 mtate
1348 463 1538 528 vitam
1563 467 1810 545 agebat,
1838 470 1932 532 vel
1967 470 2154 534 ambo
2182 485 2386 534 unum
2428 470 2742 530 Joannem
2777 464 3313 543 Chrysostomum
3339 461 3404 524 in
3439 478 3613 524 com-

363 554 677 628 pendium
700 554 1101 634 redigebant.
1143 558 1214 620 ω
1238 559 1430 622 etiam
1478 565 1722 626 aPetro
1754 565 2026 628 Possino
2053 567 2464 629 observatum
2506 565 2572 625 in
2599 563 2853 634 Catena,
2897 577 3088 640 quam
3125 569 3298 623 torno
3360 560 3382 621 l
3438 559 3612 640 typis

355 649 593 726 ‘edidit,
616 653 760 714 sine
785 651 922 714 ullo
947 652 1314 720 collectoris
1347 661 1639 735 nomine,
1673 678 1862 740 quem
1884 679 1954 725 se
1993 664 2242 724 nescire
2263 661 2328 722 in
2361 658 2737 724 Prmfatione
2786 663 3076 728 testatur,
3115 673 3192 717 eo
3223 655 3377 736 quia
3403 676 3432 710 α
3464 671 3614 732 epe-

362 747 452 810 ris
473 746 765 818 titulum,
811 751 1225 816 rubramento
1256 756 1472 819 minus
1503 759 1705 820 tenaci
1739 758 2210 832 concinnatum,
2238 756 2415 820 nulla
2441 773 2563 834 ope
2592 755 2852 833 assequi
2891 752 3196 832 potuerit.
3231 773 3261 808 ι
3291 750 3602 813 Animad-

363 842 554 904 vertit
611 862 762 907 vero
793 889 810 920 ,
849 868 876 902 α
938 865 1084 926 qum
1122 849 1394 927 plurima
1425 853 1828 931 compilator,
1885 854 2260 934 quicunque
2305 861 2423 927 est,
2479 851 2774 916 attribuit
2827 850 3316 928 Chrysostomo,
3353 864 3426 909 ea
3475 845 3611 907 fere

361 939 535 1019 apud
559 940 1114 1022 Theophylactum
1150 947 1444 1026 reperiri,
1477 949 1866 1015 sententiam
1903 951 1960 1013 si
1992 960 2244 1032 spectes
2279 973 2296 1014 :
2344 967 2490 1014 nam
2523 949 2736 1019 verba,
2783 952 3098 1027 quantum
3159 942 3610 1016 animadverti,

361 1053 620 1113 semper
648 1037 900 1101 diversa
922 1048 1097 1102 sunt.
1121 1044 1454 1108 Interdum
1471 1044 1796 1125 copiosior
1814 1054 2032 1109 noster
2057 1055 2153 1110 est
2175 1045 2448 1126 (scilicet
2472 1046 2722 1108 Catenm
2745 1041 3016 1120 auctor),
3049 1039 3240 1102 etiam
3269 1037 3376 1100 ubi
3399 1039 3616 1098 Theo-

359 1131 732 1211 phylactum
767 1135 831 1197 in
862 1137 1161 1214 pauciora
1199 1148 1381 1219 cogat
1415 1163 1430 1202 :
1463 1141 1520 1202 si
1553 1148 1763 1204 tamen
1825 1141 2377 1223 'lTheOphylactum
2437 1141 2765 1218 [XXVIII]
2799 1138 2962 1200 vidit
3012 1151 3323 1214 unquam,
3365 1140 3426 1195 et
3483 1147 3613 1193 non

359 1229 581 1306 potius
646 1249 727 1294 ex
772 1233 1025 1309 eodem,
1091 1238 1262 1300 unde
1324 1238 1840 1316 Theotihylactus
1917 1246 2090 1306 totus
2172 1237 2703 1318 pendel,hausit
2769 1237 2906 1316 ipse
2962 1250 3226 1314 quoque
3287 1228 3615 1294 communi

358 1326 713 1409 utriusque
741 1329 942 1406 fonte,
969 1331 1454 1413 Chrysostomo.
1495 1357 1525 1393 η

1900 1465 2059 1529 XVI.

361 1564 822 1657 Theophylapti
873 1567 1422 1657 doctrinmpapita
1450 1575 1757 1657 nonnulla
1798 1578 2117 1657 peculiari
2167 1575 2448 1638 examine
2486 1573 2815 1657 discussa;
2849 1591 2923 1633 ac
2975 1571 3186 1657 primo
3222 1567 3615 1657 ‘Grajcorum

441 1646 767 1734 scissionis
788 1646 1623 1734 pnmtextumimprooal,ex
1657 1646 1898 1734 rituum
1936 1653 2298 1734 differentia
2328 1664 2661 1732 sumptum.
2682 1646 3270 1734 Agitprwcipuede
3300 1647 3613 1734 oblatione

442 1723 804 1813 ίη,α⁸31¹2⁸ί8ξ
835 1725 1026 1813 (ἔθορε
1074 1723 1324 1813 Ῑεὶιξηῖο
1385 1723 1678 1813 Βᾳὸὁαιίη
1736 1723 2205 1813 ΒαῙῘοοαὶὸνιιηι
2252 1750 2428 1813 esus,
2463 1723 2664 1813 quem
2695 1723 2973 1813 damnat,
3029 1723 3617 1813 uindicat-arando-

442 1802 622 1892 (eius:
658 1801 903 1892 Latinis
920 1801 1394 1882 favent'l’elrus
1425 1801 1858 1874 Antiochenu's'
1881 1814 2278 1892 patriarcha,
2306 1823 2363 1874 et
2397 1801 2742 1877 De'ntetrius
2779 1801 3216 1878 Chomatenus,
3288 1801 3606 1880 Bulgaria:

439 1881 981 1962 archiepiscopus.

443 2005 545 2066 59.
579 2005 725 2067 Haec
756 2008 964 2086 Opere
998 2009 1484 2093 TheOphylacti,
1518 2031 1664 2094 qum
1685 2017 1998 2080 hactenus
2053 2016 2524 2089 recensuimus,
2563 2011 2814 2075 tametsi
2848 2011 3146 2090 praeclara
3197 2008 3353 2078 sint,
3413 2005 3618 2069 nmvis

355 2107 645 2162 attamen
669 2102 1002 2182 aliquibus
1040 2122 1112 2168 ac
1147 2107 1306 2171 vitio
1333 2125 1462 2172 non
1495 2108 1735 2176 care'nt.
1794 2118 1934 2178 Non
1987 2132 2095 2177 eas
2144 2114 2518 2177 divinorum
2579 2108 3003 2189 Eloquiorum
3057 2104 3618 2183 interpretationes

359 2195 689 2276 intelligo,
716 2214 879 2277 quas
915 2201 1258 2279 peritiores
1293 2206 1683 2285 interpretes
1729 2211 2126 2276 accuratiore
2171 2209 2468 2275 examine
2497 2207 2829 2269 discusses
2863 2219 2988 2266 non
3049 2201 3317 2280 probant
3368 2199 3460 2260 vel
3527 2215 3622 2257 re-

348 2292 624 2372 jiciunt,
657 2293 858 2358 veluti
889 2295 1174 2362 historiae
1200 2317 1418 2378 sacrae,
1443 2307 1736 2368 autsacri
1771 2307 2104 2384 scriptoris
2141 2305 2338 2368 menti
2389 2303 2612 2366 minus
2671 2315 3014 2364 consonas.
3071 2295 3373 2374 intelligo
3425 2309 3622 2373 pecu-

353 2389 557 2452 liares
597 2391 906 2453 doctrinm
935 2410 1214 2470 errores,
1267 2396 1339 2460 in
1387 2415 1554 2477 quos
1585 2400 1860 2482 impegit
1893 2403 2003 2466 ille
2028 2404 2166 2466 sive
2198 2417 2311 2480 pro
2343 2399 2618 2462 humana
2649 2396 3045 2468 inﬁrmitate,
3108 2394 3247 2455 sive
3303 2407 3418 2470 pro
3448 2405 3621 2452 com-

359 2486 726 2549 municum
773 2491 914 2551 suis
968 2491 1324 2569 gentilibus
1375 2495 1778 2575 praejndicio.
1839 2501 1962 2562 Sed
2019 2500 2213 2562 etiam
2273 2496 2478 2576 capita
2527 2494 2836 2557 doctrinm
2897 2491 3186 2570 qumdam
3257 2495 3408 2550 sunt
3447 2484 3619 2562 apud

357 2582 581 2658 ipsum
602 2630 618 2656 ,
648 2599 929 2662 quorum
963 2585 1114 2660 alia,
1145 2588 1423 2666 partium
1448 2592 1671 2654 studio
1707 2603 1979 2669 semoto,
2013 2602 2234 2658 contra
2260 2593 2550 2672 vigentes
2577 2591 2746 2652 inter
2773 2591 3026 2652 Graecos
3049 2585 3394 2664 Opiniones
3428 2581 3620 2644 tradi-

351 2675 484 2752 dit,
514 2677 886 2756 illustravit,
921 2682 1315 2757 vindicavit:
1364 2687 1490 2749 alia
1522 2687 1750 2751 docuit
1789 2689 2340 2763 lzuculentissime,
2383 2687 2642 2764 insigne
2684 2685 2764 2746 de
2800 2685 3034 2746 Graecae
3080 2679 3386 2743 Ecclesiae
3452 2685 3620 2739 recta

365 2773 491 2837 ﬁde
555 2776 999 2840 testimonium
1033 2779 1378 2858 perhibens
1404 2782 1748 2845 adversum
1789 2785 2203 2863 posteriores,
2240 2801 2384 2863 qum
2413 2783 2480 2845 in
2514 2781 2863 2844 Occidente
2900 2785 3138 2840 exorta)
3185 2782 3359 2847 sunt,
3420 2774 3621 2834 haere-

361 2887 473 2932 ses
507 2871 1022 2936 Lutheranorum
1047 2882 1111 2938 et
1134 2875 1660 2942 Calvinistarum.
1692 2880 1786 2941 Ex
1822 2880 2166 2961 utriusque
2198 2875 2841 2940 classisdocumentis
2858 2889 3055 2952 pauca
3083 2869 3448 2949 seligimus,
3477 2885 3624 2945 quae

365 2965 488 3030 hoc
521 2967 660 3031 loco
688 2968 1073 3032 illustranda
1105 2979 1280 3036 sunt.
3100 3051 3108 3058 ,

447 3066 540 3128 De
575 3081 754 3128 sacra
785 3068 1161 3133 Latinorum
1195 3071 1510 3135 oblatione
1535 3071 1602 3131 in
1630 3073 1866 3149 azymis
1899 3071 2108 3151 deque
2119 3069 2372 3151 jejunio
2403 3065 2684 3140 Sabbati,
2741 3063 3024 3142 aliisque
3084 3062 3318 3124 ritibus
3386 3062 3620 3124 mitius

361 3177 438 3224 ac
461 3160 836 3241 benignius,
868 3183 1062 3242 quam
1091 3175 1465 3230 caaterorum
1489 3166 1612 3230 aevi
1635 3167 1741 3232 sui
1769 3184 1842 3231 ac
1875 3167 2203 3246 sequioris
2231 3167 2623 3233 Grmcorum,
2657 3161 2867 3239 ipsius
2925 3157 3387 3237 TheOphylacti
3434 3157 3620 3234 judi-

361 3258 540 3320 cium
570 3265 692 3321 est.
729 3261 976 3322 Smculo
1003 3263 1304 3325 Ecclesiae
1338 3263 1708 3336 undecimo,
1733 3279 1862 3343 quo
1889 3264 2027 3342 ipse
2062 3259 2306 3322 natales
2336 3256 2586 3330 habuit,
2615 3273 2685 3317 ac
2711 3256 2904 3317 vitam
2945 3254 3099 3332 egit,
3136 3253 3488 3331 ﬂoruitque
3512 3251 3623 3315 lit-

368 3355 526 3416 teris
557 3363 620 3416 et
656 3355 1104 3435 dignitatibus,
1137 3359 1572 3422 miserandum
1612 3358 2084 3440 infandumque
2130 3354 2400 3418 Michael
2443 3351 2816 3417 Cerularius
2870 3351 3224 3430 patriarcha
3262 3348 3626 3414 Constanti-

373 3449 815 3526 n0politanus,
849 3467 994 3513 cum
1019 3454 1232 3518 Leone
1266 3453 1582 3532 Bulgarim
1616 3454 2100 3535 archiepiscOpo
2133 3453 2526 3529 Achridano,
2562 3461 2624 3516 et
2665 3455 2883 3517 Niceta
2912 3454 3241 3514 Pectorato
3287 3449 3620 3519 monacho,

370 3545 840 3609 instauraverat
870 3548 1148 3612 schisma
1178 3565 1193 3609 :
1227 3549 1653 3628 ejusdemque
1686 3550 2007 3615 conﬂandi
2038 3550 2442 3629 fovendique
2487 3566 2710 3613 causas
2750 3547 3156 3620 obtendebat,
3197 3546 3625 3608 consecratio-

365 3659 508 3704 nem
540 3644 608 3704 in
631 3645 891 3722 azymis,
904 3645 1223 3724 jejunium
1242 3646 1522 3732 Sabbati,
1555 3647 2008 3728 su/focaturum
2033 3666 2225 3722 esum,
2252 3646 2660 3726 aliorumque
2692 3645 2930 3707 rituum
2961 3643 3425 3706 diversitatem.
3466 3639 3628 3701 Nul-

373 3739 493 3802 lam
527 3739 658 3801 imo
684 3741 1048 3814 schismatis
1081 3743 1501 3820 promnvendi
1530 3759 1788 3806 causam
1836 3743 1996 3806 hanc
2027 3760 2194 3817 esse,
2227 3742 2630 3819 apertissima
2662 3738 3119 3818 'l‘heOphylacti
3150 3737 3470 3800 sententia
3503 3743 3624 3797 est.

451 3839 630 3901 Hanc
655 3842 862 3916 aperit
920 3847 983 3902 et
1028 3842 1308 3904 vindicat
1337 3842 1406 3903 in
1441 3843 1734 3921 Epistola
1763 3844 1846 3905 ad
1876 3840 2206 3906 Nicolaum
2235 3838 2572 3900 diaconum
2602 3845 2658 3898 et
2695 3837 3124 3908 canstrisium,
3174 3853 3366 3916 quam
3407 3836 3625 3896 Graece

372 3932 684 3996 habemus
723 3952 807 3996 ex
843 3935 1066 3999 codice
1097 3937 1952 4012 Cmsareo-Vindobonensi,
1988 3940 2328 4001 Latinitate
2362 3939 2658 4000 donatam
2682 3954 2714 3998 a
2743 3937 3072 3998 Bonifacio
3095 3938 3367 3997 Finetto.
3401 3934 3630 3995 Diaco-

371 4046 500 4092 nus
534 4029 648 4093 ille
687 4039 1016 4110 rogaverat
1040 4032 1616 4112 TheOphylactum,
1651 4033 2120 4104 utLatinorum
2160 4035 2329 4096 circa
2390 4051 2492 4095 res
2535 4033 2988 4095 ecclesiasticas
3039 4049 3286 4091 errores
3328 4030 3624 4102 breviter,

367 4136 674 4205 quantum
697 4127 840 4206 ﬁeri
865 4137 1095 4206 potest,
1131 4128 1464 4207 refellant.
1493 4151 1524 4187 ς(
1559 4129 1912 4205 Quoniam,
1950 4130 2297 4212 inquiebas
2339 4132 2554 4211 (verba
2585 4136 2737 4192 sunt
2771 4129 2980 4206 ipsius
3008 4125 3521 4206 TheOphylacti),
3565 4132 3628 4187 et
3727 4130 3730 4134 ’

373 4226 560 4288 multi
601 4235 777 4298 sunt,
811 4239 874 4288 et
903 4228 979 4290 ad
1011 4228 1383 4290 scindendas
1411 4227 1735 4290 Ecclesias
1765 4229 1939 4292 haud
1972 4232 2286 4293 modicam
2317 4229 2445 4292 vim
2475 4229 2733 4292 habent.
2765 4232 2893 4291 Nos
2926 4234 3165 4302 tamen,
3199 4228 3318 4288 etsi
3363 4227 3624 4304 multos,

373 4324 504 4385 imo
527 4322 661 4386 fere
685 4339 908 4385 omnes
939 4325 1024 4386 ita
1055 4325 1295 4386 sentire
1328 4325 1650 4400 novimus,
1687 4325 2157 4404 haudquaquam
2180 4329 2263 4390 ita
2303 4329 2624 4390 sentimus
2655 4344 2906 4406 :neque
2935 4325 3166 4388 multos
3197 4341 3422 4387 eorum
3448 4341 3626 4387 erro-

365 4435 478 4482 res
505 4435 650 4481 esse
679 4421 1151 4498 cognoscimus,
1171 4422 1552 4501 nequetales
1583 4422 1697 4502 qui
1715 4422 1796 4483 ad
1812 4422 1967 4484 disci

2028 4422 2247 4485 ﬂendus
2273 4424 2583 4485 Ecclesiae
2615 4424 2743 4484 sint
2769 4422 2986 4484 idonei
3007 4428 3160 4482 εοῦτε
3181 4429 3385 4499 σχίζειν
3404 4430 3630 4499 Ἐκκλη.

375 4527 499 4588 σιας
532 4525 878 4596 δυνάμενα.»
904 4521 1169 4581 Errores
1213 4520 1788 4599 Latinorum,quos
1817 4520 2128 4587 diaconus
2163 4519 2746 4598 incusabat,pergit
2771 4519 2880 4580 ille
2913 4534 3168 4580 narrare
3203 4534 3216 4578 :
3253 4539 3280 4574 ι(
3312 4519 3382 4579 ln
3411 4517 3626 4579 multis

376 4612 646 4692 quidem
680 4613 980 4676 videntur
1018 4613 1225 4675 Latini
1265 4630 1500 4677 errare.
1540 4615 1859 4677 Videlicet
1891 4633 2111 4697 azyma
2135 4615 2758 4694 offerunt,jejunant
2791 4615 2859 4676 in
2885 4615 3181 4684 Sabbato,
3226 4613 3626 4692 jejuniorum

365 4709 516 4772 dies
553 4717 700 4771 ante
725 4709 1098 4772 Passionem
1129 4726 1257 4772 non
1289 4710 1458 4772 sicut
1484 4726 1599 4772 nos
1632 4721 1995 4785 numerant,
2019 4714 2405 4777 clericorum
2441 4714 2849 4778 matrimonia
2892 4712 3278 4782 dissolvunt,
3314 4711 3626 4772 laicorum

378 4821 532 4868 vero
596 4805 1162 4868 indiscriminatim
1212 4806 1587 4884 permittunt
1622 4827 1636 4864 :
1671 4807 1893 4870 barbas
1957 4808 1976 4888 (

2024 4819 2072 4891 ιὴ
2154 4819 2405 4888 γελάσειν
2481 4819 2723 4888 μέλλεις,
2760 4829 2840 4872 ne
2910 4809 3144 4887 rideas)
3208 4807 3440 4868 radunt
3495 4820 3626 4864 non

376 4902 586 4964 solum
621 4899 772 4973 alii,
801 4901 916 4963 sed
962 4901 1151 4963 etiam
1188 4901 1302 4980 qui
1335 4903 1499 4965 sacri
1526 4911 1678 4964 sunt
1709 4905 1958 4967 ordinis
1995 4924 2010 4964 :
2045 4910 2107 4965 et
2139 4903 2370 4965 horum
2404 4919 2634 4966 manus
2666 4903 3012 4982 Splendeat
3043 4899 3324 4973 annulis,
3362 4904 3630 4958 vestem-

376 5013 505 5075 que
533 4997 990 5060 sacerdotalem
1042 4997 1258 5060 ferunt
1285 4999 1511 5060 sericis
1551 5000 1854 5062 intextam
1899 4999 2305 5073 staminibus,
2342 5001 2662 5078 variisque
2686 4999 3010 5062 coloribus
3041 5004 3323 5061 ornatam
3356 5016 3377 5056 :
3407 4995 3537 5056 imo
3567 5000 3637 5054 et:

378 5109 604 5156 carnes
633 5095 1002 5165 comedunt,
1044 5100 1106 5154 et
1137 5094 1485 5157 Dominum
1515 5097 1856 5158 adorantes
1889 5097 1968 5159 ad
1999 5103 2230 5156 terram
2266 5097 2719 5174 procumbunt.
2759 5118 2790 5154 n

458 5190 915 5252 Animadverte
943 5192 1136 5253 verba
1164 5190 1299 5264 illa,
1327 5211 1402 5253 ne
1441 5193 1692 5262 rideas;
1729 5209 1800 5256 ac
1827 5202 1963 5256 tuto
2004 5191 2262 5270 collige,
2291 5191 2634 5271 plerasque
2678 5190 3054 5271 hujusmodi
3108 5195 3326 5252 contra
3369 5187 3634 5250 Latinos

380 5287 821 5350 accusationes
848 5287 986 5348 risu
1023 5288 1249 5366 dignas
1286 5287 1764 5368 TheOphylacto
1798 5290 1966 5353 visas
1996 5305 2162 5350 esse.
2196 5290 2528 5351 Judicium
2563 5289 2704 5368 ejus
2735 5287 2952 5366 accipe
2977 5307 2992 5349 :
3016 5310 3044 5344 (ι
3076 5290 3394 5364 Ego,vero
3425 5293 3485 5347 et
3512 5284 3628 5346 ho-

388 5401 552 5456 rum,
587 5383 724 5462 (qui
763 5383 1069 5446 dicuntur
1091 5390 1388 5463 errores,)
1431 5385 1594 5449 alios
1629 5396 1885 5465 οὺδεμίας
1917 5396 1986 5448 ἐπ

2027 5397 2278 5466 ττρσφῆς,
2313 5385 2559 5448 nullius
2615 5383 3113 5454 emendationis;
3144 5384 3309 5445 alios
3343 5399 3491 5444 vero
3525 5407 3629 5457 με-

382 5489 560 5560 τριας,
583 5479 918 5540 mediocris
949 5479 1242 5560 indigere
1277 5489 1429 5559 puto
1456 5504 1473 5554 ;
1506 5499 1697 5560 quam
1722 5482 1776 5544 si
1811 5482 1958 5560 quis

2020 5482 2294 5555 perficiat,
2331 5481 2596 5558 aliquod
2657 5481 2946 5560 quidem,
2995 5480 3108 5542 sed
3145 5479 3464 5541 modicum
3501 5479 3622 5539 Ec—

387 5577 599 5640 clesim
626 5576 1014 5640 beneﬁcium
1047 5577 1418 5656 impendat;
1453 5576 1509 5638 si
1542 5593 1693 5639 vero
1725 5578 1787 5648 id
1817 5575 2116 5640 obtinere
2151 5591 2275 5638 non
2311 5576 2538 5655 possit,
2599 5591 2730 5639 non
2767 5575 2852 5639 sit
2913 5575 3034 5638 hoc
3098 5574 3268 5637 inter
3323 5572 3633 5637 Ecclesim

383 5673 613 5736 damna
643 5674 1171 5752 computandum.
1213 5695 1242 5730 )›

462 5770 561 5830 60.
619 5771 765 5832 Late
809 5768 1060 5832 disserit
1086 5767 1159 5830 dc
1187 5768 1494 5833 oblatione
1545 5769 2118 5849 in,azymis,deque
2148 5767 3230 5850 Sabbalijeiunio.lmprobatistud,
3254 5764 3436 5831 acilii
3464 5781 3628 5845 prm-
