3984 6598
467 397 538 463 63
1314 403 1537 468 BERN.
1581 407 1848 468 MARL'E
1890 408 1986 468 DE
2026 408 2314 469 RUBEIS
2357 406 2861 470 DISSERTATIO
3632 404 3704 470 64

464 507 802 575 ferendum
833 517 1050 574 censet
1079 512 1272 577 ritum
1295 498 1781 579 consecrationis
1813 518 1878 579 in
1897 520 2287 598 fermentata.
2320 522 2396 579 At
2421 519 2677 580 demum
2702 539 2732 574 α
2763 517 3089 596 reliquum
3123 527 3240 591 est,
3271 521 3340 579 ut
3362 517 3708 580 admonea-

465 622 634 680 mus,
659 605 894 684 inquit,
925 607 1220 686 vulgares
1241 618 1492 673 nostros
1520 612 2175 694 homines,quotquot
2205 614 2417 676 zelum
2459 613 2719 693 quidem
2750 612 3010 688 habent,
3039 614 3152 674 sed
3183 628 3308 675 non
3342 613 3707 676 secundum

463 700 835 776 scientiam;
869 702 1086 779 quive,
1119 706 1290 783 quod
1323 706 1582 784 gravius
1614 715 1734 782 est,
1757 726 1835 770 ex
1863 725 2028 771 caeco
2059 709 2390 771 suiamore
2412 708 2645 772 Christi
2676 724 2908 787 corpus
2940 708 3308 771 dilacerant.
3338 731 3365 764 η
3394 707 3704 814 Aitetiam

461 795 725 870 [XXIX]
769 812 782 856 :
825 820 844 854 ε
886 799 1021 858 Non
1052 799 1246 876 igitur
1276 817 1487 880 neque
1536 810 1790 880 propter
1829 819 2075 882 azyma,
2108 821 2318 884 neque
2357 809 2617 883 prapter
2635 802 2991 883 jejunium,
3019 802 3251 866 durius
3288 818 3407 865 nos
3444 802 3705 866 habe-bi-

460 903 600 946 mus
635 906 783 968 erga
823 890 1243 955 inﬂexibilem
1270 896 1481 972 gentis
1511 896 2000 973 pertinaciam.»

543 985 909 1048 Pervicaces
969 988 1110 1048 suis
1153 988 1219 1050 in
1262 990 1496 1052 ritibus
1526 993 1787 1054 Latinos
1840 993 2168 1072 appellat:
2214 1013 2427 1074 neque
2476 1004 2686 1060 tamen
2736 999 2973 1060 Graecas
3020 995 3231 1076 gentis
3271 994 3582 1058 duritiem
3617 995 3688 1058 in-
3772 1002 3780 1008 '

461 1094 572 1140 eos
606 1080 936 1158 approbat.
966 1083 1114 1144 Haac
1151 1083 1272 1146 alia
1311 1086 1454 1164 ejus
1489 1087 1678 1148 verba
1712 1087 1920 1151 refero
1969 1113 1983 1151 :
2027 1112 2055 1144 α
2083 1093 2304 1169 Neque
2338 1092 2610 1154 multum
2647 1091 2866 1166 refert,
2901 1092 2979 1154 de
3017 1090 3264 1153 caneris
3297 1091 3697 1152 enumeratis

463 1169 769 1254 (ritibus),
823 1192 989 1254 quos
1060 1177 1181 1254 ipsi
1215 1176 1239 1258 ’(
1283 1180 1511 1260 Latini)
1543 1199 1612 1243 se
1661 1184 2000 1247 observare
2053 1185 2357 1259 fatentes,
2421 1187 2680 1267 (praeter
2721 1187 3176 1267 suffocatorum
3223 1203 3391 1246 esum
3437 1206 3456 1245 :
3499 1185 3698 1265 hujus

460 1269 632 1330 enim
669 1286 746 1330 ne
773 1286 1007 1333 nomen
1044 1274 1313 1351 quidem
1370 1277 1904 1354 prudentioribus
1937 1280 2186 1343 Latinis
2218 1280 2562 1344 ferendum
2597 1283 2962 1355 videtur...)
3006 1281 3228 1343 multis
3261 1281 3696 1353 irremissibi-

459 1361 609 1424 liter
642 1381 900 1441 peccare
934 1365 1259 1431 videntur.
1283 1370 1574 1446 Quorum
1605 1375 2018 1437 sermonibus
2051 1393 2179 1440 non
2211 1380 2551 1450 assentire,
2584 1377 2868 1441 hominis
2900 1384 3018 1451 est,
3052 1384 3123 1439 ut
3167 1383 3346 1456 puto,
3394 1377 3460 1436 in
3493 1376 3698 1440 eccle-

458 1457 713 1520 siastica
760 1459 1032 1524 historia
1079 1466 1443 1541 exercitati;
1495 1468 1609 1546 qui
1672 1469 1867 1546 probe
1905 1473 2106 1548 novit,
2175 1491 2305 1536 non
2368 1491 2606 1538 omnen
2669 1474 3208 1537 consuetudinem
3267 1475 3346 1536 ad
3377 1473 3696 1537 Ecclesias

456 1553 839 1619 scindendas
872 1558 1082 1623 valere
1139 1563 1302 1625 :scd
1353 1564 1418 1625 id
1480 1573 1748 1640 tantum,
1790 1568 1966 1646 quod
2025 1569 2340 1648 dogmatis
2399 1571 2842 1633 diversitatem
2914 1568 3134 1632 infert.
3176 1569 3694 1633 Consuetudines

455 1655 670 1710 autem
703 1652 1015 1728 diversas,
1057 1664 1165 1718 aut
1221 1658 1409 1718 etiam
1459 1677 1604 1736 quae
1633 1662 1798 1737 apud
1838 1661 2173 1740 praeclaros
2225 1664 2342 1728 hos
2367 1665 2621 1745 judices
2685 1666 2960 1745 (Graecos
3020 1661 3410 1726 morosiores
3466 1664 3693 1746 carpit)

458 1751 660 1807 errata
693 1754 868 1819 sunt,
905 1757 1074 1811 ortas
1113 1768 1257 1813 esse
1308 1752 1466 1814 alias
1499 1771 1575 1816 ex
1624 1756 1860 1834 pietate
1893 1765 1956 1819 et
2009 1759 2354 1840 religione,
2398 1768 2469 1822 ut
2501 1777 2679 1823 sacra
2719 1761 3084 1840 pavimenta
3133 1759 3415 1822 osculari
3452 1759 3691 1840 (neque

457 1838 629 1899 enim
665 1841 1016 1904 Satanicam
1061 1844 1234 1907 illam
1293 1847 1679 1911 calumniam
1712 1838 2166 1930 admittimus;
2191 1853 2363 1934 quod
2421 1853 2627 1915 Latini
2662 1838 3022 1932 imaginum
3073 1838 3558 1915 venerationem
3585 1838 3696 1916 re-

455 1934 756 2028 spuant);
815 1936 974 2000 alias
1028 1956 1180 2003 vero
1222 1959 1301 2012 ex
1360 1945 1627 2020 provida
1689 1947 1966 2027 quadam
2032 1948 2515 2028 dispensatione
2580 1948 2663 2010 ob
2719 1948 3178 2020 inﬁrmitatem,
3213 1945 3488 2010 fortasse
3538 1947 3694 2028 qui-

453 2025 599 2088 dem
657 2028 908 2108 animze,
967 2035 1083 2096 sed
1137 2045 1308 2100 certe
1368 2040 1656 2119 corporis
1683 2025 1730 2117 ;_
1774 2051 1845 2106 ut
1899 2046 2075 2124 quod
2140 2025 2438 2107 monachi
2496 2043 2563 2104 in
2636 2042 3117 2105 inﬁrmitatibus
3185 2057 3410 2104 carnes
3471 2025 3690 2106 come-

453 2119 626 2185 dant.
678 2144 708 2179 ››
1579 2127 1612 2150 ’⁵

532 2233 634 2331 (il.
682 2236 1078 2306 Calumniam
1128 2243 1330 2320 illam,
1383 2265 1576 2325 quam
1635 2250 2008 2314 Satam‘cam
2042 2260 2241 2326 vocat,
2277 2251 2662 2330 excogitavit
2709 2251 3088 2331 invexitque
3163 2249 3552 2313 Cerularius.
3586 2245 3683 2308 Ad

453 2329 908 2397 suﬂ'ocatorum
930 2355 1112 2407 esum
1133 2343 1306 2420 quod
1333 2343 1582 2419 attinet,
1614 2347 2035 2423 Humbertus,
2060 2349 2251 2411 Silvas
2301 2329 2602 2410 Candida:
2628 2349 2690 2409 S.
2711 2349 2786 2409 R.
2821 2348 2892 2408 Ε.
2927 2329 3295 2421 cardinalis,
3326 2345 3560 2409 Leonis
3586 2343 3681 2405 IX

457 2442 633 2524 Rapta
682 2430 1308 2524 Constantinopolim
1366 2439 1661 2518 legatus,
1721 2443 2010 2521 ejusdem
2061 2443 2374 2507 Cerularii
2417 2450 2729 2520 tempore,
2764 2442 3114 2505 testabatur
3158 2444 3346 2524 juxta
3383 2445 3686 2504 Romanas

454 2521 758 2587 Ecclesias
837 2528 1274 2608 disciplinam,
1338 2557 1368 2590 α
1445 2553 1700 2615 gravem
1766 2539 2204 2616 paenitentiam
2283 2539 2529 2619 imponi
2592 2539 2676 2600 iis
2751 2539 2865 2619 qui
2917 2521 3174 2619 absque
3223 2546 3514 2601 extremo
3577 2554 3691 2615 pe-

451 2616 659 2680 riculo
711 2621 877 2697 vitae,
930 2627 1245 2704 sanguine
1313 2631 1759 2707 vescebantur,
1825 2633 1922 2695 vel
1981 2616 2398 2715 quocunque—
2436 2616 2798 2708 morticina,
2864 2643 2972 2697 aut
3035 2616 3392 2724 prmfocato.
3432 2655 3460 2689 ››
3519 2632 3688 2695 Hinc

449 2710 970 2808 'i‘heOphylactus
1026 2721 1260 2798 aiebat,
1307 2723 1768 2790 suffocatorum
1830 2746 1911 2790 ne
1965 2710 2229 2808 quidem
2270 2710 2539 2792 inomen
2586 2710 3118 2808 prudentioribus
3170 2728 3422 2792 Latinis
3460 2728 3683 2792 feren-

447 2805 604 2868 dum
667 2810 893 2874 videri.
1986 2805 2006 2808 _
2587 2805 2601 2808 _
3079 2843 3089 2854 ‘

523 2905 576 2965 Α
608 2905 879 2982 pristino
928 2911 1139 2990 rigore
1179 2933 1505 2981 recessum
1558 2929 1653 2982 est
1693 2943 1708 2982 :
1745 2922 2052 3002 quoniam
2095 2944 2126 2981 α
2168 2921 2277 2984 ubi
2317 2920 2598 2984 Ecclesia
2647 2921 2934 3001 gentium
2985 2922 3082 3003 (ut
3138 2923 3226 2986 ait
3257 2922 3670 3002 Augustinus

443 2993 609 3097 iibro
649 3017 839 3097 xxxii
867 3003 1102 3066 Contra
1132 3009 1437 3072 Faustum
1472 2993 1912 3093 Manicheum,
1947 3019 2154 3097 capite
2189 3019 2285 3096 13)
2326 3017 2471 3081 talis
2503 2993 2724 3080 eﬂ‘ec'ta
2759 3025 2876 3093 est,
2915 2993 3076 3081 ut'in
3119 3035 3191 3082 ea
3225 2993 3446 3082 nullus
3471 3019 3682 3080 Israe-

444 3088 555 3194 iita
587 3095 860 3194 carnalis
890 3104 1368 3183 appareat;jam
1401 3107 1524 3170 hoc
1556 3088 1962 3176 Christianus
2001 3088 2128 3176 non
2163 3088 2458 3176 observat
2495 3113 2692 3194 (quod
2732 3088 2957 3194 utique
3012 3115 3090 3176 ad
3132 3123 3385 3192 tempus
3414 3114 3676 3194 jussum

441 3183 698 3290 fuerat),
736 3201 805 3252 ut
837 3195 1080 3269 turdos,
1123 3200 1218 3260 vel
1253 3202 1634 3266 minutiores
1685 3209 1968 3271 aviculas
2000 3226 2125 3271 non
2149 3209 2434 3288 attingat,
2467 3183 2596 3270 nisi
2655 3183 3218 3290 quarumsanguis
3253 3209 3499 3272 eﬂ‘usus
3531 3218 3628 3271 est
3657 3225 3673 3269 :

441 3279 865 3380 fuliepot'em
905 3301 1030 3380 non
1066 3289 1235 3365 edat,
1267 3293 1323 3354 si
1359 3311 1549 3358 manu
1579 3314 1614 3358 a
1637 3301 1884 3363 cervice
1923 3279 2509 3380 percussum-nullo
2541 3279 2808 3366 cruento
2848 3279 3115 3367 vulnere
3163 3305 3417 3369 occisus
3445 3314 3543 3368 est
3589 3325 3604 3366 :
3641 3326 3672 3362 ι

442 3371 797 3453 Scriptores
834 3379 1182 3457 polemicos
1214 3385 1330 3449 hac
1359 3388 1437 3452 de
1462 3409 1528 3452 re
1553 3371 1957 3460 luculentius
1990 3371 2330 3464 tractantes
2358 3401 2651 3464 consule.

517 3472 618 3532 62.
661 3474 1158 3541 Gentilessuos
1218 3485 1425 3563 pergit
1483 3487 1727 3552 ibidem
1783 3491 2312 3574 TheOphylactus
2373 3497 2587 3560 latiori
2649 3514 2950 3561 sermone
3002 3498 3354 3574 adhortari,
3396 3504 3464 3561 ut
3520 3500 3675 3562 odia

440 3565 764 3672 deponant
806 3588 877 3672 ac
923 3573 1184 3639 nimiam
1237 3581 1568 3662 duritiem,
1602 3588 1917 3650 unitatem
1975 3565 2255 3668 diligant
2288 3593 2615 3656 catholicae
2649 3594 2973 3663 Ecclesiae,
3021 3609 3290 3672 eamque
3321 3610 3451 3660 non
3507 3595 3674 3658 dila-

439 3670 659 3771 cerent
702 3666 787 3771 ob
817 3667 1110 3771 innoxias
1138 3673 1574 3753 discrepantes
1606 3666 2144 3762 consuetudines,
2182 3691 2280 3752 vel
2315 3691 2502 3753 etiam
2546 3692 2628 3754 ob
2668 3708 2941 3764 errores,
2976 3691 3030 3751 si
3062 3690 3175 3769 qui
3207 3701 3456 3764 essent,
3503 3709 3670 3771 quos

442 3761 790 3865 condonari
827 3763 1034 3865 satius
1089 3779 1208 3830 est.
1245 3773 1428 3834 Mens
1459 3775 1683 3839 eadem
1736 3779 1894 3842 olim
1925 3761 2134 3844 fuerat
2190 3785 2356 3846 Petri
2411 3786 2797 3848 Antiocheui
2839 3761 3231 3864 patriarchae,
3271 3786 3340 3848 in
3392 3761 3671 3865 epistola

441 3853 519 3961 ad
573 3854 950 3961 Michaelem
1016 3861 1620 3961 Cerularium,qua3
1675 3875 1890 3938 Graece
1921 3877 1993 3938 ac
2049 3880 2273 3942 Latine
2325 3887 2530 3943 exstat
2583 3882 2754 3961 apud
2791 3853 3312 3944 Cotelerium'in
3361 3853 3666 3947 Ecclesia

437 3945 670 4054 Graecae
699 3951 1146 4056 .Monumentis,
1182 3967 1332 4025 tom.
1375 3966 1454 4027 Il.
1491 3945 1824 4031 iucusatos
1863 3973 2229 4038 Latinorum
2265 3977 2424 4039 ritus
2451 3945 2780 4056 expendit,
2816 3984 2879 4038 et
2918 3977 3007 4039 ait
3036 3994 3214 4039 num.
3255 3978 3337 4039 VI
3375 3999 3390 4039 :
3432 4003 3457 4034 α
3492 3945 3668 4054 Quid

436 4043 608 4150 enim
638 4047 714 4150 ad
750 4065 889 4122 nos,
923 4051 978 4112 si
1026 4057 1356 4132 pontifices
1393 4061 1647 4126 barbam
1683 4065 1932 4142 radant,
1989 4076 2051 4131 et
2099 4072 2163 4134 in
2218 4072 2478 4150 signum
2535 4043 3063 4150 desponsationis
3095 4089 3239 4134 cum
3295 4081 3512 4136 sancta
3548 4077 3666 4137 Dei

436 4139 718 4249 Ecclesia
755 4156 976 4222 gerant
1018 4154 1384 4217 annulum?
1416 4161 1542 4220 Nos
1583 4177 1844 4241 quoque
1895 4139 2091 4244 supra
2141 4139 2329 4245 caput
2387 4139 2692 4230 ϐοταναώ
2751 4167 3100 4249 (coronam)
3154 4168 3504 4233 facimus...
3541 4173 3669 4235 Sed

433 4242 494 4343 et
538 4236 688 4343 ipsi.
739 4255 970 4304 aurum
1027 4257 1373 4326 gestamus,
1437 4255 1551 4334 qui
1603 4236 1819 4320 amicti
1874 4236 2079 4323 simus
2133 4236 2562 4337 chirothecis,‘
2617 4236 2967 4343 manipulis
3006 4236 3093 4326 et,
3126 4264 3314 4327 stolis
3350 4282 3511 4330 auro
3566 4268 3670 4332 in-

434 4330 749 4396 tertextis.
813 4357 842 4391 ››

508 4446 656 4551 Agit
693 4466 869 4551 num.
903 4453 1012 4516 VIl
1043 4457 1120 4519 de
1154 4462 1440 4526 carnium
1479 4483 1595 4529 esu
1637 4470 1807 4548 apud
1834 4469 2176 4534 monachos
2211 4489 2226 4529 :
2265 4491 2293 4524 α
2327 4469 2514 4543 Quod
2543 4475 2784 4543 autem,
2816 4468 3069 4549 inquit,
3101 4471 3348 4551 polluta
3387 4475 3664 4538 mandu-

429 4551 571 4647 cent
603 4542 1118 4647 ipsi,eorumque
1148 4559 1439 4628 monachi
1470 4542 1970 4640 edantvcarnem,
2003 4567 2253 4644 adipem
2281 4566 2616 4645 porcinum
2649 4582 2668 4640 ;
2697 4565 2808 4627 illa
2831 4581 3093 4647 quoque
3123 4569 3441 4646 invenias,
3470 4573 3665 4637 modo

428 4632 857 4718 iudagaveris,
885 4650 1052 4722 apud
1085 4652 1394 4729 quosdam
1433 4674 1466 4718 e
1491 4661 1726 4722 nostris
1761 4662 1923 4724 fieri.
1954 4632 2000 4718 ὐ
2113 4632 2130 4644 ⁸
2281 4632 2297 4645 ⁸
2465 4659 2468 4661 λ

507 4732 634 4843 Pro.
674 4735 1051 4808 fermentata
1101 4761 1260 4824 pane
1305 4752 1612 4815 acerrime
1657 4764 2050 4834 pugnaverat
2080 4774 2149 4818 1n
2188 4763 2463 4835 epistola
2512 4757 2590 4820 ad
2657 4757 3068 4821 Dominicum
3107 4761 3502 4826 Gradensem
3543 4781 3660 4843 pa-

426 4825 784 4932 triarcham,
820 4852 963 4914 qua;
1002 4838 1143 4902 loco
1173 4841 1363 4906 citato
1412 4848 1581 4923 apud
1622 4825 2015 4915 Cotelerium
2053 4825 2318 4932 prostat.
2376 4855 2446 4915 In
2507 4853 2624 4916 hac
2650 4869 2801 4915 vero
2855 4854 2936 4916 ad
2969 4856 3377 4920 Cerularium
3432 4825 3661 4923 siclait

427 4936 604 5035 Ilum.
637 4927 754 4987 XV
793 4951 808 4992 :
867 4954 896 4987 ς(
945 4934 1229 5006 Quaastio
1263 4939 1340 5000 de
1389 4944 1712 5022 azymis...
1753 4964 1976 5012 eversa
2011 4927 2133 5026 est,
2169 4951 2294 5012 nisi
2331 4952 2641 5013 canonico
2691 4949 2844 5013 huic
2893 4950 3084 5014 etiato
3119 4952 3379 5035 (Latini)
3413 4954 3656 5032 innixi,

433 5020 643 5082 Visum
681 5035 767 5086 est
820 5030 1102 5092 omnibus
1145 5020 1622 5103 utendum-esse
1670 5046 1949 5127 antiquis
1999 5020 2596 5120 consuetudinibus,
2633 5046 2966 5126 antiquam
3028 5020 3200 5126 apud
3255 5066 3324 5111 se
3358 5020 3660 5115 asserunt

421 5130 794 5224 azymorum
828 5125 1260 5224 traditionem.
1297 5154 1326 5190 »
1365 5133 1567 5207 Quam
1605 5125 1838 5221 utique
1873 5152 2190 5208 vetustam
2243 5162 2386 5208 esse
2436 5143 2644 5208 Latini
2692 5143 2986 5224 probant,
3041 5125 3112 5206 ac
3145 5145 3352 5223 ipsius
3389 5145 3656 5212 Domini

423 5208 806 5314 no'striJesu
842 5219 1074 5314 Christi
1097 5227 1395 5306 exemplo
1419 5208 1750 5300 ﬁrmatam:
1783 5239 1855 5301 Id
1888 5241 2290 5303 inﬁciabatur
2320 5208 2762 5302 Antiochenus
2798 5259 2816 5314 ;
2863 5208 3085 5302 verum
3119 5208 3188 5300 id
3221 5240 3453 5304 lubens
3497 5208 3659 5309 fate:

421 5308 1100 5411 tur-Theophjilactus,
1141 5327 1212 5382 ut
1268 5322 1436 5388 infra
1487 5329 1860 5398 dicendum.
1919 5339 2028 5400 Ait
2084 5337 2194 5398 ille
2247 5337 2509 5398 demum
2565 5353 2743 5397 num.
2798 5308 2963 5398 XVII
3003 5360 3018 5400 :
3055 5360 3086 5394 α
3126 5337 3317 5411 Vide,
3374 5339 3653 5404 honora-

419 5401 664 5511 tissime
703 5405 983 5511 domine,
1017 5418 1342 5511 quomodo
1383 5437 1816 5506 eorum,‘quae
1846 5447 1881 5493 a
1937 5433 2180 5495 nostris
2243 5440 2606 5511 peccantur,
2650 5448 2781 5495 non
2829 5435 3257 5509 attendentes,
3313 5445 3423 5498 aut
3452 5439 3649 5502 etiam

414 5497 872 5615 conniventes;
911 5506 1131 5615 majori
1163 5529 1313 5580 cura
1339 5497 1912 5588 sermones-vanos
1941 5497 2320 5601 serimus,'et
2348 5529 2554 5591 aliena
2587 5528 2840 5590 curiose
2871 5537 3347 5607 perscrutamur
3382 5555 3400 5593 :
3438 5554 3468 5590 io
3499 5551 3652 5615 qua

412 5591 510 5710 vel
547 5593 827 5710 innoxiae
850 5609 1000 5662 sunt
1035 5612 1294 5671 vetusta:
1319 5617 1829 5680 consuetudines
1866 5643 1882 5682 :
1920 5625 2016 5684 vel
2050 5626 2103 5687 si
2137 5627 2294 5705 quid
2330 5627 2468 5688 vitii
2498 5625 2954 5698 contraxerint,
2989 5643 3116 5687 non
3151 5627 3316 5690 illud
3353 5591 3641 5710 unquam

409 5688 1116 5850 αόαῖξείέἰὶοαιῆηειιδυι
1151 5703 1583 5850 ()lccidentalis
1635 5717 1940 5782 Ecclesia.
1980 5688 2571 5787 Prudentissimum
2605 5720 2772 5784 Petri
2827 5721 3178 5785 consilium
3232 5688 3486 5790 utinam
3517 5745 3648 5806 prae

409 5800 532 5849 ocu
563 5803 620 5849 lS
709 5805 849 5850 "Bel
908 5812 962 5850 la
993 5805 1156 5850 mani

407 5785 620 5849 oculis
649 5788 849 5852 Grthi
888 5792 1156 5859 habeant
1185 5799 1197 5858 l
