4058 6470
379 263 448 328 65
1222 266 1322 328 DE
1359 265 1934 329 THEOPHYLACTI
1971 266 2241 331 GESTIS
2277 271 2375 332 ET
2415 271 2777 340 SCRIPTIS.
3553 286 3622 350 66

453 370 691 434 Eadem
719 369 846 433 fuit
881 373 1194 436 Demetrii
1251 374 1650 450 Chomateni,
1687 373 2107 437 Achridensis
2170 376 2234 438 in
2274 379 2575 458 Bulgaria
2608 383 3106 466 archiepisc0pi,
3171 388 3494 452 sententia
3547 391 3613 453 in

380 467 652 548 epistola
681 469 760 531 ad
802 470 1294 534 Constantinum
1343 471 1698 534 Cabasilam
1747 470 2309 551 archiepiscopum
2352 478 2730 556 metrOpolis
2780 481 3142 557 Dyrrachii,
3178 486 3406 560 [XXX]
3441 486 3612 562 apud

376 563 837 627 Leunclavium
873 565 936 628 in
974 568 1132 651 Iure
1181 567 1398 629 Graeco
1437 570 1733 640 Romano,
1771 564 1938 628 libro
1969 585 2030 630 ν.
2062 569 2410 632 Ecclesiam
2444 589 2625 633 suam
2655 574 3146 638 administrabat
3179 578 3617 643 Chomatenus

370 659 560 721 tertio
610 660 865 723 decimo
914 662 1172 726 saaculo.
1215 664 1275 724 Is
1318 671 1414 726 est
1444 664 1557 742 qui
1603 662 1943 724 Theodoro
1996 663 2055 722 II
2085 664 2356 743 Angelo,
2408 666 2815 745 imperatoria
2856 670 3141 750 insignia
3193 681 3335 752 post
3366 684 3613 754 captam

368 774 402 818 a
442 759 686 820 Latinis
721 759 1242 824 Thessalonicam
1273 759 1632 839 arripienti,
1665 774 1833 821 anno
1861 759 2040 834 1222,
2072 760 2364 824 diadema
2402 763 2740 843 imposuit,
2781 782 2896 844 pro
2924 785 3058 830 suae
3088 770 3390 834 Ecclesia)
3426 781 3615 836 auto-

367 855 659 934 cephalia
699 855 824 917 sibi
863 857 972 936 jus
1024 858 1347 920 asciscens
1395 856 1746 936 quoslibet,
1804 855 2206 935 ubicunque,
2249 859 2344 920 vel
2389 863 2910 942 quandocumque
2971 881 3157 943 reges
3211 867 3306 927 vel
3341 867 3616 947 impera-

371 957 546 1014 tores
577 954 892 1029 ungendi.
942 953 1343 1034 Lequienum
1395 952 1661 1014 consule
1725 951 1788 1012 in
1837 949 2358 1033 Archiepiscopis
2421 950 2952 1022 Achridensihus.
2989 960 3612 1040 Interrogationibus

369 1048 672 1110 Cabasilm
701 1049 861 1110 circa
898 1049 1266 1111 Latinorum
1299 1055 1500 1110 errata
1537 1047 1884 1124 respondet
1918 1047 2026 1108 ille
2055 1048 2238 1125 juxta
2299 1060 2578 1114 mentem
2639 1053 3132 1135 TheOphylacti.
3167 1057 3376 1120 Verba
3409 1068 3557 1122 sunt
3589 1085 3608 1124 :

367 1166 395 1198 κ
433 1146 524 1204 Ex
560 1146 873 1207 sententia
906 1146 1093 1226 hujus
1144 1145 1600 1225 sapientissimi
1659 1144 1889 1222 scripti
1919 1139 2116 1221 (quod
2168 1151 2267 1207 est
2317 1146 2782 1226 TheOphylacti
2827 1150 3100 1227 epistola
3149 1150 3226 1213 ad
3270 1152 3604 1215 Nicolaum

363 1237 708 1300 diaconum
757 1248 819 1300 et
849 1240 1284 1315 canstrisium,
1317 1241 1498 1318 cujus
1538 1237 1752 1319 aliqua
1802 1237 2163 1300 afferuntur
2194 1240 2568 1321 fragmenta)
2602 1244 2821 1306 videre
2867 1254 2962 1306 est
2997 1267 3012 1307 :
3050 1247 3116 1308 in
3171 1247 3347 1309 omni
3388 1257 3603 1328 gente,

361 1353 510 1413 quae
564 1336 796 1398 Christi
861 1337 1376 1410 praadicationem
1432 1338 1811 1414 susceperit,
1841 1346 1916 1410 ὡς
1966 1343 2247 1416 ἐλάχιστα,
2291 1355 2482 1418 quam
2523 1340 2786 1403 minime
2837 1358 3086 1404 morum
3142 1341 3433 1421 ipsorum
3489 1329 3608 1406 de-

359 1432 571 1494 fectus
607 1433 676 1514 (si
715 1434 827 1512 qui
857 1433 1099 1515 essent)
1131 1435 1566 1497 observandas
1607 1452 1828 1506 esse...
1861 1434 2391 1514 quandoquidem
2422 1453 2620 1496 mores
2656 1455 2782 1497 non
2821 1455 2949 1497 eam
2984 1440 3108 1501 vim
3145 1438 3370 1501 habent
3408 1439 3484 1501 ab
3517 1441 3600 1502 iis

358 1527 704 1590 divellendi
733 1547 915 1608 quam
937 1530 1230 1609 dogmata
1278 1547 1598 1610 perversa.
1641 1531 1823 1593 Unde
1874 1547 2085 1610 neque
2132 1539 2496 1592 Conseorata
2558 1549 2592 1593 a
2652 1534 2895 1594 Latinis
2934 1550 3179 1612 azyma,
3216 1551 3427 1614 neque
3464 1534 3598 1597 haec

357 1623 791 1702 suscipientia
837 1623 1240 1687 etsacriﬁcio
1289 1624 1635 1687 servientia
1695 1641 1917 1687 eorum
1970 1643 2140 1700 vasa,
2203 1632 2265 1686 et
2327 1634 2809 1705 consequenter
2856 1646 3066 1709 neque
3121 1646 3332 1692 sacras
3373 1646 3598 1694 eorum

356 1717 586 1794 stolas,
619 1736 832 1798 neque
853 1719 1230 1800 hujusmodi
1265 1720 1625 1800 quidpiam,
1657 1723 2064 1784 immundum
2100 1722 2549 1802 pollutumque
2583 1723 3123 1787 existimabimus.
3171 1748 3202 1784 ιο

1321 1819 1394 1842 a—

1870 1905 2058 1971 XVII.

349 2056 618 2142 Sacram
649 2055 1120 2142 Eucharistiam
1151 2056 1220 2118 in
1240 2074 1468 2142 azyma
1494 2075 1662 2142 pane
1694 2055 2132 2142 institutam}:
2167 2055 2419 2120 Christo
2447 2060 2746 2142 Domino,
2793 2071 2966 2142 aocet
2999 2063 3494 2142 Theophylactus
3528 2067 3596 2127 in

443 2132 713 2213 epistola
741 2134 822 2194 ad
855 2134 1183 2197 Nicolaum
1214 2132 1584 2196 diaconum;
1610 2137 1881 2213 Itemque
1916 2136 1984 2196 in
2001 2212 2008 2213 η
2039 2134 2517 2201 Commentariis
2561 2139 2642 2199 ad
2668 2139 3032 2200 Matthwum
3065 2152 3122 2202 et
3156 2132 3404 2204 lucum.
3450 2145 3596 2206 Non

439 2212 815 2296 adversatur
853 2214 927 2296 in
952 2213 1413 2296 Commentario
1459 2212 1913 2296 ad__Joa_nnem,
1942 2212 2069 2296 _u_b_i_
2113 2213 2434 2276 Christum
2487 2236 2667 2278 suum
2689 2220 3060 2296 praemissa
3120 2221 3360 2283 Pascha
3385 2220 3590 2286 docet.

438 2290 644 2379 Locus
680 2291 1348 2379 Mytthwiucorruptus
1384 2292 1453 2353 in
1484 2290 1803 2379 aliquibus
1843 2291 2162 2379 codicibus
2204 2312 2226 2351 :
2273 2290 2709 2375 corruptionis
2749 2298 2953 2376 origo.
2995 2298 3353 2379 Corruptus
3407 2303 3593 2363 etiam

435 2372 709 2447 fortasse
741 2369 916 2432 locus
949 2371 1156 2434 Marci
1187 2368 1214 2430 Ξ
1237 2371 1345 2450 qui
1377 2368 1994 2431 tamen‘vindicatur.

442 2519 544 2582 63.
594 2520 664 2580 In
700 2535 773 2581 ea
811 2519 1192 2600 qumstione,
1226 2536 1372 2599 qua)
1399 2521 1651 2582 Graecos
1697 2519 1865 2582 inter
1894 2535 1966 2582 ac
2003 2520 2262 2582 Latinos
2310 2519 2540 2600 agitur,
2565 2535 2714 2579 num
2761 2535 2988 2580 comam
3025 2519 3279 2598 legalem
3312 2521 3588 2599 legitimo

352 2624 634 2692 tempore
688 2615 979 2678 Christus
1034 2615 1340 2676 Dominus
1392 2615 1731 2695 peregerit,
1789 2635 1862 2677 ac
1909 2616 2273 2694 mysterium
2334 2615 2820 2676 eucharisticum
2855 2616 3200 2693 confecerit
3247 2617 3318 2677 in
3373 2634 3590 2694 azyma

344 2729 543 2790 pane,
583 2711 818 2772 GraaCis
867 2711 1004 2773 suis
1067 2711 1442 2774 adversatur
1510 2711 2050 2791 TheOphylactus,
2099 2708 2398 2788 favetque
2453 2707 2720 2769 Latinis.
2774 2710 2930 2770 Jesu
2983 2709 3240 2783 Christi,
3289 2726 3586 2788 azymum

347 2807 423 2867 in
455 2823 688 2884 corpus
735 2823 929 2869 suum
975 2806 1480 2880 transmutantis,
1541 2807 1931 2885 exemplum,
1981 2822 2112 2885 quo
2158 2823 2352 2869 suum
2404 2805 2610 2866 Latini
2659 2804 2852 2866 ritum
2912 2804 3266 2880 vindicant.
3324 2805 3408 2868 iis
3458 2808 3586 2868 eri-

353 2918 508 2978 pere
565 2901 764 2962 Graeci
841 2903 1236 2964 conabantur
1307 2901 1502 2976 olim,
1567 2901 1892 2982 hodieque
1963 2909 2322 2976 conantur,
2381 2901 2580 2964 variis
2652 2915 2768 2977 pro
2835 2900 3030 2976 genio
3102 2901 3586 2978 Opinationibus

347 2995 655 3058 invchs.

437 3091 741 3155 Meletius
777 3092 1042 3172 quidam
1077 3091 1142 3154 in
1188 3108 1486 3154 sermone
1523 3093 1612 3154 De
1641 3111 1905 3173 azymis,
1940 3093 2053 3172 qui
2085 3091 2206 3155 sub
2239 3093 2502 3154 nomine
2537 3091 2804 3154 Joannis
2853 3092 3228 3174 Damasceni
3260 3093 3428 3172 apud
3465 3096 3582 3156 Le-

345 3189 668 3269 quienum
685 3195 943 3268 prostat,
977 3197 1149 3251 tomo
1171 3191 1222 3263 Ι,
1248 3191 1600 3264 contendit,
1635 3211 1665 3247 α
1694 3194 1944 3270 Agnum
1970 3187 2698 3269 paschalemcomedere
2720 3188 2961 3267 absque
2987 3189 3259 3264 panibus
3279 3187 3582 3252 {armenti

347 3285 729 3364 expertibus
760 3286 1014 3348 Judmos
1063 3286 1506 3361 consuevisse,
1544 3309 1572 3342 »
1607 3299 1998 3368 aZymosque
2059 3284 2454 3365 ejuscemodi
2497 3300 2693 3361 panes
2753 3298 2884 3344 non
2940 3284 3265 3346 adhibitos
3317 3301 3461 3346 esse
3493 3286 3573 3346 ad

356 3398 644 3442 mensam
679 3404 709 3438 ε(
745 3389 890 3444 ante
921 3382 1234 3444 decimam
1266 3382 1556 3460 quintam
1594 3384 1788 3454 diem,
1827 3404 1856 3439 ιο
1898 3401 1953 3442 v.
1985 3400 2047 3460 g.
2079 3399 2112 3442 a
2141 3379 2346 3442 media
2382 3387 2565 3440 nocte
2596 3385 3047 3456 computatam,
3079 3379 3324 3441 mensis
3359 3379 3586 3460 primi.

347 3478 422 3538 In
454 3477 627 3541 hunc
658 3469 923 3558 impegit
956 3495 1259 3550 errorem,
1296 3479 1592 3540 Mosaicm
1639 3477 1798 3556 legis
1848 3476 2215 3554 praescripto
2245 3475 2388 3534 sine
2437 3474 2639 3534 dubio
2679 3474 3047 3547 adversum,
3091 3474 3316 3536 Petrus
3351 3475 3578 3537 Antio-

349 3573 600 3635 chenus
636 3573 990 3653 patriarcha
1022 3575 1086 3635 in
1114 3573 1383 3653 epistola
1413 3575 1488 3636 ad
1524 3573 1933 3635 Dominicum
1983 3570 2376 3632 Gradensem
2423 3567 2594 3646 apud
2628 3567 3018 3631 Cotelerium
3060 3569 3124 3629 in
3159 3571 3581 3631 Monumentis

347 3667 656 3731 Ecclesia:
683 3670 934 3740 Greecce,
972 3679 1141 3731 ιοωο
1172 3670 1250 3731 ll.
1285 3669 1427 3731 Alia
1455 3668 1610 3731 inita
1649 3668 1773 3744 via,
1801 3667 1937 3730 bini
1959 3673 2251 3728 auctores
2281 3665 2612 3743 anonymi,
2643 3681 2809 3744 quos
2839 3664 2906 3726 in
2936 3664 3328 3726 Bibliotheca
3364 3682 3584 3728 recen-

350 3773 447 3826 set
477 3765 748 3827 Photius
787 3765 926 3826 cod.
961 3767 1126 3828 CXV
1156 3773 1220 3827 et
1248 3765 1463 3839 CXVI,
1497 3764 1823 3843 putabant,
1859 3786 1888 3818 α
1921 3761 2246 3825 Christum
2278 3760 2627 3822 Dominum
2667 3760 2737 3821 in
2766 3767 3051 3821 extrema
3097 3759 3207 3821 illa
3239 3776 3414 3822 ccena
3447 3777 3596 3823 non.

353 3859 716 3922 comedisse
764 3859 1001 3922 Pascha
1057 3858 1444 3937 legitimum.
1497 3881 1526 3916 ››
1559 3857 1724 3920 Hinc
1753 3858 1890 3918 sive
1921 3855 2061 3930 ille,
2091 3856 2231 3917 sive
2284 3855 2393 3916 isti
2446 3855 2568 3916 sibi
2604 3856 2906 3916 videntur
2951 3854 3338 3916 concludere
3386 3870 3580 3934 posse

352 3969 584 4034 panem
613 3951 823 4028 illum,
857 3971 1051 4032 quem
1089 3955 1157 4016 in
1181 3970 1353 4016 omna
1392 3953 1658 4032 mystica
1691 3951 1984 4015 Christus
2031 3952 2348 4027 adhibuit,
2381 3968 2682 4030 azymum
2713 3966 2841 4012 non
2871 3950 3110 4012 fuisse.
3138 3952 3431 4012 Fuerunt
3463 3950 3577 4014 alii

347 4053 637 4123 demum,
671 4067 834 4129 quos
868 4049 1253 4130 Eulhymius
1286 4050 1644 4129 Zigabenus
1679 4056 1940 4111 secutus
1971 4057 2070 4112 est
2100 4071 2116 4112 :
2150 4049 2500 4122 Christum,
2532 4047 2927 4127 inquientes,
2980 4067 3008 4102 α
3044 4062 3173 4107 uno
3207 4047 3310 4107 die
3343 4046 3580 4110 Pascha

347 4145 694 4206 Iudaicum
735 4147 1178 4217 antevertisse,
1223 4166 1254 4200 ››
1316 4145 1554 4223 dieque
1617 4144 1808 4204 tertia
1855 4143 2115 4221 decima,
2161 4164 2290 4206 non
2350 4155 2578 4225 quarta
2629 4142 2890 4218 decima,
2924 4141 3285 4220 paschalem
3335 4157 3574 4219 agnum

347 4257 623 4318 vespere
659 4240 1079 4303 manducasse
1133 4257 1278 4303 cum
1335 4240 1600 4301 lactucis
1633 4241 2017 4319 agrestibus,
2052 4250 2114 4304 et
2172 4241 2443 4322 azymis,
2477 4258 2547 4303 ac
2591 4239 2840 4311 stando,
2885 4245 2947 4300 et
2998 4237 3261 4300 baculos
3293 4237 3576 4300 tenendo

347 4352 482 4413 ριοω
521 4335 856 4410 manibus;
900 4351 1024 4416 qua
1059 4352 1232 4398 cmna
1281 4343 1552 4414 peracta,
1607 4352 2018 4400 communem
2064 4355 2322 4416 panem,
2378 4357 2494 4400 seu
2541 4339 2983 4418 fermentatum
3031 4334 3253 4397 denuo
3300 4333 3570 4398 allatum

348 4448 542 4505 esse;
581 4453 611 4487 ‹‹
646 4431 712 4492 in
748 4447 956 4510 eoque
989 4431 1484 4493 eucharisticum
1519 4432 1899 4510 mysterium
1939 4433 2334 4496 instituisse.
2383 4457 2413 4490 ιο
2815 4429 2818 4432 ’

430 4529 579 4590 Haec
608 4528 813 4606 rejicit
846 4530 1060 4590 omnia
1098 4527 1614 4608 TheOphyIactus
1645 4527 1711 4589 in
1749 4527 2001 4590 laudata
2025 4531 2103 4591 ad
2146 4529 2479 4591 Nicolaum
2509 4528 2851 4590 diaconum
2897 4530 2958 4588 et
2986 4523 3397 4588 canstrisium
3437 4525 3576 4604 epi-

347 4625 535 4687 stola.
570 4623 1109 4686 Luculentissima
1167 4625 1310 4703 ejus
1368 4626 1557 4687 verba
1588 4633 1777 4687 sunt:
1815 4647 1844 4682 α
1894 4625 2076 4699 Quod
2121 4624 2348 4687 attinet
2401 4624 2480 4686 ad
2542 4624 2840 4695 Latinos;
2873 4636 3001 4682 non
3051 4635 3170 4681 nos
3212 4619 3344 4683 illis
3381 4637 3573 4700 prave

346 4720 920 4799 interpretabimur
971 4720 1248 4798 primum
1290 4720 1461 4782 diem
1487 4721 1892 4798 ~Azymorum
1929 4742 1944 4782 :
1992 4719 2280 4783 dicentes
2333 4737 2471 4782 eam
2504 4737 2648 4783 esse
2698 4718 3008 4782 decimam
3046 4709 3312 4790 mensis,
3345 4717 3412 4776 in
3445 4732 3574 4794 qua

347 4816 726 4878 sumebatur
747 4817 1299 4896 aguus.Novimus
1325 4817 1496 4878 enim
1534 4833 1567 4878 a
1607 4816 1744 4896 lege
1772 4816 2037 4895 primam
2064 4816 2458 4893 Azymorum
2491 4815 2690 4888 diem,
2714 4825 2814 4896 τὴν
2852 4819 2913 4876 ιε’
2947 4822 3197 4893 ἡμέραν,
3233 4811 3404 4873 diem
3443 4811 3571 4873 diri

349 4911 634 4989 quintam
683 4911 1019 4976 decimam;
1067 4911 1132 4972 in
1169 4928 1286 4988 qua
1324 4909 1572 4973 scilicet
1614 4911 1937 4974 illucescit
1973 4922 2101 4968 nox
2133 4908 2546 4969 comestionis
2587 4908 2922 4988 paschalis,
2955 4918 3051 4984 νὺξ
3091 4916 3400 4986 ὲπιφώσκει
3457 4912 3562 4982 τῆς

347 5012 446 5066 τοῦ
483 5014 669 5084 πάσχα
699 5013 974 5085 βρώσεως.
1011 5029 1040 5064 ››
1069 5007 1383 5068 Nimirum
1431 5023 1723 5086 vespera,
1753 5012 1862 5068 aut
1893 5023 1949 5067 nt

1964 5021 2023 5066 ix
2066 5012 2186 5078 est,
2219 5023 2364 5085 qum
2396 5007 2565 5069 diem
2599 5017 2885 5087 quartam
2927 5009 3238 5071 decimam
3267 5005 3566 5082 complet,

349 5107 413 5161 et
441 5099 698 5162 inchoat
718 5101 1026 5170 decimam
1055 5101 1567 5182 quiatam,juxta
1595 5118 1839 5164 morem
1870 5099 2012 5162 dies
2041 5103 2456 5180 computandi
2489 5119 2523 5164 a
2551 5120 2811 5182 vespera
2839 5105 2914 5166 ad
2947 5118 3299 5182 vesperam.
3332 5122 3361 5158 α
3386 5099 3569 5162 Unde

349 5204 412 5256 et
439 5195 701 5276 quidam
751 5213 830 5258 ex
862 5197 1060 5258 sacris
1119 5198 1356 5260 nostris
1418 5197 1796 5261 doctoribus
1831 5194 1963 5276 (qui
2010 5196 2282 5275 ab'ipso
2325 5199 2513 5260 etiam
2551 5199 3002 5278 Chrysostomo
3032 5198 3099 5262 in
3154 5214 3272 5260 suo
3299 5196 3376 5257 ad
3405 5196 3570 5257 Mat-

349 5293 583 5355 thaaum
637 5293 1112 5356 Commentario
1147 5293 1500 5371 laudatur),
1533 5309 1867 5371 exponens
1892 5308 2054 5366 eam,
2093 5309 2238 5372 quia
2267 5294 2347 5358 ab
2396 5294 2790 5373 evangelista
2819 5295 3056 5358 dicitur
3079 5295 3291 5376 prima
3317 5309 3568 5370 azymo-

347 5407 510 5462 rum,
543 5389 656 5465 ait,
690 5389 954 5469 primam
986 5407 1354 5470 azymorum
1377 5407 1412 5454 a
1441 5388 1736 5454 Matthaao
1765 5387 2073 5470 appellari
2133 5389 2328 5464 diem,
2364 5406 2508 5468 quas
2548 5391 2785 5467 Azyma
2831 5392 3147 5468 praecedit,
3175 5389 3437 5468 [XXXI]
3462 5397 3568 5465 πρὸ

349 5495 456 5548 τῶν
475 5492 732 5563 Ἀζύμων
757 5533 774 5559 ,
833 5486 1043 5548 sciens
1090 5487 1351 5566 quidem
1379 5485 1486 5548 cui
1515 5483 1649 5547 diei
1680 5499 1917 5548 nomen
1966 5486 2141 5550 istud
2196 5485 2299 5548 lex
2330 5485 2714 5564 imponeret,
2750 5495 2811 5550 at
2847 5489 3182 5552 insinuans
3209 5503 3378 5550 novo
3406 5503 3568 5565 quo-

262 5623 267 5628 ρ
351 5583 494 5643 dem
535 5597 735 5643 sensu
775 5581 896 5646 hoc
929 5581 1007 5644 ab
1034 5581 1431 5660 evangelista
1465 5581 1705 5644 dictum
1737 5598 1904 5646 esse.

429 5698 459 5735 α
509 5678 735 5757 Neque
790 5694 942 5743 vero
972 5694 1090 5741 nos
1141 5675 1596 5755 aﬂirmabimus
1632 5694 1646 5737 :
1682 5676 2008 5743 Christum
2053 5684 2160 5742 aut
2192 5677 2398 5758 legate
2431 5677 2661 5756 pascha
2702 5695 2830 5742 non
2884 5678 3250 5758 perfecisse,
3305 5691 3368 5740 ut
3411 5677 3561 5741 inde

3757 6327 3960 6395 Δ
4027 6304 4030 6395 l
