4058 6470
457 316 524 381 61
642 365 645 367 .
1309 305 1534 372 BERN.
1574 306 1842 369 MARLE
1884 305 1984 369 DE
2027 305 2311 370 RUBEIS
2350 308 2856 372 DISSERTATIO
3625 304 3696 366 68

457 438 831 507 azymorum
870 438 1063 484 usum
1115 435 1246 484 non
1292 421 1498 484 fuisse
1559 419 1906 483 iii-feramus
1945 442 1960 482 :
1997 419 2095 483 vel
2140 420 2488 499 perfecisse
2548 422 2836 502 quidem,
2884 420 2998 484 sed
3047 426 3194 483 ante
3257 425 3534 502 tempus,
3562 439 3695 503 quo

436 523 852 587 iumentum
894 517 1461 592 exterminabatur,
1499 523 1747 578 ut‘tunc
1782 515 1970 578 etiam
2006 515 2187 595 panis
2220 516 2636 580 fermentatus
2667 516 3096 580 inveniretur.
3137 518 3284 579 Haec
3316 518 3486 580 enim
3527 534 3696 582 non-

460 618 625 682 nulli
660 615 851 678 nimis
885 614 1185 677 audacter
1216 614 1546 676 dixerunt.
1579 615 1716 675 Non
1750 612 1950 692 igitur
1995 612 2243 691 aliquid
2291 629 2540 686 eorum,
2570 629 2713 692 quas
2765 613 2853 674 ita
2903 610 3070 674 dicta
3128 617 3303 683 sunt,
3336 627 3567 675 rursus
3623 613 3697 676 in

457 715 742 776 medium
776 710 1034 774 afferam
1067 730 1088 769 :
1123 727 1334 790 neque
1363 709 1534 771 enim
1561 708 1710 770 licet
1745 709 2048 787 mysteria
2081 709 2363 770 veritatis
2397 709 2731 772 mendacio
2762 692 3269 772 conﬁrmare...”
3296 709 3455 782 Qua!
3494 708 3701 787 igitur

453 811 774 875 sententia
828 824 966 869 mea
1000 810 1142 869 est?
1171 809 1318 870 Haec
1355 805 1601 868 scilicet
1636 825 1650 866 :
1686 804 2031 865 Dominum
2087 806 2311 868 Iesum
2343 805 2667 867 Christum
2705 806 3064 868 comedisse
3119 804 3372 881 pascha,
3407 814 3466 868 ἐν
3518 813 3702 884 καιρῶ

455 917 551 972 καὶ
581 916 670 971 ὅτε
718 916 753 986 ἡ
804 913 920 985 ὥρα
989 911 1227 978 ἐγένετο,
1258 918 1380 964 suo
1411 907 1720 978 tempore,
1755 905 1986 961 etcum
2039 900 2057 962 Ι

2098 917 2193 964 Jra
2222 902 2370 977 fuit,
2403 908 2821 982 prmparatum
2850 917 2885 964 a
2927 899 3265 980 discipulis
3314 908 3376 964 et
3434 899 3700 964 domino

454 1004 709 1078 domus,
746 1013 890 1068 κατὰ
917 1013 978 1067 τὸ
1004 1011 1124 1075 ἔθος
1153 1005 1379 1079 δηλαδὴ,
1407 1009 1504 1059 καὶ
1529 1003 1630 1058 οὐκ
1656 1003 1854 1068 ἄλλως,
1892 993 2056 1058 vide]

2097 1004 2192 1060 cet
2216 998 2397 1078 juxta
2457 1004 2866 1072 consuetum,
2898 1003 2959 1060 et
2992 1011 3120 1060 non
3143 997 3352 1060 aliter.
3385 996 3699 1076 Alioquin

454 1102 803 1164 novitatem
858 1101 1034 1163 illam
1087 1098 1453 1160 adnotasset
1495 1092 2022 1171 Evangelium....
2055 1095 2431 1160 Comedisse
2463 1103 2676 1157 autem
2718 1092 2949 1173 pascha
2981 1091 3181 1172 legale
3217 1093 3420 1172 prius,
3458 1092 3702 1156 deinde

455 1203 516 1259 ct
547 1198 923 1277 mysterium
957 1196 1059 1257 sui
1096 1190 1414 1273 paschatis
1445 1188 1786 1251 tralidisse
1817 1184 2158 1265 discipulis
2190 1200 2270 1246 ex
2309 1200 2495 1261 pane,
2533 1182 2643 1262 qui
2693 1192 2844 1244 tunc
2876 1183 3175 1243 inventus
3214 1188 3336 1243 est.
3398 1187 3616 1261 Εὕρητο
3642 1190 3706 1244 δὲ

453 1294 757 1362 τηνικαῦτα
815 1296 1042 1367 ἄζυμος,
1077 1291 1378 1352 inventus
1410 1294 1505 1350 est
1534 1292 1745 1348 autem
1780 1285 1962 1364 panis
2008 1299 2055 1345 a:

2099 1298 2299 1362 ymus.
2336 1303 2365 1337 η
2394 1279 2944 1361 TheOphylactum
2975 1278 3100 1340 sibi
3131 1296 3207 1340 ex
3240 1277 3552 1341 diametro
3581 1277 3701 1341 ad-

457 1390 820 1444 versantem
851 1386 1053 1448 Grmci
1088 1385 1344 1447 habent.

535 1480 635 1543 61s.
680 1481 826 1542 Haec
872 1482 1096 1544 eadem
1141 1498 1322 1543 mens
1358 1486 1456 1542 est
1494 1478 1788 1558 ejusdem
1836 1494 1908 1540 ac
1952 1474 2273 1540 sententia
2323 1473 2386 1536 in
2423 1474 2910 1538 Commentariis
2957 1472 3034 1536 ad
3070 1472 3434 1536 Matthwum
3473 1478 3535 1536 et
3565 1472 3701 1533 Lu-

456 1595 610 1638 cam.
648 1577 859 1639 Atl'ero
889 1579 1190 1656 primum,
1233 1593 1378 1656 quae
1398 1575 1538 1655 ejus
1572 1573 1888 1636 habentur
1922 1573 2111 1636 verba
2139 1559 2437 1650 ad'caput
2460 1588 2615 1632 xxvr
2640 1570 2941 1642 Matthwi,
2970 1587 3029 1640 ν,
3066 1571 3170 1632 20.
3203 1591 3233 1626 α
3277 1572 3535 1649 Vespere
3571 1588 3698 1632 au-

456 1685 575 1735 tem
603 1676 770 1752 [acto
805 1674 1248 1744 discumbebat,
1283 1680 1402 1734 etc.
1439 1675 1530 1733 Ex
1561 1669 1680 1732 hoc
1729 1676 1949 1748 putant
1988 1669 2272 1748 quidam,
2307 1669 2480 1749 quod
2515 1667 2635 1730 hoc
2662 1685 2830 1729 anno
2867 1683 2994 1728 non
3025 1668 3374 1731 comederit
3407 1667 3702 1731 Christus

460 1769 716 1848 pascha.
756 1771 990 1831 Dicunt
1064 1771 1262 1841 enim,
1320 1768 1490 1847 quod
1535 1767 1772 1828 stantes
1829 1764 2243 1827 comedebant
2298 1779 2588 1844 agnum:
2641 1759 2929 1824 Christus
2981 1771 3193 1825 autem
3249 1762 3700 1837 recumbebat;

456 1865 651 1943 igitur
707 1866 936 1944 pascha
971 1882 1095 1925 non
1131 1864 1431 1926 comedit.
1475 1861 1762 1922 Dicimus
1803 1861 2042 1938 itaque,
2085 1859 2258 1938 quod
2300 1859 2478 1937 prius
2511 1857 2740 1936 pascha
2777 1857 3030 1938 (legale)
3063 1867 3237 1920 stans
3287 1859 3640 1921 comederit
3681 1881 3698 1919 :

456 1963 692 2025 deinde
716 1962 1096 2023 recumbens
1138 1959 1399 2021 tradidit
1434 1974 1626 2020 suum
1666 1963 2153 2018 sacramentum.
2192 1980 2221 2014 »
2255 1958 2533 2018 Mentem
2574 1955 2702 2033 jam
2739 1970 2918 2016 suam
2954 1955 3156 2034 aperit
3193 1973 3208 2017 :
3244 1956 3457 2018 minus
3488 1962 3702 2020 tamen

457 2075 526 2120 se
561 2056 837 2135 peritum
871 2057 1106 2135 praebet
1132 2056 1196 2117 in
1237 2055 1606 2122 Judeeorum
1643 2052 1953 2114 moribus.
1990 2051 2273 2133 Magistri
2336 2068 2559 2115 eorum
2591 2051 2842 2124 docent,
2877 2067 3112 2129 agnum
3150 2068 3306 2114 suos
3337 2051 3702 2114 comedisse

457 2158 720 2224 stantes,
754 2159 990 2213 etcum
1026 2151 1272 2215 baculis
1308 2167 1436 2228 prae
1483 2150 1780 2211 manibus
1813 2165 1888 2209 ea
1929 2155 2112 2210 nocte
2167 2164 2292 2226 qua
2337 2164 2413 2208 ex
2460 2148 2736 2226 [Egypto
2793 2145 3136 2223 protecturi
3177 2154 3393 2220 erant;
3427 2146 3701 2208 minime

458 2262 613 2309 vero
670 2247 1035 2309 subsecutis
1066 2246 1466 2327 temporibus
1517 2246 1680 2308 ritus
1713 2261 1824 2308 eos
1872 2244 2198 2308 observari
2239 2242 2566 2318 debuisse,
2598 2259 2814 2322 neque
2869 2244 3084 2322 peragi
3145 2243 3493 2322 hodieque.
3528 2242 3698 2305 Vide

458 2344 734 2405 Leonem
775 2343 1207 2404 Mutinensem
1262 2351 1434 2422 parte
1477 2359 1545 2404 III
1599 2344 1687 2402 De
1717 2342 1950 2405 ritibus
2009 2338 2440 2416 Hebraeorum,
2491 2339 2888 2402 Buxtorﬁum
2926 2339 2994 2400 in
3039 2339 3372 2417 Synagoga
3419 2335 3704 2399 Iudaica

457 2440 660 2520 capite
692 2439 789 2515 18,
831 2439 1192 2502 Simonium
1230 2440 1295 2502 in
1327 2440 1620 2502 Historia
1648 2440 1875 2502 critica
1911 2439 1993 2502 N.
2030 2438 2308 2500 T.'tomo
2342 2439 2448 2512 IV,
2483 2437 2683 2516 capite
2715 2435 2816 2512 28,
2849 2451 2987 2516 pag.
3019 2435 3163 2511 398,
3197 2443 3259 2497 et
3294 2434 3701 2515 Lequienum

457 2538 920 2601 Dissertatione
949 2557 1011 2598 v1
1037 2537 1509 2608 Damascenica,
1545 2553 1723 2599 num.
1755 2535 2121 2598 XXXVIII.

539 2635 632 2697 Ad
666 2653 911 2698 comma.
968 2639 1041 2698 l7
1085 2636 1454 2712 praecedens
1494 2635 1628 2696 haec
1687 2638 1840 2696 sunt
1877 2629 2391 2695 luculentissima
2435 2628 2900 2708 TheOphylacti
2939 2627 3130 2690 verba
3180 2627 3248 2689 in
3281 2627 3506 2690 Latina
3553 2644 3705 2690 ver-

457 2731 666 2805 sione,
704 2748 893 2811 quam
937 2750 1058 2794 suo
1093 2749 1173 2795 ex
1203 2732 1423 2794 codice
1493 2732 1710 2794 Grmco
1755 2726 2173 2793 concinnabat
2213 2723 2756 2803 OEcolampadius
2792 2745 2808 2786 :
2844 2748 2872 2782 α
2904 2724 3121 2786 Prima
3161 2731 3364 2786 autem
3395 2724 3497 2785 die
3539 2724 3708 2804 Λιτυ-

455 2845 697 2889 morum
739 2839 1134 2890 accesserunt
1162 2827 1490 2907 discipuli.
1529 2827 1804 2889 Primam
1847 2827 2237 2904 Azymorum
2270 2819 2441 2883 diem
2480 2828 2678 2896 vocat,
2710 2838 2854 2900 quas
2902 2821 3070 2883 diem
3118 2821 3506 2900 Azymorum
3543 2839 3701 2901 prae-

455 2924 642 2987 cedit.
673 2926 751 2986 Ut
781 2927 874 2988 sic
903 2927 1108 2988 dicam
1140 2947 1155 2988 :
1185 2925 1426 3000 Quinta
1449 2924 1606 2988 feria
1638 2921 2078 2987 manducaturi
2110 2924 2288 2982 erant
2320 2916 2574 2997 pascha,
2609 2924 2746 2995 post
2774 2935 2962 2996 quam
2997 2917 3296 2998 sequitur
3323 2920 3698 2982 Parasceve.

452 3021 661 3081 Prima
693 3021 1082 3099 Azymorum
1115 3022 1458 3084 vocabatur
1488 3020 1552 3082 in
1584 3020 1752 3100 lege,
1785 3034 1865 3081 eo.
1891 3016 2062 3097 quod
2090 3014 2324 3076 festum
2354 3013 2703 3091 incipiebat
2735 3030 2766 3074 a
2803 3030 3088 3091 vespera,
3115 3031 3243 3092 qua
3273 3014 3706 3076 vescebantur

454 3117 725 3196 azymis.
787 3118 1105 3188 Dominus
1159 3119 1361 3198 igitur
1426 3117 1620 3179 mittit
1676 3113 2037 3193 discipulos
2079 3110 2329 3191 quinta,
2367 3125 2560 3189 quam
2613 3109 2901 3171 nominat
2955 3109 3371 3188 evangelista,
3423 3110 3706 3190 primam

451 3212 831 3291 Axymorum
859 3234 880 3274 :
904 3214 1058 3292 quia
1097 3213 1300 3293 prima
1331 3229 1598 3291 vespera
1621 3218 1756 3273 erat
1797 3209 1902 3290 (al.
1937 3215 2081 3271 ante
2114 3207 2380 3286 primam
2415 3221 2745 3283 veSperam
2781 3207 2932 3284 erat)
2964 3221 3091 3285 qua
3132 3205 3448 3285 (vespera)
3479 3221 3705 3268 come-

455 3309 688 3370 debant
736 3325 1062 3387 azyma....
1125 3309 1348 3371 Voluit
1399 3315 1615 3370 autem
1673 3305 1905 3385 pascha
1949 3303 2276 3384 perﬁcere,
2335 3319 2416 3364 ne
2469 3300 2591 3380 legi
2667 3299 3030 3364 contrarius
3073 3317 3216 3363 esse
3273 3300 3632 3365 videretur.
3670 3324 3701 3361 ιο

453 3405 636 3467 Paria
699 3413 852 3466 sunt
890 3423 1036 3486 quas
1095 3407 1281 3468 docet
1339 3405 1416 3466 ad
1479 3411 1668 3482 caput
1722 3421 1866 3464 xxn
1925 3405 2258 3472 Lucas,.v.
2330 3399 2369 3457 7
2449 3418 2464 3457 :
2529 3416 2558 3451 α
2634 3395 2808 3459 Venit
2856 3403 3063 3455 autem
3108 3393 3241 3456 dies
3284 3392 3698 3473 Azymorum.

453 3501 636 3561 Nunc
674 3506 888 3562 autem
939 3517 1132 3580 quem
1168 3499 1353 3562 nobis
1388 3499 1554 3561 dicat
1603 3498 1766 3560 diem
1792 3497 2194 3574 Azymorum,
2230 3491 2604 3553 dicendum.
2664 3490 2844 3551 Diem
2881 3489 3078 3568 igitur
3109 3492 3501 3570 Azymerum
3541 3489 3704 3552 dicit

454 3593 753 3672 quintum
800 3615 815 3654 :
867 3595 944 3656 ad
1004 3595 1192 3674 cujus
1249 3609 1577 3672 vesperam
1629 3592 1862 3672 pascha
1925 3586 2391 3652 immolandum
2440 3595 2560 3648 est.
2619 3584 2825 3664 Igitur
2882 3587 3196 3648 Dominus
3247 3585 3413 3649 forte
3467 3587 3703 3667 quinto

455 3686 613 3768 (die)
659 3703 846 3752 mane
878 3688 1075 3752 mittit
1127 3687 1512 3769 discipulos.
1568 3711 1602 3747 ι
1653 3685 2114 3750 Luculentiora
2164 3681 2299 3744 haec
2351 3687 2526 3755 sunt,
2561 3697 2751 3760 quam
2787 3681 2960 3760 quod
3010 3683 3468 3746 commentario
3520 3681 3708 3746 indi-

453 3789 663 3864 geant.

531 3883 632 3944 65.
677 3883 817 3944 Non
857 3880 1045 3943 aliam
1076 3881 1397 3945 insedisse
1427 3887 1706 3943 mentem
1739 3875 2247 3955 archiepiscopo,
2287 3877 2502 3934 contra
2543 3877 2734 3951 atque
2764 3871 2963 3934 Graeci
3003 3879 3248 3949 putant,
3291 3874 3501 3954 capite
3533 3893 3703 3942 xvm

452 3978 741 4050 Joannis,
777 3997 836 4041 v.
880 3976 979 4052 28,
1021 3995 1136 4054 pro
1187 3983 1361 4040 certo
1398 3984 1858 4056 compertoque
1900 3972 2128 4035 habeo.
2162 3966 2368 4031 Verba
2423 3975 2574 4029 sunt
2606 3984 2622 4028 :
2661 3990 2690 4023 α
2729 3966 2816 4028 Et
2851 3968 2980 4048 ipsi
3029 3985 3159 4029 non
3207 3971 3601 4034 introierunt
3630 3974 3704 4036 in

451 4076 844 4155 praztorium,
885 4082 961 4134 ut
1011 4090 1142 4134 non
1199 4074 1812 4145 contaminarentur,
1857 4069 1966 4133 sed
2009 4076 2082 4129 ut
2133 4066 2589 4128 manducarent
2638 4064 2898 4142 pascha.
2955 4065 3125 4138 Quid
3176 4075 3392 4130 autem
3445 4073 3568 4140 est,
3625 4079 3703 4132 ut

454 4169 842 4231 comederent
877 4169 1163 4249 pascha?
1197 4168 1362 4230 Sane
1399 4166 1716 4230 Dominus
1760 4164 1926 4226 illud
1971 4162 2122 4226 fecit
2156 4163 2360 4240 prima
2400 4165 2814 4238 Azymorum.
2866 4158 2984 4221 Vel
3024 4161 3224 4240 igitur
3252 4162 3703 4243 intelligamus

454 4283 568 4344 per
599 4265 858 4340 Pascha,
895 4263 1134 4327 festum
1175 4270 1424 4343 septem
1469 4263 1772 4325 dierum:
1810 4261 1905 4324 vel
1951 4260 2122 4338 quod
2171 4258 2292 4336 ipsi
2347 4255 2617 4336 quidem
2653 4255 3099 4320 manducaturi
3153 4265 3338 4322 erant
3387 4259 3459 4322 in
3512 4263 3705 4324 Para~

451 4375 639 4424 seeve
675 4361 905 4441 pascha
935 4377 949 4421 :
987 4359 1128 4439 ipse
1156 4367 1375 4423 autem
1405 4357 1720 4420 Dominus
1752 4373 1886 4419 uno
1919 4357 2026 4417 die
2061 4354 2393 4432 praevenit,
2428 4352 2553 4431 (vel
2589 4367 2719 4414 uno
2753 4351 2858 4414 die
2891 4360 3036 4416 ante
3071 4355 3330 4417 tradidit
3369 4356 3558 4432 illud,
3593 4366 3706 4437 πρὸ

455 4468 584 4537 μιᾶς
629 4466 766 4522 αὑτό
817 4456 1126 4536 παρέδωκε)
1161 4471 1495 4519 reservans
1524 4455 1625 4516 sui
1665 4453 2057 4516 occisionem

2103 4450 2159 4512 in
2183 4451 2550 4523 Parasceve,
2581 4448 2838 4526 quando
2870 4456 2933 4511 et
2963 4449 3116 4512 olim
3166 4449 3286 4514 fuit
3318 4453 3551 4532 pascha
3581 4455 3705 4535 (vel

453 4555 712 4632 quando
744 4562 806 4617 ct
844 4563 1027 4616 vetus
1057 4552 1242 4616 ﬁebat
1269 4551 1524 4632 pascha,
1557 4560 1646 4614 ὅτε
1673 4559 1772 4614 καὶ
1800 4557 1862 4613 τὸ
1891 4557 2055 4614 παλαι

1061 4552 1242 4616 ﬁebat
1269 4551 1524 4632 pascha,
1557 4560 1646 4614 ὅτε
1673 4559 1772 4614 καὶ
1800 4557 1862 4613 τὸ
1891 4557 2123 4614 παλαιὸν
2139 4557 2356 4628 ἐγένετο
2375 4556 2608 4628 πάσχα).
2643 4574 2663 4609 ι

531 4673 722 4734 Vocis
753 4671 1084 4733 Paschatis
1113 4672 1258 4732 duas
1298 4675 1472 4740 sunt,
1506 4684 1669 4748 quas
1722 4668 1955 4746 promit
2003 4667 2547 4747 Theophylactus,
2602 4666 3198 4746 interpretationes.
3234 4670 3323 4731 Ac
3359 4671 3601 4748 primo,
3640 4674 3696 4734 si

453 4782 598 4827 cum
641 4766 882 4830 Iudaeis
915 4781 1153 4845 agnum
1186 4763 1549 4844 paschalem
1590 4763 1885 4826 Christus
1925 4763 2238 4825 Dominus
2290 4763 2673 4836 comederit;
2712 4763 3038 4824 Paschatis
3080 4763 3368 4841 nomine,
3403 4769 3582 4847 quod
3629 4777 3704 4833 ut

453 4864 886 4937 comederent,
933 4859 1146 4923 Judaei
1208 4859 1620 4922 cavebantne
1677 4859 2289 4934 contaminarentur,
2345 4859 2613 4920 victima:
2656 4857 2983 4937 paschales
3040 4858 3480 4940 intelligenda;
3513 4861 3698 4941 sunt,

452 4975 597 5038 qum
646 4967 890 5038 septem
934 4957 1171 5020 diebus
1202 4957 1640 5019 oﬁerebantur
1693 4957 1760 5019 in
1793 4959 2059 5036 templo.
2102 4957 2167 5020 Si
2208 4957 2439 5037 pascha
2473 4955 2729 5034 proprie
2787 4955 3052 5030 dictum,
3085 4956 3152 5017 id
3211 4965 3311 5020 est
3358 4976 3513 5022 esus
3543 4965 3699 5042 agni

453 5053 736 5132 intelligi
766 5053 1017 5128 debeat,
1057 5053 1410 5116 dicendum
1437 5059 1556 5129 est,
1594 5069 1724 5116 una
1754 5052 1861 5115 die
1901 5053 2182 5124 Iudaeos,
2221 5053 2318 5115 vel
2381 5051 2714 5127 pontifices
2767 5058 2828 5113 et
2867 5051 3178 5128 primores
3214 5055 3446 5130 pascha
3475 5057 3697 5120 distu-

453 5149 611 5212 lisse
659 5149 742 5208 ad
798 5149 1186 5210 Parascecen
1231 5170 1250 5209 :
1284 5155 1347 5211 et
1376 5165 1508 5212 uno
1541 5150 1647 5213 die
1679 5157 1853 5226 ante,
1896 5150 2058 5212 illud
2090 5151 2389 5228 [XXXII]
2426 5149 2780 5210 comedisse
2817 5147 3158 5224 Christum,
3193 5157 3454 5228 quando
3487 5163 3695 5230 vetus,

380 5318 389 5342 η
447 5237 574 5342 hoc
630 5253 726 5307 est
763 5245 1108 5342 legit-imum
1146 5245 1358 5321 ﬁebat,
1397 5262 1470 5308 ac
1521 5246 1659 5309 ﬁeri
1711 5248 1943 5342 utique
1993 5246 2288 5309 debebat.
2358 5244 2528 5306 Hinc
2585 5242 3067 5342 Theophylacti
3105 5245 3299 5308 verba
3345 5246 3467 5310 hoc
3501 5251 3699 5314 modo

451 5339 725 5419 legenda
778 5345 930 5402 sunt
971 5340 1164 5420 :lpse
1220 5341 1526 5404 Dominus
1582 5361 1710 5403 uno
1757 5341 1858 5405 die
1909 5351 2054 5403 ante
2123 5341 2411 5415 tradidit,
2466 5349 2524 5400 et
2562 5337 2824 5400 comedit
2887 5339 3124 5417 pascha
3191 5341 3545 5420 (reservans
3593 5350 3701 5410 sui

453 5437 828 5498 occisionem
883 5437 954 5500 in
1017 5436 1385 5520 Parasceve)
1460 5440 1709 5520 quando
1762 5447 1818 5501 et
1877 5449 2054 5502 vetus
2115 5439 2297 5520 ﬁebat
2351 5437 2613 5519 pascha,
2666 5451 2739 5496 ac
2812 5433 2974 5497 illud
3030 5433 3241 5497 facere
3308 5439 3699 5506 debuissent

451 5531 680 5595 Judaei.

531 5627 878 5706 Perspicua
930 5635 1120 5709 patet,
1163 5646 1289 5693 non
1328 5629 1609 5710 priorem
1643 5629 2078 5709 solummodo,
2112 5649 2340 5696 verum
2375 5629 2567 5692 etiam
2606 5629 2866 5690 alteram
2899 5626 3498 5706 interpretationem
3542 5651 3696 5696 cum

446 5725 860 5791 Eucharistias
917 5727 982 5791 in
1021 5743 1248 5808 azymo
1307 5745 1467 5808 pane
1501 5727 1915 5794 institutione
1972 5731 2353 5794 consistere.
2391 5728 2605 5804 Longe
2638 5739 2914 5802 namque
2945 5723 3076 5785 haec
3109 5729 3434 5803 posterior
3472 5731 3698 5795 diﬂ'ert
