4058 6470
309 319 383 379 69
1169 318 1267 379 DE
1305 318 1890 381 TIIEOPHYLACTI
1925 318 2194 381 GESTIS
2235 320 2332 381 ET
2369 321 2737 392 SCRIPTIS.
3481 331 3546 397 70

304 428 387 489 ab
430 443 504 489 ea
534 428 900 489 Graecorum
933 426 1310 506 opinatione
1356 428 1435 491 de
1483 428 1734 491 Christo
1781 429 2134 508 legitimum
2183 431 2413 508 pascha
2462 435 2918 512 praaveniente,
2951 451 3022 499 ac
3049 439 3130 500 ad
3181 454 3379 516 panes
3423 439 3525 502 fer

307 532 628 587 mentatos
671 530 813 602 post
864 524 1001 603 ejus
1049 524 1553 587 celebrationem
1609 526 1953 587 redeunte.
2013 526 2148 586 imo
2199 525 2486 605 legitimo
2539 537 2826 607 tempore
2868 534 3096 609 pascha
3136 551 3329 598 suum
3381 536 3534 600 cele-

309 622 517 682 bravit
540 619 656 682 ille
689 627 978 697 tempore
1039 621 1211 698 quod
1243 621 1449 683 Judaei
1479 621 1580 684 vel
1605 638 1830 684 eorum
1867 621 2192 700 pontiﬁces
2225 639 2294 685 ac
2328 624 2640 701 primores
2674 643 2800 688 non
2834 637 3171 691 servarunt
3203 653 3217 692 :
3251 633 3544 710 adeoque

309 718 493 780 locus
555 732 685 778 non
725 725 855 778 erat
909 722 978 776 ut
1015 715 1094 777 ad
1141 714 1559 778 fermentatos
1615 733 1808 794 panes
1870 718 2107 779 rediret
2171 719 2488 784 Christus.
2546 723 2873 785 Posterior
2915 723 3050 786 hinc
3087 726 3546 804 interpretatio

311 813 514 894 magis
547 813 867 892 placuisse
897 811 1376 889 Theophylacto
1410 811 1688 874 videtur.
1723 815 1873 873 Eam
1899 814 2021 892 jam
2072 813 2412 878 tradiderat
2440 817 2509 880 in
2541 815 3018 882 Commentario
3049 821 3130 882 ad
3157 825 3543 901 Matthceum,

309 911 517 988 capite
559 929 742 985 xxvx,
794 930 852 973 v.
891 911 990 972 59.
1029 933 1056 966 «
1106 910 1201 970 Ad
1259 909 1565 989 Caipham
1596 911 1842 972 ducunt
1877 914 2128 987 Iesum,
2165 913 2495 994 inquiens,
2527 934 2673 980 nam
2727 917 2836 980 ille
2891 927 3022 981 erat
3059 919 3346 996 pontifex
3391 926 3548 986 anni

308 1009 496 1071 illius
531 1024 547 1066 τ
583 1007 691 1070 ubi
724 1015 786 1070 et
835 1007 1074 1087 reliqui
1124 1008 1597 1085 pernoctabant,
1627 1015 1703 1090 μῂ
1725 1018 1910 1086 φάγον·

1949 1033 1992 1076 ες
2021 1017 2146 1070 τότε
2171 1019 2232 1072 τὸ
2265 1021 2471 1092 πάσχα,
2503 1032 2631 1074 non
2662 1014 3044 1076 comedentes
3089 1025 3241 1078 tunc
3263 1021 3504 1097 pascha
3527 1042 3551 1090 ;

311 1107 431 1164 sed
489 1111 934 1184 exspectantes
1001 1109 1071 1164 ut
1117 1102 1480 1166 occiderent
1545 1105 1891 1165 Dominum

1981 1114 2077 1167 καὶ
2135 1117 2489 1186 παραϐάντες
2536 1121 2630 1173 τὸν
2687 1121 2878 1193 νόμον,
2936 1123 2997 1175 et
3053 1119 3553 1194 prcevaricantesu

312 1199 501 1278 legem
552 1250 566 1263 .
609 1211 639 1262 ὁ
671 1211 770 1279 μὲν
798 1209 907 1280 γὰρ
941 1208 1144 1280 Κύριος
1173 1208 1314 1262 κατὰ
1342 1207 1432 1261 τὸν
1465 1209 1856 1280 νενομισμένον
1894 1209 2088 1280 καιρὸν
2127 1209 2358 1282 ἑφαγεν;
2396 1215 2594 1269 ἐκεῖνοι
2621 1216 2700 1282 δὲ,
2747 1218 2836 1272 ἵνα
2873 1219 3034 1289 μόνον
3061 1221 3428 1274 ἀποκτείνωσι
3454 1221 3555 1274 τὸν

320 1305 548 1375 Κύριον,
581 1304 981 1377 καταφρονοῦσι
1035 1305 1129 1357 καὶ
1170 1303 1266 1358 τοῦ
1300 1303 1497 1373 νόμου,
1531 1296 1846 1357 Dominus
1906 1312 1922 1357 ε

1953 1297 2080 1359 nim
2131 1296 2277 1377 ipso
2320 1301 2594 1381 legitimo
2645 1315 2920 1384 tempore
2969 1305 3318 1368 comederat
3369 1327 3390 1366 :
3443 1307 3555 1368 illi‘

318 1408 474 1453 vero
505 1399 915 1452 contemnunt
945 1392 1159 1469 legem,
1207 1391 1394 1453 modo
1431 1392 1728 1453 occidant
1759 1390 2105 1454 Christum.
2145 1417 2173 1451 ››
2208 1398 2396 1458 Suam
2454 1397 2748 1476 patefacit
2800 1409 3077 1462 mentem
3125 1402 3370 1480 absque
3416 1402 3545 1464 ulla

316 1488 608 1566 ambage.

393 1584 493 1645 66.
543 1583 615 1644 In
651 1598 753 1655 eo,
793 1599 985 1661 quem
1014 1582 1473 1660 expendimus,
1511 1581 1654 1644 loco
1691 1583 2148 1647 Commentarii
2197 1587 2266 1647 in
2299 1588 2658 1651 Matthwum
2690 1593 2974 1654 enormis
3004 1593 3283 1655 occurrit
3317 1593 3548 1667 depra-

314 1681 482 1741 vatio
529 1681 592 1740 in
648 1679 980 1758 aliquibus
1024 1678 1386 1752 codicibus,
1425 1687 1488 1740 et
1536 1679 1603 1740 in
1643 1687 1816 1740 textu
1875 1681 2089 1742 Romae
2141 1698 2211 1744 ac
2245 1683 2510 1746 Parisiis
2565 1686 2763 1748 edito.
2800 1710 2829 1744 «
2860 1688 3138 1749 Primam
3174 1687 3559 1766 Azymorum

314 1777 488 1836 diem
540 1783 736 1848 vocat,
782 1792 928 1854 quas
976 1776 1149 1836 diem
1201 1777 1593 1856 Azymorum
1625 1775 1942 1852 praecedit.
1987 1778 2062 1839 Ut
2091 1780 2371 1858 exempli
2410 1783 2608 1858 gratia
2662 1785 2866 1846 dicam
2901 1807 2916 1847 ε
2949 1795 3026 1866 Τῇ
3082 1795 3412 1865 παρασκευῆ
3457 1794 3548 1847 ἑσο

314 1883 488 1952 πέρας
532 1880 760 1951 ἔμελλόν
785 1882 983 1933 ἐκεῖνοι
1019 1882 1213 1950 φαγεῖν
1255 1878 1316 1932 τὸ
1344 1879 1550 1949 πάσχα,
1581 1871 1916 1932 Parasceve

1966 1891 2220 1952 vespere
2247 1875 2695 1940 manducaturi
2751 1891 2930 1942 erant
2984 1884 3240 1962 pascha,
3275 1892 3370 1946 καὶ
3411 1891 3551 1962 αὕτη

315 1979 566 2032 ἐκαλεῖτο
600 1978 709 2030 τῶν
740 1978 1014 2048 ’Δζύμων,
1051 1968 1281 2047 ει·ἰρεα
1310 1967 1753 2046 appellabatur
1797 1967 1917 2047 Azg

1953 1987 2194 2030 norum.
2231 1972 2546 2032 Dominus
2588 1974 2783 2050 igitur
2832 1977 3022 2037 mittit
3067 1976 3422 2056 discipulos
3455 1978 3555 2038 die

313 2066 560 2144 quinto,
609 2081 801 2144 quem
857 2063 1143 2126 nominat
1185 2062 1581 2140 evangelista
1627 2063 1904 2141 primum

1967 2065 2363 2144 Azymorum,
2414 2070 2623 2148 utqui
2664 2080 2770 2150 πρὸ
2809 2080 2910 2151 ’ἑῆς
2956 2082 3340 2153 Παρασκευῆς,
3404 2086 3569 2135 ante.

316 2162 708 2222 Parasceven
741 2169 895 2221 esset
936 2181 955 2220 :
993 2168 1128 2224 καθ’
1158 2168 1228 2238 ἢν
1265 2169 1624 2238 Παρασκευῆν
1659 2167 1725 2238 τῆ
1758 2168 1918 2238 ὲσπέρ

1948 2190 1988 2241 ιι,
2021 2181 2141 2241 qua
2167 2164 2506 2224 Parasceve
2537 2184 2787 2244 vespere
2817 2169 3211 2232 comedebant
3239 2189 3477 2249 azyma.
3521 2191 3550 2226 ιι

315 2256 608 2318 lmmane
651 2256 880 2318 vitium
921 2255 1070 2335 quis
1101 2271 1230 2318 non
1281 2255 1526 2317 videat?
1563 2254 1972 2332 lneptissima
2012 2275 2164 2318 sane
2204 2258 2316 2319 illa
2373 2261 2558 2333 ratio,
2605 2261 2768 2323 diem
2807 2265 3095 2342 quintum
3133 2266 3281 2327 ideo
3316 2266 3553 2344 appel-

320 2351 517 2414 latum
569 2353 847 2430 primum
901 2351 1300 2430 Azymorum,
1333 2352 1485 2429 quia
1533 2350 1634 2412 die
1684 2358 1864 2411 sexto
1891 2394 1909 2425 ,
1941 2369 2058 2414 seu
2101 2355 2465 2426 Parasceve,
2493 2373 2746 2436 vespere
2795 2377 3011 2438 azyma
3055 2359 3553 2423 comedebantur.

317 2449 557 2511 Vocem
587 2449 963 2510 Parasceves
992 2449 1142 2528 quis
1172 2463 1298 2510 non
1331 2446 1768 2526 deprehendat
1810 2456 2052 2514 temere
2083 2452 2440 2514 invectam?

399 2568 569 2630 Huic
600 2568 975 2629 adversatur
1003 2563 1264 2628 lectioni
1295 2565 1476 2627 locus
1496 2564 1958 2646 TheOpbylacti
1987 2568 2050 2628 in
2079 2568 2500 2645 Evangelium
2531 2569 2719 2631 Luca:
2742 2573 2944 2650 capite
2975 2583 3138 2647 xxii,
3170 2592 3230 2636 v.
3263 2578 3300 2635 7
3333 2597 3347 2636 :
3384 2582 3557 2653 Ἦμέο

324 2691 425 2744 ραν
456 2673 552 2728 οὖν
591 2675 841 2744 ’Λςύμων
869 2673 1017 2742 λέγει
1056 2671 1156 2744 τὴν
1183 2671 1458 2742 πέμπτην,
1481 2665 1550 2744 ἦς
1575 2673 1642 2742 τῇ
1676 2672 1885 2743 ἑσπέρᾳ
1917 2673 1926 2724 l

1958 2671 2138 2742 μέλλον
2167 2672 2314 2728 θύειν
2345 2678 2404 2729 τὸ
2462 2680 2647 2750 πάσχα
2685 2689 2700 2705 ’
2733 2670 2895 2731 diem
2932 2670 3135 2747 igitur
3184 2673 3560 2750 Azymorum

323 2763 479 2823 dicit
523 2764 832 2842 quintum,
871 2761 953 2821 ad
1018 2761 1198 2840 cujus
1249 2775 1570 2838 vesperam
1617 2762 1850 2838 pascha
1895 2759 2338 2824 immolandum
2371 2775 2527 2825 erat.
2592 2766 2818 2830 Eidem
2863 2762 3121 2826 lectioni
3184 2768 3560 2828 adversatur

326 2860 588 2920 Graecus
640 2859 884 2928 codex,
939 2873 1068 2936 quo
1121 2870 1282 2917 usus
1327 2862 1423 2915 est
1487 2854 2050 2934 OEcolampadius.
2096 2858 2532 2923 Adversantur
2567 2862 2755 2924 etiam
2817 2862 3087 2924 Romani
3151 2861 3228 2924 ab
3277 2863 3560 2924 Arcudio

325 2956 487 3015 libro
524 2955 574 3014 ll
615 2956 700 3014 De
751 2961 1136 3013 sacramento
1184 2950 1628 3022 Eucharistiee,
1665 2950 1868 3028 capite
1902 2950 1962 3023 5,
1998 2957 2058 3012 et
2095 2954 2488 3018 Parisienses
2545 2971 2580 3020 a
2632 2957 2965 3038 Lequieno
2997 2957 3462 3022 Dissertatione
3497 2977 3562 3020 vi

322 3051 810 3127 Damascenical,
841 3066 1016 3110 num.
1079 3047 1305 3121 XLIII,
1356 3045 1737 3125 diligentius
1775 3045 2068 3122 inspecti,
2104 3047 2170 3110 in
2213 3051 2452 3129 quibus
2505 3053 2592 3115 ita
2628 3053 2862 3134 legitur
2903 3075 2918 3115 :
2955 3055 3033 3117 Ut
3070 3055 3163 3116 sic
3206 3053 3431 3129 dicam,
3490 3067 3559 3135 τῇ

325 3146 558 3216 πέμπτη
585 3146 824 3217 ἑσπέρας
847 3144 1075 3217 ἔμελλον
1104 3144 1308 3197 ἐκεῖνοι
1336 3145 1531 3213 φαγεῖν
1555 3142 1616 3195 τὸ
1647 3143 1832 3212 πάσχα
1856 3157 1870 3172 ⁸
1906 3140 2036 3212 μεθ’
2059 3143 2126 3213 ἢν
2147 3145 2451 3215 ἑπιφώσκει
2478 3149 2512 3221 ἡ
2538 3147 2868 3220 Παρασκευῆ
2906 3191 2919 3205 .
2959 3149 3158 3220 Πρώτη
3194 3149 3306 3204 τῶν
3335 3148 3564 3219 ἀζύμων

322 3233 569 3287 ἐκαλεῖτο
617 3234 769 3304 παρὰ
825 3233 902 3301 τῷ
959 3233 1134 3303 νόμῳ,
1181 3225 1271 3284 οἷα
1338 3231 1402 3302 δὴ
1441 3229 1543 3300 τῆς
1596 3231 1789 3302 ἑορτῆς
1839 3229 2148 3302 ἀρχομένης
2209 3233 2316 3287 ἀπὸ
2370 3235 2471 3305 τῆς
2537 3237 2814 3307 ἑσπέρας,
2876 3236 3012 3290 καθ’
3074 3237 3144 3307 ἠν
3186 3237 3439 3307 ἢσθιοντο
3494 3239 3565 3292 τὰ

322 3331 512 3402 ἄζυμα
543 3345 558 3360 ο
596 3322 834 3396 Quinta
874 3322 1037 3402 feria
1090 3337 1344 3400 vespere
1396 3319 1840 3381 manduéaturi
1905 3330 2082 3381 erant
2131 3323 2388 3399 pascha,
2440 3335 2585 3403 post
2641 3345 2822 3406 quam
2876 3327 3139 3388 lucescit
3193 3327 3560 3391 Parasceve.

325 3417 545 3480 Prima
603 3417 979 3494 Azymorum
1032 3415 1384 3476 vocabatur
1427 3417 1497 3476 in
1539 3415 1690 3492 lege,
1743 3433 1822 3474 eo
1861 3415 2028 3493 quod
2074 3417 2302 3495 festum
2352 3421 2727 3500 inciepiebat
2769 3441 2808 3481 a
2845 3440 3138 3500 vespera,
3175 3439 3300 3501 qua
3343 3440 3566 3501 azyma

324 3515 829 3576 comedebantur.
899 3513 1172 3592 Egregie
1230 3518 1587 3574 consonant
1655 3513 1895 3574 omnia.
1955 3513 2278 3574 Laudatus
2338 3516 2712 3596 Lequienus
2776 3519 2915 3580 loco
2975 3521 3166 3580 citato
3230 3518 3559 3591 observat,

328 3610 606 3688 Regium
650 3607 1078 3671 Parisiensem
1133 3607 1420 3669 codicem
1462 3623 1657 3687 quem
1706 3606 2002 3680 contulit,
2051 3628 2080 3663 α
2124 3609 2201 3669 ad
2233 3611 2514 3673 auctoris
2554 3620 2800 3675 aetatem
2862 3614 3355 3692 quamproxime
3382 3629 3562 3676 acce-

324 3707 504 3768 dere.
548 3730 578 3761 »
613 3706 786 3766 lnter
819 3704 1068 3766 codices
1104 3705 1367 3766 Veneta;
1392 3701 1729 3766 Marciana)
1752 3701 2156 3768 bibliothecas
2188 3720 2402 3768 veram
2433 3705 2778 3772 lectionem
2809 3709 3039 3773 habent
3072 3711 3226 3785 duo,
3259 3711 3341 3772 29
3372 3718 3433 3773 et
3458 3711 3559 3783 30,

331 3801 750 3880 vitiatumque
779 3806 1024 3861 textum
1059 3805 1310 3878 praestat
1338 3799 1541 3861 codex
1571 3799 1672 3860 31.

411 3923 668 3986 Similes
698 3919 962 3984 fortasse
1011 3927 1226 3983 textus
1269 3919 1709 4000 interpolatori
1747 3939 1962 3984 ansam
2005 3923 2323 3999 dederint,
2357 3943 2522 4006 quos
2573 3927 2639 3987 in
2686 3927 2832 3989 aliis
2889 3925 3160 3988 Mattheei
3209 3926 3561 4004 expositio-

326 4019 552 4093 nibus,
609 4024 718 4080 aut
769 4015 1020 4080 Catenis
1071 4015 1332 4096 legeret,
1374 4025 1440 4078 ut
1505 4017 1965 4098 Theophylacti
2031 4020 2243 4082 locum
2293 4024 2689 4100 depravaret.
2739 4025 2810 4083 In
2849 4040 2923 4084 ea
2981 4021 3208 4100 utique
3271 4023 3560 4100 ejusdem

328 4115 744 4194 evangelistae
789 4112 1219 4192 expositione,
1276 4130 1420 4190 quae
1479 4113 1546 4175 in
1601 4115 1820 4177 codice
1875 4117 1956 4177 26
2017 4118 2281 4179 Venetae
2323 4120 2531 4181 Sancti
2583 4119 2775 4182 Marci
2806 4117 3212 4180 bibliotheca:
3254 4117 3561 4180 tribuitur

325 4213 564 4278 Nicetce
622 4211 910 4289 episcopo
970 4206 1380 4287 metropoleos
1441 4209 1780 4289 Naupacti,
1834 4228 1906 4273 ac
1961 4214 2153 4276 etiam
2195 4214 2680 4296 'l‘heOphylacto
2736 4213 3064 4294 aliquibus
3102 4214 3168 4275 in
3227 4213 3559 4276 codicibus

328 4307 570 4369 tributa
628 4306 888 4379 dicitur,
949 4311 1021 4366 ut
1076 4305 1524 4367 adnotavimus
1574 4319 1753 4367 num.
1800 4307 1901 4384 58,
1939 4308 2162 4372 cadem
2215 4311 2349 4374 fere
2383 4315 2576 4375 verba
2627 4311 2927 4392 leguntur
2969 4335 2984 4378 :
3034 4324 3264 4395 Πρώτην
3314 4319 3408 4378 οὖν
3450 4320 3562 4374 τῶν

339 4405 594 4474 ’Δζύμων
629 4400 863 4456 ἐνταῦθα
906 4400 1040 4472 φησὶ
1065 4403 1092 4454 ὀ
1123 4400 1404 4465 Ματθαῖος
1432 4401 1530 4473 τὴν
1574 4403 1680 4473 πρὸ
1714 4404 1823 4458 τῶν
1885 4403 2138 4476 ’Λζύμων
2188 4407 2405 4479 ἡμέραν
2440 4409 2560 4480 (τὴν
2595 4412 3048 4484 τρισκαιδεκάτην
3083 4414 3179 4483 μὲν
3225 4412 3320 4464 τοῦ
3369 4409 3558 4482 μηνὸς,

328 4495 592 4562 πέμπτην
636 4491 734 4560 τῆς
779 4489 1114 4560 ἑϐδομάδος).
1146 4484 1270 4541 Οἷον
1293 4507 1345 4542 τι
1387 4489 1553 4557 λέγω,
1577 4493 1642 4561 τῇ
1679 4493 2008 4566 Παρασκευῇ
2045 4494 2287 4564 ἑσπέρας
2308 4495 2530 4566 ἔμελλον
2552 4497 2602 4550 οἱ
2657 4498 2899 4554 Ἰουδαῖοι
2921 4503 3114 4570 φαγεῖν
3140 4499 3201 4554 τὸ
3225 4500 3430 4570 πάσχα,
3467 4497 3560 4552 καὶ

329 4592 477 4664 αὕτη
519 4589 766 4644 ἐκαλεῖτο
798 4585 906 4640 τῶν
946 4585 1214 4657 Ἀζύμων.
1246 4578 1522 4638 Primam
1544 4578 1919 4656 Azymorum

1958 4582 2063 4643 hoc
2104 4582 2238 4643 loco
2287 4581 2442 4644 dicit
2476 4585 2829 4660 Matthams,
2863 4605 2996 4667 qua:
3020 4585 3315 4665 praecedit
3345 4602 3560 4662 azyma

328 4682 606 4764 (tertiam
659 4677 954 4738 decimam
991 4675 1241 4747 mensis,
1293 4676 1574 4753 quintam
1622 4675 2015 4738 hebdomadis
2069 4676 2280 4758 diem).
2342 4678 2416 4741 Ut
2443 4680 2538 4741 ita
2595 4682 2799 4742 dicam
2833 4703 2854 4743 :
2883 4683 3245 4755 Parasceve,
3283 4697 3554 4758 vespere,

320 4775 537 4840 Judaei
569 4771 1013 4834 manducaturi
1059 4777 1239 4832 erant
1280 4773 1544 4849 pascha,
1587 4781 1642 4832 et
1692 4774 1833 4850 ipsa
1879 4773 2320 4853 appellabatur
2367 4776 2771 4853 Azymorum.
2821 4779 2972 4840 Sine
3009 4777 3206 4840 dubio
3239 4774 3559 4838 sententia

325 4888 557 4936 eorum
591 4870 722 4931 haec
751 4878 869 4940 est,
905 4867 1018 4946 qui
1043 4867 1364 4930 Christum
1399 4886 1526 4931 una
1569 4869 1672 4930 die
1707 4869 2064 4947 legitimum
2099 4873 2488 4949 praevenisse
2524 4872 2780 4944 Pascha,
2815 4873 3160 4950 ipsumque
3200 4870 3561 4940 celebrasse.

324 4969 435 5031 die
472 4967 656 5029 tertia
687 4964 935 5027 decima
975 4961 1298 5023 tenebant.
1337 4964 1576 5024 Eadem
1613 4979 1800 5042 porro
1846 4963 1965 5027 hoc
1994 4966 2066 5028 in
2101 4966 2239 5028 loco
2269 4967 2459 5028 verba
2490 4975 2663 5040 sunt,
2693 4986 2836 5047 qum
2863 4968 3186 5044 [XXXIII]
3215 4971 3558 5028 occurrunt

326 5064 394 5126 in
431 5063 653 5124 vitiato
677 5068 852 5122 textu
885 5057 1370 5138 'l'heOphylacti.
1404 5059 1588 5120 Haud
1623 5058 1947 5122 absimilia
1973 5061 2249 5142 legimus
2279 5063 2345 5124 in
2392 5065 2596 5141 prima
2632 5065 2800 5142 apud
2853 5062 3192 5125 Possinum
3225 5063 3456 5124 Catena
3486 5061 3555 5122 in

325 5161 695 5222 Matthieum
737 5175 750 5218 :
787 5177 815 5212 ‹‹
862 5156 1133 5216 Primam
1163 5158 1555 5232 Azymorum
1581 5155 1759 5227 dicit,
1792 5171 1936 5234 quae
1977 5155 2276 5233 prmcedit
2307 5165 2686 5234 Azymorum
2725 5155 2894 5217 diem
2929 5155 3220 5231 primam.
3253 5154 3548 5215 Consue-

328 5265 565 5320 verunt
604 5255 776 5316 enim
807 5251 1039 5328 Judaei,
1089 5269 1122 5313 a
1164 5269 1430 5331 vespera
1485 5269 1826 5315 numerare
1857 5253 1998 5315 dies
2036 5271 2053 5313 :
2088 5259 2152 5315 et
2183 5252 2323 5332 ejus
2355 5252 2512 5328 diei,
2543 5252 2610 5314 in
2655 5251 2821 5313 festo
2851 5249 3104 5312 Pascha)
3132 5250 3562 5322 recensendo,‘

329 5354 564 5415 habere
629 5351 968 5424 rationem,
1035 5365 1164 5428 qua
1213 5349 1338 5411 sub
1395 5365 1728 5429 veSperam
1792 5348 2030 5428 paratis
2076 5348 2320 5428 azymis
2381 5365 2584 5426 agnus
2635 5346 3126 5410 sacriﬁcabatur.
3167 5369 3195 5404 ι
3228 5347 3554 5407 Hactenus

325 5448 722 5513 conveniunt
750 5448 989 5511 omnia.
1023 5445 1329 5526 Sequitur
1356 5451 1569 5508 textus
1604 5470 1621 5511 :
1673 5455 1766 5510 Ἐν
1807 5455 1915 5528 γὰρ

1955 5459 2010 5526 πῆ
2057 5456 2393 5527 Παρασκευῇ
2446 5454 2691 5524 ἑσπέρας
2741 5451 2970 5524 ἔμελλον
3015 5453 3210 5506 ἐκεῖνοι
3250 5451 3447 5522 φαγεῖν
3494 5449 3557 5502 τὸ

328 5559 538 5628 πάσχα,
574 5544 916 5606 Parasceve
963 5543 1122 5604 enim
1149 5560 1403 5622 vespera
1429 5544 1882 5608 manducaturi
1929 5552 2109 5606 erant
2163 5543 2428 5605 Pascha.
2461 5543 2556 5604 En
2607 5544 2842 5604 iterum
2878 5539 3070 5606 verba
3100 5541 3167 5602 in
3199 5537 3550 5616 Theaphy-

329 5643 479 5705 lacti
538 5641 749 5703 locum
806 5640 1077 5702 inv-ecta.
1121 5637 1399 5700 Audacis
1442 5640 1924 5719 interpolatoris
1981 5640 2329 5704 consilium
2376 5638 2582 5702 fuisse
2636 5639 2976 5717 perspicue
3023 5642 3213 5715 patet,
3243 5641 3313 5696 ut
3362 5633 3556 5695 verba

335 5735 801 5816 Theophylacti
839 5737 905 5797 in
931 5751 1069 5799 eam
1106 5734 1473 5800 Graecorum
1506 5737 1915 5815 sententiam,
1957 5735 2371 5813 corruptione
2419 5735 2694 5809 investa,
2730 5733 3122 5804 deﬂecteret,
3156 5747 3300 5808 quas
3328 5731 3554 5792 Jesum
