4058 6470
488 300 552 365 71
655 303 658 306 ”
1331 289 1560 354 BERN.
1598 288 1864 351 ΜΑΒῙᾹΞ
1906 285 2002 347 DE
2050 285 2090 345 Η

2115 282 2336 346 UBEIS
2375 277 2880 343 DISSERTATIO
3647 272 3717 334 72

474 411 800 475 Christum
856 406 1032 465 tenet
1087 415 1214 464 una
1255 399 1361 460 die
1423 398 1652 478 pascha
1703 396 2064 476 legitimum
2125 393 2572 466 antevertisse,
2631 409 2702 454 ac
2739 390 3102 453 celebrasse
3147 389 3311 453 illud
3363 388 3468 452 die
3531 389 3716 451 tertia

476 507 726 570 decima
772 503 837 565 in
882 500 1108 564 feriam
1175 497 1465 578 quintam
1527 495 1853 557 incidente
1889 515 1905 554 :
1935 493 2192 554 Judteos
2224 505 2378 553 vero
2433 487 2763 568 peregisse
2821 486 2987 548 illud
3045 485 3151 548 die
3198 485 3446 548 decima
3486 492 3713 564 quarta

469 603 833 673 desinente,
872 615 943 660 ac
997 599 1380 660 Parasceves
1437 610 1554 654 seu
1609 591 1786 653 feriae
1816 596 2013 651 sextae
2071 587 2444 668 vespertino
2504 594 2817 666 tempore,
2876 604 2912 649 a
2972 600 3106 666 quo
3164 583 3517 663 incipiebat
3575 583 3717 646 dies

470 700 699 764 festiva
734 702 1123 775 Azymorum
1147 690 1371 771 quinta
1415 688 1687 762 decima,
1723 687 1789 748 in
1823 685 2164 748 Sabbatum
2213 685 2511 746 incidens
2545 684 2868 763 passionis
2901 681 3136 746 Christi
3171 698 3362 743 anno.
3399 679 3577 741 Nihil.
3619 686 3719 742 est

469 813 622 859 vero
687 789 1156 872 TheOphylacti
1207 787 1404 850 menti
1463 784 1662 863 magis
1745 798 2136 861 repugnans,
2205 781 2320 861 qui
2369 780 2651 860 singulis
2728 782 2796 842 in
2843 777 3338 844 Commentariis
3396 779 3465 840 in
3523 793 3718 840 evan-

481 892 773 970 gelistas,
834 895 895 951 et
965 888 1030 948 in
1097 883 1368 964 epistola
1401 881 1480 945 ad
1536 879 1868 943 Nicolaum
1927 878 2271 940 diaconum
2339 883 2401 939 et
2453 877 2871 939 canstrisium
2919 876 3105 938 docet
3171 873 3717 970 constantissime,

483 968 845 1066 iegitimum
886 982 1209 1046 Paschalis
1248 988 1504 1057 tempus
1551 994 1588 1040 a
1644 976 1896 1040 Christo
1946 981 2300 1048 servatum,
2349 973 2604 1034 Iudaeos
2636 989 2787 1035 vero
2837 972 3043 1051 legem
3078 968 3520 1051 praevaricatos
3552 986 3716 1032 esse.

555 1065 654 1146 67.
691 1085 994 1159 Superest
1024 1075 1483 1155 'l‘heOphylacti
1515 1071 2038 1145 commentarius,
2070 1088 2263 1150 quem
2291 1069 2759 1148 expendamus,
2785 1068 2862 1130 ad
2897 1074 3087 1145 caput
3121 1085 3224 1129 xiv
3284 1065 3507 1140 Marci,
3532 1083 3593 1128 γ.
3617 1066 3716 1128 12.

472 1179 692 1241 Latina
731 1174 942 1238 versio
997 1180 1093 1234 est
1143 1193 1158 1233 :
1195 1194 1224 1228 (ί
1251 1171 1530 1233 Primam
1557 1168 1719 1231 diem
1745 1167 2145 1246 Azymorum,
2180 1167 2349 1229 diem
2389 1168 2699 1244 quintum,
2738 1164 2915 1236 dicit,
2941 1162 3056 1243 qui
3091 1169 3224 1226 erat
3250 1169 3395 1225 ante
3429 1163 3668 1241 Azyma
3701 1183 3718 1222 :

469 1293 689 1355 azyma
736 1273 910 1336 enim
946 1271 1044 1334 die
1075 1271 1448 1330 Parasceves
1481 1266 1917 1329 comedebant.
1954 1266 2071 1326 Gra

2120 1279 2207 1326 :us
2243 1271 2456 1324 textus
2493 1284 2507 1322 :
2544 1271 2777 1342 Πρώτην
2807 1271 3020 1340 ἡμέραν
3042 1269 3151 1324 τῶν
3172 1268 3429 1341 Ἀζύμων
3451 1267 3550 1338 τὴν
3584 1269 3722 1340 πέμ.-

470 1397 613 1448 πτην
656 1378 826 1446 λέγει,
851 1378 974 1447 ἥτις
1024 1375 1131 1446 πρὸ
1171 1374 1278 1428 τῶν
1317 1372 1569 1450 ’Λςύμων
1599 1368 1665 1442 ἦν
1689 1388 1703 1403 ·
1738 1372 1806 1426 τὰ
1838 1374 1943 1442 γὰρ
1973 1367 2072 1434 dtu

2115 1387 2160 1424 ,α
2193 1371 2260 1440 τῇ
2299 1371 2632 1441 Παρασκευῇ
2669 1368 2936 1439 ὴσοιόντο.
2964 1359 3229 1421 Laudati
3268 1356 3534 1419 Arcudii
3601 1374 3717 1419 su-

471 1465 677 1543 spicio
715 1473 836 1537 est,
883 1470 1253 1541 corruptum
1289 1461 1496 1523 locum
1530 1477 1694 1522 esse.
1728 1459 1934 1521 Prima
1967 1475 2244 1534 namque
2274 1457 2414 1518 dies
2454 1459 2844 1535 Azymorum
2877 1471 3047 1517 anno
3082 1470 3213 1534 quo
3245 1453 3536 1516 Christus
3570 1469 3721 1531 pas-

470 1580 580 1622 sus
615 1568 734 1634 est,
770 1559 1119 1637 incipiebat
1149 1575 1181 1618 a
1215 1557 1393 1618 feriae
1422 1557 1662 1635 quintae
1695 1561 1956 1631 vespera
2001 1575 2014 1614 :
2043 1558 2104 1614 et
2130 1552 2261 1614 haec
2292 1559 2423 1614 erat
2452 1562 2595 1614 ante
2636 1553 3054 1624 Parasceven,
3080 1567 3226 1631 qum
3265 1550 3407 1611 dies
3443 1551 3724 1627 Azymo—

471 1674 615 1716 rum
647 1655 999 1716 dicebatur.
1026 1653 1368 1726 Quomodo
1402 1666 1553 1712 vero
1585 1651 1723 1712 dies
1757 1650 1867 1710 illa
1897 1650 2117 1727 quinta
2152 1649 2363 1710 vocari
2398 1649 2680 1727 potuerit
2725 1649 2940 1727 prima
2969 1646 3100 1708 dies
3131 1646 3534 1725 Azymorum,
3567 1644 3723 1722 quia

471 1766 692 1829 azyma
735 1749 842 1809 die
900 1751 1278 1810 Parasceves
1306 1744 1854 1808 comedebantur?
1880 1744 2235 1806 Vocabatur
2267 1744 2400 1806 imo
2423 1746 2639 1824 prima
2671 1743 3047 1823 Azymorum
3079 1743 3245 1817 dies,
3271 1748 3339 1804 ut
3377 1742 3463 1803 ait
3503 1741 3718 1802 Theo-

474 1845 812 1924 phylactus
846 1842 928 1903 ad
985 1844 1354 1904 Mattha’um
1382 1849 1443 1903 et
1477 1839 1559 1900 ad
1595 1840 1826 1923 Lucam
1849 1882 1866 1912 ,
1908 1856 1986 1902 eo
2013 1840 2166 1919 quia
2192 1860 2221 1895 α
2255 1839 2493 1902 festum
2531 1839 2879 1917 incipiebat
2924 1855 2959 1901 a
2991 1837 3415 1916 vespera'diei
3451 1836 3721 1918 quintus,

473 1957 598 2019 qua
627 1939 836 2002 Judmi
862 1939 1285 2001 vescebantur
1304 1937 1572 2017 azymis,
1611 1959 1638 1992 ››
1675 1942 1738 1996 et
1778 1936 1999 1997 eadem
2034 1937 2372 1999 comedere
2404 1938 2752 2018 pergebant
2780 1931 3025 2017 septem
3058 1937 3314 2000 diebus.
3356 1937 3520 1999 Hinc
3544 1945 3724 2016 putat

472 2035 826 2108 Arcudius,
907 2051 1136 2096 verum
1157 2041 1399 2094 textum
1437 2032 1649 2110 potius
1689 2030 2017 2103 habuisse,
2056 2049 2074 2084 ἰ

2122 2049 2128 2084 ι
2153 2033 2262 2104 γὰρ
2301 2032 2486 2104 ἄζυμα
2516 2034 2730 2106 ἑσπέρᾳ
2779 2036 2880 2105 τῆς
2906 2035 3170 2105 πέμπτης
3199 2032 3472 2117 ἠσθιᾳντο,
3500 2049 3724 2114 azyma

473 2132 648 2192 enim
694 2147 962 2208 vespera
1002 2129 1181 2192 feriae
1217 2128 1463 2209 quintae
1491 2127 2015 2201 comedebantur,
2049 2127 2144 2190 vel
2177 2130 2425 2209 aliquid
2461 2129 2703 2193 simile.

552 2226 808 2288 Addere
854 2225 1012 2287 mihi
1039 2224 1251 2298 liceat,
1285 2226 1699 2303 depravatum
1737 2222 2016 2284 Matthtei
2046 2223 2255 2286 locum
2294 2225 2480 2305 longe
2509 2227 2837 2289 diversum
2891 2244 3035 2290 esse
3082 2243 3117 2290 a
3159 2227 3296 2291 loco
3335 2225 3555 2290 Marci.
3597 2229 3730 2290 Ha-

476 2324 582 2384 bet
609 2322 720 2384 ille
754 2339 768 2382 :
806 2345 836 2377 α
874 2321 1179 2395 Quintam
1232 2319 1454 2382 feriam
1489 2319 1777 2383 nominat
1805 2320 2197 2398 evangelista
2231 2320 2494 2396 primam
2531 2324 2946 2402 Azymorum,
2980 2324 3132 2402 quia
3159 2330 3304 2386 ante
3337 2325 3727 2386 Parasceven

475 2427 609 2481 erat
647 2438 664 2490 ;
698 2433 825 2498 qua
851 2420 1192 2479 Parasceve
1227 2432 1495 2494 vespere
1537 2415 1954 2478 comedebant
1985 2433 2226 2497 azyma.
2263 2439 2292 2474 »
2327 2417 2525 2478 Habet
2553 2417 2675 2479 iste
2709 2436 2724 2475 :
2756 2441 2784 2476 α
2821 2418 3092 2480 Primam
3122 2409 3296 2482 diem
3328 2417 3723 2498 Azymorum

477 2514 634 2575 dicit
669 2513 840 2575 diem
874 2513 1199 2592 quintum,
1234 2511 1349 2589 qui
1380 2518 1513 2573 erat
1545 2519 1688 2573 ante
1715 2514 1954 2592 Azyma
1988 2534 2003 2574 :
2050 2530 2270 2593 azyma
2311 2514 2482 2576 enim
2524 2513 2629 2576 die
2657 2518 3035 2578 Parasceves
3065 2515 3512 2589 comedebant;
3551 2537 3580 2574 ι
3609 2515 3726 2578 ubi

475 2629 605 2674 non
635 2628 890 2691 vespere
925 2611 1331 2684 Parasceves,
1365 2610 1480 2672 sed
1509 2609 1606 2671 die
1637 2611 2011 2672 Parasceves
2031 2610 2337 2672 dicuntur
2356 2627 2579 2688 azyma
2605 2610 2910 2674 debuisse
2935 2611 3208 2674 comedi.
3235 2613 3429 2674 Porro
3465 2629 3730 2692 vespera

475 2707 848 2770 Parusceves
881 2707 1072 2769 obvio
1105 2724 1299 2768 sensu
1335 2706 1572 2768 indicat
1594 2717 1926 2784 vesperam
1957 2706 2084 2768 diei
2113 2705 2418 2768 naturalis
2444 2707 2848 2780 Parasceves,
2881 2723 2998 2769 seu
3025 2707 3155 2768 diei
3184 2714 3403 2782 sextaa,
3431 2707 3732 2770 desinen-

476 2804 560 2865 tis
588 2826 603 2864 :
638 2813 697 2866 at
729 2802 861 2865 dies
892 2803 1292 2874 Parasceves,
1326 2819 1445 2864 seu
1476 2801 1614 2862 dies
1643 2808 1848 2877 sexta,
1877 2801 2070 2864 obvio
2100 2817 2362 2880 quoque
2393 2818 2595 2864 sensu
2626 2803 2962 2880 cumplecti
2985 2809 3193 2882 potest
3227 2819 3558 2881 vesperam
3591 2802 3726 2867 diei

476 2899 788 2960 naturalis
843 2898 1085 2978 quintae
1111 2896 1500 2970 desinentis,
1529 2913 1565 2957 a
1601 2911 1727 2975 qua
1759 2895 2102 2957 exordium
2143 2895 2437 2958 sumebat
2472 2899 2698 2978 festum
2727 2896 3103 2976 Azymorum
3130 2897 3193 2958 in
3225 2898 3373 2976 agni
3410 2895 3726 2976 paschalis

477 2995 899 3056 comestione.
948 2992 1341 3074 Legitimum
1373 3007 1527 3072 ergo
1563 2991 1796 3053 habere
1827 3007 2091 3054 sensum
2124 2999 2329 3070 potest
2361 2993 2539 3055 locus
2568 2992 2764 3056 Marci
2798 3015 2813 3054 :
2848 3010 2966 3056 nec
3006 2991 3220 3071 ipsum
3252 2991 3572 3054 immutari
3609 3009 3726 3054 ne-

477 3105 658 3150 cesse
688 3095 806 3162 est,
847 3089 975 3151 nisi
1002 3089 1298 3152 codicum
1321 3087 1504 3150 bonae
1529 3094 1697 3152 notte
1721 3085 1890 3149 varia
1927 3087 2117 3149 lectio
2147 3095 2544 3168 exposceret.
2582 3087 2780 3169 Atqui
2814 3088 2879 3149 in
2914 3105 3039 3151 una
3062 3087 3195 3162 illa,
3229 3104 3418 3168 quam
3455 3086 3727 3149 adduxi-

479 3201 648 3259 mus,
685 3183 956 3246 lectione
988 3191 1341 3246 consonant
1371 3184 1597 3257 codex,
1629 3198 1761 3263 quo
1816 3199 1972 3245 usus
2001 3191 2100 3245 est
2130 3184 2696 3265 OEcolampadius,
2727 3201 2798 3248 ac
2822 3191 3032 3248 textus
3065 3185 3319 3255 Graecus
3347 3186 3564 3246 Romae
3587 3183 3728 3245 edi-

479 3288 583 3341 tus
626 3301 642 3339 :
681 3280 922 3360 hisque
961 3280 1210 3344 similes
1247 3279 1514 3342 omnino
1550 3287 1700 3342 sunt
1729 3278 1958 3342 Veneti
1997 3286 2126 3342 tres
2157 3281 2415 3344 codices
2452 3281 2860 3344 bibliotheca
2895 3280 3255 3359 Marciana,
3283 3295 3354 3342 ac
3383 3279 3725 3341 Patavinus

479 3392 652 3438 unus
702 3376 871 3455 apud
906 3377 1146 3439 Sancta)
1191 3376 1464 3438 Justinm
1495 3374 1837 3438 monachos
1869 3375 2306 3448 Cassinenses,
2352 3377 2464 3456 qui
2495 3389 2788 3439 accurato
2827 3375 3044 3437 studio
3074 3374 3348 3453 inspecti
3377 3374 3724 3455 collatique

480 3479 658 3533 sunt.

558 3568 836 3628 Sensum
866 3565 1219 3627 indicatum
1247 3567 1624 3628 conﬁrmare
1677 3564 1980 3628 videntur
2003 3564 2466 3645 TheOphylacti
2503 3565 2692 3627 verba
2715 3565 2781 3627 in
2813 3563 3086 3643 epistola
3114 3565 3190 3627 ad
3222 3562 3558 3627 Nicolaum
3587 3563 3730 3627 dia-

481 3676 716 3724 conum
757 3667 822 3722 et
878 3660 1316 3736 canstrisium,
1351 3681 1383 3718 α
1415 3660 1692 3734 Quidam
1721 3677 1802 3722 ex
1825 3660 2026 3723 sacris
2075 3660 2310 3724 nostris
2340 3660 2735 3735 doctoribus,
2774 3658 3155 3739 inquientis,
3181 3675 3514 3739 exponens
3553 3675 3726 3736 eam,

480 3772 627 3833 quin
648 3753 725 3816 ab
753 3754 1152 3834 evangelista
1183 3755 1422 3818 dicitur
1443 3757 1658 3834 prima
1682 3754 2084 3835 Azymorum,
2115 3755 2241 3818 ait:
2269 3754 2542 3818 Primam
2580 3758 2969 3836 Azymorum
2999 3775 3038 3816 a
3064 3755 3378 3827 Matthtco,
3414 3754 3728 3837 (itemque

483 3869 519 3913 a
549 3849 808 3931 Marco.)
836 3850 1148 3930 appellari
1172 3851 1342 3914 diem
1363 3869 1544 3932 ,quaa
1578 3852 1810 3934 Azyma
1829 3852 2156 3932 pmcedit.
2188 3851 2584 3916 Praemiserat
2615 3869 2768 3914 vero
2801 3851 3126 3931 quomodo
3156 3853 3294 3913 dies
3325 3849 3457 3913 hinc
3494 3867 3732 3930 praece-

481 3946 636 4008 dere
668 3947 915 4010 dicatur
944 3951 1258 4027 Azymam
1292 3948 1599 4012 Novimus
1622 3947 2257 4030 enim,inquiens,in
2288 3947 2428 4026 lege
2456 3947 2724 4026 primam
2747 3948 3135 4025 Azymorum
3158 3944 3470 4008 dicidiem
3524 3944 3726 4025 quin-

480 4047 608 4104 tam
639 4043 977 4117 decimam,
1015 4045 1079 4107 in
1119 4061 1246 4125 qua
1275 4046 1524 4108 scilicet
1551 4044 1878 4109 illucescit
1913 4062 2042 4108 nox
2071 4042 2489 4108 comestionis
2517 4041 2858 4122 paschalis.
2896 4063 2923 4098 ι
2947 4043 3104 4116 Quae
3126 4057 3251 4103 nox
3273 4057 3443 4105 anno
3474 4043 3729 4120 passio-

482 4137 585 4199 nis
637 4139 874 4200 Christi
935 4140 1108 4201 diem
1142 4141 1434 4220 quintam
1473 4134 1891 4204 hebdomade;
1920 4128 2271 4203 naturalem
2303 4137 2682 4218 complebat,
2713 4136 3183 4218 inchoabatque
3237 4135 3532 4200 festivam
3553 4137 3726 4200 diem

483 4234 875 4312 Azymorum
905 4235 1196 4313 primam,
1231 4252 1374 4314 quae
1402 4235 1467 4298 in
1500 4237 1890 4300 Parasceven
1917 4235 2174 4300 incidit.
2196 4237 2374 4300 Hanc
2394 4243 2551 4317 puto
2582 4233 2709 4299 loci
2744 4234 2913 4315 apud
2933 4236 3218 4298 Marcum
3248 4235 3726 4316 interpretatio-

485 4347 630 4393 nem
663 4330 1366 4395 convenientissimam.

1760 4473 2054 4549 [XXXIV]
2099 4481 2323 4544 XVIII.

485 4633 750 4715 Pugnat
787 4642 1061 4694 attamen
1090 4649 1210 4715 pro
1238 4634 1465 4715 Graeco
1503 4634 2155 4715 rituconsecrationis
2188 4635 2257 4696 in
2269 4636 2671 4715 fermentata.
2707 4634 3045 4715 Lenissima
3070 4634 3202 4715 ejus
3231 4643 3596 4715 argumenta
3617 4653 3728 4697 va-

562 4643 746 4710 tgnat
787 4642 1061 4694 attamen
1090 4649 1210 4712 pro
1253 4636 1465 4697 Graeco
1503 4636 1638 4696 ritu
1664 4636 2155 4696 consecrationis
2188 4636 2257 4696 in
2314 4645 2671 4698 ermentato.
2707 4636 3045 4698 Lenissima
3070 4636 3202 4715 ejus
3231 4643 3596 4711 argumenta
3617 4653 3725 4697 va-

562 4714 684 4774 ria.
716 4713 876 4802 Item
914 4721 1133 4803 contra
1151 4712 1467 4803 jejunium
1520 4711 1811 4803 Sabpati.
1838 4710 2175 4791 Perperam
2206 4636 2396 4803 alﬁrt
2425 4713 2708 4775 Canones
2734 4713 3190 4803 apostolorum.
3243 4713 3482 4803 Sy'nodi
3529 4724 3725 4803 se.r_tce

563 4791 945 4929 calcantenicce
978 4789 1332 4864 auctoritas
1359 4790 1522 4870 falso
1579 4789 1875 4864 adducta,
1909 4789 2040 4870 quae
2098 4789 2372 4854 sumitur
2447 4811 2564 4873 pro
2621 4789 2858 4873 syno—do
2912 4789 3239 4852 Trullana.
3294 4789 3538 4870 Lapsus
3588 4793 3723 4871 ejus

563 4887 601 4929 υ
631 4884 800 4929 ures.

557 4884 800 4948 ptures.

560 5015 658 5076 68.
693 5012 972 5076 Tametsi
999 5030 1145 5077 cum
1182 5013 1424 5077 Latinis
1454 5013 1726 5079 fateatur
1756 5015 2300 5096 Theophylactus,
2359 5019 2682 5087 Christum
2716 5018 3062 5087 Dominum
3103 5025 3505 5094 postcmnam
3538 5016 3716 5097 lega-

485 5109 636 5181 lem,
661 5109 839 5189 justo
863 5115 1148 5187 tempore
1176 5120 1514 5190 peractam,
1555 5113 1937 5192 mysterium
1968 5114 2776 5190 Eucharistim~instituisse
2809 5113 2874 5176 in
2921 5129 3146 5192 azymo
3179 5129 3338 5190 pane
3366 5134 3381 5172 :
3417 5134 3447 5169 α
3479 5114 3720 5177 Verum

483 5223 616 5269 non
664 5206 882 5268 studio
912 5204 1147 5269 factum
1181 5215 1280 5270 est
1331 5206 1572 5288 (inquit
1603 5209 1670 5270 in
1715 5208 1990 5287 epistola
2022 5210 2100 5272 ad
2128 5210 2460 5273 Nicolaum
2492 5210 2835 5272 diaconum
2880 5217 2942 5270 et
2971 5207 3406 5290 canstrisium)
3436 5217 3505 5271 ut
3538 5210 3722 5288 panis

484 5300 593 5362 ille
645 5317 908 5380 azymus
935 5310 1106 5364 esset
1141 5324 1156 5364 :
1187 5303 1301 5366 sed
1338 5302 1500 5382 legis
1540 5304 1891 5368 necessitas
1927 5305 2126 5368 alium
2159 5313 2312 5369 tunc
2341 5323 2484 5368 esse
2521 5322 2748 5384 panem
2806 5320 2934 5367 non
2968 5303 3393 5383 permittebat.
3418 5327 3448 5362 »
3485 5305 3722 5384 Legem

484 5396 737 5459 scilicet
765 5397 1075 5473 excludit,
1109 5416 1299 5478 quam
1348 5399 1734 5476 imposuerit
1768 5399 2084 5475 Christus,
2136 5401 2686 5465 consecrationem
2732 5398 3103 5464 celebrandi
3159 5393 3230 5462 in
3270 5417 3497 5480 azymo
3535 5417 3721 5478 pane.

481 5496 631 5556 Haec
659 5494 848 5558 etiam
885 5496 1123 5558 Latinae
1173 5495 1476 5559 Ecclesiae
1503 5497 1828 5560 sententia
1865 5504 1988 5571 est,
2021 5513 2166 5577 quae
2195 5513 2313 5560 sua
2364 5496 2668 5577 mysteria
2704 5498 2766 5559 in
2792 5513 3018 5577 azymo
3050 5497 3318 5576 peragit,
3351 5513 3475 5560 non
3507 5497 3573 5558 in
3601 5497 3725 5560 eb-

481 5589 788 5668 sequium
831 5591 976 5654 lata)
1029 5608 1065 5654 a
1098 5591 1350 5657 Christo
1377 5591 1574 5673 legis;
1603 5611 1826 5658 verum
1858 5593 1932 5658 ad
1966 5592 2388 5674 insigniorem
2415 5595 2722 5658 duntaxat
2754 5593 3038 5672 exempli
3072 5593 3216 5673 ejus
3257 5607 3720 5658 commemora-

481 5685 747 5749 tionem.
