4058 6470
339 391 410 453 73
1182 385 1280 446 DE
1319 379 1903 445 THEOPHYLACTI
1943 375 2214 438 GESTIS
2254 375 2349 437 ET
2388 375 2767 437 SCRIPTIS.
3500 368 3572 430 7b

417 500 970 576 Quemadmodum
1020 518 1167 561 vero
1195 500 1314 562 lata
1352 500 1489 580 lege
1516 515 1630 559 nec
1663 511 1960 575 azymum
1993 489 2389 568 praescripsit
2431 487 2566 559 ille,
2618 503 2736 549 nec
2763 484 3215 548 fermentatum
3249 482 3471 580 rejecit
3498 498 3572 544 ac

341 599 476 661 vice
515 612 734 658 versa:
770 598 855 658 ita
876 596 1024 657 ﬁeri
1051 598 1283 672 potuit,
1313 596 1391 657 ab
1424 578 1760 672 religionis
1801 590 1988 651 initio
2023 587 2348 648 Ecclesias
2384 582 2862 648 Occidentalem
2894 592 2955 646 et
2981 579 3376 644 Orientalem
3409 578 3574 640 ritus

339 694 636 757 habuisse
687 693 981 755 diversos
1042 694 1104 754 in
1166 692 1586 754 Eucharistim
1623 684 2080 750 celebratione.
2129 683 2396 744 Sanctus
2452 681 2735 743 Irenmus
2783 677 2850 740 in
2896 676 3253 757 fragmento
3285 674 3576 753 epistolas

341 791 504 869 apud
539 789 891 852 Eusebium
924 790 1091 852 libro
1140 807 1171 846 v
1214 790 1459 851 Hister.
1497 784 1771 856 Eceles.,
1834 782 2041 857 capite
2073 777 2174 849 2h,
2216 780 2409 840 refert
2442 799 2456 840 :
2494 801 2522 834 ι(
2555 779 2818 839 Beatum
2854 775 3293 855 Polycarpum,
3320 772 3575 836 Aniceti

340 903 513 965 νίψω
539 885 965 963 temporibus,
1002 888 1260 946 Romam
1294 885 1546 946 venisse
1583 901 1598 943 ;
1629 898 1700 942 ac
1734 880 1902 940 inter
1927 892 2039 937 eos
2070 892 2219 937 cum
2249 876 2327 936 dc
2355 874 2676 949 Paschate,
2714 882 2849 935 tum
2891 872 2972 935 de
3007 871 3396 952 quibusdam
3427 868 3575 932 aliis

338 982 569 1044 ritibus
606 981 919 1043 modicam
948 980 1153 1043 fuisse
1182 979 1682 1043 controversiam
1723 998 1737 1035 :
1771 971 2069 1037 aestatim
2104 977 2325 1032 mutuo
2356 970 2529 1050 pacis
2548 968 2770 1033 osculo
2795 985 2940 1032 sese
2971 968 3373 1046 complexos,
3404 982 3578 1029 com-

337 1077 701 1141 municasse
730 1078 856 1140 sibi
915 1077 1220 1141 invicem.
1250 1062 1279 1134 ii
1312 1079 1470 1139 Ecce
1530 1072 2032 1136 vetustissimam
2074 1070 2316 1130 rituum
2368 1069 2807 1131 diversitatem
2842 1068 2908 1129 in
2941 1074 3215 1146 utraque
3265 1065 3572 1129 Ecclesia.

337 1175 464 1234 Cur
488 1174 671 1236 locus
696 1175 1083 1251 conjectum
1114 1190 1240 1236 non
1264 1173 1483 1245 fuerit,
1516 1168 1683 1234 inter
1715 1170 1870 1230 istos
1909 1165 2073 1228 ritus
2095 1164 2441 1227 discrimen
2471 1163 2677 1227 fuisse
2709 1163 2893 1241 panis
2923 1161 3355 1236 eucharistici,
3383 1177 3579 1242 quem

338 1279 612 1349 utraque
644 1270 924 1333 Ecclesia
958 1271 1288 1333 diversum
1318 1268 1731 1331 adhibuerit?
1764 1266 1852 1325 Ita
1888 1260 2362 1341 praeclarissimi
2396 1259 2512 1321 viri
2546 1260 2715 1321 inter
2757 1259 3016 1320 Latinos
3044 1259 3393 1336 scriptores
3422 1275 3577 1321 sen-

338 1360 506 1423 tiunt
541 1381 557 1420 :
592 1378 868 1440 quorum
909 1369 1228 1424 momenta
1267 1361 1613 1433 rationum,
1651 1375 1797 1437 qum
1827 1353 2101 1437 plurima
2136 1363 2310 1428 sunt,
2347 1355 2608 1433 sapiens
2640 1372 2827 1417 nemo
2862 1354 3252 1432 despexerit.

412 1459 577 1518 Sunt
610 1456 719 1519 alii
754 1474 904 1520 vero
925 1457 1062 1537 qui,
1087 1458 1282 1537 probe
1316 1475 1460 1520 cum
1491 1456 1786 1519 noverint
1818 1452 2057 1517 nullam
2091 1450 2204 1513 hac
2222 1451 2302 1513 de
2339 1469 2404 1514 re
2437 1450 2623 1514 latam
2654 1468 2687 1513 a
2712 1452 2869 1512 Jesu
2894 1450 3147 1513 Christo
3175 1450 3405 1529 legem,
3439 1451 3581 1530 epi-

335 1560 593 1625 naotur,
623 1553 846 1632 primis
875 1553 1178 1615 Ecclesia;
1214 1553 1611 1631 temporibus
1646 1550 2082 1629 promiscuum
2107 1547 2313 1611 fuisse
2348 1550 2530 1626 panis
2562 1566 2751 1611 usum
2784 1547 2878 1611 vel
2916 1548 3152 1628 azymi,
3181 1549 3279 1612 vel
3303 1547 3581 1611 fermen-

334 1649 441 1711 tati
467 1666 584 1728 pro
613 1652 755 1712 data
785 1651 1121 1713 occasione
1163 1674 1180 1713 :
1213 1652 1418 1712 donec
1451 1648 1707 1712 tandem
1740 1663 2107 1725 azymorum
2136 1646 2542 1707 consuetudo
2576 1646 2640 1707 in
2666 1644 2951 1707 Ecclesia
2975 1644 3369 1708 Occidentali
3405 1643 3579 1707 obti-

333 1747 496 1820 nuit,
557 1747 935 1826 vigebatque
985 1748 1125 1808 sine
1158 1747 1358 1810 dubio
1409 1755 1555 1808 ante
1593 1744 1897 1808 Photiana
1950 1748 2260 1821 tempora.
2323 1742 2473 1804 Haec
2520 1741 2743 1804 eadem
2802 1749 2934 1803 erat
2969 1741 3288 1804 sententia
3319 1741 3577 1812 Nicetae,

335 1845 762 1921 metropolitm
813 1843 1357 1917 Nicomediensis,
1409 1843 1477 1906 in
1522 1840 1886 1921 Colloquio,
1946 1839 2120 1918 quod
2158 1837 2358 1917 prima
2390 1836 2609 1900 smculi
2637 1836 3008 1900 duodecimi
3041 1836 3384 1899 medietate
3409 1836 3579 1899 inter

338 1938 554 2017 ipsum
593 1940 882 2003 habitum
914 1939 1122 2002 fuitat
1149 1940 1528 2002 Anselmum
1557 1938 2140 2014 Havelbergensem
2173 1933 2551 2012 episcopum
2582 1931 2649 1995 in
2690 1932 2848 1995 urbe
2909 1932 3085 2011 regia
3126 1932 3583 1996 Constantino-

332 2034 486 2114 poli.
531 2037 822 2113 Ingenue
852 2037 1095 2115 quippe
1127 2035 1339 2098 fassus
1386 2042 1482 2097 est
1514 2034 1789 2107 Nicetes,
1823 2039 1892 2094 ut
1923 2029 2193 2093 habetur
2223 2029 2386 2093 libro
2420 2048 2490 2092 ut
2531 2029 2821 2110 ejusdem
2859 2028 3208 2109 Colloquii,
3239 2029 3447 2109 capite
3482 2030 3578 2105 1h,

329 2131 500 2208 apud
545 2133 777 2195 Lucam
839 2132 1217 2196 Dacherium
1270 2152 1358 2191 ει
1397 2129 1742 2210 Apostolos
1792 2144 1925 2190 nee-
1957 2125 2435 2202 fermentatum,
2489 2145 2607 2191 nec
2661 2144 2955 2208 azymum
3026 2128 3319 2191 studiose
3389 2128 3581 2191 nimis

330 2226 748 2306 qumsivisse;
786 2236 849 2291 et
903 2229 1221 2309 quidquid
1263 2228 1342 2291 ad
1394 2243 1624 2291 manus
1664 2224 2137 2299 inveniebatur,
2190 2225 2330 2287 sive
2380 2225 2525 2301 hoc,
2559 2225 2697 2288 sive
2724 2224 2913 2300 illud,
2956 2224 3406 2288 indifferenter
3430 2243 3579 2290 cum

330 2326 682 2388 devotione
703 2326 1040 2389 obtulisse.
1068 2329 1419 2388 Romanam
1444 2323 1795 2388 Ecclesium
1818 2321 2119 2401 paulatim
2146 2322 2418 2385 alterum
2437 2323 2849 2402 deposuisse,
2878 2322 3126 2385 scilicet
3155 2321 3580 2400 fermentum;

331 2424 389 2481 et
417 2419 808 2484 Orientalem
843 2438 1105 2501 quoque
1142 2420 1491 2484 Eeclesiam
1523 2435 1826 2500 azymum
1859 2418 2209 2482 dimisisse.
2249 2443 2276 2475 »
2303 2421 2458 2482 Cum
2502 2420 2708 2499 legem
2741 2419 2856 2482 hac
2881 2420 2960 2483 de
2989 2437 3054 2484 re
3079 2420 3325 2483 nullam
3356 2422 3582 2486 condi-

332 2516 503 2579 derit
530 2516 824 2581 Christus
858 2516 1201 2592 Dominus,
1240 2516 1401 2580 ritus
1424 2517 1583 2579 oriri
1622 2515 1830 2579 varios
1870 2516 2184 2595 potuisse,
2215 2514 2543 2577 fatendum
2575 2525 2696 2579 est.

406 2614 901 2692 Supervacaneo
936 2612 1175 2690 labore,
1233 2621 1300 2678 ut
1335 2613 1497 2676 hanc
1534 2620 1662 2675 non
1719 2620 1971 2675 exstare
2007 2610 2212 2688 legem
2246 2611 2566 2683 ostendat,
2594 2611 3244 2675 animadvertendum
3279 2616 3583 2694 proponit

334 2709 653 2789 Bulgarus
714 2711 1264 2791 archiepiscopus,
1287 2724 1428 2772 'non
1461 2726 1688 2773 omnes
1743 2708 2256 2771 circumstantias
2292 2707 2459 2779 illas,
2495 2706 2732 2785 quibus
2785 2724 3026 2771 caenam
3081 2725 3267 2772 suam
3317 2710 3583 2789 perfecit

334 2808 680 2882 Dominus,
717 2815 795 2871 ad
829 2807 1126 2887 prmcepti
1163 2807 1288 2869 vim
1331 2805 1536 2885 redigi
1574 2823 1761 2882 posse
1792 2828 1807 2867 :
1846 2825 1904 2867 v.
1938 2822 1999 2885 g.
2041 2804 2548 2875 discumbentes,
2581 2814 2690 2866 aut
2733 2805 3006 2884 supinos
3047 2806 3267 2881 edere,
3296 2807 3581 2871 similes-

334 2916 488 2976 que.
530 2900 638 2961 Ait
666 2901 856 2962 etiam
891 2923 906 2962 :
946 2900 1293 2962 Verisimile
1324 2918 1474 2973 esse,
1529 2916 1755 2978 panem
1796 2898 1995 2971 illum,
2031 2918 2225 2981 quem
2260 2903 2326 2963 in
2377 2918 2569 2963 suum
2601 2918 2835 2980 corpus
2871 2904 3319 2965 transmutavit
3365 2905 3581 2978 Jesus,

335 2996 588 3058 vilioris
638 2997 968 3076 qualitatis
996 2997 1217 3077 fuisse,
1274 3016 1347 3058 ac
1387 2998 1655 3078 fortasse
1702 2994 2133 3060 hordeaceam.
2181 2998 2306 3061 lies
2352 2996 2438 3059 ita
2469 3015 2539 3059 se
2580 2996 2769 3059 habet
2802 3019 2819 3062 :
2850 2998 3144 3078 adeoque
3165 3000 3243 3062 ad
3281 3001 3583 3064 Ecclesiae

334 3094 779 3156 auctoritatem
815 3102 1053 3171 spectat
1095 3093 1607 3156 circumstantias
1663 3093 1957 3165 deﬁnire,
1999 3112 2144 3173 quas
2176 3094 2361 3173 juxta
2425 3111 2772 3173 perennem
2808 3095 3217 3158 traditionem
3265 3097 3577 3160 antadia-

334 3191 555 3268 pltare:
583 3190 1032 3263 existimanda)
1062 3192 1211 3264 sint,
1244 3200 1352 3253 aut
1388 3189 1480 3252 rei
1504 3189 1925 3252 substantiam
1966 3190 2404 3254 conﬁcientes.
2440 3190 2626 3252 Nulla
2660 3207 2811 3253 vero
2852 3192 3582 3272 TheOphyIaClupt‘tlett

341 3288 504 3351 ratio
530 3288 748 3363 fuerit,
772 3303 900 3368 qua
931 3287 1289 3350 verisimile
1322 3285 1570 3359 efﬁciat,
1604 3287 2027 3349 hordeaccum
2052 3287 2254 3352 fuisse
2282 3305 2533 3367 panem,
2568 3305 2698 3369 quo
2742 3289 3032 3352 Christus
3071 3291 3136 3352 in
3167 3292 3585 3357 Eucharistim

338 3380 753 3446 institutione
789 3400 945 3446 usus
971 3392 1090 3445 est.
1121 3382 1475 3446 Triticeum
1508 3382 1585 3444 ab
1617 3384 1804 3446 initio
1833 3384 2168 3463 religionis
2197 3384 2493 3447 adhibuit
2534 3392 2801 3465 utraque
2826 3386 3106 3450 Ecclesia
3135 3409 3149 3448 :
3187 3406 3398 3469 neque
3428 3392 3585 3453 sub-

340 3481 591 3545 tiliores
622 3481 1069 3560 theologorum
1093 3482 1173 3543 de
1206 3481 1424 3543 schola
1454 3480 1573 3543 hoc
1603 3481 1721 3543 loci
1757 3484 2102 3562 Opiniones
2133 3484 2206 3544 ad
2246 3499 2514 3544 examen
2550 3484 2849 3546 vocanda)
2875 3491 3050 3544 sunt.

414 3599 522 3658 69.
557 3602 713 3671 Qute
742 3616 852 3676 pro
882 3595 1260 3659 fermentato
1286 3614 1446 3675 pane
1472 3597 1759 3673 instruit,
1784 3612 2156 3679 argumenta
2183 3602 2438 3680 profero
2464 3612 2525 3665 et
2548 3603 2774 3664 refello
2800 3626 2814 3666 :
2840 3611 2991 3665 sunt
3014 3606 3186 3668 enim
3223 3607 3579 3673 levissima:

345 3715 374 3749 ι
409 3695 708 3756 Fortasse
733 3705 791 3755 et
824 3694 1173 3774 quispiam,
1208 3694 1444 3772 inquit,
1471 3695 1745 3755 audiens
1783 3695 1847 3757 in
1878 3698 2042 3759 libro
2072 3700 2794 3777 Actuumapostolorum
2820 3717 2986 3781 saepe
3027 3704 3417 3767 mentionem
3447 3706 3582 3769 fieri

343 3790 682 3852 fractionis
710 3792 914 3869 panis,
963 3790 1435 3868 inveniensque
1455 3790 1572 3851 hoc
1609 3791 1774 3851 idem
1809 3801 1870 3853 et
1898 3795 2064 3871 apud
2098 3793 2389 3868 Paulum,
2422 3795 2609 3857 talem
2631 3793 2835 3857 fuisse
2860 3796 3093 3859 exinde
3122 3799 3377 3879 colligat
3407 3821 3581 3875 eum,

343 3888 453 3965 qni
482 3895 632 3949 tunc
658 3889 1374 3966 mysticefrangebatur,
1430 3887 1643 3966 qualis
1712 3890 1764 3947 is
1814 3894 1922 3967 qui
1977 3893 2051 3951 ad
2118 3890 2476 3966 simplicem
2524 3891 2985 3953 comestionem
3045 3896 3108 3955 in
3157 3914 3372 3958 mensa
3435 3916 3583 3976 pro-

345 3982 924 4046 stabat:edebalnr
984 4001 1132 4046 vero
1191 3982 1409 4062 procul
1463 3983 1662 4042 dubio
1726 3987 1928 4061 panis,
1983 4002 2109 4047 non
2172 4003 2470 4064 elymus;
2531 3985 2635 4047 hic
2692 3988 2865 4048 enim
2924 3989 3314 4067 quibusdam
3353 3993 3582 4055 diebus

344 4098 413 4141 ac
465 4079 777 4142 sacriﬁcio
836 4082 1023 4141 unice
1082 4082 1439 4141 destinatus
1500 4088 1653 4141 erat.
1722 4082 1850 4141 Etsi
1906 4098 2055 4142 vero
2117 4080 2248 4143 haec
2298 4083 2654 4143 necessaria
2701 4098 2825 4144 non
2878 4084 3028 4157 sint,
3088 4102 3228 4146 nam
3294 4090 3582 4167 [XXXV]

346 4198 406 4245 et
474 4185 538 4245 in
598 4185 860 4245 alteram
916 4191 1151 4260 partem
1207 4183 1516 4244 inclinant
1560 4205 1574 4242 :
1625 4190 1895 4245 attamen
1962 4183 2109 4245 lanx
2164 4184 2306 4263 plus
2359 4186 2514 4246 mihi
2581 4185 2835 4259 tribuit;
2882 4189 3054 4265 quod
3109 4192 3182 4249 ad
3254 4194 3581 4258 victoriam

347 4282 501 4342 satis
556 4286 674 4344 est.
731 4305 756 4337 υ
807 4281 1096 4342 Gentiles
1156 4299 1309 4342 suos
1375 4281 1626 4352 refellit,
1687 4280 2062 4342 Michaelem
2133 4281 2558 4354 Cerularium,
2626 4285 2901 4345 Leonem
2967 4285 3578 4366 Achridanum,Ni-

345 4388 547 4441 cetam
611 4382 1005 4440 I’ectoratum
1059 4378 1466 4449 monachum,
1534 4380 1788 4438 Petrum
1841 4378 2344 4451 Antiochenam,
2390 4379 2730 4459 aliosque:
2766 4397 3045 4461 quorum
3120 4394 3216 4444 est
3264 4388 3576 4465 Opinatio,

351 4494 579 4554 panem
613 4475 1067 4539 fermentatum
1105 4476 1169 4536 in
1213 4474 1631 4536 Iiucliaristize
1658 4476 2062 4537 institutione
2097 4473 2458 4536 adhibitum
2493 4491 2528 4536 a
2558 4474 2833 4545 Christo.
2870 4485 2931 4537 et
2964 4476 3138 4542 hunc
3169 4482 3581 4551 solummodo

352 4593 570 4635 verum
602 4572 730 4634 dici
767 4588 1018 4649 panem.
1054 4573 1199 4632 Hmc
1228 4570 1322 4630 illi
1362 4577 1429 4631 ut
1454 4578 1839 4647 astruerent,
1871 4586 2167 4632 enormes
2202 4569 2508 4632 invehere
2547 4570 2916 4633 debuerunt
2953 4591 3228 4650 errores,
3263 4591 3370 4641 aut
3399 4583 3578 4646 Chri-

349 4680 518 4730 stum
581 4668 782 4745 legale
838 4666 1069 4728 Pascha
1119 4682 1244 4726 non
1288 4667 1670 4739 celebrasse,
1705 4673 1811 4727 aut
1864 4666 2024 4728 illud
2082 4683 2208 4728 non
2267 4665 2611 4743 perfecisse
2661 4666 2952 4746 legitimo
3004 4679 3308 4750 tempore,
3365 4687 3474 4739 aut
3512 4681 3579 4742 in

350 4783 523 4825 (τωηη
562 4764 748 4841 legali
798 4781 982 4823 usum
1020 4780 1143 4823 non
1174 4762 1381 4822 fuisse
1425 4780 1582 4839 pane
1613 4778 1865 4841 azymo,
1910 4770 1977 4823 ut
2012 4762 2461 4825 adnotavimus
2500 4780 2680 4825 num.
2725 4765 2827 4825 63.
2872 4767 3198 4829 Peracturn
3236 4789 3265 4830 a
3303 4773 3580 4837 Domino

357 4862 561 4937 legale
626 4860 859 4921 Pascha
930 4869 1215 4937 tempore
1262 4858 1464 4942 justo,
1531 4866 1590 4919 et
1671 4858 2133 4920 Eucliaristiam
2192 4858 2258 4919 in
2317 4859 2560 4937 azymis
2643 4860 3029 4936 institutam,
3059 4865 3579 4947 .'l'he0phylartus

351 4966 543 5017 tcitcl.
604 4959 806 5017 Tenet
862 4957 1080 5027 etiam,
1142 4957 1612 5029 Scripturarum
1681 4954 1838 5015 locis
1907 4970 1995 5019 ex,
2040 4953 2304 5015 Actibus
2363 4956 2827 5031 apostolorum,
2886 4966 2946 5019 et
3027 4960 3207 5020 Pauli
3271 4964 3578 5041 Epistolis

350 5054 713 5129 desiimptis
781 5052 948 5114 haud
1005 5052 1373 5113 necessario
1424 5050 1669 5120 conﬁci,
1736 5050 2191 5113 Eucharistiam
2252 5050 2319 5114 in
2385 5051 2765 5116 fermentato
2818 5070 2979 5132 pane
3028 5058 3387 5123 celebrasse
3429 5079 3581 5142 apo.

349 5151 567 5209 stolos.

2795 5142 2813 5161 .
2980 5143 2994 5156 ς

429 5245 579 5305 Suis
629 5252 901 5305 attamen
946 5243 1299 5323 gentilibus
1340 5245 1529 5317 favet,
1587 5268 1616 5300 α
1659 5243 1826 5317 lanx,
1870 5244 2200 5323 inquiens,
2263 5245 2406 5323 plus
2466 5245 2620 5306 inihi
2671 5245 2920 5306 tribuit.
2982 5270 3007 5303 υ
3049 5249 3384 5323 Quodnam
3430 5276 3579 5321 vero

349 5341 543 5405 fuerit
583 5350 1000 5411 momentum,
1029 5344 1199 5420 quod
1240 5342 1481 5403 lancem
1528 5341 1593 5402 in
1629 5351 1799 5403 tuam
1838 5349 2076 5419 partem
2122 5345 2613 5419 prmpondcrarc
2634 5340 2909 5403 ciliciat?
2946 5343 3012 5404 In
3050 5348 3224 5409 Actis
3258 5357 3581 5429 apostolo-

354 5457 513 5513 rum,
547 5440 751 5515 capite
779 5457 845 5505 ιι,
884 5458 941 5497 v.
969 5440 1067 5511 .52,
1107 5438 1293 5516 primi
1343 5438 1693 5500 Christiani
1727 5438 2034 5498 dicuntur
2072 5450 2554 5515 perseverantes
2605 5441 2673 5497 in
2706 5438 2997 5501 doctrina
3029 5448 3484 5524 apostolorum,
3523 5466 3583 5515 et

353 5538 774 5596 communione
836 5535 1174 5615 fractionis
1233 5536 1441 5614 panis,
1488 5546 1554 5615 τῇ
1585 5543 1774 5598 κλάσει
1826 5542 1919 5596 τοῦ

1976 5542 2145 5615 ἱρτου.
2210 5536 2379 5595 Paria
2446 5534 2752 5597 adhibent
2814 5539 3003 5599 verba
3046 5543 3455 5619 evangelistae
3516 5549 3578 5610 in

356 5633 763 5697 eucliaristici
811 5632 1102 5709 mysterii
1143 5632 1543 5694 institutione
1577 5654 1592 5695 :
1627 5632 1879 5710 Accepit
1925 5633 2134 5705 Iesus,
2170 5631 2566 5710 inquientcs,
2608 5641 2697 5694 τὸν
2732 5640 2916 5712 ἄρτον,
2955 5652 3200 5713 panem,
3236 5650 3290 5699 et
3328 5640 3579 5706 benedi-

354 5747 513 5799 cens,
572 5728 787 5807 fregit,
817 5735 1051 5801 ἔκλασε;
1093 5727 1204 5805 qui
1262 5728 1465 5805 panis,
1500 5736 1563 5789 ut
1597 5730 1733 5801 ipse
1776 5729 1992 5798 doces,
2026 5744 2289 5806 azymus
2320 5726 2467 5789 fuit.
2517 5729 2621 5791 Ait
2655 5732 2845 5791 etiam
2885 5732 3119 5792 Paulus
3150 5735 3479 5811 apestolus
3516 5740 3577 5803 in

355 5822 633 5903 Epistula
665 5825 686 5882 I
722 5823 796 5882 a'l
830 5822 1195 5885 Corinthios
1226 5826 1430 5901 capite
1474 5844 1535 5899 ς,
1567 5843 1621 5884 v.
1676 5824 1780 5885 16:
1817 5824 1947 5883 Pan

1982 5844 2031 5899 s,
2066 5844 2239 5903 quem
2264 5826 2641 5906 frangimus,
2675 5837 2764 5891 τὸν
2814 5836 2977 5909 ἄρτον
3010 5837 3067 5891 ὃν
3103 5838 3343 5907 κλῶμεν,
3380 5850 3584 5898 nonne

569 5925 843 5985 PATROL.
885 5925 1002 5986 Gn.
1064 5926 1354 5989 CXXIII.

3231 5933 3268 5992 3
