4058 6470
435 372 505 434 75
1277 367 1504 428 BERN.
1546 369 1810 429 MARle
1849 370 1942 429 DE
1984 371 2273 431 RUBEJS
2315 371 2821 433 DISSERTATIO
3614 377 3688 438 76

436 486 850 565 pariicipalio
898 482 1187 561 corporis
1239 482 1483 543 Christi
1516 485 1655 544 est?
1696 485 1813 543 Sed
1878 484 2103 544 eodem
2154 485 2342 545 modo
2379 484 2543 544 idem
2580 484 2925 560 Apostolus
2984 484 3189 563 rapite
3222 502 3315 557 ιι,
3358 504 3414 549 v.
3455 487 3554 561 21s,
3597 489 3685 547 ait

434 586 753 652 Christum
795 581 1155 643 instituisse
1181 580 2085 659 Eucharistiam,accipientem
2112 597 2359 659 panem,
2387 588 2441 639 et
2456 581 2695 657 gratias
2718 587 3017 657 agentem,
3045 581 3535 659 etfrangentom,
3555 590 3683 644 ἐλα-

436 692 527 740 ϐεν
567 690 759 758 ἄρτον,
786 689 883 742 καὶ
918 687 1321 757 εὐχαριστήσας
1356 686 1588 752 ἔκλασε;
1631 693 1822 755 quem
1859 685 1921 737 tu
1960 694 2030 754 pa

1286 704 1321 750 ;ς
1356 686 1588 752 ἔκλασε;
1631 693 1822 755 quem
1859 685 1921 737 tu
1960 694 2183 754 panem
2212 676 2531 754 intelligis
2569 692 2888 754 azymum.

523 778 696 837 Vetat
734 792 883 837 vero
932 774 1119 848 nihil,
1168 775 1518 854 quominus
1575 773 1901 835 communi
1955 774 2028 835 in
2095 772 2519 842 comestione,
2564 773 2677 834 ubi
2728 772 3111 835 sacriﬁcium
3173 774 3678 840 eucharisticum

439 872 648 950 peragi
676 873 1100 951 contingeret,
1141 871 1329 932 modo
1380 871 1559 948 panis
1600 869 2021 932 fermentatus
2073 868 2503 939 inveniretur,
2539 868 2730 931 modo
2761 885 3054 949 azymus,
3092 877 3161 932 ut
3201 871 3451 933 Nicetas
3484 872 3677 936 Nico-

443 970 794 1031 inediensis
853 969 1087 1043 aiebat,
1154 974 1342 1046 prout
1377 966 1704 1045 hospitum
1746 978 1856 1028 aut
1885 964 2358 1029 comedentium
2397 964 2640 1027 ferebat
2674 967 2992 1040 voluntas,
3024 967 3538 1048 exposcebatque
3569 980 3679 1033 aut

434 1082 573 1125 sors
601 1081 823 1126 eorum
864 1063 1234 1137 medior-ris,
1260 1071 1366 1124 aut
1399 1063 1804 1125 consuetudo
1837 1061 2192 1134 delicatior,
2224 1068 2332 1122 aut
2361 1062 2666 1137 temporis
2699 1061 3207 1125 circumstantia.
3272 1063 3445 1127 Nihil
3482 1067 3676 1129 etiam

435 1171 600 1221 velut
689 1160 1041 1238 quominus
1111 1159 1187 1220 ad
1250 1158 1536 1234 ‘exempli
1596 1157 1827 1219 Christi
1888 1159 2568 1220 commemorationem
2633 1154 2895 1234 azymus
2961 1160 3143 1237 panis
3202 1161 3280 1222 ad
3335 1178 3675 1226 consecra-

436 1258 670 1317 tionem
708 1258 1067 1328 efferretur,
1118 1255 1229 1333 qui
1272 1253 1489 1315 subito
1525 1254 1727 1332 parari
1782 1263 2049 1330 poterat.
2106 1273 2177 1317 ac
2230 1253 2426 1317 veluti
2488 1273 2565 1316 ex
2603 1263 2917 1333 tempore.
2988 1257 3341 1336 Utrumque
3397 1276 3675 1340 namque

432 1370 624 1414 sacrm
700 1353 1043 1430 Scriptura)
1108 1368 1358 1428 panem,
1414 1359 1596 1430 ἄρτον,
1660 1360 1906 1412 vocant.
1983 1352 2134 1412 Haec
2189 1367 2361 1420 vero,
2398 1368 2541 1429 qum
2591 1369 2708 1412 nos
2753 1360 3030 1415 attamen
3088 1354 3155 1415 in
3205 1357 3418 1419 medio
3473 1357 3675 1420 relin-

431 1449 716 1525 quimus,
755 1450 903 1509 satis
934 1456 1104 1519 sunt,
1146 1456 1215 1508 ut
1252 1452 1636 1521 innotescat,
1672 1463 1798 1508 non
1836 1446 2081 1508 lancem
2117 1447 2259 1524 plus
2292 1448 2575 1510 tribuere
2609 1447 2845 1509 Grmcis
2877 1465 3070 1527 quam
3105 1451 3376 1514 Latinis.

513 1570 540 1601 «
595 1552 669 1606 At
697 1547 869 1624 quod
905 1546 1104 1623 magis
1143 1544 1529 1621 persuadere
1560 1551 1618 1604 te
1653 1543 1841 1603 debet
1874 1543 1983 1622 (ait
2007 1542 2551 1624 Theophylactus)
2578 1553 2672 1605 est
2706 1543 3057 1607 multitudo
3087 1546 3516 1610 Orientalium
3556 1550 3668 1612 Dei

429 1643 867 1715 sacerdotum,
910 1651 972 1704 et
1023 1640 1322 1702 Ecclesiae
1354 1638 1955 1718 Hierosolymitanm
2020 1639 2324 1717 dignitas.
2380 1640 2559 1701 Adde
2619 1640 2845 1714 ludos,
2904 1640 3666 1724 EthiOpes,Egyptum,

433 1738 650 1817 Libyae
694 1747 925 1815 partes.
968 1760 993 1794 ››
1033 1736 1492 1798 Auctoritatem
1531 1744 1591 1796 et
1629 1751 1838 1796 mores
1891 1734 2322 1797 Orientalium
2371 1735 2876 1797 Christianorum
2912 1753 3039 1799 non
3072 1738 3466 1818 despicimus
3503 1763 3519 1802 :
3554 1759 3672 1804 cur

430 1851 579 1894 vero
633 1843 697 1895 tu
753 1850 965 1895 mores
1002 1841 1062 1893 et
1094 1833 1533 1895 auctoritatem
1569 1832 2085 1894 Occidentalium
2120 1831 2575 1903 Ecctesiarum,
2603 1834 3018 1913 maximeque
3066 1837 3362 1897 Romanae
3396 1837 3668 1916 insuper

430 1930 662 1991 habes?
695 1934 832 1990 .Iam
881 1930 1355 2003 adnotavimus,
1408 1928 1773 1990 Orientales
1834 1929 2005 1990 inter
2054 1938 2117 1990 et
2174 1927 2648 2003 Occidentales,
2707 1930 2945 1991 smculo
2998 1930 3300 1993 Ecclesia;
3354 1934 3664 2009 secundo,

429 2027 680 2095 Aniceti
716 2044 887 2104 papa:
921 2034 1206 2104 tempore
1251 2043 1321 2089 ac
1357 2025 1687 2104 Polycarpi
1719 2018 2193 2105 Smyrnmorum
2228 2024 2542 2102 episcOpi,
2579 2033 2712 2085 tum
2752 2030 2830 2086 de
2875 2025 3203 2101 Paschate,
3236 2035 3368 2088 tum
3400 2033 3479 2091 de
3512 2032 3668 2108 qui-

426 2127 698 2187 busdam
731 2124 878 2184 aliis
918 2123 1176 2193 ritibus,
1207 2140 1277 2185 ac
1312 2139 1465 2184 sane
1495 2124 1572 2183 de
1610 2138 1771 2201 pane
1816 2122 2270 2191 eucharistico,
2311 2129 2375 2180 ut
2405 2121 2950 2182 verisimillimum
2986 2137 3105 2194 est,
3136 2123 3666 2203 aliquamfuisse,

428 2230 586 2282 teste
627 2221 891 2291 Irenaeo,
927 2218 1217 2297 ejusdem
1250 2217 1467 2280 δίρρυιί
1505 2219 1710 2290 Patre,
1750 2218 2203 2279 differentiam.
2254 2219 2427 2278 Hanc
2476 2217 2741 2279 silentio
2798 2220 3028 2294 premit
3087 2221 3401 2300 Bulgarus
3456 2226 3668 2288 archi-

428 2320 801 2396 episCOpus.
848 2315 1069 2389 Quid?
1116 2316 1287 2393 quod
1329 2313 1596 2376 Michael
1636 2316 2005 2375 Cerularius
2063 2315 2127 2375 in
2163 2314 2437 2392 epistola
2462 2317 2652 2376 citata
2709 2315 2788 2377 ad
2840 2319 3096 2378 Petrum
3156 2319 3659 2394 Antiochenum,

430 2433 609 2476 num.
650 2413 732 2485 X,
778 2411 991 2481 refert,
1033 2432 1061 2466 α
1095 2428 1161 2473 se
1194 2410 1546 2481 audivisse,
1579 2412 1748 2490 quod
1780 2411 2060 2490 praedicti
2109 2412 2239 2472 duo
2277 2412 2646 2488 patriarcha)
2678 2411 3178 2491 (Alexandrinus
3212 2422 3273 2476 et
3330 2418 3663 2496 Jerosoly-

430 2510 735 2588 mitauus)
770 2524 896 2568 non
940 2506 1151 2567 solum
1204 2506 1367 2568 alios
1419 2509 1663 2585 azymis
1714 2517 2046 2568 vescentes
2090 2506 2412 2583 recipiunt
2447 2527 2462 2566 :
2500 2507 2614 2569 sed
2653 2515 2715 2567 et
2752 2508 2874 2584 ipsi
2933 2508 3286 2587 aliquando
3319 2510 3382 2572 in
3416 2515 3664 2591 azymis

430 2624 682 2679 sacrum
744 2603 1094 2667 conﬁciunt
1141 2602 1553 2664 sacriﬁcium.
1602 2626 1630 2659 ››
1692 2605 1820 2664 Leo
1875 2603 2064 2665 etiam
2106 2603 2509 2665 Achridanus
2552 2602 2615 2663 in
2662 2603 3072 2680 Fragmentis
3124 2607 3291 2684 apud
3357 2608 3662 2670 Allatium

428 2704 593 2764 libro
623 2715 691 2763 tu
733 2704 821 2761 De
862 2700 1294 2773 consensione,
1334 2700 1536 2777 capite
1572 2698 1665 2772 ﬂe,
1706 2700 1831 2771 ait,
1900 2724 1929 2755 «
1983 2703 2294 2761 Armenes
2329 2707 2389 2760 et
2438 2699 2775 2779 Egyptios
2825 2717 2967 2761 cum
3010 2702 3258 2764 Judaeis
3314 2705 3664 2768 convenire

427 2809 686 2878 prepter
730 2797 1123 2859 oblationem
1168 2812 1542 2875 azymorum
1582 2816 1597 2855 :
1638 2818 1666 2851 ιο
1698 2813 1826 2873 qua
1855 2798 1934 2857 de
1996 2814 2063 2857 re
2106 2797 2232 2874 agit
2271 2797 2753 2858 accuratissime
2798 2796 3178 2876 Lequienus
3214 2799 3277 2861 in
3334 2800 3661 2865 Disserta-

426 2897 599 2957 tioue
633 2896 800 2955 inter
833 2892 1344 2965 Damascenicas,
1381 2891 1463 2950 De
1489 2893 1751 2970 azymis.
1789 2924 1794 2928 -
3108 2940 3111 2943 ,

504 2995 763 3053 Factum
810 2987 1015 3051 refero
1047 3003 1189 3066 ego,
1237 2989 1410 3066 quod
1470 2997 1726 3048 narrant
1778 2988 2147 3050 Cerularius
2196 2996 2257 3050 et
2318 2989 2724 3051 Achridanus
2760 3006 2775 3050 :
2808 2989 2959 3051 hinc
3019 3007 3166 3052 vero
3218 2991 3490 3056 deducta
3521 3012 3661 3056 cum

424 3088 661 3149 Judwis
693 3085 1147 3156 convenientia,
1184 3082 1502 3145 calumnia
1546 3093 1665 3145 est.
1706 3107 1733 3139 α
1765 3085 2074 3165 Alioquin
2111 3086 2166 3146 si
2199 3103 2421 3165 azyma
2454 3086 2813 3167 (inquiebat
2847 3088 3242 3151 Humbertus
3275 3090 3648 3165 cardinalis,

430 3183 784 3244 Leonile
839 3180 1106 3260 legatus)
1144 3196 1258 3258 per
1311 3178 1636 3240 Christum
1697 3188 1757 3240 et
1807 3180 1948 3258 ejus
2024 3183 2440 3261 Evangelium
2480 3183 2749 3246 fuerunt
2821 3182 3181 3259 maledicta,
3234 3186 3569 3263 reprobata
3595 3197 3660 3249 et

427 3277 773 3351 derelicta;
816 3286 875 3339 et
915 3279 1065 3339 ideo
1118 3276 1430 3353 deinceps
1482 3292 1608 3336 non
1654 3275 1932 3337 debeant
1965 3277 2179 3338 olferri
2241 3278 2308 3340 in
2349 3279 2659 3342 sacriﬁcio
2704 3279 2992 3353 Domini,
3023 3283 3175 3359 quia
3224 3299 3338 3361 per
3368 3284 3657 3362 Moysem

426 3376 772 3438 constituta
811 3381 960 3435 sunt
1004 3373 1248 3435 Judaais
1287 3395 1303 3433 :
1343 3370 1586 3447 sciatis,
1634 3389 1746 3450 per
1780 3373 1914 3451 ΜΟ)
1933 3389 2069 3433 sem
2122 3390 2382 3454 quoque
2441 3377 2891 3437 fermentatum
2931 3359 3657 3440 constitutum'Judaais

427 3472 631 3532 Levit.
673 3487 780 3535 vn.
822 3487 880 3529 v.
916 3469 1011 3543 13,
1046 3475 1106 3529 et
1144 3486 1335 3543 xxm,
1375 3486 1435 3529 v.
1471 3468 1676 3529 17.....
1711 3467 2117 3546 Quapropter
2155 3470 2208 3529 si
2247 3488 2282 3530 a
2335 3469 2521 3531 nobis
2553 3486 2679 3531 non
2714 3470 3189 3534 debentoﬂ'erri
3223 3490 3468 3553 azyma,
3502 3476 3657 3555 quia

424 3565 704 3629 Mosaica
725 3572 878 3626 sunt
918 3585 935 3625 :
982 3581 1100 3626 nec
1148 3581 1181 3626 a
1215 3564 1397 3626 vobis
1450 3563 1685 3625 debent
1721 3564 1938 3625 ollerri
2002 3563 2387 3627 fern‘icutum
2435 3574 2499 3627 et
2527 3567 2642 3635 sal,
2678 3567 2832 3646 quia
2869 3583 3054 3646 teque
3086 3571 3365 3632 Mosaica
3420 3580 3652 3633 sunt...

422 3669 736 3741 Azymum
770 3660 1277 3724 Christianorum
1330 3661 1519 3739 longe
1557 3660 1747 3721 distat
1792 3660 1871 3721 ah
1916 3677 2145 3741 azymo
2196 3662 2548 3723 carnalium
2625 3663 3021 3738 Judaeorum,
3087 3682 3251 3743 quos
3325 3668 3655 3744 [ΧΧΧνι]

419 3760 496 3819 ad
534 3757 821 3821 umbram
853 3756 1139 3817 veritatis
1173 3755 1635 3818 observandam
1667 3764 1727 3818 et
1767 3757 2139 3834 captandam
2171 3757 2303 3819 sola
2340 3757 2683 3836 promissio
2713 3766 2990 3823 terrenas
3043 3759 3374 3824 felicitatis
3410 3763 3651 3839 invita-

421 3855 522 3915 bat
551 3878 566 3916 :
604 3871 721 3916 nos
755 3870 907 3916 vero
940 3870 1174 3932 corpus
1208 3854 1498 3916 veritatis
1539 3871 1617 3916 ex
1649 3870 1874 3933 azymo
1906 3854 2059 3915 etin
2096 3870 2320 3935 azymo
2344 3855 2462 3917 rite
2491 3864 2870 3918 venerantes
2902 3866 3094 3935 atque
3126 3859 3503 3932 retinentes,
3538 3876 3651 3923 ore

420 3961 480 4014 et
510 3954 700 4015 corde
734 3962 1193 4032 praegustamus
1212 3951 1367 4031 jam,
1401 3968 1593 4032 quam
1633 3952 1850 4014 suavis
1882 3960 1981 4014 est
2030 3952 2380 4024 Dominus;
2417 3968 2619 4013 unum
2666 3960 2955 4030 petentes
2998 3954 3076 4014 ab
3106 3953 3273 4032 ipso,
3309 3962 3369 4016 et
3409 3957 3529 4019 hoc
3555 3975 3653 4018 re-

419 4050 769 4130 quirentes,
800 4058 870 4112 ut
915 4065 1283 4110 maneamus
1314 4049 1381 4111 in
1416 4065 1517 4122 eo,
1556 4058 1618 4111 et
1655 4050 1795 4127 ipse
1834 4048 1900 4110 in
1953 4047 2139 4110 nobis
2180 4047 2244 4107 in
2275 4050 2611 4110 asternum'.
2646 4069 2674 4104 ››
2704 4049 2907 4110 Multa
2953 4050 3021 4111 in
3069 4066 3227 4111 nova
3284 4053 3421 4130 lege
3467 4069 3654 4114 asur-

422 4147 579 4226 pari,
605 4162 749 4225 qua)
777 4146 843 4205 in
886 4144 1081 4206 veteri
1133 4153 1336 4216 erant,
1373 4143 1786 4221 perspicuum
1820 4150 1916 4204 est
1952 4164 1967 4202 :
2000 4142 2112 4203 sed
2162 4159 2290 4204 non
2321 4144 2542 4204 eodem
2579 4144 2722 4218 ﬁne,
2763 4146 2916 4224 quia
2948 4146 3265 4224 quidquid
3298 4148 3375 4208 ad
3407 4147 3649 4210 cultum

416 4244 531 4303 Dei
570 4250 751 4303 vetus
776 4240 889 4301 ille
924 4239 1199 4319 pupulus
1239 4238 1490 4302 coalitus
1529 4246 1879 4317 acceperat,
1908 4239 1986 4299 ad
2026 4254 2263 4299 novum
2305 4256 2414 4317 per
2444 4240 2766 4302 Christum
2812 4242 3184 4304 translatum
3226 4250 3320 4305 est
3355 4244 3478 4306 :ab
3514 4263 3653 4306 um-

420 4338 524 4398 bra
551 4336 628 4397 ad
662 4335 1013 4407 veritatem,
1046 4352 1081 4397 a
1112 4336 1318 4413 signis
1349 4335 1427 4397 ad
1485 4350 1614 4410 res,
1647 4350 1681 4396 a
1714 4333 1942 4396 timore
1987 4334 2065 4395 ad
2095 4351 2400 4411 amorem,
2431 4352 2465 4397 a
2515 4337 2825 4401 servitute
2877 4339 2953 4400 ad
3014 4340 3396 4416 libertatem,
3428 4358 3460 4402 a
3496 4341 3649 4404 ﬁliis

416 4435 530 4496 ine
562 4433 640 4494 ad
673 4432 833 4495 ﬁlios
863 4432 1102 4510 gratim.

497 4553 525 4585 ι
581 4528 702 4590 Sed
737 4537 796 4590 et
850 4527 1329 4591 Corinthiorum
1385 4525 1687 4588 Ecclesiae
1739 4542 1963 4604 panem
2027 4529 2386 4602 considera,
2436 4546 2627 4608 quam
2668 4547 2822 4593 sane
2874 4547 3001 4594 non
3053 4533 3405 4607 accusabis,
3459 4537 3646 4615 quasi

416 4626 788 4687 traditiones
839 4642 966 4687 non
1025 4632 1386 4687 servantem
1427 4622 1530 4684 :is
1585 4622 1783 4695 enim,
1821 4623 1936 4701 qui
1981 4624 2340 4685 traditionis
2388 4634 2481 4686 est
2511 4637 2730 4689 auctor
2772 4628 3129 4710 (apostolus
3179 4630 3463 4710 Paulus),
3503 4648 3645 4693 eam

414 4732 480 4784 ut
527 4713 886 4784 servantem
953 4718 1526 4783 commendavit....
1587 4719 1812 4792 Audis,
1861 4734 1986 4779 non
2040 4720 2288 4793 dubito,
2323 4730 2384 4784 et
2423 4724 2652 4785 Sardos
2713 4733 2880 4799 tuos,
2930 4725 3371 4789 testimonium
3432 4728 3648 4807 perhi-

415 4821 635 4879 bentes
691 4828 909 4879 contra
988 4832 1360 4895 azymorum
1423 4813 1906 4876 oblationem.»
1968 4817 2151 4878 Panis
2208 4817 2571 4880 fermentati
2636 4838 2823 4881 usum
2879 4838 3157 4900 agnosco
3222 4824 3289 4886 in
3359 4826 3643 4887 Ecclesia

415 4913 893 4976 Corinthiorum
931 4912 1161 4974 :ritum
1186 4927 1557 4990 azymorum
1608 4909 1685 4971 ab
1728 4910 1835 4982 iis,
1871 4912 1980 4989 qui
2015 4931 2152 4976 eam
2199 4915 2752 4991 administraruut,
2789 4919 3193 4995 sapientibus
3246 4921 3642 4985 antistitibus

414 5014 745 5091 rrjectum,
799 5029 1067 5090 eamque
1126 5011 1207 5072 ob
1261 5026 1521 5073 causam
1602 5009 2026 5087 reprehensos
2085 5012 2530 5072 Occidentales
2586 5029 2711 5073 non
2773 5014 2997 5076 habeo.
3070 5018 3437 5077 Servantem
3502 5034 3641 5080 eam

411 5113 781 5174 traditiones
836 5111 1052 5173 laudat
1109 5110 1450 5189 Apostolus
1499 5128 1514 5171 :
1573 5109 1799 5190 quidni
1863 5125 2011 5170 vero
2074 5109 2297 5184 primis
2360 5109 2758 5187 temporibus
2810 5129 2923 5189 pro
2986 5111 3324 5173 traditione
3389 5126 3644 5192 accepta

409 5210 689 5271 oblatum
742 5205 937 5269 fuerit
979 5224 1212 5286 corpus
1266 5206 1676 5269 Dominicum
1720 5205 1785 5267 in
1854 5221 2079 5282 azymo
2117 5205 2486 5282 aliquando,
2519 5207 2676 5267 alias
2710 5206 2776 5267 in
2833 5206 3262 5270 fermentato?
3305 5210 3641 5283 Quodnam

408 5308 491 5368 sit
526 5306 682 5366 illud
722 5303 1025 5367 Ecclesia)
1054 5303 1489 5367 Sardiniensis
1522 5304 1963 5366 testimonium
2005 5311 2218 5363 contra
2255 5301 2644 5363 oblationem
2699 5319 3097 5382 azymorum,
3157 5303 3417 5383 probata
3465 5306 3640 5368 nulla

407 5402 601 5464 refert
639 5400 935 5462 historia.

493 5501 619 5560 Cur
652 5513 801 5558 vero
847 5496 1327 5559 Corinthiorum
1371 5497 1673 5559 Ecclesiae
1705 5503 1765 5554 et
1803 5493 2105 5554 Ecclesia}
2149 5494 2493 5555 Sardorum
2547 5494 2891 5572 specialem
2944 5498 3192 5576 ingerat
3244 5498 3639 5562 mentionem

407 5592 975 5674 'l‘heOphylactus?
1007 5596 1273 5656 Causam
1315 5602 1468 5669 puto
1527 5611 1623 5653 me
1670 5589 2270 5667 comprehendisse.
2331 5593 2567 5666 Nempe
2619 5608 2821 5653 canon
2870 5601 2964 5653 est
2998 5594 3344 5657 Trullanus
3395 5598 3463 5656 11
3504 5611 3634 5674 quo

405 5702 695 5769 cavetur,
742 5716 771 5751 ot
806 5712 886 5757 ne
918 5693 1135 5769 ﬁdeles
1175 5693 1545 5754 Judaeorum
1599 5704 1817 5766 az;.ma
1852 5684 2214 5756 comedent,
2264 5700 2381 5745 nec
2422 5684 2616 5744 ullam
2668 5691 2811 5746 eum
2855 5685 2952 5745 eis
2994 5683 3488 5748 familiaritatem
3521 5687 3637 5746 ha-

409 5791 622 5859 beant.
669 5767 765 5857 vel
814 5794 880 5854 in
926 5767 1165 5853 morbis
1220 5805 1328 5850 eos
1387 5795 1733 5850 accersam.
1775 5808 1802 5841 κ
1835 5785 2021 5845 Hunc
2059 5799 2387 5856 cauonem,
2429 5780 2631 5843 veluti
2689 5780 3023 5843 conditum
3076 5798 3110 5844 a
3159 5784 3409 5862 synodo
3455 5795 3640 5845 sexta
