3984 6610
270 477 323 538 77
1086 476 1184 536 DE
1226 473 1801 534 THEOPHYLACTI
1847 473 2120 533 GES'I‘IS
2162 474 2257 534 ET
2297 475 2658 535 SCRIPTIS.
3410 456 3484 532 18

274 585 659 658 mcumenica,
700 585 832 664 jam
880 584 1033 647 olim
1064 602 1433 662 opposuere
1460 584 1661 645 Graeci
1686 592 1904 645 contra
1937 585 2434 646 eucliaristicum
2468 586 2836 646 Latinorum
2871 583 3065 644 ritum
3095 605 3108 644 :
3143 581 3482 659 eidemque

271 684 685 746 auctoritatem
717 691 1051 745 arcessunt
1085 702 1164 745 ex
1225 682 1561 760 prsesentia
1600 681 1954 759 legatorum
1986 681 2162 742 sedis
2214 681 2585 759 apostolica;
2634 683 2953 753 Romanae,
3006 678 3486 742 Corinthiorum

270 782 545 862 episcopi,
577 790 636 841 et
672 781 955 860 episcopi
1001 778 1298 841 Ecciesiw
1344 780 1414 839 in
1462 776 1675 841 insula
1702 776 2046 840 Sardiniae.
2081 780 2159 838 At
2217 777 2434 839 fabula
2465 776 2598 838 hmc
2639 784 2759 849 est,
2822 777 3044 837 multis
3092 792 3169 837 ex
3230 772 3487 835 fabellis

271 879 531 950 conﬁcta,
568 886 633 939 ut
668 895 812 940 mox
868 878 1091 939 latiore
1139 876 1485 939 dicendum
1534 882 1631 937 est
1683 876 1998 937 oratione.
2062 874 2157 935 Ad
2219 873 2380 936 hanc
2436 873 2580 934 sine
2639 873 2837 935 dubio
2894 871 3220 935 alludebat
3270 873 3485 933 Theo-

271 975 609 1053 pliylactus.
671 975 936 1036 Interim
1002 990 1155 1035 vero
1215 989 1562 1052 germanus
1649 971 1826 1034 allati
1898 972 2166 1033 canonis
2212 988 2443 1033 sensus
2531 970 2797 1031 minime
2865 969 3163 1033 sacriﬁcii
3247 967 3489 1031 eucha—

270 1069 447 1133 ristici
518 1069 714 1132 ritum
774 1079 1040 1149 Spectat,
1112 1072 1229 1132 sed
1285 1071 1820 1132 communionem
1871 1078 1932 1131 et
1992 1068 2363 1130 societatem
2415 1084 2560 1128 cum
2609 1067 2851 1129 Judaeis
2915 1065 3252 1129 interdicit
3310 1062 3492 1127 Chri-

270 1168 462 1228 lianis.
1178 1212 1195 1225 .

334 1265 421 1325 70.
481 1262 794 1341 Sequitur
821 1263 1149 1342 jejunium
1188 1262 1463 1336 Sabbati,
1508 1262 1587 1324 de
1628 1278 1759 1341 quo
1797 1260 2261 1340 TheOpliylacti
2313 1258 2445 1322 hmo
2484 1266 2582 1322 est
2630 1259 2949 1322 sententia
2982 1276 2995 1319 :
3042 1280 3072 1315 α
3107 1257 3173 1319 Si
3209 1262 3489 1318 vestrum

269 1361 437 1421 etiam
471 1361 545 1419 in
569 1359 1174 1441 Sabbutojejunium
1205 1360 1500 1423 severius
1542 1360 1865 1421 discutere
1912 1356 2098 1417 nobis
2142 1354 2388 1430 liceret,
2441 1356 2931 1417 ostenderemus
2978 1352 3264 1432 profecto
3326 1350 3494 1413 illud

268 1474 462 1535 neque
497 1455 968 1533 apostblorum,
1004 1474 1215 1537 neque
1248 1460 1503 1519 Patrum
1535 1456 1840 1519 doctrinm
1865 1470 2007 1516 esse
2037 1460 2568 1515 consentaneum.
2618 1452 2915 1530 Apostoli
2955 1461 3175 1514 contra
3208 1465 3346 1522 eos,
3379 1448 3491 1527 qui

266 1552 584 1614 Dominica
622 1553 716 1612 vel
752 1553 1045 1625 Sabbato,
1081 1569 1214 1615 uno
1252 1563 1550 1633 excepto,
1592 1552 1916 1631 jejunant,
1961 1551 2342 1622 decernunt,
2393 1550 2445 1611 si
2476 1548 2619 1611 laici
2667 1557 2840 1623 sunt,
2886 1546 3499 1611 excommunicatio-

266 1666 416 1723 nem,
466 1650 524 1709 si
568 1648 811 1723 clerici,
870 1650 1375 1727 depositionem.
1426 1652 1650 1728 Neque
1702 1664 1852 1709 vero
1904 1646 2284 1723 illegitimos
2319 1644 2480 1707 istos
2530 1662 2817 1707 canones
2846 1645 3242 1724 judicaveris
3277 1661 3290 1704 :
3327 1658 3494 1723 quos

265 1754 422 1807 sexta
451 1749 748 1823 synodus
782 1754 1078 1808 venerata
1130 1754 1250 1815 est,
1288 1746 1396 1808 cui
1431 1748 1724 1825 dogmata
1780 1743 2093 1807 saneienti
2140 1743 2331 1823 legati
2377 1742 2573 1805 vestri
2623 1743 2983 1822 Agathonis
3016 1740 3495 1811 interfuerunt;

265 1850 788 1905 canones‘autem
827 1841 1059 1904 ferenti
1112 1842 1317 1905 adfuit
1364 1842 1667 1904 incitator
1729 1842 2007 1903 Basilius
2062 1840 2222 1901 adeo
2280 1838 2611 1914 assiduus,
2671 1846 2741 1901 ut
2793 1837 2958 1900 nulli
3016 1834 3496 1918 congregationi

266 1940 689 2003 lautsessioni
728 1940 793 2001 in
826 1939 1077 2016 synodo
1110 1936 1310 2019 sexta)
1343 1946 1577 2002 nostra:
1624 1940 1904 2003 deesset.
1949 1939 2182 1999 Verum
2233 1950 2293 1997 et
2355 1937 2730 1998 Laodicenis
2776 1935 3014 2014 synodi
3054 1937 3296 2007 Patres,
3331 1949 3498 2012 quos

266 2037 447 2096 etiam
491 2044 673 2098 sexta
704 2037 997 2116 synodus
1038 2054 1295 2099 summo
1346 2038 1414 2099 in
1457 2037 1701 2099 honore
1737 2034 1986 2109 habuit,
2045 2040 2406 2096 sanxerunt
2436 2032 2504 2095 in
2560 2030 3066 2111 Quadragesima
3115 2044 3244 2092 non
3276 2026 3499 2090 oﬂ‘erri

267 2149 507 2208 panem,
569 2143 989 2213 praeterquam
1038 2132 1105 2196 in
1153 2134 1423 2196 Sabbato
1470 2142 1533 2197 et
1593 2131 1966 2207 Dominica;
2000 2130 2171 2210 quod
2216 2146 2370 2193 sane
2423 2145 2551 2192 non
2606 2128 3007 2202 statuissent,
3050 2126 3106 2189 si
3154 2124 3497 2188 Sabbatum

260 2228 483 2308 jejunii
520 2231 701 2293 diem
748 2231 1226 2309 cognovissent,
1266 2254 1293 2286 ››
1328 2239 1447 2293 etc.

331 2324 595 2395 Mendis
632 2344 704 2388 ac
738 2325 992 2389 tabellis
1042 2327 1179 2389 haec
1220 2336 1418 2390 scatet
1462 2327 1964 2406 argumentatio.
2004 2326 2300 2389 Fabellas
2361 2331 2580 2400 postea
2632 2324 2867 2405 adjecit
2913 2323 3073 2386 alias
3133 2321 3496 2395 Balsamon,

263 2421 815 2485 schismaticorum
853 2433 1183 2503 patronus,
1225 2425 1291 2485 in
1327 2427 1840 2486 Nomocanonem
1897 2423 2104 2484 Photii
2151 2440 2164 2483 :
2204 2421 2524 2501 praedictis
2559 2421 2915 2485 canonibus
2946 2436 3248 2482 asserens
3281 2441 3309 2474 «
3348 2422 3502 2480 sub-

264 2517 599 2593 scripsisse
626 2520 1055 2582 Ravennatem
1086 2521 1437 2581 antistitem
1473 2521 1708 2599 synodi
1748 2523 2047 2582 Romanaa
2081 2520 2644 2600 vicemgerentem,
2672 2529 2733 2583 et
2771 2519 3114 2599 episcopos
3151 2519 3499 2581 Thessalo-

263 2612 411 2675 nicm
449 2620 513 2674 et
544 2615 873 2689 Sardiniaa,
911 2617 1234 2679 Heracleae
1281 2624 1342 2678 et
1378 2616 1691 2691 Corinthi,
1732 2618 1847 2697 qui
1896 2628 2050 2682 tunc
2088 2627 2271 2681 erant
2317 2620 2507 2699 legati
2544 2619 2891 2699 pontiﬁcis.
2952 2640 2981 2673 η
3030 2616 3501 2697 TheOphylacti

264 2706 418 2771 dicta
448 2708 583 2788 jam
615 2727 773 2774 voco
798 2713 874 2774 ad
906 2729 1197 2775 examen.

333 2809 432 2869 7t.
488 2810 761 2871 Causam
798 2810 1024 2890 incipit
1058 2827 1352 2890 perorare
1387 2813 1959 2892 pseudepigrapho
1982 2820 2424 2888 monumento,
2457 2814 2632 2894 quod
2683 2821 2782 2876 est
2825 2829 3046 2878 .eanon
3084 2813 3164 2875 65
3194 2811 3363 2874 inter
3393 2827 3504 2874 eos

265 2903 370 2983 qui
421 2906 887 2985 Apostolorum
941 2908 1271 2970 dicuntur.
1325 2910 1685 2972 Peritiores
1737 2910 1984 2989 quique
2047 2910 2164 2971 viri
2242 2911 2320 2972 de
2373 2910 2793 2989 supposititio
2835 2908 2972 2972 fetu
3027 2926 3157 2972 non
3188 2908 3504 2971 dubitant.

268 3003 421 3063 Num
472 3018 627 3064 vero
658 3004 737 3066 de
777 3004 1034 3084 jejunio
1066 3005 1128 3067 in
1165 3005 1459 3081 Sabhato,
1508 3023 1734 3080 necne,
1770 3006 1968 3069 fuerit
1997 3005 2334 3086 quidpiam
2367 3006 2446 3067 ab
2486 3005 2799 3085 apostolis
2856 3006 3325 3085 prmscriptum,
3359 3005 3511 3067 dili-

267 3098 652 3176 gentissime
707 3101 1095 3180 perquisivit
1160 3103 1596 3183 Augustinus.
1635 3104 1746 3184 qui
1814 3102 2077 3166 demum
2137 3103 2466 3165 concludit
2515 3103 2584 3165 in
2638 3101 2913 3181 epistola
2966 3103 3043 3165 ad
3092 3101 3510 3170 Casulanum,

270 3216 298 3249 α
339 3196 893 3259 interminabilem
932 3215 1076 3260 esse
1119 3199 1305 3260 istam
1343 3201 1793 3278 qumstionem,
1830 3208 2243 3280 generantem
2280 3200 2456 3277 lites,
2497 3217 2616 3262 nec
2652 3199 2985 3263 ﬁnientem
3020 3200 3442 3281 quaestiones.
3482 3222 3509 3254 ››

272 3293 567 3355 Canones
621 3293 774 3355 illos
835 3294 1006 3356 inter
1058 3295 1422 3376 apocrypha
1480 3296 1842 3359 amandavit
1891 3314 2012 3359 suo
2067 3296 2133 3358 in
2181 3296 2607 3360 celeberrimo
2656 3298 2918 3361 decreto
2976 3295 3275 3360 Gelasius
3302 3297 3351 3369 Ι,
3392 3296 3515 3357 1ὶο-

270 3406 497 3450 manus
535 3388 824 3468 pontifex
853 3413 868 3452 :
905 3407 1148 3472 eosque
1176 3392 1402 3471 primis
1434 3393 1643 3455 tribus
1677 3394 1977 3457 Ecclesia:
2018 3394 2272 3457 saeculis
2309 3410 2422 3474 pro
2460 3392 2625 3457 datis
2658 3393 3161 3458 circumstantiis
3194 3392 3513 3464 conditos,

265 3486 818 3550 Verisimillimum
891 3495 1008 3550 est.
1068 3489 1346 3553 Consule
1393 3491 1818 3553 Guillelmum
1897 3490 2347 3569 Bcveregium,
2415 3490 2612 3554 hocce
2674 3490 2754 3552 de
2814 3498 3194 3570 argumento
3257 3490 3516 3570 egregie

270 3582 731 3647 disserentem.

347 3698 456 3759 72.
503 3697 611 3759 Sin
647 3698 863 3762 minus
898 3717 977 3762 ex
1012 3701 1291 3781 origine,
1327 3703 1893 3766 auctoritatemliis
1917 3702 2263 3766 conciliare
2304 3702 2827 3783 TheOphylactus
2857 3705 3076 3768 studet
3105 3703 3333 3767 saltem
3373 3725 3404 3761 α
3439 3722 3518 3766 ex

273 3794 531 3875 synodo
592 3805 794 3870 sexta,
858 3814 1003 3876 qum
1054 3799 1203 3861 illos
1251 3808 1545 3861 venerata
1606 3810 1700 3861 est
1745 3800 1890 3862 :cui
1956 3792 2250 3880 dogmata
2300 3799 2613 3861 sancienti
2675 3800 2867 3882 legati
2917 3802 3112 3865 vestri
3167 3800 3520 3883 Agathonis

271 3889 634 3966 [XXXVII]
682 3890 1120 3956 inteifuernnt
1161 3912 1173 3954 :
1233 3912 1511 3957 canones
1577 3904 1789 3958 autem
1833 3897 2065 3960 ferenti
2100 3896 2302 3959 adfuit
2348 3896 2629 3969 Basilius
2675 3899 2837 3961 adeo
2874 3899 3203 3974 assiduus,
3258 3906 3329 3963 ut
3359 3898 3517 3963 nulli

272 3991 762 4069 congregationi
790 3993 1069 4057 deesset.
1108 4018 1138 4052 ι
1172 3998 1386 4058 Errata
1432 3994 1637 4074 plura.
2037 4066 2043 4072 ,

353 4087 663 4163 Synodus
695 4090 1091 4153 oecumenica
1131 4099 1309 4153 sexta
1372 4090 1794 4154 confunditur
1823 4108 1968 4153 cum
2010 4090 2338 4163 Trullaua,
2369 4108 2513 4172 quas
2551 4090 2785 4170 synodi
2844 4091 3263 4154 meumenica)
3296 4098 3520 4153 aucto-

273 4181 469 4243 ritate
502 4200 625 4245 non
668 4187 934 4264 potitur.
969 4186 1084 4248 Illa
1120 4188 1461 4249 adversum
1490 4188 2063 4250 Monothetitarum
2094 4187 2391 4250 hzeresim
2426 4203 2596 4250 anno
2626 4188 2746 4251 680
2770 4186 2986 4250 habita
3012 4186 3160 4261 fuit,
3188 4186 3522 4268 Agathone

266 4280 631 4341 Romanam
660 4281 876 4343 sedem
943 4292 1226 4359 tenente,
1267 4292 1328 4345 et
1371 4283 1721 4363 imperium
1752 4283 2241 4346 administrante
2298 4284 2724 4348 Constantino
2794 4285 3154 4363 Pegonato:
3188 4284 3257 4347 in
3307 4301 3518 4365 eaque

272 4391 559 4437 canones
621 4379 697 4439 ad
753 4396 964 4440 mores
998 4388 1057 4441 et
1117 4379 1530 4459 disciplinam
1581 4388 1946 4460 spectantes
1996 4379 2242 4443 conditi
2299 4397 2431 4443 non
2489 4379 2779 4442 fuerunt.
2834 4380 3158 4454 Quoniam
3201 4398 3355 4443 vero
3410 4399 3524 4444 nec

276 4473 575 4550 synodus
636 4476 1028 4537 meumenira
1061 4478 1311 4557 quinta,
1343 4495 1554 4557 neque
1586 4491 1761 4540 sexta
1798 4495 2077 4540 canones
2112 4476 2487 4556 hujusmodi
2521 4476 2903 4551 condidere;
2952 4478 3358 4541 Justinianus
3415 4481 3524 4540 Ju-

278 4570 438 4630 nior
474 4572 804 4649 Augustus
834 4574 1210 4651 congregari
1265 4575 1584 4653 synodum
1635 4576 1835 4651 jussit
1892 4572 2476 4652 Constantinopoli,
2525 4590 2669 4651 quae
2710 4580 2927 4653 ageret
2960 4574 3039 4637 de
3097 4576 3526 4639 ecclesiastica

278 4666 637 4744 disciplina
669 4672 881 4748 deque
948 4687 1197 4731 morum
1259 4669 1733 4731 reformatione.
1771 4670 1997 4731 Habita
2030 4677 2316 4732 estanno
2345 4670 2483 4742 692,
2512 4669 2696 4749 juxta
2727 4670 3151 4747 probatiorem
3188 4672 3527 4736 chronolo-

274 4762 726 4837 giam,l{oma3
791 4766 1057 4828 sedente
1110 4762 1333 4844 Sergio
1365 4768 1413 4827 Ι.
1450 4767 1626 4826 Hanc
1694 4783 1844 4826 vero
1895 4766 2228 4830 Balsamon
2298 4765 2574 4846 appellat
2632 4767 3104 4845 quinisextam;
3164 4779 3387 4829 vocant
3417 4770 3527 4830 alii

275 4858 680 4934 Trullanam,
714 4868 931 4940 utpote
988 4861 1362 4925 celebratam
1399 4863 1463 4924 in
1495 4861 1719 4923 Trullo
1755 4863 1967 4938 magni
2004 4864 2247 4942 palatii.

360 4956 518 5017 Haec
546 4958 1069 5036 TlieOphylactns
1134 4966 1241 5020 aut
1294 4958 1647 5034 ignorabat,
1700 4965 1807 5018 aut
1858 4967 2029 5021 certe
2078 4961 2429 5023 simulavit.
2487 4960 2893 5040 Suscipiendi
2937 4956 3177 5022 canone
3214 4962 3278 5020 11
3360 4961 3529 5024 indi-

274 5062 542 5123 cuntur,
600 5054 712 5132 qui
753 5056 961 5116 vorari
995 5055 1201 5116 solent
1233 5054 1512 5117 Canones
1548 5052 2006 5133 apostolorum,
2045 5055 2262 5117 critica
2288 5056 2366 5118 de
2415 5056 2669 5137 origine
2730 5073 2953 5119 eorum
3018 5072 3146 5117 non
3232 5057 3561 5121 discussa,

274 5149 669 5225 quaestione,
696 5153 1007 5232 nullaque
1038 5154 1336 5214 Romanae
1366 5152 1668 5214 Ecclesiae
1698 5151 1947 5215 ratione
1990 5151 2224 5227 habita,
2254 5170 2393 5231 quae
2418 5168 2642 5215 omnes
2673 5152 2824 5216 illos
2854 5152 3139 5231 probavit
3168 5170 3526 5234 nunquam.

354 5247 472 5307 '73.
497 5250 671 5311 Plura
706 5257 1075 5330 sequuntur
1096 5250 1255 5311 circa
1276 5249 1659 5328 legationem
1681 5249 1853 5311 sedis
1878 5248 2240 5325 apostolica)
2260 5256 2460 5310 errata
2484 5247 2969 5328 TheOphylacti.
2992 5248 3064 5309 In
3087 5248 3263 5311 Actis
3289 5252 3525 5330 synodi

274 5354 488 5404 sextae
521 5348 930 5409 mcnmenicm
958 5346 1297 5426 subscripti
1335 5334 1668 5424 leguntur:
1705 5369 1733 5401 «
1765 5344 2148 5406 Theodorus
2211 5344 2479 5405 humilis
2542 5345 2878 5423 presbyter
2936 5356 3167 5409 sanctae
3224 5349 3530 5412 Romamn

279 5440 608 5513 Ecclesiae,
643 5449 706 5505 et
736 5442 949 5506 locum
980 5460 1209 5522 gerens
1250 5443 1644 5521 Agathonis;
1707 5442 2023 5517 Georgius
2061 5439 2327 5501 humilis
2356 5440 2692 5518 presbyter
2722 5447 2953 5503 sanctas
2983 5444 3279 5504 Romanae
3307 5445 3530 5507 Eccle-

275 5535 431 5609 siae,
469 5539 748 5600 etlocum
774 5556 1009 5618 gerens
1070 5539 1447 5619 Agathonis.
1482 5585 1498 5600 .
1531 5582 1545 5601 .
1596 5541 1878 5600 Joannes
1933 5537 2208 5601 humilis
2248 5537 2563 5599 diaconus
2624 5539 2927 5601 Romanae
2966 5540 3272 5605 Ecclesim
3352 5551 3409 5604 el
3441 5542 3531 5605 lo-

274 5649 444 5692 cum
484 5652 708 5713 gerens
763 5635 1118 5714 Agathonis
1146 5683 1161 5698 .
1193 5684 1207 5698 .
1249 5683 1262 5698 .
1301 5682 1316 5699 .
1349 5684 1362 5696 .
1393 5639 1676 5698 Joannes
1708 5634 2147 5697 misericordia
2179 5634 2294 5695 Dei
2361 5633 2703 5713 episcopus
2769 5634 3393 5709 Thessalonicensis,
3456 5648 3520 5700 et

272 5729 657 5808 apostolicae
708 5733 881 5795 sedis
937 5734 1151 5794 Romae
1199 5733 1446 5812 legatus
1478 5779 1492 5792 .
1533 5778 1545 5791 .
1587 5780 1600 5792 .
1669 5731 2048 5793 Theodorus
2126 5730 2389 5790 humilis
2451 5733 2783 5810 presbyter
2842 5743 3078 5796 sancta)
3130 5736 3514 5797 Ravennatis

272 5825 616 5904 Ecclesiae,
647 5837 706 5890 et
748 5829 958 5892 locum
996 5847 1227 5909 gerens
1284 5830 1604 5891 Theodori
1641 5826 2142 5905 archiepiscopi;
2203 5828 2483 5887 Joannes
2535 5827 2841 5908 indignus
2895 5832 3236 5908 episcopus
3293 5839 3525 5893 sanctae

274 5925 664 5989 Portucnsis
690 5927 1021 6019 Ecclesiae,
1085 5928 1326 6003 legatus
1372 5927 1569 5990 tellus
1632 5925 1889 5989 concilii
1937 5931 2167 5986 sanctae
2205 5924 2378 5985 sedis
2430 5925 2804 6003 apostolicae
2870 5927 3126 6001 Romae;
3162 5927 3520 5990 Stephanus
3582 6008 3586 6012 .
