3984 6582
437 428 508 496 79
1289 430 1498 491 BERN
1567 431 1835 490 ΜΑΒῙΑΞ
1878 432 1972 490 DE
2012 431 2298 491 lIUBEIS
2342 433 2844 494 DISSERTATIO
3622 436 3694 500 80

438 543 875 607 misericordia
944 544 1055 604 Dei
1109 544 1458 623 episcupus
1491 544 1808 617 CuI'tIIUII,
1847 552 1906 604 et
1942 544 2185 625 legatus
2240 547 2608 624 apostolicm
2652 550 2828 612 sedis
2873 552 3153 633 a..tiqnae
3202 555 3445 616 Itomm.
3513 552 3688 613 Basi-

441 642 564 702 lius
610 640 1050 703 misericordia
1082 642 1195 703 Dei
1262 643 1635 721 episroiius,
1666 649 1728 702 et
1777 643 2179 720 metropolita
2230 644 2509 706 civitatis
2576 647 2881 727 Gortynm
2949 649 3185 712 insulm
3217 652 3438 719 Crette,
3477 655 3541 712 ct
3599 647 3691 709 le-

436 744 618 813 gatus
651 738 844 798 totius
907 738 1165 799 concilii
1225 739 1596 818 apostolicm
1637 736 2012 817 principalis
2042 739 2218 800 sedis
2262 740 2546 819 antiquas
2620 743 2856 805 Romae.
2914 745 3369 807 Abundantius
3417 743 3688 805 humilis

436 836 781 916 episcopus
826 842 1062 898 sanctas
1116 836 1416 898 Ecclesim
1446 838 1821 912 Tempsanm
1852 834 2339 916 (Paternensis),
2377 836 2624 917 legatus
2666 840 2866 902 totius
2904 842 3162 904 concilii
3202 848 3434 904 sanctae
3506 841 3681 902 sedis

437 931 808 1008 apostolica;
866 933 1082 995 Romae
1113 949 1129 1006 ;
1160 934 1443 993 Joannes
1503 931 1810 1011 indignus
1873 931 2215 1009 ρρίεοορυε
2247 942 2482 995 sanctae
2522 934 2824 997 Ecclesim
2856 937 3252 1015 Rhegitanm,
3296 937 3545 1015 legatus
3582 942 3682 995 to-

438 1026 566 1087 tius
588 1027 844 1090 concilii
874 1036 1107 1091 sanctm
1127 1028 1298 1090 sedis
1311 1027 1674 1108 apostolicae
1690 1027 1923 1088 Roma).
1947 1048 1975 1082 ιο
1996 1025 2475 1103 Animadverte,
2494 1028 2904 1108 legatosalios
2925 1048 3066 1095 esse
3087 1050 3161 1096 ex
3182 1032 3352 1095 clero
3374 1032 3685 1102 Romano,

436 1126 594 1186 alios
626 1128 815 1189 Italiae
846 1128 942 1189 vel
972 1129 1038 1189 in
1072 1127 1426 1190 Occidente
1458 1125 1834 1204 episcOpos:
1869 1139 1940 1186 ac
1992 1122 2094 1184 his
2128 1123 2487 1200 adjunctos,
2517 1126 3183 1200 Thessalonicensem,
3233 1125 3668 1198 Corinthium,

436 1225 986 1302 etGortynensem
1030 1223 1091 1283 in
1124 1226 1326 1285 Creta.
1404 1223 1541 1283 Mos
1586 1228 1720 1283 erat
1746 1220 2015 1292 scilicet,
2060 1226 2127 1281 ut
2190 1221 2523 1282 Romanus
2573 1222 2858 1300 pontifex
2886 1224 2964 1285 ad
2996 1224 3284 1304 synodos
3314 1223 3379 1284 in
3420 1221 3685 1284 Oriente

437 1318 679 1380 habitas
733 1322 972 1398 legatos
1004 1321 1256 1399 aliquos
1309 1336 1455 1381 cum
1509 1318 1771 1397 Speciali
1804 1317 2208 1398 delegatione
2249 1318 2755 1380 transmitteret:
2788 1328 3005 1382 essent
3055 1320 3167 1380 alii
3205 1318 3393 1398 legati
3426 1319 3681 1397 synodi,

437 1432 581 1492 qua;
641 1416 818 1491 prius
862 1416 1167 1478 celebrari
1204 1418 1417 1477 Roma;
1472 1421 1931 1477 consueverat:
1969 1414 2201 1492 bisque
2233 1413 2742 1491 adjungerentur
2802 1458 2819 1485 ,
2861 1414 3231 1493 quivicarii
3261 1414 3362 1477 vel
3418 1429 3681 1493 respon-

437 1510 597 1569 sales
655 1514 871 1574 Romae
900 1513 1073 1573 sedis
1116 1513 1181 1574 in
1238 1515 1505 1575 Oriente
1567 1529 1681 1590 pro
1712 1519 2000 1589 tempore
2032 1509 2615 1573 constituebantur.
2644 1512 2919 1573 Basilius
2959 1512 3071 1575 ille
3133 1511 3566 1591 Gortyncnsis
3619 1510 3673 1571 is

437 1616 533 1668 est
564 1625 754 1688 quem
788 1609 1307 1689 Theophylactus
1374 1618 1677 1669 memorat
1711 1609 1864 1669 adeo
1902 1606 2257 1675 assiduum,
2301 1616 2372 1667 ut
2416 1606 2587 1667 nulli
2642 1610 3143 1687 congregationi,
3197 1618 3305 1671 aut
3380 1607 3685 1677 sessioni,

438 1705 534 1767 vel
576 1707 811 1767 actioni
849 1705 1126 1767 deesset:
1164 1707 1467 1768 omnibus
1500 1706 1739 1785 quippe
1779 1715 1974 1765 sextm
2003 1703 2235 1782 synodi
2262 1704 2447 1763 'Actis
2471 1704 2941 1783 subscripsisse
2982 1706 3238 1784 legitur.

513 1827 650 1888 Non
685 1826 767 1887 ita
809 1843 879 1890 se
908 1845 1010 1890 res
1037 1825 1261 1888 habuit
1290 1827 1358 1889 in
1390 1826 1642 1907 synodo
1674 1824 2003 1887 'l‘rullana.
2036 1824 2251 1884 Vacua
2269 1830 2329 1883 et
2361 1840 2512 1901 pura
2535 1831 2701 1901 patet
2730 1824 2966 1893 charta,
3000 1823 3110 1886 ubi
3130 1824 3398 1886 Romani
3434 1823 3694 1904 pontiﬁ-

439 1926 531 1984 cis
592 1923 1061 1985 subscribentis
1122 1925 1297 1986 locus
1352 1933 1486 1986 erat
1545 1941 1688 1986 cum
1757 1922 1857 1983 his
1888 1918 2137 1982 verbis:
2181 1927 2437 1993 «Τόπος,
2477 1918 2653 1982 locus
2712 1920 3104 1982 sanctissimi
3159 1937 3335 2000 papas
3364 1923 3622 1994 Roma);
3657 1943 3686 1975 υ

438 2019 615 2092 item,
643 2028 888 2092 «Τόπος,
922 2021 1099 2082 locus
1130 2019 1770 2093 Thessalonicensis;
1805 2041 1833 2074 »
1868 2018 2153 2096 itemque
2185 2037 2215 2071 α
2248 2022 2448 2089 Τόπος,
2489 2017 2669 2078 locus
2698 2016 3176 2090 Heracleensis,
3212 2016 3675 2089 Sardiniensis,

437 2116 845 2189 Ravennatis,
902 2115 1301 2179 COrinthii.»
1339 2119 1499 2178 Tum
1537 2132 1685 2179 vero
1723 2138 1736 2177 :
1773 2137 1802 2171 α
1840 2113 2116 2175 Basilius
2151 2112 2495 2193 episcopus
2527 2114 2985 2194 Gortyniorum
3046 2114 3424 2194 metropolis
3486 2112 3692 2177 Crette

447 2214 708 2288 insulae,
747 2222 806 2275 et
837 2213 1051 2276 locum
1092 2222 1320 2275 tenens
1354 2213 1547 2275 totius
1586 2213 1820 2294 synodi
1852 2218 2085 2272 santtm
2133 2209 2439 2273 Ecclesim
2487 2211 2811 2273 Romanas.
2864 2233 2893 2267 ι
2946 2211 3161 2292 Legati
3193 2218 3426 2275 sanctte
3482 2211 3686 2281 sedis,

433 2309 548 2387 qui
583 2311 889 2373 mandato
921 2309 1185 2390 Speciali
1222 2309 1501 2372 instituti
1533 2308 1800 2380 fuerint,
1826 2312 2195 2387 comparent
2248 2305 2433 2366 nulli.
2494 2306 2713 2368 Romae
2784 2306 3163 2370 celebratam
3222 2306 3343 2371 hoc
3399 2314 3688 2386 tempore

434 2405 641 2467 fuisse
672 2410 1025 2484 synodum,
1083 2424 1273 2486 quam
1324 2405 1530 2485 aliqui
1565 2405 1753 2484 legati
1795 2403 1977 2466 missi
2042 2411 2597 2481 reprmsentarent,
2652 2402 2823 2465 nulla
2902 2403 3121 2483 prodit
3170 2403 3461 2467 historia.
3516 2404 3687 2466 Hinc

432 2504 672 2564 Basilio
723 2503 1117 2583 Gortynensi
1175 2519 1507 2581 perperam
1541 2518 1612 2563 ac
1641 2501 1803 2562 falso
1851 2499 2083 2562 titulus
2144 2498 2456 2560 tribuitur
2515 2519 2545 2555 ιι
2582 2497 2795 2561 locum
2846 2500 3126 2562 tenentis
3184 2499 3384 2562 totius
3446 2499 3685 2580 synodi

434 2609 664 2661 sancta)
707 2597 1009 2661 Ecclesiae
1049 2599 1351 2661 Romana)
1390 2620 1458 2672 »,
1485 2614 1620 2677 quo
1659 2596 1907 2659 scilicet
1946 2596 2085 2675 ipse
2133 2595 2380 2673 pridem
2415 2594 2478 2655 in
2505 2602 2683 2658 sexta
2719 2596 2970 2676 synodo
2991 2596 3388 2660 meumenica
3439 2597 3689 2677 potitus

430 2692 660 2756 fuerat.
741 2694 862 2757 Sed
952 2694 1147 2775 hujus
1245 2702 1520 2757 attamen
1608 2693 1992 2773 legationem
2064 2695 2306 2759 indicat
2408 2694 2955 2776 TheOphylactus,
3044 2695 3387 2774 depravata
3432 2694 3687 2758 scilicet

432 2790 906 2869 subscriptione
944 2790 1281 2869 deceptus.

511 2916 677 2977 Suos
712 2914 779 2976 in
813 2914 1081 2979 Oriente
1116 2912 1236 2976 hoc
1292 2914 1481 2975 etiam
1546 2922 1831 2995 tempore
1870 2914 2171 2990 vicarius,
2238 2918 2346 2975 aut
2379 2912 2798 2993 responsales,
2858 2922 2967 2977 aut
3016 2914 3254 2995 legatos
3318 2909 3685 2976 ordinarios

431 3010 781 3092 Romanam
847 3011 1067 3074 sedem
1124 3009 1451 3082 habuisse,
1486 3027 1615 3071 non
1645 3009 1895 3074 dubito.
1929 3011 2009 3072 Hi
2042 3026 2322 3091 namque
2355 3011 2842 3091 emergentibus
2895 3011 2964 3074 in
2992 3010 3275 3091 negotiis
3335 3024 3684 3090 personam

434 3106 753 3184 pontiﬁcis
793 3106 1358 3186 repraesentabant,
1398 3104 1946 3188 insinuabantque
1982 3107 2261 3189 principi
2294 3126 2437 3187 qum
2470 3109 2830 3173 necessaria
2862 3108 3264 3184 videbantur,
3300 3106 3426 3187 ipsi
3468 3113 3686 3170 tamen

436 3203 719 3279 pontifici
758 3202 1148 3266 decernendi
1185 3208 1493 3283 potestate
1530 3212 1846 3266 reservata
1871 3204 1948 3266 ad
1981 3203 2191 3284 ipsius
2233 3204 2624 3284 responsalis
2657 3204 3062 3268 relationem.
3094 3203 3227 3265 Hac
3255 3203 3338 3265 de
3371 3219 3437 3264 re
3487 3201 3683 3263 dotte

431 3300 759 3364 disserunt
793 3302 1017 3362 Petrus
1052 3300 1129 3361 de
1182 3300 1389 3360 Marca
1431 3305 1492 3361 et
1561 3299 1879 3363 Antonius
1942 3302 2174 3382 Pagius
2206 3306 2281 3364 ad
2315 3318 2555 3365 annum
2598 3303 2741 3364 692.
2788 3302 3055 3365 Fuerint
3103 3316 3282 3383 ergo,
3355 3297 3687 3362 Trullanm

432 3397 665 3477 synodi
708 3406 1014 3475 tempore,
1037 3396 1227 3475 legati
1265 3393 1608 3470 ordinarii,
1655 3395 1945 3476 episcopi
1992 3397 2430 3460 Sardiniensis
2461 3407 2524 3461 et
2555 3399 2919 3472 Ravennas,
2958 3393 3563 3459 Thessalonicensis
3613 3401 3682 3457 et

432 3491 849 3556 Corinthius:
893 3493 1008 3554 sed
1048 3494 1153 3553 isti
1213 3491 1511 3554 absentes
1567 3499 1768 3565 erant,
1853 3501 2027 3555 utex
2060 3495 2199 3557 loco
2265 3510 2465 3558 vacuo
2504 3503 2711 3574 patet:
2768 3507 2876 3557 aut
2907 3500 3075 3557 certe
3137 3491 3494 3557 renonibus
3545 3491 3683 3553 illis

428 3589 729 3652 assentiri
761 3588 1139 3651 noluerunt.
1205 3589 1382 3651 Unus
1432 3588 1681 3668 legitur
1712 3589 1993 3651 Basilius
2024 3590 2486 3672 Gortynensis.
2552 3592 2774 3655 Fuerit
2806 3592 2929 3653 iste
2960 3591 3209 3670 legatus
3266 3590 3680 3653 ordinarius:

434 3697 494 3748 at
528 3690 666 3769 ejus
728 3686 1068 3766 prmsentia
1114 3686 1355 3749 nullam
1402 3687 1761 3750 renonibus
1808 3687 2133 3751 Trullanis
2181 3692 2625 3754 auctoritatem
2675 3689 2999 3760 conciliat,
3033 3688 3414 3751 absentibus
3452 3687 3683 3766 legatis

429 3785 600 3859 aliis,
626 3791 733 3846 aut
761 3784 1290 3864 repugnantibus.

507 3903 893 3982 [XXXVIII]
950 3901 1089 3965 Alia
1139 3903 1345 3979 plura,
1403 3912 1549 3983 qam
1576 3903 1899 3983 synodum
1934 3902 2534 3979 hanclabefactant,
2577 3905 2886 3984 expendit
2916 3904 3289 3984 Lequienus
3347 3904 3413 3966 in
3460 3904 3679 3966 Pano-

422 4000 561 4081 plia
590 4008 811 4061 contra
840 3998 1104 4060 schisma
1139 3999 1521 4075 Graecorum,
1574 3999 1812 4062 saaculo
1848 4018 1956 4073 v11,
1988 4002 2195 4080 capite
2235 4003 2298 4063 2.
2328 4002 2649 4065 lnvectam
2694 4017 2823 4065 non
2854 4002 3266 4082 praetermitto
3289 4001 3680 4081 legationem

430 4098 716 4179 episcopi
776 4096 1256 4171 Heracleensis,
1290 4098 1398 4176 qui
1448 4098 1731 4174 probatis
1785 4098 1851 4159 in
1910 4100 2348 4161 monumentis
2405 4100 2700 4177 nuSpiam
2778 4102 3095 4177 reperitur
3140 4098 3335 4160 hocce
3408 4115 3681 4161 munere

426 4192 775 4269 aliquando
834 4189 1118 4252 functus.
1175 4191 1584 4253 Anastasium
1651 4189 2217 4256 Bibliothecarium
2254 4196 2442 4271 addo,
2479 4194 2593 4275 qui
2626 4194 2694 4257 in
2744 4196 2885 4257 Vita
2914 4194 3181 4275 Sergiil
3210 4193 3446 4257 diserte
3485 4201 3680 4256 testa-

430 4298 531 4350 tur
595 4290 870 4369 Iegatum
932 4285 1390 4365 apostolicum,
1437 4288 1551 4367 qui
1607 4286 1805 4349 fuerit
1848 4289 2129 4352 Basilius
2172 4289 2282 4353 ille
2314 4290 3126 4370 GortynensishTrullanis
3158 4289 3518 4352 canonibus
3569 4287 3679 4350 de-

426 4396 670 4466 ceptum
693 4384 1186 4463 subscripsisse.
1223 4384 1391 4458 Quid
1414 4388 1442 4445 ?
1469 4387 1643 4464 quod
1677 4385 1970 4448 laudatus
2002 4385 2261 4465 Sergius
2294 4387 2617 4447 Romanus
2654 4385 2939 4465 pontifex
2978 4408 3006 4442 α
3034 4384 3368 4464 praadictos
3389 4400 3676 4448 canones

427 4482 695 4562 respuit,
729 4490 921 4562 atque
958 4480 1175 4560 rejecit
1207 4481 1459 4561 (eodem
1490 4487 1650 4542 teste
1693 4480 2075 4558 Anastasio),
2112 4480 2359 4559 eligens
2412 4482 2627 4559 potius
2662 4481 2825 4544 mori
2885 4497 3076 4562 quam
3110 4482 3461 4543 novitatqu
3492 4496 3673 4542 erro-

430 4581 610 4640 ribus
641 4579 1029 4641 consentire.
1065 4598 1093 4633 ››
1136 4579 1307 4651 Haec,
1352 4575 1604 4638 tametsi
1634 4577 1991 4652 notissima,
2035 4578 2181 4639 silet
2215 4583 2488 4639 attamen
2536 4576 3079 4658 'l‘heOphylactus.
3122 4575 3279 4639 Silet
3325 4576 3517 4640 etiam
3548 4579 3675 4638 Ju-

425 4675 775 4737 stinianum
853 4675 1201 4745 Iuniorem
1228 4675 1366 4753 qui,
1404 4681 1544 4751 post
1582 4673 1913 4735 Tiberium
1940 4674 2341 4735 Absimarum
2371 4682 2435 4736 et
2470 4673 2805 4736 Leontium
2839 4671 3207 4749 Patricium,
3241 4673 3473 4736 iterum
3497 4689 3676 4737 anno

420 4775 538 4835 703
581 4764 857 4834 obtinuit
887 4771 1256 4849 imperium,
1296 4770 1479 4831 irrito
1539 4780 1687 4831 veto
1739 4786 2028 4844 curasse,
2057 4779 2124 4832 ut
2152 4772 2435 4832 Joannes
2493 4787 2651 4850 papa
2711 4771 2822 4832 VII
2869 4771 3128 4833 eosdem
3172 4786 3451 4833 canones
3513 4771 3678 4833 reci-

425 4876 625 4948 peret.
674 4868 859 4940 Silet,
900 4867 1403 4929 Constantinum
1447 4867 1825 4946 papam,qui
1866 4865 2490 4945 Constantinopolim
2523 4883 2695 4930 anno
2737 4867 2856 4929 710
2876 4876 3178 4948 evocatus
3219 4866 3450 4940 fuerat,
3522 4866 3676 4944 ipso

422 4978 692 5045 urgente
725 4966 1098 5027 Iustiniano
1143 4964 1552 5041 imperatore,
1606 4981 1716 5026 eos
1747 4965 2055 5026 duntaxat
2099 4965 2441 5027 Trullanos
2472 4965 2859 5044 approbasse
2887 4982 3191 5039 canones,
3215 4965 3326 5045 qui
3363 4966 3675 5027 Romanae

424 5061 724 5123 Ecclesia;
750 5062 1023 5123 decretis
1060 5076 1185 5141 non
1217 5059 1734 5121 adversarentur.
1817 5061 2455 5140 Perperamdeniqu‘e
2499 5062 2817 5141 synodum
2874 5061 3298 5124 Laodicenam
3367 5061 3434 5122 in
3485 5066 3674 5121 sexta

419 5157 816 5221 (ecumenica
847 5130 1535 5235 synodo\approbatam
1579 5163 1787 5218 narrat
1827 5175 1841 5214 :
1877 5159 2149 5238 ejusque
2184 5130 2463 5227 canones
2504 5130 2772 5238 o'pponit
2808 5176 2967 5221 vano
2998 5164 3257 5234 conatu,
3297 5156 3539 5237 quibus
3570 5157 3671 5217 ri-

422 5263 523 5316 tus
555 5253 807 5333 aliquos
835 5253 1136 5316 Ecclesiae
1156 5253 1387 5316 Graacaa
1416 5254 1676 5316 indicari
1716 5253 2021 5317 fatemur:
2049 5255 2213 5321 ritus
2236 5255 2395 5317 alios
2429 5254 2855 5317 Occidentalis
2887 5263 2997 5318 aut
3029 5255 3334 5317 Romanas
3360 5251 3674 5316 Ecclesim

417 5349 594 5429 rejici
642 5349 875 5411 dixerit
934 5364 1147 5425 nemo,
1194 5349 1318 5412 nisi
1348 5348 1688 5429 insipiens.
1722 5352 1899 5414 Hanc
1937 5352 2060 5414 sibi
2115 5353 2553 5416 auctoritatem
2614 5352 2914 5416 Trultana
2977 5354 3266 5433 synodus
3306 5352 3670 5429 adrogavit,

422 5445 546 5507 lato
572 5460 814 5506 canone
850 5446 929 5508 55
972 5462 1103 5526 quo
1151 5446 1475 5528 jejunium
1532 5448 1780 5511 Sabbati
1813 5448 1880 5509 in
1912 5450 2190 5510 Romana
2254 5448 2530 5512 Ecclesia
2584 5450 2956 5525 damnatur;
3014 5448 3126 5513 sed
3178 5463 3317 5512 eam
3374 5447 3670 5529 legitima

417 5541 787 5604 destitutam
822 5542 1026 5607 fuisse
1061 5545 1441 5609 auctoritate
1465 5546 1594 5627 jam
1627 5545 2058 5609 ostendimus.
