4058 6470
336 352 402 417 81
1194 352 1291 413 DE
1328 350 1909 413 THEOPIIYLAETI
1948 348 2218 412 GESTIS
2258 350 2356 412 ET
2394 350 2760 414 SCRIPTIS.
3540 344 3613 418 $2

1844 495 2006 562 XIX.

422 635 744 700 Audacius
777 638 1094 699 invehitur
1126 646 1350 696 contra
1405 638 1869 713 processionem
1922 636 2209 715 Spiritus
2248 637 2452 697 sancti
2474 655 2550 697 ea:
2592 635 2782 715 Patre
2812 636 3124 715 Filioque.
3162 636 3593 715 Argumenta-

422 653 744 700 Auaacms
777 653 1094 699 invenitur
1126 653 1350 696 contra
1405 653 1869 713 processtonem
1922 653 2209 714 Spiritus
2248 653 2450 697 sancti
2474 655 2550 697 ea:
2592 653 2782 697 Patre
2819 653 2982 697 Nlla
3031 656 3124 698 ue.
3162 653 3593 715 argumento-

343 738 483 809 rum
514 718 648 797 ejus
670 717 977 809 refutatio
994 716 1267 809 Joannis
1299 715 1480 809 Becci
1508 735 1646 809 cum
1677 717 1915 809 nqstris
1945 713 2638 809 animaduersionibus:
2668 714 2779 809 ubi
2806 712 2929 776 late
3072 714 3408 809 temporali
3459 718 3608 809 Spi-

344 800 508 859 ritus
536 793 751 857 sancti
796 795 1095 856 missione
1139 793 1502 859 disseritur.
1536 795 1700 856 Num
1736 793 2103 855 Latinorum
2135 795 2397 873 erroris.
2424 803 2494 854 ut
2530 795 2733 873 aiunt.
2768 813 3064 873 summam
3095 796 3407 873 redegerit
3464 793 3604 856 tan-

2968 782 2975 789 κ

343 877 478 938 dem
538 874 1040 1014 Theop‘iitiqlactus
1066 873 1148 935 ad
1204 873 1403 937 solam
1431 876 1627 950 vocis,
1673 873 2000 945 FILIOQUE,
2073 870 2460 933 additionem
2502 871 2584 933 ad
2631 872 3017 952 Symbolum.
3072 874 3174 935 Ita
3245 870 3608 935 sentiebant

343 958 714 1019 Gracorum
802 971 962 1033 ique.

423 1077 529 1138 Ἧι.
566 1077 632 1137 In
698 1077 1275 1150 eacontroversia,
1315 1096 1459 1159 quae
1496 1088 1793 1141 aeternam
1827 1094 1899 1139 ac
1947 1074 2435 1138 substantialem
2484 1085 2546 1139 et
2575 1075 3036 1157 hypostaticam
3093 1078 3367 1154 Spiritus
3407 1081 3605 1143 sancti

344 1173 664 1252 originem
699 1180 964 1251 spectat,
998 1175 1323 1235 communi
1367 1193 1512 1237 cum
1543 1176 1895 1253 gentilibus
1920 1173 2058 1235 suis
2094 1173 2473 1253 prtejudicio
2519 1181 2896 1251 occupatus.
2923 1164 3238 1237 audaCins
3272 1194 3467 1255 quam
3498 1195 3609 1257 par

344 1284 467 1345 est,
499 1271 785 1349 Spiritus
815 1273 1021 1331 sancti
1076 1274 1539 1351 processionem
1587 1272 2110 1352 'l‘heOpIIylactus
2160 1270 2554 1351 insequitur,
2611 1291 2649 1332 a
2680 1271 2871 1332 Patre
2902 1280 2960 1331 et
2992 1290 3031 1330 a
3076 1271 3272 1334 Filio.
3338 1273 3468 1335 Hac
3528 1275 3607 1339 de

346 1385 417 1429 re
464 1366 673 1429 tribus
736 1365 867 1446 agit
914 1365 977 1427 in
1011 1366 1168 1428 locis
1230 1367 1777 1444 pertinacissime.

426 1464 521 1526 Ad
570 1470 757 1542 caput
778 1481 849 1524 Ill
883 1464 1175 1537 Joannis,
1216 1482 1276 1525 v.
1321 1465 1423 1533 35,
1464 1464 1557 1525 sic
1594 1466 1715 1526 ait:
1754 1466 1944 1528 «Non
1971 1464 2504 1541 intempestivum
2542 1472 2758 1527 autem
2789 1463 2985 1526 fuerit
3013 1464 3132 1526 hoc
3190 1464 3327 1527 loco
3365 1467 3607 1539 dicere,

343 1560 650 1643 quomodo
709 1561 930 1624 habeat
980 1559 1187 1622 Filius
1217 1562 1558 1644 Spiritum,
1603 1571 1660 1622 et
1694 1562 2025 1640 quomodo
2057 1563 2305 1624 dicatur
2334 1562 2620 1642 Spiritus
2652 1561 2835 1625 Filii.
2874 1562 3041 1625 Dicit
3089 1562 3263 1625 enim
3310 1570 3373 1626 et
3430 1568 3606 1643 Apo-

344 1657 556 1721 stolus
588 1656 824 1737 (Galat.
864 1655 946 1740 IV)
987 1659 1341 1737 :Spiritum
1371 1659 1526 1720 Filii
1557 1659 1660 1719 sui
1690 1658 1756 1719 in
1778 1657 1971 1719 corda
1996 1669 2206 1721 vestra
2234 1659 2405 1719 misit
2443 1658 2831 1731 clamantem,
2883 1658 3080 1731 Abba,
3133 1668 3340 1739 pater.
3398 1663 3471 1722 Et
3500 1661 3613 1721 ite-

347 1775 491 1819 rum
552 1755 753 1839 (Rom.
790 1755 959 1837 vui):
1006 1758 1077 1820 Si
1122 1768 1328 1821 autem
1378 1759 1518 1839 quis
1547 1756 1859 1836 Spiritum
1892 1757 2132 1820 Christi
2163 1776 2292 1817 non
2348 1755 2663 1827 habuerit,
2690 1756 2792 1818 hic
2824 1775 2952 1817 non
2977 1766 3065 1817 est
3096 1757 3247 1836 ejus.
3285 1758 3448 1819 Sane
3492 1759 3610 1818 La-

347 1854 467 1915 tini
498 1856 660 1917 male
702 1854 832 1917 btec
865 1862 1289 1932 exponentes,
1320 1863 1380 1916 et
1414 1857 1631 1917 minus
1686 1863 1855 1917 recte
1890 1854 2326 1933 intelligentes
2376 1851 2633 1922 dicunt,
2706 1853 2879 1932 quod
2932 1852 3211 1931 Spiritus
3281 1856 3471 1916 etiam
3531 1871 3611 1916 ex

346 1951 516 2013 Filio
557 1951 875 2029 procedat.
913 1953 1042 2013 Nos
1095 1958 1307 2013 autem
1366 1952 1632 2031 quidem
1672 1951 1950 2031 primum
1984 1950 2266 2012 dicimus
2300 1949 2376 2011 al
2415 1966 2572 2019 eos;
2625 1951 2800 2028 quod
2854 1949 3033 2011 aliud
3074 1951 3156 2011 sit
3182 1968 3407 2011 esseea:
3439 1969 3599 2029 quo-

345 2049 522 2127 piam
572 2055 633 2109 et
662 2047 837 2109 aliud
890 2067 1017 2108 esse
1039 2047 1396 2130 cujusdam;
1437 2049 1813 2128 utSpiritus
1858 2049 1941 2109 sit
1990 2049 2257 2128 quidem
2290 2048 2577 2127 Spiritus
2629 2048 2796 2110 Filii
2842 2046 3085 2124 absque
3110 2046 3335 2113 dubio.
3396 2056 3457 2109 et
3522 2045 3601 2108 ab

348 2147 529 2204 omni
578 2144 905 2223 Scriptura
928 2144 1389 2223 approbatum:
1422 2155 1722 2209 cmterum
1758 2164 1888 2206 esse
1922 2164 2002 2205 ex
2022 2145 2217 2216 Filio,
2254 2142 2431 2204 nulla
2458 2145 2783 2223 Scriptura
2818 2151 3112 2216 testatur,
3148 2162 3227 2205 ne
3263 2142 3384 2204 duo
3416 2144 3607 2223 prin-

349 2236 523 2319 cipia
577 2241 857 2319 Spiritus
911 2242 1427 2317 introducamus,
1480 2245 1727 2306 Patrem
1784 2249 1842 2305 et
1898 2242 2165 2305 Filium.
2214 2240 2534 2314 Profecto,
2586 2242 3117 2318 inquiuutznam
3170 2241 3383 2320 (Joan.
3415 2242 3518 2315 xx)
3551 2249 3613 2303 et

350 2340 694 2419 inspiravit
726 2338 1121 2424 (insulilavit)
1169 2338 1526 2420 discipulis,
1559 2347 1619 2403 et
1647 2340 1847 2404 dixit:
1884 2340 1952 2401 Α‹

2012 2339 2165 2416 ipite
2185 2337 2499 2418 Spiritum
2530 2346 2841 2399 sanctum.
2880 2339 2931 2400 Ο
2976 2338 3430 2416 (ἰοείρῖρηιὶωη
3464 2338 3479 2397 ι
3548 2330 3612 2398 δῖ

352 2445 507 2496 tunc
529 2438 703 2497 dedit
746 2436 1094 2516 discipulis
1135 2437 1478 2517 Spiritum,
1515 2438 1780 2518 quando
1815 2434 2195 2508 insufﬂavit,
2237 2433 2568 2514 quomodo
2616 2444 2835 2511 postea
2890 2433 3055 2495 dixit
3113 2433 3210 2495 eis
3260 2434 3502 2512 (Actor.
3539 2434 3611 2510 ι),

350 2531 699 2610 Accipietis
746 2532 1045 2594 virtutem
1075 2535 1580 2615 supervenientis
1616 2534 1900 2614 Spiritus
1933 2531 2139 2593 sancti
2206 2547 2401 2609 super
2429 2547 2562 2601 vos,
2597 2547 2727 2589 non
2789 2535 2933 2608 post
2988 2527 3219 2589 multos
3255 2529 3367 2589 hos
3423 2528 3552 2589 dies
3585 2529 3613 2587 ΞΡ

353 2629 472 2689 Vel
520 2632 850 2709 quomodo
903 2632 1228 2693 credimus
1262 2632 1328 2693 in
1355 2635 1730 2693 Pentecoste
1786 2629 2019 2694 factum
2058 2626 2441 2687 descensum
2486 2624 2791 2698 Spiritus,
2852 2624 3179 2702 siquidem
3220 2624 3285 2685 in
3344 2641 3614 2701 vespera

354 2726 857 2788 resurrectionis
915 2727 1093 2791 dedit
1134 2727 1319 2789 illum
1344 2730 1372 2788 *ἲ
1400 2730 1581 2789 Tunc
1639 2727 1813 2789 enim
1870 2720 2231 2801 inspiravit.
2292 2722 2370 2780 At
2396 2718 2529 2781 hmo
2563 2719 2831 2798 quidem
2859 2719 3040 2781 valde
3076 2719 3371 2782 ridicula.
3399 2721 3611 2782 Mani-

354 2821 594 2883 festum
624 2822 823 2896 enim,
864 2827 1036 2903 quod
1077 2830 1229 2886 tunc
1279 2823 1411 2883 illis
1445 2824 1754 2902 Spiritum
1792 2830 2081 2886 sanctum
2122 2835 2248 2881 non
2307 2818 2601 2881 dederit:
2649 2820 2761 2881 sed
2807 2819 3050 2881 donum
3088 2835 3289 2880 unum
3331 2818 3615 2899 Spiritus

357 2917 591 2991 sancti,
652 2920 1110 2982 remissionem
1147 2917 1395 2981 scilicet
1432 2917 1696 2998 peccati.
1733 2917 1947 2980 Statim
1984 2919 2156 2981 enim
2181 2918 2399 2980 subdit
2423 2935 2438 2980 :
2462 2917 2744 2993 Quorum
2775 2919 3152 2979 remiseritis
3179 2928 3439 2998 peccata
3492 2921 3619 2982 Ha-

356 3014 465 3075 bet
522 3022 740 3077 autem
804 3015 1116 3093 Spiritum
1161 3016 1370 3077 Filius
1408 3014 1942 3088 substantialiter,
1985 3024 2056 3080 ut
2086 3014 2702 3079 consubstantialem
2761 3016 2928 3077 sibi:
2966 3032 3095 3078 non
3138 3033 3173 3078 a
3209 3033 3342 3095 quo
3393 3035 3619 3095 opera-

352 3110 601 3175 tionem
660 3112 947 3188 recipiat,
989 3112 1158 3175 sicut
1214 3112 1563 3193 prophetas.
1615 3112 1863 3176 Dicitur
1907 3120 2118 3176 autem
2158 3112 2437 3191 Spiritus
2485 3130 2611 3172 esse
2659 3111 2840 3187 Filii,
2885 3112 3243 3176 secundum
3304 3115 3474 3192 quod
3508 3134 3613 3175 ve-

356 3208 525 3268 ritas
559 3218 648 3271 est
680 3210 911 3280 Filius,
943 3219 1000 3271 et
1028 3210 1235 3272 virtus
1268 3218 1326 3270 et
1352 3210 1703 3289 sapientia:
1742 3209 2018 3289 Spiritus
2057 3217 2268 3273 autem
2312 3217 2572 3272 sanctus
2636 3217 2696 3271 et
2749 3210 3062 3282 veritatis,
3102 3218 3156 3271 et
3186 3210 3614 3289 fortitudinis,

360 3312 427 3363 et
479 3304 804 3383 sapientia:
838 3304 1123 3385 Spiritus
1174 3304 1252 3366 ab
1296 3303 1456 3366 Isaia
1488 3305 1719 3383 (capite
1773 3304 1840 3386 ιι)
1875 3306 2286 3369 describitur.
2322 3309 2397 3369 Et
2432 3307 2661 3369 aliter:
2699 3306 2853 3387 quia
2904 3324 3021 3385 per
3066 3307 3299 3369 Filium
3341 3309 3614 3370 homini-

356 3396 479 3459 bus
518 3396 750 3468 datur;
784 3409 1118 3478 propterea
1182 3397 1339 3462 Filii
1388 3398 1650 3462 dicitur.
1704 3400 1906 3462 Crede
1961 3402 2163 3481 igitur
2216 3412 2307 3478 tu,
2339 3406 2652 3485 Spiritum
2694 3426 2732 3466 a
2765 3406 2951 3466 Patre
2981 3404 3228 3485 quidem
3270 3406 3615 3484 proﬁcisci.

357 3512 481 3574 per
512 3493 745 3557 Filium
781 3505 988 3558 autem
1015 3496 1161 3558 dari
1195 3506 1524 3558 creatum.
1575 3497 1786 3576 Atque
1821 3495 1923 3559 hic
1979 3498 2062 3561 sit
2094 3500 2207 3563 tibi
2262 3518 2467 3564 canon
2512 3501 2887 3564 orthodoxa)
2915 3501 3286 3564 doctrinas.»

445 3593 654 3654 Locus
710 3591 868 3655 alter
886 3600 1092 3656 exstat
1145 3599 1221 3656 ad
1263 3592 1562 3672 ejusdem
1617 3593 1885 3654 Joannis
1914 3603 2102 3672 caput
2140 3616 2241 3672 xv,
2281 3615 2339 3659 v.
2380 3598 2461 3660 26
2502 3620 2517 3659 :
2556 3620 2585 3654 α
2613 3598 2807 3675 Quem
2867 3617 2976 3678 ego
3034 3600 3277 3662 mittam
3336 3600 3509 3661 vobis
3581 3622 3621 3660 a

359 3687 579 3751 Patre.
610 3692 746 3751 Jam
770 3690 941 3768 quod
971 3688 1151 3764 dicit,
1190 3707 1368 3770 quem
1395 3708 1503 3769 ego
1533 3689 1800 3758 mittam,
1822 3691 2250 3771 aequalitatem
2279 3713 2429 3776 erga
2450 3698 2700 3759 Patrem
2728 3695 3067 3775 signiﬁcat.
3108 3698 3431 3774 [XXXle
3465 3701 3618 3760 Nam

361 3786 494 3848 alio
527 3786 670 3849 loco
700 3787 778 3848 dc
811 3789 994 3849 Patre
1036 3786 1221 3860 dixit,
1261 3786 1437 3868 quod
1459 3788 1667 3849 mittat
1698 3787 2047 3867 Spiritum:
2080 3789 2198 3853 hoc
2233 3798 2448 3854 autem
2512 3791 2682 3864 loco,
2716 3792 2891 3872 quod
2936 3793 3070 3871 ipse
3099 3794 3355 3863 mittat;
3391 3794 3618 3873 utique

365 3899 526 3946 sane
586 3883 1021 3963 aequalitatem
1081 3883 1468 3962 signiﬁcant.
1510 3885 1588 3946 Ut
1625 3892 1839 3945 autem
1874 3901 1954 3946 ne
1989 3886 2282 3949 videatur
2330 3887 2643 3951 obluctari
2679 3887 2874 3961 Patri,
2934 3889 3118 3966 quasi
3154 3888 3234 3950 ab
3257 3889 3382 3951 alia
3458 3890 3616 3953 sub-

363 3979 597 4042 stantia
648 3980 852 4044 mittat
882 3975 1216 4059 Spiritdm,
1259 3979 1536 4055 addidit,
1574 4000 1614 4041 a
1642 3979 1858 4042 Patre.
1891 3982 2045 4042 Nam
2087 3991 2149 4044 et
2192 3982 2329 4061 ipse
2361 3981 2623 4062 quidem
2675 3983 2960 4044 mittam:
3002 3984 3114 4045 sed
3146 4003 3185 4044 a
3220 3985 3433 4058 Patre,
3503 3988 3622 4049 hoc

363 4085 488 4152 est,
523 4077 915 4157 approbante
952 4080 1130 4139 Patre
1178 4084 1244 4138 et
1275 4076 1468 4140 simul
1519 4078 1834 4140 mittente.
1892 4078 2031 4138 Non
2069 4077 2240 4139 enim
2275 4095 2354 4138 ex
2382 4078 2642 4156 preprio
2666 4079 2820 4140 sinu
2860 4079 2997 4157 ipse
3036 4079 3219 4157 prius
3252 4080 3467 4142 mitto:
3494 4082 3610 4144 sed

361 4192 397 4238 δ
424 4177 611 4238 Patre
646 4191 759 4255 per
792 4192 891 4237 me
921 4173 1389 4255 suppeditatur.
1421 4175 1577 4239 Cum
1608 4180 1821 4236 autem
1856 4172 2166 4247 audieris,
2196 4177 2370 4255 quod
2433 4184 2811 4256 ἐκπορεύεται,
2845 4174 3155 4255 procedit,
3183 4194 3264 4239 ne
3298 4177 3620 4254 intelligas

362 4282 679 4351 ἁποττολὴν
727 4282 827 4351 τὴν
863 4283 1212 4354 ἐκπόρευσιν,
1252 4273 1609 4335 missionem
1634 4288 1752 4351 per
1780 4289 1964 4350 prece

2014 4272 2269 4346 sionem,
2297 4274 2473 4353 quali
2513 4276 2900 4338 emittuntur
2940 4275 3390 4338 ministratorii
3420 4276 3616 4354 Spiri-

369 4379 522 4443 tus;
550 4369 664 4431 sed
693 4370 1004 4432 naturalis
1041 4369 1463 4433 subsistentia
1501 4366 1782 4446 Spiritus
1810 4376 1870 4427 et
1920 4372 2273 4444 processio.
2318 4396 2336 4430 ι

450 4465 706 4528 Latiore
758 4482 1081 4533 sermone.
1114 4482 1186 4527 ae
1217 4464 1414 4528 nimia
1448 4463 1835 4542 prteﬁdentia
1877 4463 2039 4526 hanc
2083 4468 2281 4545 agitat
2313 4469 2826 4532 controversiam
2860 4468 2924 4530 in
2955 4486 3125 4547 smpe
3161 4468 3412 4532 laudata
3484 4468 3622 4546 epi-

365 4562 530 4624 stola
555 4560 638 4622 ad
666 4562 993 4643 Nicolaum
1023 4560 1357 4623 diaconum
1395 4569 1453 4621 et
1484 4560 1918 4621 canstrisium.
1969 4563 2175 4638 Quam
2208 4564 2534 4628 infensum
2571 4573 2748 4647 gerat
2810 4564 3125 4640 animum,
3158 4565 3372 4628 statim
3408 4566 3621 4645 prodit

365 4660 496 4721 sub
522 4659 810 4725 initium.
864 4668 1054 4723 Ἔστιν
1075 4661 1174 4723 οὖν
1204 4667 1267 4720 τὸ
1329 4666 1593 4736 μέγιστον
1645 4665 1824 4718 ἐκεῖνο
1850 4665 2097 4740 σφάλμα,
2132 4672 2223 4724 καὶ
2269 4670 2427 4726 τοῦτο
2452 4672 2517 4743 δὴ
2551 4672 2611 4725 τὸ
2647 4669 2741 4725 τοῦ
2775 4670 3145 4741 Σολομῶντος,
3185 4670 3315 4742 ᾅδου
3342 4669 3621 4743 πεταύρου

369 4765 561 4820 ποιοῦν
593 4766 883 4839 συναντᾷν,
914 4765 948 4834 ἢ
979 4764 1039 4819 ὲν
1066 4744 1144 4836 τῷ
1164 4764 1267 4836 τῆς
1302 4763 1541 4829 πίστεως
1567 4761 1831 4833 Συμϐόλῳ
1854 4765 2199 4836 καινοτομία,
2234 4767 2301 4837 ἢν
2335 4767 2686 4838 ἐποιήσαντο,
2712 4776 2721 4783 ’
2743 4768 3225 4841 ἀνάκηρύττοντες
3274 4766 3339 4821 τὸ
3394 4765 3619 4835 Πνεῦμα

365 4865 435 4918 ἐκ
459 4860 553 4917 τοῦ
584 4863 799 4934 Πατρδς
848 4862 941 4917 καὶ
992 4864 1057 4917 ὲκ
1075 4860 1172 4915 τοῦ
1211 4862 1343 4916 Υἳοῦ
1380 4861 1802 4934 ικπορεύεσθαι.
1856 4876 1885 4909 α
1922 4853 1967 4915 Μ

2020 4855 2245 4918 ximus
2278 4855 2478 4936 igitur
2508 4857 2618 4919 ille
2687 4875 2888 4930 error,
2952 4852 3199 4939 quique
3227 4854 3411 4932 juxta
3447 4854 3622 4916 Salo-

369 4950 584 5018 monis
617 4944 881 5025 dictum,
913 4951 981 5014 in
1005 4948 1241 5013 inferni
1283 4953 1589 5030 laqueum
1625 4948 1958 5013 incu‘rrere
1991 4950 2162 5022 facit,
2205 4961 2303 5016 est
2353 4953 2683 5014 innovatio
2731 4970 2920 5032 quam
2955 4953 3018 5014 in
3056 4949 3432 5030 Symbolum
3468 4950 3617 5012 tidei

369 5046 795 5120 induxerunt,
819 5046 1253 5121 enuntiantes,
1289 5046 1594 5125 Spiritum
1643 5055 1931 5108 sanctum
1991 5064 2066 5109 ex
2135 5053 2317 5111 Patre
2383 5055 2443 5111 et
2475 5066 2549 5111 ex
2610 5048 2779 5111 Filio
2821 5048 3170 5127 procedere
3195 5093 3210 5108 .
3250 5093 3265 5108 .
3301 5092 3317 5110 .
3344 5054 3520 5110 Τοῦτο
3545 5056 3621 5126 μὴ

365 5152 708 5225 διορθώσεως
724 5153 1043 5226 ἀξιούμενον
1069 5151 1369 5227 συγχωρῶν
1387 5154 1802 5229 ἀσυγχώρητος,
1823 5152 1958 5212 Hoc

2014 5147 2106 5225 [ui
2123 5163 2249 5208 non
2281 5146 2548 5226 dignum
2565 5145 2963 5209 correctione
2985 5142 3402 5216 concesserit,
3432 5144 3616 5207 venia

370 5241 708 5321 indignus.
731 5264 761 5298 υ
1953 5298 1968 5311 .

456 5336 637 5399 Docti
664 5343 727 5399 et
774 5338 1008 5401 eruditi
1050 5339 1395 5418 ceteroqui
1452 5340 1925 5423 archiepiSCOpi
1987 5342 2118 5405 hac
2178 5340 2445 5402 minime
2483 5347 2542 5400 te
2598 5341 2931 5398 morentur
2985 5336 3175 5399 dicta.
3239 5359 3269 5392 α
3303 5339 3618 5416 Tempore

377 5448 660 5512 namque
690 5432 1058 5496 schismatis
1089 5433 1390 5496 inclaruit
1450 5436 1589 5515 ipse
1646 5435 1843 5519 (quod
1882 5437 2149 5501 Michael
2191 5436 2567 5501 Cerularius
2604 5430 3098 5521 instauraverat)
3154 5434 3444 5510 adeoque
3486 5450 3614 5495 non

375 5529 571 5592 multa
602 5530 1122 5594 consideratione
1181 5531 1378 5609 digna
1407 5530 1713 5597 videntur
1743 5535 1906 5598 dicta
1942 5536 2086 5615 ejus
2122 5532 2579 5597 existimanda.
2608 5554 2640 5588 »
2672 5530 2775 5593 Sic
2812 5529 2967 5591 olim
3014 5527 3315 5590 censebat
3337 5529 3617 5590 Joannes

378 5625 621 5693 Beccus
680 5625 748 5687 in
779 5642 977 5705 opere
1018 5635 1235 5690 contra
1297 5628 1607 5692 Camateri
1659 5631 2170 5705 observationes,
2232 5631 2344 5694 ubi
2406 5629 2707 5708 superior
2754 5625 3121 5689 adducitur
3153 5623 3615 5702 TheOpbylacti

374 5718 555 5783 locus
603 5722 679 5785 ad
713 5730 1004 5802 caputxv
1037 5723 1324 5797 Joannis,
1361 5731 1536 5789 tomo
1571 5728 1626 5788 ll
1677 5727 1848 5805 apud
1889 5727 2198 5790 Attalium
2262 5726 2333 5788 in
2361 5726 2606 5788 Graecia
2650 5720 3005 5786 orthodoxa
3038 5736 3177 5800 pag.
3213 5719 3352 5782 519.
3410 5725 3615 5795 Argu-

382 5827 594 5885 menta
626 5837 772 5902 quae
829 5819 1069 5913 profert
1124 5837 1352 5887 novam
1386 5823 1464 5886 ad
1511 5823 1812 5888 incudem
1852 5824 2144 5905 redigere
2211 5823 2488 5904 pretium
2528 5839 2738 5903 operte
2775 5817 2997 5894 fuerit,
3029 5816 3355 5896 appositas
3421 5814 3617 5877 etiam
