  <div class='ocr_page' id='page_1' title='image "/cluster/home/n/w/nwhite01/storage/ocr_20150623/123/hvd.32044019208198/049.png"; bbox 0 0 3984 6600; ppageno 0'>
   <div class='ocr_carea' id='block_1_1' title="bbox 414 354 3661 424">
    <p class='ocr_par' dir='ltr' id='par_1_1' title="bbox 414 354 3661 424">
     <span class='ocr_line' id='line_1_1' title="bbox 414 354 3661 424; baseline 0.001 -3"><span class='ocrx_word' id='word_1_1' title='bbox 414 356 494 421; x_wconf 74' lang='lat'><strong><em>83</em></strong></span> <span class='ocrx_word' id='word_1_2' title='bbox 1265 354 1495 422; x_wconf 80' lang='lat' dir='ltr'><strong>BERN.</strong></span> <span class='ocrx_word' id='word_1_3' title='bbox 1534 363 1801 423; x_wconf 73' lang='lat' dir='ltr'><strong><em>MARUE</em></strong></span> <span class='ocrx_word' id='word_1_4' title='bbox 1842 364 1938 423; x_wconf 86' lang='lat' dir='ltr'>DE</span> <span class='ocrx_word' id='word_1_5' title='bbox 1979 362 2264 424; x_wconf 86' lang='lat' dir='ltr'><strong><em>RUBEIS</em></strong></span> <span class='ocrx_word' id='word_1_6' title='bbox 2302 358 2806 424; x_wconf 82' lang='lat' dir='ltr'><strong><em>DISSERTATIO</em></strong></span> <span class='ocrx_word' id='word_1_7' title='bbox 3590 358 3661 423; x_wconf 73' lang='grc'><strong><em>84</em></strong></span> 
     </span>
    </p>
   </div>
   <div class='ocr_carea' id='block_1_2' title="bbox 422 460 3662 547">
    <p class='ocr_par' dir='ltr' id='par_1_2' title="bbox 422 460 3662 547">
     <span class='ocr_line' id='line_1_2' title="bbox 422 460 3662 547; baseline -0.001 -18"><span class='ocrx_word' id='word_1_8' title='bbox 422 460 604 530; x_wconf 83' lang='lat' dir='ltr'><strong><em>Becci</em></strong></span> <span class='ocrx_word' id='word_1_9' title='bbox 637 465 1050 528; x_wconf 87' lang='lat' dir='ltr'><strong><em>refutationes</em></strong></span> <span class='ocrx_word' id='word_1_10' title='bbox 1104 465 1435 540; x_wconf 86' lang='lat' dir='ltr'><strong><em>adhibere,</em></strong></span> <span class='ocrx_word' id='word_1_11' title='bbox 1478 486 1622 547; x_wconf 65' lang='lat' dir='ltr'><strong><em>quas</em></strong></span> <span class='ocrx_word' id='word_1_12' title='bbox 1662 469 1973 531; x_wconf 76' lang='lat' dir='ltr'><strong><em>habentur</em></strong></span> <span class='ocrx_word' id='word_1_13' title='bbox 2028 469 2091 530; x_wconf 90' lang='lat' dir='ltr'><strong><em>in</em></strong></span> <span class='ocrx_word' id='word_1_14' title='bbox 2132 470 2419 530; x_wconf 89' lang='lat' dir='ltr'><strong><em>oratione</em></strong></span> <span class='ocrx_word' id='word_1_15' title='bbox 2463 470 2549 529; x_wconf 91' lang='lat' dir='ltr'><strong><em>De</em></strong></span> <span class='ocrx_word' id='word_1_16' title='bbox 2590 469 2819 529; x_wconf 82' lang='lat' dir='ltr'><strong><em>unione</em></strong></span> <span class='ocrx_word' id='word_1_17' title='bbox 2870 465 3299 527; x_wconf 85' lang='lat' dir='ltr'><strong><em>Ecclesiarum</em></strong></span> <span class='ocrx_word' id='word_1_18' title='bbox 3331 465 3497 540; x_wconf 86' lang='lat' dir='ltr'><strong><em>apud</em></strong></span> <span class='ocrx_word' id='word_1_19' title='bbox 3547 468 3662 527; x_wconf 83' lang='lat' dir='ltr'><strong><em>Al-</em></strong></span> 
     </span>
    </p>
   </div>
   <div class='ocr_carea' id='block_1_3' title="bbox 430 558 3659 645">
    <p class='ocr_par' dir='ltr' id='par_1_3' title="bbox 430 558 3659 645">
     <span class='ocr_line' id='line_1_3' title="bbox 430 558 3659 645; baseline 0 -20"><span class='ocrx_word' id='word_1_20' title='bbox 430 565 654 627; x_wconf 86' lang='lat' dir='ltr'><strong><em>lalium</em></strong></span> <span class='ocrx_word' id='word_1_21' title='bbox 728 569 900 625; x_wconf 90' lang='lat' dir='ltr'><strong><em>tomo</em></strong></span> <span class='ocrx_word' id='word_1_22' title='bbox 964 564 1014 638; x_wconf 89' lang='grc' dir='ltr'><strong><em>Ι,</em></strong></span> <span class='ocrx_word' id='word_1_23' title='bbox 1094 580 1239 644; x_wconf 77' lang='lat' dir='ltr'><strong><em>pag.</em></strong></span> <span class='ocrx_word' id='word_1_24' title='bbox 1304 564 1446 633; x_wconf 78' lang='lat'><strong><em>215,</em></strong></span> <span class='ocrx_word' id='word_1_25' title='bbox 1522 568 1909 645; x_wconf 87' lang='lat' dir='ltr'><strong><em>easdemque</em></strong></span> <span class='ocrx_word' id='word_1_26' title='bbox 1968 582 2081 643; x_wconf 88' lang='lat' dir='ltr'><strong><em>pro</em></strong></span> <span class='ocrx_word' id='word_1_27' title='bbox 2143 567 2314 626; x_wconf 88' lang='lat' dir='ltr'><strong>virili</strong></span> <span class='ocrx_word' id='word_1_28' title='bbox 2373 558 3050 627; x_wconf 74' lang='lat' dir='ltr'><strong><em>animadverSionibus</em></strong></span> <span class='ocrx_word' id='word_1_29' title='bbox 3129 559 3370 623; x_wconf 81' lang='lat' dir='ltr'><strong><em>nostris</em></strong></span> <span class='ocrx_word' id='word_1_30' title='bbox 3430 563 3659 626; x_wconf 83' lang='lat' dir='ltr'><strong><em>conﬁr-</em></strong></span> 
     </span>
    </p>
   </div>
   <div class='ocr_carea' id='block_1_4' title="bbox 425 679 618 722">
    <p class='ocr_par' dir='ltr' id='par_1_4' title="bbox 425 679 618 722">
     <span class='ocr_line' id='line_1_4' title="bbox 425 679 618 722; baseline 0 0"><span class='ocrx_word' id='word_1_31' title='bbox 425 679 618 722; x_wconf 88' lang='lat' dir='ltr'><strong><em>mare.</em></strong></span> 
     </span>
    </p>
   </div>
   <div class='ocr_carea' id='block_1_5' title="bbox 498 754 3659 837">
    <p class='ocr_par' dir='ltr' id='par_1_5' title="bbox 498 754 3659 837">
     <span class='ocr_line' id='line_1_5' title="bbox 498 754 3659 837; baseline -0.002 -20"><span class='ocrx_word' id='word_1_32' title='bbox 498 758 598 817; x_wconf 79' lang='lat'><strong><em>&#39;75.</em></strong></span> <span class='ocrx_word' id='word_1_33' title='bbox 622 756 1184 834; x_wconf 83' lang='lat' dir='ltr'><strong><em>(1)Argumentum</em></strong></span> <span class='ocrx_word' id='word_1_34' title='bbox 1212 758 1729 837; x_wconf 75' lang='lat' dir='ltr'><strong><em>primnmrle&#39;sus</em></strong></span> <span class='ocrx_word' id='word_1_35' title='bbox 1763 758 2052 820; x_wconf 78' lang='lat' dir='ltr'><strong><em>Christus</em></strong></span> <span class='ocrx_word' id='word_1_36' title='bbox 2084 754 2262 818; x_wconf 85' lang='lat' dir='ltr'><strong><em>docet</em></strong></span> <span class='ocrx_word' id='word_1_37' title='bbox 2294 756 2366 818; x_wconf 89' lang='lat' dir='ltr'><strong><em>de</em></strong></span> <span class='ocrx_word' id='word_1_38' title='bbox 2399 766 2661 836; x_wconf 87' lang='lat' dir='ltr'><strong><em>cognato</em></strong></span> <span class='ocrx_word' id='word_1_39' title='bbox 2686 758 2810 821; x_wconf 84' lang='lat' dir='ltr'><strong><em>sibi</em></strong></span> <span class='ocrx_word' id='word_1_40' title='bbox 2838 755 3114 836; x_wconf 79' lang='lat' dir='ltr'><strong><em>Spiritu,</em></strong></span> <span class='ocrx_word' id='word_1_41' title='bbox 3142 771 3219 813; x_wconf 79' lang='lat' dir='ltr'><strong><em>ea:</em></strong></span> <span class='ocrx_word' id='word_1_42' title='bbox 3247 768 3391 830; x_wconf 87' lang='lat' dir='ltr'><strong><em>quo,</em></strong></span> <span class='ocrx_word' id='word_1_43' title='bbox 3431 760 3491 812; x_wconf 87' lang='lat' dir='ltr'><strong><em>et</em></strong></span> <span class='ocrx_word' id='word_1_44' title='bbox 3513 770 3659 832; x_wconf 85' lang='lat' dir='ltr'><strong><em>quo-</em></strong></span> 
     </span>
    </p>
   </div>
   <div class='ocr_carea' id='block_1_6' title="bbox 419 845 3668 935">
    <p class='ocr_par' dir='ltr' id='par_1_6' title="bbox 419 845 3668 935">
     <span class='ocr_line' id='line_1_6' title="bbox 419 845 3668 935; baseline -0.002 -22"><span class='ocrx_word' id='word_1_45' title='bbox 419 849 601 913; x_wconf 86' lang='lat' dir='ltr'><strong><em>modo</em></strong></span> <span class='ocrx_word' id='word_1_46' title='bbox 639 870 768 911; x_wconf 89' lang='lat' dir='ltr'><strong><em>esse</em></strong></span> <span class='ocrx_word' id='word_1_47' title='bbox 797 852 1054 913; x_wconf 83' lang='lat' dir='ltr'><strong><em>habeat:</em></strong></span> <span class='ocrx_word' id='word_1_48' title='bbox 1089 862 1147 914; x_wconf 89' lang='lat' dir='ltr'><strong><em>et</em></strong></span> <span class='ocrx_word' id='word_1_49' title='bbox 1180 855 1296 928; x_wconf 86' lang='lat' dir='ltr'><strong><em>ait,</em></strong></span> <span class='ocrx_word' id='word_1_50' title='bbox 1321 852 1490 935; x_wconf 73' lang='lat' dir='ltr'><strong><em>qu‘od</em></strong></span> <span class='ocrx_word' id='word_1_51' title='bbox 1508 853 1802 931; x_wconf 86' lang='lat' dir='ltr'><strong><em>procedit</em></strong></span> <span class='ocrx_word' id='word_1_52' title='bbox 1826 874 1865 914; x_wconf 92' lang='lat' dir='ltr'><strong><em>a</em></strong></span> <span class='ocrx_word' id='word_1_53' title='bbox 1892 854 2107 916; x_wconf 85' lang='lat' dir='ltr'><strong><em>Patre.</em></strong></span> <span class='ocrx_word' id='word_1_54' title='bbox 2141 853 2213 915; x_wconf 84' lang='lat' dir='ltr'><strong><em>Si</em></strong></span> <span class='ocrx_word' id='word_1_55' title='bbox 2245 853 2429 914; x_wconf 90' lang='lat' dir='ltr'><strong><em>etiam</em></strong></span> <span class='ocrx_word' id='word_1_56' title='bbox 2457 872 2495 912; x_wconf 90' lang='lat' dir='ltr'><strong><em>a</em></strong></span> <span class='ocrx_word' id='word_1_57' title='bbox 2524 854 2692 916; x_wconf 80' lang='lat' dir='ltr'><strong><em>Filio</em></strong></span> <span class='ocrx_word' id='word_1_58' title='bbox 2719 851 3037 933; x_wconf 80' lang='lat' dir='ltr'><strong><em>procedit,</em></strong></span> <span class='ocrx_word' id='word_1_59' title='bbox 3070 846 3223 929; x_wconf 85' lang='lat' dir='ltr'><strong><em>quid</em></strong></span> <span class='ocrx_word' id='word_1_60' title='bbox 3246 845 3497 908; x_wconf 84' lang='lat' dir='ltr'><strong><em>vetabat</em></strong></span> <span class='ocrx_word' id='word_1_61' title='bbox 3527 867 3668 909; x_wconf 88' lang='lat' dir='ltr'><strong><em>eum</em></strong></span> 
     </span>
    </p>
   </div>
   <div class='ocr_carea' id='block_1_7' title="bbox 418 947 3666 1029">
    <p class='ocr_par' dir='ltr' id='par_1_7' title="bbox 418 947 3666 1029">
     <span class='ocr_line' id='line_1_7' title="bbox 418 947 3666 1029; baseline 0 -22"><span class='ocrx_word' id='word_1_62' title='bbox 418 947 645 1021; x_wconf 77' lang='lat' dir='ltr'><strong><em>dicere,</em></strong></span> <span class='ocrx_word' id='word_1_63' title='bbox 670 950 827 1028; x_wconf 85' lang='lat' dir='ltr'><strong><em>quia</em></strong></span> <span class='ocrx_word' id='word_1_64' title='bbox 848 949 1035 1010; x_wconf 82' lang='lat' dir='ltr'><strong><em>Patre</em></strong></span> <span class='ocrx_word' id='word_1_65' title='bbox 1050 958 1103 1008; x_wconf 90' lang='lat' dir='ltr'><strong><em>et</em></strong></span> <span class='ocrx_word' id='word_1_66' title='bbox 1118 949 1559 1029; x_wconf 85' lang='lat' dir='ltr'><strong><em>ameprocedit</em></strong></span> <span class='ocrx_word' id='word_1_67' title='bbox 1575 952 1603 1010; x_wconf 82' lang='lat'><strong><em>?</em></strong></span> <span class='ocrx_word' id='word_1_68' title='bbox 1620 951 1918 1012; x_wconf 84' lang='lat' dir='ltr'><strong><em>Hincsibi</em></strong></span> <span class='ocrx_word' id='word_1_69' title='bbox 1940 951 2196 1012; x_wconf 90' lang='lat' dir='ltr'><strong><em>videtur</em></strong></span> <span class='ocrx_word' id='word_1_70' title='bbox 2214 948 2532 1027; x_wconf 85' lang='lat' dir='ltr'><strong><em>colligend</em></strong></span> <span class='ocrx_word' id='word_1_71' title='bbox 2546 967 2649 1011; x_wconf 91' lang='lat' dir='ltr'><strong><em>um</em></strong></span> <span class='ocrx_word' id='word_1_72' title='bbox 2670 973 2684 1012; x_wconf 88' lang='lat'><strong>:</strong></span> <span class='ocrx_word' id='word_1_73' title='bbox 2708 948 3045 1029; x_wconf 85' lang='lat' dir='ltr'><strong><em>procedere</em></strong></span> <span class='ocrx_word' id='word_1_74' title='bbox 3062 947 3375 1025; x_wconf 84' lang='lat' dir='ltr'><strong><em>Spiritum</em></strong></span> <span class='ocrx_word' id='word_1_75' title='bbox 3398 957 3462 1009; x_wconf 83' lang='grc' dir='ltr'><strong><em>ὲκ</em></strong></span> <span class='ocrx_word' id='word_1_76' title='bbox 3503 952 3666 1024; x_wconf 86' lang='grc' dir='ltr'>μόνου</span> 
     </span>
    </p>
   </div>
   <div class='ocr_carea' id='block_1_8' title="bbox 300 1042 3655 1115">
    <p class='ocr_par' dir='ltr' id='par_1_8' title="bbox 300 1042 3655 1115">
     <span class='ocr_line' id='line_1_8' title="bbox 300 1042 3655 1115; baseline -0.002 -6"><span class='ocrx_word' id='word_1_77' title='bbox 300 1106 301 1109; x_wconf 44' lang='grc' dir='ltr'><strong>η</strong></span> <span class='ocrx_word' id='word_1_78' title='bbox 415 1044 511 1098; x_wconf 77' lang='grc' dir='ltr'><strong><em>τοῦ</em></strong></span> <span class='ocrx_word' id='word_1_79' title='bbox 541 1046 775 1115; x_wconf 80' lang='grc' dir='ltr'><strong><em>Πατρὸς.</em></strong></span> <span class='ocrx_word' id='word_1_80' title='bbox 799 1064 877 1106; x_wconf 74' lang='lat' dir='ltr'><strong><em>ex</em></strong></span> <span class='ocrx_word' id='word_1_81' title='bbox 908 1045 1041 1106; x_wconf 87' lang='lat' dir='ltr'><strong><em>solo</em></strong></span> <span class='ocrx_word' id='word_1_82' title='bbox 1071 1047 1280 1107; x_wconf 84' lang='lat' dir='ltr'><strong><em>Patre.</em></strong></span> <span class='ocrx_word' id='word_1_83' title='bbox 1317 1046 1496 1106; x_wconf 90' lang='lat' dir='ltr'><strong><em>Becci</em></strong></span> <span class='ocrx_word' id='word_1_84' title='bbox 1531 1046 1669 1108; x_wconf 94' lang='lat' dir='ltr'><strong><em>loco</em></strong></span> <span class='ocrx_word' id='word_1_85' title='bbox 1701 1046 1886 1108; x_wconf 89' lang='lat' dir='ltr'><strong><em>citato</em></strong></span> <span class='ocrx_word' id='word_1_86' title='bbox 1917 1046 2211 1108; x_wconf 83' lang='lat' dir='ltr'><strong><em>refutatio</em></strong></span> <span class='ocrx_word' id='word_1_87' title='bbox 2230 1052 2325 1106; x_wconf 92' lang='lat' dir='ltr'><strong><em>est</em></strong></span> <span class='ocrx_word' id='word_1_88' title='bbox 2364 1047 2671 1107; x_wconf 86' lang='lat' dir='ltr'><strong><em>num.69:</em></strong></span> <span class='ocrx_word' id='word_1_89' title='bbox 2703 1067 2731 1103; x_wconf 82' lang='grc'><strong><em>‹‹</em></strong></span> <span class='ocrx_word' id='word_1_90' title='bbox 2772 1046 2910 1107; x_wconf 91' lang='lat' dir='ltr'><strong><em>Non</em></strong></span> <span class='ocrx_word' id='word_1_91' title='bbox 2942 1044 3062 1106; x_wconf 89' lang='lat' dir='ltr'><strong><em>alia</em></strong></span> <span class='ocrx_word' id='word_1_92' title='bbox 3085 1046 3328 1107; x_wconf 80' lang='lat' dir='ltr'><strong><em>ratione</em></strong></span> <span class='ocrx_word' id='word_1_93' title='bbox 3362 1042 3655 1113; x_wconf 89' lang='lat' dir='ltr'><strong><em>Latinus,</em></strong></span> 
     </span>
    </p>
   </div>
   <div class='ocr_carea' id='block_1_9' title="bbox 417 1135 3672 1220">
    <p class='ocr_par' dir='ltr' id='par_1_9' title="bbox 417 1135 3672 1220">
     <span class='ocr_line' id='line_1_9' title="bbox 417 1135 3672 1220; baseline -0.001 -19"><span class='ocrx_word' id='word_1_94' title='bbox 417 1140 627 1204; x_wconf 76' lang='lat' dir='ltr'><strong><em>eidem</em></strong></span> <span class='ocrx_word' id='word_1_95' title='bbox 663 1144 940 1206; x_wconf 85' lang='lat' dir='ltr'><strong><em>reddens</em></strong></span> <span class='ocrx_word' id='word_1_96' title='bbox 973 1141 1165 1202; x_wconf 88' lang='lat' dir='ltr'><strong><em>verba</em></strong></span> <span class='ocrx_word' id='word_1_97' title='bbox 1203 1158 1342 1213; x_wconf 90' lang='lat' dir='ltr'><strong><em>sua,</em></strong></span> <span class='ocrx_word' id='word_1_98' title='bbox 1367 1141 1569 1202; x_wconf 81' lang='lat' dir='ltr'><strong><em>dicet:</em></strong></span> <span class='ocrx_word' id='word_1_99' title='bbox 1604 1141 1666 1201; x_wconf 89' lang='lat' dir='ltr'><strong>Si</strong></span> <span class='ocrx_word' id='word_1_100' title='bbox 1705 1160 1783 1201; x_wconf 75' lang='lat' dir='ltr'><strong><em>ex</em></strong></span> <span class='ocrx_word' id='word_1_101' title='bbox 1813 1143 1945 1203; x_wconf 84' lang='lat' dir='ltr'><strong><em>solo</em></strong></span> <span class='ocrx_word' id='word_1_102' title='bbox 1977 1139 2167 1202; x_wconf 88' lang='lat' dir='ltr'><strong><em>Patre</em></strong></span> <span class='ocrx_word' id='word_1_103' title='bbox 2188 1140 2477 1220; x_wconf 83' lang='lat' dir='ltr'><strong><em>procedit</em></strong></span> <span class='ocrx_word' id='word_1_104' title='bbox 2500 1140 2802 1219; x_wconf 81' lang='lat' dir='ltr'><strong><em>Spiritus,</em></strong></span> <span class='ocrx_word' id='word_1_105' title='bbox 2842 1140 3001 1217; x_wconf 90' lang='lat' dir='ltr'><strong><em>quid</em></strong></span> <span class='ocrx_word' id='word_1_106' title='bbox 3044 1140 3511 1219; x_wconf 90' lang='lat' dir='ltr'><strong><em>impedimento</em></strong></span> <span class='ocrx_word' id='word_1_107' title='bbox 3545 1135 3672 1199; x_wconf 80' lang='lat' dir='ltr'><strong><em>fuit</em></strong></span> 
     </span>
    </p>
   </div>
   <div class='ocr_carea' id='block_1_10' title="bbox 418 1230 3666 1318">
    <p class='ocr_par' dir='ltr' id='par_1_10' title="bbox 418 1230 3666 1318">
     <span class='ocr_line' id='line_1_10' title="bbox 418 1230 3666 1318; baseline -0.001 -19"><span class='ocrx_word' id='word_1_108' title='bbox 418 1230 670 1302; x_wconf 86' lang='lat' dir='ltr'><strong><em>Christo</em></strong></span> <span class='ocrx_word' id='word_1_109' title='bbox 734 1258 814 1302; x_wconf 92' lang='lat' dir='ltr'><strong><em>ne</em></strong></span> <span class='ocrx_word' id='word_1_110' title='bbox 859 1239 1122 1312; x_wconf 87' lang='lat' dir='ltr'><strong><em>diceret,</em></strong></span> <span class='ocrx_word' id='word_1_111' title='bbox 1156 1236 1282 1313; x_wconf 91' lang='lat' dir='ltr'><strong><em>Qui</em></strong></span> <span class='ocrx_word' id='word_1_112' title='bbox 1312 1255 1391 1298; x_wconf 78' lang='lat' dir='ltr'><strong><em>ea:</em></strong></span> <span class='ocrx_word' id='word_1_113' title='bbox 1418 1238 1550 1298; x_wconf 87' lang='lat' dir='ltr'><strong><em>solo</em></strong></span> <span class='ocrx_word' id='word_1_114' title='bbox 1579 1237 1771 1299; x_wconf 89' lang='lat' dir='ltr'><strong><em>Patre</em></strong></span> <span class='ocrx_word' id='word_1_115' title='bbox 1825 1236 2156 1318; x_wconf 83' lang='lat' dir='ltr'><strong><em>procedit?</em></strong></span> <span class='ocrx_word' id='word_1_116' title='bbox 2182 1240 2253 1298; x_wconf 89' lang='lat' dir='ltr'><strong><em>Et</em></strong></span> <span class='ocrx_word' id='word_1_117' title='bbox 2285 1255 2429 1300; x_wconf 92' lang='lat' dir='ltr'><strong><em>eum</em></strong></span> <span class='ocrx_word' id='word_1_118' title='bbox 2474 1236 3048 1317; x_wconf 73' lang='lat' dir='ltr'><strong><em>(TheOphylaetusi</em></strong></span> <span class='ocrx_word' id='word_1_119' title='bbox 3085 1237 3429 1315; x_wconf 90' lang='lat' dir='ltr'><strong><em>exprobrat</em></strong></span> <span class='ocrx_word' id='word_1_120' title='bbox 3480 1233 3666 1306; x_wconf 86' lang='lat' dir='ltr'><strong><em>Italo,</em></strong></span> 
     </span>
    </p>
   </div>
   <div class='ocr_carea' id='block_1_11' title="bbox 419 1332 3666 1414">
    <p class='ocr_par' dir='ltr' id='par_1_11' title="bbox 419 1332 3666 1414">
     <span class='ocr_line' id='line_1_11' title="bbox 419 1332 3666 1414; baseline -0.001 -22"><span class='ocrx_word' id='word_1_121' title='bbox 419 1336 688 1414; x_wconf 89' lang='lat' dir='ltr'><strong><em>vestigia</em></strong></span> <span class='ocrx_word' id='word_1_122' title='bbox 728 1333 987 1407; x_wconf 87' lang='lat' dir='ltr'><strong><em>Christi,</em></strong></span> <span class='ocrx_word' id='word_1_123' title='bbox 1038 1350 1390 1412; x_wconf 84' lang='lat' dir='ltr'><strong><em>pauperum</em></strong></span> <span class='ocrx_word' id='word_1_124' title='bbox 1430 1333 1858 1411; x_wconf 63' lang='lat' dir='ltr'><strong><em>evangelista),</em></strong></span> <span class='ocrx_word' id='word_1_125' title='bbox 1903 1350 2031 1396; x_wconf 88' lang='lat' dir='ltr'><strong><em>non</em></strong></span> <span class='ocrx_word' id='word_1_126' title='bbox 2079 1338 2264 1413; x_wconf 86' lang='lat' dir='ltr'><strong><em>sequi</em></strong></span> <span class='ocrx_word' id='word_1_127' title='bbox 2301 1337 2475 1412; x_wconf 91' lang='lat' dir='ltr'><strong><em>quod</em></strong></span> <span class='ocrx_word' id='word_1_128' title='bbox 2508 1335 2922 1411; x_wconf 81' lang='lat' dir='ltr'><strong><em>superaddat,</em></strong></span> <span class='ocrx_word' id='word_1_129' title='bbox 2956 1342 3019 1396; x_wconf 89' lang='lat' dir='ltr'><strong><em>et</em></strong></span> <span class='ocrx_word' id='word_1_130' title='bbox 3052 1352 3134 1395; x_wconf 72' lang='lat' dir='ltr'><strong><em>ex</em></strong></span> <span class='ocrx_word' id='word_1_131' title='bbox 3176 1333 3378 1407; x_wconf 86' lang='lat' dir='ltr'><strong><em>Filio,</em></strong></span> <span class='ocrx_word' id='word_1_132' title='bbox 3424 1332 3666 1394; x_wconf 86' lang='lat' dir='ltr'><strong><em>iisdem</em></strong></span> 
     </span>
    </p>
   </div>
   <div class='ocr_carea' id='block_1_12' title="bbox 419 1428 2921 1510">
    <p class='ocr_par' dir='ltr' id='par_1_12' title="bbox 419 1428 2921 1510">
     <span class='ocr_line' id='line_1_12' title="bbox 419 1428 2921 1510; baseline -0.003 -17"><span class='ocrx_word' id='word_1_133' title='bbox 419 1440 479 1493; x_wconf 85' lang='lat' dir='ltr'><strong><em>et</em></strong></span> <span class='ocrx_word' id='word_1_134' title='bbox 505 1431 641 1507; x_wconf 88' lang='lat' dir='ltr'><strong><em>ipse</em></strong></span> <span class='ocrx_word' id='word_1_135' title='bbox 697 1428 1311 1509; x_wconf 89' lang='lat' dir='ltr'><strong><em>exprobrationibus</em></strong></span> <span class='ocrx_word' id='word_1_136' title='bbox 1370 1429 1695 1492; x_wconf 85' lang='lat' dir='ltr'><strong><em>obnoxius</em></strong></span> <span class='ocrx_word' id='word_1_137' title='bbox 1748 1431 1893 1504; x_wconf 90' lang='lat' dir='ltr'><strong><em>erit,</em></strong></span> <span class='ocrx_word' id='word_1_138' title='bbox 1927 1431 2103 1510; x_wconf 91' lang='lat' dir='ltr'><strong><em>quod</em></strong></span> <span class='ocrx_word' id='word_1_139' title='bbox 2136 1430 2547 1508; x_wconf 88' lang='lat' dir='ltr'><strong><em>snperaddat,</em></strong></span> <span class='ocrx_word' id='word_1_140' title='bbox 2583 1448 2662 1491; x_wconf 75' lang='lat' dir='ltr'><strong><em>ea:</em></strong></span> <span class='ocrx_word' id='word_1_141' title='bbox 2702 1429 2862 1492; x_wconf 85' lang='lat' dir='ltr'><strong><em>solo.</em></strong></span> <span class='ocrx_word' id='word_1_142' title='bbox 2893 1452 2921 1486; x_wconf 87' lang='grc'><strong><em>››</em></strong></span> 
     </span>
    </p>
   </div>
   <div class='ocr_carea' id='block_1_13' title="bbox 498 1526 3660 1608">
    <p class='ocr_par' dir='ltr' id='par_1_13' title="bbox 498 1526 3660 1608">
     <span class='ocr_line' id='line_1_13' title="bbox 498 1526 3660 1608; baseline 0.001 -22"><span class='ocrx_word' id='word_1_143' title='bbox 498 1529 701 1589; x_wconf 88' lang='lat' dir='ltr'><strong><em>Tenet</em></strong></span> <span class='ocrx_word' id='word_1_144' title='bbox 745 1543 816 1588; x_wconf 90' lang='lat' dir='ltr'><strong><em>ac</em></strong></span> <span class='ocrx_word' id='word_1_145' title='bbox 846 1527 1029 1589; x_wconf 82' lang='lat' dir='ltr'><strong><em>docet</em></strong></span> <span class='ocrx_word' id='word_1_146' title='bbox 1066 1527 1346 1587; x_wconf 79' lang='lat' dir='ltr'><strong><em>Romana</em></strong></span> <span class='ocrx_word' id='word_1_147' title='bbox 1378 1534 1438 1587; x_wconf 90' lang='lat' dir='ltr'><strong><em>et</em></strong></span> <span class='ocrx_word' id='word_1_148' title='bbox 1474 1526 1691 1588; x_wconf 86' lang='lat' dir='ltr'><strong><em>Latina</em></strong></span> <span class='ocrx_word' id='word_1_149' title='bbox 1731 1528 2032 1601; x_wconf 80' lang='lat' dir='ltr'><strong><em>Ecclesia,</em></strong></span> <span class='ocrx_word' id='word_1_150' title='bbox 2063 1528 2371 1606; x_wconf 84' lang='lat' dir='ltr'><strong><em>Spiritum</em></strong></span> <span class='ocrx_word' id='word_1_151' title='bbox 2422 1536 2715 1589; x_wconf 88' lang='lat' dir='ltr'><strong><em>sanctum</em></strong></span> <span class='ocrx_word' id='word_1_152' title='bbox 2780 1545 2860 1590; x_wconf 87' lang='lat' dir='ltr'><strong><em>ex</em></strong></span> <span class='ocrx_word' id='word_1_153' title='bbox 2918 1533 3195 1608; x_wconf 89' lang='lat' dir='ltr'><strong><em>utroque</em></strong></span> <span class='ocrx_word' id='word_1_154' title='bbox 3252 1527 3603 1604; x_wconf 86' lang='lat' dir='ltr'><strong><em>procedere</em></strong></span> <span class='ocrx_word' id='word_1_155' title='bbox 3646 1546 3660 1589; x_wconf 89' lang='lat'>:</span> 
     </span>
    </p>
   </div>
   <div class='ocr_carea' id='block_1_14' title="bbox 418 1621 3662 1704">
    <p class='ocr_par' dir='ltr' id='par_1_14' title="bbox 418 1621 3662 1704">
     <span class='ocr_line' id='line_1_14' title="bbox 418 1621 3662 1704; baseline 0 -21"><span class='ocrx_word' id='word_1_156' title='bbox 418 1629 553 1683; x_wconf 91' lang='lat' dir='ltr'><strong><em>tum</em></strong></span> <span class='ocrx_word' id='word_1_157' title='bbox 601 1622 756 1702; x_wconf 88' lang='lat' dir='ltr'><strong><em>quia</em></strong></span> <span class='ocrx_word' id='word_1_158' title='bbox 809 1645 837 1679; x_wconf 79' lang='grc' dir='ltr'>α</span> <span class='ocrx_word' id='word_1_159' title='bbox 871 1621 1251 1701; x_wconf 84' lang='lat' dir='ltr'><strong><em>regulariter</em></strong></span> <span class='ocrx_word' id='word_1_160' title='bbox 1305 1622 1657 1685; x_wconf 87' lang='lat' dir='ltr'><strong><em>tenendum</em></strong></span> <span class='ocrx_word' id='word_1_161' title='bbox 1696 1630 1789 1684; x_wconf 90' lang='lat' dir='ltr'><strong><em>est</em></strong></span> <span class='ocrx_word' id='word_1_162' title='bbox 1820 1622 2059 1703; x_wconf 86' lang='lat' dir='ltr'><strong><em>(verbis</em></strong></span> <span class='ocrx_word' id='word_1_163' title='bbox 2099 1632 2243 1685; x_wconf 89' lang='lat' dir='ltr'><strong><em>utor</em></strong></span> <span class='ocrx_word' id='word_1_164' title='bbox 2280 1624 2481 1686; x_wconf 89' lang='lat' dir='ltr'><strong><em>sancti</em></strong></span> <span class='ocrx_word' id='word_1_165' title='bbox 2514 1623 2778 1685; x_wconf 65' lang='lat' dir='ltr'><strong><em>Thomas</em></strong></span> <span class='ocrx_word' id='word_1_166' title='bbox 2841 1640 2901 1703; x_wconf 87' lang='lat' dir='ltr'><strong><em>p.</em></strong></span> <span class='ocrx_word' id='word_1_167' title='bbox 2932 1641 2954 1684; x_wconf 82' lang='grc' dir='ltr'><strong>ι</strong></span> <span class='ocrx_word' id='word_1_168' title='bbox 2995 1642 3111 1704; x_wconf 87' lang='lat' dir='ltr'><strong><em>qu.</em></strong></span> <span class='ocrx_word' id='word_1_169' title='bbox 3156 1637 3374 1694; x_wconf 77' lang='lat' dir='ltr'><strong><em>xxxv1,</em></strong></span> <span class='ocrx_word' id='word_1_170' title='bbox 3407 1631 3525 1684; x_wconf 87' lang='lat' dir='ltr'><strong><em>art.</em></strong></span> <span class='ocrx_word' id='word_1_171' title='bbox 3560 1625 3662 1695; x_wconf 87' lang='grc'><strong><em>11,</em></strong></span> 
     </span>
    </p>
   </div>
   <div class='ocr_carea' id='block_1_15' title="bbox 417 1717 3662 1800">
    <p class='ocr_par' dir='ltr' id='par_1_15' title="bbox 417 1717 3662 1800">
     <span class='ocr_line' id='line_1_15' title="bbox 417 1717 3662 1800; baseline 0.001 -21"><span class='ocrx_word' id='word_1_172' title='bbox 417 1717 493 1780; x_wconf 87' lang='lat' dir='ltr'><strong><em>ad</em></strong></span> <span class='ocrx_word' id='word_1_173' title='bbox 530 1718 611 1796; x_wconf 89' lang='grc'><strong><em>1),</em></strong></span> <span class='ocrx_word' id='word_1_174' title='bbox 645 1718 711 1779; x_wconf 89' lang='lat' dir='ltr'><strong><em>in</em></strong></span> <span class='ocrx_word' id='word_1_175' title='bbox 737 1735 912 1779; x_wconf 89' lang='lat' dir='ltr'><strong><em>sacra</em></strong></span> <span class='ocrx_word' id='word_1_176' title='bbox 966 1718 1312 1793; x_wconf 87' lang='lat' dir='ltr'><strong><em>Scriptura,</em></strong></span> <span class='ocrx_word' id='word_1_177' title='bbox 1343 1717 1517 1797; x_wconf 87' lang='lat' dir='ltr'><strong><em>quod</em></strong></span> <span class='ocrx_word' id='word_1_178' title='bbox 1556 1717 1620 1779; x_wconf 90' lang='lat' dir='ltr'><strong><em>id</em></strong></span> <span class='ocrx_word' id='word_1_179' title='bbox 1653 1718 1825 1798; x_wconf 90' lang='lat' dir='ltr'><strong><em>quod</em></strong></span> <span class='ocrx_word' id='word_1_180' title='bbox 1863 1719 1942 1781; x_wconf 92' lang='lat' dir='ltr'><strong><em>de</em></strong></span> <span class='ocrx_word' id='word_1_181' title='bbox 1967 1723 2143 1783; x_wconf 87' lang='lat' dir='ltr'><strong><em>Patre</em></strong></span> <span class='ocrx_word' id='word_1_182' title='bbox 2179 1721 2432 1793; x_wconf 90' lang='lat' dir='ltr'><strong><em>dicitur,</em></strong></span> <span class='ocrx_word' id='word_1_183' title='bbox 2465 1722 2809 1799; x_wconf 91' lang='lat' dir='ltr'><strong><em>oportetde</em></strong></span> <span class='ocrx_word' id='word_1_184' title='bbox 2853 1721 3022 1783; x_wconf 90' lang='lat' dir='ltr'><strong><em>Filio</em></strong></span> <span class='ocrx_word' id='word_1_185' title='bbox 3061 1720 3365 1800; x_wconf 81' lang='lat' dir='ltr'><strong><em>intelligi,</em></strong></span> <span class='ocrx_word' id='word_1_186' title='bbox 3406 1721 3662 1785; x_wconf 85' lang='lat' dir='ltr'><strong><em>etiamsi</em></strong></span> 
     </span>
    </p>
   </div>
   <div class='ocr_carea' id='block_1_16' title="bbox 419 1808 3666 1897">
    <p class='ocr_par' dir='ltr' id='par_1_16' title="bbox 419 1808 3666 1897">
     <span class='ocr_line' id='line_1_16' title="bbox 419 1808 3666 1897; baseline 0.001 -26"><span class='ocrx_word' id='word_1_187' title='bbox 419 1810 616 1871; x_wconf 89' lang='lat' dir='ltr'><strong><em>dictio</em></strong></span> <span class='ocrx_word' id='word_1_188' title='bbox 667 1810 998 1871; x_wconf 83' lang='lat' dir='ltr'><strong><em>exclusiva</em></strong></span> <span class='ocrx_word' id='word_1_189' title='bbox 1045 1809 1339 1885; x_wconf 88' lang='lat' dir='ltr'><strong><em>addatur,</em></strong></span> <span class='ocrx_word' id='word_1_190' title='bbox 1393 1808 1523 1871; x_wconf 88' lang='lat' dir='ltr'><strong><em>nisi</em></strong></span> <span class='ocrx_word' id='word_1_191' title='bbox 1554 1810 1769 1872; x_wconf 90' lang='lat' dir='ltr'><strong><em>solum</em></strong></span> <span class='ocrx_word' id='word_1_192' title='bbox 1810 1810 1877 1872; x_wconf 92' lang='lat' dir='ltr'><strong><em>in</em></strong></span> <span class='ocrx_word' id='word_1_193' title='bbox 1924 1811 2057 1874; x_wconf 92' lang='lat' dir='ltr'><strong><em>illis</em></strong></span> <span class='ocrx_word' id='word_1_194' title='bbox 2128 1817 2196 1878; x_wconf 92' lang='lat' dir='ltr'><strong><em>in</em></strong></span> <span class='ocrx_word' id='word_1_195' title='bbox 2258 1817 2503 1897; x_wconf 87' lang='lat' dir='ltr'><strong><em>quibus</em></strong></span> <span class='ocrx_word' id='word_1_196' title='bbox 2566 1818 2749 1878; x_wconf 89' lang='lat' dir='ltr'><strong><em>Pater</em></strong></span> <span class='ocrx_word' id='word_1_197' title='bbox 2778 1825 2838 1879; x_wconf 91' lang='lat' dir='ltr'><strong><em>et</em></strong></span> <span class='ocrx_word' id='word_1_198' title='bbox 2876 1817 3087 1879; x_wconf 89' lang='lat' dir='ltr'><strong><em>Filius</em></strong></span> <span class='ocrx_word' id='word_1_199' title='bbox 3157 1816 3517 1882; x_wconf 86' lang='lat' dir='ltr'><strong><em>secundum</em></strong></span> <span class='ocrx_word' id='word_1_200' title='bbox 3553 1834 3666 1895; x_wconf 77' lang='grc' dir='ltr'><strong><em>ορ-</em></strong></span> 
     </span>
    </p>
   </div>
   <div class='ocr_carea' id='block_1_17' title="bbox 422 1904 3672 1986">
    <p class='ocr_par' dir='ltr' id='par_1_17' title="bbox 422 1904 3672 1986">
     <span class='ocr_line' id='line_1_17' title="bbox 422 1904 3672 1986; baseline 0.002 -21"><span class='ocrx_word' id='word_1_201' title='bbox 422 1906 660 1983; x_wconf 89' lang='lat' dir='ltr'><strong><em>positas</em></strong></span> <span class='ocrx_word' id='word_1_202' title='bbox 681 1904 1025 1968; x_wconf 83' lang='lat' dir='ltr'><strong><em>relationes</em></strong></span> <span class='ocrx_word' id='word_1_203' title='bbox 1046 1904 1557 1984; x_wconf 88' lang='lat' dir='ltr'><strong><em>distinguuntur.</em></strong></span> <span class='ocrx_word' id='word_1_204' title='bbox 1586 1908 1745 1969; x_wconf 87' lang='lat' dir='ltr'><strong><em>Cum</em></strong></span> <span class='ocrx_word' id='word_1_205' title='bbox 1781 1910 1956 1971; x_wconf 91' lang='lat' dir='ltr'><strong><em>enim</em></strong></span> <span class='ocrx_word' id='word_1_206' title='bbox 1981 1911 2298 1973; x_wconf 89' lang='lat' dir='ltr'><strong><em>Dominus</em></strong></span> <span class='ocrx_word' id='word_1_207' title='bbox 2335 1911 2614 1975; x_wconf 74' lang='lat' dir='ltr'><strong><em>Matthaei</em></strong></span> <span class='ocrx_word' id='word_1_208' title='bbox 2636 1931 2702 1975; x_wconf 86' lang='lat' dir='ltr'><strong><em>xl</em></strong></span> <span class='ocrx_word' id='word_1_209' title='bbox 2737 1912 2894 1975; x_wconf 89' lang='lat' dir='ltr'><strong><em>dicit</em></strong></span> <span class='ocrx_word' id='word_1_210' title='bbox 2923 1932 2937 1970; x_wconf 89' lang='lat'><strong>:</strong></span> <span class='ocrx_word' id='word_1_211' title='bbox 2978 1911 3167 1976; x_wconf 86' lang='lat' dir='ltr'><strong><em>Nemo</em></strong></span> <span class='ocrx_word' id='word_1_212' title='bbox 3208 1913 3384 1974; x_wconf 86' lang='lat' dir='ltr'><strong><em>novit</em></strong></span> <span class='ocrx_word' id='word_1_213' title='bbox 3406 1912 3672 1986; x_wconf 86' lang='lat' dir='ltr'><strong><em>Filium,</em></strong></span> 
     </span>
    </p>
   </div>
   <div class='ocr_carea' id='block_1_18' title="bbox 416 2001 3668 2090">
    <p class='ocr_par' dir='ltr' id='par_1_18' title="bbox 416 2001 3668 2090">
     <span class='ocr_line' id='line_1_18' title="bbox 416 2001 3668 2090; baseline 0.003 -29"><span class='ocrx_word' id='word_1_214' title='bbox 416 2002 543 2062; x_wconf 83' lang='lat' dir='ltr'><strong><em>nisi</em></strong></span> <span class='ocrx_word' id='word_1_215' title='bbox 571 2002 784 2076; x_wconf 88' lang='lat' dir='ltr'><strong><em>Pater,</em></strong></span> <span class='ocrx_word' id='word_1_216' title='bbox 832 2018 961 2065; x_wconf 90' lang='lat' dir='ltr'><strong><em>non</em></strong></span> <span class='ocrx_word' id='word_1_217' title='bbox 1013 2002 1408 2078; x_wconf 83' lang='lat' dir='ltr'><strong><em>excluditur,</em></strong></span> <span class='ocrx_word' id='word_1_218' title='bbox 1443 2003 1604 2083; x_wconf 90' lang='lat' dir='ltr'><strong><em>quin</em></strong></span> <span class='ocrx_word' id='word_1_219' title='bbox 1647 2001 1859 2067; x_wconf 89' lang='lat' dir='ltr'><strong><em>Filius</em></strong></span> <span class='ocrx_word' id='word_1_220' title='bbox 1894 2007 2181 2086; x_wconf 90' lang='lat' dir='ltr'><strong><em>seipsum</em></strong></span> <span class='ocrx_word' id='word_1_221' title='bbox 2236 2020 2601 2089; x_wconf 78' lang='lat' dir='ltr'><strong><em>COgnoscat.</em></strong></span> <span class='ocrx_word' id='word_1_222' title='bbox 2641 2010 2745 2073; x_wconf 81' lang='lat' dir='ltr'><strong><em>Sic.</em></strong></span> <span class='ocrx_word' id='word_1_223' title='bbox 2775 2009 2977 2090; x_wconf 84' lang='lat' dir='ltr'><strong><em>igitur</em></strong></span> <span class='ocrx_word' id='word_1_224' title='bbox 3008 2026 3153 2072; x_wconf 91' lang='lat' dir='ltr'><strong><em>cum</em></strong></span> <span class='ocrx_word' id='word_1_225' title='bbox 3195 2008 3456 2083; x_wconf 88' lang='lat' dir='ltr'><strong><em>dicitur,</em></strong></span> <span class='ocrx_word' id='word_1_226' title='bbox 3492 2011 3668 2088; x_wconf 79' lang='lat' dir='ltr'><strong><em>quod</em></strong></span> 
     </span>
    </p>
   </div>
   <div class='ocr_carea' id='block_1_19' title="bbox 419 2098 3669 2187">
    <p class='ocr_par' dir='ltr' id='par_1_19' title="bbox 419 2098 3669 2187">
     <span class='ocr_line' id='line_1_19' title="bbox 419 2098 3669 2187; baseline 0.003 -28"><span class='ocrx_word' id='word_1_227' title='bbox 419 2098 696 2176; x_wconf 82' lang='lat' dir='ltr'><strong><em>Spiritus</em></strong></span> <span class='ocrx_word' id='word_1_228' title='bbox 735 2105 991 2161; x_wconf 85' lang='lat' dir='ltr'><strong><em>sanctus</em></strong></span> <span class='ocrx_word' id='word_1_229' title='bbox 1032 2116 1064 2160; x_wconf 92' lang='lat' dir='ltr'><strong><em>a</em></strong></span> <span class='ocrx_word' id='word_1_230' title='bbox 1098 2102 1278 2162; x_wconf 88' lang='lat' dir='ltr'><strong><em>Patre</em></strong></span> <span class='ocrx_word' id='word_1_231' title='bbox 1312 2101 1635 2180; x_wconf 85' lang='lat' dir='ltr'><strong><em>procedit;</em></strong></span> <span class='ocrx_word' id='word_1_232' title='bbox 1696 2101 1947 2165; x_wconf 88' lang='lat' dir='ltr'><strong><em>etiamsi</em></strong></span> <span class='ocrx_word' id='word_1_233' title='bbox 2007 2105 2378 2181; x_wconf 85' lang='lat' dir='ltr'><strong><em>adderetur,</em></strong></span> <span class='ocrx_word' id='word_1_234' title='bbox 2418 2107 2609 2187; x_wconf 65' lang='lat' dir='ltr'><strong><em>vquod</em></strong></span> <span class='ocrx_word' id='word_1_235' title='bbox 2641 2124 2678 2170; x_wconf 88' lang='lat' dir='ltr'><strong><em>a</em></strong></span> <span class='ocrx_word' id='word_1_236' title='bbox 2726 2106 2867 2169; x_wconf 91' lang='lat' dir='ltr'><strong><em>solo</em></strong></span> <span class='ocrx_word' id='word_1_237' title='bbox 2928 2109 3108 2169; x_wconf 88' lang='lat' dir='ltr'><strong><em>Patre</em></strong></span> <span class='ocrx_word' id='word_1_238' title='bbox 3150 2106 3482 2186; x_wconf 89' lang='lat' dir='ltr'><strong><em>procedit,</em></strong></span> <span class='ocrx_word' id='word_1_239' title='bbox 3535 2121 3669 2168; x_wconf 89' lang='lat' dir='ltr'><strong><em>non</em></strong></span> 
     </span>
    </p>
   </div>
   <div class='ocr_carea' id='block_1_20' title="bbox 421 2194 3665 2283">
    <p class='ocr_par' dir='ltr' id='par_1_20' title="bbox 421 2194 3665 2283">
     <span class='ocr_line' id='line_1_20' title="bbox 421 2194 3665 2283; baseline 0.001 -28"><span class='ocrx_word' id='word_1_240' title='bbox 421 2194 792 2259; x_wconf 77' lang='lat' dir='ltr'><strong><em>excluditur</em></strong></span> <span class='ocrx_word' id='word_1_241' title='bbox 845 2196 996 2258; x_wconf 88' lang='lat' dir='ltr'><strong><em>inde</em></strong></span> <span class='ocrx_word' id='word_1_242' title='bbox 1056 2197 1284 2262; x_wconf 90' lang='lat' dir='ltr'><strong><em>Filius.</em></strong></span> <span class='ocrx_word' id='word_1_243' title='bbox 1349 2199 1514 2273; x_wconf 89' lang='lat' dir='ltr'><strong><em>Quia</em></strong></span> <span class='ocrx_word' id='word_1_244' title='bbox 1553 2207 1867 2277; x_wconf 91' lang='lat' dir='ltr'><strong><em>quantum</em></strong></span> <span class='ocrx_word' id='word_1_245' title='bbox 1908 2200 1985 2262; x_wconf 88' lang='lat' dir='ltr'><strong><em>ad</em></strong></span> <span class='ocrx_word' id='word_1_246' title='bbox 2017 2200 2163 2276; x_wconf 85' lang='lat' dir='ltr'><strong><em>hoc,</em></strong></span> <span class='ocrx_word' id='word_1_247' title='bbox 2204 2205 2375 2283; x_wconf 91' lang='lat' dir='ltr'><strong><em>quod</em></strong></span> <span class='ocrx_word' id='word_1_248' title='bbox 2414 2212 2510 2265; x_wconf 88' lang='lat' dir='ltr'><strong><em>est</em></strong></span> <span class='ocrx_word' id='word_1_249' title='bbox 2547 2221 2692 2266; x_wconf 91' lang='lat' dir='ltr'><strong><em>esse</em></strong></span> <span class='ocrx_word' id='word_1_250' title='bbox 2719 2202 3109 2283; x_wconf 90' lang='lat' dir='ltr'><strong><em>principium</em></strong></span> <span class='ocrx_word' id='word_1_251' title='bbox 3136 2201 3416 2281; x_wconf 88' lang='lat' dir='ltr'><strong><em>Spiritus</em></strong></span> <span class='ocrx_word' id='word_1_252' title='bbox 3453 2201 3665 2262; x_wconf 85' lang='lat' dir='ltr'><strong><em>sancti</em></strong></span> 
     </span>
    </p>
   </div>
   <div class='ocr_carea' id='block_1_21' title="bbox 426 2294 3672 2379">
    <p class='ocr_par' dir='ltr' id='par_1_21' title="bbox 426 2294 3672 2379">
     <span class='ocr_line' id='line_1_21' title="bbox 426 2294 3672 2379; baseline 0.002 -26"><span class='ocrx_word' id='word_1_253' title='bbox 426 2309 550 2379; x_wconf 78' lang='lat' dir='ltr'><strong><em>non</em></strong></span> <span class='ocrx_word' id='word_1_254' title='bbox 586 2301 1005 2372; x_wconf 89' lang='lat' dir='ltr'><strong><em>opponuntur</em></strong></span> <span class='ocrx_word' id='word_1_255' title='bbox 1026 2296 1209 2356; x_wconf 91' lang='lat' dir='ltr'><strong><em>Pater</em></strong></span> <span class='ocrx_word' id='word_1_256' title='bbox 1236 2294 1566 2356; x_wconf 88' lang='lat' dir='ltr'><strong><em>etFilius:</em></strong></span> <span class='ocrx_word' id='word_1_257' title='bbox 1620 2296 1731 2357; x_wconf 89' lang='lat' dir='ltr'><strong><em>sed</em></strong></span> <span class='ocrx_word' id='word_1_258' title='bbox 1767 2297 1978 2359; x_wconf 89' lang='lat' dir='ltr'><strong><em>solum</em></strong></span> <span class='ocrx_word' id='word_1_259' title='bbox 2016 2307 2328 2374; x_wconf 88' lang='lat' dir='ltr'><strong><em>quantum</em></strong></span> <span class='ocrx_word' id='word_1_260' title='bbox 2387 2300 2463 2362; x_wconf 89' lang='lat' dir='ltr'><strong><em>ad</em></strong></span> <span class='ocrx_word' id='word_1_261' title='bbox 2495 2299 2638 2374; x_wconf 89' lang='lat' dir='ltr'><strong><em>hoc,</em></strong></span> <span class='ocrx_word' id='word_1_262' title='bbox 2673 2300 2844 2379; x_wconf 86' lang='lat' dir='ltr'><strong><em>quod</em></strong></span> <span class='ocrx_word' id='word_1_263' title='bbox 2911 2298 3015 2360; x_wconf 92' lang='lat' dir='ltr'><strong><em>hic</em></strong></span> <span class='ocrx_word' id='word_1_264' title='bbox 3071 2307 3169 2359; x_wconf 80' lang='lat' dir='ltr'><strong><em>est</em></strong></span> <span class='ocrx_word' id='word_1_265' title='bbox 3224 2299 3406 2359; x_wconf 86' lang='lat' dir='ltr'><strong><em>Pater</em></strong></span> <span class='ocrx_word' id='word_1_266' title='bbox 3456 2307 3516 2359; x_wconf 91' lang='lat' dir='ltr'><strong><em>et</em></strong></span> <span class='ocrx_word' id='word_1_267' title='bbox 3557 2296 3672 2359; x_wconf 88' lang='lat' dir='ltr'><strong><em>ille</em></strong></span> 
     </span>
    </p>
   </div>
   <div class='ocr_carea' id='block_1_22' title="bbox 381 2377 3674 2473">
    <p class='ocr_par' dir='ltr' id='par_1_22' title="bbox 381 2377 3674 2473">
     <span class='ocr_line' id='line_1_22' title="bbox 381 2377 3674 2473; baseline 0.002 -26"><span class='ocrx_word' id='word_1_268' title='bbox 381 2377 694 2452; x_wconf 67' lang='lat' dir='ltr'><strong><em>.Filius.»</em></strong></span> <span class='ocrx_word' id='word_1_269' title='bbox 762 2393 924 2452; x_wconf 89' lang='lat' dir='ltr'><strong><em>Tum</em></strong></span> <span class='ocrx_word' id='word_1_270' title='bbox 966 2391 1118 2470; x_wconf 90' lang='lat' dir='ltr'><strong><em>quia</em></strong></span> <span class='ocrx_word' id='word_1_271' title='bbox 1154 2390 1393 2453; x_wconf 89' lang='lat' dir='ltr'><strong><em>divinis</em></strong></span> <span class='ocrx_word' id='word_1_272' title='bbox 1436 2390 1504 2453; x_wconf 91' lang='lat' dir='ltr'><strong><em>in</em></strong></span> <span class='ocrx_word' id='word_1_273' title='bbox 1551 2391 1833 2471; x_wconf 91' lang='lat' dir='ltr'><strong><em>eloquiis</em></strong></span> <span class='ocrx_word' id='word_1_274' title='bbox 1881 2394 2100 2457; x_wconf 87' lang='lat' dir='ltr'><strong><em>insunt</em></strong></span> <span class='ocrx_word' id='word_1_275' title='bbox 2148 2397 2340 2457; x_wconf 87' lang='lat' dir='ltr'><strong><em>verba</em></strong></span> <span class='ocrx_word' id='word_1_276' title='bbox 2387 2413 2531 2472; x_wconf 59' lang='lat' dir='ltr'><strong><em>quae</em></strong></span> <span class='ocrx_word' id='word_1_277' title='bbox 2568 2377 2968 2473; x_wconf 32' lang='lat' dir='ltr'><strong><em>pro-cessioni</em></strong></span> <span class='ocrx_word' id='word_1_278' title='bbox 3024 2412 3104 2454; x_wconf 80' lang='lat' dir='ltr'><strong><em>ea:</em></strong></span> <span class='ocrx_word' id='word_1_279' title='bbox 3162 2394 3358 2467; x_wconf 83' lang='lat' dir='ltr'><strong><em>Filio,</em></strong></span> <span class='ocrx_word' id='word_1_280' title='bbox 3390 2403 3499 2454; x_wconf 88' lang='lat' dir='ltr'><strong><em>aut</em></strong></span> <span class='ocrx_word' id='word_1_281' title='bbox 3553 2410 3674 2473; x_wconf 84' lang='lat' dir='ltr'><strong><em>per</em></strong></span> 
     </span>
    </p>
   </div>
   <div class='ocr_carea' id='block_1_23' title="bbox 423 2486 3669 2571">
    <p class='ocr_par' dir='ltr' id='par_1_23' title="bbox 423 2486 3669 2571">
     <span class='ocr_line' id='line_1_23' title="bbox 423 2486 3669 2571; baseline 0 -25"><span class='ocrx_word' id='word_1_282' title='bbox 423 2487 683 2556; x_wconf 80' lang='lat' dir='ltr'><strong><em>Filium,</em></strong></span> <span class='ocrx_word' id='word_1_283' title='bbox 715 2486 982 2559; x_wconf 87' lang='lat' dir='ltr'><strong><em>omnino</em></strong></span> <span class='ocrx_word' id='word_1_284' title='bbox 1032 2486 1477 2564; x_wconf 86' lang='lat' dir='ltr'><strong><em>aequipollent.</em></strong></span> <span class='ocrx_word' id='word_1_285' title='bbox 1529 2488 1958 2566; x_wconf 86' lang='lat' dir='ltr'><strong><em>Frequentius</em></strong></span> <span class='ocrx_word' id='word_1_286' title='bbox 1995 2508 2265 2567; x_wconf 85' lang='lat' dir='ltr'><strong><em>persona</em></strong></span> <span class='ocrx_word' id='word_1_287' title='bbox 2308 2491 2591 2571; x_wconf 88' lang='lat' dir='ltr'><strong><em>Spiritus</em></strong></span> <span class='ocrx_word' id='word_1_288' title='bbox 2647 2491 2849 2552; x_wconf 88' lang='lat' dir='ltr'><strong><em>sancti</em></strong></span> <span class='ocrx_word' id='word_1_289' title='bbox 2897 2491 3135 2553; x_wconf 84' lang='lat' dir='ltr'><strong><em>dicitur</em></strong></span> <span class='ocrx_word' id='word_1_290' title='bbox 3164 2490 3451 2569; x_wconf 82' lang='lat' dir='ltr'><strong><em>Spiritus</em></strong></span> <span class='ocrx_word' id='word_1_291' title='bbox 3484 2489 3669 2562; x_wconf 83' lang='lat' dir='ltr'><strong><em>Filii,</em></strong></span> 
     </span>
    </p>
   </div>
   <div class='ocr_carea' id='block_1_24' title="bbox 423 2582 3667 2665">
    <p class='ocr_par' dir='ltr' id='par_1_24' title="bbox 423 2582 3667 2665">
     <span class='ocr_line' id='line_1_24' title="bbox 423 2582 3667 2665; baseline 0 -21"><span class='ocrx_word' id='word_1_292' title='bbox 423 2591 485 2645; x_wconf 91' lang='lat' dir='ltr'><strong><em>et</em></strong></span> <span class='ocrx_word' id='word_1_293' title='bbox 514 2583 753 2644; x_wconf 80' lang='lat' dir='ltr'><strong><em>Christi</em></strong></span> <span class='ocrx_word' id='word_1_294' title='bbox 825 2582 1074 2643; x_wconf 80' lang='lat' dir='ltr'><strong><em>Domini</em></strong></span> <span class='ocrx_word' id='word_1_295' title='bbox 1101 2583 1412 2660; x_wconf 82' lang='lat' dir='ltr'><strong><em>Spiritus,</em></strong></span> <span class='ocrx_word' id='word_1_296' title='bbox 1441 2590 1503 2643; x_wconf 90' lang='lat' dir='ltr'><strong><em>et</em></strong></span> <span class='ocrx_word' id='word_1_297' title='bbox 1537 2582 1820 2661; x_wconf 85' lang='lat' dir='ltr'><strong><em>Spiritus</em></strong></span> <span class='ocrx_word' id='word_1_298' title='bbox 1866 2586 2181 2656; x_wconf 82' lang='lat' dir='ltr'><strong><em>veritatis,</em></strong></span> <span class='ocrx_word' id='word_1_299' title='bbox 2218 2603 2364 2665; x_wconf 67' lang='lat' dir='ltr'><strong><em>quae</em></strong></span> <span class='ocrx_word' id='word_1_300' title='bbox 2403 2586 2697 2649; x_wconf 89' lang='lat' dir='ltr'><strong><em>Christus</em></strong></span> <span class='ocrx_word' id='word_1_301' title='bbox 2732 2597 2828 2647; x_wconf 90' lang='lat' dir='ltr'><strong><em>est</em></strong></span> <span class='ocrx_word' id='word_1_302' title='bbox 2860 2605 2874 2644; x_wconf 87' lang='lat'><strong>:</strong></span> <span class='ocrx_word' id='word_1_303' title='bbox 2901 2587 3127 2665; x_wconf 86' lang='lat' dir='ltr'><strong><em>utique</em></strong></span> <span class='ocrx_word' id='word_1_304' title='bbox 3157 2601 3232 2647; x_wconf 89' lang='lat' dir='ltr'><strong><em>eo</em></strong></span> <span class='ocrx_word' id='word_1_305' title='bbox 3270 2602 3496 2654; x_wconf 89' lang='lat' dir='ltr'><strong><em>sensu,</em></strong></span> <span class='ocrx_word' id='word_1_306' title='bbox 3535 2601 3667 2663; x_wconf 90' lang='lat' dir='ltr'><strong><em>quo</em></strong></span> 
     </span>
    </p>
   </div>
   <div class='ocr_carea' id='block_1_25' title="bbox 424 2679 3670 2761">
    <p class='ocr_par' dir='ltr' id='par_1_25' title="bbox 424 2679 3670 2761">
     <span class='ocr_line' id='line_1_25' title="bbox 424 2679 3670 2761; baseline -0.001 -20"><span class='ocrx_word' id='word_1_307' title='bbox 424 2680 615 2741; x_wconf 87' lang='lat' dir='ltr'><strong><em>etiam</em></strong></span> <span class='ocrx_word' id='word_1_308' title='bbox 663 2685 928 2742; x_wconf 86' lang='lat' dir='ltr'><strong><em>vocatur</em></strong></span> <span class='ocrx_word' id='word_1_309' title='bbox 956 2679 1241 2758; x_wconf 84' lang='lat' dir='ltr'><strong><em>Spiritus</em></strong></span> <span class='ocrx_word' id='word_1_310' title='bbox 1279 2679 1521 2739; x_wconf 88' lang='lat' dir='ltr'><strong><em>Patris.</em></strong></span> <span class='ocrx_word' id='word_1_311' title='bbox 1561 2680 1660 2741; x_wconf 84' lang='lat' dir='ltr'><strong><em>Ait</em></strong></span> <span class='ocrx_word' id='word_1_312' title='bbox 1700 2680 1894 2742; x_wconf 90' lang='lat' dir='ltr'><strong><em>etiam</em></strong></span> <span class='ocrx_word' id='word_1_313' title='bbox 1953 2681 2092 2759; x_wconf 92' lang='lat' dir='ltr'><strong><em>ipse</em></strong></span> <span class='ocrx_word' id='word_1_314' title='bbox 2146 2682 2464 2745; x_wconf 89' lang='lat' dir='ltr'><strong><em>Dominus</em></strong></span> <span class='ocrx_word' id='word_1_315' title='bbox 2517 2682 2597 2744; x_wconf 92' lang='lat' dir='ltr'><strong><em>de</em></strong></span> <span class='ocrx_word' id='word_1_316' title='bbox 2628 2682 2872 2761; x_wconf 90' lang='lat' dir='ltr'><strong><em>Spiritu</em></strong></span> <span class='ocrx_word' id='word_1_317' title='bbox 2909 2699 3067 2745; x_wconf 90' lang='lat' dir='ltr'><strong><em>suo:</em></strong></span> <span class='ocrx_word' id='word_1_318' title='bbox 3105 2680 3273 2757; x_wconf 86' lang='lat' dir='ltr'><strong><em>Quia</em></strong></span> <span class='ocrx_word' id='word_1_319' title='bbox 3299 2679 3372 2740; x_wconf 88' lang='lat' dir='ltr'><strong><em>de</em></strong></span> <span class='ocrx_word' id='word_1_320' title='bbox 3400 2699 3529 2739; x_wconf 88' lang='lat' dir='ltr'><strong><em>meo</em></strong></span> <span class='ocrx_word' id='word_1_321' title='bbox 3560 2699 3670 2740; x_wconf 88' lang='lat' dir='ltr'><strong><em>ac-</em></strong></span> 
     </span>
    </p>
   </div>
   <div class='ocr_carea' id='block_1_26' title="bbox 423 2775 3675 2858">
    <p class='ocr_par' dir='ltr' id='par_1_26' title="bbox 423 2775 3675 2858">
     <span class='ocr_line' id='line_1_26' title="bbox 423 2775 3675 2858; baseline 0 -22"><span class='ocrx_word' id='word_1_322' title='bbox 423 2777 635 2855; x_wconf 81' lang='lat' dir='ltr'><strong><em>cipiet.</em></strong></span> <span class='ocrx_word' id='word_1_323' title='bbox 670 2776 796 2838; x_wconf 89' lang='lat' dir='ltr'><strong><em>Cur</em></strong></span> <span class='ocrx_word' id='word_1_324' title='bbox 819 2792 967 2837; x_wconf 89' lang='lat' dir='ltr'><strong><em>vero</em></strong></span> <span class='ocrx_word' id='word_1_325' title='bbox 986 2777 1014 2834; x_wconf 64' lang='grc' dir='ltr'><em>Ὺ</em></span> <span class='ocrx_word' id='word_1_326' title='bbox 1039 2775 1403 2852; x_wconf 88' lang='lat' dir='ltr'><strong><em>Propterea,</em></strong></span> <span class='ocrx_word' id='word_1_327' title='bbox 1441 2776 1589 2853; x_wconf 88' lang='lat' dir='ltr'><strong><em>quia</em></strong></span> <span class='ocrx_word' id='word_1_328' title='bbox 1618 2777 1825 2837; x_wconf 86' lang='lat' dir='ltr'><strong><em>omnia</em></strong></span> <span class='ocrx_word' id='word_1_329' title='bbox 1853 2794 2224 2858; x_wconf 72' lang='lat' dir='ltr'><strong><em>quaecunque</em></strong></span> <span class='ocrx_word' id='word_1_330' title='bbox 2254 2778 2432 2842; x_wconf 84' lang='lat' dir='ltr'><strong><em>habet</em></strong></span> <span class='ocrx_word' id='word_1_331' title='bbox 2470 2779 2684 2848; x_wconf 89' lang='lat' dir='ltr'><strong><em>Pater,</em></strong></span> <span class='ocrx_word' id='word_1_332' title='bbox 2713 2798 2845 2839; x_wconf 87' lang='lat' dir='ltr'><strong><em>mea</em></strong></span> <span class='ocrx_word' id='word_1_333' title='bbox 2874 2786 3079 2840; x_wconf 82' lang='lat' dir='ltr'><strong><em>sunt..</em></strong></span> <span class='ocrx_word' id='word_1_334' title='bbox 3118 2780 3278 2840; x_wconf 89' lang='lat' dir='ltr'><strong><em>Sunt</em></strong></span> <span class='ocrx_word' id='word_1_335' title='bbox 3312 2793 3462 2838; x_wconf 86' lang='lat' dir='ltr'><strong><em>vero</em></strong></span> <span class='ocrx_word' id='word_1_336' title='bbox 3493 2776 3675 2838; x_wconf 87' lang='lat' dir='ltr'><strong><em>Chri-</em></strong></span> 
     </span>
    </p>
   </div>
   <div class='ocr_carea' id='block_1_27' title="bbox 428 2871 3669 2954">
    <p class='ocr_par' dir='ltr' id='par_1_27' title="bbox 428 2871 3669 2954">
     <span class='ocr_line' id='line_1_27' title="bbox 428 2871 3669 2954; baseline 0.002 -28"><span class='ocrx_word' id='word_1_337' title='bbox 428 2871 505 2927; x_wconf 90' lang='lat' dir='ltr'><strong><em>sti</em></strong></span> <span class='ocrx_word' id='word_1_338' title='bbox 537 2873 872 2944; x_wconf 86' lang='lat' dir='ltr'><strong><em>sapientia,</em></strong></span> <span class='ocrx_word' id='word_1_339' title='bbox 907 2873 1212 2951; x_wconf 88' lang='lat' dir='ltr'><strong><em>potentia,</em></strong></span> <span class='ocrx_word' id='word_1_340' title='bbox 1249 2871 1579 2944; x_wconf 89' lang='lat' dir='ltr'><strong><em>divinitas,</em></strong></span> <span class='ocrx_word' id='word_1_341' title='bbox 1615 2890 1685 2934; x_wconf 89' lang='lat' dir='ltr'><strong><em>ac</em></strong></span> <span class='ocrx_word' id='word_1_342' title='bbox 1716 2882 1940 2935; x_wconf 66' lang='lat' dir='ltr'><strong><em>caetera</em></strong></span> <span class='ocrx_word' id='word_1_343' title='bbox 1989 2892 2393 2954; x_wconf 79' lang='lat' dir='ltr'><strong><em>quaecunque</em></strong></span> <span class='ocrx_word' id='word_1_344' title='bbox 2452 2874 2745 2936; x_wconf 88' lang='lat' dir='ltr'><strong><em>absoluta</em></strong></span> <span class='ocrx_word' id='word_1_345' title='bbox 2787 2874 3089 2935; x_wconf 82' lang='lat' dir='ltr'><strong><em>attributa</em></strong></span> <span class='ocrx_word' id='word_1_346' title='bbox 3112 2919 3128 2947; x_wconf 91' lang='lat'><strong><em>,</em></strong></span> <span class='ocrx_word' id='word_1_347' title='bbox 3162 2888 3307 2952; x_wconf 89' lang='lat' dir='ltr'><strong><em>quae</em></strong></span> <span class='ocrx_word' id='word_1_348' title='bbox 3339 2874 3519 2933; x_wconf 88' lang='lat' dir='ltr'><strong><em>Pater</em></strong></span> <span class='ocrx_word' id='word_1_349' title='bbox 3555 2871 3669 2931; x_wconf 90' lang='lat' dir='ltr'><strong><em>ha-</em></strong></span> 
     </span>
    </p>
   </div>
   <div class='ocr_carea' id='block_1_28' title="bbox 424 2964 3671 3049">
    <p class='ocr_par' dir='ltr' id='par_1_28' title="bbox 424 2964 3671 3049">
     <span class='ocr_line' id='line_1_28' title="bbox 424 2964 3671 3049; baseline 0 -23"><span class='ocrx_word' id='word_1_350' title='bbox 424 2964 551 3030; x_wconf 80' lang='lat' dir='ltr'><strong><em>bet.</em></strong></span> <span class='ocrx_word' id='word_1_351' title='bbox 593 2965 740 3030; x_wconf 69' lang='lat' dir='ltr'><strong><em>Herc</em></strong></span> <span class='ocrx_word' id='word_1_352' title='bbox 776 2967 996 3029; x_wconf 87' lang='lat' dir='ltr'><strong><em>eadem</em></strong></span> <span class='ocrx_word' id='word_1_353' title='bbox 1026 2967 1167 3029; x_wconf 89' lang='lat' dir='ltr'><strong><em>sine</em></strong></span> <span class='ocrx_word' id='word_1_354' title='bbox 1199 2966 1399 3030; x_wconf 86' lang='lat' dir='ltr'><strong><em>dubio</em></strong></span> <span class='ocrx_word' id='word_1_355' title='bbox 1437 2968 1715 3046; x_wconf 86' lang='lat' dir='ltr'><strong><em>Spiritus</em></strong></span> <span class='ocrx_word' id='word_1_356' title='bbox 1740 2977 1997 3032; x_wconf 89' lang='lat' dir='ltr'><strong><em>sanctus</em></strong></span> <span class='ocrx_word' id='word_1_357' title='bbox 2027 2970 2216 3033; x_wconf 86' lang='lat' dir='ltr'><strong><em>habet</em></strong></span> <span class='ocrx_word' id='word_1_358' title='bbox 2246 2989 2279 3033; x_wconf 90' lang='lat' dir='ltr'><strong><em>a</em></strong></span> <span class='ocrx_word' id='word_1_359' title='bbox 2316 2976 2517 3044; x_wconf 90' lang='lat' dir='ltr'><strong><em>Patre,</em></strong></span> <span class='ocrx_word' id='word_1_360' title='bbox 2541 2970 2949 3049; x_wconf 79' lang='lat' dir='ltr'><strong><em>procedendo</em></strong></span> <span class='ocrx_word' id='word_1_361' title='bbox 2983 2969 3061 3032; x_wconf 91' lang='lat' dir='ltr'><strong><em>ab</em></strong></span> <span class='ocrx_word' id='word_1_362' title='bbox 3091 2970 3229 3046; x_wconf 81' lang='lat' dir='ltr'><strong><em>ipso</em></strong></span> <span class='ocrx_word' id='word_1_363' title='bbox 3258 2988 3273 3026; x_wconf 91' lang='lat'><strong>:</strong></span> <span class='ocrx_word' id='word_1_364' title='bbox 3309 2967 3422 3030; x_wconf 89' lang='lat' dir='ltr'><strong><em>sed</em></strong></span> <span class='ocrx_word' id='word_1_365' title='bbox 3447 2967 3671 3028; x_wconf 85' lang='lat' dir='ltr'><strong><em>eodem</em></strong></span> 
     </span>
    </p>
   </div>
   <div class='ocr_carea' id='block_1_29' title="bbox 425 3062 3675 3145">
    <p class='ocr_par' dir='ltr' id='par_1_29' title="bbox 425 3062 3675 3145">
     <span class='ocr_line' id='line_1_29' title="bbox 425 3062 3675 3145; baseline 0 -20"><span class='ocrx_word' id='word_1_366' title='bbox 425 3065 650 3142; x_wconf 90' lang='lat' dir='ltr'><strong><em>accipit</em></strong></span> <span class='ocrx_word' id='word_1_367' title='bbox 700 3063 890 3125; x_wconf 82' lang='lat' dir='ltr'><strong><em>etiam</em></strong></span> <span class='ocrx_word' id='word_1_368' title='bbox 945 3064 1200 3137; x_wconf 91' lang='lat' dir='ltr'><strong><em>aFilio,</em></strong></span> <span class='ocrx_word' id='word_1_369' title='bbox 1235 3081 1360 3125; x_wconf 94' lang='lat' dir='ltr'><strong><em>non</em></strong></span> <span class='ocrx_word' id='word_1_370' title='bbox 1393 3064 1521 3125; x_wconf 91' lang='lat' dir='ltr'><strong><em>alio</em></strong></span> <span class='ocrx_word' id='word_1_371' title='bbox 1579 3073 1747 3126; x_wconf 83' lang='lat' dir='ltr'><strong><em>certe</em></strong></span> <span class='ocrx_word' id='word_1_372' title='bbox 1776 3065 1987 3136; x_wconf 86' lang='lat' dir='ltr'><strong><em>modo,</em></strong></span> <span class='ocrx_word' id='word_1_373' title='bbox 2025 3066 2144 3127; x_wconf 90' lang='lat' dir='ltr'><strong><em>nisi</em></strong></span> <span class='ocrx_word' id='word_1_374' title='bbox 2200 3067 2339 3145; x_wconf 90' lang='lat' dir='ltr'><strong><em>ejus</em></strong></span> <span class='ocrx_word' id='word_1_375' title='bbox 2392 3066 2807 3145; x_wconf 89' lang='lat' dir='ltr'><strong><em>processione</em></strong></span> <span class='ocrx_word' id='word_1_376' title='bbox 2858 3068 2935 3127; x_wconf 90' lang='lat' dir='ltr'><strong><em>ab</em></strong></span> <span class='ocrx_word' id='word_1_377' title='bbox 2986 3066 3133 3127; x_wconf 92' lang='lat' dir='ltr'><strong><em>isto.</em></strong></span> <span class='ocrx_word' id='word_1_378' title='bbox 3197 3067 3325 3127; x_wconf 87' lang='lat' dir='ltr'><strong><em>Nos</em></strong></span> <span class='ocrx_word' id='word_1_379' title='bbox 3388 3062 3675 3141; x_wconf 86' lang='lat' dir='ltr'><strong><em>denique</em></strong></span> 
     </span>
    </p>
   </div>
   <div class='ocr_carea' id='block_1_30' title="bbox 425 3159 3674 3243">
    <p class='ocr_par' dir='ltr' id='par_1_30' title="bbox 425 3159 3674 3243">
     <span class='ocr_line' id='line_1_30' title="bbox 425 3159 3674 3243; baseline -0.002 -20"><span class='ocrx_word' id='word_1_380' title='bbox 425 3161 629 3224; x_wconf 88' lang='lat' dir='ltr'><strong><em>Filius</em></strong></span> <span class='ocrx_word' id='word_1_381' title='bbox 669 3160 891 3222; x_wconf 88' lang='lat' dir='ltr'><strong><em>docet:</em></strong></span> <span class='ocrx_word' id='word_1_382' title='bbox 924 3159 1317 3222; x_wconf 81' lang='lat' dir='ltr'><strong><em>Paraclitum</em></strong></span> <span class='ocrx_word' id='word_1_383' title='bbox 1346 3161 1581 3238; x_wconf 88' lang='lat' dir='ltr'><strong><em>ipsum.</em></strong></span> <span class='ocrx_word' id='word_1_384' title='bbox 1605 3162 1723 3240; x_wconf 87' lang='lat' dir='ltr'><strong><em>qui</em></strong></span> <span class='ocrx_word' id='word_1_385' title='bbox 1757 3164 2105 3243; x_wconf 84' lang='lat' dir='ltr'><strong><em>procedita</em></strong></span> <span class='ocrx_word' id='word_1_386' title='bbox 2140 3163 2353 3235; x_wconf 88' lang='lat' dir='ltr'><strong><em>Patre,</em></strong></span> <span class='ocrx_word' id='word_1_387' title='bbox 2386 3164 2555 3224; x_wconf 87' lang='lat' dir='ltr'><strong><em>mitti</em></strong></span> <span class='ocrx_word' id='word_1_388' title='bbox 2588 3181 2733 3229; x_wconf 85' lang='lat' dir='ltr'><strong><em>asc,</em></strong></span> <span class='ocrx_word' id='word_1_389' title='bbox 2767 3170 2825 3222; x_wconf 91' lang='lat' dir='ltr'><strong><em>et</em></strong></span> <span class='ocrx_word' id='word_1_390' title='bbox 2862 3163 3030 3223; x_wconf 87' lang='lat' dir='ltr'><strong><em>mitti</em></strong></span> <span class='ocrx_word' id='word_1_391' title='bbox 3061 3181 3098 3221; x_wconf 90' lang='lat' dir='ltr'><strong><em>a</em></strong></span> <span class='ocrx_word' id='word_1_392' title='bbox 3155 3161 3368 3222; x_wconf 85' lang='lat' dir='ltr'><strong><em>Patre.</em></strong></span> <span class='ocrx_word' id='word_1_393' title='bbox 3403 3161 3550 3234; x_wconf 80' lang='lat' dir='ltr'><strong><em>Quo</em></strong></span> <span class='ocrx_word' id='word_1_394' title='bbox 3585 3160 3674 3237; x_wconf 81' lang='lat' dir='ltr'><strong><em>ﬁt,</em></strong></span> 
     </span>
    </p>
   </div>
   <div class='ocr_carea' id='block_1_31' title="bbox 427 3253 3678 3338">
    <p class='ocr_par' dir='ltr' id='par_1_31' title="bbox 427 3253 3678 3338">
     <span class='ocr_line' id='line_1_31' title="bbox 427 3253 3678 3338; baseline -0.003 -17"><span class='ocrx_word' id='word_1_395' title='bbox 427 3274 553 3321; x_wconf 88' lang='lat' dir='ltr'><strong><em>non</em></strong></span> <span class='ocrx_word' id='word_1_396' title='bbox 580 3258 718 3320; x_wconf 88' lang='lat' dir='ltr'><strong><em>sine</em></strong></span> <span class='ocrx_word' id='word_1_397' title='bbox 757 3267 990 3318; x_wconf 58' lang='lat' dir='ltr'><strong><em>aeterna</em></strong></span> <span class='ocrx_word' id='word_1_398' title='bbox 1006 3258 1407 3336; x_wconf 88' lang='lat' dir='ltr'><strong><em>processione</em></strong></span> <span class='ocrx_word' id='word_1_399' title='bbox 1448 3257 1719 3336; x_wconf 73' lang='lat' dir='ltr'><strong><em>intelligi</em></strong></span> <span class='ocrx_word' id='word_1_400' title='bbox 1765 3275 1951 3336; x_wconf 90' lang='lat' dir='ltr'><strong><em>posse</em></strong></span> <span class='ocrx_word' id='word_1_401' title='bbox 1980 3260 2332 3320; x_wconf 83' lang='lat' dir='ltr'><strong><em>missionem</em></strong></span> <span class='ocrx_word' id='word_1_402' title='bbox 2359 3278 2378 3317; x_wconf 91' lang='lat'><strong><em>:</em></strong></span> <span class='ocrx_word' id='word_1_403' title='bbox 2418 3275 2560 3338; x_wconf 77' lang='lat' dir='ltr'><strong><em>quae</em></strong></span> <span class='ocrx_word' id='word_1_404' title='bbox 2585 3258 2905 3338; x_wconf 86' lang='lat' dir='ltr'><strong><em>processio</em></strong></span> <span class='ocrx_word' id='word_1_405' title='bbox 2943 3256 3216 3331; x_wconf 85' lang='lat' dir='ltr'><strong><em>dicitur,</em></strong></span> <span class='ocrx_word' id='word_1_406' title='bbox 3247 3264 3567 3336; x_wconf 88' lang='lat' dir='ltr'><strong><em>quatenus</em></strong></span> <span class='ocrx_word' id='word_1_407' title='bbox 3600 3253 3678 3313; x_wconf 80' lang='lat' dir='ltr'><strong><em>ab</em></strong></span> 
     </span>
    </p>
   </div>
   <div class='ocr_carea' id='block_1_32' title="bbox 426 3349 3677 3434">
    <p class='ocr_par' dir='ltr' id='par_1_32' title="bbox 426 3349 3677 3434">
     <span class='ocr_line' id='line_1_32' title="bbox 426 3349 3677 3434; baseline -0.002 -19"><span class='ocrx_word' id='word_1_408' title='bbox 426 3362 703 3434; x_wconf 90' lang='lat' dir='ltr'><strong><em>utroque</em></strong></span> <span class='ocrx_word' id='word_1_409' title='bbox 762 3353 1039 3430; x_wconf 86' lang='lat' dir='ltr'><strong><em>Spiritus</em></strong></span> <span class='ocrx_word' id='word_1_410' title='bbox 1099 3352 1541 3431; x_wconf 82' lang='lat' dir='ltr'><strong><em>accipit,quod</em></strong></span> <span class='ocrx_word' id='word_1_411' title='bbox 1567 3354 1673 3425; x_wconf 86' lang='lat' dir='ltr'><strong><em>sit,</em></strong></span> <span class='ocrx_word' id='word_1_412' title='bbox 1713 3360 1777 3416; x_wconf 90' lang='lat' dir='ltr'><strong><em>et</em></strong></span> <span class='ocrx_word' id='word_1_413' title='bbox 1811 3355 1985 3433; x_wconf 89' lang='lat' dir='ltr'><strong><em>quod</em></strong></span> <span class='ocrx_word' id='word_1_414' title='bbox 2049 3354 2249 3416; x_wconf 85' lang='lat' dir='ltr'><strong><em>valeat</em></strong></span> <span class='ocrx_word' id='word_1_415' title='bbox 2304 3353 2558 3432; x_wconf 90' lang='lat' dir='ltr'><strong><em>operari</em></strong></span> <span class='ocrx_word' id='word_1_416' title='bbox 2607 3353 2689 3416; x_wconf 86' lang='lat' dir='ltr'><strong><em>ad</em></strong></span> <span class='ocrx_word' id='word_1_417' title='bbox 2726 3361 2901 3415; x_wconf 89' lang='lat' dir='ltr'><strong><em>extra</em></strong></span> <span class='ocrx_word' id='word_1_418' title='bbox 2961 3370 2976 3410; x_wconf 92' lang='lat'><strong>:</strong></span> <span class='ocrx_word' id='word_1_419' title='bbox 3044 3351 3410 3431; x_wconf 88' lang='lat' dir='ltr'><strong><em>diciturque</em></strong></span> <span class='ocrx_word' id='word_1_420' title='bbox 3460 3349 3677 3411; x_wconf 87' lang='lat' dir='ltr'><strong><em>missio</em></strong></span> 
     </span>
    </p>
   </div>
   <div class='ocr_carea' id='block_1_33' title="bbox 431 3445 3676 3531">
    <p class='ocr_par' dir='ltr' id='par_1_33' title="bbox 431 3445 3676 3531">
     <span class='ocr_line' id='line_1_33' title="bbox 431 3445 3676 3531; baseline -0.001 -22"><span class='ocrx_word' id='word_1_421' title='bbox 431 3450 675 3512; x_wconf 82' lang='lat' dir='ltr'><strong><em>ratione</em></strong></span> <span class='ocrx_word' id='word_1_422' title='bbox 708 3448 1083 3521; x_wconf 71' lang='lat' dir='ltr'><strong><em>eilicientiaa,</em></strong></span> <span class='ocrx_word' id='word_1_423' title='bbox 1118 3466 1261 3528; x_wconf 62' lang='lat' dir='ltr'><strong><em>quae</em></strong></span> <span class='ocrx_word' id='word_1_424' title='bbox 1304 3450 1368 3511; x_wconf 83' lang='lat' dir='ltr'><strong><em>ﬁt</em></strong></span> <span class='ocrx_word' id='word_1_425' title='bbox 1425 3449 1489 3511; x_wconf 90' lang='lat' dir='ltr'><strong><em>in</em></strong></span> <span class='ocrx_word' id='word_1_426' title='bbox 1552 3452 2034 3530; x_wconf 69' lang='lat' dir='ltr'><strong><em>tempore.Haac</em></strong></span> <span class='ocrx_word' id='word_1_427' title='bbox 2090 3450 2446 3531; x_wconf 85' lang='lat' dir='ltr'><strong><em>theologica</em></strong></span> <span class='ocrx_word' id='word_1_428' title='bbox 2517 3457 2578 3513; x_wconf 91' lang='lat' dir='ltr'><strong><em>et</em></strong></span> <span class='ocrx_word' id='word_1_429' title='bbox 2647 3448 3002 3514; x_wconf 87' lang='lat' dir='ltr'><strong><em>Christiana</em></strong></span> <span class='ocrx_word' id='word_1_430' title='bbox 3057 3449 3355 3527; x_wconf 82' lang='lat' dir='ltr'><strong><em>dogmata</em></strong></span> <span class='ocrx_word' id='word_1_431' title='bbox 3407 3445 3676 3510; x_wconf 84' lang='lat' dir='ltr'><strong><em>uberius</em></strong></span> 
     </span>
    </p>
   </div>
   <div class='ocr_carea' id='block_1_34' title="bbox 430 3544 1084 3623">
    <p class='ocr_par' dir='ltr' id='par_1_34' title="bbox 430 3544 1084 3623">
     <span class='ocr_line' id='line_1_34' title="bbox 430 3544 1084 3623; baseline 0 -18"><span class='ocrx_word' id='word_1_432' title='bbox 430 3544 593 3606; x_wconf 85' lang='lat' dir='ltr'><strong><em>infra</em></strong></span> <span class='ocrx_word' id='word_1_433' title='bbox 647 3551 1084 3623; x_wconf 85' lang='lat' dir='ltr'><strong><em>exponentur.</em></strong></span> 
     </span>
    </p>
   </div>
   <div class='ocr_carea' id='block_1_35' title="bbox 511 3654 3675 3744">
    <p class='ocr_par' dir='ltr' id='par_1_35' title="bbox 511 3654 3675 3744">
     <span class='ocr_line' id='line_1_35' title="bbox 511 3654 3675 3744; baseline -0.004 -17"><span class='ocrx_word' id='word_1_434' title='bbox 511 3665 672 3741; x_wconf 80' lang='lat' dir='ltr'><strong><em>[XL]</em></strong></span> <span class='ocrx_word' id='word_1_435' title='bbox 710 3663 817 3743; x_wconf 80' lang='lat'><strong><em>(2.)</em></strong></span> <span class='ocrx_word' id='word_1_436' title='bbox 849 3662 1020 3725; x_wconf 91' lang='lat' dir='ltr'><strong><em>Idem</em></strong></span> <span class='ocrx_word' id='word_1_437' title='bbox 1075 3681 1155 3724; x_wconf 73' lang='lat' dir='ltr'><strong><em>ex</em></strong></span> <span class='ocrx_word' id='word_1_438' title='bbox 1187 3663 1444 3726; x_wconf 83' lang='lat' dir='ltr'><strong><em>silentio</em></strong></span> <span class='ocrx_word' id='word_1_439' title='bbox 1474 3665 1958 3744; x_wconf 87' lang='lat' dir='ltr'><strong><em>Scripturarum</em></strong></span> <span class='ocrx_word' id='word_1_440' title='bbox 1985 3665 2269 3744; x_wconf 89' lang='lat' dir='ltr'><strong><em>petitum,</em></strong></span> <span class='ocrx_word' id='word_1_441' title='bbox 2315 3672 2497 3743; x_wconf 83' lang='lat' dir='ltr'><strong><em>urget</em></strong></span> <span class='ocrx_word' id='word_1_442' title='bbox 2527 3669 2980 3742; x_wconf 85' lang='lat' dir='ltr'><strong><em>argumentum</em></strong></span> <span class='ocrx_word' id='word_1_443' title='bbox 3041 3655 3563 3737; x_wconf 80' lang='lat' dir='ltr'><strong><em>TheOphylactus</em></strong></span> <span class='ocrx_word' id='word_1_444' title='bbox 3607 3654 3675 3716; x_wconf 89' lang='lat' dir='ltr'><strong><em>in</em></strong></span> 
     </span>
    </p>
   </div>
   <div class='ocr_carea' id='block_1_36' title="bbox 427 3752 3676 3840">
    <p class='ocr_par' dir='ltr' id='par_1_36' title="bbox 427 3752 3676 3840">
     <span class='ocr_line' id='line_1_36' title="bbox 427 3752 3676 3840; baseline -0.002 -19"><span class='ocrx_word' id='word_1_445' title='bbox 427 3759 889 3823; x_wconf 84' lang='lat' dir='ltr'><strong><em>commentario</em></strong></span> <span class='ocrx_word' id='word_1_446' title='bbox 923 3761 996 3821; x_wconf 85' lang='lat' dir='ltr'><strong><em>ad</em></strong></span> <span class='ocrx_word' id='word_1_447' title='bbox 1027 3761 1291 3822; x_wconf 85' lang='lat' dir='ltr'><strong><em>Joannis</em></strong></span> <span class='ocrx_word' id='word_1_448' title='bbox 1324 3770 1511 3840; x_wconf 90' lang='lat' dir='ltr'><strong><em>caput</em></strong></span> <span class='ocrx_word' id='word_1_449' title='bbox 1541 3779 1637 3835; x_wconf 86' lang='grc' dir='ltr'><strong><em>ιιι,</em></strong></span> <span class='ocrx_word' id='word_1_450' title='bbox 1673 3771 1733 3822; x_wconf 90' lang='lat' dir='ltr'><strong><em>et</em></strong></span> <span class='ocrx_word' id='word_1_451' title='bbox 1764 3766 2036 3822; x_wconf 89' lang='lat' dir='ltr'><strong><em>alterum</em></strong></span> <span class='ocrx_word' id='word_1_452' title='bbox 2073 3762 2263 3824; x_wconf 85' lang='lat' dir='ltr'><strong><em>etiam</em></strong></span> <span class='ocrx_word' id='word_1_453' title='bbox 2292 3762 2506 3824; x_wconf 85' lang='lat' dir='ltr'><strong><em>addit:</em></strong></span> <span class='ocrx_word' id='word_1_454' title='bbox 2540 3783 2569 3819; x_wconf 76' lang='grc' dir='ltr'><strong><em>α</em></strong></span> <span class='ocrx_word' id='word_1_455' title='bbox 2599 3777 2743 3822; x_wconf 91' lang='lat' dir='ltr'><strong><em>esse</em></strong></span> <span class='ocrx_word' id='word_1_456' title='bbox 2774 3776 2844 3821; x_wconf 85' lang='lat' dir='ltr'><strong><em>ex</em></strong></span> <span class='ocrx_word' id='word_1_457' title='bbox 2893 3757 3083 3830; x_wconf 90' lang='lat' dir='ltr'><strong><em>Filio,</em></strong></span> <span class='ocrx_word' id='word_1_458' title='bbox 3121 3754 3457 3835; x_wconf 87' lang='lat' dir='ltr'><strong><em>inquiens,</em></strong></span> <span class='ocrx_word' id='word_1_459' title='bbox 3496 3752 3676 3813; x_wconf 84' lang='lat' dir='ltr'><strong><em>nulla</em></strong></span> 
     </span>
    </p>
   </div>
   <div class='ocr_carea' id='block_1_37' title="bbox 433 3849 3678 3937">
    <p class='ocr_par' dir='ltr' id='par_1_37' title="bbox 433 3849 3678 3937">
     <span class='ocr_line' id='line_1_37' title="bbox 433 3849 3678 3937; baseline -0.003 -17"><span class='ocrx_word' id='word_1_460' title='bbox 433 3856 752 3937; x_wconf 87' lang='lat' dir='ltr'><strong><em>Scriptura</em></strong></span> <span class='ocrx_word' id='word_1_461' title='bbox 810 3862 1079 3919; x_wconf 89' lang='lat' dir='ltr'><strong><em>testatur</em></strong></span> <span class='ocrx_word' id='word_1_462' title='bbox 1113 3878 1129 3918; x_wconf 89' lang='lat'><strong>:</strong></span> <span class='ocrx_word' id='word_1_463' title='bbox 1165 3875 1242 3917; x_wconf 91' lang='lat' dir='ltr'><strong><em>ne</em></strong></span> <span class='ocrx_word' id='word_1_464' title='bbox 1277 3857 1407 3919; x_wconf 90' lang='lat' dir='ltr'><strong><em>duo</em></strong></span> <span class='ocrx_word' id='word_1_465' title='bbox 1445 3856 1751 3935; x_wconf 83' lang='lat' dir='ltr'><strong><em>principia</em></strong></span> <span class='ocrx_word' id='word_1_466' title='bbox 1789 3858 2066 3935; x_wconf 88' lang='lat' dir='ltr'><strong><em>Spiritus</em></strong></span> <span class='ocrx_word' id='word_1_467' title='bbox 2108 3858 2899 3935; x_wconf 80' lang='lat' dir='ltr'><strong><em>introducamus,Patrem</em></strong></span> <span class='ocrx_word' id='word_1_468' title='bbox 2935 3865 2997 3916; x_wconf 86' lang='lat' dir='ltr'><strong><em>et</em></strong></span> <span class='ocrx_word' id='word_1_469' title='bbox 3034 3852 3294 3914; x_wconf 88' lang='lat' dir='ltr'><strong><em>Filium.</em></strong></span> <span class='ocrx_word' id='word_1_470' title='bbox 3331 3874 3361 3909; x_wconf 70' lang='grc' dir='ltr'><strong><em>ι</em></strong></span> <span class='ocrx_word' id='word_1_471' title='bbox 3401 3853 3486 3911; x_wconf 89' lang='lat' dir='ltr'><strong><em>De</em></strong></span> <span class='ocrx_word' id='word_1_472' title='bbox 3513 3849 3678 3910; x_wconf 91' lang='lat' dir='ltr'><strong><em>Scri-</em></strong></span> 
     </span>
    </p>
   </div>
   <div class='ocr_carea' id='block_1_38' title="bbox 431 3946 3679 4035">
    <p class='ocr_par' dir='ltr' id='par_1_38' title="bbox 431 3946 3679 4035">
     <span class='ocr_line' id='line_1_38' title="bbox 431 3946 3679 4035; baseline -0.001 -26"><span class='ocrx_word' id='word_1_473' title='bbox 431 3966 765 4032; x_wconf 82' lang='lat' dir='ltr'><strong><em>pturarum</em></strong></span> <span class='ocrx_word' id='word_1_474' title='bbox 807 3953 1068 4016; x_wconf 88' lang='lat' dir='ltr'><strong><em>silentio</em></strong></span> <span class='ocrx_word' id='word_1_475' title='bbox 1098 3954 1218 4032; x_wconf 84' lang='lat' dir='ltr'><strong><em>iam</em></strong></span> <span class='ocrx_word' id='word_1_476' title='bbox 1259 3954 1438 4015; x_wconf 90' lang='lat' dir='ltr'><strong><em>satis.</em></strong></span> <span class='ocrx_word' id='word_1_477' title='bbox 1466 3953 1558 4016; x_wconf 92' lang='lat' dir='ltr'><strong><em>Ne</em></strong></span> <span class='ocrx_word' id='word_1_478' title='bbox 1600 3953 1722 4014; x_wconf 90' lang='lat' dir='ltr'><strong><em>duo</em></strong></span> <span class='ocrx_word' id='word_1_479' title='bbox 1779 3955 2110 4034; x_wconf 84' lang='lat' dir='ltr'><strong><em>principia</em></strong></span> <span class='ocrx_word' id='word_1_480' title='bbox 2170 3956 2456 4035; x_wconf 86' lang='lat' dir='ltr'><strong><em>Spiritus</em></strong></span> <span class='ocrx_word' id='word_1_481' title='bbox 2512 3952 3010 4020; x_wconf 83' lang='lat' dir='ltr'><strong><em>introducamus,</em></strong></span> <span class='ocrx_word' id='word_1_482' title='bbox 3071 3947 3315 4028; x_wconf 88' lang='lat' dir='ltr'><strong><em>inquis.</em></strong></span> <span class='ocrx_word' id='word_1_483' title='bbox 3370 3946 3679 4025; x_wconf 88' lang='lat' dir='ltr'><strong><em>Trepidas</em></strong></span> 
     </span>
    </p>
   </div>
   <div class='ocr_carea' id='block_1_39' title="bbox 426 4039 3674 4131">
    <p class='ocr_par' dir='ltr' id='par_1_39' title="bbox 426 4039 3674 4131">
     <span class='ocr_line' id='line_1_39' title="bbox 426 4039 3674 4131; baseline -0.004 -18"><span class='ocrx_word' id='word_1_484' title='bbox 426 4068 679 4131; x_wconf 86' lang='lat' dir='ltr'><strong><em>nempe,</em></strong></span> <span class='ocrx_word' id='word_1_485' title='bbox 710 4050 819 4113; x_wconf 87' lang='lat' dir='ltr'><strong><em>ubi</em></strong></span> <span class='ocrx_word' id='word_1_486' title='bbox 848 4050 1070 4112; x_wconf 85' lang='lat' dir='ltr'><strong><em>nullus</em></strong></span> <span class='ocrx_word' id='word_1_487' title='bbox 1110 4051 1338 4113; x_wconf 88' lang='lat' dir='ltr'><strong><em>timor:</em></strong></span> <span class='ocrx_word' id='word_1_488' title='bbox 1366 4072 1395 4107; x_wconf 79' lang='grc' dir='ltr'><strong>α</strong></span> <span class='ocrx_word' id='word_1_489' title='bbox 1425 4051 1571 4130; x_wconf 90' lang='lat' dir='ltr'><strong><em>quia</em></strong></span> <span class='ocrx_word' id='word_1_490' title='bbox 1619 4058 1930 4130; x_wconf 89' lang='lat' dir='ltr'><strong><em>quantum</em></strong></span> <span class='ocrx_word' id='word_1_491' title='bbox 1969 4051 2043 4113; x_wconf 88' lang='lat' dir='ltr'><strong><em>ad</em></strong></span> <span class='ocrx_word' id='word_1_492' title='bbox 2075 4050 2216 4121; x_wconf 81' lang='lat' dir='ltr'><strong><em>hoc,</em></strong></span> <span class='ocrx_word' id='word_1_493' title='bbox 2272 4048 2446 4126; x_wconf 91' lang='lat' dir='ltr'><strong><em>quod</em></strong></span> <span class='ocrx_word' id='word_1_494' title='bbox 2481 4053 2575 4108; x_wconf 89' lang='lat' dir='ltr'><strong><em>est</em></strong></span> <span class='ocrx_word' id='word_1_495' title='bbox 2623 4062 2765 4106; x_wconf 91' lang='lat' dir='ltr'><strong><em>esse</em></strong></span> <span class='ocrx_word' id='word_1_496' title='bbox 2799 4043 3189 4122; x_wconf 86' lang='lat' dir='ltr'><strong><em>principium</em></strong></span> <span class='ocrx_word' id='word_1_497' title='bbox 3223 4039 3503 4118; x_wconf 85' lang='lat' dir='ltr'><strong><em>Spiritus</em></strong></span> <span class='ocrx_word' id='word_1_498' title='bbox 3534 4055 3674 4100; x_wconf 47' lang='lat' dir='ltr'><strong><em>san.</em></strong></span> 
     </span>
    </p>
   </div>
   <div class='ocr_carea' id='block_1_40' title="bbox 425 4138 3680 4227">
    <p class='ocr_par' dir='ltr' id='par_1_40' title="bbox 425 4138 3680 4227">
     <span class='ocr_line' id='line_1_40' title="bbox 425 4138 3680 4227; baseline -0.004 -19"><span class='ocrx_word' id='word_1_499' title='bbox 425 4148 504 4209; x_wconf 87' lang='lat' dir='ltr'><strong><em>eti</em></strong></span> <span class='ocrx_word' id='word_1_500' title='bbox 537 4148 628 4226; x_wconf 90' lang='lat' dir='ltr'><strong><em>(ut</em></strong></span> <span class='ocrx_word' id='word_1_501' title='bbox 652 4147 856 4210; x_wconf 84' lang='lat' dir='ltr'><strong><em>aiebat</em></strong></span> <span class='ocrx_word' id='word_1_502' title='bbox 891 4147 1202 4227; x_wconf 85' lang='lat' dir='ltr'><strong><em>Aquinas,</em></strong></span> <span class='ocrx_word' id='word_1_503' title='bbox 1236 4148 1706 4226; x_wconf 89' lang='lat' dir='ltr'><strong><em>Scripturarum</em></strong></span> <span class='ocrx_word' id='word_1_504' title='bbox 1738 4148 2110 4210; x_wconf 86' lang='lat' dir='ltr'><strong><em>auctoritate</em></strong></span> <span class='ocrx_word' id='word_1_505' title='bbox 2145 4151 2206 4207; x_wconf 86' lang='lat' dir='ltr'><strong><em>et</em></strong></span> <span class='ocrx_word' id='word_1_506' title='bbox 2246 4146 2498 4205; x_wconf 89' lang='lat' dir='ltr'><strong><em>Patrum</em></strong></span> <span class='ocrx_word' id='word_1_507' title='bbox 2538 4139 2939 4203; x_wconf 88' lang='lat' dir='ltr'><strong><em>documentis</em></strong></span> <span class='ocrx_word' id='word_1_508' title='bbox 2974 4138 3291 4215; x_wconf 89' lang='lat' dir='ltr'><strong><em>edoctus),</em></strong></span> <span class='ocrx_word' id='word_1_509' title='bbox 3323 4153 3449 4197; x_wconf 89' lang='lat' dir='ltr'><strong><em>non</em></strong></span> <span class='ocrx_word' id='word_1_510' title='bbox 3476 4150 3680 4212; x_wconf 90' lang='lat' dir='ltr'><strong><em>oppo-</em></strong></span> 
     </span>
    </p>
   </div>
   <div class='ocr_carea' id='block_1_41' title="bbox 429 4231 3670 4322">
    <p class='ocr_par' dir='ltr' id='par_1_41' title="bbox 429 4231 3670 4322">
     <span class='ocr_line' id='line_1_41' title="bbox 429 4231 3670 4322; baseline -0.004 -19"><span class='ocrx_word' id='word_1_511' title='bbox 429 4254 670 4306; x_wconf 89' lang='lat' dir='ltr'><strong><em>nuntur</em></strong></span> <span class='ocrx_word' id='word_1_512' title='bbox 703 4247 879 4305; x_wconf 89' lang='lat' dir='ltr'><strong><em>Pater</em></strong></span> <span class='ocrx_word' id='word_1_513' title='bbox 905 4251 966 4304; x_wconf 85' lang='lat' dir='ltr'><strong><em>et</em></strong></span> <span class='ocrx_word' id='word_1_514' title='bbox 991 4243 1194 4305; x_wconf 86' lang='lat' dir='ltr'><strong><em>Filius</em></strong></span> <span class='ocrx_word' id='word_1_515' title='bbox 1225 4265 1239 4304; x_wconf 88' lang='lat'><strong>:</strong></span> <span class='ocrx_word' id='word_1_516' title='bbox 1266 4243 1377 4305; x_wconf 91' lang='lat' dir='ltr'><strong><em>sed</em></strong></span> <span class='ocrx_word' id='word_1_517' title='bbox 1409 4250 1721 4322; x_wconf 90' lang='lat' dir='ltr'><strong><em>quantum</em></strong></span> <span class='ocrx_word' id='word_1_518' title='bbox 1747 4244 1823 4305; x_wconf 88' lang='lat' dir='ltr'><strong><em>ad</em></strong></span> <span class='ocrx_word' id='word_1_519' title='bbox 1844 4242 1986 4311; x_wconf 80' lang='lat' dir='ltr'><strong><em>hoc,</em></strong></span> <span class='ocrx_word' id='word_1_520' title='bbox 2021 4242 2192 4320; x_wconf 89' lang='lat' dir='ltr'><strong><em>quod</em></strong></span> <span class='ocrx_word' id='word_1_521' title='bbox 2228 4241 2329 4303; x_wconf 89' lang='lat' dir='ltr'><strong><em>hic</em></strong></span> <span class='ocrx_word' id='word_1_522' title='bbox 2361 4250 2454 4301; x_wconf 90' lang='lat' dir='ltr'><strong><em>est</em></strong></span> <span class='ocrx_word' id='word_1_523' title='bbox 2482 4242 2688 4314; x_wconf 89' lang='lat' dir='ltr'><strong><em>Pater,</em></strong></span> <span class='ocrx_word' id='word_1_524' title='bbox 2715 4244 2776 4300; x_wconf 87' lang='lat' dir='ltr'><strong><em>et</em></strong></span> <span class='ocrx_word' id='word_1_525' title='bbox 2813 4236 2922 4298; x_wconf 89' lang='lat' dir='ltr'><strong><em>ille</em></strong></span> <span class='ocrx_word' id='word_1_526' title='bbox 2950 4236 3227 4308; x_wconf 84' lang='lat' dir='ltr'><strong><em>Filius;»</em></strong></span> <span class='ocrx_word' id='word_1_527' title='bbox 3264 4231 3436 4296; x_wconf 88' lang='lat' dir='ltr'><strong><em>unde</em></strong></span> <span class='ocrx_word' id='word_1_528' title='bbox 3474 4232 3670 4309; x_wconf 87' lang='lat' dir='ltr'><strong><em>priori</em></strong></span> 
     </span>
    </p>
   </div>
   <div class='ocr_carea' id='block_1_42' title="bbox 424 4326 3672 4418">
    <p class='ocr_par' dir='ltr' id='par_1_42' title="bbox 424 4326 3672 4418">
     <span class='ocr_line' id='line_1_42' title="bbox 424 4326 3672 4418; baseline -0.005 -17"><span class='ocrx_word' id='word_1_529' title='bbox 424 4342 487 4401; x_wconf 90' lang='lat' dir='ltr'><strong><em>in</em></strong></span> <span class='ocrx_word' id='word_1_530' title='bbox 530 4340 779 4401; x_wconf 86' lang='lat' dir='ltr'><strong><em>ratione</em></strong></span> <span class='ocrx_word' id='word_1_531' title='bbox 830 4357 1031 4402; x_wconf 90' lang='lat' dir='ltr'><strong><em>unum</em></strong></span> <span class='ocrx_word' id='word_1_532' title='bbox 1087 4350 1241 4403; x_wconf 90' lang='lat' dir='ltr'><strong><em>sunt</em></strong></span> <span class='ocrx_word' id='word_1_533' title='bbox 1280 4358 1350 4401; x_wconf 87' lang='lat' dir='ltr'><strong><em>ac</em></strong></span> <span class='ocrx_word' id='word_1_534' title='bbox 1395 4339 1592 4413; x_wconf 89' lang='lat' dir='ltr'><strong><em>idem,</em></strong></span> <span class='ocrx_word' id='word_1_535' title='bbox 1623 4340 1754 4402; x_wconf 86' lang='lat' dir='ltr'><strong><em>duo</em></strong></span> <span class='ocrx_word' id='word_1_536' title='bbox 1816 4346 2153 4418; x_wconf 84' lang='lat' dir='ltr'><strong><em>sdpposua</em></strong></span> <span class='ocrx_word' id='word_1_537' title='bbox 2195 4345 2255 4398; x_wconf 91' lang='lat' dir='ltr'><strong><em>et</em></strong></span> <span class='ocrx_word' id='word_1_538' title='bbox 2292 4352 2490 4398; x_wconf 89' lang='lat' dir='ltr'><strong><em>unum</em></strong></span> <span class='ocrx_word' id='word_1_539' title='bbox 2556 4333 2970 4412; x_wconf 87' lang='lat' dir='ltr'><strong><em>principium.</em></strong></span> <span class='ocrx_word' id='word_1_540' title='bbox 3007 4333 3099 4392; x_wconf 87' lang='lat' dir='ltr'><strong><em>Ad</em></strong></span> <span class='ocrx_word' id='word_1_541' title='bbox 3138 4348 3270 4393; x_wconf 89' lang='lat' dir='ltr'><strong><em>rem</em></strong></span> <span class='ocrx_word' id='word_1_542' title='bbox 3310 4328 3456 4391; x_wconf 81' lang='lat' dir='ltr'><strong><em>facit</em></strong></span> <span class='ocrx_word' id='word_1_543' title='bbox 3485 4326 3672 4390; x_wconf 87' lang='lat' dir='ltr'><strong><em>Becci</em></strong></span> 
     </span>
    </p>
   </div>
   <div class='ocr_carea' id='block_1_43' title="bbox 426 4424 3675 4515">
    <p class='ocr_par' dir='ltr' id='par_1_43' title="bbox 426 4424 3675 4515">
     <span class='ocr_line' id='line_1_43' title="bbox 426 4424 3675 4515; baseline -0.005 -17"><span class='ocrx_word' id='word_1_544' title='bbox 426 4436 899 4499; x_wconf 75' lang='lat' dir='ltr'><strong><em>animadversio</em></strong></span> <span class='ocrx_word' id='word_1_545' title='bbox 931 4437 1005 4498; x_wconf 89' lang='lat' dir='ltr'><strong><em>ad</em></strong></span> <span class='ocrx_word' id='word_1_546' title='bbox 1038 4436 1216 4498; x_wconf 88' lang='lat' dir='ltr'><strong><em>illum</em></strong></span> <span class='ocrx_word' id='word_1_547' title='bbox 1252 4437 1459 4515; x_wconf 86' lang='lat' dir='ltr'><strong><em>ipsius</em></strong></span> <span class='ocrx_word' id='word_1_548' title='bbox 1489 4435 1949 4515; x_wconf 85' lang='lat' dir='ltr'><strong><em>TheOphylacti</em></strong></span> <span class='ocrx_word' id='word_1_549' title='bbox 1982 4437 2188 4497; x_wconf 92' lang='lat' dir='ltr'><strong><em>locum</em></strong></span> <span class='ocrx_word' id='word_1_550' title='bbox 2261 4432 2322 4493; x_wconf 87' lang='lat' dir='ltr'><strong><em>in</em></strong></span> <span class='ocrx_word' id='word_1_551' title='bbox 2369 4440 2557 4510; x_wconf 83' lang='lat' dir='ltr'><strong><em>caput</em></strong></span> <span class='ocrx_word' id='word_1_552' title='bbox 2610 4448 2693 4491; x_wconf 88' lang='lat' dir='ltr'><strong><em>xv</em></strong></span> <span class='ocrx_word' id='word_1_553' title='bbox 2718 4428 3006 4501; x_wconf 90' lang='lat' dir='ltr'><strong><em>Joannis,</em></strong></span> <span class='ocrx_word' id='word_1_554' title='bbox 3066 4426 3175 4488; x_wconf 85' lang='lat' dir='ltr'><strong><em>ubi</em></strong></span> <span class='ocrx_word' id='word_1_555' title='bbox 3226 4424 3540 4504; x_wconf 66' lang='lat' dir='ltr'><strong><em>Bulgaria:</em></strong></span> <span class='ocrx_word' id='word_1_556' title='bbox 3568 4440 3675 4484; x_wconf 89' lang='lat' dir='ltr'><strong><em>ar-</em></strong></span> 
     </span>
    </p>
   </div>
   <div class='ocr_carea' id='block_1_44' title="bbox 424 4522 3667 4612">
    <p class='ocr_par' dir='ltr' id='par_1_44' title="bbox 424 4522 3667 4612">
     <span class='ocr_line' id='line_1_44' title="bbox 424 4522 3667 4612; baseline -0.005 -19"><span class='ocrx_word' id='word_1_557' title='bbox 424 4533 876 4612; x_wconf 65' lang='lat' dir='ltr'><strong><em>chiepiscotms</em></strong></span> <span class='ocrx_word' id='word_1_558' title='bbox 907 4533 1123 4594; x_wconf 84' lang='lat' dir='ltr'><strong><em>docet:</em></strong></span> <span class='ocrx_word' id='word_1_559' title='bbox 1159 4533 1412 4593; x_wconf 88' lang='lat' dir='ltr'><strong><em>Patrem</em></strong></span> <span class='ocrx_word' id='word_1_560' title='bbox 1437 4534 1684 4594; x_wconf 89' lang='lat' dir='ltr'><strong><em>mittere</em></strong></span> <span class='ocrx_word' id='word_1_561' title='bbox 1706 4533 2021 4612; x_wconf 86' lang='lat' dir='ltr'><strong><em>Spiritum</em></strong></span> <span class='ocrx_word' id='word_1_562' title='bbox 2053 4538 2359 4603; x_wconf 88' lang='lat' dir='ltr'><strong><em>sanctum,</em></strong></span> <span class='ocrx_word' id='word_1_563' title='bbox 2392 4537 2449 4589; x_wconf 88' lang='lat' dir='ltr'><strong><em>et</em></strong></span> <span class='ocrx_word' id='word_1_564' title='bbox 2491 4528 2654 4589; x_wconf 86' lang='lat' dir='ltr'><strong><em>hunc</em></strong></span> <span class='ocrx_word' id='word_1_565' title='bbox 2685 4526 2871 4588; x_wconf 90' lang='lat' dir='ltr'><strong><em>etiam</em></strong></span> <span class='ocrx_word' id='word_1_566' title='bbox 2905 4543 2943 4583; x_wconf 89' lang='lat' dir='ltr'><strong><em>a</em></strong></span> <span class='ocrx_word' id='word_1_567' title='bbox 2975 4523 3141 4585; x_wconf 83' lang='lat' dir='ltr'><strong><em>Filio</em></strong></span> <span class='ocrx_word' id='word_1_568' title='bbox 3174 4522 3367 4594; x_wconf 86' lang='lat' dir='ltr'><strong><em>mitti,</em></strong></span> <span class='ocrx_word' id='word_1_569' title='bbox 3392 4529 3667 4599; x_wconf 87' lang='lat' dir='ltr'><strong><em>propter</em></strong></span> 
     </span>
    </p>
   </div>
   <div class='ocr_carea' id='block_1_45' title="bbox 424 4614 3675 4703">
    <p class='ocr_par' dir='ltr' id='par_1_45' title="bbox 424 4614 3675 4703">
     <span class='ocr_line' id='line_1_45' title="bbox 424 4614 3675 4703; baseline -0.004 -15"><span class='ocrx_word' id='word_1_570' title='bbox 424 4625 613 4688; x_wconf 86' lang='lat' dir='ltr'><strong><em>istius</em></strong></span> <span class='ocrx_word' id='word_1_571' title='bbox 667 4622 1079 4703; x_wconf 72' lang='lat' dir='ltr'><strong><em>wqualitatem</em></strong></span> <span class='ocrx_word' id='word_1_572' title='bbox 1116 4641 1261 4701; x_wconf 87' lang='lat' dir='ltr'><strong><em>erga</em></strong></span> <span class='ocrx_word' id='word_1_573' title='bbox 1315 4624 1594 4686; x_wconf 90' lang='lat' dir='ltr'><strong><em>Patrem.</em></strong></span> <span class='ocrx_word' id='word_1_574' title='bbox 1650 4623 1863 4684; x_wconf 77' lang='lat' dir='ltr'><strong><em>«Siea:</em></strong></span> <span class='ocrx_word' id='word_1_575' title='bbox 1888 4624 2077 4683; x_wconf 83' lang='lat' dir='ltr'><strong><em>Patre</em></strong></span> <span class='ocrx_word' id='word_1_576' title='bbox 2103 4634 2159 4687; x_wconf 89' lang='lat' dir='ltr'><strong><em>et</em></strong></span> <span class='ocrx_word' id='word_1_577' title='bbox 2192 4625 2361 4686; x_wconf 82' lang='lat' dir='ltr'><strong><em>Filio</em></strong></span> <span class='ocrx_word' id='word_1_578' title='bbox 2412 4623 2697 4683; x_wconf 88' lang='lat' dir='ltr'><strong><em>mittitur</em></strong></span> <span class='ocrx_word' id='word_1_579' title='bbox 2754 4619 3026 4699; x_wconf 90' lang='lat' dir='ltr'><strong><em>Spiritus</em></strong></span> <span class='ocrx_word' id='word_1_580' title='bbox 3080 4624 3338 4679; x_wconf 83' lang='lat' dir='ltr'><strong><em>sanctus</em></strong></span> <span class='ocrx_word' id='word_1_581' title='bbox 3394 4614 3675 4694; x_wconf 87' lang='lat' dir='ltr'><strong><em>(reponit</em></strong></span> 
     </span>
    </p>
   </div>
   <div class='ocr_carea' id='block_1_46' title="bbox 428 4712 3668 4801">
    <p class='ocr_par' dir='ltr' id='par_1_46' title="bbox 428 4712 3668 4801">
     <span class='ocr_line' id='line_1_46' title="bbox 428 4712 3668 4801; baseline -0.004 -19"><span class='ocrx_word' id='word_1_582' title='bbox 428 4720 712 4797; x_wconf 83' lang='lat' dir='ltr'><strong><em>Beccus).</em></strong></span> <span class='ocrx_word' id='word_1_583' title='bbox 732 4729 1000 4801; x_wconf 88' lang='lat' dir='ltr'><strong><em>propter</em></strong></span> <span class='ocrx_word' id='word_1_584' title='bbox 1023 4720 1437 4799; x_wconf 83' lang='lat' dir='ltr'><strong><em>aequalitatem</em></strong></span> <span class='ocrx_word' id='word_1_585' title='bbox 1459 4719 1616 4781; x_wconf 74' lang='lat' dir='ltr'><strong><em>Filii</em></strong></span> <span class='ocrx_word' id='word_1_586' title='bbox 1645 4738 1791 4797; x_wconf 88' lang='lat' dir='ltr'><strong><em>erga</em></strong></span> <span class='ocrx_word' id='word_1_587' title='bbox 1807 4720 2094 4788; x_wconf 88' lang='lat' dir='ltr'><strong><em>Patrem;</em></strong></span> <span class='ocrx_word' id='word_1_588' title='bbox 2127 4738 2254 4783; x_wconf 91' lang='lat' dir='ltr'><strong><em>non</em></strong></span> <span class='ocrx_word' id='word_1_589' title='bbox 2282 4721 2373 4783; x_wconf 89' lang='lat' dir='ltr'><strong><em>uti</em></strong></span> <span class='ocrx_word' id='word_1_590' title='bbox 2397 4740 2475 4781; x_wconf 75' lang='lat' dir='ltr'><strong><em>ea:</em></strong></span> <span class='ocrx_word' id='word_1_591' title='bbox 2507 4718 2747 4780; x_wconf 82' lang='lat' dir='ltr'><strong><em>duobus</em></strong></span> <span class='ocrx_word' id='word_1_592' title='bbox 2766 4716 3053 4787; x_wconf 74' lang='lat' dir='ltr'><strong><em>mittitur,</em></strong></span> <span class='ocrx_word' id='word_1_593' title='bbox 3070 4732 3195 4794; x_wconf 87' lang='lat' dir='ltr'><strong><em>qua</em></strong></span> <span class='ocrx_word' id='word_1_594' title='bbox 3226 4712 3400 4776; x_wconf 89' lang='lat' dir='ltr'><strong><em>enim</em></strong></span> <span class='ocrx_word' id='word_1_595' title='bbox 3424 4712 3668 4773; x_wconf 89' lang='lat' dir='ltr'><strong><em>ratione</em></strong></span> 
     </span>
    </p>
   </div>
   <div class='ocr_carea' id='block_1_47' title="bbox 427 4808 3677 4891">
    <p class='ocr_par' dir='ltr' id='par_1_47' title="bbox 427 4808 3677 4891">
     <span class='ocr_line' id='line_1_47' title="bbox 427 4808 3677 4891; baseline -0.004 -13"><span class='ocrx_word' id='word_1_596' title='bbox 427 4824 593 4879; x_wconf 83' lang='lat' dir='ltr'><strong><em>esset</em></strong></span> <span class='ocrx_word' id='word_1_597' title='bbox 623 4834 788 4877; x_wconf 86' lang='lat' dir='ltr'><strong><em>unus</em></strong></span> <span class='ocrx_word' id='word_1_598' title='bbox 810 4815 1210 4888; x_wconf 81' lang='lat' dir='ltr'><strong><em>etindivisus,</em></strong></span> <span class='ocrx_word' id='word_1_599' title='bbox 1230 4815 1283 4877; x_wconf 89' lang='lat' dir='ltr'><strong><em>si</em></strong></span> <span class='ocrx_word' id='word_1_600' title='bbox 1318 4832 1441 4877; x_wconf 91' lang='lat' dir='ltr'><strong><em>non</em></strong></span> <span class='ocrx_word' id='word_1_601' title='bbox 1480 4816 1675 4877; x_wconf 87' lang='lat' dir='ltr'><strong><em>veluti</em></strong></span> <span class='ocrx_word' id='word_1_602' title='bbox 1703 4835 1781 4876; x_wconf 71' lang='lat' dir='ltr'><strong><em>eo:</em></strong></span> <span class='ocrx_word' id='word_1_603' title='bbox 1810 4833 1936 4876; x_wconf 88' lang='lat' dir='ltr'><strong><em>una</em></strong></span> <span class='ocrx_word' id='word_1_604' title='bbox 1961 4834 2148 4877; x_wconf 85' lang='lat' dir='ltr'><strong><em>causa</em></strong></span> <span class='ocrx_word' id='word_1_605' title='bbox 2178 4814 2644 4891; x_wconf 84' lang='lat' dir='ltr'><strong><em>missionis,sed</em></strong></span> <span class='ocrx_word' id='word_1_606' title='bbox 2685 4812 2881 4875; x_wconf 89' lang='lat' dir='ltr'><strong><em>veluti</em></strong></span> <span class='ocrx_word' id='word_1_607' title='bbox 2912 4831 2993 4871; x_wconf 74' lang='lat' dir='ltr'><strong><em>ex</em></strong></span> <span class='ocrx_word' id='word_1_608' title='bbox 3023 4809 3262 4872; x_wconf 87' lang='lat' dir='ltr'><strong><em>duabus</em></strong></span> <span class='ocrx_word' id='word_1_609' title='bbox 3295 4808 3501 4869; x_wconf 84' lang='lat' dir='ltr'><strong><em>causis</em></strong></span> <span class='ocrx_word' id='word_1_610' title='bbox 3526 4808 3677 4868; x_wconf 74' lang='lat' dir='ltr'><strong><em>niis-</em></strong></span> 
     </span>
    </p>
   </div>
   <div class='ocr_carea' id='block_1_48' title="bbox 429 4903 3661 4991">
    <p class='ocr_par' dir='ltr' id='par_1_48' title="bbox 429 4903 3661 4991">
     <span class='ocr_line' id='line_1_48' title="bbox 429 4903 3661 4991; baseline -0.003 -18"><span class='ocrx_word' id='word_1_611' title='bbox 429 4913 653 4986; x_wconf 84' lang='lat' dir='ltr'><strong><em>sionis,</em></strong></span> <span class='ocrx_word' id='word_1_612' title='bbox 688 4911 888 4973; x_wconf 87' lang='lat' dir='ltr'><strong><em>Patris</em></strong></span> <span class='ocrx_word' id='word_1_613' title='bbox 921 4919 982 4972; x_wconf 90' lang='lat' dir='ltr'><strong><em>et</em></strong></span> <span class='ocrx_word' id='word_1_614' title='bbox 1017 4910 1188 4983; x_wconf 90' lang='lat' dir='ltr'><strong><em>Filii,</em></strong></span> <span class='ocrx_word' id='word_1_615' title='bbox 1225 4907 1635 4972; x_wconf 82' lang='lat' dir='ltr'><strong><em>mitteretur?</em></strong></span> <span class='ocrx_word' id='word_1_616' title='bbox 1698 4912 1834 4973; x_wconf 92' lang='lat' dir='ltr'><strong><em>Pari</em></strong></span> <span class='ocrx_word' id='word_1_617' title='bbox 1866 4927 2129 4991; x_wconf 91' lang='lat' dir='ltr'><strong><em>quoque</em></strong></span> <span class='ocrx_word' id='word_1_618' title='bbox 2182 4913 2453 4987; x_wconf 82' lang='lat' dir='ltr'><strong><em>ratione,</em></strong></span> <span class='ocrx_word' id='word_1_619' title='bbox 2513 4908 2887 4971; x_wconf 88' lang='lat' dir='ltr'><strong><em>naturaliter</em></strong></span> <span class='ocrx_word' id='word_1_620' title='bbox 2920 4916 2982 4969; x_wconf 90' lang='lat' dir='ltr'><strong><em>et</em></strong></span> <span class='ocrx_word' id='word_1_621' title='bbox 3019 4904 3452 4968; x_wconf 87' lang='lat' dir='ltr'><strong><em>essentialiter</em></strong></span> <span class='ocrx_word' id='word_1_622' title='bbox 3485 4903 3661 4965; x_wconf 72' lang='lat' dir='ltr'><strong><em>exsi-</em></strong></span> 
     </span>
    </p>
   </div>
   <div class='ocr_carea' id='block_1_49' title="bbox 426 4999 3669 5082">
    <p class='ocr_par' dir='ltr' id='par_1_49' title="bbox 426 4999 3669 5082">
     <span class='ocr_line' id='line_1_49' title="bbox 426 4999 3669 5082; baseline -0.003 -13"><span class='ocrx_word' id='word_1_623' title='bbox 426 5020 594 5071; x_wconf 87' lang='lat' dir='ltr'><strong><em>stens</em></strong></span> <span class='ocrx_word' id='word_1_624' title='bbox 619 5028 697 5070; x_wconf 75' lang='lat' dir='ltr'><strong><em>ea:</em></strong></span> <span class='ocrx_word' id='word_1_625' title='bbox 740 5010 931 5069; x_wconf 87' lang='lat' dir='ltr'><strong><em>Patre</em></strong></span> <span class='ocrx_word' id='word_1_626' title='bbox 965 5017 1020 5068; x_wconf 88' lang='lat' dir='ltr'><strong><em>et</em></strong></span> <span class='ocrx_word' id='word_1_627' title='bbox 1043 5008 1233 5082; x_wconf 84' lang='lat' dir='ltr'><strong><em>Filio,</em></strong></span> <span class='ocrx_word' id='word_1_628' title='bbox 1274 5024 1398 5071; x_wconf 91' lang='lat' dir='ltr'><strong><em>non</em></strong></span> <span class='ocrx_word' id='word_1_629' title='bbox 1427 5008 1517 5069; x_wconf 91' lang='lat' dir='ltr'><strong><em>uti</em></strong></span> <span class='ocrx_word' id='word_1_630' title='bbox 1547 5027 1624 5068; x_wconf 73' lang='lat' dir='ltr'><strong><em>ex</em></strong></span> <span class='ocrx_word' id='word_1_631' title='bbox 1673 5008 1936 5081; x_wconf 88' lang='lat' dir='ltr'><strong><em>duobus,</em></strong></span> <span class='ocrx_word' id='word_1_632' title='bbox 1996 5009 2110 5070; x_wconf 89' lang='lat' dir='ltr'><strong><em>sed</em></strong></span> <span class='ocrx_word' id='word_1_633' title='bbox 2146 5013 2233 5072; x_wconf 92' lang='lat' dir='ltr'><strong><em>uti</em></strong></span> <span class='ocrx_word' id='word_1_634' title='bbox 2270 5030 2348 5073; x_wconf 80' lang='lat' dir='ltr'><strong><em>eac</em></strong></span> <span class='ocrx_word' id='word_1_635' title='bbox 2384 5028 2505 5070; x_wconf 89' lang='lat' dir='ltr'><strong><em>uno</em></strong></span> <span class='ocrx_word' id='word_1_636' title='bbox 2550 5008 2706 5078; x_wconf 88' lang='lat' dir='ltr'><strong><em>Deo,</em></strong></span> <span class='ocrx_word' id='word_1_637' title='bbox 2746 5004 3117 5067; x_wconf 89' lang='lat' dir='ltr'><strong><em>naturaliter</em></strong></span> <span class='ocrx_word' id='word_1_638' title='bbox 3146 5009 3206 5065; x_wconf 89' lang='lat' dir='ltr'><strong><em>et</em></strong></span> <span class='ocrx_word' id='word_1_639' title='bbox 3239 4999 3669 5065; x_wconf 90' lang='lat' dir='ltr'><strong><em>essentialiter</em></strong></span> 
     </span>
    </p>
   </div>
   <div class='ocr_carea' id='block_1_50' title="bbox 428 5106 1056 5187">
    <p class='ocr_par' dir='ltr' id='par_1_50' title="bbox 428 5106 1056 5187">
     <span class='ocr_line' id='line_1_50' title="bbox 428 5106 1056 5187; baseline -0.018 -20"><span class='ocrx_word' id='word_1_640' title='bbox 428 5106 700 5168; x_wconf 83' lang='lat' dir='ltr'><strong><em>exsistit.</em></strong></span> <span class='ocrx_word' id='word_1_641' title='bbox 740 5130 766 5160; x_wconf 69' lang='grc' dir='ltr'><strong>υ</strong></span> <span class='ocrx_word' id='word_1_642' title='bbox 1045 5176 1056 5187; x_wconf 38' lang='grc'><em>.</em></span> 
     </span>
    </p>
   </div>
   <div class='ocr_carea' id='block_1_51' title="bbox 510 5210 3677 5299">
    <p class='ocr_par' dir='ltr' id='par_1_51' title="bbox 510 5210 3677 5299">
     <span class='ocr_line' id='line_1_51' title="bbox 510 5210 3677 5299; baseline -0.004 -16"><span class='ocrx_word' id='word_1_643' title='bbox 510 5223 618 5298; x_wconf 63' lang='grc'><strong><em>(3.)</em></strong></span> <span class='ocrx_word' id='word_1_644' title='bbox 642 5220 761 5282; x_wconf 85' lang='lat' dir='ltr'><strong><em>Sed</em></strong></span> <span class='ocrx_word' id='word_1_645' title='bbox 789 5220 1100 5299; x_wconf 85' lang='lat' dir='ltr'><strong><em>scriptum</em></strong></span> <span class='ocrx_word' id='word_1_646' title='bbox 1131 5229 1219 5280; x_wconf 82' lang='lat' dir='ltr'><strong><em>est</em></strong></span> <span class='ocrx_word' id='word_1_647' title='bbox 1246 5219 1460 5299; x_wconf 87' lang='lat' dir='ltr'><strong><em>(verba</em></strong></span> <span class='ocrx_word' id='word_1_648' title='bbox 1505 5229 1653 5281; x_wconf 91' lang='lat' dir='ltr'><strong><em>sunt</em></strong></span> <span class='ocrx_word' id='word_1_649' title='bbox 1689 5222 1752 5282; x_wconf 90' lang='lat' dir='ltr'><strong><em>in</em></strong></span> <span class='ocrx_word' id='word_1_650' title='bbox 1790 5220 2061 5299; x_wconf 83' lang='lat' dir='ltr'><strong><em>epistola</em></strong></span> <span class='ocrx_word' id='word_1_651' title='bbox 2097 5222 2169 5282; x_wconf 89' lang='lat' dir='ltr'><strong><em>al</em></strong></span> <span class='ocrx_word' id='word_1_652' title='bbox 2214 5221 2541 5284; x_wconf 74' lang='lat' dir='ltr'><strong><em>Nicolaum</em></strong></span> <span class='ocrx_word' id='word_1_653' title='bbox 2597 5213 2982 5288; x_wconf 81' lang='lat' dir='ltr'><strong><em>diaconum)</em></strong></span> <span class='ocrx_word' id='word_1_654' title='bbox 3017 5235 3034 5276; x_wconf 86' lang='lat'><strong>:</strong></span> <span class='ocrx_word' id='word_1_655' title='bbox 3068 5213 3354 5292; x_wconf 86' lang='lat' dir='ltr'><strong><em>Spiritus</em></strong></span> <span class='ocrx_word' id='word_1_656' title='bbox 3407 5210 3567 5272; x_wconf 83' lang='lat' dir='ltr'><strong><em>Filii</em></strong></span> <span class='ocrx_word' id='word_1_657' title='bbox 3616 5218 3677 5270; x_wconf 85' lang='lat' dir='ltr'><strong><em>et</em></strong></span> 
     </span>
    </p>
   </div>
   <div class='ocr_carea' id='block_1_52' title="bbox 426 5307 3678 5398">
    <p class='ocr_par' dir='ltr' id='par_1_52' title="bbox 426 5307 3678 5398">
     <span class='ocr_line' id='line_1_52' title="bbox 426 5307 3678 5398; baseline -0.003 -18"><span class='ocrx_word' id='word_1_658' title='bbox 426 5320 710 5398; x_wconf 75' lang='lat' dir='ltr'><strong><em>Spiritus</em></strong></span> <span class='ocrx_word' id='word_1_659' title='bbox 756 5307 1020 5380; x_wconf 81' lang='lat' dir='ltr'><strong><em>Christi.</em></strong></span> <span class='ocrx_word' id='word_1_660' title='bbox 1054 5317 1139 5376; x_wconf 88' lang='lat' dir='ltr'><strong><em>Et</em></strong></span> <span class='ocrx_word' id='word_1_661' title='bbox 1196 5336 1304 5395; x_wconf 86' lang='lat' dir='ltr'><strong><em>ego</em></strong></span> <span class='ocrx_word' id='word_1_662' title='bbox 1355 5316 1648 5379; x_wconf 91' lang='lat' dir='ltr'><strong><em>concedo.</em></strong></span> <span class='ocrx_word' id='word_1_663' title='bbox 1735 5312 2253 5394; x_wconf 81' lang='lat' dir='ltr'><strong><em>Quandoquidem</em></strong></span> <span class='ocrx_word' id='word_1_664' title='bbox 2299 5328 2355 5380; x_wconf 89' lang='lat' dir='ltr'><strong><em>et</em></strong></span> <span class='ocrx_word' id='word_1_665' title='bbox 2389 5318 2672 5396; x_wconf 87' lang='lat' dir='ltr'><strong><em>Spiritus</em></strong></span> <span class='ocrx_word' id='word_1_666' title='bbox 2715 5312 3029 5383; x_wconf 83' lang='lat' dir='ltr'><strong><em>veritatis,</em></strong></span> <span class='ocrx_word' id='word_1_667' title='bbox 3069 5319 3126 5370; x_wconf 91' lang='lat' dir='ltr'><strong><em>et</em></strong></span> <span class='ocrx_word' id='word_1_668' title='bbox 3181 5308 3468 5388; x_wconf 86' lang='lat' dir='ltr'><strong><em>Spiritus</em></strong></span> <span class='ocrx_word' id='word_1_669' title='bbox 3532 5307 3678 5369; x_wconf 69' lang='lat' dir='ltr'><strong><em>vita:</em></strong></span> 
     </span>
    </p>
   </div>
   <div class='ocr_carea' id='block_1_53' title="bbox 432 5409 3676 5498">
    <p class='ocr_par' dir='ltr' id='par_1_53' title="bbox 432 5409 3676 5498">
     <span class='ocr_line' id='line_1_53' title="bbox 432 5409 3676 5498; baseline -0.003 -22"><span class='ocrx_word' id='word_1_670' title='bbox 432 5427 546 5478; x_wconf 91' lang='lat' dir='ltr'><strong><em>est.</em></strong></span> <span class='ocrx_word' id='word_1_671' title='bbox 587 5413 853 5482; x_wconf 80' lang='lat' dir='ltr'><strong><em>Addam,</em></strong></span> <span class='ocrx_word' id='word_1_672' title='bbox 889 5424 946 5472; x_wconf 89' lang='lat' dir='ltr'><strong><em>et</em></strong></span> <span class='ocrx_word' id='word_1_673' title='bbox 984 5414 1330 5491; x_wconf 66' lang='lat' dir='ltr'><strong><em>sapientiae,</em></strong></span> <span class='ocrx_word' id='word_1_674' title='bbox 1367 5423 1421 5474; x_wconf 88' lang='lat' dir='ltr'><strong><em>et</em></strong></span> <span class='ocrx_word' id='word_1_675' title='bbox 1448 5415 1877 5493; x_wconf 83' lang='lat' dir='ltr'><strong><em>fortitudinis.</em></strong></span> <span class='ocrx_word' id='word_1_676' title='bbox 1925 5414 2005 5475; x_wconf 81' lang='lat' dir='ltr'><strong><em>At</em></strong></span> <span class='ocrx_word' id='word_1_677' title='bbox 2033 5432 2182 5483; x_wconf 89' lang='lat' dir='ltr'><strong><em>non,</em></strong></span> <span class='ocrx_word' id='word_1_678' title='bbox 2249 5415 2418 5493; x_wconf 83' lang='lat' dir='ltr'><strong><em>quod</em></strong></span> <span class='ocrx_word' id='word_1_679' title='bbox 2462 5414 2663 5475; x_wconf 83' lang='lat' dir='ltr'><strong><em>veluti</em></strong></span> <span class='ocrx_word' id='word_1_680' title='bbox 2708 5432 2787 5474; x_wconf 74' lang='lat' dir='ltr'><strong><em>ex</em></strong></span> <span class='ocrx_word' id='word_1_681' title='bbox 2855 5428 2922 5470; x_wconf 92' lang='lat' dir='ltr'><strong><em>eo</em></strong></span> <span class='ocrx_word' id='word_1_682' title='bbox 2967 5409 3283 5487; x_wconf 79' lang='lat' dir='ltr'><strong><em>provenit,</em></strong></span> <span class='ocrx_word' id='word_1_683' title='bbox 3335 5412 3394 5479; x_wconf 77' lang='grc' dir='ltr'>ἐξ</span> <span class='ocrx_word' id='word_1_684' title='bbox 3454 5415 3676 5498; x_wconf 59' lang='grc' dir='ltr'><strong><em>ὲκεξνου</em></strong></span> 
     </span>
    </p>
   </div>
   <div class='ocr_carea' id='block_1_54' title="bbox 432 5502 3675 5594">
    <p class='ocr_par' dir='ltr' id='par_1_54' title="bbox 432 5502 3675 5594">
     <span class='ocr_line' id='line_1_54' title="bbox 432 5502 3675 5594; baseline -0.004 -19"><span class='ocrx_word' id='word_1_685' title='bbox 432 5522 661 5594; x_wconf 71' lang='grc' dir='ltr'><strong><em>πρςῖὼν,</em></strong></span> <span class='ocrx_word' id='word_1_686' title='bbox 707 5511 816 5573; x_wconf 88' lang='lat' dir='ltr'><strong><em>sed</em></strong></span> <span class='ocrx_word' id='word_1_687' title='bbox 844 5509 1010 5590; x_wconf 89' lang='lat' dir='ltr'><strong><em>quod</em></strong></span> <span class='ocrx_word' id='word_1_688' title='bbox 1026 5512 1340 5590; x_wconf 85' lang='lat' dir='ltr'><strong><em>proprius</em></strong></span> <span class='ocrx_word' id='word_1_689' title='bbox 1382 5513 1556 5575; x_wconf 79' lang='lat' dir='ltr'><strong><em>illius</em></strong></span> <span class='ocrx_word' id='word_1_690' title='bbox 1598 5523 1688 5574; x_wconf 90' lang='lat' dir='ltr'><strong><em>est</em></strong></span> <span class='ocrx_word' id='word_1_691' title='bbox 1730 5512 2057 5592; x_wconf 83' lang='lat' dir='ltr'><strong><em>(cognatus</em></strong></span> <span class='ocrx_word' id='word_1_692' title='bbox 2086 5511 2248 5572; x_wconf 84' lang='lat' dir='ltr'><strong><em>enim</em></strong></span> <span class='ocrx_word' id='word_1_693' title='bbox 2305 5520 2417 5583; x_wconf 90' lang='lat' dir='ltr'><strong><em>est,</em></strong></span> <span class='ocrx_word' id='word_1_694' title='bbox 2447 5529 2577 5571; x_wconf 87' lang='lat' dir='ltr'><strong><em>non</em></strong></span> <span class='ocrx_word' id='word_1_695' title='bbox 2598 5506 2988 5578; x_wconf 69' lang='lat' dir='ltr'><strong><em>extraneus},</em></strong></span> <span class='ocrx_word' id='word_1_696' title='bbox 3031 5506 3099 5565; x_wconf 89' lang='lat' dir='ltr'><strong><em>in</em></strong></span> <span class='ocrx_word' id='word_1_697' title='bbox 3134 5522 3198 5564; x_wconf 88' lang='lat' dir='ltr'><strong><em>eo</em></strong></span> <span class='ocrx_word' id='word_1_698' title='bbox 3254 5502 3675 5582; x_wconf 86' lang='lat' dir='ltr'><strong><em>conquiescit,</em></strong></span> 
     </span>
    </p>
   </div>
   <div class='ocr_carea' id='block_1_55' title="bbox 431 5600 3330 5691">
    <p class='ocr_par' dir='ltr' id='par_1_55' title="bbox 431 5600 3330 5691">
     <span class='ocr_line' id='line_1_55' title="bbox 431 5600 3330 5691; baseline -0.006 -15"><span class='ocrx_word' id='word_1_699' title='bbox 431 5620 518 5676; x_wconf 79' lang='lat' dir='ltr'><strong><em>Ac</em></strong></span> <span class='ocrx_word' id='word_1_700' title='bbox 543 5615 730 5673; x_wconf 84' lang='lat' dir='ltr'><strong><em>etiam</em></strong></span> <span class='ocrx_word' id='word_1_701' title='bbox 763 5609 912 5690; x_wconf 87' lang='lat' dir='ltr'><strong><em>quia</em></strong></span> <span class='ocrx_word' id='word_1_702' title='bbox 964 5608 1039 5670; x_wconf 87' lang='lat' dir='ltr'><strong><em>ab</em></strong></span> <span class='ocrx_word' id='word_1_703' title='bbox 1072 5610 1209 5688; x_wconf 85' lang='lat' dir='ltr'><strong><em>ipso</em></strong></span> <span class='ocrx_word' id='word_1_704' title='bbox 1234 5609 1316 5673; x_wconf 87' lang='lat' dir='ltr'><strong><em>ad</em></strong></span> <span class='ocrx_word' id='word_1_705' title='bbox 1351 5630 1450 5671; x_wconf 87' lang='lat' dir='ltr'><strong><em>eos</em></strong></span> <span class='ocrx_word' id='word_1_706' title='bbox 1491 5612 1599 5691; x_wconf 88' lang='lat' dir='ltr'><strong><em>qui</em></strong></span> <span class='ocrx_word' id='word_1_707' title='bbox 1628 5610 1807 5690; x_wconf 87' lang='lat' dir='ltr'><strong><em>digni</em></strong></span> <span class='ocrx_word' id='word_1_708' title='bbox 1834 5620 2002 5682; x_wconf 76' lang='lat' dir='ltr'><strong><em>sum,</em></strong></span> <span class='ocrx_word' id='word_1_709' title='bbox 2036 5608 2338 5680; x_wconf 83' lang='lat' dir='ltr'><strong><em>mittitur,</em></strong></span> <span class='ocrx_word' id='word_1_710' title='bbox 2367 5608 2571 5685; x_wconf 87' lang='lat' dir='ltr'><strong><em>eisque</em></strong></span> <span class='ocrx_word' id='word_1_711' title='bbox 2598 5603 3022 5667; x_wconf 88' lang='lat' dir='ltr'><strong><em>distribuitur</em></strong></span> <span class='ocrx_word' id='word_1_712' title='bbox 3054 5612 3109 5663; x_wconf 90' lang='lat' dir='ltr'><strong><em>et</em></strong></span> <span class='ocrx_word' id='word_1_713' title='bbox 3141 5600 3330 5661; x_wconf 88' lang='lat' dir='ltr'><strong><em>datur</em></strong></span> 
     </span>
    </p>
   </div>
   <div class='ocr_carea' id='block_1_56' title="bbox 520 5697 3679 5783">
    <p class='ocr_par' dir='ltr' id='par_1_56' title="bbox 520 5697 3679 5783">
     <span class='ocr_line' id='line_1_56' title="bbox 520 5697 3679 5783; baseline -0.004 -14"><span class='ocrx_word' id='word_1_714' title='bbox 520 5735 548 5769; x_wconf 72' lang='grc' dir='ltr'><strong><em>α</em></strong></span> <span class='ocrx_word' id='word_1_715' title='bbox 582 5710 733 5772; x_wconf 80' lang='lat' dir='ltr'><strong><em>Mihi</em></strong></span> <span class='ocrx_word' id='word_1_716' title='bbox 761 5706 1030 5781; x_wconf 80' lang='lat' dir='ltr'><strong><em>videtur,</em></strong></span> <span class='ocrx_word' id='word_1_717' title='bbox 1072 5707 1159 5769; x_wconf 88' lang='lat' dir='ltr'><strong><em>ait</em></strong></span> <span class='ocrx_word' id='word_1_718' title='bbox 1188 5709 1450 5780; x_wconf 74' lang='lat' dir='ltr'><strong><em>Recens,</em></strong></span> <span class='ocrx_word' id='word_1_719' title='bbox 1479 5707 1545 5768; x_wconf 92' lang='lat' dir='ltr'><strong><em>in</em></strong></span> <span class='ocrx_word' id='word_1_720' title='bbox 1585 5724 1722 5770; x_wconf 87' lang='lat' dir='ltr'><strong><em>eam</em></strong></span> <span class='ocrx_word' id='word_1_721' title='bbox 1754 5705 2139 5768; x_wconf 87' lang='lat' dir='ltr'><strong><em>sententiam</em></strong></span> <span class='ocrx_word' id='word_1_722' title='bbox 2196 5703 2520 5783; x_wconf 81' lang='lat' dir='ltr'><strong><em>accepisse</em></strong></span> <span class='ocrx_word' id='word_1_723' title='bbox 2580 5699 3127 5780; x_wconf 78' lang='lat' dir='ltr'><strong><em>Theophylaclum</em></strong></span> <span class='ocrx_word' id='word_1_724' title='bbox 3172 5697 3331 5758; x_wconf 90' lang='lat' dir='ltr'><strong><em>illud</em></strong></span> <span class='ocrx_word' id='word_1_725' title='bbox 3379 5704 3477 5774; x_wconf 77' lang='grc' dir='ltr'>οὐχ</span> <span class='ocrx_word' id='word_1_726' title='bbox 3504 5703 3580 5781; x_wconf 77' lang='grc' dir='ltr'><strong><em>ὡς</em></strong></span> <span class='ocrx_word' id='word_1_727' title='bbox 3612 5703 3679 5770; x_wconf 76' lang='grc' dir='ltr'>ἐξ</span> 
     </span>
    </p>
   </div>
   <div class='ocr_carea' id='block_1_57' title="bbox 432 5800 2005 5877">
    <p class='ocr_par' dir='ltr' id='par_1_57' title="bbox 432 5804 2002 5877">
     <span class='ocr_line' id='line_1_57' title="bbox 432 5804 2002 5877; baseline -0.006 -4"><span class='ocrx_word' id='word_1_728' title='bbox 432 5820 645 5873; x_wconf 54' lang='lat' dir='ltr'><strong><em>enim</em></strong></span> <span class='ocrx_word' id='word_1_729' title='bbox 678 5813 899 5877; x_wconf 68' lang='grc' dir='ltr'><strong><em>πῡοῖὼν,</em></strong></span> <span class='ocrx_word' id='word_1_730' title='bbox 960 5825 1087 5870; x_wconf 83' lang='grc' dir='ltr'><strong><em>ηοη</em></strong></span> <span class='ocrx_word' id='word_1_731' title='bbox 1136 5804 1332 5868; x_wconf 75' lang='lat' dir='ltr'><strong><em>veluti</em></strong></span> <span class='ocrx_word' id='word_1_732' title='bbox 1392 5825 1470 5867; x_wconf 75' lang='lat' dir='ltr'><strong><em>ea:</em></strong></span> <span class='ocrx_word' id='word_1_733' title='bbox 1498 5824 1564 5866; x_wconf 90' lang='lat' dir='ltr'><strong><em>eo</em></strong></span> <span class='ocrx_word' id='word_1_734' title='bbox 1626 5806 2002 5872; x_wconf 79' lang='lat' dir='ltr'><strong><em>m&#39;oveniens</em></strong></span> 
     </span>
    </p>
   </div>
   <div class='ocr_carea' id='block_1_58' title="bbox 2101 5800 3674 5877">
    <p class='ocr_par' dir='ltr' id='par_1_58' title="bbox 2101 5800 3674 5874">
     <span class='ocr_line' id='line_1_58' title="bbox 2101 5800 3674 5874; baseline -0.008 -11"><span class='ocrx_word' id='word_1_735' title='bbox 2101 5817 2162 5863; x_wconf 82' lang='lat' dir='ltr'><strong><em>ac</em></strong></span> <span class='ocrx_word' id='word_1_736' title='bbox 2232 5800 2287 5862; x_wconf 86' lang='lat' dir='ltr'><strong><em>Si</em></strong></span> <span class='ocrx_word' id='word_1_737' title='bbox 2339 5800 2634 5871; x_wconf 76' lang='lat' dir='ltr'><strong><em>dixisset,</em></strong></span> <span class='ocrx_word' id='word_1_738' title='bbox 2667 5810 2766 5874; x_wconf 71' lang='grc' dir='ltr'>οὐχ</span> <span class='ocrx_word' id='word_1_739' title='bbox 2804 5810 2883 5870; x_wconf 82' lang='grc' dir='ltr'><strong><em>ὡς</em></strong></span> <span class='ocrx_word' id='word_1_740' title='bbox 2926 5805 2985 5873; x_wconf 85' lang='grc' dir='ltr'>ἐξ</span> <span class='ocrx_word' id='word_1_741' title='bbox 3038 5806 3247 5858; x_wconf 73' lang='grc' dir='ltr'><strong><em>ἐκεῖνον</em></strong></span> <span class='ocrx_word' id='word_1_742' title='bbox 3301 5800 3674 5872; x_wconf 70' lang='grc' dir='ltr'><strong><em>ἐκπορευόμε-</em></strong></span> 
     </span>
    </p>
   </div>
  </div>
