4058 6470
348 371 418 431 85
1202 363 1300 424 DE
1338 360 1922 423 THEOPHYLACTI
1963 360 2235 423 GESTtS
2275 363 2370 423 ET
2411 363 2776 425 SCRIPTIS.
3526 352 3603 425 se

349 505 461 549 νον,
496 494 623 535 non
674 474 870 536 veluti
925 493 1004 535 ex
1064 491 1130 534 eo
1167 472 1539 552 procedens.
1600 473 1735 534 Hoc
1786 472 1958 533 enim
2034 472 2186 533 satis
2222 472 2796 547 indicatinductio,
2829 475 2888 535 in
2956 493 3077 553 qua
3128 478 3247 537 ait:
3307 476 3415 536 Sed
3458 484 3602 533 lan-

346 595 527 659 quam
584 573 695 654 qui
736 572 811 633 ab
870 574 1006 651 ipso
1063 571 1277 651 dignis
1309 572 1612 643 mittitur,
1646 570 2096 650 suppeditatur
2126 580 2179 631 et
2213 573 2751 640 communicatur;
2788 572 2917 633 hth
2944 574 3115 634 enim
3139 572 3357 632 omnia
3386 589 3417 631 a
3443 588 3604 647 pro-

349 672 819 752 cedente(juxta
838 669 1431 750 W‘lieotiliylactutu)
1459 668 2023 746 distinguuntur...
2044 667 2552 746 Quomodocrgo
2581 668 2807 745 poterit
2834 668 3144 745 Bulgarus
3169 668 3338 728 Italis
3368 675 3620 728 contra-

346 773 556 832 dicere
591 763 1057 839 asserentibus,
1092 764 1394 844 Spiritum
1426 766 1775 844 procedere
1808 783 1887 825 ex
1904 762 2090 833 Filio,
2124 763 2175 823 si
2213 779 2331 823 nos
2371 764 2870 838 Ostendcrimus,
2900 764 3067 825 inter
3092 763 3430 841 theologos
3453 776 3611 837 prm-

350 868 581 944 cipuos
607 871 668 925 et
700 859 1155 925 celeberrimos
1183 869 1403 940 aperte
1436 870 1494 924 et
1523 861 1728 940 palam
1779 859 2157 932 asseverari,
2214 861 2542 939 Spiritum
2574 864 2912 939 provenire
2949 881 3029 922 ea:
3062 862 3255 930 Filio,
3282 871 3344 923 τὸ
3369 865 3596 937 Πνεῦμα

351 964 559 1038 προῖὼν
593 962 654 1029 te
688 961 859 1016 nos?
892 957 1342 1017 Verumtamen
1389 954 1703 1032 Spiritum
1756 956 2093 1032 provenire
2132 976 2171 1017 a
2218 956 2412 1031 Filio,
2445 960 2602 1020 satis
2635 977 2667 1019 a
2714 977 2816 1021 me
2890 968 3071 1021 antea
3105 959 3611 1019 demonstratum

359 1054 448 1129 (in
499 1053 793 1115 oratione
824 1054 908 1114 De
950 1055 1182 1113 unione
1220 1051 1667 1120 Ecclesiarum,
1700 1050 1764 1113 in
1794 1052 2211 1131 Epigraphis,
2240 1062 2300 1114 et
2323 1054 2525 1135 alibi.)
2661 1056 2937 1129 Quidam
2980 1055 3154 1118 enim
3199 1072 3275 1115 ex
3326 1054 3615 1115 Patribus

352 1148 684 1227 inquiunt,
735 1169 774 1209 a
835 1150 999 1211 Filio
1029 1147 1252 1210 habere
1287 1165 1414 1206 esse
1436 1146 1752 1224 Spiritum
1776 1192 1790 1207 .
1824 1192 1839 1207 .
1876 1188 1890 1202 .
1918 1146 2103 1219 alius,
2141 1168 2218 1209 ea:
2252 1151 2421 1211 Filio
2454 1170 2578 1211 esse
2611 1171 2631 1211 :
2675 1151 2787 1212 ille
2821 1168 2998 1226 vero,
3043 1170 3120 1213 ea:
3160 1149 3326 1211 Filio
3356 1157 3619 1209 natura-

353 1246 506 1305 liter
536 1256 594 1305 et
613 1245 1035 1306 essentialiter
1050 1263 1210 1303 esse:
1229 1242 1490 1314 etalius,
1516 1262 1692 1302 suam
1720 1244 2107 1323 hypostasim
2123 1245 2346 1307 habere
2377 1266 2457 1307 ea:
2490 1250 2759 1310 essentia
2778 1250 2966 1315 Filii;
2994 1266 3298 1327 quorum,
3330 1247 3615 1325 inquam,

356 1341 704 1403 verborum
732 1342 970 1404 nullam
994 1341 1130 1419 ipse
1156 1339 1733 1418 [TheOphylactus]
1762 1339 2151 1401 mentionem
2176 1341 2345 1402 facit.
2371 1366 2399 1398 »
2425 1344 2573 1405 HtBC
2602 1344 2782 1405 Becei
2803 1344 3202 1407 reintatioais
3217 1361 3464 1404 summa
3498 1349 3617 1404 est.

440 1437 551 1517 (ἷιι.)
603 1440 776 1500 Hanc
818 1455 998 1500 suam
1053 1438 1171 1498 hoc
1204 1437 1346 1498 loco
1380 1437 1692 1505 traditam,
1730 1436 2174 1514 profertetiam
2212 1439 2525 1517 Bulgarus
2558 1442 2913 1503 doctrinam
2946 1443 3005 1503 in
3042 1439 3506 1503 commentario
3539 1439 3615 1498 ad

356 1542 550 1608 caput
586 1552 659 1595 ιιι
721 1535 1025 1595 Joannis:
1059 1534 1189 1597 Nos
1225 1532 1518 1606 dicimus,
1551 1533 1882 1612 inquiens,
1910 1534 2271 1612 quodaliud
2306 1537 2390 1598 sit
2431 1555 2559 1597 esse
2603 1557 2682 1599 ex
2717 1540 3012 1617 quopiam
3042 1538 3301 1598 et-atiud
3336 1555 3466 1597 esse
3516 1556 3622 1594 cu-

349 1626 686 1707 jusdam...
720 1629 924 1692 Habet
965 1638 1171 1691 autem
1190 1629 1505 1706 Spiritum
1540 1629 1749 1690 Filius
1796 1629 2303 1693 substantialiter
2334 1640 2389 1692 et
2425 1634 3037 1695 consubstantialem
3063 1634 3211 1694 sibi.
3246 1634 3530 1711 Utroque
3559 1634 3620 1691 in

365 1726 935 1788 locoinvehuntur
977 1727 1183 1807 plura,
1236 1743 1381 1803 quae
1415 1726 1481 1786 in
1510 1734 1722 1805 partes
1752 1726 1989 1788 tributa
2037 1726 2449 1805 diligentiore
2483 1729 2702 1791 studio
2756 1730 3166 1792 discutienda
3194 1739 3366 1790 sunt.
3444 1731 3624 1789 Inve-

361 1830 528 1883 ctam
574 1821 1061 1886 distinctionem
1121 1822 1408 1902 proﬂigat
1468 1822 1724 1884 Manuet
1789 1823 2011 1887 Caleca
2076 1825 2141 1886 in
2197 1826 2355 1887 libro
2413 1838 2636 1887 contra
2680 1828 2934 1889 (ἔναξε-οε
2964 1828 3165 1904 capite
3215 1829 3317 1900 22,
3355 1827 3464 1889 ubi
3511 1827 3629 1888 hoc

365 1918 596 1995 probat
650 1919 931 1999 egregie,
990 1936 1119 1982 non
1146 1936 1334 1998 posse
1410 1918 1530 1981 ista
1561 1920 1711 1994 dici,
1737 1920 2052 1999 Spiritum
2080 1932 2366 1984 sanctum
2398 1942 2525 1983 esse
2560 1925 2717 1985 Filii
2768 1925 3105 2001 Spiritum,
3130 1924 3226 1984 vel
3293 1926 3628 2004 proprium

367 2015 552 2089 Filii,
582 2016 709 2078 nisi
740 2018 1054 2097 principii
1089 2024 1150 2079 et
1198 2015 1331 2096 ejus
1349 2015 1517 2095 quod
1546 2018 1758 2079 oritur
1785 2016 2186 2097 aprincipio,
2232 2016 2399 2077 inter
2428 2018 2638 2077 ambos
2682 2017 3027 2080 intercedat
3072 2018 3267 2077 ratio.

450 2134 479 2167 α
511 2112 819 2188 Primum,
884 2114 1126 2195 inquit,
1164 2119 1312 2197 quia
1352 2123 1726 2197 ἀναφορικῶς,
1760 2115 1820 2175 id
1853 2112 2311 2177 estseeundum
2339 2113 2728 2185 relationem,
2761 2120 3167 2183 usurpentur
3220 2113 3374 2173 ista:
3412 2120 3471 2171 at
3522 2130 3634 2173 re-

371 2205 527 2270 latio
585 2209 764 2272 nulla
812 2220 907 2272 est
958 2212 1022 2275 in
1045 2213 1309 2288 divinis,
1343 2214 1473 2276 nisi
1520 2213 1866 2290 exorigine
1908 2208 2124 2288 petita.
2162 2206 2434 2280 Deinde,
2468 2226 2614 2269 cum
2642 2227 2829 2268 unum
2850 2210 3117 2271 alterius
3150 2208 3302 2281 dici,
3367 2208 3465 2270 vel
3518 2210 3634 2271 hoc

367 2304 561 2383 hujus
607 2308 970 2385 proprium,
1011 2308 1072 2369 in
1119 2309 1356 2373 divinis
1400 2308 1661 2390 (rejecta
1702 2305 1946 2368 scilicet
1995 2305 2280 2375 materia,
2336 2313 2397 2365 et
2433 2304 2507 2365 iis
2541 2305 2791 2383 rejectis
2843 2323 2988 2383 quin
3024 2306 3353 2367 materiam
3399 2323 3633 2368 conse-

368 2403 717 2482 quuntur),
753 2420 968 2483 neque
1010 2415 1308 2485 tanquam
1331 2405 1669 2467 membrum
1739 2420 1949 2482 neque
1988 2411 2058 2463 ut
2104 2403 2439 2479 possessio,
2500 2421 2712 2481 neque
2776 2406 3026 2465 ratione
3078 2405 3351 2485 alicujus
3419 2404 3631 2464 excel-

373 2493 602 2570 lentiae,
636 2504 734 2560 vel
770 2498 1040 2564 alterius
1068 2504 1452 2583 cujUSpiam,
1484 2500 1779 2564 ofﬁrmari
1811 2507 2003 2579 queat
2037 2518 2052 2556 :
2085 2501 2196 2561 sed
2222 2501 2468 2561 ratione
2496 2503 2631 2560 sola
2664 2503 2999 2580 principii,
3034 2512 3090 2563 et
3125 2503 3256 2585 ejus
3286 2501 3451 2581 quod
3481 2511 3569 2561 est
3600 2522 3638 2560 α

364 2594 723 2673 principio,
752 2597 816 2657 in
848 2614 978 2676 quo
1014 2617 1216 2661 unum
1248 2599 1326 2661 ab
1348 2601 1548 2661 altero
1576 2596 1858 2659 discerni
1895 2596 2545 2673 comprehendimus;
2575 2599 2991 2685 perspicuum
3033 2607 3149 2669 ist,
3176 2616 3320 2658 cum
3359 2598 3638 2658 dicimus

369 2689 687 2767 Spiritum
722 2702 1008 2755 sanetum
1030 2696 1369 2774 proprium
1418 2713 1545 2755 esse
1608 2694 1789 2764 Filii,
1822 2693 1883 2754 id
1906 2694 2041 2753 sola
2066 2692 2170 2754 illa
2204 2694 2523 2771 principii
2552 2695 2804 2755 ratione
2837 2695 3078 2756 dictum
3112 2693 3387 2773 intelligi
3423 2712 3634 2771 posse.

376 2786 516 2848 Non
552 2787 723 2850 enim
761 2789 996 2853 idcirco
1027 2792 1109 2854 ita
1137 2792 1465 2871 loquimur
1482 2792 1656 2872 quod
1677 2791 1808 2852 sint
1840 2789 2116 2853 invicem
2151 2796 2448 2868 ὀμοούσιοι,
2481 2790 2545 2851 id
2579 2798 2696 2864 est,
2731 2789 2997 2871 ejusdem
3026 2791 3428 2853 substantiae:
3456 2791 3634 2870 quia,

381 2880 437 2941 si
472 2899 622 2945 vera
686 2884 816 2947 haec
857 2897 1029 2949 esset
1059 2889 1238 2965 ratio,
1278 2907 1405 2951 non
1432 2890 1643 2951 minus
1687 2888 1898 2949 Filius
1952 2888 2075 2950 dici
2118 2895 2337 2967 posset
2392 2906 2523 2948 esse
2556 2886 2841 2967 Spiritus
2873 2889 3106 2963 sancti,
3151 2890 3247 2951 vel
3308 2888 3442 2969 ejus
3472 2906 3638 2968 pro-

377 2981 592 3057 prius,
647 3000 837 3062 quam
881 2984 984 3047 hic
1036 2985 1446 3066 itlius;quod
1470 2994 1564 3047 est
1601 2985 1991 3048 inauditum.
2026 3009 2057 3043 ››

460 3080 670 3142 Sancti
735 3082 946 3144 Patres
983 3084 1217 3145 Graecae
1245 3082 1482 3162 linguae
1518 3081 1731 3145 favent
1772 3081 2205 3161 apertissime.
2269 3080 2661 3143 Athanasius
2704 3081 2768 3143 in
2834 3080 3108 3159 epistola
3162 3083 3189 3142 1
3228 3081 3303 3143 ad
3341 3081 3641 3159 Serapio-

384 3191 775 3251 nem,.num.
797 3180 878 3241 25
901 3197 915 3237 :
940 3202 969 3235 α
992 3183 1183 3243 Porro
1202 3181 1258 3242 si
1280 3181 1511 3256 Filius,
1548 3180 1782 3260 inquit,
1802 3179 1952 3258 quia
1980 3185 2074 3240 est
2105 3197 2179 3239 ex
2199 3183 2402 3252 Patre,
2421 3179 2687 3258 prepius
2710 3179 2945 3242 idcirco
2966 3180 3252 3259 ejusdem
3277 3179 3471 3257 [XLI]
3495 3181 3647 3240 sub-

383 3274 640 3335 stantia)
671 3286 811 3336 est:
876 3291 1139 3338 necesse
1201 3284 1297 3338 est
1349 3276 1652 3339 similiter
1692 3274 2030 3354 Spiritum,
2076 3276 2185 3355 qui
2212 3294 2286 3339 ex
2334 3279 2467 3339 Deo
2517 3295 2659 3340 esse
2697 3277 2967 3351 dicitur,
3009 3275 3339 3354 proprium
3381 3292 3644 3355 quoque

383 3368 530 3429 Filii
575 3387 719 3432 esse
751 3371 1109 3433 secundum
1152 3373 1600 3435 substantiam.
1637 3395 1666 3429 »
1696 3374 1871 3434 Sicut
1897 3371 2100 3433 Filius
2129 3373 2429 3452 prOprius
2467 3382 2563 3434 est
2599 3372 2798 3435 Patris
2829 3376 3188 3434 secundum
3221 3372 3643 3434 substantiam

383 3466 541 3544 quia
566 3484 645 3528 ex
676 3470 853 3530 Patre
901 3476 1016 3535 est.
1066 3469 1152 3531 ita
1184 3471 1454 3549 Spiritus
1488 3469 1772 3549 procedit
1804 3486 1880 3530 ex
1913 3467 2099 3543 Filio,
2133 3468 2278 3549 quia
2312 3469 2613 3549 proprius
2668 3485 2933 3548 quoque
2988 3468 3133 3530 Filii
3163 3477 3258 3529 est
3285 3470 3643 3530 secundum

386 3562 835 3626 substantiam.
892 3567 967 3627 Et
997 3567 1274 3646 Spiritus
1314 3567 1581 3647 quidem
1626 3567 1866 3629 dicitur
1889 3584 1968 3626 ea:
1995 3567 2125 3627 Deo
2160 3585 2323 3628 esse:
2355 3567 2470 3628 sed
2498 3568 2679 3628 Pater
2708 3574 2767 3628 et
2797 3566 3005 3628 Filius
3042 3565 3111 3627 in
3144 3564 3503 3628 divinitatis
3546 3582 3645 3626 ra-

394 3662 576 3723 tione
631 3671 785 3724 sunt
822 3681 1071 3741 unum;
1105 3664 1321 3744 itaque
1359 3665 1635 3744 Spiritus
1660 3682 1738 3727 ex
1788 3666 1967 3727 Patre
2000 3673 2120 3738 est,
2173 3664 2461 3743 itemque
2489 3681 2568 3726 ex
2602 3663 2797 3725 Filio.

480 3777 546 3837 ln
589 3776 753 3840 hanc
789 3780 1175 3843 sententiam
1216 3780 1661 3843 illustrandum
1706 3788 1878 3840 tutus
1912 3786 2007 3840 est
2040 3777 2324 3856 Cyrillus
2356 3776 2861 3839 Alexandrinus.
2911 3775 3175 3838 Decimo
3224 3776 3286 3837 in
3335 3778 3649 3838 Joannem

395 3873 565 3935 libro
605 3891 744 3953 pag.
776 3877 917 3947 910,
948 3877 1036 3938 ait
1069 3899 1083 3939 :
1126 3901 1154 3934 ιι
1193 3880 1351 3940 Ecce
1385 3896 1527 3939 cum
1558 3876 1818 3955 (Filius)
1858 3875 2170 3954 Spiritum
2207 3873 2603 3963 veritatis,id
2632 3883 2725 3934 est
2760 3891 2979 3946 suum,
3043 3872 3436 3934 Paracletunt
3472 3873 3653 3933 dixe.-

397 3973 507 4044 rit,
535 3990 569 4035 a
609 3976 789 4035 Patre
817 3975 952 4053 ipse
980 3975 1068 4036 ait
1104 3976 1477 4055 procedere.
1516 3977 1693 4037 Sicut
1718 3975 1893 4036 enim
1927 3972 2231 4050 proprius
2256 3981 2352 4033 est
2389 3969 2538 4031 Filii
2576 3970 2859 4047 Spiritus
2901 3970 3300 4040 naturaliter,
3336 3978 3398 4029 et
3425 3970 3487 4029 in
3514 3969 3655 4044 ipso

395 4072 748 4143 exsistens,
779 4072 848 4127 δι’
869 4072 1036 4126 αὑτοῦ
1067 4072 1293 4145 προῖὼν,
1340 4091 1448 4151 per
1493 4072 1708 4149 ipsum
1748 4086 1987 4149 proven

2053 4085 2136 4131 ns
2172 4068 2303 4149 (aut
2335 4066 2738 4146 procedens),
2775 4066 2855 4127 ita
2880 4066 3068 4127 etiam
3114 4065 3335 4126 Patris.
3374 4089 3399 4120 ι)
3430 4065 3655 4143 Agitur

396 4167 541 4229 sine
568 4168 767 4231 dubio
804 4169 886 4230 de
930 4169 1174 4247 Spiritu
1217 4169 1596 4232 naturaliter
1633 4168 1782 4229 Filii
1814 4167 2098 4247 proprio,
2131 4173 2195 4226 et
2231 4166 2297 4226 in
2334 4165 2476 4242 ipso
2512 4164 2863 4225 exsistente
2902 4180 2915 4222 :
2970 4161 3262 4240 adeoque
3318 4164 3531 4239 agitur
3579 4167 3656 4224 tio

398 4266 703 4339 naturali,
736 4285 807 4330 ac
852 4279 1115 4341 aeterna,
1177 4277 1237 4330 et
1300 4266 1715 4330 substantiali
1756 4266 1897 4346 ejus
1958 4282 1991 4327 a
2050 4266 2231 4325 Patre
2270 4259 2684 4339 processione
2730 4277 2840 4336 per
2870 4258 3139 4319 Filium.
3189 4260 3262 4318 Et
3301 4276 3443 4336 pag.
3478 4259 3598 4319 925
3641 4281 3655 4319 :

402 4385 434 4420 σι
478 4363 756 4442 Spiritus
789 4371 1048 4427 sanctus
1088 4364 1268 4426 nullo
1302 4367 1498 4426 modo
1530 4363 1607 4425 ab
1638 4362 1972 4442 Unigeniti
2003 4359 2362 4425 substantia
2398 4357 2656 4419 alienus
2691 4356 3111 4434 intelligitur.
3145 4355 3266 4417 Sed
3320 4357 3534 4426 πρόεισι
3560 4373 3660 4424 φυ-

407 4460 579 4524 σικῶς
605 4461 666 4525 ἐξ
692 4461 886 4531 αὐτῆς.
923 4480 997 4524 ex
1035 4479 1109 4525 ea
1142 4461 1524 4524 naturaliter
1556 4461 1856 4541 provenit
1888 4461 1991 4541 (ex
2040 4476 2138 4530 ea,
2212 4455 2454 4536 inquit,
2510 4454 2845 4531 Unigeniti
2897 4451 3300 4514 substantia:
3344 4453 3513 4531 quod
3566 4460 3662 4512 est

404 4558 579 4620 idem
616 4564 809 4636 atque
841 4576 924 4619 ex
951 4557 1097 4637 ipso
1128 4557 1529 4638 Unigenito),
1596 4558 1929 4618 identitate
1987 4564 2236 4618 naturae
2290 4554 2471 4615 aliud
2504 4551 2667 4612 nihil
2711 4553 2789 4613 ab
2827 4553 2969 4631 ipso
3000 4552 3350 4624 exsistens,
3390 4552 3535 4610 licet
3595 4551 3661 4610 in

406 4654 664 4733 propria
702 4671 972 4732 persona
1005 4654 1358 4717 subsistere
1387 4654 1809 4733 intelligatur.
1848 4676 1876 4709 ››
1923 4651 2040 4715 Ubi
2077 4651 2604 4731 praepositionem
2663 4667 2779 4729 per
2847 4648 2985 4711 loco
3035 4647 3248 4727 priore
3282 4646 3659 4721 adhibitam,

409 4758 610 4813 mutat
648 4752 744 4824 in,
778 4770 882 4826 ex,
925 4752 1266 4830 posteriori
1318 4751 1435 4813 hoc
1468 4752 1537 4811 in
1582 4752 1719 4811 loco

490 4847 600 4928 (5.)
629 4848 924 4926 Quiaper
944 4848 1175 4909 Filium
1207 4846 1564 4909 hominibus
1582 4846 2063 4924 daturSpiritus
2088 4853 2732 4925 sanetus,propterea
2753 4844 3037 4921 Spiritus
3074 4843 3224 4902 Filii
3269 4850 3331 4901 et
3357 4857 3453 4918 pre
3477 4841 3663 4917 prius

408 4945 592 5019 Filii,
630 4944 894 5015 dicitur.
931 4946 1079 5005 Haec.
1117 4944 1242 5005 alia
1276 4944 1740 5023 TheOphylacti
1772 4943 2221 5024 interpretatio
2248 4955 2371 5014 est,
2432 4943 2906 5019 Scripturarum
2945 4939 3131 5000 verba
3182 4939 3254 4997 ad
3310 4938 3666 4996 missionem

412 5041 841 5121 temporalem,
876 5058 991 5103 seu
1031 5042 1489 5103 charismatum
1557 5042 1967 5121 largitionem
2028 5040 2481 5120 detorquentis
2539 5038 2605 5099 in
2652 5039 2842 5100 citato
2875 5038 2949 5098 ad
2984 5038 3296 5096 Joannem
3334 5032 3665 5095 rennuen-

410 5140 594 5201 tario.
645 5162 674 5195 α
732 5140 853 5200 Sed
900 5139 1019 5200 hoc
1066 5147 1233 5200 stare
1294 5156 1421 5201 non
1481 5149 1690 5219 poteSt
1747 5138 2028 5217 (reponit
2085 5138 2307 5199 doctor
2338 5137 2627 5214 Aquinas
2665 5133 3033 5213 opusculo:
3090 5132 3333 5193 Contra
3366 5131 3664 5203 Gra’cost.

412 5236 577 5297 Dicit
605 5235 779 5297 enim
807 5234 1091 5315 Cyrillus
1123 5252 1323 5312 super
1349 5238 1667 5298 Joannem
1711 5236 2073 5313 :Proprius
2106 5246 2197 5295 est
2224 5236 2512 5314 Spiritus
2546 5242 2803 5294 sanctus
2844 5231 2957 5291 Dei
2992 5230 3206 5293 Patris
3232 5251 3251 5290 :
3284 5231 3392 5291 sed
3431 5249 3551 5290 non
3582 5240 3670 5290 est

411 5335 615 5395 minus
651 5333 767 5394 Dei
796 5333 987 5401 Filii;
1019 5350 1148 5392 non
1173 5342 1465 5411 tanquam
1505 5333 1670 5393 alius
1731 5341 1788 5393 et
1853 5330 2021 5392 alius
2053 5333 2337 5411 Spiritus
2393 5339 2672 5391 sanctus.
2739 5328 2912 5387 Idem
2953 5327 3106 5388 dicit
3141 5326 3203 5386 in
3234 5326 3667 5387 exltortrttorio

415 5431 724 5491 Sermone
758 5430 835 5490 ad
875 5429 1317 5491 Theodosium
1349 5429 1801 5507 imperatorem
1840 5430 2173 5507 :Spiritus
2227 5435 2506 5500 sanctus,
2573 5426 2739 5485 sicut
2799 5430 2890 5482 est
2925 5424 3232 5501 proprius
3284 5422 3521 5493 Patris,
3576 5422 3666 5481 sic

415 5536 473 5587 et
534 5530 605 5589 in
661 5528 929 5590 reritate
974 5535 1067 5588 est
1120 5528 1326 5605 ipsius
1399 5526 1579 5589 Filii.
1634 5526 2060 5607 (Testimonia
2116 5524 2329 5586 recole
2384 5519 2693 5602 superius
2747 5519 3072 5598 allegata.)
3127 5519 3186 5579 Si
3245 5534 3402 5596 ergo
3455 5517 3671 5577 Patris

414 5634 528 5697 est,
593 5639 726 5685 non
789 5624 1001 5685 solum
1057 5621 1212 5702 quia
1252 5623 1331 5684 ab
1384 5622 1528 5701 ipso
1583 5623 2026 5702 temporaliter
2085 5625 2273 5684 datur
2302 5630 2361 5682 et
2418 5620 2715 5691 mittitur,
2760 5618 2873 5679 sed
2936 5618 3126 5679 etiam
3179 5619 3332 5694 quia
3389 5616 3465 5675 ab
3530 5615 3669 5691 ipso

411 5718 795 5781 mternaliter
827 5718 1118 5792 exsistit;
1154 5721 1372 5781 eadem
1394 5719 1582 5782 etiam
1612 5720 1858 5782 ratione
1890 5726 1950 5782 et
1978 5719 2132 5780 Filii
2186 5718 2332 5789 erit,
2358 5717 2543 5796 quasi
2591 5716 2670 5778 ab
2700 5733 2776 5778 eo
2825 5713 3210 5777 mternaliter
3252 5712 3589 5772 exsistens.
3637 5737 3663 5768 ιθ

493 5816 602 5897 (6.)
636 5817 717 5878 Et
750 5834 857 5896 ego
883 5814 1152 5878 concedo
1186 5817 1423 5897 (inquit
1454 5817 1978 5898 TheOphylactus
2032 5819 2098 5877 in
2128 5816 2405 5897 epistola
2438 5817 2512 5879 ad
2568 5816 2900 5879 Nicolaum
2936 5813 3306 5889 diaconum)
3362 5828 3490 5871 esse
3534 5811 3676 5889 Spi-
