3984 6604
417 389 489 452 87
1266 398 1492 462 BERN.
1536 402 1801 463 MAR‘UE
1842 406 1937 466 DE
1971 407 2256 470 RUBEIS
2288 409 2791 470 DISSERTATIO
3593 408 3663 472 83

414 504 608 600 ritum
651 504 832 578 Filii,
873 514 926 567 ct
957 507 1245 569 veritatis
1280 519 1337 570 et
1365 512 1531 573 vitta.
1585 513 1822 575 Addam
1873 527 1930 577 et
1958 520 2284 595 sapientiae
2313 530 2371 581 et
2403 519 2832 600 fortitudinis.
2882 518 3050 595 Quid
3102 516 3251 578 inde
3312 517 3664 583 extundat?

418 596 868 695 C'olligendum
906 618 1142 681 netupe
1202 614 1445 673 censet.
1480 610 1579 686 agi
1644 611 1722 671 de
1778 612 2266 677 charismatibus
2316 596 2505 690 datis,
2552 616 2755 679 veluti
2807 614 3170 695 sapientiae,
3228 612 3656 689 fortitudinis,

416 693 666 789 timoris
732 696 1020 767 Domini,
1085 698 1388 778 aliisque.
1457 704 1641 765 Plura
1704 715 1854 768 sunt
1911 709 2501 789 animadvertenda,
2561 728 2704 789 quae
2753 693 3089 789 ignorabat
3122 708 3258 777 ille,
3311 714 3420 769 aut
3452 708 3660 771 simu-

417 787 601 850 labat.
663 791 753 852 Ac
805 792 1081 868 primum
1125 796 1410 859 Joannes
1460 798 1980 879 Chrysostomus,
2032 787 2126 866 rel
2163 814 2383 867 auctor
2439 787 2712 867 homilite
2750 787 2824 864 de
2851 805 3107 883 Spiritu
3158 812 3377 864 sancto
3414 820 3592 864 num.
3620 806 3658 864 ts

414 884 676 948 nomina
731 886 1027 967 ejusdem
1086 892 1368 969 Spiritus
1416 894 1848 959 discernenda
1896 901 1987 960 dot

2136 925 2152 964 :
2212 911 2274 964 et
2324 921 2467 964 esse
2499 903 2762 982 quidem
2797 901 3044 972 ὀνόματα
3094 904 3194 972 τῆς
3234 899 3521 971 ἀφράστιυ
3552 899 3657 968 φύ-

413 997 574 1045 σεως.
626 986 883 1047 nomina
924 985 1270 1067 ine/labilis
1324 999 1593 1062 naturae,
1650 992 1965 1070 Spiritum

2085 1001 2158 1069 ei,
2214 1001 2528 1078 Spiritum
2576 1001 2854 1075 Domini,
2885 999 3199 1079 Spiritum
3243 997 3482 1069 Patris,
3511 994 3658 1076 Spi-

409 1079 608 1141 ritum
643 1081 826 1155 Filii,
881 1084 1197 1163 Spiritum
1226 1086 1495 1160 Christi,
1519 1088 1836 1166 Spiritum
1895 1095 2060 1168 vitae,
2095 1096 2409 1174 Spiritum
2438 1098 2732 1158 veritatis
2764 1117 2785 1157 :
2819 1114 2965 1159 esse
3006 1110 3160 1156 vero
3206 1105 3414 1155 creata
3465 1091 3655 1164 dona,

410 1176 711 1253 spiritum
737 1180 1027 1254 virtutis,
1060 1182 1362 1259 spiritum
1390 1183 1754 1259 charitatis,
1784 1190 2084 1265 spiritum
2131 1193 2576 1269 temperantiae,
2610 1192 2915 1271 spiritum
2942 1188 3412 1268 promissionis,
3459 1188 3659 1264 spiri-

410 1281 544 1334 tum
572 1273 999 1351 reuelationis,
1025 1279 1326 1356 spiritum
1341 1278 1707 1357 adoptionis
1731 1284 2030 1361 ﬁliorum.
2066 1288 2192 1347 Cur
2214 1303 2367 1365 ergo
2390 1286 2519 1349 haec
2544 1288 2806 1348 nomina
2843 1285 3067 1347 miscet
3104 1283 3655 1362 Theophylactus?

412 1368 540 1463 Cur
569 1366 639 1430 in
667 1370 1019 1449 Scripturis
1043 1373 1557 1452 exprimentibus
1586 1377 1899 1456 Spiritum
1928 1381 2108 1452 Filii,
2127 1385 2441 1461 Spiritum
2467 1386 2630 1452 vitta,
2652 1384 2963 1463 Spiritum
2991 1382 3305 1455 veritatis,
3334 1378 3655 1458 intelligat

410 1462 578 1526 dona
611 1474 818 1529 creata
840 1469 870 1528 ?

489 1561 653 1623 Sane
712 1579 858 1626 cum
914 1564 1154 1628 dicitur
1196 1566 1483 1646 Spiritus
1552 1570 1734 1641 Filii,
1794 1578 1903 1631 aut
1955 1573 2240 1650 Spiritus
2293 1575 2535 1636 Christi
2620 1585 2677 1635 et
2728 1575 2998 1649 Domini,
3058 1589 3191 1636 non
3256 1572 3383 1635 alia
3437 1571 3651 1632 locum

413 1653 600 1718 habet
660 1659 1089 1738 intelligentia
1147 1672 1340 1737 recta,
1390 1665 1519 1726 nisi
1564 1682 1710 1744 quae
1765 1666 2077 1746 Spiritum
2139 1677 2461 1748 comparat
2517 1671 2591 1731 ad
2656 1669 2925 1742 Filium,
2982 1669 3159 1731 velut
3215 1668 3359 1747 ejus
3411 1665 3654 1746 princi-

411 1750 619 1829 pium.
655 1755 775 1816 Sed
817 1756 1010 1818 etiam
1045 1775 1191 1820 cum
1232 1760 1399 1823 dicis
1445 1761 1756 1839 Spiritum
1797 1763 2147 1841 sapientiae,
2205 1772 2268 1826 et
2315 1768 2633 1845 Spiritum
2686 1767 3115 1847 fortitudinis,
3152 1765 3346 1827 obvio
3386 1761 3653 1843 aptissi-

414 1860 651 1940 moque
704 1864 903 1912 sensu
951 1852 1264 1930 Spiritum
1322 1863 1605 1916 sanctum
1669 1856 2004 1936 exprimis,
2069 1860 2265 1920 veluti
2320 1879 2590 1932 causam,
2642 1878 2786 1940 quae
2832 1860 3239 1940 sapientiam,
3274 1866 3337 1922 et
3391 1857 3654 1925 fomitu-

411 1939 679 2015 dinem,
738 1960 811 2006 ac
869 1944 1112 2009 similia
1167 1947 1545 2014 charismata
1602 1952 1669 2013 in
1746 1952 1932 2015 nobis
1981 1954 2189 2018 efﬁcit.
2278 1959 2563 2021 Praeterit
2629 1939 2766 2020 ham
2841 1958 3061 2021 omnia
3119 1955 3651 2034 archiepiSCOpus

412 2034 754 2114 Bulgarus.

492 2131 660 2230 Hinc
694 2152 845 2198 vero
913 2136 1243 2217 colligitur
1291 2141 1557 2203 nomina
1612 2143 1745 2214 illa,
1803 2144 2088 2224 Spiritus
2151 2150 2500 2228 sapientia,
2549 2149 2835 2228 Spiritus
2884 2146 3310 2230 fortitudinis,
3364 2145 3651 2223 itemque

409 2227 795 2308 prudentiae,
830 2232 1111 2309 consilii,
1150 2237 1449 2311 scientiae,
1477 2240 1761 2318 pietatis,
1796 2242 2043 2303 timoris
2071 2227 2350 2317 Domini,
2385 2261 2517 2307 non
2573 2227 2787 2307 solum
2819 2227 3417 2321 charismata’nohis
3472 2256 3647 2303 com-

416 2325 741 2390 municata
779 2328 1170 2409 signiﬁcare,
1204 2339 1278 2395 ut
1310 2332 1772 2398 innuitauctor
1804 2335 2092 2400 homilite
2120 2341 2349 2415 citatas,
2389 2357 2609 2404 verum
2645 2342 2835 2404 etiam
2869 2341 3148 2420 Spiritus
3176 2339 3384 2400 sancti
3425 2354 3646 2416 perso-

412 2435 559 2481 nam
589 2443 610 2483 .-
643 2438 858 2502 neque
904 2423 1071 2489 hanc
1100 2427 1541 2502 solummodo,
1578 2431 1777 2493 veluti
1809 2450 2059 2494 causam
2088 2435 2418 2511 donorum,
2448 2445 2519 2501 ut
2554 2438 2928 2500 dicebamus
2969 2458 2985 2497 :
3044 2436 3152 2498 sed
3186 2433 3403 2506 etiam,
3446 2432 3649 2493 veluti

413 2533 560 2596 quas
588 2517 884 2597 ipsorum
916 2521 1370 2587 charismatum
1413 2526 1659 2589 ratione
1685 2526 1955 2591 efﬁcitur
1983 2528 2052 2592 in
2097 2532 2285 2595 nobis
2313 2551 2473 2595 novo
2529 2535 2710 2595 modo
2741 2551 3047 2613 praesens,
3078 2548 3150 2593 ae
3182 2529 3373 2591 etiam
3407 2528 3652 2589 inhabi-

414 2622 559 2675 tans
595 2628 889 2697 tanquam
916 2619 985 2681 in
1027 2619 1277 2697 templo,
1312 2638 1454 2683 cum
1488 2623 1738 2685 scilicet
1765 2624 1959 2687 donat
1990 2625 2360 2688 charitatem
2396 2625 2921 2690 sanctiﬁcantem.
2978 2627 3157 2686 Hanc
3189 2639 3308 2685 nos
3346 2637 3649 2683 vocamus

410 2711 772 2774 missionem
803 2713 1083 2790 Spiritus
1114 2716 1320 2779 sancti
1349 2720 1614 2798 proprie
1649 2719 1904 2795 dictam,
1935 2737 2080 2801 quae
2137 2731 2272 2785 tum
2309 2722 2788 2801 processionem
2823 2721 2968 2800 ejus
2997 2719 3201 2783 etiam
3234 2735 3269 2780 a
3300 2716 3469 2807 Filio
3499 2731 3650 2776 con-

409 2807 740 2888 sequitur,
794 2817 929 2872 tum
990 2812 1454 2895 Theophylacti
1511 2824 1569 2877 et
1625 2818 1991 2881 Graecorum
2046 2828 2479 2882 commentum
2517 2817 2784 2881 omnino
2820 2816 3023 2878 elidit.
3059 2816 3198 2890 Qua
3231 2814 3309 2890 de
3341 2830 3408 2875 re
3438 2811 3650 2873 adhuc

409 2901 707 2966 inferius.
743 2906 751 2937 ξ

492 2997 605 3083 (7.)
638 3001 892 3066 Addere
924 3004 1110 3067 aliam
1133 3006 1327 3068 etiam
1361 3007 1542 3069 liceat
1573 3008 1941 3072 Graecorum
1972 3011 2593 3091 interpretationem,
2620 3011 2848 3088 utique
2876 3009 3183 3087 ineptam.
3205 3006 3417 3082 [XLII]
3447 3002 3650 3066 Ali‘ert

410 3112 552 3162 eam
583 3098 874 3177 Aquinas
910 3098 1052 3164 loco
1081 3101 1330 3190 citalo_:
1367 3125 1396 3160 α
1429 3104 1646 3166 Potest
1676 3105 1912 3186 aliquis
1946 3105 2184 3178 dicere,
2226 3106 2395 3183 quod
2429 3106 2513 3166 sit
2539 3105 2830 3183 Spiritus
2861 3102 3142 3163 Christi:
3202 3100 3384 3179 quasi
3429 3100 3496 3160 in
3531 3100 3650 3159 ho-

411 3195 575 3257 mine
605 3193 860 3258 Christo
902 3197 1191 3277 plenarie
1242 3200 1646 3278 inhabitans,
1688 3202 2029 3265 secundum
2077 3200 2241 3264 illud
2278 3201 2461 3262 Lucae
2485 3217 2551 3260 ιγ
2584 3221 2598 3259 :
2628 3200 2814 3261 Jesus
2838 3196 3065 3277 plenus
3118 3196 3372 3275 Spiritu
3402 3203 3646 3266 sancto,

409 3308 738 3372 regressus
778 3301 871 3355 est
897 3312 935 3355 a
966 3294 1249 3359 Iordane
1272 3316 1292 3357 :
1322 3295 1395 3358 de
1424 3299 1606 3379 cujus
1628 3296 2028 3378 plenitudine
2060 3317 2176 3359 nos
2220 3315 2428 3359 omnes
2475 3297 2855 3375 accepimus,
2886 3303 2959 3354 ut
3000 3292 3240 3354 dicitur
3289 3291 3562 3352 Joannis
3602 3307 3645 3352 ι.

408 3389 560 3451 Haec
587 3398 801 3455 autem
831 3393 1170 3472 responsio
1201 3396 1516 3459 sustineri
1564 3412 1694 3458 non
1721 3403 1968 3476 potest;
2009 3403 2079 3458 ut
2106 3396 2351 3457 scilicet
2379 3394 2493 3456 hac
2520 3402 2763 3454 tantum
2791 3391 3041 3452 ratione
3075 3388 3354 3467 Spiritus
3385 3394 3650 3449 sanctus

410 3485 665 3549 dicatur
705 3486 995 3566 Spiritus
1034 3488 1301 3552 Christi.
1337 3491 1677 3553 Invenitur
1733 3491 1908 3555 enim
1962 3508 2000 3554 a
2042 3489 2416 3552 doctoribus
2468 3490 2832 3549 Graecorum
2868 3486 3108 3547 dictum
3154 3484 3327 3562 quod
3361 3483 3651 3561 Spiritus

410 3592 667 3646 sanctus
702 3591 790 3645 est
823 3585 1141 3647 naturalis
1185 3587 1469 3665 Spiritus
1522 3589 1701 3651 Filii.
1755 3587 2018 3668 (Aliqua
2059 3603 2140 3648 ex
2203 3583 2554 3647 Athanasio
2625 3593 2685 3646 et
2718 3601 2798 3644 ex
2850 3580 3118 3660 Cyrillo,
3185 3578 3649 3640 Alexandrinis

412 3678 765 3759 episcOpis,
797 3679 1165 3745 testimonia
1201 3683 1509 3761 superius
1545 3685 1958 3758 adduximus,
2006 3699 2079 3745 ac
2133 3680 2314 3760 plura
2347 3699 2493 3761 qum
2542 3681 2722 3760 paria
2753 3686 2929 3750 sunt,
2989 3677 3053 3737 in
3112 3684 3386 3754 utroque
3433 3691 3655 3736 occur-

412 3773 617 3857 runt.)
650 3777 932 3857 Spiritus
964 3786 1177 3842 autem
1207 3799 1337 3841 non
1380 3790 1471 3842 est
1517 3780 1833 3844 naturalis
1887 3781 2059 3844 Filio
2090 3776 2424 3840 secundum
2461 3777 2928 3847 humanitatem,
2968 3773 3121 3852 quia
3182 3789 3307 3835 non
3372 3772 3653 3848 pertinet

410 3873 488 3935 ad
522 3881 813 3936 naturam
847 3874 1264 3938 humanitatis
1301 3894 1315 3938 :
1351 3878 1463 3939 sed
1494 3878 1701 3957 gratis
1734 3896 1773 3938 a
1796 3878 1922 3939 Deo
1954 3877 2025 3938 in
2048 3883 2285 3936 natura
2314 3876 2581 3937 humana
2613 3871 2987 3954 effunditur.
3050 3871 3190 3931 Non
3220 3882 3380 3946 ergo
3438 3874 3652 3946 potest

413 3976 680 4048 propter
700 3968 822 4031 hoc
854 3969 981 4032 dici
1018 3971 1304 4053 Spiritus
1341 3971 1523 4048 Filii,
1559 3972 1716 4052 quia
1778 3974 2097 4045 Christum
2150 3972 2546 4035 excellenter
2605 3970 2880 4049 replevit
2944 3967 3305 4030 secundum
3343 3963 3651 4027 humani-

412 4071 626 4126 tatem.
656 4086 685 4122 ιι

493 4160 657 4223 Illud
691 4161 882 4232 etiam
914 4162 1301 4244 diligentius
1330 4164 1975 4252 animadvertendum
2006 4177 2127 4242 est,
2148 4167 2234 4229 ita
2269 4166 2575 4244 Spiritum
2605 4172 2896 4226 sanctum
2930 4159 3284 4241 replevisse
3318 4158 3652 4220 hominem

413 4255 776 4333 Christum,
809 4264 1035 4323 utnon
1069 4259 1284 4324 solum
1315 4260 1694 4325 charismata
1725 4263 1792 4325 in
1829 4263 2046 4342 ipsum
2070 4264 2276 4327 effusa
2308 4262 2701 4325 considerari
2736 4262 3054 4323 debeant:
3110 4261 3222 4321 sed
3279 4258 3423 4338 ipsa
3454 4257 3653 4319 etiam

415 4353 696 4432 Spiritus
716 4356 915 4418 sancti
956 4374 1255 4436 persona,
1287 4375 1435 4438 qua)
1477 4360 1555 4422 ad
1580 4359 1935 4435 Christum,
1968 4367 2039 4422 ut
2084 4361 2278 4422 homo
2309 4368 2427 4432 est,
2461 4359 2701 4421 dicitur
2732 4359 2945 4431 missa,
2985 4355 3378 4432 prmeipuum
3436 4358 3656 4417 teneat

413 4447 655 4513 locum.
683 4451 867 4514 Unde
910 4451 1145 4517 frustra
1172 4453 1302 4534 jam
1335 4455 1535 4518 Graeci
1569 4464 1742 4531 sunt,
1777 4456 1891 4536 qui
1924 4458 1989 4518 in
2042 4458 2338 4519 missione
2389 4455 2677 4533 Spiritus
2726 4455 2930 4514 sancti
2984 4453 3146 4514 nihil
3208 4467 3355 4513 esse
3408 4449 3652 4513 deinde

415 4546 831 4625 arbitrantur,
863 4549 993 4611 nisi
1019 4549 1175 4613 doni
1210 4551 1406 4614 creati
1469 4551 1901 4615 efﬁcientiam.
1958 4551 2239 4630 Intelligi
2294 4552 2484 4614 etiam
2535 4552 2725 4611 debet
2764 4563 3043 4629 persona
3101 4546 3313 4624 ipsius
3368 4544 3653 4624 Spiritus

413 4643 615 4707 sancti
652 4668 667 4706 :
702 4652 772 4707 ut
803 4644 936 4708 hinc
973 4661 1102 4708 non
1133 4646 1262 4710 alio
1294 4647 1582 4727 denique
1607 4649 1798 4711 modo
1826 4650 1998 4710 mitti
2026 4648 2304 4721 dicatur,
2345 4646 2467 4707 nisi
2507 4664 2614 4722 per
2644 4652 2941 4706 ar-ternam
2974 4643 3472 4719 processionem,
3505 4657 3657 4721 quas

416 4740 826 4805 efﬁcientiam
870 4742 1414 4805 donorum'habet
1444 4744 1509 4804 in
1542 4753 1852 4823 tempore.
1879 4744 2305 4806 Christianam
2331 4760 2403 4804 ac
2438 4740 2862 4819 theologicam
2894 4737 3251 4801 doctrinam
3278 4735 3408 4814 jam
3453 4752 3656 4815 expo-

417 4855 571 4900 nere
602 4855 673 4901 ac
704 4839 1036 4902 vindicare
1066 4855 1290 4919 pergo.

496 4952 602 5031 (8.)
633 4952 1059 5024 Existimatis,
1092 4952 1427 5033 procedere
1464 4955 1727 5033 perinde
1760 4974 1888 5016 esse
1918 4975 1991 5016 ac
2022 4954 2473 5017 communicari
2496 4962 2553 5012 et
2585 4950 2813 5012 donari
2845 4948 3057 5026 (verba
3076 4956 3226 5010 sunt
3262 4946 3328 5007 in
3377 4945 3651 5023 epistola

412 5047 490 5109 ad
525 5047 856 5110 Nicolaum
887 5047 1276 5128 diaconum).
1327 5050 1414 5112 Et
1475 5051 1768 5128 quoniam
1810 5055 2160 5131 reperitur,
2207 5052 2496 5130 Spiritus
2560 5068 2598 5110 a
2642 5048 2812 5109 Filio
2865 5046 3035 5108 mitti
3067 5066 3087 5113 ;
3117 5061 3225 5103 vos
3278 5060 3491 5103 errare
3519 5061 3654 5104 non

414 5145 658 5224 putatis
682 5143 970 5218 dicendo,
1008 5163 1144 5205 eum
1175 5156 1231 5207 et
1269 5165 1306 5206 a
1339 5147 1510 5209 Filio
1539 5148 1908 5225 procedere.
1949 5149 2170 5211 Verum
2195 5167 2324 5208 non
2354 5150 2447 5209 ita
2485 5166 2548 5206 se
2599 5164 2699 5208 res
2729 5144 2932 5207 habet.
2967 5143 3125 5205 Nam
3150 5140 3492 5219 procedere
3537 5142 3646 5203 de-

418 5240 619 5302 clarat
646 5240 894 5302 modum
925 5259 1046 5321 quo
1093 5244 1381 5323 Spiritus
1418 5261 1544 5304 esse
1566 5238 1853 5306 habet....
1903 5264 1976 5306 ac
2002 5246 2170 5307 mitti
2223 5244 2540 5322 signiﬁcat
2571 5241 2992 5303 abundantem
3019 5238 3331 5299 donorum
3359 5237 3651 5316 largitio-

413 5356 574 5411 nem,
606 5356 713 5397 seu
746 5336 1114 5416 effusionem
1171 5338 1479 5402 bonitatis
1505 5363 1523 5409 ;
1581 5359 1714 5420 qua:
1770 5360 1808 5400 a
1838 5342 2031 5401 Patre
2065 5340 2318 5421 quidem
2352 5349 2464 5412 est,
2495 5339 2604 5400 sed
2631 5357 2669 5398 a
2700 5339 2866 5399 Filio
2907 5337 2976 5398 in
3006 5353 3107 5396 eos
3133 5335 3243 5415 qui
3272 5332 3454 5412 digni
3495 5342 3649 5395 sunt

414 5433 791 5515 effunditur,
815 5433 1038 5513 quibus
1070 5442 1127 5495 et
1153 5452 1270 5514 per
1310 5435 1550 5498 Filium
1578 5438 2017 5515 manifestata:
2074 5436 2339 5499 dicitur.
2391 5438 2483 5499 Ita
2519 5434 3064 5513 Theophylactus,
3118 5431 3229 5510 qui
3272 5430 3649 5493 Latinorum

414 5530 772 5593 doctrinam
805 5532 1024 5610 inepte
1049 5533 1337 5610 exponit.
1373 5534 1512 5596 Non
1549 5534 1726 5595 enim
1787 5534 2235 5597 existimamus
2291 5550 2439 5605 nos,
2471 5532 2810 5613 procedere
2856 5529 3121 5610 perinde
3170 5547 3320 5601 esse,
3387 5527 3648 5607 prOprie

411 5634 614 5705 utpar
637 5632 733 5687 est
762 5624 817 5686 si
852 5626 1027 5705 loqui
1064 5626 1366 5697 velimus.
1392 5647 1465 5688 ac
1497 5628 1749 5701 donari,
1776 5632 2248 5706 communicari,
2269 5631 2477 5693 mitti:
2500 5629 2753 5692 tametsi
2785 5628 3070 5690 divinam
3100 5641 3443 5706 personam
3480 5623 3647 5686 mitti

413 5726 698 5802 nequeat
730 5720 1011 5802 intelligi
1034 5723 1180 5786 sine
1207 5731 1443 5789 aeterna
1476 5726 1916 5803 processione.

492 5820 634 5882 Duo
670 5817 898 5885 docent
925 5819 1156 5897 Latini,
1190 5821 1253 5885 in
1291 5822 1645 5884 missionem
1682 5826 1948 5900 proprie
1985 5825 2217 5889 dictam
2260 5837 2644 5888 concurrere
2683 5839 2698 5884 :
2730 5819 3024 5895 alterum,
3062 5818 3235 5897 quod
3294 5823 3389 5881 est
3420 5813 3646 5895 sempi-
