3984 6564
242 409 296 471 89
1045 402 1144 464 DE
1177 401 1753 466 THEOPHYLACTI
1791 403 2063 469 GESTIS
2098 403 2195 464 ΕΤ
2234 403 2595 465 SCRIPTIS.
3384 398 3454 462 so

243 536 383 588 terna
408 517 735 597 processio
758 535 1069 597 persona,
1107 536 1250 596 quae
1282 519 1601 589 mittitur;
1648 524 1707 580 et
1757 519 2051 590 alterum,
2116 518 2288 599 quod
2323 526 2421 580 est
2478 524 2742 579 externa
2814 515 3029 594 aliqua
3086 513 3448 594 efﬁcientia,

242 622 347 685 sive
379 614 619 676 incidat
652 615 776 677 sub
810 632 1071 689 sensus,
1107 622 1175 677 ut
1212 632 1357 677 cum
1394 617 1671 677 Verbum
1706 615 2095 677 humanitate
2148 623 2443 691 suscepta
2507 614 2804 694 apparuit
2854 611 3253 684 hominibus,
3311 612 3452 674 sive

239 710 478 779 interius
510 710 595 772 sit
625 719 685 771 et
722 727 849 772 non
880 711 1267 788 aspectabile
1299 711 1470 790 quod
1505 710 1740 789 agitur,
1775 722 1841 772 ut
1875 728 2021 774 cum
2072 711 2347 788 Spiritus
2378 719 2638 773 sanctus
2686 710 2760 772 ad
2790 708 3076 772 ﬁdelium
3141 708 3282 771 sive
3334 708 3447 786 juo

148 856 159 864 -
237 818 443 875 storem
481 823 810 885 quemque
849 806 1146 868 mittitur.
1185 806 1347 867 Hinc
1377 805 1586 877 Pater,
1622 806 1734 885 qui
1795 822 1924 868 non
1977 805 2162 868 habet
2217 823 2249 867 a
2284 822 2412 885 quo
2470 808 2789 883 procedat,
2842 820 3163 882 nusquam
3217 803 3452 863 missus

235 904 469 973 dicitur;
497 919 570 964 ac
603 903 782 963 missi
812 903 1119 964 dicuntur
1145 902 1350 964 Filius
1383 912 1436 963 et
1465 903 1751 981 Spiritus
1783 911 2061 974 sanctus,
2117 902 2272 981 quia
2307 878 2709 977 procedunt.
2746 878 3026 962 Rursum
3053 899 3294 971 missio,
3343 897 3455 959 do-
3490 878 3503 909 ⁸

233 1001 395 1063 natio.
435 998 922 1059 communicatio
960 998 1402 1060 auctoritatem
1434 1015 1504 1059 ac
1534 1002 1905 1075 potestatem
1933 995 2307 1074 exprimunt
2335 995 2401 1057 in
2436 996 2737 1069 mittente,
2777 1003 2835 1056 et
2867 995 3161 1067 donante,
3201 1002 3257 1054 et
3289 1011 3454 1053 com-

232 1095 587 1157 municantc.
616 1094 900 1172 Ecquam
937 1109 1092 1155 vero
1132 1101 1504 1172 potestatem
1563 1093 2084 1155 auctoritatemve
2138 1092 2332 1152 Pater
2392 1091 2577 1152 habet
2622 1090 2693 1151 in
2746 1089 3005 1162 Filium,
3059 1097 3120 1150 et
3173 1088 3366 1149 Pater
3396 1095 3453 1147 et

231 1193 410 1254 Filius
436 1191 508 1251 in
536 1191 854 1269 Spiritum
902 1199 1213 1263 sanctum,
1256 1191 1381 1251 nisi
1417 1190 1579 1252 hanc
1609 1207 1752 1268 quae
1791 1194 1886 1251 est
1910 1188 2235 1267 principii
2270 1186 2447 1250 notio
2477 1196 2540 1248 et
2578 1188 2848 1266 originis
2874 1189 2904 1246 ?
2935 1187 3156 1264 Itaque
3215 1184 3455 1246 Filium

156 1360 161 1373 λ
230 1287 371 1350 mitti
401 1306 447 1346 α
482 1288 669 1347 Patre
698 1294 792 1348 est
822 1286 1254 1365 gigniFiIium
1282 1293 1573 1347 naturam
1603 1284 1884 1347 hominis
1903 1290 2413 1361 assumptnrum,
2435 1290 2498 1344 et
2525 1298 2649 1344 suo
2676 1291 2961 1359 tempore
2987 1288 3449 1351 assumentem,

230 1392 278 1447 et
309 1384 477 1444 mitti
504 1384 819 1462 Spiritum
851 1390 1139 1443 sanetum
1174 1387 1271 1443 est
1303 1381 1647 1457 procedere
1681 1380 1893 1460 ipsum
1945 1395 2091 1440 cum
2142 1378 2482 1440 etlicientia
2537 1377 2789 1440 externi
2849 1377 3090 1455 operis,
3145 1375 3318 1455 quod
3376 1375 3446 1437 in

231 1490 488 1554 tempore
523 1480 849 1559 impletur.
874 1481 1009 1541 Jam
1035 1483 1280 1541 constat
1311 1479 1639 1557 quomodo
1661 1476 2050 1556 sempiterna
2087 1477 2412 1557 processio
2438 1478 2500 1539 in
2527 1476 2901 1539 missionem
2926 1474 3183 1555 preprie
3211 1473 3440 1536 dictam

228 1584 563 1636 concurrat.

286 1676 351 1730 At
376 1669 729 1747 procedere
751 1669 1034 1731 declarat
1074 1669 1362 1742 modum,
1427 1670 1677 1750 inquis,
1724 1686 1856 1750 quo
1909 1672 2196 1751 Spiritus
2251 1690 2375 1733 esse
2405 1671 2608 1733 habet.
2664 1671 2755 1732 lta
2801 1668 3075 1741 scilicet,
3107 1674 3176 1729 ut
3200 1657 3457 1745 proces-

227 1765 380 1826 sione
413 1765 701 1843 Spiritus
733 1765 961 1827 habeat
993 1783 1161 1839 esse,
1211 1783 1330 1828 seu
1386 1766 1669 1828 divinam
1737 1766 2007 1843 accipiat
2052 1769 2401 1829 essentiam
2436 1788 2452 1827 :
2495 1777 2560 1829 et
2616 1765 2682 1828 id
2728 1765 2921 1828 etiam
2952 1763 3247 1842 accipiat,
3280 1759 3453 1840 quod

226 1865 301 1921 est
353 1858 613 1921 eﬂicere
669 1870 933 1922 externa
1013 1861 1471 1923 charismatum
1527 1877 1743 1941 Opera.
1816 1865 1894 1923 At
1960 1862 2153 1934 mitti,
2211 1862 2421 1933 addis,
2487 1858 2913 1923 abundantem
2958 1858 3279 1938 signiﬁcat
3333 1854 3453 1916 do-

226 1973 429 2015 norum
496 1955 920 2033 largitionem.
979 1959 1221 2034 Nempe
1266 1951 1598 2035 processio
1654 1958 2047 2036 sempiterna
2115 1957 2239 2019 sub
2297 1956 2564 2019 nomine
2620 1973 2694 2020 ac
2739 1962 3036 2033 respectu
3108 1952 3457 2024 missionis,

226 2050 484 2129 quodam
539 2052 732 2111 modo
803 2050 1164 2130 completur
1217 2064 1480 2115 externa
1530 2053 1870 2116 efﬁcientia
1929 2054 2065 2116 sive
2115 2053 2354 2116 actuali
2402 2054 2723 2116 donorum
2762 2050 3115 2132 largitione
3183 2048 3250 2110 in
3296 2055 3456 2109 tem-

226 2164 379 2228 pore.

252 2246 465 2305 Hanc
509 2243 913 2305 eﬂieientiam
987 2251 1339 2317 externam,
1371 2244 1426 2306 si
1481 2262 1596 2323 per
1638 2263 1784 2310 sese
1827 2255 2080 2326 sumpta
2143 2265 2213 2309 ac
2257 2247 2455 2310 veluti
2497 2246 2787 2326 sejuncta
2841 2261 2873 2306 a
2910 2258 3206 2323 personas
3240 2239 3455 2302 missm

228 2341 626 2418 processione
656 2340 1133 2414 consideretur,
1178 2340 1549 2419 Scriptum,
1608 2344 1845 2418 Patres,
1886 2344 2171 2423 theologi
2229 2352 2450 2405 vocant
2501 2343 2860 2403 missionem
2914 2340 3125 2401 minus
3193 2337 3458 2415 proprie

225 2436 435 2497 dictum
462 2458 480 2504 ς
508 2452 642 2515 quo
676 2436 904 2515 utique
935 2436 1272 2498 missionis
1309 2438 1663 2514 intellectu,
1698 2440 1939 2524 dictum
1975 2439 2359 2518 reperimus,
2392 2439 2562 2500 mitti
2597 2438 2834 2499 Filium
2862 2455 2903 2497 a
2928 2435 3182 2515 Spiritu
3209 2440 3451 2507 sancto,

229 2549 285 2592 ac
313 2529 553 2592 Filium
606 2540 664 2591 et
697 2532 1013 2609 Spiritum
1058 2542 1345 2593 sanctum
1386 2535 1636 2595 mittere
1666 2538 1926 2615 seipsos.
1976 2538 2120 2597 Duo
2153 2543 2362 2596 tamen
2397 2534 2857 2604 animadverte,
2919 2548 3066 2611 qua)
3130 2531 3248 2591 hoc
3315 2527 3456 2591 loco

228 2628 529 2706 praecipua
603 2637 805 2689 sunt:
864 2644 937 2690 ac
995 2628 1203 2707 primo
1243 2630 1659 2709 imprupriam
1715 2650 1789 2696 ac
1833 2634 2023 2696 nimis
2084 2634 2269 2695 latam
2311 2634 2471 2695 hanc
2518 2649 2662 2694 esse
2702 2627 3023 2693 missionis
3072 2629 3454 2700 notionem;

229 2722 446 2785 deinde
480 2723 549 2785 in
583 2725 811 2785 eodem
843 2724 1210 2802 impropriis
1236 2726 1558 2788 missionis
1587 2743 1825 2807 genere
1864 2730 2161 2807 nuspiam
2202 2730 2270 2791 in
2301 2728 2669 2808 Scripturis,
2734 2744 2806 2790 ac
2863 2726 2969 2789 vix
3040 2724 3230 2786 etiam
3284 2722 3456 2802 apud

227 2818 424 2880 Patres
453 2819 710 2879 missum
748 2818 877 2898 legi
912 2818 1192 2881 Patrem.
1226 2820 1405 2883 Adeo
1435 2822 1743 2885 nimirum
1796 2843 1914 2905 pro
1931 2837 2261 2904 comperto
2295 2826 2511 2888 haberi
2539 2823 2751 2897 debet,
2802 2823 3160 2885 missionem
3189 2820 3456 2899 proprie

228 2912 433 2975 dictant
457 2914 665 2990 redigi
709 2914 948 2976 debere
991 2915 1070 2977 ad
1136 2915 1595 2994 sempiternam
1651 2922 1902 2999 [XLIII]
1953 2924 2187 2983 divinae
2240 2939 2530 3000 personae
2589 2919 3094 3001 processiouem.
3129 2918 3257 2979 Cur
3281 2916 3456 2978 enim

227 3013 508 3090 naSpiam
546 3011 741 3073 Pater
799 3012 974 3075 mitti
1002 3012 1292 3074 dicatur?
1332 3015 1415 3076 Ea
1459 3015 1685 3095 utique
1722 3018 1991 3092 ratione,
2026 3021 2179 3099 quia
2210 3036 2243 3081 a
2278 3019 2462 3083 nullo
2492 3018 2806 3099 procedit.
2832 3015 3150 3079 Corticem
3188 3013 3277 3075 rei
3313 3031 3458 3089 spe-

227 3108 412 3172 ctabat
441 3107 996 3187 TbeOphylactus,
1027 3110 1337 3172 doctrinm
1370 3110 1667 3173 sublimis
1699 3114 2044 3175 medullam
2078 3129 2205 3175 non
2238 3115 2477 3194 attigit.

295 3202 403 3283 (9.)
433 3203 779 3284 Insuf/lare
841 3205 1157 3283 Spiritum
1214 3216 1498 3267 sanctum
1555 3217 1701 3286 post
1724 3213 2249 3275 resurrectionem
2280 3213 2581 3273 Dominus
2618 3209 2861 3271 dicitur
2888 3228 2909 3268 :
2937 3225 3065 3268 non
3111 3224 3260 3268 vero
3291 3205 3459 3285 quod

223 3300 567 3381 productor
587 3301 936 3381 ejus‘sit....
987 3302 1075 3362 Et
1128 3303 1289 3363 alios
1322 3321 1518 3383 neque
1544 3315 1693 3367 tunc
1733 3315 1903 3369 totus
1934 3308 2121 3369 datus
2168 3318 2281 3381 est,
2315 3308 2425 3369 sed
2452 3307 2711 3368 unicum
2743 3305 3056 3367 charisma
3087 3321 3194 3363 seu
3225 3303 3458 3362 donum

226 3396 601 3458 remissionis
622 3408 1023 3477 peccatorum
1050 3419 1071 3460 :
1101 3400 1528 3459 tantummodo
1551 3403 1737 3474 enim,
1774 3414 1841 3465 ut
1870 3406 2270 3467 Pentecostes
2295 3416 2569 3484 tempore
2601 3403 2889 3474 daretur,
2920 3400 3235 3463 decretum
3261 3409 3456 3462 est....

225 3493 287 3554 Si
308 3494 553 3554 Domini
602 3494 959 3575 insufﬂatio
1010 3495 1077 3555 in
1113 3493 1465 3573 discipulos
1522 3516 1651 3559 non
1710 3501 1837 3580 fuit
1865 3504 2058 3563 unius
2116 3511 2361 3564 tantum
2388 3497 2931 3572 charismatis,sed
2953 3500 3151 3559 totius
3174 3497 3459 3575 Spiritus

225 3593 417 3650 sancti
435 3589 695 3651 donatio
726 3611 747 3651 :
779 3591 983 3668 igitur
1008 3590 1409 3653 Paracletum
1440 3604 1591 3654 tunc
1624 3597 1712 3656 eis
1739 3595 1934 3660 dedit.
1965 3599 2289 3674 Quomodo
2319 3599 2523 3677 igitur
2552 3615 2617 3657 se
2644 3595 2825 3657 habet
2858 3593 3022 3656 illud
3053 3612 3073 3652 :
3101 3594 3174 3655 Si
3202 3611 3308 3671 ego
3330 3609 3460 3653 non

227 3687 447 3761 abiero,
488 3685 859 3748 Paracletus
898 3704 1029 3747 non
1087 3689 1293 3749 veniet
1327 3688 1412 3749 ad
1447 3693 1605 3752 eos?
1638 3693 1984 3754 Descensus
2014 3695 2084 3756 in
2133 3695 2493 3756 Pentecoste
2539 3694 2598 3754 si
2636 3691 2909 3774 ejusdem
2969 3691 3255 3770 Spiritus
3299 3690 3450 3770 fuit,

228 3793 352 3844 erat
370 3782 724 3863 superfluus
755 3804 774 3844 :
806 3784 865 3846 si
892 3801 1036 3846 vero
1063 3782 1362 3855 alterius;
1387 3786 1560 3859 cedo,
1594 3790 1732 3868 quis
1766 3789 1890 3863 ille,
1941 3791 2266 3870 qualisque
2284 3791 2531 3872 fuerit?
2565 3790 2717 3853 Haec
2746 3790 2812 3852 in
2846 3787 3115 3869 epistola
3152 3787 3229 3847 ad
3262 3787 3451 3847 Nico-

231 3877 390 3941 laum
422 3879 797 3943 diaconum.

301 3976 465 4038 Paria
533 3985 687 4038 sunt
743 3975 811 4038 in
865 3978 1331 4041 commentario
1387 3979 1462 4041 ad
1523 3988 1712 4058 caput
1762 3999 1832 4043 Ill
1882 3983 2154 4046 Joannis
2192 4008 2207 4046 :
2248 4006 2277 4040 α
2313 3982 2604 4046 Profecto
2637 3983 2951 4061 inquiunt
2997 4002 3015 4039 :
3052 3996 3194 4040 nam
3230 3978 3453 4055 (Joan-

229 4073 323 4133 nis
351 4074 459 4152 xx)
490 4079 553 4135 et
586 4074 931 4153 inspiravit
958 4073 1315 4151 discipulis,
1350 4088 1411 4137 et
1450 4076 1613 4138 dixit
1651 4078 1973 4157 :Accipite
2028 4081 2344 4161 Spiritum
2406 4090 2719 4141 sanctum.
2781 4079 2834 4139 Ο
2866 4075 3356 4153 desipientiaml
3391 4073 3457 4135 Si

232 4176 370 4231 tunc
410 4168 583 4231 dedit
642 4169 988 4248 discipulis
1026 4170 1659 4251 Spiritum,_quando
1743 4174 2120 4250 insnﬁlavit,
2150 4178 2479 4255 quomodo
2512 4183 2728 4254 postea
2760 4173 2924 4235 dixit
2951 4172 3046 4233 eis
3074 4171 3315 4250 (Actor.
3356 4170 3401 4251 ι)
3440 4192 3456 4232 :

231 4266 555 4346 Accipietis
582 4269 885 4328 virtutem
919 4270 1422 4349 supervenientis
1472 4272 1759 4349 Spiritus
1793 4274 2000 4335 sancti
2056 4292 2253 4353 super
2287 4293 2425 4342 vos,
2489 4292 2620 4335 non
2665 4282 2812 4352 post
2860 4269 3093 4331 multos
3123 4268 3234 4329 hos
3278 4268 3460 4331 dies?

233 4363 336 4428 Vel
365 4363 693 4443 quomodo
721 4364 1074 4439 credimus,
1100 4364 1165 4427 in
1202 4368 1578 4429 Pentecoste
1634 4368 1868 4431 factum
1903 4371 2292 4434 descensum
2327 4372 2645 4450 Spiritus;
2681 4370 2735 4430 si
2783 4368 3049 4447 quidem
3092 4365 3157 4426 in
3199 4382 3461 4443 vespera

234 4460 708 4522 resurrectionis
775 4462 957 4523 dedit
1029 4461 1262 4524 illum?
1340 4466 1523 4525 Tunc
1589 4464 1761 4526 enim
1834 4467 2200 4548 inspiravit.
2256 4470 2336 4529 At
2398 4466 2531 4531 hmc
2583 4466 2851 4544 quidem
2915 4462 3096 4524 valde
3156 4460 3452 4523 ridicula.
3556 4513 3561 4519 .

233 4554 624 4618 Manifestum
656 4558 856 4633 enim,
892 4557 1064 4635 quod
1099 4567 1248 4621 tunc
1304 4558 1438 4621 illis
1494 4562 1810 4640 Spiritum
1861 4548 2149 4625 sanctum
2201 4579 2331 4625 non
2390 4562 2672 4635 dederit,
2711 4560 2827 4624 sed
2900 4557 3131 4619 donum
3176 4558 3462 4636 Spiritus

234 4654 454 4725 sancti,
509 4653 961 4716 remissionem
1012 4654 1262 4718 scilicet
1313 4658 1575 4733 peccati.
1638 4659 1861 4720 Statim
1922 4661 2097 4723 enim
2162 4658 2388 4721 subdit
2454 4678 2471 4720 :
2536 4658 2824 4734 Quorum
2883 4654 3262 4717 remiseritis
3311 4671 3463 4733 pec-

235 4760 382 4819 cata.
413 4772 441 4806 ι
485 4758 604 4812 etc.
2524 4774 2529 4779 '

305 4846 428 4908 Imo
460 4844 730 4908 ridicula
766 4843 1232 4925 TheOpbylacti
1260 4850 1733 4925 argumentatio
1787 4858 1885 4914 est
1918 4869 1934 4913 :
1988 4868 2194 4932 seque
2256 4849 2604 4914 ridiculum
2641 4835 2898 4927 praebet,
2934 4846 3243 4909 doctrinm
3274 4864 3431 4924 repu

237 4957 419 5019 gnatm
453 4959 646 5023 quam
706 4942 899 5004 tradit
945 4942 1230 5021 Cyrillus
1289 4944 1456 5006 inter
1505 4946 1783 5022 Graecos,
1848 4956 1909 5011 et
1951 4947 2359 5026 Augustinus
2414 4947 2588 5009 inter
2623 4946 2908 5017 Latinos,
2939 4941 3457 5021 praestantissimi

238 5037 453 5101 Patres.
510 5041 614 5101 Sic
658 5037 849 5100 habet
909 5039 1031 5101 iste
1075 5037 1240 5103 libro
1290 5058 1357 5113 ιι,
1424 5042 1586 5103 alias
1641 5061 1737 5116 ιιι,
1782 5045 2024 5109 Contra
2056 5046 2504 5107 Maximinum.
2540 5064 2570 5099 α
2635 5044 2727 5105 De
2763 5044 2944 5103 Patre
2975 5048 3071 5100 est
3106 5039 3340 5111 Filias,
3384 5039 3463 5099 de

238 5131 398 5198 Patre
424 5142 518 5197 est
545 5134 824 5213 Spiritus
846 5143 1151 5207 sanctus;
1182 5138 1291 5198 sed
1320 5137 1429 5197 ille
1466 5140 1752 5217 genitus,
1788 5140 1911 5203 iste
1953 5140 2354 5219 procedens:
2392 5140 2542 5202 ideo
2574 5138 2686 5199 ille
2714 5136 2921 5197 Filius
2949 5142 3049 5197 est
3102 5134 3329 5203 Patris,
3382 5133 3464 5195 de

249 5246 361 5309 quo
389 5234 643 5312 genitus
671 5242 804 5306 est;
839 5233 959 5294 iste
987 5244 1201 5294 autem
1239 5236 1525 5315 Spiritus
1560 5240 1914 5319 utriusque,
1948 5236 2258 5316 quoniam
2288 5235 2362 5298 de
2419 5245 2690 5312 utroque
2727 5231 3045 5312 procedit.
3109 5232 3229 5292 Sed
3288 5230 3458 5302 ideo,

241 5342 369 5388 cum
405 5328 483 5390 de
528 5328 644 5390 illo
699 5327 910 5390 Filius
942 5328 1342 5405 loqueretur,
1377 5331 1460 5391 ait
1523 5332 1598 5392 de
1640 5334 1831 5394 Patre
1862 5332 2162 5413 procedit
2195 5354 2216 5393 :
2249 5333 2559 5412 quoniam
2595 5333 2775 5390 Pater
2807 5327 3249 5405 processionis
3316 5328 3460 5405 ejus

244 5428 323 5484 est
347 5431 575 5495 auctor,
603 5424 717 5503 qui
743 5425 932 5486 talem
970 5425 1210 5488 Filium
1248 5429 1497 5506 genuit,
1531 5436 1591 5490 et
1620 5429 1931 5506 gignendo
1964 5431 2021 5491 ei
2056 5429 2250 5501 dedit,
2285 5438 2357 5490 ut
2382 5429 2568 5488 etiam
2595 5426 2671 5487 de
2701 5426 2840 5504 ipso
2874 5423 3254 5503 procederet
3299 5424 3456 5501 Spi-

244 5519 388 5581 ritus
413 5531 686 5585 sanctus.
720 5524 877 5584 Nam
919 5522 1047 5584 nisi
1099 5525 1473 5599 procederet
1504 5535 1567 5587 et
1604 5529 1682 5587 de
1719 5527 1884 5604 ipso,
1912 5543 2039 5588 non
2070 5528 2312 5588 diceret
2364 5520 2709 5600 discipulis
2746 5539 2761 5582 :
2801 5521 3092 5601 Accipite
3145 5522 3456 5599 Spiritum

245 5628 534 5689 sanctum,-
564 5633 848 5697 eumque
872 5618 1257 5698 insufﬂando
1282 5621 1484 5694 daret,
1528 5631 1596 5684 ut
1623 5641 1663 5683 a
1694 5641 1757 5683 se
1785 5642 2027 5703 quoque
2046 5622 2389 5701 procedere
2420 5618 3053 5699 signiﬁcans,aperte
3084 5618 3454 5680 ostenderet

247 5708 451 5788 ﬂando,
483 5716 654 5795 quod
684 5714 993 5794 spirando
1021 5716 1210 5777 dabat
1237 5717 1511 5779 occulte.
1552 5741 1581 5780 ι

314 5810 561 5875 Gemina
616 5820 768 5874 sunt
817 5827 964 5889 qua)
1013 5811 1276 5874 disserit
1323 5813 1605 5891 Cyrillus
1675 5814 2164 5877 Alexandrinus
2209 5814 2373 5877 libro
2427 5832 2514 5876 xu
2567 5815 2644 5876 In
2683 5815 2993 5876 Joannem
3028 5832 3048 5872 :
3082 5808 3313 5872 Statim
3356 5826 3455 5870 eos
