3984 6574
467 381 537 444 91
1312 376 1537 437 BERN.
1580 376 1846 436 MARLE
1885 376 1980 435 DE
2022 376 2304 438 RUBEIS
2346 374 2845 436 DISSERTATIO
3618 379 3691 441 9’3

464 493 863 572 sanctificat,
906 492 1234 568 mnifesto
1294 491 1630 570 insufﬂatu
1682 492 1989 568 Spiritum
2027 493 2114 553 eis
2162 491 2475 569 largiens;
2528 498 2597 548 ut
2651 497 2712 549 et
2767 504 2882 547 nos
2934 486 3195 554 ﬁl‘llllltl‘
3257 488 3695 561 crederemus,

465 593 749 655 alienum
795 606 920 650 non
980 605 1124 649 esse
1182 605 1214 648 a
1272 588 1439 649 Filio
1504 587 1839 665 Spiritum,
1872 589 2035 647 sede

2128 586 2724 653 ’onsubstantialem,
2764 595 2815 644 et
2860 582 2928 635 δι’
2962 582 3129 635 αὖτοῦ
3182 582 3386 653 προῖὼν
3426 586 3484 637 τὸ
3512 587 3576 639 ἐκ
3607 585 3701 641 τοῦ

469 675 707 757 Πατρὸς.
753 702 870 763 per
916 686 1119 762 ipsum
1159 702 1237 744 ea:
1291 684 1481 745 Patre
1528 684 1984 762 procedentem.
2024 684 2098 744 Et
2141 682 2301 741 libro
2340 700 2406 741 ix
2464 680 2858 758 prmcedente
2891 682 2963 741 azl
2999 690 3184 757 caput
3218 698 3325 742 xxv
3376 684 3645 745 Joannis
3683 708 3699 746 :

446 783 723 844 'Idcirco
769 783 930 851 enim
990 780 1280 843 Christus
1336 782 1689 862 insul/lavit
1735 778 2196 858 corporaliter,
2258 776 2585 836 ostendens
2635 774 2801 854 quod
2877 779 3041 837 sicut
3114 796 3192 835 ex
3249 795 3354 836 ore
3431 781 3700 845 humano

471 879 742 958 spiritus
768 878 989 956 prodit
1009 877 1454 954 corporaliter,
1482 879 1573 938 sic
1605 895 1684 937 ea:
1731 875 1947 936 divina
1991 875 2370 943 substantia,
2424 875 2657 934 Deitati
2699 874 3160 943 convenienter,
3195 877 3480 944 προχεῖται
3536 877 3597 929 τὸ
3643 879 3701 941 ἐξ

473 974 661 1040 αὑτοῦ,
695 973 976 1049 Spiritus
1004 974 1114 1052 qui
1156 992 1233 1032 ea:
1280 991 1347 1033 eo
1400 973 1614 1053 (Filio)
1646 982 1757 1045 est,
1786 971 2229 1051 profunditur.
2265 970 2404 1031 Alia
2463 970 2647 1030 habet
2691 969 2900 1035 lectio.
2941 968 2999 1035 ἐξ
3034 970 3226 1039 αὐτῆς,
3283 989 3360 1030 ex
3391 992 3459 1031 ea
3489 972 3707 1033 divina

472 1069 848 1141 substantia,
885 1069 1110 1147 utique
1136 1067 1308 1129 Filii.
1344 1068 1685 1146 Perspicua
1713 1072 1924 1131 Patres
1953 1067 2016 1127 hi
2050 1067 2203 1137 duo,
2225 1066 2614 1146 quibuscum
2639 1065 3154 1143 'l‘heOphylactus
3189 1071 3543 1148 comparari
3574 1088 3705 1132 non

475 1173 706 1242 potest,
743 1180 870 1226 non
905 1164 1115 1225 solum
1146 1165 1313 1226 dona
1346 1172 1548 1225 creata
1605 1163 1671 1225 in
1708 1164 2016 1225 missione
2056 1163 2333 1240 Spiritus
2382 1161 2586 1224 sancti
2638 1177 2674 1223 a
2720 1162 2888 1223 Filio
2940 1163 3271 1238 distribui,
3326 1166 3439 1226 sed
3498 1166 3704 1244 ipsam

472 1261 663 1321 etiam
697 1262 926 1322 docent
958 1260 1241 1320 divinam
1268 1259 1468 1321 sancti
1504 1259 1780 1336 Spiritus
1816 1275 2151 1337 personam
2186 1259 2320 1320 dari
2361 1280 2375 1319 :
2433 1259 2726 1339 adeoque
2768 1259 3035 1338 probant
3071 1278 3149 1322 ex
3184 1262 3635 1342 consequenti,
3671 1279 3708 1324 a

472 1358 638 1417 Filio
672 1366 912 1420 aeterna
945 1357 1358 1435 processione
1391 1357 1699 1437 Spiritum
1742 1364 2035 1418 sanctum
2072 1355 2347 1433 prodire.

555 1452 696 1530 (10.)
727 1453 807 1513 In
856 1471 930 1513 ea
974 1450 1432 1530 insul/latione,
1490 1453 1702 1532 inquit
1747 1453 1879 1523 ille,
1936 1453 2125 1514 unius
2159 1460 2402 1513 tantum
2432 1451 2826 1513 charismatis
2861 1451 2988 1530 fuit
3023 1452 3306 1528 donatio,
3338 1470 3473 1512 non
3502 1455 3706 1514 totius

467 1548 751 1626 Spiritus
780 1550 1005 1610 sancti.
1038 1547 1342 1627 Alioquin
1376 1549 1681 1627 quomodo
1731 1568 1795 1609 se
1833 1548 2083 1609 haberet
2117 1547 2278 1609 illud
2310 1568 2330 1608 :
2360 1548 2431 1608 Si
2450 1566 2579 1607 non
2629 1547 2867 1619 abiero,
2902 1546 3273 1607 Paracletus
3332 1566 3460 1608 non
3506 1550 3709 1610 veniet

468 1643 550 1701 ad
590 1646 747 1706 vos?
807 1642 1091 1705 Nimium
1161 1660 1374 1706 crasse
1436 1653 1500 1705 et
1536 1644 1828 1706 ridicule.
1880 1644 2152 1718 Quoties
2208 1661 2489 1722 namque
2554 1644 2828 1706 mittitur
2894 1645 3211 1719 daturque
3250 1644 3531 1720 Spiritus
3563 1662 3713 1707 san-

470 1747 635 1812 ctus,
705 1740 889 1800 datur
939 1756 1010 1800 ac
1081 1739 1355 1802 mittitur
1405 1746 1614 1812 totus,
1674 1758 1823 1802 cum
1871 1742 1954 1803 sit
2001 1757 2171 1803 unus
2231 1748 2294 1802 et
2337 1740 2888 1818 simplicissimus.
2943 1741 3035 1800 Ad
3094 1740 3470 1804 charismata
3531 1744 3712 1804 redi-

470 1835 644 1914 gitur
701 1834 1039 1895 diversitas
1092 1843 1218 1896 tota
1283 1856 1298 1896 :
1356 1852 1473 1897 nec
1530 1836 1701 1897 enim
1779 1837 2087 1907 cuilibet,
2145 1852 2216 1897 ac
2270 1850 2525 1913 semper
2580 1836 2798 1899 omnia
2857 1835 3236 1898 charismata
3295 1838 3438 1917 ejus
3480 1839 3707 1899 distri-

471 1931 788 2001 buuntur;
825 1948 1044 1993 verum
1072 1933 1222 1999 haec.
1258 1939 1319 1993 et
1349 1946 1472 1993 non
1529 1932 1674 2007 alia,
1709 1949 1780 1994 ac
1834 1933 2030 2010 magis
2063 1932 2408 2011 minusque
2461 1935 2839 2009 prmstantia,
2878 1950 2990 2010 pro
3015 1933 3289 2012 gratuito
3317 1935 3431 1996 Dei
3466 1933 3709 1997 favore.

550 2028 1097 2106 Supervacaneum
1131 2027 1328 2089 infers
1361 2027 1695 2090 adventum
1721 2030 2007 2107 Spiritus
2041 2030 2245 2091 sancti
2297 2030 2367 2091 in
2418 2029 2518 2091 die
2566 2032 2982 2093 Pentecostes.
3041 2055 3070 2090 «
3118 2031 3261 2092 Hmc
3310 2032 3533 2093 dicens
3579 2050 3707 2095 non

479 2124 681 2197 novit,
708 2139 776 2182 ea
811 2123 1227 2185 contentiosa)
1248 2124 1480 2185 mentis
1512 2142 1654 2185 esse
1684 2136 2039 2187 commenta
2072 2125 2287 2206 (verba
2306 2130 2737 2191 suntJoannis
2769 2128 2946 2190 Becci
2980 2146 3157 2191 num.
3179 2130 3303 2211 68).
3328 2130 3510 2191 Unde
3535 2131 3709 2191 enim

474 2215 686 2287 habet,
718 2217 818 2280 die
848 2219 1265 2294 Pentecostes,
1294 2219 1577 2298 Spiritus
1607 2220 1958 2292 adventum,
1983 2222 2040 2283 si
2069 2224 2343 2303 ejusdem
2387 2227 2515 2304 fuit
2538 2226 2848 2304 Spiritus,
2895 2243 3425 2304 supervacaneum
3458 2228 3659 2304 fuisse
3680 2228 3710 2287 7

474 2320 758 2395 Namque
792 2315 848 2381 si
879 2315 979 2380 die
1001 2316 1397 2380 Pentecostes
1425 2317 1772 2379 adventum
1805 2334 2355 2395 supervacaneum
2400 2321 2713 2394 decernit,
2745 2321 2802 2382 si
2829 2318 3100 2402 ejusdem
3129 2330 3215 2382 est
3248 2322 3533 2401 Spiritus
3564 2333 3712 2384 ante

473 2413 881 2475 l’entecosten
912 2415 1250 2495 insufﬂati,
1312 2416 1527 2477 multm
1552 2414 1840 2493 ejusdem
1879 2414 2156 2492 Spiritus
2192 2419 2635 2481 redundantite
2658 2418 3140 2495 comparebunt,
3169 2419 3347 2497 quod
3408 2427 3714 2482 extremm

472 2512 884 2573 alisurditatis
913 2521 1033 2574 est.
1062 2516 1149 2573 Ex
1182 2530 1312 2592 quo
1335 2515 1506 2575 enim
1549 2513 1829 2592 primum
1860 2507 2069 2575 creato
2100 2514 2345 2577 homini
2378 2517 2447 2577 in
2479 2516 2749 2577 animam
2791 2517 3096 2578 viventem
3155 2514 3515 2577 insutﬂalus
3575 2526 3711 2592 est;

472 2606 742 2669 diversis
774 2607 1144 2670 adventibus
1184 2611 1588 2689 postmodum
1648 2611 1723 2672 ad
1787 2610 2018 2689 dignos
2086 2612 2451 2687 descendit;
2505 2618 2567 2673 et
2626 2611 3057 2674 nihilominus
3117 2613 3263 2674 licet
3291 2615 3366 2674 ad
3403 2612 3620 2691 plures
3652 2624 3716 2675 et

473 2706 710 2784 sxepius
741 2709 1173 2781 descenderit,
1237 2725 1568 2787 nunquam
1634 2715 1841 2769 tamen
1914 2708 2086 2770 ullus
2119 2708 2297 2770 illius
2346 2709 2664 2770 adventus
2694 2725 3194 2789 supervacaneus
3224 2717 3557 2786 reputatus
3590 2719 3710 2773 est.

474 2802 729 2877 [XLIV]
761 2802 998 2864 Verum
1037 2804 1373 2881 Bulgarus,
1414 2804 1465 2864 si
1500 2805 1671 2881 quod
1711 2813 1854 2864 ante
1877 2804 2287 2865 Pentecosten
2318 2803 2686 2884 insufﬂatus
2713 2813 2824 2878 est,
2850 2805 3202 2867 adventum
3237 2804 3423 2867 illius
3448 2807 3516 2868 in
3553 2807 3713 2868 Pen-

475 2906 703 2957 tecoste
730 2904 836 2958 aut
886 2916 1416 2975 supervacaneum
1447 2900 1584 2960 vult
1644 2900 1884 2973 dicere,
1946 2909 2057 2962 aut
2098 2900 2364 2960 alterius
2392 2900 2679 2978 Spiritus
2709 2902 3055 2962 adventum
3087 2920 3102 2962 :
3147 2921 3273 2967 non
3306 2906 3518 2965 solum
3579 2912 3715 2965 tum

475 3011 948 3072 supervacanee
978 2996 1314 3058 aﬂirmaliit
1343 2996 1759 3058 descendisse
1792 2998 2099 3075 Spiritum
2132 2996 2497 3073 discipulis,
2535 2996 2646 3057 sed
2697 3004 2760 3059 et
2791 3005 2937 3059 ante
2971 2998 3038 3060 in
3074 3001 3450 3061 Pentecoste
3481 3000 3720 3061 adven-

477 3100 650 3164 tum;
687 3104 746 3154 et
778 3110 921 3155 cum
951 3094 1098 3156 huic
1141 3093 1235 3154 vel
1274 3093 1462 3154 alteri
1484 3094 1961 3172 prophetarum,
2001 3093 2127 3155 alio
2152 3106 2333 3174 atque
2380 3095 2507 3158 alio
2534 3105 2832 3171 tempore,
2870 3105 2930 3158 et
2975 3096 3179 3158 modis
3210 3099 3476 3161 diversis
3524 3100 3720 3161 adve-

455 3189 690 3261 Jliens,
723 3191 1080 3250 associatus
1139 3200 1259 3250 est.
1302 3190 1454 3251 Nam
1497 3189 1551 3249 si
1586 3188 1851 3250 nuncin
1909 3192 2113 3268 forma
2147 3192 2491 3269 ignitarum
2542 3194 2927 3272 linguarum,
2988 3202 3123 3257 tum
3161 3211 3312 3256 vero
3350 3213 3475 3258 non
3513 3197 3713 3258 simili

480 3285 729 3346 ratione
772 3286 1251 3364 acceptantibus
1283 3286 1660 3348 adveniebat
1698 3305 1713 3344 :
1763 3286 2188 3348 nihilominus
2221 3288 2378 3350 idem
2407 3286 2773 3351 adveniebat
2799 3290 3107 3369 Spiritus,
3144 3297 3208 3352 et
3237 3292 3457 3353 nullus
3500 3293 3715 3354 vario-

479 3398 620 3443 rum
656 3381 934 3460 Spiritus
957 3382 1347 3443 adventuum
1381 3399 1878 3459 supervacaneus
1914 3385 2393 3460 nuncupabitur
2423 3387 2501 3447 ab
2538 3385 2667 3447 illis
2711 3385 2824 3465 qui
2861 3402 2974 3466 per
3009 3392 3210 3449 rectas
3242 3387 3717 3466 Scripturarum

475 3478 738 3540 semitas
772 3478 1034 3558 prepria
1068 3479 1337 3556 vestigia
1375 3480 1688 3555 dirigunt.
1733 3502 1762 3536 ››
3172 3486 3175 3489 ’

557 3575 905 3651 Quomodo,
960 3577 1213 3654 reponit
1260 3575 1392 3649 ille,
1419 3595 1481 3636 se
1522 3576 1682 3638 illud
1706 3577 1889 3640 habet
1925 3598 1945 3639 :
1989 3580 2060 3643 Si
2115 3598 2223 3657 ego
2266 3598 2395 3642 non
2436 3580 2697 3642 abiero?
2730 3588 2850 3643 etc.
2894 3602 2925 3638 α
2982 3581 3130 3643 Haec
3183 3582 3478 3645 enuntiat
3510 3583 3718 3664 (Becci

477 3672 819 3749 respcnsio
852 3671 997 3751 est),
1033 3674 1337 3749 ignorans
1361 3675 1754 3753 incorporea
1782 3676 1983 3753 specie
2020 3676 2368 3753 ignitarum
2423 3675 2785 3756 linguarum
2836 3677 3116 3755 Spiritus
3160 3678 3504 3740 adventum
3564 3697 3716 3758 pro-

479 3768 748 3829 missum
841 3767 1047 3831 fuisse
1131 3769 1469 3847 discipulis
1558 3787 1593 3830 a
1680 3774 2036 3833 Servatore.
2103 3772 2286 3847 Opus
2376 3773 2549 3834 enim
2637 3781 2795 3845 erat,
2857 3791 3006 3836 cum
3082 3775 3381 3837 Servator
3448 3790 3717 3854 corpore

480 3865 819 3926 uobiscum
849 3875 1138 3928 versatus
1183 3866 1440 3941 fuisset,
1484 3868 1794 3946 Spiritum
1842 3870 2034 3930 etiam
2072 3887 2341 3949 corpore
2392 3885 2789 3949 comparere,
2818 3877 2889 3934 ut
2914 3869 3134 3933 verbis
3156 3871 3383 3950 Magni
3417 3873 3720 3949 Gregorii

481 3962 647 4025 utar.
686 3985 714 4020 »
738 3965 918 4027 Adde
946 3965 1478 4029 abundantiorem
1511 3965 1964 4028 charismatum
2013 3966 2441 4047 largitionem,
2476 3983 2668 4047 quam
2695 3967 2761 4029 in
2801 3970 3171 4031 Pentecoste
3191 3966 3406 4030 attulit
3437 3967 3717 4048 Spiritus

477 4061 857 4125 adveniens.
1869 4061 1871 4064 ⁴

556 4157 842 4235 Hujusce
881 4158 1139 4221 demum
1164 4162 1481 4223 missionis
1513 4160 1677 4223 hanc
1712 4160 1944 4223 habeto
1989 4160 2326 4223 clariorem
2358 4160 2858 4237 expositionem.
2913 4160 3129 4221 Rebus
3180 4158 3487 4221 omnibus
3534 4162 3720 4222 adest

478 4252 708 4314 intime
735 4256 905 4315 Deus
939 4273 1057 4333 per
1110 4258 1461 4328 essentiam,
1516 4266 1578 4318 et
1643 4256 2059 4336 praesentiam,
2108 4264 2171 4318 et
2196 4257 2543 4335 potentiam
2575 4256 2825 4334 :‘idque
2858 4254 3048 4316 habet
3076 4272 3110 4317 a
3147 4258 3282 4317 Deo
3307 4256 3488 4318 Patre
3546 4259 3721 4317 Deus

478 4349 715 4423 Filius,
773 4358 832 4412 et
885 4351 1070 4413 habet
1102 4369 1137 4414 a
1180 4355 1360 4415 Patre
1415 4362 1477 4415 et
1529 4353 1699 4415 Filio
1770 4356 1946 4415 Deus
1983 4353 2260 4430 Spiritus
2292 4359 2581 4415 sanctus.
2619 4354 2734 4413 Per
2765 4351 3227 4414 charismatum
3260 4350 3720 4430 elargitionem

481 4462 688 4509 novus
720 4450 1009 4525 exsurgit
1043 4451 1217 4513 velut
1251 4453 1603 4529 prmsentias
1636 4451 1865 4512 modus
1900 4473 1915 4511 :
1949 4451 2061 4529 qui
2092 4448 2293 4526 magis
2321 4448 2664 4526 minusque
2712 4447 3015 4525 Specialis
3056 4458 3151 4509 est
3189 4464 3300 4525 pro
3331 4449 3457 4509 dati
3504 4449 3719 4511 chari-

478 4544 701 4605 smatis
732 4546 1104 4609 conditione
1135 4558 1198 4609 et
1226 4547 1606 4626 priestantia.
1629 4547 1792 4608 Hinc
1822 4546 2098 4624 Spiritus
2139 4552 2421 4619 sanctus,
2443 4563 2477 4607 a
2518 4548 2693 4606 Patre
2721 4554 2782 4606 et
2804 4544 3026 4607 aFilio
3053 4545 3314 4616 missus,
3340 4562 3505 4607 novo
3526 4548 3721 4608 modo

478 4638 761 4701 absolute
798 4655 855 4702 et
878 4642 1274 4722 simpliciter,
1312 4650 1383 4704 ut
1415 4642 1744 4721 inquiunt,
1784 4644 2012 4704 adesse
2048 4642 2308 4712 dicitur,
2355 4654 2416 4703 et
2448 4642 2807 4703 inhabitare
2842 4642 2905 4702 in
2959 4642 3041 4702 iis
3094 4643 3206 4721 qui
3242 4643 3461 4721 gratiae
3492 4645 3725 4704 sancti-

477 4735 724 4797 ﬁcantis
756 4737 1070 4800 charisma
1104 4739 1424 4817 recipiunt
1454 4760 1468 4799 :
1509 4739 1624 4799 sed
1663 4740 1853 4799 etiam
1880 4754 2045 4799 novo
2080 4738 2301 4817 aliquo
2330 4739 2518 4798 modo
2554 4757 2663 4815 per
2714 4740 2903 4800 fidem
2940 4739 3383 4814 peccatoribus
3417 4739 3717 4802 tidelibus

480 4832 831 4907 inexsistit,
891 4842 951 4895 et
1010 4834 1470 4912 pmnitentibus
1526 4852 1637 4911 per
1672 4833 2111 4909 dilectionem,
2143 4834 2485 4895 secundum
2541 4833 2691 4912 quid
2725 4843 2782 4893 et
2812 4832 3200 4912 imperfecte.
3246 4836 3405 4907 Quae
3453 4835 3717 4896 demum

481 4928 699 4990 omnia
731 4929 817 4991 ita
866 4929 1282 5009 intellige,ut
1335 4949 1479 4993 cum
1512 4932 1650 5009 ipso
1685 4930 1931 5008 Spiritu
1984 4940 2226 5003 sancto,
2277 4931 2386 5008 qui
2444 4931 2742 4997 mittitur.
2778 4929 3488 4992 communemhabeaut
3538 4932 3720 4991 Pater

480 5026 672 5087 etiam
711 5032 773 5087 et
822 5026 1027 5089 Filius
1060 5043 1285 5089 novam
1326 5018 2005 5106 ipsampraesentiam;
2042 5036 2105 5090 et
2137 5025 2667 5090 inhabitatiouem
2699 5027 2948 5087 ratione
2972 5026 3127 5087 doni
3183 5028 3502 5097 concessi,
3536 5026 3713 5104 quod

480 5122 669 5184 simul
718 5125 793 5185 ad
820 5132 997 5184 extra
1036 5130 1163 5185 tota
1214 5132 1516 5201 Operatur
1544 5126 1945 5187 sanctissima
1968 5124 2245 5186 Trinitas
2279 5145 2294 5188 :
2330 5140 2401 5186 ac
2440 5130 2740 5203 prmterea
2780 5122 2840 5182 in
2881 5138 2954 5183 ea
2987 5140 3097 5199 per
3129 5124 3397 5201 gratiam
3430 5124 3717 5185 sanctiﬁ-

480 5226 727 5280 cantem
778 5220 976 5297 justis
1042 5220 1108 5280 in
1158 5218 1534 5282 hominibus
1567 5220 2056 5293 iuhabitatione,
2102 5219 2434 5297 quidpiam
2490 5220 2857 5281 inveniatur
2909 5219 3083 5297 quod
3154 5220 3358 5295 ipsius
3424 5235 3721 5298 personm

483 5314 761 5391 Spiritus
800 5315 998 5377 sancti
1033 5316 1366 5392 proprium
1400 5315 1503 5391 sit,
1535 5316 1732 5378 veluti
1774 5315 2075 5393 specialis
2113 5315 2401 5393 quasdam
2436 5314 2726 5392 ejusdem
2783 5332 3075 5393 personae
3104 5316 3182 5377 ad
3218 5315 3494 5377 animam
3554 5316 3717 5394 justi

479 5410 850 5489 applicatio.
886 5414 973 5475 Ita
1004 5410 1416 5490 frequentius
1476 5415 1685 5476 Latini
1735 5413 2081 5492 scriptores
2137 5413 2389 5473 docent.
2425 5413 2809 5491 Aquinatem
2864 5414 3275 5491 potissimum
3327 5415 3622 5488 consule,
3658 5423 3724 5476 et

483 5510 839 5576 Patavium,
875 5515 937 5568 et
966 5508 1375 5570 Franciscum
1415 5511 1732 5589 Sylvium.
2574 5588 2577 5591 δ

564 5602 712 5684 (11.)
747 5606 882 5665 Alia
935 5604 1210 5682 profero,
1272 5624 1415 5685 quas
1451 5608 1512 5668 in
1538 5608 1812 5683 epistola
1865 5608 1941 5669 ad
1996 5604 2330 5668 Nicolaum
2382 5604 2724 5667 diaconum
2777 5605 3302 5684 TheOphylactus
3360 5605 3730 5668 accumulat

483 5711 862 5781 argumenta
891 5720 904 5759 :
942 5702 1039 5776 Id,
1060 5703 1223 5783 quod
1252 5705 1332 5765 ad
1365 5704 1790 5768 exsistendum
1819 5723 1976 5782 opus
2007 5704 2188 5767 habet
2238 5701 2480 5763 duobus
2512 5703 2876 5780 principiis,
2940 5703 3037 5762 vel
3068 5702 3269 5781 majus
3305 5710 3395 5762 est
3428 5722 3496 5761 eo
3554 5700 3730 5778 quod

480 5799 557 5860 ab
597 5818 716 5860 uno
738 5802 1059 5881 principio
1092 5815 1201 5875 est,
1266 5801 1361 5864 vel
1397 5802 1646 5881 ecquale,
1669 5802 1762 5864 vel
1786 5802 2013 5865 minus.
2040 5799 2160 5861 Sed
2203 5797 2432 5877 aquale
2466 5815 2593 5856 esse
2623 5816 2747 5858 non
2778 5798 3031 5876 potest:
3060 5800 3226 5878 [oret
3275 5798 3434 5858 enim
3487 5796 3562 5857 ab
3594 5813 3731 5857 uno
