4058 6470
328 372 404 434 93
1187 335 1285 443 DE
1322 383 1902 445 THEOPHYLACTI
1943 384 2214 447 ausus
2246 387 2341 447 ET
2378 380 2752 450 SCRIPTIS.
3510 384 3581 451 94

327 492 683 571 principio,
720 502 779 554 et
806 512 931 555 non
962 494 1172 557 aliter.
1211 498 1622 576 Relinquitur
1664 515 1810 575 ergo
1845 515 1972 559 esse
1993 501 2221 580 majus,
2254 498 2352 561 vel
2382 503 2667 563 minus...
2730 500 2944 580 Igitur
3003 503 3290 582 Spiritus
3325 512 3579 564 sanctus

330 588 453 648 erit
482 592 689 669 major
719 590 885 652 Filio
914 592 1051 670 (qui
1085 592 1165 653 ab
1192 591 1347 676 uno)
1375 615 1390 665 ;
1428 602 1489 654 et
1521 612 1668 655 ecce
1729 610 1955 656 novam
1989 596 2401 674 impietatem.
2430 598 2544 659 Vel
2580 608 2674 660 est
2711 601 2919 660 minor
2956 602 3149 676 Filio,
3172 602 3383 680 sicque
3415 604 3582 662 revi'
3620 666 3621 671 η

327 686 513 746 viscit
537 686 1025 750 Macedonius...
1065 689 1136 751 Si
1155 689 1327 750 Filio
1352 691 1558 771 major
1590 700 1679 750 est
1714 691 1908 751 Pater
1936 693 2003 752 in
2054 712 2146 763 eo,
2179 693 2347 771 quod
2374 713 2567 755 causa
2599 697 2732 776 ejus
2765 707 2856 756 est
2889 717 2907 756 :
2936 707 2995 757 et
3020 698 3156 776 ipse
3208 697 3417 758 Filius
3460 699 3579 758 erit

328 785 537 863 major
560 784 814 863 Spiritu
831 795 1046 848 sancto
1086 789 1294 848 eadem
1325 780 1644 849 ratione.'..
1680 787 1796 847 Ubi
1829 790 2128 851 invenisti
2151 791 2386 852 Filium
2426 792 2555 854 dici
2595 794 2896 874 majorem
2925 793 3225 873 Spiritu?
3254 793 3579 868 Quomodo

331 877 580 940 tandem
603 883 972 961 proprietas
1009 885 1351 945 communis
1382 902 1510 943 esse
1534 885 1787 959 potest?

416 978 508 1038 Ad
544 982 941 1054 polstremum
997 987 1447 1059 argumentum
1483 979 1725 1041 solutio
1763 978 1945 1041 Becci
1988 988 2083 1041 est
2138 980 2308 1042 inter
2343 981 2766 1045 refutationes
2798 985 3005 1047 Photii
3038 986 3104 1046 in
3154 985 3377 1046 eadem
3415 985 3580 1045 Ora-

333 1072 506 1133 tione
532 1071 607 1132 de
640 1075 875 1135 unione
900 1075 1350 1149 Ecclesiarum,
1389 1092 1570 1138 num.
1602 1074 1718 1137 £2:
1759 1096 1790 1133 α
1818 1076 2020 1147 Dicis,
2080 1077 2143 1139 Si
2178 1080 2521 1141 communis
2552 1089 2641 1141 est
2671 1081 2891 1143 Patris
2917 1092 2976 1144 et
3007 1083 3166 1144 Filii
3214 1085 3582 1162 proprietas

334 1170 680 1249 productio
709 1173 987 1250 Spiritus
1018 1174 1244 1247 sancti,
1294 1175 1619 1252 quomodo
1668 1191 1987 1235 commune
2023 1176 2142 1238 erit
2184 1179 2610 1257 proprietas?
2645 1183 2773 1259 Ego
2826 1197 3015 1259 porro
3064 1181 3253 1243 dico:
3305 1184 3578 1258 quanam

334 1265 585 1327 ratione
623 1268 892 1329 maxime
923 1270 1273 1331 absurdum
1306 1270 1419 1330 tibi
1450 1269 1726 1337 videtur,
1759 1288 1901 1333 esse
1945 1272 2195 1352 aliquid
2251 1292 2577 1336 commune
2611 1278 2779 1338 Patri
2814 1284 2879 1340 et
2937 1278 3131 1350 Filio,
3194 1278 3459 1358 proprie
3514 1276 3581 1338 in

335 1362 497 1439 ipsis
534 1363 694 1425 solis
738 1365 1243 1437 consideratum,
1286 1367 1461 1445 quod
1509 1382 1638 1427 non
1674 1367 1758 1427 sit
1789 1386 2108 1430 commune
2135 1370 2466 1448 Spiritui?
2528 1375 2637 1434 Est
2668 1373 2841 1434 enim
2916 1388 3257 1435 commune
3311 1373 3474 1434 Patri
3523 1380 3584 1433 et

334 1458 532 1532 Filio,
564 1459 737 1538 quod
771 1460 1036 1537 Spiritui
1071 1477 1418 1522 commune
1460 1478 1587 1524 non
1641 1470 1736 1523 est
1770 1484 1784 1523 :
1818 1471 1880 1524 et
1913 1464 2087 1542 quod
2120 1481 2245 1526 non
2281 1467 2503 1540 unius,
2538 1468 2648 1528 sed
2670 1456 2952 1529 duarum
2998 1485 3418 1546 personarum
3458 1476 3578 1540 est,

335 1551 459 1614 hoc
481 1571 827 1631 commune
853 1555 1115 1628 dicitur,
1151 1565 1210 1617 et
1242 1566 1370 1630 est;
1429 1558 1603 1637 quod
1659 1574 1811 1619 vero
1865 1561 2121 1638 pr0prie
2158 1560 2223 1623 in
2259 1561 2389 1623 illis
2420 1564 2890 1638 consideratur,
2947 1572 3007 1625 et
3043 1562 3227 1625 illius
3267 1564 3580 1643 particeps

336 1668 467 1712 non
499 1661 595 1716 est
632 1651 936 1731 Spiritus.
973 1653 1212 1715 dicitur
1242 1671 1471 1716 eorum
1513 1655 1891 1733 proprietas.
1921 1658 2162 1736 Nempe
2201 1665 2269 1719 ut
2299 1674 2377 1719 eo
2407 1658 2840 1738 distinguatur
2903 1660 2981 1721 ab
3035 1660 3166 1721 illis
3194 1660 3527 1736 Spiritus.
3562 1705 3579 1721 .

334 1749 675 1825 Nyssenus
735 1748 1002 1811 bomilia
1074 1749 1143 1812 in
1204 1750 1570 1812 Orationem
1631 1753 2042 1820 Dominicam.
2098 1752 2433 1816 manifeste
2498 1754 2561 1817 id
2615 1756 2843 1818 astruit
2902 1756 3106 1818 :Cum
3160 1757 3325 1817 enim
3380 1755 3582 1817 Filius

335 1862 417 1904 ea:
454 1845 647 1905 Patre
685 1847 906 1918 exivit,
942 1856 999 1908 et
1028 1847 1318 1925 Spiritus
1379 1866 1457 1908 ea-
1495 1848 1621 1908 Deo
1666 1857 1722 1909 et
1757 1848 1946 1909 Patre
1986 1850 2299 1928 procedit.
2339 1849 2464 1912 Sed
2498 1851 3017 1930 quemadmodum
3036 1854 3172 1914 sine
3200 1871 3389 1912 causa
3429 1871 3579 1922 esse,

335 1960 479 2002 cum
501 1941 807 2005 sitsolius
847 1943 1086 2015 Patris,
1124 1944 1293 2005 Filio
1329 1952 1385 2004 et
1408 1944 1693 2022 Spiritui
1717 1942 2017 2023 adaptari
2045 1948 2306 2025 nequit:
2332 1949 2424 2010 sic
2479 1959 2726 2018 contra.
2768 1968 2896 2012 esse
2928 1968 3007 2011 ea:
3044 1968 3256 2019 causa,
3298 1951 3466 2028 quod
3495 1960 3584 2011 est
3677 1989 3684 1995 -

338 2037 496 2099 Filii
525 2048 583 2099 et
612 2039 898 2117 Spiritus
924 2041 1283 2118 proprium,
1318 2041 1392 2102 de
1412 2040 1603 2100 Patre
1634 2041 2029 2103 considerari
2061 2044 2341 2104 alienum
2396 2055 2487 2107 est
2518 2065 2556 2105 a
2588 2056 2849 2108 natura.
2883 2048 3038 2110 Cum
3078 2065 3225 2108 vero
3268 2065 3586 2108 commune

339 2135 427 2195 sit
484 2134 654 2195 Filio
709 2145 765 2194 et
808 2134 1090 2213 Spiritui
1135 2144 1351 2196 sancto
1389 2153 1519 2197 non
1561 2154 1689 2196 esse
1737 2137 1965 2216 absque
2009 2153 2192 2208 ortu,-
2227 2158 2458 2202 rursus
2492 2152 2579 2202 est
2630 2143 2839 2222 facile,
2875 2142 3297 2224 differentiam
3349 2160 3483 2222 qua
3521 2145 3589 2204 in

337 2249 555 2292 eorum
583 2232 1087 2311 proprietatibus
1124 2241 1237 2301 est.
1264 2234 1573 2312 reperire.
1628 2234 1910 2297 Adverte
1967 2234 2361 2299 animum...
2396 2240 2724 2317 quomodo
2778 2227 3241 2317 proprietatem
3302 2241 3581 2301 duarum

335 2335 587 2390 tantum
625 2345 1040 2404 personarum
1094 2329 1339 2392 vocavit
1398 2349 1479 2391 eo;
1508 2349 1699 2391 causa
1742 2349 1844 2391 eas
1876 2349 2005 2392 esse
2051 2354 2070 2393 :
2112 2339 2173 2396 et
2205 2336 2531 2413 quomodo
2559 2337 3063 2416 reprasentavit,
3090 2355 3407 2399 commune
3439 2354 3583 2399 esse

336 2425 576 2487 iisdem
612 2425 863 2487 duabus
893 2427 1184 2504 personis
1212 2426 1453 2505 absque
1491 2436 1636 2488 ortu
1659 2445 1791 2488 non
1823 2446 1975 2489 esse.
2006 2450 2036 2485 »

417 2525 636 2600 [XLV]
697 2524 932 2586 Caetera
1005 2531 1075 2586 ut
1136 2524 1346 2587 locum
1397 2524 1708 2587 haberent
1766 2532 2169 2609 argumenta,
2208 2525 2696 2606 TheOphylacto
2761 2529 3389 2592 comminiscendum
3423 2535 3583 2602 erat,

339 2621 587 2680 Patrem
621 2628 684 2680 et
737 2620 975 2681 Filium
1031 2619 1152 2680 duo
1209 2620 1518 2681 constitui
1551 2620 1750 2682 sancti
1793 2620 2073 2697 Spiritus
2107 2623 2436 2701 principia
2472 2644 2492 2684 :
2524 2640 2670 2685 cum
2704 2645 2738 2687 e
2773 2634 3014 2699 contra,
3070 2626 3237 2688 sicut
3289 2629 3472 2687 Pater
3526 2635 3588 2688 et

340 2716 575 2788 Filius,
600 2724 899 2794 quantum
929 2715 1010 2776 ad
1046 2719 1161 2779 hoc
1183 2715 1349 2797 quod
1379 2726 1469 2778 est
1505 2735 1641 2777 esse
1663 2718 2062 2796 principium
2097 2719 2383 2796 Spiritus
2414 2721 2644 2793 sancti,
2680 2736 2804 2781 non
2841 2728 3266 2798 opponuntur
3297 2742 3311 2781 :
3345 2724 3429 2783 ita
3473 2721 3592 2782 mi-

346 2813 522 2874 nime
562 2813 1068 2892 distinguantur,
1100 2815 1214 2876 sed
1261 2815 1393 2876 sint
1425 2814 1556 2876 duo
1588 2813 1923 2891 supposita
1958 2830 2100 2876 cum
2130 2831 2255 2876 una
2287 2815 2644 2896 eademque
2683 2816 2994 2895 Spiritum
3024 2824 3317 2879 sanctum
3351 2818 3592 2895 produ-

344 2909 535 2971 cendi
586 2911 845 2972 virtute.

418 3003 568 3085 (12.)
600 3007 826 3068 Fuerit
872 3023 1026 3081 ergo
1081 3007 1315 3081 Filius,
1373 3006 1619 3086 inquis,
1661 2998 1920 3086 Spiritu
1966 3016 2182 3069 sancto
2234 3008 2489 3088 major?
2528 3031 2556 3064 α
2618 3007 2993 3079 Considera,
3041 3008 3294 3087 reponit
3350 3010 3587 3070 Beccus

344 3121 528 3164 num.
560 3105 664 3176 67,
712 3122 791 3165 ne
822 3104 941 3165 tibi
965 3105 1096 3167 hac
1121 3104 1438 3167 dubitatio
1470 3104 1535 3166 in
1564 3106 1986 3184 Opprobrium
2024 3112 2333 3177 vertatur,
2360 3105 2414 3167 si
2442 3104 2638 3167 ltalus
2662 3122 2965 3185 magnum
3010 3104 3125 3167 tibi
3166 3105 3587 3167 Athanasium

346 3203 656 3277 producet
678 3202 966 3285 oﬁratione
999 3200 1357 3263 tAdversus
1388 3201 1660 3262 Arianos
1693 3205 1901 3279 (num.
1932 3202 2030 3281 50)
2067 3202 2196 3263 haec
2229 3201 2589 3264 tradentem
2628 3222 2646 3264 :
2691 3201 3048 3281 Discipulis
3082 3203 3387 3263 Dominus
3447 3201 3586 3263 dei-

340 3304 532 3357 tatem
561 3304 621 3356 et
651 3297 1141 3375 magnitudinem
1165 3315 1343 3357 suam
1376 3295 1729 3370 ostendens,
1760 3304 1889 3357 non
1918 3298 2222 3357 minorem
2252 3297 2652 3376 semetipsum
2681 3298 2959 3376 Spiritu,
3026 3296 3134 3358 sed
3187 3299 3481 3377 majorem
3532 3307 3590 3359 et

339 3391 639 3471 aqualem
685 3411 812 3452 esse
844 3392 1236 3470 signiﬁcans,
1267 3391 1554 3452 tradebat
1586 3392 1925 3470 Spiritum,
1971 3392 2333 3472 dicebatque
2367 3413 2386 3453 :
2419 3394 2553 3471 Ego
2608 3394 2789 3455 illum
2845 3399 3049 3466 mitto,
3085 3404 3140 3454 et
3178 3396 3312 3473 ipse
3338 3414 3427 3454 me
3456 3393 3591 3472 glo-

344 3486 650 3564 riﬁcubit,
701 3496 1173 3566 etquacunque
1223 3486 1459 3559 audiet,
1512 3485 1825 3565 loquetur.
1869 3510 1896 3543 υ
1931 3489 1998 3548 In
2035 3489 2387 3551 Parisieusi
2452 3489 2925 3552 Montfauconii
2971 3490 3256 3553 editione
3291 3509 3434 3561 vox,
3474 3491 3592 3561 μεί-

343 3584 498 3647 ζονα,
533 3585 851 3663 majorem,
884 3583 1304 3645 desideratur.
1355 3582 1602 3643 Habent
1636 3582 1810 3642 illam
1842 3583 2158 3647 editiones
2182 3586 2348 3657 alim,
2380 3605 2451 3649 ac
2483 3603 2638 3649 mss.
2700 3586 3346 3665 codicesaliqui.'Ad
3416 3587 3591 3649 hunc

344 3679 561 3741 locum
594 3680 894 3741 admonet
926 3680 1218 3741 laudatus
1256 3678 1490 3745 editor,
1516 3679 1580 3740 in
1627 3678 1911 3758 margine
1943 3680 2182 3743 codicis
2209 3681 2601 3744 Basileensis
2660 3683 2789 3744 haec
2817 3684 3151 3745 adnotari:
3212 3682 3382 3754 Vide,
3436 3700 3590 3761 quo-

340 3775 525 3837 modo
555 3777 763 3837 Filius
785 3776 1038 3855 aqualis
1075 3785 1131 3835 et
1156 3776 1357 3856 major
1389 3776 1472 3836 sit
1510 3775 1767 3854 Spiritu
1793 3796 1813 3835 :
1851 3776 2104 3855 aqualis
2128 3778 2376 3857 quidem
2404 3778 2745 3841 secundum
2770 3779 3193 3855 divinitatem,
3212 3782 3413 3862 major
3443 3799 3589 3840 vero

341 3873 594 3932 ratione
618 3890 839 3947 causa,
869 3881 941 3933 ut
972 3880 1027 3933 et
1050 3872 1240 3932 Pater
1268 3872 1406 3950 ipso
1455 3871 1645 3933 Verbo
1680 3881 1770 3932 est
1810 3874 2032 3951 major.
2083 3876 2320 3952 Nempe
2349 3892 2541 3937 unam
2583 3892 2705 3939 vox
2752 3876 2865 3938 illa
2930 3875 3311 3956 dignitatem
3350 3876 3592 3937 indicat

344 3968 599 4030 ratione
632 3967 930 4045 originis.

423 4067 526 4126 76.
585 4063 1160 4125 Animadversione
1214 4062 1594 4142 dignissima
1666 4066 2029 4144 sequuntur
2087 4061 2550 4144 TheOphylaeti
2626 4065 2811 4127 verba
2863 4067 2929 4128 in
2999 4066 3273 4145 epistola
3346 4068 3585 4145 saepius

346 4168 696 4221 memorata
751 4159 825 4220 ad
884 4158 1221 4220 Nicolaum
1281 4159 1625 4220 diaconum
1685 4167 1746 4221 et
1804 4159 2214 4221 canslrisium
2266 4182 2280 4222 :
2333 4162 2406 4222 Si
2461 4160 2708 4223 dixeris
2769 4171 2825 4223 te
2888 4164 3209 4242 afﬁrmare
3267 4163 3587 4241 Spiritum

348 4272 431 4314 ea
487 4255 658 4316 Filio
688 4255 1051 4333 procedere,
1105 4263 1412 4334 quatenus
1459 4254 1535 4316 ab
1588 4273 1656 4315 eo
1718 4254 2132 4318 distribuitur
2181 4266 2239 4317 et
2292 4256 2559 4319 datur...
2588 4266 2646 4318 et
2675 4255 2755 4318 ad
2812 4259 2904 4319 ita
2937 4258 3313 4333 loquendum
3349 4260 3491 4336 cogi
3528 4269 3584 4319 te

343 4350 619 4429 penuria
646 4368 889 4421 vocum,
921 4352 1273 4429 Latinaque
1303 4349 1533 4430 lingua
1568 4361 2021 4431 paupertate...
2053 4372 2159 4432 ego
2178 4355 2419 4417 veniam
2456 4356 2646 4435 facile
2698 4355 2881 4427 dabo,
2910 4365 2981 4416 ut
3021 4355 3088 4417 in
3136 4356 3282 4417 aliis
3315 4356 3584 4434 quidem,

343 4449 459 4511 hoc
515 4456 632 4516 est,
676 4447 1124 4520 communibus,
1169 4466 1241 4508 ac
1309 4448 1491 4509 etiam
1549 4448 1984 4511 ecclesiasticis
2020 4451 2434 4525 sermonibus,
2476 4451 2533 4512 si
2585 4452 2760 4525 velis,
2810 4444 3065 4512 vocibus
3110 4452 3318 4512 utaris
3350 4461 3422 4510 ut
3454 4450 3573 4512 tibi

343 4544 565 4620 lingua
599 4540 880 4603 concedit
918 4563 937 4602 :
964 4544 1286 4621 pramissa
1322 4552 1520 4605 tamen
1550 4547 1944 4612 convenienti
1992 4545 2441 4618 declarations,
2471 4566 2547 4607 ne
2579 4549 2690 4627 qui
2716 4546 3014 4622 audiunt,
3042 4548 3335 4625 ignorent
3365 4545 3577 4625 dupli-

344 4656 471 4697 cem
499 4657 626 4697 esse
657 4639 827 4698 vocis
854 4638 1334 4717 intelligentiam
1385 4640 1893 4718 (processioucm
1949 4644 2218 4717 scilicet,
2275 4645 2634 4706 secundum
2707 4644 2881 4723 quod
2929 4660 2961 4705 a
3003 4642 3143 4703 solo
3176 4646 3353 4704 Patre
3400 4641 3588 4703 habet

344 4752 510 4807 esse,
544 4742 606 4795 et
639 4733 1026 4794 etfusionem
1060 4734 1159 4797 vel
1185 4736 1835 4799 communicationem
1871 4739 2200 4821 Spiritus).
2233 4742 2315 4802 At
2346 4758 2491 4801 vero
2524 4742 2590 4803 in
2633 4739 2927 4821 Symbolo
2998 4739 3279 4819 exprime
3330 4758 3591 4818 proces-

342 4829 579 4891 sionem
601 4849 640 4888 a
669 4828 801 4888 solo
834 4829 1047 4891 Patre.
2856 4862 2861 4865 λ

421 4928 610 4987 Hunc
642 4926 783 4985 sine
814 4924 1016 4988 dubio
1056 4924 1268 4987 locum
1311 4926 1632 4989 iudicabat
1688 4929 1968 4991 Joannes
2002 4932 2236 4994 Beccus
2275 4934 2442 4995 inter
2472 4933 2767 5013 ejusdem
2800 4930 3268 5012 Theophylacti
3338 4931 3584 4993 refuta-

326 5024 579 5095 tiones,
620 5039 797 5084 num.
831 5024 951 5084 66:
990 5046 1016 5077 α
1048 5025 1180 5101 Ego
1209 5024 1465 5085 interim
1498 5024 1727 5102 gratias
1758 5026 1873 5086 tibi
1897 5027 2450 5108 ('l‘heOphylacte),
2485 5045 2603 5108 ago
2634 5028 2712 5089 de
2739 5029 2904 5091 bona
2940 5033 3196 5100 mente;
3238 5028 3497 5105 quando
3527 5035 3586 5090 te

344 5121 624 5200 reperio,
656 5121 963 5182 unionem
1009 5121 1306 5182 Ecclesia
1336 5120 1532 5182 veluti
1559 5139 1593 5182 a
1630 5123 1876 5197 subtili,
1904 5122 2078 5202 quod
2116 5124 2325 5194 aiunt,
2375 5125 2481 5201 filo
2509 5123 2901 5201 appendisse
2934 5123 2998 5183 in
3053 5121 3210 5191 illis,
3256 5139 3399 5200 quae
3432 5122 3587 5186 Italo

341 5219 640 5279 insinuas
676 5235 690 5276 :
722 5218 801 5278 In
842 5216 988 5277 aliis
1018 5215 1264 5294 quidem
1300 5215 1564 5277 concedo
1595 5218 1730 5288 tibi,
1766 5238 1971 5281 vocem
2004 5218 2434 5298 usurpandam
2463 5221 2752 5299 Spiritus
2785 5237 2864 5278 ea
2900 5218 3089 5279 Patre
3121 5227 3181 5278 et
3221 5217 3392 5280 Filio
3420 5237 3582 5296 pro-

345 5315 667 5387 cessionis,
705 5323 776 5374 ut
810 5314 928 5376 tibi
959 5314 1177 5389 lingua
1201 5314 1515 5391 permittit
1553 5335 1574 5376 :
1604 5317 1670 5378 in
1698 5317 2129 5378 communibus
2155 5335 2373 5395 nempe
2401 5316 2795 5377 sermonibus
2832 5314 3280 5378 ecclesiasticis
3343 5327 3401 5378 et
3454 5316 3588 5378 col-

344 5412 593 5490 loquiis,
628 5411 683 5472 si
712 5409 1090 5477 allubescat;
1125 5410 1194 5471 in
1221 5408 1514 5488 Symbolo
1550 5428 1696 5470 vero
1728 5411 1886 5485 solo,
1919 5430 2047 5473 non
2078 5411 2430 5473 concedam.
2465 5411 2824 5473 Exosculor
2847 5410 3045 5473 animi
3089 5413 3181 5475 lui
3215 5413 3584 5485 candorem,

345 5516 406 5568 et
433 5523 716 5586 agnosco
756 5507 981 5568 unioni
1018 5514 1078 5568 te
1113 5521 1415 5583 magnum
1451 5506 1703 5580 pondus
1735 5507 2091 5569 addidisse.
2135 5531 2162 5564 »

420 5608 567 5669 Haec
618 5605 892 5667 invicem
945 5604 1098 5675 duo,
1151 5619 1294 5681 mia)
1350 5604 1536 5664 tradit
1592 5604 1727 5666 loco
1759 5607 1950 5668 citato
1980 5602 2521 5680 TheOpbylactus,
2557 5620 2780 5682 quasve
2813 5605 3055 5667 Beccus
3096 5603 3584 5692 animadvertit,

348 5703 561 5765 minus
604 5719 884 5765 consona
918 5702 1220 5763 videntur
1254 5722 1268 5758 :
1308 5716 1517 5777 neque
1553 5700 1757 5777 primo
1782 5710 2043 5781 aspectu
2101 5701 2324 5761 bonam
2376 5711 2638 5761 mentem
2681 5700 2991 5763 exhibent
3025 5701 3212 5761 verba
3254 5717 3324 5761 ar
3343 5700 3590 5779 cbiepi-

350 5800 545 5861 sconi.
582 5800 895 5860 Docuerat
929 5813 1179 5874 nempe,
1210 5796 1639 5874 processionis
1670 5801 1914 5861 nomine
1966 5795 2283 5860 declarari
2315 5795 2559 5857 modum
2589 5815 2707 5876 quo
2763 5797 3049 5874 Spiritus
3080 5796 3260 5858 habet
3287 5815 3416 5865 esse
3447 5818 3467 5857 :
3504 5814 3576 5860 ac
