  <div class='ocr_page' id='page_1' title='image "/cluster/home/n/w/nwhite01/storage/ocr_20150623/123/hvd.32044019208198/055.png"; bbox 0 0 4058 6470; ppageno 0'>
   <div class='ocr_carea' id='block_1_1' title="bbox 474 343 3719 413">
    <p class='ocr_par' dir='ltr' id='par_1_1' title="bbox 474 343 3719 413">
     <span class='ocr_line' id='line_1_1' title="bbox 474 343 3719 413; baseline 0.002 -6"><span class='ocrx_word' id='word_1_1' title='bbox 474 343 543 407; x_wconf 79' lang='lat'><strong><em>95</em></strong></span> <span class='ocrx_word' id='word_1_2' title='bbox 1318 344 1543 409; x_wconf 79' lang='lat' dir='ltr'><strong>BERN.</strong></span> <span class='ocrx_word' id='word_1_3' title='bbox 1580 344 1846 409; x_wconf 61' lang='lat' dir='ltr'><strong><em>MAR”!</em></strong></span> <span class='ocrx_word' id='word_1_4' title='bbox 1883 346 1979 408; x_wconf 85' lang='lat' dir='ltr'><strong><em>DE</em></strong></span> <span class='ocrx_word' id='word_1_5' title='bbox 2020 343 2304 411; x_wconf 75' lang='lat' dir='ltr'><strong><em>RUBEIS</em></strong></span> <span class='ocrx_word' id='word_1_6' title='bbox 2346 352 2849 413; x_wconf 75' lang='lat' dir='ltr'><strong><em>DISSERTATIO</em></strong></span> <span class='ocrx_word' id='word_1_7' title='bbox 3648 353 3719 413; x_wconf 63' lang='grc'><strong><em>96</em></strong></span> 
     </span>
    </p>
   </div>
   <div class='ocr_carea' id='block_1_2' title="bbox 476 460 3706 547">
    <p class='ocr_par' dir='ltr' id='par_1_2' title="bbox 476 460 3706 547">
     <span class='ocr_line' id='line_1_2' title="bbox 476 460 3706 547; baseline 0.002 -28"><span class='ocrx_word' id='word_1_8' title='bbox 476 461 793 524; x_wconf 85' lang='lat' dir='ltr'><strong><em>missionis</em></strong></span> <span class='ocrx_word' id='word_1_9' title='bbox 831 477 1036 523; x_wconf 82' lang='lat' dir='ltr'><strong><em>uocem</em></strong></span> <span class='ocrx_word' id='word_1_10' title='bbox 1086 461 1446 539; x_wconf 83' lang='lat' dir='ltr'><strong><em>signiﬁcare</em></strong></span> <span class='ocrx_word' id='word_1_11' title='bbox 1481 460 1900 524; x_wconf 80' lang='lat' dir='ltr'><strong><em>abundantem</em></strong></span> <span class='ocrx_word' id='word_1_12' title='bbox 1936 461 2245 524; x_wconf 84' lang='lat' dir='ltr'><strong><em>donorum</em></strong></span> <span class='ocrx_word' id='word_1_13' title='bbox 2304 463 2725 544; x_wconf 75' lang='lat' dir='ltr'><strong><em>largitionem,</em></strong></span> <span class='ocrx_word' id='word_1_14' title='bbox 2788 483 2922 544; x_wconf 80' lang='lat' dir='ltr'><strong><em>qua:</em></strong></span> <span class='ocrx_word' id='word_1_15' title='bbox 2961 485 2998 525; x_wconf 94' lang='lat' dir='ltr'><strong><em>a</em></strong></span> <span class='ocrx_word' id='word_1_16' title='bbox 3054 467 3246 527; x_wconf 78' lang='lat' dir='ltr'><strong><em>Patre</em></strong></span> <span class='ocrx_word' id='word_1_17' title='bbox 3278 470 3523 547; x_wconf 59' lang='lat' dir='ltr'><strong><em>quidem</em></strong></span> <span class='ocrx_word' id='word_1_18' title='bbox 3590 482 3706 537; x_wconf 81' lang='lat' dir='ltr'><strong><em>cst,</em></strong></span> 
     </span>
    </p>
   </div>
   <div class='ocr_carea' id='block_1_3' title="bbox 477 555 3717 641">
    <p class='ocr_par' dir='ltr' id='par_1_3' title="bbox 477 555 3717 641">
     <span class='ocr_line' id='line_1_3' title="bbox 477 555 3717 641; baseline 0.002 -23"><span class='ocrx_word' id='word_1_19' title='bbox 477 556 585 618; x_wconf 90' lang='lat' dir='ltr'><strong><em>sed</em></strong></span> <span class='ocrx_word' id='word_1_20' title='bbox 611 577 651 617; x_wconf 93' lang='lat' dir='ltr'><strong><em>a</em></strong></span> <span class='ocrx_word' id='word_1_21' title='bbox 689 557 860 619; x_wconf 81' lang='lat' dir='ltr'><strong><em>Filio</em></strong></span> <span class='ocrx_word' id='word_1_22' title='bbox 892 557 959 619; x_wconf 89' lang='lat' dir='ltr'><strong><em>in</em></strong></span> <span class='ocrx_word' id='word_1_23' title='bbox 990 575 1090 617; x_wconf 87' lang='lat' dir='ltr'><strong><em>eos</em></strong></span> <span class='ocrx_word' id='word_1_24' title='bbox 1117 559 1227 636; x_wconf 89' lang='lat' dir='ltr'><strong><em>qui</em></strong></span> <span class='ocrx_word' id='word_1_25' title='bbox 1257 555 1436 636; x_wconf 89' lang='lat' dir='ltr'><strong><em>digni</em></strong></span> <span class='ocrx_word' id='word_1_26' title='bbox 1458 568 1630 631; x_wconf 74' lang='lat' dir='ltr'><strong><em>sunt,</em></strong></span> <span class='ocrx_word' id='word_1_27' title='bbox 1660 558 2039 637; x_wconf 78' lang='lat' dir='ltr'><strong><em>e/funditur.</em></strong></span> <span class='ocrx_word' id='word_1_28' title='bbox 2079 561 2241 619; x_wconf 82' lang='lat' dir='ltr'><strong><em>Tum</em></strong></span> <span class='ocrx_word' id='word_1_29' title='bbox 2281 561 2599 634; x_wconf 89' lang='lat' dir='ltr'><strong><em>Latinum,</em></strong></span> <span class='ocrx_word' id='word_1_30' title='bbox 2634 560 2729 622; x_wconf 88' lang='lat' dir='ltr'><strong><em>vel</em></strong></span> <span class='ocrx_word' id='word_1_31' title='bbox 2768 560 2992 622; x_wconf 85' lang='lat' dir='ltr'><strong><em>[talum</em></strong></span> <span class='ocrx_word' id='word_1_32' title='bbox 3046 562 3322 635; x_wconf 78' lang='lat' dir='ltr'><strong><em>inducit,</em></strong></span> <span class='ocrx_word' id='word_1_33' title='bbox 3355 563 3419 624; x_wconf 81' lang='lat' dir='ltr'><strong><em>id</em></strong></span> <span class='ocrx_word' id='word_1_34' title='bbox 3490 564 3717 641; x_wconf 77' lang='lat' dir='ltr'><strong><em>utique</em></strong></span> 
     </span>
    </p>
   </div>
   <div class='ocr_carea' id='block_1_4' title="bbox 478 651 3721 734">
    <p class='ocr_par' dir='ltr' id='par_1_4' title="bbox 478 651 3721 734">
     <span class='ocr_line' id='line_1_4' title="bbox 478 651 3721 734; baseline 0.002 -20"><span class='ocrx_word' id='word_1_35' title='bbox 478 653 782 725; x_wconf 89' lang='lat' dir='ltr'><strong><em>aientem,</em></strong></span> <span class='ocrx_word' id='word_1_36' title='bbox 821 659 885 714; x_wconf 89' lang='lat' dir='ltr'><strong><em>et</em></strong></span> <span class='ocrx_word' id='word_1_37' title='bbox 922 651 1354 714; x_wconf 84' lang='lat' dir='ltr'><strong><em>nihilominus</em></strong></span> <span class='ocrx_word' id='word_1_38' title='bbox 1385 651 1826 728; x_wconf 77' lang='lat' dir='ltr'><strong><em>afﬁrmantem,</em></strong></span> <span class='ocrx_word' id='word_1_39' title='bbox 1856 652 2168 733; x_wconf 78' lang='lat' dir='ltr'><strong><em>Spiritum</em></strong></span> <span class='ocrx_word' id='word_1_40' title='bbox 2196 672 2276 715; x_wconf 74' lang='lat' dir='ltr'><strong><em>ex</em></strong></span> <span class='ocrx_word' id='word_1_41' title='bbox 2305 655 2477 715; x_wconf 83' lang='lat' dir='ltr'><strong><em>Filio</em></strong></span> <span class='ocrx_word' id='word_1_42' title='bbox 2502 656 2872 733; x_wconf 85' lang='lat' dir='ltr'><strong><em>procedere,</em></strong></span> <span class='ocrx_word' id='word_1_43' title='bbox 2907 666 3211 734; x_wconf 74' lang='lat' dir='ltr'><strong><em>quatenus</em></strong></span> <span class='ocrx_word' id='word_1_44' title='bbox 3248 657 3324 719; x_wconf 86' lang='lat' dir='ltr'><strong><em>ab</em></strong></span> <span class='ocrx_word' id='word_1_45' title='bbox 3377 678 3445 719; x_wconf 88' lang='lat' dir='ltr'><strong><em>eo</em></strong></span> <span class='ocrx_word' id='word_1_46' title='bbox 3499 658 3721 721; x_wconf 85' lang='lat' dir='ltr'><strong><em>distri-</em></strong></span> 
     </span>
    </p>
   </div>
   <div class='ocr_carea' id='block_1_5' title="bbox 477 746 3718 833">
    <p class='ocr_par' dir='ltr' id='par_1_5' title="bbox 477 746 3718 833">
     <span class='ocr_line' id='line_1_5' title="bbox 477 746 3718 833; baseline 0.002 -23"><span class='ocrx_word' id='word_1_47' title='bbox 477 747 698 810; x_wconf 85' lang='lat' dir='ltr'><strong><em>buitur</em></strong></span> <span class='ocrx_word' id='word_1_48' title='bbox 723 767 796 810; x_wconf 90' lang='lat' dir='ltr'><strong><em>ae</em></strong></span> <span class='ocrx_word' id='word_1_49' title='bbox 825 746 1040 822; x_wconf 84' lang='lat' dir='ltr'><strong><em>datur,</em></strong></span> <span class='ocrx_word' id='word_1_50' title='bbox 1084 748 1283 811; x_wconf 88' lang='lat' dir='ltr'><strong><em>veluti</em></strong></span> <span class='ocrx_word' id='word_1_51' title='bbox 1318 749 1396 811; x_wconf 88' lang='lat' dir='ltr'><strong><em>ad</em></strong></span> <span class='ocrx_word' id='word_1_52' title='bbox 1429 749 1514 811; x_wconf 88' lang='lat' dir='ltr'><strong><em>ita</em></strong></span> <span class='ocrx_word' id='word_1_53' title='bbox 1553 750 1952 828; x_wconf 87' lang='lat' dir='ltr'><strong><em>loquendum</em></strong></span> <span class='ocrx_word' id='word_1_54' title='bbox 1989 752 2260 825; x_wconf 86' lang='lat' dir='ltr'><strong><em>penuria</em></strong></span> <span class='ocrx_word' id='word_1_55' title='bbox 2290 761 2574 812; x_wconf 87' lang='lat' dir='ltr'><strong><em>coactum</em></strong></span> <span class='ocrx_word' id='word_1_56' title='bbox 2620 771 2839 814; x_wconf 81' lang='lat' dir='ltr'><strong><em>vocum</em></strong></span> <span class='ocrx_word' id='word_1_57' title='bbox 2873 752 3225 832; x_wconf 67' lang='lat' dir='ltr'><strong><em>Latinaeque</em></strong></span> <span class='ocrx_word' id='word_1_58' title='bbox 3279 756 3511 832; x_wconf 75' lang='lat' dir='ltr'><strong><em>linguae</em></strong></span> <span class='ocrx_word' id='word_1_59' title='bbox 3557 774 3718 833; x_wconf 81' lang='lat' dir='ltr'><strong><em>pau-</em></strong></span> 
     </span>
    </p>
   </div>
   <div class='ocr_carea' id='block_1_6' title="bbox 475 842 3714 923">
    <p class='ocr_par' dir='ltr' id='par_1_6' title="bbox 475 842 3714 923">
     <span class='ocr_line' id='line_1_6' title="bbox 475 842 3714 923; baseline 0.003 -20"><span class='ocrx_word' id='word_1_60' title='bbox 475 855 746 923; x_wconf 77' lang='lat' dir='ltr'><strong><em>perlate.</em></strong></span> <span class='ocrx_word' id='word_1_61' title='bbox 781 845 1228 908; x_wconf 88' lang='lat' dir='ltr'><strong><em>Commentum</em></strong></span> <span class='ocrx_word' id='word_1_62' title='bbox 1260 844 1825 907; x_wconf 86' lang='lat' dir='ltr'><strong><em>scilicet-obtrudit</em></strong></span> <span class='ocrx_word' id='word_1_63' title='bbox 1856 842 2396 922; x_wconf 81' lang='lat' dir='ltr'><strong><em>TheOphylactus.</em></strong></span> <span class='ocrx_word' id='word_1_64' title='bbox 2458 846 2652 909; x_wconf 84' lang='lat' dir='ltr'><strong><em>Italus</em></strong></span> <span class='ocrx_word' id='word_1_65' title='bbox 2697 847 2871 910; x_wconf 89' lang='lat' dir='ltr'><strong><em>enim</em></strong></span> <span class='ocrx_word' id='word_1_66' title='bbox 2913 855 3023 908; x_wconf 91' lang='lat' dir='ltr'><strong><em>aut</em></strong></span> <span class='ocrx_word' id='word_1_67' title='bbox 3078 850 3342 912; x_wconf 88' lang='lat' dir='ltr'><strong><em>Latinus</em></strong></span> <span class='ocrx_word' id='word_1_68' title='bbox 3399 851 3591 913; x_wconf 86' lang='lat' dir='ltr'><strong><em>hocce</em></strong></span> <span class='ocrx_word' id='word_1_69' title='bbox 3651 852 3714 914; x_wconf 92' lang='lat' dir='ltr'><strong><em>in</em></strong></span> 
     </span>
    </p>
   </div>
   <div class='ocr_carea' id='block_1_7' title="bbox 483 939 3711 1023">
    <p class='ocr_par' dir='ltr' id='par_1_7' title="bbox 483 939 3711 1023">
     <span class='ocr_line' id='line_1_7' title="bbox 483 939 3711 1023; baseline 0.002 -20"><span class='ocrx_word' id='word_1_70' title='bbox 483 949 864 1019; x_wconf 84' lang='lat' dir='ltr'><strong><em>argumento</em></strong></span> <span class='ocrx_word' id='word_1_71' title='bbox 902 941 1225 1004; x_wconf 81' lang='lat' dir='ltr'><strong><em>incusavit</em></strong></span> <span class='ocrx_word' id='word_1_72' title='bbox 1286 940 1505 1004; x_wconf 88' lang='lat' dir='ltr'><strong><em>nullus</em></strong></span> <span class='ocrx_word' id='word_1_73' title='bbox 1573 956 1854 1018; x_wconf 80' lang='lat' dir='ltr'><strong><em>unquam</em></strong></span> <span class='ocrx_word' id='word_1_74' title='bbox 1913 939 2152 1015; x_wconf 67' lang='lat' dir='ltr'><strong><em>lingua)</em></strong></span> <span class='ocrx_word' id='word_1_75' title='bbox 2210 958 2345 1005; x_wconf 71' lang='lat' dir='ltr'><strong><em>sum</em></strong></span> <span class='ocrx_word' id='word_1_76' title='bbox 2385 944 2624 1006; x_wconf 77' lang='lat' dir='ltr'><strong><em>Latium</em></strong></span> <span class='ocrx_word' id='word_1_77' title='bbox 2656 952 3092 1023; x_wconf 75' lang='lat' dir='ltr'><strong><em>paupertatem</em></strong></span> <span class='ocrx_word' id='word_1_78' title='bbox 3135 962 3209 1006; x_wconf 89' lang='lat' dir='ltr'><strong><em>ac</em></strong></span> <span class='ocrx_word' id='word_1_79' title='bbox 3242 962 3468 1008; x_wconf 82' lang='lat' dir='ltr'><strong><em>vocum</em></strong></span> <span class='ocrx_word' id='word_1_80' title='bbox 3503 964 3711 1017; x_wconf 85' lang='lat' dir='ltr'><strong><em>penu-</em></strong></span> 
     </span>
    </p>
   </div>
   <div class='ocr_carea' id='block_1_8' title="bbox 392 1036 3714 1116">
    <p class='ocr_par' dir='ltr' id='par_1_8' title="bbox 392 1036 3714 1116">
     <span class='ocr_line' id='line_1_8' title="bbox 392 1036 3714 1116; baseline -0.001 -11"><span class='ocrx_word' id='word_1_81' title='bbox 392 1088 400 1105; x_wconf 95' lang='lat'><strong><em>.</em></strong></span> <span class='ocrx_word' id='word_1_82' title='bbox 488 1038 671 1110; x_wconf 89' lang='lat' dir='ltr'><strong><em>riam,</em></strong></span> <span class='ocrx_word' id='word_1_83' title='bbox 731 1054 945 1116; x_wconf 86' lang='lat' dir='ltr'><strong><em>neque</em></strong></span> <span class='ocrx_word' id='word_1_84' title='bbox 1008 1044 1211 1116; x_wconf 86' lang='lat' dir='ltr'><strong><em>potest</em></strong></span> <span class='ocrx_word' id='word_1_85' title='bbox 1251 1036 1574 1100; x_wconf 80' lang='lat' dir='ltr'><strong><em>incusare.</em></strong></span> <span class='ocrx_word' id='word_1_86' title='bbox 1637 1038 1768 1099; x_wconf 81' lang='lat' dir='ltr'><strong><em>Hac</em></strong></span> <span class='ocrx_word' id='word_1_87' title='bbox 1828 1054 1978 1099; x_wconf 91' lang='lat' dir='ltr'><strong><em>vero</em></strong></span> <span class='ocrx_word' id='word_1_88' title='bbox 2032 1038 2501 1116; x_wconf 76' lang='lat' dir='ltr'><strong><em>prmsupposita</em></strong></span> <span class='ocrx_word' id='word_1_89' title='bbox 2573 1039 2811 1116; x_wconf 66' lang='lat' dir='ltr'><strong><em>linguai</em></strong></span> <span class='ocrx_word' id='word_1_90' title='bbox 2875 1047 3271 1116; x_wconf 77' lang='lat' dir='ltr'><strong><em>paupertate,</em></strong></span> <span class='ocrx_word' id='word_1_91' title='bbox 3328 1042 3581 1103; x_wconf 83' lang='lat' dir='ltr'><strong><em>veniam</em></strong></span> <span class='ocrx_word' id='word_1_92' title='bbox 3644 1058 3714 1105; x_wconf 80' lang='lat' dir='ltr'><strong><em>se</em></strong></span> 
     </span>
    </p>
   </div>
   <div class='ocr_carea' id='block_1_9' title="bbox 486 1133 3712 1212">
    <p class='ocr_par' dir='ltr' id='par_1_9' title="bbox 486 1133 3712 1212">
     <span class='ocr_line' id='line_1_9' title="bbox 486 1133 3712 1212; baseline 0.001 -16"><span class='ocrx_word' id='word_1_93' title='bbox 486 1134 789 1196; x_wconf 65' lang='lat' dir='ltr'><strong><em>daturum</em></strong></span> <span class='ocrx_word' id='word_1_94' title='bbox 824 1134 1051 1197; x_wconf 84' lang='lat' dir='ltr'><strong><em>Latino</em></strong></span> <span class='ocrx_word' id='word_1_95' title='bbox 1085 1134 1173 1198; x_wconf 87' lang='lat' dir='ltr'><strong><em>ait</em></strong></span> <span class='ocrx_word' id='word_1_96' title='bbox 1206 1133 1541 1211; x_wconf 83' lang='lat' dir='ltr'><strong><em>Bulgarus,</em></strong></span> <span class='ocrx_word' id='word_1_97' title='bbox 1594 1135 1675 1205; x_wconf 91' lang='lat' dir='ltr'><strong><em>si,</em></strong></span> <span class='ocrx_word' id='word_1_98' title='bbox 1716 1145 1977 1211; x_wconf 75' lang='lat' dir='ltr'><strong><em>excepto</em></strong></span> <span class='ocrx_word' id='word_1_99' title='bbox 2025 1133 2338 1212; x_wconf 78' lang='lat' dir='ltr'><strong><em>Symbolo,</em></strong></span> <span class='ocrx_word' id='word_1_100' title='bbox 2372 1133 2440 1195; x_wconf 91' lang='lat' dir='ltr'><strong><em>in</em></strong></span> <span class='ocrx_word' id='word_1_101' title='bbox 2474 1134 2623 1196; x_wconf 85' lang='lat' dir='ltr'><strong><em>aliis</em></strong></span> <span class='ocrx_word' id='word_1_102' title='bbox 2680 1134 3136 1210; x_wconf 83' lang='lat' dir='ltr'><strong><em>familiaribus,</em></strong></span> <span class='ocrx_word' id='word_1_103' title='bbox 3164 1143 3225 1198; x_wconf 86' lang='lat' dir='ltr'><strong><em>et</em></strong></span> <span class='ocrx_word' id='word_1_104' title='bbox 3254 1137 3712 1200; x_wconf 74' lang='lat' dir='ltr'><strong><em>ecclesiasticis</em></strong></span> 
     </span>
    </p>
   </div>
   <div class='ocr_carea' id='block_1_10' title="bbox 402 1228 3715 1310">
    <p class='ocr_par' dir='ltr' id='par_1_10' title="bbox 402 1228 3715 1310">
     <span class='ocr_line' id='line_1_10' title="bbox 402 1228 3715 1310; baseline 0.001 -18"><span class='ocrx_word' id='word_1_105' title='bbox 402 1258 405 1261; x_wconf 93' lang='grc'><strong>·</strong></span> <span class='ocrx_word' id='word_1_106' title='bbox 476 1230 673 1292; x_wconf 87' lang='lat' dir='ltr'><strong><em>etiam</em></strong></span> <span class='ocrx_word' id='word_1_107' title='bbox 710 1228 1087 1308; x_wconf 79' lang='lat' dir='ltr'><strong><em>colloquiis,</em></strong></span> <span class='ocrx_word' id='word_1_108' title='bbox 1119 1231 1428 1308; x_wconf 79' lang='lat' dir='ltr'><strong><em>Spiritum</em></strong></span> <span class='ocrx_word' id='word_1_109' title='bbox 1457 1240 1744 1291; x_wconf 84' lang='lat' dir='ltr'><strong><em>sanctum</em></strong></span> <span class='ocrx_word' id='word_1_110' title='bbox 1776 1250 1815 1291; x_wconf 91' lang='lat' dir='ltr'><strong><em>a</em></strong></span> <span class='ocrx_word' id='word_1_111' title='bbox 1848 1231 2033 1291; x_wconf 87' lang='lat' dir='ltr'><strong><em>Patre</em></strong></span> <span class='ocrx_word' id='word_1_112' title='bbox 2084 1239 2142 1291; x_wconf 88' lang='lat' dir='ltr'><strong><em>et</em></strong></span> <span class='ocrx_word' id='word_1_113' title='bbox 2167 1232 2335 1292; x_wconf 85' lang='lat' dir='ltr'><strong><em>Filio</em></strong></span> <span class='ocrx_word' id='word_1_114' title='bbox 2360 1230 2804 1310; x_wconf 81' lang='lat' dir='ltr'><strong><em>procedentem</em></strong></span> <span class='ocrx_word' id='word_1_115' title='bbox 2839 1241 3083 1293; x_wconf 86' lang='lat' dir='ltr'><strong><em>asserat</em></strong></span> <span class='ocrx_word' id='word_1_116' title='bbox 3117 1254 3135 1293; x_wconf 89' lang='lat'><strong>:</strong></span> <span class='ocrx_word' id='word_1_117' title='bbox 3187 1250 3257 1295; x_wconf 86' lang='lat' dir='ltr'><strong><em>ea</em></strong></span> <span class='ocrx_word' id='word_1_118' title='bbox 3299 1241 3513 1295; x_wconf 79' lang='lat' dir='ltr'><strong><em>tamen</em></strong></span> <span class='ocrx_word' id='word_1_119' title='bbox 3558 1249 3715 1296; x_wconf 77' lang='lat' dir='ltr'><strong><em>rau-</em></strong></span> 
     </span>
    </p>
   </div>
   <div class='ocr_carea' id='block_1_11' title="bbox 479 1324 3714 1405">
    <p class='ocr_par' dir='ltr' id='par_1_11' title="bbox 479 1324 3714 1405">
     <span class='ocr_line' id='line_1_11' title="bbox 479 1324 3714 1405; baseline 0.001 -19"><span class='ocrx_word' id='word_1_120' title='bbox 479 1325 653 1388; x_wconf 88' lang='lat' dir='ltr'><strong><em>tione</em></strong></span> <span class='ocrx_word' id='word_1_121' title='bbox 680 1326 987 1401; x_wconf 73' lang='lat' dir='ltr'><strong><em>adhibita,</em></strong></span> <span class='ocrx_word' id='word_1_122' title='bbox 1023 1326 1400 1405; x_wconf 84' lang='lat' dir='ltr'><strong><em>utejusdem</em></strong></span> <span class='ocrx_word' id='word_1_123' title='bbox 1420 1328 1700 1405; x_wconf 86' lang='lat' dir='ltr'><strong><em>Spiritus</em></strong></span> <span class='ocrx_word' id='word_1_124' title='bbox 1731 1327 2126 1402; x_wconf 67' lang='lat' dir='ltr'><strong><em>intelligatur</em></strong></span> <span class='ocrx_word' id='word_1_125' title='bbox 2146 1324 2380 1398; x_wconf 84' lang='lat' dir='ltr'><strong><em>missio,</em></strong></span> <span class='ocrx_word' id='word_1_126' title='bbox 2413 1325 2696 1398; x_wconf 84' lang='lat' dir='ltr'><strong><em>donatio,</em></strong></span> <span class='ocrx_word' id='word_1_127' title='bbox 2729 1324 3098 1387; x_wconf 80' lang='lat' dir='ltr'><strong><em>distributio</em></strong></span> <span class='ocrx_word' id='word_1_128' title='bbox 3125 1342 3234 1401; x_wconf 88' lang='lat' dir='ltr'><strong><em>per</em></strong></span> <span class='ocrx_word' id='word_1_129' title='bbox 3261 1326 3714 1389; x_wconf 83' lang='lat' dir='ltr'><strong><em>charismatqu</em></strong></span> 
     </span>
    </p>
   </div>
   <div class='ocr_carea' id='block_1_12' title="bbox 480 1420 3715 1500">
    <p class='ocr_par' dir='ltr' id='par_1_12' title="bbox 480 1420 3715 1500">
     <span class='ocr_line' id='line_1_12' title="bbox 480 1420 3715 1500; baseline 0.001 -18"><span class='ocrx_word' id='word_1_130' title='bbox 480 1422 957 1498; x_wconf 72' lang='lat' dir='ltr'><strong><em>elargitionem.</em></strong></span> <span class='ocrx_word' id='word_1_131' title='bbox 992 1424 1138 1485; x_wconf 66' lang='lat' dir='ltr'><strong><em>Haec</em></strong></span> <span class='ocrx_word' id='word_1_132' title='bbox 1176 1423 1474 1484; x_wconf 88' lang='lat' dir='ltr'><strong><em>videntur</em></strong></span> <span class='ocrx_word' id='word_1_133' title='bbox 1499 1424 1824 1493; x_wconf 87' lang='lat' dir='ltr'><strong><em>evincere,</em></strong></span> <span class='ocrx_word' id='word_1_134' title='bbox 1859 1421 2124 1482; x_wconf 85' lang='lat' dir='ltr'><strong><em>minime</em></strong></span> <span class='ocrx_word' id='word_1_135' title='bbox 2152 1420 2609 1500; x_wconf 84' lang='lat' dir='ltr'><strong><em>TheOphylacti</em></strong></span> <span class='ocrx_word' id='word_1_136' title='bbox 2648 1430 2925 1485; x_wconf 86' lang='lat' dir='ltr'><strong><em>mentem</em></strong></span> <span class='ocrx_word' id='word_1_137' title='bbox 2983 1422 3215 1494; x_wconf 83' lang='lat' dir='ltr'><strong><em>fuisse,</em></strong></span> <span class='ocrx_word' id='word_1_138' title='bbox 3269 1431 3335 1485; x_wconf 93' lang='lat' dir='ltr'><strong><em>ut</em></strong></span> <span class='ocrx_word' id='word_1_139' title='bbox 3384 1425 3462 1486; x_wconf 86' lang='lat' dir='ltr'><strong><em>ad</em></strong></span> <span class='ocrx_word' id='word_1_140' title='bbox 3513 1426 3715 1486; x_wconf 87' lang='lat' dir='ltr'><strong><em>solam</em></strong></span> 
     </span>
    </p>
   </div>
   <div class='ocr_carea' id='block_1_13' title="bbox 478 1517 3714 1601">
    <p class='ocr_par' dir='ltr' id='par_1_13' title="bbox 478 1517 3714 1601">
     <span class='ocr_line' id='line_1_13' title="bbox 478 1517 3714 1601; baseline 0.002 -25"><span class='ocrx_word' id='word_1_141' title='bbox 478 1520 674 1593; x_wconf 85' lang='lat' dir='ltr'><strong><em>vocis,</em></strong></span> <span class='ocrx_word' id='word_1_142' title='bbox 694 1519 1419 1601; x_wconf 87' lang='lat' dir='ltr'><strong><em>Filioque,additionem</em></strong></span> <span class='ocrx_word' id='word_1_143' title='bbox 1448 1521 1524 1582; x_wconf 88' lang='lat' dir='ltr'><strong><em>ad</em></strong></span> <span class='ocrx_word' id='word_1_144' title='bbox 1558 1519 1959 1600; x_wconf 82' lang='lat' dir='ltr'><strong><em>Symbolum,</em></strong></span> <span class='ocrx_word' id='word_1_145' title='bbox 1986 1524 2095 1579; x_wconf 90' lang='lat' dir='ltr'><strong><em>aut</em></strong></span> <span class='ocrx_word' id='word_1_146' title='bbox 2126 1517 2545 1579; x_wconf 89' lang='lat' dir='ltr'><strong><em>omissionem</em></strong></span> <span class='ocrx_word' id='word_1_147' title='bbox 2579 1520 2641 1579; x_wconf 90' lang='lat' dir='ltr'><strong><em>in</em></strong></span> <span class='ocrx_word' id='word_1_148' title='bbox 2669 1538 2770 1593; x_wconf 78' lang='lat' dir='ltr'><strong><em>eo,</em></strong></span> <span class='ocrx_word' id='word_1_149' title='bbox 2798 1519 3001 1598; x_wconf 79' lang='lat' dir='ltr'><strong><em>redigi</em></strong></span> <span class='ocrx_word' id='word_1_150' title='bbox 3030 1520 3231 1598; x_wconf 82' lang='lat' dir='ltr'><strong><em>possit</em></strong></span> <span class='ocrx_word' id='word_1_151' title='bbox 3255 1523 3714 1585; x_wconf 64' lang='lat' dir='ltr'><strong><em>controversiis</em></strong></span> 
     </span>
    </p>
   </div>
   <div class='ocr_carea' id='block_1_14' title="bbox 476 1631 751 1677">
    <p class='ocr_par' dir='ltr' id='par_1_14' title="bbox 476 1631 751 1677">
     <span class='ocr_line' id='line_1_14' title="bbox 476 1631 751 1677; baseline 0 -2"><span class='ocrx_word' id='word_1_152' title='bbox 476 1631 751 1677; x_wconf 88' lang='lat' dir='ltr'><strong><em>summa.</em></strong></span> 
     </span>
    </p>
   </div>
   <div class='ocr_carea' id='block_1_15' title="bbox 558 1731 3711 1816">
    <p class='ocr_par' dir='ltr' id='par_1_15' title="bbox 558 1731 3711 1816">
     <span class='ocr_line' id='line_1_15' title="bbox 558 1731 3711 1816; baseline 0.002 -21"><span class='ocrx_word' id='word_1_153' title='bbox 558 1733 631 1795; x_wconf 92' lang='lat' dir='ltr'><strong><em>Ut</em></strong></span> <span class='ocrx_word' id='word_1_154' title='bbox 665 1741 736 1796; x_wconf 92' lang='lat' dir='ltr'><strong><em>ut</em></strong></span> <span class='ocrx_word' id='word_1_155' title='bbox 767 1751 910 1797; x_wconf 86' lang='lat' dir='ltr'><strong><em>sese</em></strong></span> <span class='ocrx_word' id='word_1_156' title='bbox 944 1751 1046 1797; x_wconf 89' lang='lat' dir='ltr'><strong><em>res</em></strong></span> <span class='ocrx_word' id='word_1_157' title='bbox 1081 1733 1337 1806; x_wconf 78' lang='lat' dir='ltr'><strong><em>habeat,</em></strong></span> <span class='ocrx_word' id='word_1_158' title='bbox 1373 1734 1558 1796; x_wconf 60' lang='lat' dir='ltr'><strong><em>bona;</em></strong></span> <span class='ocrx_word' id='word_1_159' title='bbox 1592 1731 1802 1813; x_wconf 78' lang='lat' dir='ltr'><strong><em>frugis</em></strong></span> <span class='ocrx_word' id='word_1_160' title='bbox 1837 1732 2085 1812; x_wconf 84' lang='lat' dir='ltr'><strong><em>aliquid</em></strong></span> <span class='ocrx_word' id='word_1_161' title='bbox 2118 1731 2183 1792; x_wconf 90' lang='lat' dir='ltr'><strong><em>in</em></strong></span> <span class='ocrx_word' id='word_1_162' title='bbox 2218 1732 2709 1810; x_wconf 81' lang='lat' dir='ltr'><strong><em>archiepiscopo</em></strong></span> <span class='ocrx_word' id='word_1_163' title='bbox 2748 1736 3134 1813; x_wconf 81' lang='lat' dir='ltr'><strong><em>agnoscebat</em></strong></span> <span class='ocrx_word' id='word_1_164' title='bbox 3172 1738 3408 1800; x_wconf 84' lang='lat' dir='ltr'><strong><em>Beccus</em></strong></span> <span class='ocrx_word' id='word_1_165' title='bbox 3444 1760 3461 1800; x_wconf 90' lang='lat'><strong>:</strong></span> <span class='ocrx_word' id='word_1_166' title='bbox 3492 1746 3711 1816; x_wconf 83' lang='lat' dir='ltr'><strong><em>utpote</em></strong></span> 
     </span>
    </p>
   </div>
   <div class='ocr_carea' id='block_1_16' title="bbox 479 1829 3714 1912">
    <p class='ocr_par' dir='ltr' id='par_1_16' title="bbox 479 1829 3714 1912">
     <span class='ocr_line' id='line_1_16' title="bbox 479 1829 3714 1912; baseline 0.003 -24"><span class='ocrx_word' id='word_1_167' title='bbox 479 1829 593 1906; x_wconf 90' lang='lat' dir='ltr'><strong><em>qui</em></strong></span> <span class='ocrx_word' id='word_1_168' title='bbox 623 1830 849 1891; x_wconf 90' lang='lat' dir='ltr'><strong><em>Latino</em></strong></span> <span class='ocrx_word' id='word_1_169' title='bbox 891 1832 1316 1909; x_wconf 87' lang='lat' dir='ltr'><strong><em>permitteret,</em></strong></span> <span class='ocrx_word' id='word_1_170' title='bbox 1341 1831 1654 1908; x_wconf 87' lang='lat' dir='ltr'><strong><em>Spiritum</em></strong></span> <span class='ocrx_word' id='word_1_171' title='bbox 1689 1836 1979 1891; x_wconf 84' lang='lat' dir='ltr'><strong><em>sanctum</em></strong></span> <span class='ocrx_word' id='word_1_172' title='bbox 2014 1830 2458 1907; x_wconf 69' lang='lat' dir='ltr'><strong><em>procedentem</em></strong></span> <span class='ocrx_word' id='word_1_173' title='bbox 2491 1845 2524 1890; x_wconf 85' lang='lat' dir='ltr'><strong><em>a</em></strong></span> <span class='ocrx_word' id='word_1_174' title='bbox 2580 1832 2760 1892; x_wconf 81' lang='lat' dir='ltr'><strong><em>Patre</em></strong></span> <span class='ocrx_word' id='word_1_175' title='bbox 2814 1831 3115 1912; x_wconf 89' lang='lat' dir='ltr'><strong><em>Filioque</em></strong></span> <span class='ocrx_word' id='word_1_176' title='bbox 3167 1832 3479 1896; x_wconf 73' lang='lat' dir='ltr'><strong><em>afﬁrmare</em></strong></span> <span class='ocrx_word' id='word_1_177' title='bbox 3536 1842 3714 1897; x_wconf 73' lang='lat' dir='ltr'><strong><em>extra</em></strong></span> 
     </span>
    </p>
   </div>
   <div class='ocr_carea' id='block_1_17' title="bbox 476 1923 3712 2008">
    <p class='ocr_par' dir='ltr' id='par_1_17' title="bbox 476 1923 3712 2008">
     <span class='ocr_line' id='line_1_17' title="bbox 476 1923 3712 2008; baseline 0.001 -20"><span class='ocrx_word' id='word_1_178' title='bbox 476 1923 894 2006; x_wconf 83' lang='lat' dir='ltr'><strong><em>Symbolum;</em></strong></span> <span class='ocrx_word' id='word_1_179' title='bbox 926 1946 1073 1992; x_wconf 89' lang='lat' dir='ltr'><strong><em>cum</em></strong></span> <span class='ocrx_word' id='word_1_180' title='bbox 1100 1947 1133 1991; x_wconf 91' lang='lat' dir='ltr'><strong><em>e</em></strong></span> <span class='ocrx_word' id='word_1_181' title='bbox 1164 1938 1381 1991; x_wconf 86' lang='lat' dir='ltr'><strong><em>contra</em></strong></span> <span class='ocrx_word' id='word_1_182' title='bbox 1410 1930 1778 1990; x_wconf 69' lang='lat' dir='ltr'><strong><em>Graecorum</em></strong></span> <span class='ocrx_word' id='word_1_183' title='bbox 1816 1925 2109 2005; x_wconf 80' lang='lat' dir='ltr'><strong><em>plerique</em></strong></span> <span class='ocrx_word' id='word_1_184' title='bbox 2146 1924 2539 1985; x_wconf 89' lang='lat' dir='ltr'><strong><em>locutionem</em></strong></span> <span class='ocrx_word' id='word_1_185' title='bbox 2585 1924 2769 1997; x_wconf 87' lang='lat' dir='ltr'><strong><em>hanc,</em></strong></span> <span class='ocrx_word' id='word_1_186' title='bbox 2800 1926 2996 1988; x_wconf 84' lang='lat' dir='ltr'><strong><em>veluti</em></strong></span> <span class='ocrx_word' id='word_1_187' title='bbox 3030 1944 3239 2006; x_wconf 85' lang='lat' dir='ltr'><strong><em>angue</em></strong></span> <span class='ocrx_word' id='word_1_188' title='bbox 3276 1930 3489 2008; x_wconf 86' lang='lat' dir='ltr'><strong><em>pejus,</em></strong></span> <span class='ocrx_word' id='word_1_189' title='bbox 3519 1946 3712 1992; x_wconf 77' lang='lat' dir='ltr'><strong><em>exse-</em></strong></span> 
     </span>
    </p>
   </div>
   <div class='ocr_carea' id='block_1_18' title="bbox 476 2020 3715 2104">
    <p class='ocr_par' dir='ltr' id='par_1_18' title="bbox 476 2020 3715 2104">
     <span class='ocr_line' id='line_1_18' title="bbox 476 2020 3715 2104; baseline 0 -19"><span class='ocrx_word' id='word_1_190' title='bbox 476 2033 841 2086; x_wconf 78' lang='lat' dir='ltr'><strong><em>crarentur.</em></strong></span> <span class='ocrx_word' id='word_1_191' title='bbox 876 2025 1040 2086; x_wconf 82' lang='lat' dir='ltr'><strong><em>Illud</em></strong></span> <span class='ocrx_word' id='word_1_192' title='bbox 1079 2026 1268 2087; x_wconf 88' lang='lat' dir='ltr'><strong><em>etiam</em></strong></span> <span class='ocrx_word' id='word_1_193' title='bbox 1303 2032 1437 2086; x_wconf 91' lang='lat' dir='ltr'><strong><em>erat</em></strong></span> <span class='ocrx_word' id='word_1_194' title='bbox 1467 2023 1881 2087; x_wconf 86' lang='lat' dir='ltr'><strong><em>emolumenti</em></strong></span> <span class='ocrx_word' id='word_1_195' title='bbox 1918 2044 1934 2082; x_wconf 91' lang='lat'><strong>:</strong></span> <span class='ocrx_word' id='word_1_196' title='bbox 1966 2021 2138 2100; x_wconf 83' lang='lat' dir='ltr'><strong><em>quod</em></strong></span> <span class='ocrx_word' id='word_1_197' title='bbox 2172 2036 2315 2081; x_wconf 84' lang='lat' dir='ltr'><strong><em>cum</em></strong></span> <span class='ocrx_word' id='word_1_198' title='bbox 2347 2020 2632 2097; x_wconf 80' lang='lat' dir='ltr'><strong><em>Spiritus</em></strong></span> <span class='ocrx_word' id='word_1_199' title='bbox 2681 2023 2946 2082; x_wconf 89' lang='lat' dir='ltr'><strong><em>sanctia</em></strong></span> <span class='ocrx_word' id='word_1_200' title='bbox 2978 2023 3169 2084; x_wconf 82' lang='lat' dir='ltr'><strong><em>Patre</em></strong></span> <span class='ocrx_word' id='word_1_201' title='bbox 3198 2034 3255 2084; x_wconf 90' lang='lat' dir='ltr'><strong><em>et</em></strong></span> <span class='ocrx_word' id='word_1_202' title='bbox 3284 2043 3324 2085; x_wconf 94' lang='lat' dir='ltr'><strong><em>a</em></strong></span> <span class='ocrx_word' id='word_1_203' title='bbox 3353 2025 3524 2087; x_wconf 81' lang='lat' dir='ltr'><strong><em>Filio</em></strong></span> <span class='ocrx_word' id='word_1_204' title='bbox 3557 2044 3715 2104; x_wconf 90' lang='lat' dir='ltr'><strong><em>pro-</em></strong></span> 
     </span>
    </p>
   </div>
   <div class='ocr_carea' id='block_1_19' title="bbox 477 2116 3709 2201">
    <p class='ocr_par' dir='ltr' id='par_1_19' title="bbox 477 2116 3709 2201">
     <span class='ocr_line' id='line_1_19' title="bbox 477 2116 3709 2201; baseline 0.001 -20"><span class='ocrx_word' id='word_1_205' title='bbox 477 2121 813 2181; x_wconf 80' lang='lat' dir='ltr'><strong><em>cessionem</em></strong></span> <span class='ocrx_word' id='word_1_206' title='bbox 861 2120 1143 2201; x_wconf 82' lang='lat' dir='ltr'><strong><em>intelligi</em></strong></span> <span class='ocrx_word' id='word_1_207' title='bbox 1200 2128 1261 2183; x_wconf 90' lang='lat' dir='ltr'><strong><em>et</em></strong></span> <span class='ocrx_word' id='word_1_208' title='bbox 1328 2121 1525 2199; x_wconf 84' lang='lat' dir='ltr'><strong><em>accipi</em></strong></span> <span class='ocrx_word' id='word_1_209' title='bbox 1575 2120 1975 2201; x_wconf 83' lang='lat' dir='ltr'><strong><em>permitteret</em></strong></span> <span class='ocrx_word' id='word_1_210' title='bbox 2041 2132 2153 2196; x_wconf 91' lang='lat' dir='ltr'><strong><em>pro</em></strong></span> <span class='ocrx_word' id='word_1_211' title='bbox 2185 2116 2388 2194; x_wconf 78' lang='lat' dir='ltr'><strong><em>ipsius</em></strong></span> <span class='ocrx_word' id='word_1_212' title='bbox 2419 2116 2713 2178; x_wconf 76' lang='lat' dir='ltr'><strong><em>missione</em></strong></span> <span class='ocrx_word' id='word_1_213' title='bbox 2745 2134 2857 2195; x_wconf 90' lang='lat' dir='ltr'><strong><em>per</em></strong></span> <span class='ocrx_word' id='word_1_214' title='bbox 2886 2119 3204 2182; x_wconf 85' lang='lat' dir='ltr'><strong><em>donorum</em></strong></span> <span class='ocrx_word' id='word_1_215' title='bbox 3229 2119 3709 2200; x_wconf 84' lang='lat' dir='ltr'><strong><em>elargitionem,</em></strong></span> 
     </span>
    </p>
   </div>
   <div class='ocr_carea' id='block_1_20' title="bbox 478 2212 3719 2297">
    <p class='ocr_par' dir='ltr' id='par_1_20' title="bbox 478 2212 3719 2297">
     <span class='ocr_line' id='line_1_20' title="bbox 478 2212 3719 2297; baseline 0.001 -20"><span class='ocrx_word' id='word_1_216' title='bbox 478 2215 644 2277; x_wconf 88' lang='lat' dir='ltr'><strong><em>viam</em></strong></span> <span class='ocrx_word' id='word_1_217' title='bbox 677 2217 930 2294; x_wconf 84' lang='lat' dir='ltr'><strong><em>parabat</em></strong></span> <span class='ocrx_word' id='word_1_218' title='bbox 961 2218 1037 2280; x_wconf 94' lang='lat' dir='ltr'><strong><em>ad</em></strong></span> <span class='ocrx_word' id='word_1_219' title='bbox 1066 2234 1275 2280; x_wconf 81' lang='lat' dir='ltr'><strong><em>veram</em></strong></span> <span class='ocrx_word' id='word_1_220' title='bbox 1309 2216 1597 2297; x_wconf 85' lang='lat' dir='ltr'><strong><em>ejusdem</em></strong></span> <span class='ocrx_word' id='word_1_221' title='bbox 1624 2218 1940 2279; x_wconf 77' lang='lat' dir='ltr'><strong><em>missionis</em></strong></span> <span class='ocrx_word' id='word_1_222' title='bbox 1975 2212 2493 2293; x_wconf 81' lang='lat' dir='ltr'><strong><em>intelligentiam,</em></strong></span> <span class='ocrx_word' id='word_1_223' title='bbox 2527 2230 2718 2293; x_wconf 89' lang='lat' dir='ltr'><strong><em>quam</em></strong></span> <span class='ocrx_word' id='word_1_224' title='bbox 2754 2214 2891 2276; x_wconf 79' lang='lat' dir='ltr'><strong><em>sine</em></strong></span> <span class='ocrx_word' id='word_1_225' title='bbox 2922 2225 3157 2276; x_wconf 72' lang='lat' dir='ltr'><strong><em>(eterna</em></strong></span> <span class='ocrx_word' id='word_1_226' title='bbox 3189 2234 3473 2294; x_wconf 73' lang='lat' dir='ltr'><strong><em>persona</em></strong></span> <span class='ocrx_word' id='word_1_227' title='bbox 3513 2220 3719 2281; x_wconf 66' lang='lat' dir='ltr'><strong><em>missa!</em></strong></span> 
     </span>
    </p>
   </div>
   <div class='ocr_carea' id='block_1_21' title="bbox 475 2308 2727 2392">
    <p class='ocr_par' dir='ltr' id='par_1_21' title="bbox 475 2308 2727 2392">
     <span class='ocr_line' id='line_1_21' title="bbox 475 2308 2727 2392; baseline -0.002 -20"><span class='ocrx_word' id='word_1_228' title='bbox 475 2312 876 2392; x_wconf 84' lang='lat' dir='ltr'><strong><em>processione</em></strong></span> <span class='ocrx_word' id='word_1_229' title='bbox 900 2313 975 2374; x_wconf 89' lang='lat' dir='ltr'><strong><em>ab</em></strong></span> <span class='ocrx_word' id='word_1_230' title='bbox 1006 2313 1210 2374; x_wconf 85' lang='lat' dir='ltr'><strong><em>altera</em></strong></span> <span class='ocrx_word' id='word_1_231' title='bbox 1237 2330 1363 2374; x_wconf 90' lang='lat' dir='ltr'><strong><em>non</em></strong></span> <span class='ocrx_word' id='word_1_232' title='bbox 1397 2313 1778 2385; x_wconf 84' lang='lat' dir='ltr'><strong><em>consistere,</em></strong></span> <span class='ocrx_word' id='word_1_233' title='bbox 1806 2313 1934 2391; x_wconf 91' lang='lat' dir='ltr'><strong><em>jam</em></strong></span> <span class='ocrx_word' id='word_1_234' title='bbox 1967 2308 2208 2385; x_wconf 55' lang='lat' dir='ltr'><strong><em>saepius</em></strong></span> <span class='ocrx_word' id='word_1_235' title='bbox 2250 2308 2727 2371; x_wconf 89' lang='lat' dir='ltr'><strong><em>adnotavimus.</em></strong></span> 
     </span>
    </p>
   </div>
   <div class='ocr_carea' id='block_1_22' title="bbox 554 2429 3715 2512">
    <p class='ocr_par' dir='ltr' id='par_1_22' title="bbox 554 2429 3715 2512">
     <span class='ocr_line' id='line_1_22' title="bbox 554 2429 3715 2512; baseline 0.002 -20"><span class='ocrx_word' id='word_1_236' title='bbox 554 2432 806 2508; x_wconf 84' lang='lat' dir='ltr'><strong><em>[XLVI]</em></strong></span> <span class='ocrx_word' id='word_1_237' title='bbox 827 2434 925 2493; x_wconf 91' lang='grc'><strong>77.</strong></span> <span class='ocrx_word' id='word_1_238' title='bbox 960 2433 1605 2511; x_wconf 73' lang='lat' dir='ltr'><strong><em>Fueruntrmteroqui</em></strong></span> <span class='ocrx_word' id='word_1_239' title='bbox 1642 2433 1781 2512; x_wconf 81' lang='lat' dir='ltr'><strong><em>ejus</em></strong></span> <span class='ocrx_word' id='word_1_240' title='bbox 1803 2430 1999 2493; x_wconf 62' lang='lat' dir='ltr'><strong><em>aetatis</em></strong></span> <span class='ocrx_word' id='word_1_241' title='bbox 2031 2429 2327 2491; x_wconf 87' lang='lat' dir='ltr'><strong><em>doctores</em></strong></span> <span class='ocrx_word' id='word_1_242' title='bbox 2358 2429 2581 2501; x_wconf 73' lang='lat' dir='ltr'><strong><em>Grmrl,</em></strong></span> <span class='ocrx_word' id='word_1_243' title='bbox 2610 2430 2858 2509; x_wconf 79' lang='lat' dir='ltr'><strong><em>quieos</em></strong></span> <span class='ocrx_word' id='word_1_244' title='bbox 2889 2431 3058 2492; x_wconf 90' lang='lat' dir='ltr'><strong><em>inter</em></strong></span> <span class='ocrx_word' id='word_1_245' title='bbox 3086 2449 3156 2492; x_wconf 90' lang='lat' dir='ltr'><strong><em>ac</em></strong></span> <span class='ocrx_word' id='word_1_246' title='bbox 3173 2433 3427 2495; x_wconf 84' lang='lat' dir='ltr'><strong><em>Latinos</em></strong></span> <span class='ocrx_word' id='word_1_247' title='bbox 3458 2442 3715 2497; x_wconf 86' lang='lat' dir='ltr'><strong><em>contro-</em></strong></span> 
     </span>
    </p>
   </div>
   <div class='ocr_carea' id='block_1_23' title="bbox 476 2524 3716 2609">
    <p class='ocr_par' dir='ltr' id='par_1_23' title="bbox 476 2524 3716 2609">
     <span class='ocr_line' id='line_1_23' title="bbox 476 2524 3716 2609; baseline 0.001 -22"><span class='ocrx_word' id='word_1_248' title='bbox 476 2528 710 2589; x_wconf 64' lang='lat' dir='ltr'><strong><em>versias</em></strong></span> <span class='ocrx_word' id='word_1_249' title='bbox 742 2535 1131 2590; x_wconf 88' lang='lat' dir='ltr'><strong><em>momentum</em></strong></span> <span class='ocrx_word' id='word_1_250' title='bbox 1170 2528 1537 2607; x_wconf 72' lang='lat' dir='ltr'><strong><em>redigerent</em></strong></span> <span class='ocrx_word' id='word_1_251' title='bbox 1585 2532 1659 2589; x_wconf 86' lang='lat' dir='ltr'><strong><em>ad</em></strong></span> <span class='ocrx_word' id='word_1_252' title='bbox 1685 2546 1873 2590; x_wconf 88' lang='lat' dir='ltr'><strong><em>unam</em></strong></span> <span class='ocrx_word' id='word_1_253' title='bbox 1912 2527 2107 2603; x_wconf 84' lang='lat' dir='ltr'><strong><em>vocis,</em></strong></span> <span class='ocrx_word' id='word_1_254' title='bbox 2146 2524 2452 2605; x_wconf 82' lang='lat' dir='ltr'><strong><em>Filioque,</em></strong></span> <span class='ocrx_word' id='word_1_255' title='bbox 2477 2527 2871 2589; x_wconf 88' lang='lat' dir='ltr'><strong><em>additionem</em></strong></span> <span class='ocrx_word' id='word_1_256' title='bbox 2907 2528 2982 2589; x_wconf 88' lang='lat' dir='ltr'><strong><em>ad</em></strong></span> <span class='ocrx_word' id='word_1_257' title='bbox 3016 2529 3415 2608; x_wconf 79' lang='lat' dir='ltr'><strong><em>Symbolum.</em></strong></span> <span class='ocrx_word' id='word_1_258' title='bbox 3454 2531 3716 2609; x_wconf 88' lang='lat' dir='ltr'><strong><em>lncepto</em></strong></span> 
     </span>
    </p>
   </div>
   <div class='ocr_carea' id='block_1_24' title="bbox 478 2622 3713 2703">
    <p class='ocr_par' dir='ltr' id='par_1_24' title="bbox 478 2622 3713 2703">
     <span class='ocr_line' id='line_1_24' title="bbox 478 2622 3713 2703; baseline 0.002 -22"><span class='ocrx_word' id='word_1_259' title='bbox 478 2623 713 2684; x_wconf 61' lang='lat' dir='ltr'><strong><em>saeculo</em></strong></span> <span class='ocrx_word' id='word_1_260' title='bbox 770 2623 1154 2686; x_wconf 90' lang='lat' dir='ltr'><strong><em>duodecimo</em></strong></span> <span class='ocrx_word' id='word_1_261' title='bbox 1185 2624 1823 2686; x_wconf 76' lang='lat' dir='ltr'><strong><em>Thessalonicensem</em></strong></span> <span class='ocrx_word' id='word_1_262' title='bbox 1845 2622 2250 2701; x_wconf 83' lang='lat' dir='ltr'><strong><em>metropolim</em></strong></span> <span class='ocrx_word' id='word_1_263' title='bbox 2283 2623 2538 2701; x_wconf 80' lang='lat' dir='ltr'><strong><em>regebat</em></strong></span> <span class='ocrx_word' id='word_1_264' title='bbox 2562 2623 2831 2696; x_wconf 82' lang='lat' dir='ltr'><strong><em>Nicetas,</em></strong></span> <span class='ocrx_word' id='word_1_265' title='bbox 2855 2625 2965 2703; x_wconf 90' lang='lat' dir='ltr'><strong><em>qui</em></strong></span> <span class='ocrx_word' id='word_1_266' title='bbox 3004 2626 3276 2702; x_wconf 88' lang='lat' dir='ltr'><strong><em>primum</em></strong></span> <span class='ocrx_word' id='word_1_267' title='bbox 3302 2628 3614 2687; x_wconf 75' lang='lat' dir='ltr'><strong><em>Maronem</em></strong></span> <span class='ocrx_word' id='word_1_268' title='bbox 3646 2627 3713 2688; x_wconf 91' lang='lat' dir='ltr'><strong><em>in</em></strong></span> 
     </span>
    </p>
   </div>
   <div class='ocr_carea' id='block_1_25' title="bbox 476 2717 3715 2800">
    <p class='ocr_par' dir='ltr' id='par_1_25' title="bbox 476 2717 3715 2800">
     <span class='ocr_line' id='line_1_25' title="bbox 476 2717 3715 2800; baseline 0.001 -20"><span class='ocrx_word' id='word_1_269' title='bbox 476 2717 743 2782; x_wconf 85' lang='lat' dir='ltr'><strong><em>Thracia</em></strong></span> <span class='ocrx_word' id='word_1_270' title='bbox 759 2720 1099 2798; x_wconf 84' lang='lat' dir='ltr'><strong><em>episcopus</em></strong></span> <span class='ocrx_word' id='word_1_271' title='bbox 1117 2720 1256 2783; x_wconf 79' lang='lat' dir='ltr'><strong><em>fuit.</em></strong></span> <span class='ocrx_word' id='word_1_272' title='bbox 1276 2720 1602 2783; x_wconf 81' lang='lat' dir='ltr'><strong><em>Prolixum</em></strong></span> <span class='ocrx_word' id='word_1_273' title='bbox 1622 2720 1762 2799; x_wconf 82' lang='lat' dir='ltr'><strong><em>ejus</em></strong></span> <span class='ocrx_word' id='word_1_274' title='bbox 1780 2720 1984 2781; x_wconf 90' lang='lat' dir='ltr'><strong><em>locum</em></strong></span> <span class='ocrx_word' id='word_1_275' title='bbox 2008 2739 2083 2782; x_wconf 82' lang='lat' dir='ltr'><strong><em>ex</em></strong></span> <span class='ocrx_word' id='word_1_276' title='bbox 2103 2720 2287 2781; x_wconf 82' lang='lat' dir='ltr'><strong><em>libris</em></strong></span> <span class='ocrx_word' id='word_1_277' title='bbox 2304 2736 2463 2798; x_wconf 85' lang='lat' dir='ltr'><strong><em>quos</em></strong></span> <span class='ocrx_word' id='word_1_278' title='bbox 2485 2720 2888 2782; x_wconf 72' lang='lat' dir='ltr'><strong><em>concinnavit</em></strong></span> <span class='ocrx_word' id='word_1_279' title='bbox 2906 2721 2984 2783; x_wconf 86' lang='lat' dir='ltr'><strong><em>de</em></strong></span> <span class='ocrx_word' id='word_1_280' title='bbox 3010 2723 3416 2800; x_wconf 83' lang='lat' dir='ltr'><strong><em>processione</em></strong></span> <span class='ocrx_word' id='word_1_281' title='bbox 3436 2722 3715 2800; x_wconf 84' lang='lat' dir='ltr'><strong><em>Spiritus</em></strong></span> 
     </span>
    </p>
   </div>
   <div class='ocr_carea' id='block_1_26' title="bbox 478 2814 3711 2899">
    <p class='ocr_par' dir='ltr' id='par_1_26' title="bbox 478 2814 3711 2899">
     <span class='ocr_line' id='line_1_26' title="bbox 478 2814 3711 2899; baseline 0.002 -24"><span class='ocrx_word' id='word_1_282' title='bbox 478 2814 705 2886; x_wconf 86' lang='lat' dir='ltr'><strong><em>sancti,</em></strong></span> <span class='ocrx_word' id='word_1_283' title='bbox 747 2816 978 2894; x_wconf 89' lang='lat' dir='ltr'><strong><em>promit</em></strong></span> <span class='ocrx_word' id='word_1_284' title='bbox 1017 2818 1141 2879; x_wconf 89' lang='lat' dir='ltr'><strong><em>Leo</em></strong></span> <span class='ocrx_word' id='word_1_285' title='bbox 1178 2817 1449 2877; x_wconf 85' lang='lat' dir='ltr'><strong><em>Allatius</em></strong></span> <span class='ocrx_word' id='word_1_286' title='bbox 1483 2817 1723 2878; x_wconf 79' lang='lat' dir='ltr'><strong><em>Contra</em></strong></span> <span class='ocrx_word' id='word_1_287' title='bbox 1773 2817 2216 2893; x_wconf 79' lang='lat' dir='ltr'><strong><em>Hottingerum</em></strong></span> <span class='ocrx_word' id='word_1_288' title='bbox 2275 2833 2419 2895; x_wconf 74' lang='lat' dir='ltr'><strong><em>pag.</em></strong></span> <span class='ocrx_word' id='word_1_289' title='bbox 2461 2816 2599 2890; x_wconf 73' lang='lat' dir='ltr'><strong><em>M37,</em></strong></span> <span class='ocrx_word' id='word_1_290' title='bbox 2644 2816 2749 2877; x_wconf 83' lang='lat' dir='ltr'><strong><em>ubi</em></strong></span> <span class='ocrx_word' id='word_1_291' title='bbox 2786 2817 3171 2896; x_wconf 84' lang='lat' dir='ltr'><strong><em>diligentius</em></strong></span> <span class='ocrx_word' id='word_1_292' title='bbox 3205 2819 3497 2880; x_wconf 85' lang='lat' dir='ltr'><strong><em>discussa</em></strong></span> <span class='ocrx_word' id='word_1_293' title='bbox 3534 2837 3711 2899; x_wconf 48' lang='lat' dir='ltr'><strong><em>qua»</em></strong></span> 
     </span>
    </p>
   </div>
   <div class='ocr_carea' id='block_1_27' title="bbox 472 2908 3717 2995">
    <p class='ocr_par' dir='ltr' id='par_1_27' title="bbox 472 2908 3717 2995">
     <span class='ocr_line' id='line_1_27' title="bbox 472 2908 3717 2995; baseline 0.002 -26"><span class='ocrx_word' id='word_1_294' title='bbox 472 2909 719 2981; x_wconf 75' lang='lat' dir='ltr'><strong><em>ctione,</em></strong></span> <span class='ocrx_word' id='word_1_295' title='bbox 753 2910 845 2971; x_wconf 92' lang='lat' dir='ltr'><strong><em>sic</em></strong></span> <span class='ocrx_word' id='word_1_296' title='bbox 874 2928 1010 2972; x_wconf 89' lang='lat' dir='ltr'><strong><em>eam</em></strong></span> <span class='ocrx_word' id='word_1_297' title='bbox 1050 2912 1333 2989; x_wconf 84' lang='lat' dir='ltr'><strong><em>denique</em></strong></span> <span class='ocrx_word' id='word_1_298' title='bbox 1391 2912 1667 2973; x_wconf 89' lang='lat' dir='ltr'><strong><em>absolvit</em></strong></span> <span class='ocrx_word' id='word_1_299' title='bbox 1702 2935 1715 2972; x_wconf 92' lang='lat'><strong>:</strong></span> <span class='ocrx_word' id='word_1_300' title='bbox 1751 2934 1779 2966; x_wconf 82' lang='grc' dir='ltr'><strong><em>α</em></strong></span> <span class='ocrx_word' id='word_1_301' title='bbox 1813 2912 2118 2973; x_wconf 89' lang='lat' dir='ltr'><strong><em>Dictionis</em></strong></span> <span class='ocrx_word' id='word_1_302' title='bbox 2161 2912 2494 2994; x_wconf 83' lang='lat' dir='ltr'><strong><em>(Filioque)</em></strong></span> <span class='ocrx_word' id='word_1_303' title='bbox 2534 2913 2920 2975; x_wconf 85' lang='lat' dir='ltr'><strong><em>additionem</em></strong></span> <span class='ocrx_word' id='word_1_304' title='bbox 2979 2908 3243 2976; x_wconf 76' lang='lat' dir='ltr'><strong><em>silentio</em></strong></span> <span class='ocrx_word' id='word_1_305' title='bbox 3283 2932 3393 2975; x_wconf 81' lang='lat' dir='ltr'><strong><em>vos</em></strong></span> <span class='ocrx_word' id='word_1_306' title='bbox 3450 2933 3717 2995; x_wconf 82' lang='lat' dir='ltr'><strong><em>quoque</em></strong></span> 
     </span>
    </p>
   </div>
   <div class='ocr_carea' id='block_1_28' title="bbox 478 3004 3715 3087">
    <p class='ocr_par' dir='ltr' id='par_1_28' title="bbox 478 3004 3715 3087">
     <span class='ocr_line' id='line_1_28' title="bbox 478 3004 3715 3087; baseline 0.002 -22"><span class='ocrx_word' id='word_1_307' title='bbox 478 3004 814 3079; x_wconf 78' lang='lat' dir='ltr'><strong><em>involvite,</em></strong></span> <span class='ocrx_word' id='word_1_308' title='bbox 856 3026 1065 3087; x_wconf 84' lang='lat' dir='ltr'><strong><em>neque</em></strong></span> <span class='ocrx_word' id='word_1_309' title='bbox 1097 3009 1167 3070; x_wconf 86' lang='lat' dir='ltr'><strong><em>in</em></strong></span> <span class='ocrx_word' id='word_1_310' title='bbox 1198 3008 1491 3087; x_wconf 80' lang='lat' dir='ltr'><strong><em>Symbolo</em></strong></span> <span class='ocrx_word' id='word_1_311' title='bbox 1527 3009 1951 3085; x_wconf 87' lang='lat' dir='ltr'><strong><em>imposterum</em></strong></span> <span class='ocrx_word' id='word_1_312' title='bbox 1990 3009 2439 3085; x_wconf 88' lang='lat' dir='ltr'><strong><em>pronuntiate:</em></strong></span> <span class='ocrx_word' id='word_1_313' title='bbox 2476 3010 2587 3072; x_wconf 86' lang='lat' dir='ltr'><strong><em>sed</em></strong></span> <span class='ocrx_word' id='word_1_314' title='bbox 2613 3011 2703 3071; x_wconf 90' lang='lat' dir='ltr'><strong><em>uti</em></strong></span> <span class='ocrx_word' id='word_1_315' title='bbox 2745 3011 2978 3083; x_wconf 85' lang='lat' dir='ltr'><strong><em>Patres,</em></strong></span> <span class='ocrx_word' id='word_1_316' title='bbox 3018 3011 3098 3071; x_wconf 90' lang='lat' dir='ltr'><strong><em>ita</em></strong></span> <span class='ocrx_word' id='word_1_317' title='bbox 3134 3011 3467 3072; x_wconf 75' lang='lat' dir='ltr'><strong><em>nobiscum</em></strong></span> <span class='ocrx_word' id='word_1_318' title='bbox 3496 3013 3715 3085; x_wconf 87' lang='lat' dir='ltr'><strong><em>dicite,</em></strong></span> 
     </span>
    </p>
   </div>
   <div class='ocr_carea' id='block_1_29' title="bbox 482 3099 3716 3189">
    <p class='ocr_par' dir='ltr' id='par_1_29' title="bbox 482 3099 3716 3189">
     <span class='ocr_line' id='line_1_29' title="bbox 482 3099 3716 3189; baseline 0.001 -27"><span class='ocrx_word' id='word_1_319' title='bbox 482 3099 611 3176; x_wconf 83' lang='lat' dir='ltr'><strong><em>Qui</em></strong></span> <span class='ocrx_word' id='word_1_320' title='bbox 633 3121 714 3164; x_wconf 73' lang='lat' dir='ltr'><strong><em>ex</em></strong></span> <span class='ocrx_word' id='word_1_321' title='bbox 741 3104 934 3166; x_wconf 84' lang='lat' dir='ltr'><strong><em>Patre</em></strong></span> <span class='ocrx_word' id='word_1_322' title='bbox 957 3104 1270 3184; x_wconf 87' lang='lat' dir='ltr'><strong><em>procedit,</em></strong></span> <span class='ocrx_word' id='word_1_323' title='bbox 1304 3106 1572 3187; x_wconf 86' lang='lat' dir='ltr'><strong><em>quicum</em></strong></span> <span class='ocrx_word' id='word_1_324' title='bbox 1607 3106 1797 3166; x_wconf 84' lang='lat' dir='ltr'><strong><em>Patre</em></strong></span> <span class='ocrx_word' id='word_1_325' title='bbox 1829 3116 1882 3166; x_wconf 91' lang='lat' dir='ltr'><strong><em>et</em></strong></span> <span class='ocrx_word' id='word_1_326' title='bbox 1916 3105 2085 3165; x_wconf 82' lang='lat' dir='ltr'><strong><em>Filio</em></strong></span> <span class='ocrx_word' id='word_1_327' title='bbox 2116 3106 2302 3167; x_wconf 83' lang='lat' dir='ltr'><strong><em>simul</em></strong></span> <span class='ocrx_word' id='word_1_328' title='bbox 2327 3105 2762 3187; x_wconf 79' lang='lat' dir='ltr'><strong><em>gloriﬁcatur;</em></strong></span> <span class='ocrx_word' id='word_1_329' title='bbox 2798 3110 2966 3188; x_wconf 78' lang='lat' dir='ltr'><strong><em>quod</em></strong></span> <span class='ocrx_word' id='word_1_330' title='bbox 2991 3110 3144 3170; x_wconf 87' lang='lat' dir='ltr'><strong><em>satis</em></strong></span> <span class='ocrx_word' id='word_1_331' title='bbox 3183 3110 3500 3189; x_wconf 74' lang='lat' dir='ltr'><strong><em>utrisque,</em></strong></span> <span class='ocrx_word' id='word_1_332' title='bbox 3529 3110 3716 3171; x_wconf 62' lang='lat' dir='ltr'><strong><em>nobis</em></strong></span> 
     </span>
    </p>
   </div>
   <div class='ocr_carea' id='block_1_30' title="bbox 480 3199 3717 3283">
    <p class='ocr_par' dir='ltr' id='par_1_30' title="bbox 480 3199 3717 3283">
     <span class='ocr_line' id='line_1_30' title="bbox 480 3199 3717 3283; baseline 0.001 -25"><span class='ocrx_word' id='word_1_333' title='bbox 480 3206 542 3258; x_wconf 90' lang='lat' dir='ltr'><strong><em>et</em></strong></span> <span class='ocrx_word' id='word_1_334' title='bbox 571 3199 778 3269; x_wconf 81' lang='lat' dir='ltr'><strong><em>vobis,</em></strong></span> <span class='ocrx_word' id='word_1_335' title='bbox 814 3217 928 3280; x_wconf 91' lang='lat' dir='ltr'><strong><em>per</em></strong></span> <span class='ocrx_word' id='word_1_336' title='bbox 983 3201 1258 3279; x_wconf 88' lang='lat' dir='ltr'><strong><em>Spiritus</em></strong></span> <span class='ocrx_word' id='word_1_337' title='bbox 1308 3203 1507 3263; x_wconf 89' lang='lat' dir='ltr'><strong><em>sancti</em></strong></span> <span class='ocrx_word' id='word_1_338' title='bbox 1566 3202 1856 3283; x_wconf 81' lang='lat' dir='ltr'><strong><em>gratiam,</em></strong></span> <span class='ocrx_word' id='word_1_339' title='bbox 1916 3217 2198 3262; x_wconf 79' lang='lat' dir='ltr'><strong><em>amorem</em></strong></span> <span class='ocrx_word' id='word_1_340' title='bbox 2258 3202 2849 3277; x_wconf 82' lang='lat' dir='ltr'><strong><em>conciliabit;cum</em></strong></span> <span class='ocrx_word' id='word_1_341' title='bbox 2915 3204 3188 3267; x_wconf 89' lang='lat' dir='ltr'><strong><em>invicem</em></strong></span> <span class='ocrx_word' id='word_1_342' title='bbox 3226 3207 3717 3278; x_wconf 73' lang='lat' dir='ltr'><strong><em>concerdemus,</em></strong></span> 
     </span>
    </p>
   </div>
   <div class='ocr_carea' id='block_1_31' title="bbox 482 3297 2845 3378">
    <p class='ocr_par' dir='ltr' id='par_1_31' title="bbox 482 3297 2845 3378">
     <span class='ocr_line' id='line_1_31' title="bbox 482 3297 2845 3378; baseline 0.001 -23"><span class='ocrx_word' id='word_1_343' title='bbox 482 3311 627 3355; x_wconf 89' lang='lat' dir='ltr'><strong><em>cum</em></strong></span> <span class='ocrx_word' id='word_1_344' title='bbox 662 3297 940 3361; x_wconf 90' lang='lat' dir='ltr'><strong><em>dicimus</em></strong></span> <span class='ocrx_word' id='word_1_345' title='bbox 977 3306 1037 3362; x_wconf 87' lang='lat' dir='ltr'><strong><em>et</em></strong></span> <span class='ocrx_word' id='word_1_346' title='bbox 1073 3300 1468 3378; x_wconf 83' lang='lat' dir='ltr'><strong><em>proﬁtemur,</em></strong></span> <span class='ocrx_word' id='word_1_347' title='bbox 1510 3318 1588 3361; x_wconf 75' lang='lat' dir='ltr'><strong><em>ex</em></strong></span> <span class='ocrx_word' id='word_1_348' title='bbox 1616 3299 1802 3360; x_wconf 87' lang='lat' dir='ltr'><strong><em>Patre</em></strong></span> <span class='ocrx_word' id='word_1_349' title='bbox 1828 3316 1945 3378; x_wconf 90' lang='lat' dir='ltr'><strong><em>per</em></strong></span> <span class='ocrx_word' id='word_1_350' title='bbox 1980 3297 2217 3359; x_wconf 87' lang='lat' dir='ltr'><strong><em>Filium</em></strong></span> <span class='ocrx_word' id='word_1_351' title='bbox 2258 3299 2758 3376; x_wconf 75' lang='lat' dir='ltr'><strong><em>processionem.</em></strong></span> <span class='ocrx_word' id='word_1_352' title='bbox 2817 3323 2845 3358; x_wconf 69' lang='grc' dir='ltr'><strong><em>γι</em></strong></span> 
     </span>
    </p>
   </div>
   <div class='ocr_carea' id='block_1_32' title="bbox 562 3414 3719 3493">
    <p class='ocr_par' dir='ltr' id='par_1_32' title="bbox 562 3414 3719 3493">
     <span class='ocr_line' id='line_1_32' title="bbox 562 3414 3719 3493; baseline 0 -14"><span class='ocrx_word' id='word_1_353' title='bbox 562 3420 743 3479; x_wconf 85' lang='lat' dir='ltr'><strong><em>Mens</em></strong></span> <span class='ocrx_word' id='word_1_354' title='bbox 777 3417 998 3479; x_wconf 87' lang='lat' dir='ltr'><strong><em>eadem</em></strong></span> <span class='ocrx_word' id='word_1_355' title='bbox 1033 3416 1236 3479; x_wconf 82' lang='lat' dir='ltr'><strong><em>fuisse</em></strong></span> <span class='ocrx_word' id='word_1_356' title='bbox 1270 3416 1526 3479; x_wconf 88' lang='lat' dir='ltr'><strong><em>videtur</em></strong></span> <span class='ocrx_word' id='word_1_357' title='bbox 1554 3415 1720 3477; x_wconf 84' lang='lat' dir='ltr'><strong><em>Petri</em></strong></span> <span class='ocrx_word' id='word_1_358' title='bbox 1760 3414 2143 3477; x_wconf 78' lang='lat' dir='ltr'><strong><em>Antiocheni</em></strong></span> <span class='ocrx_word' id='word_1_359' title='bbox 2176 3416 2239 3476; x_wconf 90' lang='lat' dir='ltr'><strong><em>in</em></strong></span> <span class='ocrx_word' id='word_1_360' title='bbox 2274 3415 2545 3493; x_wconf 89' lang='lat' dir='ltr'><strong><em>epistola</em></strong></span> <span class='ocrx_word' id='word_1_361' title='bbox 2586 3417 2663 3477; x_wconf 84' lang='lat' dir='ltr'><strong><em>ad</em></strong></span> <span class='ocrx_word' id='word_1_362' title='bbox 2717 3416 3089 3479; x_wconf 71' lang='lat' dir='ltr'><strong><em>Michaelem</em></strong></span> <span class='ocrx_word' id='word_1_363' title='bbox 3124 3417 3552 3491; x_wconf 73' lang='lat' dir='ltr'><strong><em>Ccrularium,</em></strong></span> <span class='ocrx_word' id='word_1_364' title='bbox 3606 3418 3719 3483; x_wconf 82' lang='lat' dir='ltr'><strong><em>ubi</em></strong></span> 
     </span>
    </p>
   </div>
   <div class='ocr_carea' id='block_1_33' title="bbox 482 3511 3722 3592">
    <p class='ocr_par' dir='ltr' id='par_1_33' title="bbox 482 3511 3722 3592">
     <span class='ocr_line' id='line_1_33' title="bbox 482 3511 3722 3592; baseline -0 -15"><span class='ocrx_word' id='word_1_365' title='bbox 482 3531 662 3577; x_wconf 89' lang='lat' dir='ltr'><strong><em>num.</em></strong></span> <span class='ocrx_word' id='word_1_366' title='bbox 695 3515 783 3577; x_wconf 82' lang='lat' dir='ltr'><strong><em>XI</em></strong></span> <span class='ocrx_word' id='word_1_367' title='bbox 818 3512 1047 3573; x_wconf 89' lang='lat' dir='ltr'><strong><em>malum</em></strong></span> <span class='ocrx_word' id='word_1_368' title='bbox 1080 3521 1135 3573; x_wconf 89' lang='lat' dir='ltr'><strong><em>et</em></strong></span> <span class='ocrx_word' id='word_1_369' title='bbox 1170 3511 1476 3573; x_wconf 89' lang='lat' dir='ltr'><strong><em>malorum</em></strong></span> <span class='ocrx_word' id='word_1_370' title='bbox 1506 3512 1839 3592; x_wconf 86' lang='lat' dir='ltr'><strong><em>pessimum</em></strong></span> <span class='ocrx_word' id='word_1_371' title='bbox 1875 3520 2052 3574; x_wconf 83' lang='lat' dir='ltr'><strong><em>vocat</em></strong></span> <span class='ocrx_word' id='word_1_372' title='bbox 2082 3511 2491 3592; x_wconf 84' lang='lat' dir='ltr'><strong><em>adjectionem</em></strong></span> <span class='ocrx_word' id='word_1_373' title='bbox 2526 3511 2608 3572; x_wconf 89' lang='lat' dir='ltr'><strong><em>ad</em></strong></span> <span class='ocrx_word' id='word_1_374' title='bbox 2632 3523 2913 3573; x_wconf 85' lang='lat' dir='ltr'><strong><em>sanctum</em></strong></span> <span class='ocrx_word' id='word_1_375' title='bbox 2944 3512 3297 3592; x_wconf 73' lang='lat' dir='ltr'><strong><em>Symbolum</em></strong></span> <span class='ocrx_word' id='word_1_376' title='bbox 3336 3536 3351 3574; x_wconf 92' lang='lat'><strong>:</strong></span> <span class='ocrx_word' id='word_1_377' title='bbox 3389 3524 3445 3576; x_wconf 90' lang='lat' dir='ltr'><strong><em>et</em></strong></span> <span class='ocrx_word' id='word_1_378' title='bbox 3485 3513 3722 3576; x_wconf 83' lang='lat' dir='ltr'><strong><em>nihilo-</em></strong></span> 
     </span>
    </p>
   </div>
   <div class='ocr_carea' id='block_1_34' title="bbox 484 3608 3719 3690">
    <p class='ocr_par' dir='ltr' id='par_1_34' title="bbox 484 3608 3719 3690">
     <span class='ocr_line' id='line_1_34' title="bbox 484 3608 3719 3690; baseline 0 -18"><span class='ocrx_word' id='word_1_379' title='bbox 484 3613 698 3672; x_wconf 90' lang='lat' dir='ltr'><strong><em>minus</em></strong></span> <span class='ocrx_word' id='word_1_380' title='bbox 730 3626 911 3671; x_wconf 89' lang='lat' dir='ltr'><strong><em>num.</em></strong></span> <span class='ocrx_word' id='word_1_381' title='bbox 949 3609 1122 3670; x_wconf 81' lang='lat' dir='ltr'><strong><em>XXII</em></strong></span> <span class='ocrx_word' id='word_1_382' title='bbox 1165 3631 1180 3671; x_wconf 87' lang='lat'><strong>:</strong></span> <span class='ocrx_word' id='word_1_383' title='bbox 1215 3610 1288 3673; x_wconf 91' lang='lat' dir='ltr'><strong><em>Si</em></strong></span> <span class='ocrx_word' id='word_1_384' title='bbox 1316 3609 1384 3673; x_wconf 88' lang='lat' dir='ltr'><strong><em>in</em></strong></span> <span class='ocrx_word' id='word_1_385' title='bbox 1414 3608 1738 3670; x_wconf 85' lang='lat' dir='ltr'><strong><em>additione</em></strong></span> <span class='ocrx_word' id='word_1_386' title='bbox 1766 3609 2045 3689; x_wconf 87' lang='lat' dir='ltr'><strong><em>Symboli</em></strong></span> <span class='ocrx_word' id='word_1_387' title='bbox 2077 3608 2511 3686; x_wconf 87' lang='lat' dir='ltr'><strong><em>corrigantur,</em></strong></span> <span class='ocrx_word' id='word_1_388' title='bbox 2544 3608 2656 3683; x_wconf 88' lang='lat' dir='ltr'><strong><em>ait,</em></strong></span> <span class='ocrx_word' id='word_1_389' title='bbox 2691 3609 2854 3670; x_wconf 83' lang='lat' dir='ltr'><strong><em>nihil</em></strong></span> <span class='ocrx_word' id='word_1_390' title='bbox 2879 3618 3187 3688; x_wconf 80' lang='lat' dir='ltr'><strong><em>pra&#39;lcrea</em></strong></span> <span class='ocrx_word' id='word_1_391' title='bbox 3242 3608 3719 3690; x_wconf 81' lang='lat' dir='ltr'><strong><em>postulaverim.</em></strong></span> 
     </span>
    </p>
   </div>
   <div class='ocr_carea' id='block_1_35' title="bbox 482 3703 3721 3785">
    <p class='ocr_par' dir='ltr' id='par_1_35' title="bbox 482 3703 3721 3785">
     <span class='ocr_line' id='line_1_35' title="bbox 482 3703 3721 3785; baseline -0 -17"><span class='ocrx_word' id='word_1_392' title='bbox 482 3705 908 3768; x_wconf 85' lang='lat' dir='ltr'><strong><em>Levissimum</em></strong></span> <span class='ocrx_word' id='word_1_393' title='bbox 936 3704 1063 3785; x_wconf 87' lang='lat' dir='ltr'><strong><em>jam</em></strong></span> <span class='ocrx_word' id='word_1_394' title='bbox 1097 3706 1275 3767; x_wconf 80' lang='lat' dir='ltr'><strong><em>vides</em></strong></span> <span class='ocrx_word' id='word_1_395' title='bbox 1312 3704 1691 3785; x_wconf 79' lang='lat' dir='ltr'><strong><em>quaestionis</em></strong></span> <span class='ocrx_word' id='word_1_396' title='bbox 1734 3712 2154 3767; x_wconf 84' lang='lat' dir='ltr'><strong><em>momentum.</em></strong></span> <span class='ocrx_word' id='word_1_397' title='bbox 2193 3706 2311 3764; x_wconf 73' lang='lat' dir='ltr'><strong><em>ltes</em></strong></span> <span class='ocrx_word' id='word_1_398' title='bbox 2344 3710 2469 3763; x_wconf 89' lang='lat' dir='ltr'><strong><em>tota</em></strong></span> <span class='ocrx_word' id='word_1_399' title='bbox 2528 3703 2840 3782; x_wconf 75' lang='lat' dir='ltr'><strong><em>redigitur</em></strong></span> <span class='ocrx_word' id='word_1_400' title='bbox 2870 3704 2944 3764; x_wconf 86' lang='lat' dir='ltr'><strong><em>ad</em></strong></span> <span class='ocrx_word' id='word_1_401' title='bbox 2993 3704 3449 3769; x_wconf 73' lang='lat' dir='ltr'><strong><em>ecclesiasticae</em></strong></span> <span class='ocrx_word' id='word_1_402' title='bbox 3516 3707 3721 3768; x_wconf 88' lang='lat' dir='ltr'><strong><em>disci-</em></strong></span> 
     </span>
    </p>
   </div>
   <div class='ocr_carea' id='block_1_36' title="bbox 482 3800 3726 3883">
    <p class='ocr_par' dir='ltr' id='par_1_36' title="bbox 482 3800 3726 3883">
     <span class='ocr_line' id='line_1_36' title="bbox 482 3800 3726 3883; baseline 0.001 -22"><span class='ocrx_word' id='word_1_403' title='bbox 482 3801 675 3882; x_wconf 65' lang='lat' dir='ltr'><strong><em>plinas</em></strong></span> <span class='ocrx_word' id='word_1_404' title='bbox 704 3809 918 3880; x_wconf 88' lang='lat' dir='ltr'><strong><em>caput,</em></strong></span> <span class='ocrx_word' id='word_1_405' title='bbox 955 3802 1020 3864; x_wconf 91' lang='lat' dir='ltr'><strong><em>in</em></strong></span> <span class='ocrx_word' id='word_1_406' title='bbox 1053 3819 1183 3883; x_wconf 90' lang='lat' dir='ltr'><strong><em>quo</em></strong></span> <span class='ocrx_word' id='word_1_407' title='bbox 1215 3802 1413 3865; x_wconf 87' lang='lat' dir='ltr'><strong><em>nimia</em></strong></span> <span class='ocrx_word' id='word_1_408' title='bbox 1456 3801 1650 3865; x_wconf 86' lang='lat' dir='ltr'><strong><em>fuerit</em></strong></span> <span class='ocrx_word' id='word_1_409' title='bbox 1680 3802 1945 3865; x_wconf 85' lang='lat' dir='ltr'><strong><em>audacia</em></strong></span> <span class='ocrx_word' id='word_1_410' title='bbox 2003 3800 2273 3863; x_wconf 81' lang='lat' dir='ltr'><strong><em>Romani</em></strong></span> <span class='ocrx_word' id='word_1_411' title='bbox 2338 3800 2654 3879; x_wconf 81' lang='lat' dir='ltr'><strong><em>pontiﬁcis</em></strong></span> <span class='ocrx_word' id='word_1_412' title='bbox 2687 3809 2745 3862; x_wconf 88' lang='lat' dir='ltr'><strong><em>et</em></strong></span> <span class='ocrx_word' id='word_1_413' title='bbox 2785 3800 3081 3865; x_wconf 72' lang='lat' dir='ltr'><strong><em>Ecclesia)</em></strong></span> <span class='ocrx_word' id='word_1_414' title='bbox 3128 3803 3569 3866; x_wconf 78' lang='lat' dir='ltr'><strong><em>Occidentalis</em></strong></span> <span class='ocrx_word' id='word_1_415' title='bbox 3606 3821 3726 3865; x_wconf 82' lang='lat' dir='ltr'><strong><em>au-</em></strong></span> 
     </span>
    </p>
   </div>
   <div class='ocr_carea' id='block_1_37' title="bbox 478 3896 3719 3979">
    <p class='ocr_par' dir='ltr' id='par_1_37' title="bbox 478 3896 3719 3979">
     <span class='ocr_line' id='line_1_37' title="bbox 478 3896 3719 3979; baseline -0 -19"><span class='ocrx_word' id='word_1_416' title='bbox 478 3897 835 3961; x_wconf 89' lang='lat' dir='ltr'><strong><em>ctoritatem</em></strong></span> <span class='ocrx_word' id='word_1_417' title='bbox 872 3902 954 3960; x_wconf 89' lang='lat' dir='ltr'><strong><em>ita</em></strong></span> <span class='ocrx_word' id='word_1_418' title='bbox 988 3907 1333 3972; x_wconf 89' lang='lat' dir='ltr'><strong><em>coarctare,</em></strong></span> <span class='ocrx_word' id='word_1_419' title='bbox 1391 3906 1456 3959; x_wconf 91' lang='lat' dir='ltr'><strong><em>ut</em></strong></span> <span class='ocrx_word' id='word_1_420' title='bbox 1491 3914 1603 3976; x_wconf 88' lang='lat' dir='ltr'><strong><em>pro</em></strong></span> <span class='ocrx_word' id='word_1_421' title='bbox 1643 3899 2029 3976; x_wconf 81' lang='lat' dir='ltr'><strong><em>urgentibus</em></strong></span> <span class='ocrx_word' id='word_1_422' title='bbox 2086 3896 2577 3958; x_wconf 86' lang='lat' dir='ltr'><strong><em>circumstantiis</em></strong></span> <span class='ocrx_word' id='word_1_423' title='bbox 2639 3914 2765 3958; x_wconf 91' lang='lat' dir='ltr'><strong><em>non</em></strong></span> <span class='ocrx_word' id='word_1_424' title='bbox 2801 3896 3068 3959; x_wconf 87' lang='lat' dir='ltr'><strong><em>valuerit</em></strong></span> <span class='ocrx_word' id='word_1_425' title='bbox 3107 3916 3230 3960; x_wconf 87' lang='lat' dir='ltr'><strong><em>una</em></strong></span> <span class='ocrx_word' id='word_1_426' title='bbox 3264 3917 3415 3961; x_wconf 85' lang='lat' dir='ltr'><strong><em>voce</em></strong></span> <span class='ocrx_word' id='word_1_427' title='bbox 3450 3899 3719 3979; x_wconf 87' lang='lat' dir='ltr'><strong><em>Symbo-</em></strong></span> 
     </span>
    </p>
   </div>
   <div class='ocr_carea' id='block_1_38' title="bbox 481 3991 3719 4074">
    <p class='ocr_par' dir='ltr' id='par_1_38' title="bbox 481 3991 3719 4074">
     <span class='ocr_line' id='line_1_38' title="bbox 481 3991 3719 4074; baseline 0.001 -20"><span class='ocrx_word' id='word_1_428' title='bbox 481 3994 613 4055; x_wconf 90' lang='lat' dir='ltr'><strong><em>lum</em></strong></span> <span class='ocrx_word' id='word_1_429' title='bbox 645 4011 881 4074; x_wconf 87' lang='lat' dir='ltr'><strong><em>augere</em></strong></span> <span class='ocrx_word' id='word_1_430' title='bbox 912 3994 1115 4074; x_wconf 88' lang='lat' dir='ltr'><strong><em>:quod</em></strong></span> <span class='ocrx_word' id='word_1_431' title='bbox 1153 3993 1377 4073; x_wconf 88' lang='lat' dir='ltr'><strong><em>utique</em></strong></span> <span class='ocrx_word' id='word_1_432' title='bbox 1409 4010 1442 4054; x_wconf 91' lang='lat' dir='ltr'><strong><em>a</em></strong></span> <span class='ocrx_word' id='word_1_433' title='bbox 1475 3994 1711 4055; x_wconf 78' lang='lat' dir='ltr'><strong><em>Grthis</em></strong></span> <span class='ocrx_word' id='word_1_434' title='bbox 1743 3993 1807 4054; x_wconf 91' lang='lat' dir='ltr'><strong><em>in</em></strong></span> <span class='ocrx_word' id='word_1_435' title='bbox 1844 3994 2109 4054; x_wconf 87' lang='lat' dir='ltr'><strong><em>Oriente</em></strong></span> <span class='ocrx_word' id='word_1_436' title='bbox 2139 3992 2374 4054; x_wconf 83' lang='lat' dir='ltr'><strong><em>factum</em></strong></span> <span class='ocrx_word' id='word_1_437' title='bbox 2402 3992 2465 4053; x_wconf 90' lang='lat' dir='ltr'><strong><em>iu</em></strong></span> <span class='ocrx_word' id='word_1_438' title='bbox 2494 3991 2695 4071; x_wconf 86' lang='lat' dir='ltr'><strong><em>prima</em></strong></span> <span class='ocrx_word' id='word_1_439' title='bbox 2718 3994 2968 4072; x_wconf 78' lang='lat' dir='ltr'><strong><em>synodo</em></strong></span> <span class='ocrx_word' id='word_1_440' title='bbox 2989 3993 3719 4073; x_wconf 83' lang='lat' dir='ltr'><strong><em>Constantinopolitana.</em></strong></span> 
     </span>
    </p>
   </div>
   <div class='ocr_carea' id='block_1_39' title="bbox 478 4087 3724 4170">
    <p class='ocr_par' dir='ltr' id='par_1_39' title="bbox 478 4087 3724 4170">
     <span class='ocr_line' id='line_1_39' title="bbox 478 4087 3724 4170; baseline -0.001 -14"><span class='ocrx_word' id='word_1_441' title='bbox 478 4097 569 4157; x_wconf 89' lang='lat' dir='ltr'><strong><em>De</em></strong></span> <span class='ocrx_word' id='word_1_442' title='bbox 613 4094 726 4155; x_wconf 91' lang='lat' dir='ltr'><strong><em>hac</em></strong></span> <span class='ocrx_word' id='word_1_443' title='bbox 753 4091 1117 4164; x_wconf 83' lang='lat' dir='ltr'><strong><em>Additione,</em></strong></span> <span class='ocrx_word' id='word_1_444' title='bbox 1177 4096 1389 4169; x_wconf 50' lang='lat' dir='ltr'><strong><em>deque</em></strong></span> <span class='ocrx_word' id='word_1_445' title='bbox 1460 4091 1601 4169; x_wconf 91' lang='lat' dir='ltr'><strong><em>ipso</em></strong></span> <span class='ocrx_word' id='word_1_446' title='bbox 1658 4092 1957 4170; x_wconf 86' lang='lat' dir='ltr'><strong><em>Dogmate</em></strong></span> <span class='ocrx_word' id='word_1_447' title='bbox 2017 4089 2284 4152; x_wconf 88' lang='lat' dir='ltr'><strong><em>consule</em></strong></span> <span class='ocrx_word' id='word_1_448' title='bbox 2339 4087 2835 4149; x_wconf 86' lang='lat' dir='ltr'><strong><em>Dissertationes</em></strong></span> <span class='ocrx_word' id='word_1_449' title='bbox 2863 4096 3111 4150; x_wconf 90' lang='lat' dir='ltr'><strong><em>nostras</em></strong></span> <span class='ocrx_word' id='word_1_450' title='bbox 3150 4092 3336 4160; x_wconf 86' lang='lat' dir='ltr'><strong><em>duas,</em></strong></span> <span class='ocrx_word' id='word_1_451' title='bbox 3401 4108 3562 4169; x_wconf 88' lang='lat' dir='ltr'><strong><em>quas</em></strong></span> <span class='ocrx_word' id='word_1_452' title='bbox 3599 4091 3724 4153; x_wconf 90' lang='lat' dir='ltr'><strong><em>hoc</em></strong></span> 
     </span>
    </p>
   </div>
   <div class='ocr_carea' id='block_1_40' title="bbox 476 4184 3727 4268">
    <p class='ocr_par' dir='ltr' id='par_1_40' title="bbox 476 4184 3727 4268">
     <span class='ocr_line' id='line_1_40' title="bbox 476 4184 3727 4268; baseline -0.001 -14"><span class='ocrx_word' id='word_1_453' title='bbox 476 4207 648 4254; x_wconf 87' lang='lat' dir='ltr'><strong><em>anno</em></strong></span> <span class='ocrx_word' id='word_1_454' title='bbox 681 4191 834 4252; x_wconf 82' lang='grc'><strong>1753</strong></span> <span class='ocrx_word' id='word_1_455' title='bbox 863 4207 1006 4251; x_wconf 91' lang='lat' dir='ltr'><strong><em>cum</em></strong></span> <span class='ocrx_word' id='word_1_456' title='bbox 1046 4191 1184 4250; x_wconf 78' lang='lat' dir='ltr'><strong><em>l’ita</em></strong></span> <span class='ocrx_word' id='word_1_457' title='bbox 1212 4188 1495 4265; x_wconf 85' lang='lat' dir='ltr'><strong><em>Georgii.</em></strong></span> <span class='ocrx_word' id='word_1_458' title='bbox 1521 4206 1631 4246; x_wconf 89' lang='lat' dir='ltr'><strong><em>seu</em></strong></span> <span class='ocrx_word' id='word_1_459' title='bbox 1663 4186 1963 4264; x_wconf 84' lang='lat' dir='ltr'><strong><em>Gregorii</em></strong></span> <span class='ocrx_word' id='word_1_460' title='bbox 2025 4185 2275 4264; x_wconf 83' lang='lat' dir='ltr'><strong><em>Cyprii,</em></strong></span> <span class='ocrx_word' id='word_1_461' title='bbox 2334 4184 2720 4263; x_wconf 77' lang='lat' dir='ltr'><strong><em>patriarcha:</em></strong></span> <span class='ocrx_word' id='word_1_462' title='bbox 2781 4184 3501 4266; x_wconf 86' lang='lat' dir='ltr'><strong><em>Constantinopolitani,</em></strong></span> <span class='ocrx_word' id='word_1_463' title='bbox 3553 4187 3727 4268; x_wconf 80' lang='lat' dir='ltr'><strong><em>typis</em></strong></span> 
     </span>
    </p>
   </div>
   <div class='ocr_carea' id='block_1_41' title="bbox 478 4281 2161 4365">
    <p class='ocr_par' dir='ltr' id='par_1_41' title="bbox 478 4281 2161 4365">
     <span class='ocr_line' id='line_1_41' title="bbox 478 4281 2161 4365; baseline -0.005 -15"><span class='ocrx_word' id='word_1_464' title='bbox 478 4285 890 4365; x_wconf 82' lang='lat' dir='ltr'><strong><em>vulgavimus</em></strong></span> <span class='ocrx_word' id='word_1_465' title='bbox 926 4284 1095 4363; x_wconf 87' lang='lat' dir='ltr'><strong><em>apud</em></strong></span> <span class='ocrx_word' id='word_1_466' title='bbox 1127 4284 1311 4345; x_wconf 87' lang='lat' dir='ltr'><strong><em>Joan.</em></strong></span> <span class='ocrx_word' id='word_1_467' title='bbox 1346 4282 1689 4362; x_wconf 90' lang='lat' dir='ltr'><strong><em>Baptistam</em></strong></span> <span class='ocrx_word' id='word_1_468' title='bbox 1722 4281 2161 4361; x_wconf 83' lang='lat' dir='ltr'><strong><em>Pasqualium.</em></strong></span> 
     </span>
    </p>
   </div>
   <div class='ocr_carea' id='block_1_42' title="bbox 1999 4453 2127 4515">
    <p class='ocr_par' dir='ltr' id='par_1_42' title="bbox 1999 4453 2127 4515">
     <span class='ocr_line' id='line_1_42' title="bbox 1999 4453 2127 4515; baseline -0.016 0"><span class='ocrx_word' id='word_1_469' title='bbox 1999 4453 2127 4515; x_wconf 82' lang='lat' dir='ltr'><strong><em>XX.</em></strong></span> 
     </span>
    </p>
   </div>
   <div class='ocr_carea' id='block_1_43' title="bbox 472 4604 3731 4689">
    <p class='ocr_par' dir='ltr' id='par_1_43' title="bbox 472 4604 3731 4689">
     <span class='ocr_line' id='line_1_43' title="bbox 472 4604 3731 4689; baseline -0.002 -16"><span class='ocrx_word' id='word_1_470' title='bbox 472 4608 793 4689; x_wconf 82' lang='lat' dir='ltr'><strong><em>Fidelium</em></strong></span> <span class='ocrx_word' id='word_1_471' title='bbox 828 4607 1160 4689; x_wconf 71' lang='lat' dir='ltr'><strong><em>su/fragia</em></strong></span> <span class='ocrx_word' id='word_1_472' title='bbox 1187 4624 1522 4689; x_wconf 80' lang='lat' dir='ltr'><strong><em>perperam</em></strong></span> <span class='ocrx_word' id='word_1_473' title='bbox 1550 4626 1623 4689; x_wconf 76' lang='lat' dir='ltr'><strong><em>ac</em></strong></span> <span class='ocrx_word' id='word_1_474' title='bbox 1672 4604 1837 4689; x_wconf 77' lang='lat' dir='ltr'><strong><em>falso</em></strong></span> <span class='ocrx_word' id='word_1_475' title='bbox 1868 4604 2564 4689; x_wconf 75' lang='lat' dir='ltr'><strong><em>_docet,_de[unctorum</em></strong></span> <span class='ocrx_word' id='word_1_476' title='bbox 2590 4605 2907 4689; x_wconf 75' lang='lat' dir='ltr'><strong><em>aliquibus</em></strong></span> <span class='ocrx_word' id='word_1_477' title='bbox 2927 4604 3257 4689; x_wconf 79' lang='lat' dir='ltr'><strong><em>prodesse,</em></strong></span> <span class='ocrx_word' id='word_1_478' title='bbox 3278 4608 3407 4689; x_wconf 69' lang='lat' dir='ltr'><strong><em>qui</em></strong></span> <span class='ocrx_word' id='word_1_479' title='bbox 3427 4607 3731 4685; x_wconf 81' lang='lat' dir='ltr'><strong><em>gravibus</em></strong></span> 
     </span>
    </p>
   </div>
   <div class='ocr_carea' id='block_1_44' title="bbox 553 4683 3728 4768">
    <p class='ocr_par' dir='ltr' id='par_1_44' title="bbox 553 4683 3728 4768">
     <span class='ocr_line' id='line_1_44' title="bbox 553 4683 3728 4768; baseline -0.003 -15"><span class='ocrx_word' id='word_1_480' title='bbox 553 4688 873 4768; x_wconf 82' lang='lat' dir='ltr'><strong><em>inquinati</em></strong></span> <span class='ocrx_word' id='word_1_481' title='bbox 905 4683 1201 4768; x_wconf 67' lang='lat' dir='ltr'><strong><em>peccatis</em></strong></span> <span class='ocrx_word' id='word_1_482' title='bbox 1228 4683 1465 4768; x_wconf 66' lang='lat' dir='ltr'><strong><em>eaijtac</em></strong></span> <span class='ocrx_word' id='word_1_483' title='bbox 1517 4687 1649 4747; x_wconf 77' lang='lat' dir='ltr'><strong><em>vita</em></strong></span> <span class='ocrx_word' id='word_1_484' title='bbox 1673 4683 2020 4768; x_wconf 71' lang='lat' dir='ltr'><strong><em>decedunt.</em></strong></span> <span class='ocrx_word' id='word_1_485' title='bbox 2045 4683 2307 4768; x_wconf 25' lang='lat' dir='ltr'><strong><em>_Lat‘ini</em></strong></span> <span class='ocrx_word' id='word_1_486' title='bbox 2370 4683 3330 4768; x_wconf 34' lang='lat' dir='ltr'><strong><em>nonnulli&#39;doctoresmnotali:</em></strong></span> <span class='ocrx_word' id='word_1_487' title='bbox 3374 4683 3728 4768; x_wconf 73' lang='lat' dir='ltr'><strong><em>Bassorum</em></strong></span> 
     </span>
    </p>
   </div>
   <div class='ocr_carea' id='block_1_45' title="bbox 556 4760 3726 4847">
    <p class='ocr_par' dir='ltr' id='par_1_45' title="bbox 556 4760 3726 4847">
     <span class='ocr_line' id='line_1_45' title="bbox 556 4760 3726 4847; baseline -0.003 -16"><span class='ocrx_word' id='word_1_488' title='bbox 556 4760 866 4846; x_wconf 73' lang='lat' dir='ltr'><strong><em>confessio</em></strong></span> <span class='ocrx_word' id='word_1_489' title='bbox 895 4760 1043 4847; x_wconf 79' lang='lat' dir='ltr'><strong><em>ﬁdei</em></strong></span> <span class='ocrx_word' id='word_1_490' title='bbox 1096 4766 1480 4847; x_wconf 76' lang='lat' dir='ltr'><strong><em>expenditur</em></strong></span> <span class='ocrx_word' id='word_1_491' title='bbox 1510 4783 1583 4826; x_wconf 90' lang='lat' dir='ltr'><strong><em>ac</em></strong></span> <span class='ocrx_word' id='word_1_492' title='bbox 1632 4760 1975 4843; x_wconf 78' lang='lat' dir='ltr'><strong><em>refellitur.</em></strong></span> <span class='ocrx_word' id='word_1_493' title='bbox 2032 4765 2301 4827; x_wconf 86' lang='lat' dir='ltr'><strong><em>Erroris</em></strong></span> <span class='ocrx_word' id='word_1_494' title='bbox 2348 4783 2560 4825; x_wconf 89' lang='lat' dir='ltr'><strong><em>causa.</em></strong></span> <span class='ocrx_word' id='word_1_495' title='bbox 2632 4762 2941 4823; x_wconf 87' lang='lat' dir='ltr'><strong><em>Doctrina</em></strong></span> <span class='ocrx_word' id='word_1_496' title='bbox 2971 4761 3221 4825; x_wconf 89' lang='lat' dir='ltr'><strong><em>illibata</em></strong></span> <span class='ocrx_word' id='word_1_497' title='bbox 3255 4765 3499 4827; x_wconf 76' lang='lat' dir='ltr'><strong><em>Thema:</em></strong></span> <span class='ocrx_word' id='word_1_498' title='bbox 3527 4765 3726 4843; x_wconf 77' lang='lat' dir='ltr'><strong><em>Aqui-</em></strong></span> 
     </span>
    </p>
   </div>
   <div class='ocr_carea' id='block_1_46' title="bbox 555 4848 751 4909">
    <p class='ocr_par' dir='ltr' id='par_1_46' title="bbox 555 4848 751 4909">
     <span class='ocr_line' id='line_1_46' title="bbox 555 4848 751 4909; baseline -0.01 0"><span class='ocrx_word' id='word_1_499' title='bbox 555 4848 751 4909; x_wconf 87' lang='lat' dir='ltr'><strong><em>natis.</em></strong></span> 
     </span>
    </p>
   </div>
   <div class='ocr_carea' id='block_1_47' title="bbox 552 4995 3816 5086">
    <p class='ocr_par' dir='ltr' id='par_1_47' title="bbox 552 4995 3816 5086">
     <span class='ocr_line' id='line_1_47' title="bbox 552 4995 3816 5086; baseline -0.003 -12"><span class='ocrx_word' id='word_1_500' title='bbox 552 5013 655 5076; x_wconf 84' lang='lat'><strong><em>78.</em></strong></span> <span class='ocrx_word' id='word_1_501' title='bbox 677 5011 968 5076; x_wconf 81' lang='lat' dir='ltr'><strong><em>Alienam</em></strong></span> <span class='ocrx_word' id='word_1_502' title='bbox 1006 5025 1042 5071; x_wconf 83' lang='lat' dir='ltr'><strong><em>a</em></strong></span> <span class='ocrx_word' id='word_1_503' title='bbox 1084 5007 1392 5075; x_wconf 87' lang='lat' dir='ltr'><strong><em>catholica</em></strong></span> <span class='ocrx_word' id='word_1_504' title='bbox 1423 5007 1544 5071; x_wconf 81' lang='lat' dir='ltr'><strong><em>ﬁde</em></strong></span> <span class='ocrx_word' id='word_1_505' title='bbox 1567 5007 2046 5083; x_wconf 81' lang='lat' dir='ltr'><strong><em>sententiam,si</em></strong></span> <span class='ocrx_word' id='word_1_506' title='bbox 2071 5008 2255 5071; x_wconf 89' lang='lat' dir='ltr'><strong><em>verba</em></strong></span> <span class='ocrx_word' id='word_1_507' title='bbox 2278 5014 2668 5086; x_wconf 84' lang='lat' dir='ltr'><strong><em>spectentur,</em></strong></span> <span class='ocrx_word' id='word_1_508' title='bbox 2693 5002 3213 5082; x_wconf 81' lang='lat' dir='ltr'><strong><em>&#39;l‘hoOphylactus</em></strong></span> <span class='ocrx_word' id='word_1_509' title='bbox 3249 5003 3480 5081; x_wconf 87' lang='lat' dir='ltr'><strong><em>promit</em></strong></span> <span class='ocrx_word' id='word_1_510' title='bbox 3504 5002 3564 5063; x_wconf 91' lang='lat' dir='ltr'><strong><em>in</em></strong></span> <span class='ocrx_word' id='word_1_511' title='bbox 3585 5020 3725 5079; x_wconf 83' lang='lat' dir='ltr'><strong><em>cap.</em></strong></span> <span class='ocrx_word' id='word_1_512' title='bbox 3808 4995 3816 4999; x_wconf 41' lang='grc'><em>⁴</em></span> 
     </span>
    </p>
   </div>
   <div class='ocr_carea' id='block_1_48' title="bbox 481 5099 3730 5185">
    <p class='ocr_par' dir='ltr' id='par_1_48' title="bbox 481 5099 3730 5185">
     <span class='ocr_line' id='line_1_48' title="bbox 481 5099 3730 5185; baseline -0.005 -11"><span class='ocrx_word' id='word_1_513' title='bbox 481 5130 577 5174; x_wconf 79' lang='lat' dir='ltr'><strong><em>xu</em></strong></span> <span class='ocrx_word' id='word_1_514' title='bbox 612 5113 790 5172; x_wconf 63' lang='lat' dir='ltr'><strong><em>Luca;</em></strong></span> <span class='ocrx_word' id='word_1_515' title='bbox 815 5128 874 5171; x_wconf 92' lang='lat' dir='ltr'><strong><em>v.</em></strong></span> <span class='ocrx_word' id='word_1_516' title='bbox 909 5109 970 5181; x_wconf 81' lang='lat'><strong><em>5,</em></strong></span> <span class='ocrx_word' id='word_1_517' title='bbox 994 5107 1073 5169; x_wconf 85' lang='lat' dir='ltr'><strong><em>ad</em></strong></span> <span class='ocrx_word' id='word_1_518' title='bbox 1105 5123 1177 5169; x_wconf 87' lang='lat' dir='ltr'><strong><em>ea</em></strong></span> <span class='ocrx_word' id='word_1_519' title='bbox 1195 5106 1384 5168; x_wconf 86' lang='lat' dir='ltr'><strong><em>verba</em></strong></span> <span class='ocrx_word' id='word_1_520' title='bbox 1418 5128 1435 5167; x_wconf 92' lang='lat'><strong>:</strong></span> <span class='ocrx_word' id='word_1_521' title='bbox 1470 5107 1699 5169; x_wconf 85' lang='lat' dir='ltr'><strong><em>Timete</em></strong></span> <span class='ocrx_word' id='word_1_522' title='bbox 1731 5123 1890 5179; x_wconf 85' lang='lat' dir='ltr'><strong><em>eum,</em></strong></span> <span class='ocrx_word' id='word_1_523' title='bbox 1914 5106 2023 5184; x_wconf 89' lang='lat' dir='ltr'><strong><em>qui</em></strong></span> <span class='ocrx_word' id='word_1_524' title='bbox 2037 5114 2373 5185; x_wconf 86' lang='lat' dir='ltr'><strong><em>postquam</em></strong></span> <span class='ocrx_word' id='word_1_525' title='bbox 2409 5102 2736 5173; x_wconf 83' lang='lat' dir='ltr'><strong><em>occiderit,</em></strong></span> <span class='ocrx_word' id='word_1_526' title='bbox 2774 5099 2960 5163; x_wconf 83' lang='lat' dir='ltr'><strong><em>habet</em></strong></span> <span class='ocrx_word' id='word_1_527' title='bbox 2986 5108 3360 5178; x_wconf 84' lang='lat' dir='ltr'><strong><em>potestatem</em></strong></span> <span class='ocrx_word' id='word_1_528' title='bbox 3378 5100 3626 5160; x_wconf 85' lang='lat' dir='ltr'><strong><em>mittere</em></strong></span> <span class='ocrx_word' id='word_1_529' title='bbox 3659 5102 3730 5159; x_wconf 83' lang='lat' dir='ltr'><strong><em>in</em></strong></span> 
     </span>
    </p>
   </div>
   <div class='ocr_carea' id='block_1_49' title="bbox 478 5196 3732 5286">
    <p class='ocr_par' dir='ltr' id='par_1_49' title="bbox 478 5196 3732 5286">
     <span class='ocr_line' id='line_1_49' title="bbox 478 5196 3732 5286; baseline -0.004 -18"><span class='ocrx_word' id='word_1_530' title='bbox 478 5205 1068 5286; x_wconf 76' lang='lat' dir='ltr'><strong><em>gehennam.Verba</em></strong></span> <span class='ocrx_word' id='word_1_531' title='bbox 1089 5203 1229 5283; x_wconf 85' lang='lat' dir='ltr'><strong><em>ejus</em></strong></span> <span class='ocrx_word' id='word_1_532' title='bbox 1261 5210 1451 5265; x_wconf 89' lang='lat' dir='ltr'><strong><em>sunt:</em></strong></span> <span class='ocrx_word' id='word_1_533' title='bbox 1484 5225 1514 5260; x_wconf 74' lang='grc' dir='ltr'>ι</span> <span class='ocrx_word' id='word_1_534' title='bbox 1544 5203 1767 5275; x_wconf 82' lang='lat' dir='ltr'><strong><em>Vides,</em></strong></span> <span class='ocrx_word' id='word_1_535' title='bbox 1802 5203 1978 5282; x_wconf 89' lang='lat' dir='ltr'><strong><em>quod</em></strong></span> <span class='ocrx_word' id='word_1_536' title='bbox 2012 5218 2142 5264; x_wconf 90' lang='lat' dir='ltr'><strong><em>non</em></strong></span> <span class='ocrx_word' id='word_1_537' title='bbox 2175 5202 2361 5268; x_wconf 81' lang='lat' dir='ltr'><strong><em>dixit.</em></strong></span> <span class='ocrx_word' id='word_1_538' title='bbox 2390 5202 2688 5261; x_wconf 78' lang='lat' dir='ltr'><strong><em>Metuatis</em></strong></span> <span class='ocrx_word' id='word_1_539' title='bbox 2720 5216 2879 5268; x_wconf 85' lang='lat' dir='ltr'><strong><em>eum,</em></strong></span> <span class='ocrx_word' id='word_1_540' title='bbox 2905 5198 3017 5276; x_wconf 89' lang='lat' dir='ltr'><strong><em>qui</em></strong></span> <span class='ocrx_word' id='word_1_541' title='bbox 3036 5208 3369 5276; x_wconf 80' lang='lat' dir='ltr'><strong><em>postquam</em></strong></span> <span class='ocrx_word' id='word_1_542' title='bbox 3392 5196 3732 5265; x_wconf 78' lang='lat' dir='ltr'><strong><em>occiderit,</em></strong></span> 
     </span>
    </p>
   </div>
   <div class='ocr_carea' id='block_1_50' title="bbox 479 5291 3726 5380">
    <p class='ocr_par' dir='ltr' id='par_1_50' title="bbox 479 5291 3726 5380">
     <span class='ocr_line' id='line_1_50' title="bbox 479 5291 3726 5380; baseline -0.004 -15"><span class='ocrx_word' id='word_1_543' title='bbox 479 5305 679 5366; x_wconf 81' lang='lat' dir='ltr'><strong><em>mittit</em></strong></span> <span class='ocrx_word' id='word_1_544' title='bbox 709 5304 775 5365; x_wconf 89' lang='lat' dir='ltr'><strong><em>in</em></strong></span> <span class='ocrx_word' id='word_1_545' title='bbox 809 5302 1148 5380; x_wconf 81' lang='lat' dir='ltr'><strong><em>gehennam</em></strong></span> <span class='ocrx_word' id='word_1_546' title='bbox 1172 5323 1192 5362; x_wconf 91' lang='lat'><strong><em>:</em></strong></span> <span class='ocrx_word' id='word_1_547' title='bbox 1228 5302 1367 5375; x_wconf 91' lang='lat' dir='ltr'><strong><em>sed,</em></strong></span> <span class='ocrx_word' id='word_1_548' title='bbox 1393 5301 1716 5363; x_wconf 82' lang='lat' dir='ltr'><strong><em>habentem</em></strong></span> <span class='ocrx_word' id='word_1_549' title='bbox 1754 5307 2131 5380; x_wconf 86' lang='lat' dir='ltr'><strong><em>potestatem</em></strong></span> <span class='ocrx_word' id='word_1_550' title='bbox 2176 5297 2487 5359; x_wconf 83' lang='lat' dir='ltr'><strong><em>mittendi.</em></strong></span> <span class='ocrx_word' id='word_1_551' title='bbox 2526 5297 2662 5357; x_wconf 82' lang='lat' dir='ltr'><strong><em>Non</em></strong></span> <span class='ocrx_word' id='word_1_552' title='bbox 2695 5296 2870 5357; x_wconf 90' lang='lat' dir='ltr'><strong><em>enim</em></strong></span> <span class='ocrx_word' id='word_1_553' title='bbox 2902 5293 3182 5371; x_wconf 89' lang='lat' dir='ltr'><strong><em>semper,</em></strong></span> <span class='ocrx_word' id='word_1_554' title='bbox 3213 5294 3264 5347; x_wconf 79' lang='grc' dir='ltr'><strong>οἱ</strong></span> <span class='ocrx_word' id='word_1_555' title='bbox 3284 5291 3726 5361; x_wconf 62' lang='grc' dir='ltr'><strong><em>ἀποθνήσκοντες</em></strong></span> 
     </span>
    </p>
   </div>
   <div class='ocr_carea' id='block_1_51' title="bbox 483 5392 3725 5480">
    <p class='ocr_par' dir='ltr' id='par_1_51' title="bbox 483 5392 3725 5480">
     <span class='ocr_line' id='line_1_51' title="bbox 483 5392 3725 5480; baseline -0.002 -22"><span class='ocrx_word' id='word_1_556' title='bbox 483 5400 807 5472; x_wconf 78' lang='grc' dir='ltr'><strong><em>ἁμαρτολοι,</em></strong></span> <span class='ocrx_word' id='word_1_557' title='bbox 833 5398 949 5480; x_wconf 89' lang='lat' dir='ltr'><strong><em>qui</em></strong></span> <span class='ocrx_word' id='word_1_558' title='bbox 1014 5400 1381 5461; x_wconf 89' lang='lat' dir='ltr'><strong><em>moriuntur</em></strong></span> <span class='ocrx_word' id='word_1_559' title='bbox 1440 5406 1827 5477; x_wconf 85' lang='lat' dir='ltr'><strong><em>peccatores,</em></strong></span> <span class='ocrx_word' id='word_1_560' title='bbox 1894 5398 2236 5459; x_wconf 88' lang='lat' dir='ltr'><strong><em>mittuntur</em></strong></span> <span class='ocrx_word' id='word_1_561' title='bbox 2267 5397 2332 5458; x_wconf 91' lang='lat' dir='ltr'><strong><em>in</em></strong></span> <span class='ocrx_word' id='word_1_562' title='bbox 2359 5397 2720 5474; x_wconf 84' lang='lat' dir='ltr'><strong><em>gehennam</em></strong></span> <span class='ocrx_word' id='word_1_563' title='bbox 2758 5410 2772 5455; x_wconf 91' lang='lat'><strong>:</strong></span> <span class='ocrx_word' id='word_1_564' title='bbox 2806 5394 2916 5455; x_wconf 88' lang='lat' dir='ltr'><strong><em>sed</em></strong></span> <span class='ocrx_word' id='word_1_565' title='bbox 2951 5400 3103 5454; x_wconf 87' lang='lat' dir='ltr'><strong><em>sunt</em></strong></span> <span class='ocrx_word' id='word_1_566' title='bbox 3136 5392 3203 5453; x_wconf 89' lang='lat' dir='ltr'><strong><em>in</em></strong></span> <span class='ocrx_word' id='word_1_567' title='bbox 3236 5398 3547 5469; x_wconf 86' lang='lat' dir='ltr'><strong><em>potestate</em></strong></span> <span class='ocrx_word' id='word_1_568' title='bbox 3578 5393 3725 5460; x_wconf 82' lang='lat' dir='ltr'><strong><em>Dei,</em></strong></span> 
     </span>
    </p>
   </div>
   <div class='ocr_carea' id='block_1_52' title="bbox 484 5488 3729 5574">
    <p class='ocr_par' dir='ltr' id='par_1_52' title="bbox 484 5488 3729 5574">
     <span class='ocr_line' id='line_1_52' title="bbox 484 5488 3729 5574; baseline -0.003 -14"><span class='ocrx_word' id='word_1_569' title='bbox 484 5510 555 5561; x_wconf 88' lang='lat' dir='ltr'><strong><em>ut</em></strong></span> <span class='ocrx_word' id='word_1_570' title='bbox 599 5496 790 5559; x_wconf 89' lang='lat' dir='ltr'><strong><em>etiam</em></strong></span> <span class='ocrx_word' id='word_1_571' title='bbox 855 5495 1091 5558; x_wconf 88' lang='lat' dir='ltr'><strong><em>dimitti</em></strong></span> <span class='ocrx_word' id='word_1_572' title='bbox 1138 5496 1407 5574; x_wconf 89' lang='lat' dir='ltr'><strong><em>possint.</em></strong></span> <span class='ocrx_word' id='word_1_573' title='bbox 1475 5496 1609 5556; x_wconf 83' lang='lat' dir='ltr'><strong><em>Hoc</em></strong></span> <span class='ocrx_word' id='word_1_574' title='bbox 1637 5500 1853 5556; x_wconf 87' lang='lat' dir='ltr'><strong><em>autem</em></strong></span> <span class='ocrx_word' id='word_1_575' title='bbox 1887 5493 2034 5554; x_wconf 91' lang='lat' dir='ltr'><strong><em>dico</em></strong></span> <span class='ocrx_word' id='word_1_576' title='bbox 2060 5502 2327 5571; x_wconf 88' lang='lat' dir='ltr'><strong><em>propter</em></strong></span> <span class='ocrx_word' id='word_1_577' title='bbox 2358 5492 2704 5553; x_wconf 85' lang='lat' dir='ltr'><strong><em>oblationes</em></strong></span> <span class='ocrx_word' id='word_1_578' title='bbox 2736 5498 2797 5551; x_wconf 93' lang='lat' dir='ltr'><strong><em>et</em></strong></span> <span class='ocrx_word' id='word_1_579' title='bbox 2837 5488 3350 5562; x_wconf 84' lang='lat' dir='ltr'><strong><em>distributiones,</em></strong></span> <span class='ocrx_word' id='word_1_580' title='bbox 3387 5505 3522 5567; x_wconf 67' lang='lat' dir='ltr'><strong><em>quae</em></strong></span> <span class='ocrx_word' id='word_1_581' title='bbox 3564 5488 3729 5564; x_wconf 69' lang='lat' dir='ltr'><strong><em>ﬁunt</em></strong></span> 
     </span>
    </p>
   </div>
   <div class='ocr_carea' id='block_1_53' title="bbox 483 5587 2085 5675">
    <p class='ocr_par' dir='ltr' id='par_1_53' title="bbox 483 5588 2085 5675">
     <span class='ocr_line' id='line_1_53' title="bbox 483 5588 2085 5675; baseline -0.004 -20"><span class='ocrx_word' id='word_1_582' title='bbox 483 5611 605 5675; x_wconf 90' lang='lat' dir='ltr'><strong><em>pro</em></strong></span> <span class='ocrx_word' id='word_1_583' title='bbox 671 5592 1036 5672; x_wconf 81' lang='lat' dir='ltr'><strong><em>defunctis;</em></strong></span> <span class='ocrx_word' id='word_1_584' title='bbox 1088 5609 1233 5672; x_wconf 76' lang='lat' dir='ltr'><strong><em>qum</em></strong></span> <span class='ocrx_word' id='word_1_585' title='bbox 1297 5608 1425 5654; x_wconf 91' lang='lat' dir='ltr'><strong><em>non</em></strong></span> <span class='ocrx_word' id='word_1_586' title='bbox 1515 5606 1737 5669; x_wconf 87' lang='lat' dir='ltr'><strong><em>parum</em></strong></span> <span class='ocrx_word' id='word_1_587' title='bbox 1799 5588 2085 5649; x_wconf 82' lang='lat' dir='ltr'><strong><em>conduco</em></strong></span> 
     </span>
    </p>
   </div>
   <div class='ocr_carea' id='block_1_54' title="bbox 2128 5587 3730 5675">
    <p class='ocr_par' dir='ltr' id='par_1_54' title="bbox 2128 5587 3730 5663">
     <span class='ocr_line' id='line_1_54' title="bbox 2128 5587 3730 5663; baseline -0.003 -16"><span class='ocrx_word' id='word_1_588' title='bbox 2128 5596 2167 5648; x_wconf 77' lang='lat' dir='ltr'><strong><em>It</em></strong></span> <span class='ocrx_word' id='word_1_589' title='bbox 2223 5590 2412 5650; x_wconf 89' lang='lat' dir='ltr'><strong><em>etiam</em></strong></span> <span class='ocrx_word' id='word_1_590' title='bbox 2467 5587 2612 5655; x_wconf 85' lang='lat' dir='ltr'><strong><em>his,</em></strong></span> <span class='ocrx_word' id='word_1_591' title='bbox 2671 5598 2786 5658; x_wconf 78' lang='grc' dir='ltr'><strong><em>τοῖς</em></strong></span> <span class='ocrx_word' id='word_1_592' title='bbox 2822 5593 2917 5647; x_wconf 74' lang='grc' dir='ltr'><strong><em>καὶ</em></strong></span> <span class='ocrx_word' id='word_1_593' title='bbox 2970 5595 3028 5645; x_wconf 74' lang='grc' dir='ltr'><strong><em>ἐν</em></strong></span> <span class='ocrx_word' id='word_1_594' title='bbox 3113 5593 3411 5663; x_wconf 72' lang='grc' dir='ltr'><strong><em>ἁμαρτίαις</em></strong></span> <span class='ocrx_word' id='word_1_595' title='bbox 3479 5592 3730 5663; x_wconf 75' lang='grc' dir='ltr'><strong><em>βαρείαις</em></strong></span> 
     </span>
    </p>
   </div>
   <div class='ocr_carea' id='block_1_55' title="bbox 487 5677 3726 5769">
    <p class='ocr_par' dir='ltr' id='par_1_55' title="bbox 487 5677 3726 5769">
     <span class='ocr_line' id='line_1_55' title="bbox 487 5677 3726 5769; baseline -0.004 -17"><span class='ocrx_word' id='word_1_596' title='bbox 487 5688 878 5758; x_wconf 73' lang='grc' dir='ltr'><strong><em>ἀποθάνωσιν,</em></strong></span> <span class='ocrx_word' id='word_1_597' title='bbox 939 5690 1050 5769; x_wconf 88' lang='lat' dir='ltr'><strong><em>qui</em></strong></span> <span class='ocrx_word' id='word_1_598' title='bbox 1073 5690 1141 5752; x_wconf 88' lang='lat' dir='ltr'><strong><em>in</em></strong></span> <span class='ocrx_word' id='word_1_599' title='bbox 1166 5688 1467 5768; x_wconf 80' lang='lat' dir='ltr'><strong><em>gravibus</em></strong></span> <span class='ocrx_word' id='word_1_600' title='bbox 1494 5688 1772 5768; x_wconf 89' lang='lat' dir='ltr'><strong><em>peccatis</em></strong></span> <span class='ocrx_word' id='word_1_601' title='bbox 1820 5685 2061 5745; x_wconf 89' lang='lat' dir='ltr'><strong><em>mortui</em></strong></span> <span class='ocrx_word' id='word_1_602' title='bbox 2095 5690 2265 5743; x_wconf 87' lang='lat' dir='ltr'><strong><em>sunt.</em></strong></span> <span class='ocrx_word' id='word_1_603' title='bbox 2303 5683 2439 5742; x_wconf 87' lang='lat' dir='ltr'><strong><em>Non</em></strong></span> <span class='ocrx_word' id='word_1_604' title='bbox 2471 5680 2737 5741; x_wconf 83' lang='lat' dir='ltr'><strong><em>omnino</em></strong></span> <span class='ocrx_word' id='word_1_605' title='bbox 2770 5679 2992 5756; x_wconf 86' lang='lat' dir='ltr'><strong><em>igitur,</em></strong></span> <span class='ocrx_word' id='word_1_606' title='bbox 3069 5685 3402 5756; x_wconf 86' lang='lat' dir='ltr'><strong><em>postquam</em></strong></span> <span class='ocrx_word' id='word_1_607' title='bbox 3462 5677 3726 5749; x_wconf 79' lang='lat' dir='ltr'><strong><em>occidit,</em></strong></span> 
     </span>
    </p>
   </div>
   <div class='ocr_carea' id='block_1_56' title="bbox 489 5772 3735 5868">
    <p class='ocr_par' dir='ltr' id='par_1_56' title="bbox 489 5772 3735 5868">
     <span class='ocr_line' id='line_1_56' title="bbox 489 5772 3735 5868; baseline -0.005 -18"><span class='ocrx_word' id='word_1_608' title='bbox 489 5786 680 5850; x_wconf 90' lang='lat' dir='ltr'><strong><em>mittit</em></strong></span> <span class='ocrx_word' id='word_1_609' title='bbox 712 5786 778 5849; x_wconf 92' lang='lat' dir='ltr'><strong><em>in</em></strong></span> <span class='ocrx_word' id='word_1_610' title='bbox 817 5785 1175 5868; x_wconf 79' lang='lat' dir='ltr'><strong><em>gehennam</em></strong></span> <span class='ocrx_word' id='word_1_611' title='bbox 1210 5805 1228 5851; x_wconf 84' lang='lat'><strong>:</strong></span> <span class='ocrx_word' id='word_1_612' title='bbox 1262 5784 1376 5848; x_wconf 89' lang='lat' dir='ltr'><strong><em>sed</em></strong></span> <span class='ocrx_word' id='word_1_613' title='bbox 1410 5791 1784 5863; x_wconf 82' lang='lat' dir='ltr'><strong><em>potestatem</em></strong></span> <span class='ocrx_word' id='word_1_614' title='bbox 1817 5781 2000 5843; x_wconf 87' lang='lat' dir='ltr'><strong><em>habet</em></strong></span> <span class='ocrx_word' id='word_1_615' title='bbox 2033 5777 2352 5841; x_wconf 77' lang='lat' dir='ltr'><strong><em>mittendi.</em></strong></span> <span class='ocrx_word' id='word_1_616' title='bbox 2379 5779 2467 5838; x_wconf 81' lang='lat' dir='ltr'><strong><em>Ne</em></strong></span> <span class='ocrx_word' id='word_1_617' title='bbox 2509 5776 2706 5854; x_wconf 85' lang='lat' dir='ltr'><strong><em>igitur</em></strong></span> <span class='ocrx_word' id='word_1_618' title='bbox 2734 5790 3090 5848; x_wconf 86' lang='lat' dir='ltr'><strong><em>cessemus,</em></strong></span> <span class='ocrx_word' id='word_1_619' title='bbox 3129 5791 3240 5851; x_wconf 84' lang='lat' dir='ltr'><strong><em>per</em></strong></span> <span class='ocrx_word' id='word_1_620' title='bbox 3278 5772 3735 5851; x_wconf 71' lang='lat' dir='ltr'><strong><em>eleemosyuas</em></strong></span> 
     </span>
    </p>
   </div>
  </div>
