4058 6470
327 374 399 436 97
1187 369 1285 431 DE
1325 363 1915 430 THEOPHYLACTI
1954 363 2225 424 GESTIS
2263 363 2359 424 ET
2398 364 2766 429 SCRIPTIS.
3515 362 3589 428 98

330 495 396 547 et
421 482 926 547 intercessiones
963 479 1314 559 propitium
1353 477 1626 539 reddere
1656 493 1834 549 eum,
1865 474 1977 554 qui
2008 482 2381 553 potestatem
2406 474 2588 538 habet
2610 474 3067 551 mittendi,non
3095 493 3350 557 semper
3372 482 3586 540 autem

330 585 447 646 hac
474 588 786 661 potestate
817 586 1129 640 utentem:
1160 576 1278 639 sed
1312 583 1375 638 et
1411 574 1728 637 valentem
1795 573 2124 635 remittere
2155 572 2489 652 quiddam.
2527 597 2557 632 ι

422 682 512 742 Ad
548 678 680 740 inec
746 676 940 739 verba
991 674 1056 736 in
1111 673 1400 736 editione
1456 671 1744 750 Philippi
1791 669 2074 732 Montani
2143 669 2558 747 apponiture
2619 670 2878 749 regione
2938 670 3268 733 adnotatio
3301 689 3318 730 :
3354 670 3592 750 Defun-

339 789 590 839 ctorum
616 772 904 847 auxilia,
939 770 1313 852 purgatorii
1374 768 1666 830 assertio.
1721 767 1962 829 Eodem
2020 765 2450 827 Bellarminos
2490 764 2692 827 utitur
2720 762 3094 828 testimonio
3125 765 3587 846 TheOpbylaCti

339 875 418 935 ad
470 871 849 934 catholicam
903 870 987 932 de
1041 868 1418 946 purgatorio
1470 866 1805 928 veritatem
1859 863 2357 925 conﬁrmandam
2392 862 2606 924 libro:
2655 864 2746 924 De
2800 865 3211 943 purgatorio,
3246 863 3450 941 capite
3488 865 3587 927 10.

342 966 925 1030 Verumenimvero
955 963 1262 1026 catholica
1299 963 1532 1025 veritas
1562 970 1683 1036 est,
1724 963 1868 1039 ipso
1932 963 2216 1022 tradente
2246 960 2635 1023 Bellarmino
2666 961 2830 1022 libro
2879 980 2949 1034 ιι,
2983 961 3190 1038 capite
3229 961 3284 1033 1,
3342 960 3407 1022 in
3440 960 3588 1034 ﬁne,

342 1065 804 1143 Purgatorium
829 1079 953 1142 pro
998 1060 1078 1122 iis
1110 1070 1354 1121 tantum
1387 1078 1538 1133 esse,
1589 1059 1699 1139 qui
1754 1077 1892 1119 cum
1936 1054 2292 1118 venialibus
2349 1056 2554 1136 culpis
2607 1058 3014 1118 moriuntur:
3046 1072 3125 1117 ac
3172 1073 3429 1117 rursum
3466 1073 3592 1136 pro

342 1160 478 1222 illis
500 1160 611 1239 qui
636 1157 942 1239 decedunt
965 1175 1103 1219 cum
1124 1164 1308 1216 reatu
1336 1173 1553 1235 paena,
1609 1154 1816 1234 culpis
1832 1154 1971 1235 jam
1999 1155 2305 1216 remissis.
2368 1156 2543 1216 Inter
2574 1154 2735 1215 istos
2766 1154 2916 1233 quis
2973 1171 3086 1215 eos
3121 1161 3442 1227 numeret,
3477 1155 3591 1234 qui

336 1236 529 1336 juxta
550 1236 1106 1335 Tlieophylactum
1144 1255 1214 1315 in
1238 1254 1539 1332 gravibus
1586 1253 1868 1331 peccatis
1907 1252 2150 1312 mortui
2172 1251 2376 1310 sunt?
2429 1248 2584 1311 Illos
2641 1250 2856 1323 etiam,
2926 1249 3168 1311 divinas
3225 1250 3496 1330 justitiai
3530 1257 3596 1312 ut

344 1351 765 1419 satisfaciant,
800 1350 867 1411 in
911 1349 1121 1412 locum
1178 1366 1535 1428 poenarum,
1593 1350 1975 1429 quicunque
2047 1348 2168 1410 iste
2228 1348 2337 1420 sit,
2401 1357 2462 1409 et
2493 1365 2898 1427 quaecunque
2936 1347 3062 1408 sint
3101 1346 3250 1421 illa-3,
3282 1348 3482 1409 mittit
3525 1362 3596 1409 ac

352 1447 604 1528 projicit
632 1450 807 1511 Deus
841 1468 858 1509 :
891 1454 952 1508 et
983 1463 1110 1508 non
1144 1449 1358 1509 solum
1424 1454 1805 1526 potestatem
1870 1445 2057 1508 habet
2117 1443 2441 1516 mittendi,
2505 1461 2633 1523 qua
2669 1460 2799 1505 non
2833 1459 3091 1523 semper
3124 1443 3352 1517 utitur,
3389 1452 3456 1505 ut
3509 1443 3596 1504 ait

347 1545 693 1623 Rulgarus.
2632 1530 2645 1547 ’

426 1639 732 1700 Pervium
771 1638 898 1700 loci
928 1656 1192 1701 sensum
1228 1648 1621 1718 exposuerat
1661 1637 1772 1700 ille
1795 1638 1873 1698 ad
1907 1638 2181 1701 Μαιηιωί
2230 1647 2419 1717 caput
2448 1659 2517 1713 ι,
2556 1658 2616 1702 v.
2650 1641 2773 1702 Q8:
2824 1640 3018 1701 Docet
3053 1646 3112 1698 et
3139 1647 3400 1698 mortem
3446 1657 3600 1700 eon-

350 1732 740 1795 temnendam
778 1754 799 1794 :
833 1733 1189 1797 terribilius
1227 1736 1413 1808 enim,
1450 1736 1678 1814 inquit,
1710 1735 2000 1814 gehennae
2054 1735 2441 1814 supplicium
2477 1744 2593 1797 est.
2629 1735 2756 1811 Qui
2815 1736 2978 1796 enim
3017 1732 3338 1806 occidunt,
3398 1733 3597 1796 solum

348 1849 589 1910 corpus
610 1829 950 1893 destruunt
996 1853 1017 1893 :
1052 1832 1274 1893 animm
1304 1841 1508 1894 autem
1535 1833 1834 1913 fortassis
1869 1831 2231 1910 beneficium
2251 1832 2520 1911 faciunt.
2555 1832 2721 1892 Deus
2751 1841 2957 1891 autem
2987 1831 3057 1890 in
3087 1830 3425 1909 gehennam
3441 1847 3600 1909 pro-

337 1929 599 2008 jiciens,
632 1937 691 1990 et
716 1929 990 1991 animam
1014 1938 1073 1989 et
1088 1945 1321 2008 corpus
1348 1930 1564 2007 punit.
1592 1928 1952 1990 Gebennam
1984 1938 2193 1988 mrtem
2221 1944 2359 2011 cum
2388 1925 2568 2001 dicit,
2604 1927 2925 2008 significat
2950 1934 3315 2006 perpetuam
3332 1942 3596 2004 panum.

348 2027 642 2086 Potestas
676 2025 810 2099 illa,
870 2042 1015 2104 qum
1043 2025 1213 2102 apud
1249 2026 1479 2086 Lucam
1515 2026 1645 2085 Deo
1675 2023 2003 2097 tribuitur,
2031 2025 2145 2104 jus
2181 2024 2648 2103 complectitur,
2688 2025 2814 2086 vim
2844 2033 2903 2085 et
2936 2022 3362 2105 efﬁcientiam.
3416 2024 3488 2084 In
3521 2039 3599 2086 eo

350 2120 605 2199 positus
638 2133 734 2183 est
768 2121 1232 2202 TheOphylacti
1268 2138 1469 2192 error,
1501 2121 1672 2201 quod
1701 2120 1782 2181 al)
1824 2127 1967 2182 actu
2000 2136 2142 2182 eam
2172 2120 2461 2198 sejungit
2489 2121 2770 2196 [XLVII]
2824 2126 3201 2198 potestatem
3237 2138 3252 2178 :
3305 2134 3603 2181 excesse-

350 2220 594 2298 ritque,
620 2218 1071 2283 defunctorum
1103 2219 1548 2282 conditionem
1574 2218 1936 2297 assignans,
1968 2216 2208 2296 quibus
2242 2215 2531 2278 fidelium
2562 2216 2874 2295 suﬂ‘ragia
2904 2216 3213 2295 prodesse
3248 2214 3495 2293 possint
3525 2216 3600 2278 ad

350 2317 651 2380 salu-tem.
3280 2384 3286 2389 .

354 2438 357 2441 π
433 2413 530 2477 79.
575 2418 702 2479 Sua
749 2424 954 2478 tamen
1024 2422 1092 2478 ut
1139 2414 1515 2477 conﬁrment
1575 2413 1774 2477 Graeci
1833 2416 2212 2483 commenta,
2284 2408 2377 2471 uti
2433 2408 3141 2490 solentTheophylacti
3193 2410 3599 2474 auctoritate.

356 2513 742 2591 Expendere
768 2512 888 2574 hoc
933 2513 1071 2573 loco
1103 2512 1382 2592 pretium
1411 2521 1507 2573 est
1544 2527 1781 2590 operae,
1814 2512 1986 2589 quod
2029 2507 2300 2569 habetur
2330 2508 2395 2568 in
2434 2506 2810 2570 Orthodoxa
2840 2509 3254 2590 Confessione
3286 2508 3609 2571 catholicae

352 2620 538 2687 atque
582 2608 943 2688 apostolicce
991 2609 1289 2670 Ecclesia:
1342 2607 1707 2669 Orientalis.
1760 2610 1933 2668 Hanc
1990 2622 2109 2685 pro
2161 2603 2447 2666 Ecclesia
2500 2607 2859 2666 Russorum
2908 2606 3322 2668 concinnavit
3383 2608 3604 2667 Petrus

358 2705 621 2782 MOgila,
660 2704 1063 2784 metrOpolita
1100 2704 1517 2779 Kioviensis,
1569 2706 1923 2782 eademque
1968 2703 2182 2763 Greece
2242 2708 2306 2762 et
2365 2701 2584 2762 Latine
2644 2702 2817 2780 typis
2875 2702 3118 2780 prodiit
3158 2700 3608 2768 Wrastislavice

355 2797 533 2877 apud
589 2801 781 2862 Joan.
839 2799 1145 2863 Iacobum
1178 2800 1366 2861 Korn
1412 2801 1732 2862 MDCCLI.
1782 2801 1955 2860 Duas
1997 2800 2061 2860 in
2126 2806 2339 2878 partes
2391 2799 2726 2871 tribuitur,
2776 2815 2849 2862 ac
2898 2799 2962 2863 in
3021 2798 3220 2863 altera
3268 2801 3362 2862 sic
3417 2799 3609 2862 habet

357 2895 634 2973 quaestio
670 2914 857 2959 Lxlv:
903 2896 1134 2958 Annon
1165 2905 1222 2957 et
1262 2898 1460 2976 aliqui
1496 2898 1588 2958 sic
1631 2895 1790 2957 diem
1826 2914 2003 2958 suam
2026 2896 2276 2970 obeunt,
2317 2906 2389 2955 ut
2447 2895 2780 2957 beatorum
2815 2896 3370 2976 damnatorumque
3419 2896 3610 2958 medii

357 2994 543 3054 sint?
614 2993 1015 3072 Responsio:
1058 2991 1507 3072 «Huiusmodi
1589 2992 1887 3054 homines
1940 2993 2103 3054 nulli
2177 2994 2612 3071 reperiuntur.
2688 2995 2766 3053 At
2823 2992 2989 3055 il'lud
3052 2995 3248 3071 probe
3321 3001 3604 3067 constat,

362 3089 704 3150 sceleratos
728 3091 1003 3152 homines
1044 3089 1436 3173 (ἁμαρτολούς)
1473 3108 1598 3150 non
1635 3090 1858 3169 paucis
1898 3091 1971 3152 de
2013 3089 2149 3150 orci
2182 3088 2477 3150 claustris
2509 3090 2695 3168 eripi,
2735 3099 2921 3169 atque
2964 3087 3279 3152 liberari:
3330 3105 3460 3153 non
3496 3107 3609 3152 sua

362 3187 633 3265 quidem
663 3186 1351 3266 ipsorum'pmnitentia
1384 3187 1520 3248 sive
1562 3187 2051 3250 confessione...
2087 3201 2309 3246 verum
2348 3184 2473 3262 piis
2505 3188 2930 3261 superstitum
2958 3183 3186 3247 oﬂiciis
3214 3196 3279 3248 et
3302 3187 3610 3249 Ecclesiae

373 3299 488 3356 pro
518 3280 680 3361 ipsis
713 3282 1307 3361 deprecationibus,
1340 3282 1655 3362 praecipue
1682 3300 1834 3345 vero
1875 3299 1987 3362 per
2019 3282 2430 3344 incruentum
2463 3282 2875 3343 sacriﬁcium.
2910 3305 2938 3337 υ

447 3378 738 3452 Quaestio
769 3396 920 3440 va.
962 3376 1133 3454 Quid
1192 3379 1396 3458 igitur
1418 3380 1809 3441 sentiendum
1838 3377 1912 3439 de
1943 3379 2344 3457 eleemosynis
2375 3380 2622 3457 piisque
2672 3379 2921 3458 ofﬁciis,
2946 3396 3080 3459 quae
3102 3380 3172 3441 in
3205 3380 3612 3460 refrigerium

367 3485 761 3540 mortuorum
796 3479 1226 3558 praestantur?
1274 3477 1655 3556 Responsio.
1694 3500 1723 3533 ‹‹
1765 3481 1849 3540 Ea
1881 3475 1961 3539 de
2015 3495 2084 3540 re
2121 3477 2646 3558 'l‘heophylactus
2681 3478 2746 3539 in
2782 3487 2973 3556 caput
3023 3497 3117 3540 iur
3180 3482 3389 3554 Luem,
3423 3495 3613 3557 expo-

371 3589 535 3635 nens
587 3573 772 3636 verba
815 3571 1050 3635 Christi
1083 3591 1146 3635 v.
1175 3574 1314 3635 5....
1346 3575 1432 3636 ita
1481 3581 1969 3638 commentatur.
2008 3575 2376 3654 (Superiora
2424 3575 2570 3654 ejus
2626 3576 2817 3639 verba
2867 3577 3281 3657 afferuntur.)
3334 3576 3611 3661 Igitur-Va

369 3669 661 3732 doctrina
699 3670 903 3732 Patris
951 3670 1148 3750 hujus
1179 3671 1345 3734 illud
1380 3672 1768 3735 deducimus
1821 3694 1836 3734 :
1886 3684 2182 3751 Oportere
2216 3673 2484 3736 omnino
2532 3690 2568 3735 a
2615 3675 2803 3738 nobis
2858 3694 3081 3754 preces
3120 3693 3233 3755 pro
3283 3660 3613 3738 defunct’is

370 3767 651 3845 concipi,
686 3774 880 3847 atque
940 3765 1160 3828 oﬁ‘erri
1195 3767 1530 3832 incruenta
1569 3769 1900 3842 sacriﬁcia,
1934 3770 2284 3850 spargique
2318 3769 2572 3833 liberali
2616 3784 2810 3834 manu
2865 3773 3360 3853 eleemosynas;
3403 3773 3614 3854 siqui-

372 3862 519 3925 dem
556 3864 659 3941 pia
705 3863 1081 3944 huiusmodi
1115 3879 1331 3943 Opera,
1365 3883 1481 3928 sua
1524 3882 1741 3939 causa,
1780 3866 2042 3944 ipsimet
2076 3875 2373 3944 prmstare
2406 3883 2536 3929 non
2568 3875 2862 3953 possunt.
2914 3892 2944 3925 ι)

455 3960 753 4022 Absurda
786 3960 967 4038 plura
1010 3970 1416 4040 promuntur.
1459 3963 1586 4025 Cur
1626 3961 1719 4023 illi
1754 3960 1867 4041 qui
1903 3978 2047 4024 cum
2090 3962 2450 4024 vcnialibus
2490 3964 2795 4025 duntaxat
2831 3965 3066 4044 culpis,
3106 3973 3215 4027 aut
3245 3982 3390 4027 cum
3431 3977 3614 4027 reatu

375 4072 583 4134 meum
629 4055 1027 4135 temporalis,
1072 4056 1284 4136 culpis
1313 4055 1441 4136 jam
1478 4058 1790 4132 remissis,
1819 4059 2156 4137 ,Uecedunt
2184 4078 2260 4121 ex
2304 4060 2420 4123 hac
2446 4061 2597 4135 vita,
2629 4079 3023 4143 quocunque
3055 4063 3316 4125 demum
3371 4064 3435 4125 in
3471 4063 3613 4126 loco

372 4152 614 4214 divina)
678 4151 1069 4216 satisfaciant
1108 4151 1402 4232 justitim,
1450 4156 1659 4219 beatos
1716 4156 1884 4218 inter
1937 4172 2009 4217 ac
2056 4155 2380 4217 damnatos
2468 4174 2594 4220 non
2668 4158 2910 4221 fuerint
2963 4158 3203 4221 medii?
3262 4158 3614 4223 Sceleratos

373 4247 704 4323 homines,
742 4249 1166 4330 gravibusque
1198 4251 1267 4313 in
1299 4254 1578 4332 peccatis
1609 4253 1994 4315 decedentes
2038 4273 2183 4318 cum
2237 4256 2356 4329 ais,
2388 4275 2515 4317 non
2543 4274 2782 4337 paucos
2816 4257 3103 4321 fidelium
3137 4257 3492 4336 suffragiis,
3535 4257 3614 4320 de

376 4346 517 4406 orci
555 4344 855 4406 claustris
893 4348 1055 4424 eripi
1089 4366 1158 4408 ac
1209 4346 1494 4424 liberari,
1528 4350 1594 4411 in
1643 4365 1925 4411 errorem
1970 4350 2205 4414 incidis
2242 4352 2571 4432 Origenis,
2617 4354 2729 4433 qui
2766 4356 2969 4433 pcenis
3003 4354 3241 4417 inferni
3275 4355 3464 4418 finem
3499 4356 3619 4416 ali-

374 4442 638 4519 quando
672 4441 961 4503 futurum
1020 4443 1248 4506 aiebat.
1288 4445 1571 4524 Hujusce
1620 4446 1964 4508 comm‘enti
2012 4448 2231 4527 aliqua
2292 4448 2357 4510 in
2390 4449 2845 4512 ecclesiasticis
2876 4452 3240 4527 Graecorum
3290 4451 3472 4513 libris
3513 4470 3618 4512 ve-

375 4536 566 4614 stigia
608 4537 902 4616 reperiri,
936 4537 1073 4601 sive
1104 4539 1641 4619 Origenislarum,
1675 4543 1811 4604 sive
1843 4524 2374 4608 aliorumvfraude
2414 4545 2649 4608 fatuum
2686 4547 2792 4622 sit,
2824 4524 3303 4611 adnotavit'Leo
3336 4547 3614 4610 Allatius

374 4631 830 4696 dissertatione
877 4651 924 4695 ιι
965 4635 1049 4695 De
1079 4634 1260 4697 libris
1298 4637 1732 4700 ecclesiasticis
1757 4639 2141 4709 ercorum.

458 4728 580 4790 Sed
613 4728 875 4809 inquies
930 4747 1077 4792 cum
1113 4731 1613 4812 TheOphylacto,
1649 4736 1992 4799 sceleratos
2025 4740 2198 4813 illos,
2226 4743 2335 4823 qui
2381 4743 2696 4806 libera-udi
2735 4752 2911 4821 sunt,
2953 4761 3080 4808 non
3123 4761 3270 4807 esse
3301 4763 3335 4808 a
3370 4748 3500 4807 Deo
3546 4745 3615 4807 in

377 4825 741 4905 gehennam
795 4827 1149 4908 projectos;
1193 4829 1298 4890 sed
1338 4830 1453 4893 hoc
1496 4849 1630 4892 esse
1659 4834 1722 4892 in
1762 4844 2073 4912 potestate
2098 4840 2212 4902 Dei
2255 4841 2468 4911 situm,
2502 4844 2668 4902 sicut
2699 4851 2757 4903 et
2803 4844 3044 4903 veniam
3102 4842 3233 4905 illis
3259 4841 3504 4921 largiri.
3540 4845 3618 4905 At

384 4923 542 4983 lich
576 4921 886 4985 catholica
917 4932 1228 5004 repugnat
1260 4926 1324 4986 in
1356 4928 1608 5005 synodo
1643 4929 2009 4995 Florentina
2048 4936 2392 4998 constituta
2420 4935 2486 4998 in
2521 4938 2778 4999 decreto
2822 4937 3118 5008 Unionis,
3143 4937 3252 4997 ubi
3285 4936 3619 4999 deﬁnitum

383 5019 667 5097 legimus
701 5040 716 5080 :
748 5020 1019 5081 Illorum
1078 5021 1316 5084 animos
1357 5025 1469 5101 qui
1517 5024 1584 5086 in
1604 5027 1844 5090 actuali
1870 5029 2130 5092 mortali
2180 5042 2461 5110 peccato,
2494 5034 2626 5094 sive
2667 5032 2969 5110 originali
3014 5029 3336 5101 decedunt,
3375 5050 3521 5094 mox
3552 5034 3621 5094 in

381 5114 703 5193 infernum
735 5114 1129 5192 descendere,
1183 5125 1304 5180 etc.
1345 5119 1639 5192 Quonam
1700 5139 1853 5185 vero
1894 5125 2367 5207 Scripturarum
2416 5137 2527 5191 aut
2582 5130 2835 5190 Patrum
2880 5127 3243 5189 traditionis
3293 5140 3619 5192 momento

381 5215 681 5288 innixus,
708 5226 1077 5294 potestatem
1110 5219 1226 5282 Dei
1254 5219 1544 5283 mittendi
1584 5222 1647 5283 in
1682 5223 2041 5302 gehennam
2081 5224 2373 5304 seiungis
2433 5229 2511 5287 ab
2569 5228 2765 5288 actu?
2820 5224 3046 5286 Aiebat
3094 5224 3390 5288 Christus
3438 5228 3621 5287 Lucm

384 5313 594 5391 capite
626 5331 689 5388 v,
723 5332 784 5376 v.
814 5314 916 5378 25-.
960 5317 1037 5380 Ut
1060 5324 1273 5378 autem
1328 5318 1545 5381 sciatis
1587 5321 1732 5401 quia
1774 5320 1983 5382 Filius
2012 5321 2281 5384 hominis
2316 5321 2498 5382 habet
2528 5328 2904 5402 potestatem
2947 5321 3017 5384 in
3053 5331 3226 5383 terra
3267 5321 3621 5384 dimittendi

387 5419 670 5489 peccata,
710 5411 803 5473 ait
826 5412 1188 5493 paralytieo
1217 5434 1237 5474 :
1277 5413 1394 5478 tibi
1428 5414 1595 5489 dico,
1626 5418 1847 5496 Surge.
1883 5419 2046 5480 Num
2084 5434 2242 5498 ergo
2281 5419 2492 5497 reipsa
2532 5434 2657 5480 non
2693 5417 3014 5481 dimiserit
3052 5421 3349 5498 peccata?
3381 5420 3619 5481 Verum

389 5525 453 5567 ν.
483 5507 564 5569 20
587 5506 838 5571 dixerat
883 5530 898 5569 :
933 5510 1162 5585 Homo,
1196 5511 1614 5574 remittuntur
1639 5512 1754 5575 tibi
1785 5504 2041 5592 peccata
2063 5524 2192 5578 tua.

464 5604 568 5667 80.
613 5606 773 5669 Cum
840 5605 974 5671 haec
1030 5607 1548 5689 Theopbylactus
1594 5614 1929 5684 scriberet.
1990 5612 2134 5691 ejus
2180 5609 2452 5673 fortasse
2511 5610 2725 5675 animo
2774 5614 3282 5677 obversabantur
3349 5611 3625 5689 vulgatae

384 5699 635 5764 fabella;
667 5701 749 5763 de
783 5703 1035 5783 Trajani
1082 5704 1456 5769 liberatione
1499 5708 1578 5769 ab
1617 5708 1860 5784 inferis,
1909 5718 1970 5771 et
2007 5707 2398 5782 Faleonillm,
2449 5723 2521 5771 ac
2570 5707 2907 5789 TheOphili
2966 5706 3400 5788 imperatoris,
3433 5706 3620 5767 simi-

388 5796 638 5877 lesque.
679 5798 887 5861 Nolim
930 5816 1050 5880 ego
1085 5802 1149 5864 in
1184 5801 1285 5896 iis
1333 5802 1703 5868 refellendis
1738 5815 1987 5886 tempus
2006 5813 2119 5896 _et_
2154 5822 2411 5896 Operam
2456 5807 2748 5896 perdere,
2809 5825 2993 5896 quas
3030 5806 3290 5895 invictis
3343 5803 3623 5895 rejecckre
