4058 6470
2846 282 2877 309 κ

433 360 504 423 99
1282 366 1512 427 BERN.
1547 364 1812 425 MARI/E
1852 364 1950 425 DE
1990 364 2280 426 RUBEIS
2313 364 2815 427 DlSSERTATIO
3579 364 3678 428 100

435 477 833 555 argumentis
864 479 982 542 viri
1018 480 1184 542 docti
1212 479 1451 557 plures.
1484 478 1760 541 Consule
1796 478 2096 540 Allatium
2130 481 2217 538 De
2247 486 2553 557 perpetua
2585 478 2987 540 consensione
3026 478 3091 539 in
3115 475 3397 555 dogmate
3430 496 3671 558 purga-

438 574 614 644 torii,
653 574 932 637 Natalem
966 574 1405 639 Alexandrum
1460 575 1694 638 steculo
1725 594 1796 646 ιι,
1833 575 2295 639 Dissertatione
2326 595 2369 651 ι,
2397 580 2457 636 et
2487 574 2863 637 Michaelem
2898 573 3302 655 Lequienum
3350 574 3664 638 Disserta~

436 670 611 732 tione
645 689 675 731 ν
716 671 884 734 inter
917 675 1421 736 Damascenicas.

513 766 616 828 81.
667 768 936 830 Sanctus
969 769 1244 831 Thomas
1292 771 1609 849 Aquinas,
1661 768 1836 831 hisce
1876 769 2039 831 datis
2078 766 2528 847 disputationis
2578 784 2765 829 causa
2824 765 3208 842 liistoriolis,
3260 782 3418 846 quas
3449 766 3673 830 critico

435 875 563 920 non
598 862 996 940 expendebat
1038 865 1359 939 examine,
1396 865 1619 927 modos
1645 864 1901 941 aliquos
1932 864 2322 943 probabiles,
2369 881 2441 926 ac
2472 880 2640 925 sanae
2672 879 2993 925 consonos
3024 864 3383 942 theologia,
3421 865 3673 941 excogi-

438 955 612 1028 tavit,
645 958 832 1034 queis
870 957 1122 1034 vulgata
1151 968 1546 1034 peccatorum
1580 960 1920 1022 hominum
1962 962 2039 1020 ab
2072 961 2298 1022 inferis
2337 959 2637 1021 liberatio
2669 958 2945 1037 intelligi
2983 967 3223 1039 posset.
3259 960 3494 1022 Locum
3528 960 3672 1037 eius

435 1052 631 1115 affero
665 1070 743 1115 ex
790 1056 1251 1134 Supplemento
1299 1060 1503 1119 tertia;
1554 1058 1745 1137 partis
1793 1075 1901 1136 qu.
1941 1075 2119 1130 uxr,
2164 1063 2281 1118 art.
2319 1057 2357 1118 5
2390 1056 2466 1118 ad
2498 1057 2577 1117 5:
2616 1079 2643 1111 α
2687 1058 2772 1116 De
2798 1054 2961 1116 facto
3007 1056 3259 1134 Trajani
3300 1057 3418 1118 hoc
3475 1058 3669 1121 modo

436 1156 646 1224 potest
682 1153 1112 1227 probabiliter
1158 1154 1486 1228 aestimari,
1524 1155 1695 1234 quod
1738 1155 2041 1233 precibus
2076 1154 2242 1215 beati
2288 1152 2586 1230 Gregorii
2622 1150 2703 1212 ad
2745 1152 2936 1211 vitam
2970 1152 3165 1231 fuerit
3208 1161 3577 1223 revocatus;
3609 1163 3673 1217 et

434 1245 520 1305 ita
552 1247 818 1324 gratiam
864 1258 1251 1312 consecutus
1302 1253 1408 1324 sit,
1440 1270 1557 1330 per
1606 1269 1787 1330 quam
1829 1250 2255 1312 remissionem
2288 1258 2697 1328 peccatorum
2726 1246 2967 1320 habuit,
3000 1255 3058 1309 et
3106 1265 3219 1326 per
3261 1265 3671 1328 consequens

434 1340 909 1404 immunitatem
951 1362 983 1406 a
1045 1364 1246 1424 poena.
1299 1348 1476 1408 Sicut
1514 1348 1707 1407 etiam
1762 1356 2025 1425 apparet
2059 1346 2125 1407 in
2186 1348 2491 1407 omnibus
2538 1343 2696 1417 illis,
2728 1344 2836 1422 qui
2903 1342 3167 1403 fuerunt
3223 1343 3669 1407 miraculosea

436 1439 705 1499 mortuis
740 1441 1348 1521 suscitati,quorum
1383 1445 1600 1521 plures
1618 1451 1859 1504 constat
1891 1440 2257 1502 idololatras
2288 1449 2348 1501 et
2379 1440 2707 1500 damnatos
2732 1439 2957 1499 fuisse.
2984 1440 3070 1499 De
3102 1438 3401 1501 omnibus
3436 1440 3673 1501 talibus

436 1533 608 1593 enim
641 1532 767 1594 dici
802 1545 1075 1612 Oportet,
1110 1538 1278 1615 quod
1310 1557 1437 1599 non
1467 1548 1645 1598 erant
1682 1540 1751 1599 in
1780 1538 2028 1617 inferno
2046 1535 2325 1615 ﬁnaliter
2361 1535 2649 1613 deputati
2683 1555 2703 1595 :
2742 1535 2853 1595 sed
2894 1535 3251 1615 secundum
3293 1545 3673 1614 prmsentem

436 1634 847 1710 propriorum
905 1636 1280 1699 meritorum
1321 1637 1663 1716 justitiam.
1717 1638 2086 1698 Secundum
2122 1646 2336 1695 autem
2374 1632 2734 1710 superiores
2768 1649 3009 1705 causas,
3064 1630 3304 1709 quibus
3356 1633 3671 1711 praevide-

433 1727 668 1789 bantur
706 1730 784 1807 ad
831 1730 1022 1792 vitam
1089 1735 1455 1804 ιθγο‹·ιιιιόὶ,
1503 1743 1633 1794 erat
1685 1731 1870 1793 aliter
1931 1732 2011 1793 de
2070 1731 2165 1792 eis
2219 1728 2866 1806 diSponendum.Vel
2920 1728 3265 1789 dicendum
3315 1728 3670 1789 secundum

433 1828 766 1899 quosdam,
809 1828 983 1904 quod
1038 1828 1247 1889 anima
1289 1829 1548 1907 Trajani
1585 1845 1712 1889 non
1771 1827 1893 1888 fuit
1938 1825 2317 1904 simpliciter
2370 1840 2401 1884 a
2445 1832 2617 1883 reatu
2679 1837 2880 1900 poena;
2906 1830 3159 1883 internae
3187 1822 3477 1884 absoluta
3513 1839 3527 1882 :
3558 1824 3670 1883 sed

437 1917 579 1996 ejus
618 1936 799 1997 paena
836 1924 1150 1998 [XLVIII]
1183 1924 1306 1984 fuit
1354 1942 1672 2003 suspensa
1729 1926 1804 1985 ad
1848 1932 2125 2001 tempus,
2160 1920 2402 1982 scilicet
2435 1936 2647 1996 usque
2689 1919 2763 1978 ad
2797 1917 2967 1979 diem
3010 1917 3241 1997 judicii
3273 1940 3288 1979 :
3315 1935 3431 1980 nec
3463 1925 3672 1979 tamen

433 2022 687 2090 Oportet
721 2018 892 2094 quod
930 2020 1046 2080 hoc
1067 2019 1167 2080 ﬁat
1189 2020 1600 2081 communiter
1634 2037 1748 2098 per
1769 2020 2120 2099 suffragia:
2146 2016 2298 2097 quia
2332 2015 2454 2077 alia
2482 2022 2656 2086 sunt,
2683 2029 2828 2092 qum
2860 2013 2987 2091 lege
3022 2016 3332 2076 communi
3351 2014 3674 2092 accidunt,

435 2122 497 2175 et
530 2114 653 2175 alia
687 2132 831 2194 quas
859 2118 1276 2195 singulariter
1300 2125 1360 2179 ct
1390 2137 1471 2179 ea:
1498 2117 2195 2197 privilegio-aliquibus
2229 2113 2695 2175 conceduntur.
2732 2134 2760 2166 ι

513 2211 728 2288 Longe
783 2212 1000 2274 diﬂert
1062 2214 1197 2276 haec
1249 2212 1513 2277 Thomas
1575 2216 1866 2277 doctrina
1931 2232 1965 2276 a
2025 2209 2407 2276 commentis
2463 2210 2849 2270 Graecorum.
2920 2205 3035 2268 Vel
3114 2207 3289 2268 enim
3353 2207 3421 2269 in
3496 2207 3676 2269 hisce

432 2305 688 2367 casibus
748 2308 858 2385 qui
908 2311 987 2372 ad
1046 2309 1256 2389 legem
1309 2327 1716 2373 communem
1771 2328 1895 2373 non
1953 2309 2320 2390 pertinent,
2378 2305 2557 2366 nulla
2622 2311 2715 2364 est
2768 2300 3226 2381 suffragiorum
3264 2302 3357 2364 vis
3387 2309 3496 2364 aut
3552 2303 3680 2363 uti-

434 2396 622 2473 litas;
655 2402 751 2464 vel
788 2404 903 2483 qui
938 2404 1292 2468 liberantur
1325 2411 1710 2484 peccatores,
1747 2408 1821 2468 ad
1857 2407 2046 2469 vitam
2096 2405 2368 2466 redeunt
2401 2401 2760 2471 mortalem,
2800 2398 3237 2477 pmnitentiam
3282 2416 3394 2478 pro
3424 2398 3678 2463 delictis

433 2499 656 2560 acturi.

1940 2656 2098 2717 XXI.

433 2801 692 2863 Piorum
721 2802 1043 2895 hominum
1066 2808 1363 2895 spiritus,
1391 2810 1509 2895 qui
1539 2830 1808 2895 corpore
1829 2811 2023 2895 soluti
2046 2812 2183 2892 jam
2218 2809 2420 2895 nulla
2449 2819 2639 2895 egent
2657 2808 3059 2895 purgatione,
3095 2807 3186 2895 in_
3214 2823 3477 2895 regnum
3502 2807 3682 2895 caelo-

511 2899 646 2970 rum
681 2884 903 2970 recipi,
947 2884 1762 2970 Ilieapltylacti'sententia
1806 2902 1920 2952 est.
1976 2884 2079 2950 An
2141 2893 2327 2949 etiam
2371 2884 2949 2970 docuerit—,di'uina
2994 2904 3094 2970 eos
3146 2884 3679 2970 ἄρηγε-υἰείρηε.

514 2960 892 3051 inquiritur.
947 2960 1530 3051 ζγρῖιςὶὀςξρηγιιεΔ
1558 2972 1957 3051 privilegium
1985 2970 2398 3031 immunitatis
2430 2968 2506 3030 ab
2539 2960 2707 3029 omni
2735 2968 2944 3045 culpa,
2980 2967 3166 3028 etiam
3197 2964 3337 3040 levi,
3366 2964 3683 3033 detrahit:

511 3037 677 3115 quod
706 3037 852 3101 aliis
880 3037 1256 3120 quibusdam
1287 3037 1582 3108 Ecclesice
1613 3037 1910 3109 Patribus
1946 3066 2285 3108 commune.

512 3183 611 3245 82.
664 3187 757 3247 De
807 3185 1149 3264 spiritibus
1177 3188 1430 3266 piorum
1482 3188 1841 3264 hominum,
1876 3190 1988 3268 qui
2037 3188 2135 3250 vel
2186 3185 2425 3249 nullam
2460 3185 2700 3264 peccati
2747 3183 3057 3247 maculam
3088 3182 3502 3245 incurrerunt
3543 3193 3681 3261 post

435 3289 807 3357 susceptum
842 3281 1187 3360 baptisma,
1211 3283 1308 3344 vel
1345 3292 1730 3347 contractam
1762 3294 1872 3347 aut
1910 3288 1976 3347 in
2024 3300 2294 3363 corpore
2332 3284 2649 3357 viventes,
2687 3289 2795 3363 aut
2845 3289 2984 3359 post
3013 3287 3281 3342 mortem
3313 3281 3680 3357 eXpiarunt,

434 3377 641 3437 varias
674 3378 1039 3440 Graecorum
1077 3381 1495 3459 qumsliones,
1526 3382 1600 3442 ad
1634 3398 1854 3443 eorum
1894 3390 2127 3443 statum
2157 3380 2329 3461 quod
2358 3381 2610 3455 attinet,
2641 3380 2888 3458 ignorat
2919 3393 3131 3439 nemo.
3163 3376 3419 3454 Ineptas
3448 3377 3679 3456 opina-

434 3471 643 3534 tiones
679 3474 897 3552 plures
930 3474 1141 3554 rejicit
1165 3475 1682 3557 TheOphylactus
1735 3496 1749 3539 :
1797 3478 2191 3555 eosdemque
2219 3475 2488 3554 Spiritus
2513 3476 2582 3537 in
2611 3490 2879 3554 regnum
2905 3476 3208 3537 cmlorum
3245 3467 3465 3551 recipi,
3497 3475 3682 3536 ducet

436 3567 987 3632 luculentissime.
1029 3571 1315 3650 Insignis
1351 3573 1531 3636 locus
1562 3582 1656 3636 est
1706 3575 1782 3635 ad
1814 3581 2005 3651 caput
2052 3591 2220 3635 χχιιι
2255 3576 2461 3647 Luem,
2494 3590 2552 3635 v.
2591 3571 2668 3633 43
2698 3593 2712 3632 :
2743 3572 3051 3634 Memento
3086 3572 3226 3643 mei,
3262 3589 3400 3632 eum
3422 3572 3670 3632 veneris

435 3665 501 3724 in
526 3684 786 3743 regnum
817 3678 1067 3732 tuum...
1112 3669 1315 3732 Hodie
1344 3690 1576 3733 mecum
1608 3672 1734 3732 eris
1764 3673 1831 3733 in
1854 3671 2184 3750 paradiso.

517 3762 978 3844 'l‘lieophylarti
1017 3765 1203 3827 verba
1234 3777 1386 3828 sunt
1426 3785 1439 3828 ε
1474 3792 1500 3822 ‹‹
1537 3770 1847 3841 Quaerunt
1887 3776 2100 3830 autem
2134 3768 2421 3839 cuidam,
2453 3765 2781 3845 quomodo
2808 3764 3059 3826 dicente
3090 3764 3365 3827 Domino
3397 3764 3623 3827 latroni
3656 3787 3673 3826 :

437 3859 643 3921 Hodie
696 3878 928 3921 mecum
967 3864 1090 3923 eris
1146 3862 1214 3922 in
1245 3864 1569 3941 paradiso.
1614 3865 1847 3925 Paulus
1902 3864 2065 3925 dixit
2123 3865 2221 3946 (ad
2259 3867 2562 3927 Hebraeos
2623 3866 2828 3942 capite
2882 3881 2972 3935 ιι,
3010 3880 3066 3923 v.
3106 3862 3206 3942 39)
3246 3864 3413 3940 quod
3457 3862 3678 3924 nullus

437 3965 807 4018 sanctorum
856 3960 1166 4038 receperit
1212 3960 1744 4038 promissionem?
1776 3961 1849 4021 Et
1901 3964 2163 4039 quidam
2201 3962 2447 4034 dicunt,
2489 3961 2661 4039 quod
2727 3959 3071 4036 Apostolus
3118 3976 3247 4019 non
3293 3958 3365 4019 de
3398 3958 3681 4019 omnibus

435 4054 672 4113 sanctis
709 4065 976 4131 asserat,
1015 4057 1187 4134 quod
1234 4073 1362 4118 non
1414 4058 1770 4135 receperint
1811 4058 2305 4135 promissionem
2342 4058 2498 4118 :sed
2550 4058 2631 4118 de
2669 4055 2767 4117 his
2806 4073 2959 4135 quos
2997 4056 3133 4134 ipse
3164 4054 3367 4115 solum
3419 4073 3672 4115 enume-

436 4150 603 4210 ravit
662 4149 1150 4232 (Abrahamum,
1218 4151 1626 4223 Henochum,
1689 4155 1843 4226 Noe,
1901 4154 2048 4232 etc.)
2091 4154 2507 4216 Enumeravit
2569 4161 2781 4215 autem
2837 4152 2999 4215 alios
3056 4151 3317 4230 quidem
3375 4151 3611 4213 multos
3661 4169 3679 4215 :

437 4247 709 4306 latronis
741 4257 956 4308 autem
1004 4264 1132 4309 non
1167 4247 1491 4310 meminit.
1526 4248 1696 4309 Audi
1729 4248 1903 4311 enim
1953 4248 2113 4329 quid
2144 4248 2309 4309 dicat
2358 4265 2372 4309 :
2417 4249 2485 4311 hi
2528 4265 2757 4318 omnes,
2792 4248 3292 4309 demonstrando
3333 4264 3466 4317 eos,
3509 4264 3673 4326 quos

437 4359 650 4405 sermo
678 4358 1013 4408 enumerat
1048 4363 1062 4407 :
1103 4346 1345 4425 quibus
1377 4346 1543 4409 latro
1578 4354 2077 4409 connumeratus
2110 4359 2236 4405 non
2271 4350 2386 4405 est.
2422 4366 2451 4400 ι)
2486 4344 2631 4406 Haec
2660 4343 2858 4419 prima
2886 4343 3351 4422 interpretatio,
3383 4360 3523 4422 quas
3548 4359 3675 4405 non

436 4456 684 4514 omnes,
721 4442 833 4503 sed
871 4441 1125 4521 aliquos
1158 4450 1407 4504 tantum
1446 4449 1709 4505 sanctos
1745 4442 1813 4504 in
1837 4440 2213 4521 paradisum
2245 4449 2540 4520 receptos
2579 4442 2972 4503 admittebat.

591 4536 714 4596 Alii
756 4536 968 4600 autem
1005 4539 1315 4601 dixerunt
1354 4555 1368 4599 :
1411 4540 1585 4617 quod
1620 4537 1787 4599 latro
1813 4539 2093 4601 nondum
2120 4538 2388 4600 sortitus
2426 4537 2511 4599 sit
2538 4540 2607 4600 in
2634 4536 2934 4617 paradiso
2969 4535 3500 4598 conversationem
3538 4536 3680 4619 (seu

436 4635 1039 4714 transportationem
1087 4635 1154 4696 in
1209 4636 1606 4713 paradisum,
1660 4635 1983 4715 διαγωγῆς).
2036 4636 2155 4698 Sed
2208 4635 2362 4714 quia
2417 4634 2835 4701 invariabilis.
2865 4636 2971 4707 sit,
3006 4641 3065 4696 et
3110 4636 3369 4698 mentiri
3404 4638 3711 4717 nequeat

437 4732 696 4793 Domini
733 4731 1105 4809 promissio,
1162 4732 1316 4795 ideo
1366 4734 1608 4795 dictum
1660 4751 1801 4795 esse
1839 4749 1854 4795 :
1890 4730 2095 4794 Hodie
2143 4750 2378 4794 meeum
2424 4733 2545 4793 eris
2605 4733 2675 4793 in
2719 4730 3045 4810 paradiso.
3086 4732 3196 4792 Est
3228 4732 3398 4793 enim
3444 4740 3504 4794 et
3550 4734 3681 4794 haec

437 4828 687 4905 species
724 4826 1030 4905 phraseos
1060 4829 1123 4889 in
1159 4829 1377 4891 verbis
1419 4830 1802 4904 Dominicis,
1849 4838 1914 4890 ut
1970 4831 2048 4889 de
2096 4824 2333 4889 futuris
2388 4826 2716 4904 loquatur,
2785 4834 3087 4903 tanquam
3121 4827 3199 4887 de
3238 4824 3339 4887 his
3381 4842 3525 4904 quia
3545 4825 3676 4905 jam

439 4930 612 4987 tlant.
646 4926 720 4986 Ut
757 4943 900 4987 cum
935 4923 1093 4988 dicit
1122 4925 1415 5004 (Joannis
1443 4927 1648 5004 capite
1676 4945 1775 4998 ιιι,
1812 4946 1866 4986 v.
1896 4926 2021 5007 18),
2052 4925 2184 4999 Qui
2212 4941 2343 4985 non
2372 4921 2593 4995 credit,
2608 4921 3087 5002 jamjudieatus
3110 4930 3221 4984 est.
3260 4944 3290 4981 ιι
3315 4923 3461 4984 Hinc
3484 4924 3677 4984 altera

441 5024 884 5102 interpretatio
930 5034 1301 5086 sanctorum
1342 5023 1734 5098 beatitatem,
1769 5032 1875 5084 aut
1908 5021 2304 5102 paradisum,
2346 5037 2473 5082 non
2508 5027 2776 5097 excepto
2806 5026 3026 5081 sancto
3073 5018 3344 5095 latrone,
3380 5019 3681 5082 diﬂ'eren-

440 5122 590 5183 dum
624 5120 838 5199 jubet.

519 5239 547 5270 α
601 5215 721 5275 Alii
767 5222 1070 5293 torquent
1124 5216 1413 5287 verbum,
1458 5224 1764 5294 punctum
1818 5214 2133 5277 facientes
2170 5221 2312 5295 post
2359 5214 2562 5277 hodie.
2616 5215 2693 5277 Ut
2744 5213 2829 5275 sit
2888 5208 2941 5275 is
2993 5230 3224 5277 sensus
3259 5214 3411 5276 dicti
3442 5230 3455 5274 :
3486 5215 3679 5274 Amen

449 5319 589 5381 Jico
648 5315 786 5391 tibi,
823 5317 1026 5377 hodie.
1062 5313 1337 5388 Deinde,
1383 5315 1627 5378 Mecum
1671 5315 1795 5376 eris
1824 5314 1894 5375 in
1921 5310 2254 5392 paradiso,
2281 5308 2683 5389 adjicientes.
2738 5332 2767 5366 »
2813 5310 2962 5372 Haec
2994 5309 3181 5371 etiam
3232 5308 3676 5386 interpretatio

452 5418 630 5479 tertia
676 5415 1039 5493 garadisum
1067 5413 1141 5474 ad
1170 5411 1463 5475 futurum
1498 5420 1750 5489 tempus
1783 5410 2025 5472 ditfert.

524 5513 888 5574 Paradisum
927 5529 957 5572 a
994 5527 1190 5588 regno
1219 5510 1523 5573 cmlorum
1558 5507 1902 5585 distinguit
1931 5512 2154 5586 quarta
2186 5526 2201 5565 :
2237 5502 2728 5583 boatitatemque
2762 5504 3095 5565 constituit
3130 5502 3194 5564 in
3244 5520 3440 5581 regno
3483 5502 3677 5565 melo-

440 5628 603 5676 rum.
631 5609 803 5688 quod
833 5609 1151 5671 differtur.
1194 5631 1222 5663 α
1260 5608 1529 5681 Quidam
1567 5622 1741 5677 vero,
1769 5604 1877 5682 qui
1921 5603 2198 5664 maxime
2230 5619 2491 5663 sensum
2527 5602 2780 5680 assequi
2816 5602 2939 5662 visi
2975 5608 3152 5675 sunt,
3181 5602 3269 5663 sic
3289 5609 3620 5680 exponunt
3659 5622 3673 5661 :

440 5706 833 5784 Repromissa
856 5706 1039 5768 nobis
1078 5705 1240 5766 bona
1269 5722 1396 5765 non
1427 5714 1573 5763 sunt
1607 5705 1931 5780 ingressus
1978 5700 2049 5759 in
2095 5697 2488 5774 paradisum,
2524 5695 2619 5756 vel
2656 5716 2976 5772 ascensus,
3046 5698 3153 5760 sed
3200 5716 3456 5776 regnum
3494 5694 3678 5757 ecclo—

438 5821 601 5864 rum.
629 5802 804 5865 Unde
835 5812 895 5865 et
924 5819 1207 5876 oramus,
1254 5801 1462 5862 l’eniat
1488 5816 1744 5876 regnum
1766 5807 1937 5857 tuum
1970 5815 1989 5855 :
2022 5812 2171 5867 non,
2213 5794 2605 5855 conversatio
2644 5793 2756 5856 illa
2781 5798 2847 5858 in
2877 5795 3203 5875 paradiso.
3241 5797 3463 5874 Neque
3497 5793 3672 5856 enim
