4058 6470
309 345 395 407 illi
1157 357 1255 417 DE
1293 357 1868 419 TIIEOPHYLACTI
1902 360 2171 419 GES’l‘lS
2210 358 2304 418 ET
2344 359 2731 449 SCRIPTIS..
3318 442 3325 449 ο
3360 396 3361 399 η
3451 352 3552 418 102

311 466 459 528 mihi
504 466 673 530 dicat
707 469 945 551 aliquis
985 490 997 533 :
1032 476 1203 553 quod
1237 475 1396 537 idem
1426 477 1510 537 sit
1544 475 1881 553 paradisus
1939 486 1995 538 et
2030 493 2310 553 regnum.
2346 476 2514 536 Bona
2553 475 2725 536 enim
2780 474 2956 553 regni
2994 491 3184 553 neque
3216 473 3393 535 auris
3433 493 3551 532 au-

315 564 495 638 divit,
528 584 728 645 neque
779 570 999 631 oculus
1032 569 1219 644 vidit,
1268 590 1464 648 neque
1503 572 1568 630 in
1610 590 1719 631 cor
1758 572 2027 633 hominis
2072 573 2353 634 ascendit
2387 571 2595 649 (Isaiae
2630 571 2835 650 capite
2871 589 3045 644 Lx1v,
3086 590 3144 632 v.
3192 570 3251 644 ῖι,
3308 580 3368 632 et
3410 573 3434 631 Ι
3473 573 3551 632 ad

308 663 679 726 Corinthios
708 665 914 743 capite
958 685 1023 741 ιι,
1060 687 1118 729 v.
1152 668 1239 747 9).
1275 667 1653 729 Paradisum
1685 676 1897 730 autem
1925 677 1986 731 et
2028 672 2257 732 oculus
2293 670 2445 733 Adae
2475 670 2659 743 vidit,
2698 668 2960 731 etauris
2991 669 3240 731 audivit
3271 669 3351 731 de
3395 683 3551 731 eo...

308 760 493 819 Latro
530 760 748 838 itaque
783 762 1165 839 paradisum
1187 764 1451 825 sortitus
1483 771 1582 825 est
1614 786 1628 827 :
1657 781 1783 827 non
1814 772 2027 828 autem
2064 774 2399 828 assecutus
2425 775 2521 827 est
2545 784 2832 844 regnum.
2864 766 3273 843 Assequetur
3302 770 3547 838 autem,

305 858 565 935 quando
600 859 792 919 etiam
826 876 1077 934 omnes,
1126 877 1290 938 quos
1336 861 1572 922 Paulus
1633 865 2054 926 enumeravit.
2110 867 2295 926 Hunc
2351 873 2588 934 autem,
2651 865 2771 927 hoc
2818 871 3131 937 tempore,
3168 865 3554 943 'paradisum

308 956 521 1029 habet,
555 956 665 1033 qui
703 964 798 1016 est
829 974 980 1035 pars
1012 957 1373 1036 spiritualis
1395 960 1648 1037 quietis.
1684 960 1832 1021 Haec
1884 960 2148 1038 quidem
2184 961 2367 1022 multi
2406 976 2857 1037 saapenumero
2886 960 3218 1024 dixerunt.
3262 982 3293 1018 ιο
3342 962 3553 1022 Inter-

305 1062 520 1129 pretes
566 1052 671 1112 isti
718 1062 961 1129 partem
1004 1055 1277 1132 aliquam
1306 1055 1625 1134 spiritalis
1649 1058 1877 1135 quietis
1911 1056 2084 1117 illico
2121 1064 2259 1133 post
2294 1070 2559 1117 mortem
2611 1055 2848 1117 sanctis
2896 1056 3188 1129 concedi,
3223 1055 3550 1119 fatentur:

302 1158 361 1206 et
403 1149 465 1208 in
506 1148 811 1226 paradiso
869 1151 1126 1227 quidem
1179 1155 1492 1223 terrestri,
1526 1163 1595 1215 ut
1625 1155 1809 1214 aiunt
1854 1153 2175 1217 nonnulli.
2221 1155 2512 1230 Regnum
2544 1153 2852 1216 ccelorum
2900 1151 2974 1213 ad
3007 1153 3226 1215 seaculi
3257 1170 3557 1216 consum-

304 1245 655 1319 mationem
683 1245 955 1318 diﬂ‘erri,
999 1248 1424 1309 contendunt.
2029 1302 2037 1307 μ
2689 1302 2692 1305 λ
2960 1306 2969 1315 .

391 1344 530 1402 Non
576 1340 658 1401 ita
696 1342 1240 1422 'l‘heophylartus.
1279 1366 1307 1399 «
1344 1346 1463 1407 Sed
1515 1345 1865 1408 dicendum
1911 1357 1993 1409 est

1951 1353 2007 1408 st
2032 1345 2295 1428 (inquit)
2325 1355 2406 1409 ὅτι
2435 1359 2483 1408 εἰ
2507 1354 2601 1410 καὶ
2630 1356 2829 1410 ταυτὸν
2852 1357 2968 1411 ἐστι
3008 1356 3253 1427 βασιλεία
3285 1356 3553 1428 οὐρανῶν,

298 1447 395 1497 καὶ
432 1446 790 1515 παράδεισος,
857 1441 1033 1519 quod
1090 1441 1335 1503 etiamsi
1370 1441 1530 1501 idem
1565 1444 1648 1503 sit
1705 1462 1965 1522 regnum
2030 1443 2324 1504 caelorum
2364 1453 2422 1504 et
2478 1443 2844 1522 paradisus,
2892 1444 3052 1506 nihil
3125 1444 3448 1522 prohibet,
3491 1451 3555 1506 et

294 1534 651 1596 Dominum
697 1551 844 1596 vera
893 1536 1136 1612 dicere,
1198 1547 1258 1598 et
1308 1537 1600 1600 Paulum.
1660 1541 1816 1600 Nam
1881 1539 2040 1601 latro
2087 1540 2351 1618 quidem
2387 1548 2484 1600 est
2532 1541 2791 1616 [XLIX]
2846 1541 2909 1601 in
2943 1539 3272 1619 paradiso,
3309 1539 3429 1602 hoc
3455 1549 3553 1602 est

294 1649 542 1709 regno:
581 1642 641 1694 et
684 1652 809 1695 non
860 1633 1072 1695 solum
1114 1636 1277 1711 ipse,
1334 1637 1444 1697 sed
1479 1636 1670 1697 etiam
1724 1653 1948 1699 omnes
2001 1652 2166 1714 quos
2211 1646 2504 1696 numerat
2553 1637 2815 1697 Paulus.
2872 1637 3070 1715 Atqui
3123 1654 3250 1698 non
3310 1637 3553 1698 fruitur

292 1731 586 1808 perfecta
638 1729 948 1790 bonorum
1002 1732 1522 1810 participatione,
1555 1742 1653 1812 τῆς
1691 1741 1894 1803 τελείας

1950 1741 2053 1794 τῶν
2085 1740 2310 1808 ἀγαθῶν
2348 1741 2703 1813 κληρουχίας.
2754 1751 2774 1785 ι
2837 1734 3226 1812 Exemplum
3285 1735 3552 1796 adducit

293 1826 876 1898 condemnatorum,
910 1829 1018 1908 qui
1055 1829 1121 1889 in
1145 1828 1340 1905 regiis
1370 1846 1498 1888 non
1519 1838 1692 1904 sunt,
1722 1828 1830 1889 sed
1859 1831 1928 1891 in
1956 1829 2262 1892 custodiis
2295 1831 2497 1892 clausi
2526 1839 2819 1891 tenentur
2850 1832 2918 1892 in
2948 1831 3270 1911 deputatis
3299 1835 3498 1911 poenis
3531 1852 3554 1893 :

293 1940 445 1983 cum
479 1924 878 1986 honorabiles
908 1937 961 1987 et
990 1925 1058 1986 in
1089 1925 1296 2002 regias
1332 1924 1788 2002 ingrediuntur
1818 1935 1875 1986 et
1905 1927 1971 1986 in
2003 1928 2089 1986 eis
2116 1935 2487 1994 versantur;
2522 1935 2577 1986 et
2611 1945 2749 1987 cum
2774 1927 3017 1988 venerit
3046 1938 3288 2006 tempus
3314 1928 3543 1989 distri-

293 2019 582 2079 butionis
607 2020 1252 2097 regaliumdonorum,
1272 2020 1384 2082 illa
1414 2031 1858 2099 assequuntur.
1902 2042 1930 2077 «
1961 2023 2045 2083 Ita
2080 2031 2139 2082 et
2171 2020 2402 2095 sancti,
2424 2023 2662 2100 inquit,
2692 2023 2940 2083 tametsi
2975 2021 3254 2083 nondum
3281 2024 3558 2104 perfecte

293 2121 481 2181 bonis
505 2124 972 2203 fruantur,jam
992 2132 1202 2185 tamen
1225 2130 1558 2184 versantur
1593 2122 1659 2183 in
1695 2121 1851 2184 locis
1880 2117 2110 2182 lucidis
2143 2125 2203 2178 et
2239 2116 2691 2197 fragrantibus,
2718 2127 2777 2179 et
2811 2119 3004 2197 regiis
3034 2120 3319 2199 denique
3351 2120 3556 2181 taber-

295 2219 579 2291 naculis,
615 2218 866 2281 etiamsi
898 2221 1184 2282 nondum
1229 2218 1758 2280 distributionem
1820 2219 2144 2296 regiorum
2190 2218 2507 2280 bonorum
2547 2217 2825 2297 perfecte
2875 2229 3331 2298 assequentur.
3368 2221 3460 2282 Ita
3494 2229 3555 2282 et

293 2312 467 2375 latro
500 2316 564 2376 in
594 2317 898 2395 paradiso
937 2318 1089 2398 fuit,
1152 2316 1400 2379 etiamsi
1432 2313 1709 2376 nondum
1743 2317 2020 2395 perfecte
2058 2315 2396 2394 acceperit,
2433 2324 2502 2377 ut
2538 2333 2666 2379 non
2718 2316 2962 2395 absque
3007 2315 3196 2378 nobis
3232 2314 3555 2396 perfectus

294 2411 415 2485 Sil,
478 2420 567 2475 ἵνα
624 2426 700 2494 μὴ
756 2424 925 2495 χωρὶς
993 2424 1151 2494 ἡμῶν
1212 2421 1504 2491 τελειωθῇ.
1566 2415 1637 2473 Et
1697 2412 1815 2474 h0t=
1889 2432 1896 2467 l

1953 2411 2123 2472 )inor
2187 2410 2599 2473 verissimum
2644 2412 2966 2473 omnium.
3028 2433 3059 2470 »
3131 2412 3555 2490 Apertissima

293 2496 624 2571 sententia
658 2519 778 2583 est,
823 2511 1188 2589 paradisum
1246 2523 1307 2575 et
1358 2531 1628 2594 regnum
1689 2528 1832 2574 esse
1887 2506 2058 2567 idem
2101 2526 2117 2564 :
2154 2520 2225 2567 ac
2280 2515 2532 2567 sanctos
2597 2508 2663 2568 in
2698 2523 2970 2585 regnum
3008 2506 3314 2570 caelorum
3379 2523 3557 2570 rece-

295 2614 448 2681 ptos
484 2605 745 2685 degere.

387 2697 550 2757 Tum
585 2699 862 2777 paradisi
906 2699 1390 2764 distinctionem
1423 2719 1456 2765 a
1491 2717 1686 2780 regno
1719 2698 2057 2762 admittere
2097 2696 2374 2771 videtur,
2420 2701 2601 2776 regni
2649 2698 2912 2760 nomine
2964 2699 3340 2779 intelligens
3383 2701 3555 2762 inte-

291 2810 485 2870 gram
533 2797 934 2874 felicitatem,
990 2814 1062 2859 ac
1099 2800 1443 2876 perfectam
1496 2798 1815 2859 bonorum
1868 2794 2159 2858 omnium
2191 2795 2843 2869 assecutionem;sed
2875 2797 2950 2857 ad
3010 2797 3290 2873 priorem
3341 2796 3556 2859 statim

297 2888 478 2950 redit
530 2890 1159 2970 interpretationem,
1211 2913 1356 2974 quae
1405 2910 1520 2973 pro
1568 2893 1796 2956 eodem
1831 2891 2021 2956 habet
2068 2901 2445 2973 utrumque.
2484 2918 2513 2951 α
2557 2895 2631 2958 Ut
2663 2912 2745 2957 ne
2793 2895 3025 2966 dicam,
3078 2893 3327 2975 inquit,
3379 2897 3556 2975 quod

292 2996 668 3047 sanctorum
707 2991 929 3066 gratim
954 2990 1015 3051 in
1050 2992 1457 3070 quotidianis
1488 2990 1946 3052 miraculorum
1980 2990 2496 3069 operationibus,
2527 2990 2873 3070 paradisus
2906 2991 3137 3053 merito
3170 2992 3381 3054 dictus
3418 2993 3501 3053 sit
3536 3012 3556 3053 :
3666 3017 3735 3069 μγ.

295 3090 368 3140 et
405 3076 631 3144 amnes
670 3086 899 3161 sancti,
931 3095 1250 3167 quotquot
1278 3088 1629 3167 participes
1663 3086 1823 3160 facti
1851 3101 1999 3148 sunt
2042 3088 2475 3166 spiritualium
2514 3088 2845 3160 donorum,
2895 3097 2956 3150 et
2988 3089 3101 3167 qui
3147 3088 3561 3150 arrhabonem

295 3177 538 3239 habent
579 3180 883 3258 Spiritus,
936 3184 998 3245 in
1028 3184 1337 3263 paradiso
1380 3185 1542 3258 sint;
1585 3183 1837 3247 etiamsi
1876 3183 2155 3244 nondum
2199 3185 2470 3264 perfecti
2489 3185 2756 3265 fuerint,
2793 3193 2849 3245 et
2878 3200 3140 3261 regnum
3171 3186 3556 3262 acceperint,

294 3274 480 3336 sicut
509 3276 668 3337 dicit
706 3281 1053 3357 Apostolus
1083 3280 1147 3342 in
1198 3280 1471 3359 epistola
1510 3283 1587 3343 ad
1634 3279 1939 3341 Hebraos
1979 3302 1993 3339 :
2027 3281 2299 3343 Etiamsi
2332 3281 2611 3342 nondum
2643 3282 3127 3360 promissionem
3172 3284 3555 3360 acceperint.

293 3374 817 3438 Promissionem
850 3378 1021 3438 enim
1051 3379 1354 3452 dicendo,
1384 3387 1442 3439 τὸ
1469 3386 1784 3458 ὁλόκληρον,
1818 3377 2130 3457 integram
2179 3377 2604 3439 hereditatem
2653 3377 2793 3458 (seu
2821 3376 3222 3457 felicitatem)
3268 3378 3555 3439 declara-

297 3474 424 3535 vit.
457 3476 537 3534 At
576 3473 752 3535 illam
799 3477 1084 3537 nondum
1135 3475 1449 3555 integram
1487 3485 1897 3555 acceperunt.
1935 3479 2008 3537 Et
2039 3486 2187 3537 sunt
2221 3478 2285 3538 in
2316 3494 2532 3556 regno,
2567 3486 2623 3537 et
2649 3475 2978 3556 paradiso,
3013 3485 3121 3538 etet
3153 3484 3340 3557 μέντοι
3371 3485 3466 3538 καὶ
3496 3486 3561 3539 ὲν

294 3578 557 3651 βασιλείᾳ
585 3580 682 3633 καὶ
709 3581 766 3632 ὲν
796 3579 877 3651 τῷ
911 3579 1261 3652 παραδείσῳ;
1298 3594 1325 3627 ››
1362 3572 1455 3632 Ad
1491 3572 1768 3651 priorem
1793 3589 1861 3633 se
1893 3592 1896 3632 1

1191 3596 1261 3649 p;
1298 3594 1325 3627 »
1362 3572 1455 3632 Ad
1491 3572 1768 3651 priorem
1793 3589 1861 3633 se
1893 3573 2141 3635 reducit
2172 3572 2793 3651 interpretationem.

386 3668 488 3733 83.
520 3668 728 3739 Dices,
759 3668 902 3732 Non
929 3670 1217 3748 sequitur
1245 3690 1264 3730 :
1311 3671 1517 3731 sancti
1545 3678 1692 3729 sunt
1733 3668 1802 3729 in
1830 3667 2004 3742 caelo,
2059 3686 2202 3747 ergo
2232 3667 2447 3730 vident
2492 3670 2710 3733 Deum.
2762 3670 3240 3733 Nonnullorum
3271 3666 3555 3750 Objectio

297 3774 407 3831 est
437 3767 609 3846 apud
637 3765 1095 3829 Bellarminum
1128 3767 1293 3830 libro
1324 3787 1346 3828 1
1378 3770 1470 3828 De
1503 3777 1863 3829 sanctorum
1894 3764 2304 3839 beatitudine,
2339 3765 2546 3844 capite
2576 3766 2637 3828 3.
2667 3767 2951 3845 Reponit
2981 3766 3096 3828 ille
3128 3783 3143 3827 :
3179 3788 3210 3823 α
3236 3768 3428 3829 Recte
3459 3783 3561 3828 se-

297 3866 459 3945 qui;
496 3881 646 3926 nam
686 3882 800 3943 per
830 3862 1047 3925 cadum
1090 3863 1520 3943 intelligimus
1553 3865 1795 3936 sedem,
1831 3869 1894 3924 et
1925 3861 2113 3941 quasi
2146 3861 2356 3921 aulam
2392 3860 2631 3940 regiam
2667 3862 2807 3935 Dei,
2857 3863 2968 3924 ubi
3000 3864 3163 3923 Deus
3193 3879 3435 3940 semper
3460 3861 3559 3922 vi-

298 3964 574 4025 detur...
605 3963 881 4023 Tametsi
916 3960 1091 4024 enim
1126 3962 1302 4022 Deus
1338 3960 1579 4039 ubique
1612 3960 1722 4033 sit,
1759 3967 1968 4022 tamen
2008 3958 2264 4035 proprie
2295 3958 2360 4017 in
2391 3956 2549 4018 cmlo
2575 3955 2836 4027 dicitur,
2869 3955 3025 4035 quia
3061 3974 3172 4036 per
3204 3958 3306 4018 sui
3345 3955 3552 4017 mani-

298 4060 725 4122 festationem
775 4059 914 4121 illic
965 4077 1036 4120 se
1090 4064 1468 4137 praesentem
1518 4056 1836 4130 ostendit;
1886 4061 1947 4117 et
1993 4053 2284 4117 cernitur
2315 4053 2394 4116 ab
2428 4054 2508 4116 iis
2540 4055 2652 4135 qui
2700 4054 2880 4135 digni
2937 4064 3090 4117 sunt
3146 4056 3393 4120 cmlesti
3444 4054 3558 4118 illa

297 4160 484 4221 sede.
528 4181 562 4216 ι

386 4256 698 4329 Quaenam
731 4268 885 4316 vero
911 4251 1109 4315 fuerit
1136 4269 1318 4315 mens
1353 4248 1815 4331 'l‘heOphylacti
1840 4252 1869 4311 ‘t
1904 4249 2476 4312 Verisimillimum
2511 4258 2693 4330 puto,
2726 4250 2942 4331 ipsum
2989 4251 3427 4327 existimasse,
3465 4250 3560 4313 vi-

303 4346 499 4410 sione
537 4347 649 4408 Dei
686 4346 817 4408 frui
849 4353 1103 4407 sanctos
1133 4344 1200 4406 in
1237 4360 1439 4423 regno
1470 4343 1801 4406 caelorum.
1834 4343 2217 4409 Paradisum
2249 4349 2363 4412 ille
2389 4350 2561 4412 idem
2595 4365 2739 4410 esse
2778 4349 2965 4410 docet
2995 4364 3065 4410 ac
3097 4365 3360 4427 regnum
3391 4347 3567 4408 caelo-

298 4461 475 4517 rum,
509 4444 686 4524 quod
718 4444 1165 4523 interpretatio
1197 4451 1424 4522 quarta
1452 4440 1913 4520 distinguebat.
1948 4444 2143 4524 Atqui
2170 4444 2339 4505 bona
2367 4446 2550 4524 regni
2580 4461 2653 4506 ea
2685 4444 3016 4519 dicuntur,
3051 4461 3200 4526 quae
3225 4462 3423 4523 neque
3450 4464 3564 4505 au-

301 4541 705 4618 ris'audivit,
735 4560 930 4622 neque
963 4540 1182 4603 oculus
1206 4539 1391 4613 vidit,
1423 4557 1617 4618 neque
1650 4540 1717 4599 in
1745 4556 1856 4599 cor
1892 4537 2164 4598 hominis
2200 4535 2567 4598 ascendunt.
2602 4537 2766 4610 Quis
2800 4553 2955 4600 vero
3000 4537 3170 4599 inter
3224 4536 3356 4599 huic
3398 4537 3562 4597 bona

302 4643 519 4721 regni,
562 4642 631 4704 in
665 4657 794 4720 quo
825 4641 1057 4719 degere
1093 4645 1347 4701 sanctos
1378 4634 1897 4713 TheOphylactus
1928 4633 2037 4704 ait,
2072 4650 2199 4695 non
2233 4643 2569 4696 enumeret
2600 4632 2764 4697 illud
2802 4633 3223 4714 praecipuum,
3256 4632 3432 4713 quod
3465 4640 3563 4691 est

304 4739 481 4802 clara
517 4739 683 4803 visio
715 4737 882 4801 Dei?
913 4734 1358 4799 Disertissime
1391 4731 1679 4806 afﬁrmat,
1713 4730 2020 4792 bonorum
2042 4728 2542 4807 participatione
2576 4746 2687 4791 eos
2712 4729 2840 4792 frui
2876 4730 2944 4792 in
2994 4746 3192 4810 regno
3230 4728 3560 4798 cmlorum,

304 4836 592 4898 nondum
629 4845 835 4896 tamen
862 4835 1172 4914 perfecta;
1194 4846 1337 4911 quae
1371 4831 1560 4891 verba
1595 4845 1704 4907 par
1736 4835 1830 4890 est
1861 4827 1948 4888 ita
1979 4824 2371 4904 intelligere,
2410 4834 2476 4886 ut
2507 4843 2659 4888 sane
2693 4829 2896 4889 Deum
2942 4828 3070 4906 ipsi
3102 4827 3381 4897 videant,
3415 4843 3558 4902 per-

306 4934 544 4996 fectam
575 4934 895 4998 donorum
920 4929 1449 4993 distributionem
1483 4926 1835 5004 accepturi,
1870 4931 2204 5001 resumpto
2235 4939 2503 5001 corpore
2535 4933 2679 5002 post
2705 4922 3029 5001 judicium
3061 4923 3125 4983 in
3155 4937 3559 4983 consumma-

310 5032 495 5093 tione
523 5030 766 5093 $3300“.
802 5029 1078 5091 Maxime
1110 5023 1280 5087 favet
1305 5040 1531 5087 eorum
1581 5020 1979 5099 exemplum,
2013 5019 2188 5099 quod
2243 5020 2530 5095 aﬂ‘ertur,
2585 5021 2695 5100 qui
2732 5021 2801 5082 in
2839 5023 3047 5101 regias
3083 5020 3559 5100 ingrediuntur,

316 5139 375 5190 et
405 5132 477 5190 in
508 5130 596 5189 eis
625 5137 984 5189 versantur.
1022 5128 1120 5186 An
1169 5121 1275 5183 isti
1312 5136 1644 5201 nunquam
1700 5116 1982 5180 viderint
2008 5115 2277 5194 regem?
2311 5118 2443 5178 lmo
2492 5117 2757 5190 vident;
2789 5126 3011 5178 etcum
3048 5118 3287 5178 venerit
3318 5125 3560 5195 tempus

313 5225 794 5287 distributionis
817 5223 1127 5303 regalium
1161 5218 1490 5291 donorum,
1525 5212 1996 5278 consummatio
2030 5212 2275 5274 scilicet
2308 5213 2553 5278 saeculi.
2589 5223 2649 5275 et
2681 5231 3020 5290 corporum
3046 5213 3458 5286 resurrectio,
3494 5232 3563 5272 ea

312 5327 590 5404 perfecte
670 5327 1096 5400 assequentur.
1147 5319 1295 5378 Data
1333 5328 1482 5374 vero
1532 5311 1714 5390 regni
1742 5306 2035 5370 caelorum
2111 5309 2528 5372 distinctione
2573 5326 2604 5371 a
2653 5309 2987 5387 paradiso;
3036 5311 3198 5372 illud
3253 5309 3562 5390 intelligit

320 5421 844 5500 TheOphylactus
893 5420 1202 5494 integram
1239 5410 1635 5491 felicitatem;
1669 5415 1731 5470 et
1767 5409 1984 5478 istum,
2015 5406 2382 5486 felicitatem
2410 5406 2701 5486 quidem,
2753 5407 2865 5469 sed
2900 5424 3025 5470 non
3058 5407 3336 5488 plenam,
3367 5408 3563 5487 spirg'-

321 5522 591 5584 tualium
623 5539 861 5600 quoque
891 5516 1201 5578 donorum
1245 5509 1799 5590 participationem
1846 5513 1903 5565 et
1937 5502 2351 5564 arrliabonem
2392 5503 2717 5582 Spiritus;
2755 5504 2986 5567 claram
3036 5505 3173 5568 sine
3229 5504 3429 5567 dubio
3465 5504 3562 5565 via

321 5623 579 5683 sionem
614 5619 754 5680 Dei.
791 5617 1044 5678 Addere
1078 5612 1289 5673 locum
1317 5607 1456 5685 ejus
1501 5608 1689 5668 liceat
1737 5603 1811 5666 ad
1845 5613 2033 5684 caput
2066 5622 2087 5664 ι
2122 5604 2428 5682 Epistolm
2458 5605 2534 5665 ad
2570 5605 3049 5687 Philippenses,
3077 5627 3137 5670 v.
3166 5607 3240 5667 21
3273 5630 3287 5668 :
3321 5629 3348 5659 «
3399 5605 3564 5668 Mihi

323 5722 483 5781 enim
511 5721 718 5780 vivere
748 5716 1041 5777 Christus
1080 5718 1193 5784 est,
1232 5716 1284 5767 et
1319 5709 1482 5767 mori
1514 5703 1780 5765 lucrum.
1819 5701 1979 5765 Mori
2016 5706 2227 5763 autem
2264 5700 2516 5764 lucrum
2548 5710 2668 5781 est,
2702 5705 2857 5784 quia
2908 5713 3059 5766 tunc
3103 5701 3387 5781 apertius
3416 5714 3564 5762 cum

327 5820 471 5896 ipso
505 5816 808 5896 (Christo,
841 5810 1010 5874 Filio
1042 5807 1182 5871 ι)ρῦ
1215 5802 1538 5869 versabar.
1593 5826 1620 5859 η
