3984 6572
475 405 579 472 103
1322 400 1550 461 BERN.
1589 397 1862 459 MARIIE
1900 396 1996 457 DE
2038 395 2321 457 RUBEIS
2353 391 2862 454 DISSERTATIO
3610 385 3714 450 10':

544 514 651 577 81s."
687 513 920 577 Neevus
953 514 1051 571 est
1082 508 1148 568 in
1184 506 1642 587 'l‘heOphylacti
1678 505 1967 569 doctrina
1998 507 2071 567 ad
2098 511 2283 583 caput
2315 520 2409 563 xn
2452 502 2758 574 Matthaai,
2792 522 2852 565 ν.
2917 500 2992 563 Mi
3029 522 3042 562 :
3077 497 3294 561 Adhuc
3330 514 3396 558 eo
3429 495 3715 575 loquente

470 611 555 673 ad
586 610 828 682 turbas,
862 623 996 667 ecce
1028 605 1235 666 Mater
1274 605 1407 683 ejus
1439 615 1497 666 et
1533 605 1769 679 fratres
1809 603 2058 663 stabant
2087 599 2275 677 foris,
2308 605 2652 676 quterentes
2678 597 2851 676 loqui
2889 597 2966 658 ei.
3001 596 3178 656 Hanc
3213 591 3320 653 ille
3355 588 3713 668 expositio—

467 723 612 772 nem
640 702 930 783 appingit
957 719 971 762 :
998 725 1028 758 σι
1048 708 1415 780 Ἀνορώπινον
1443 725 1521 771 τι,
1549 702 1915 762 Humanum
1952 715 2031 776 qu

2163 693 2417 756 volebat
2448 693 2790 754 ostendere
2825 694 3047 766 Mater,
3077 689 3254 770 quod
3285 693 3354 749 ut
3382 688 3443 783 in
3470 684 3714 783 Filium

468 780 1107 880 potestatem—habeat
1141 819 1156 856 :
1191 794 1359 858 nihil
1403 795 1578 857 enim
1612 810 1911 872 magnum
1945 793 2154 855 adhuc
2179 792 2259 853 de
2291 805 2371 852 eo
2406 789 2830 868 intelligebat.
2872 792 3137 867 PrOpter
3165 783 3310 859 hoc,
3337 780 3713 880 adhuc_ip_s_o

467 875 803 975 loquente,
842 893 1091 955 volebat
1135 893 1210 954 ad
1245 909 1315 954 se
1366 892 1552 954 illum
1608 890 1947 961 attrahere,
1995 894 2447 966 φιλοτιμουμένη,
2499 887 2683 965 quasi
2712 884 3138 956 ambitiosula,
3174 886 3350 942 tanto
3380 876 3510 940 sibi
3545 875 3712 938 Filio

466 990 755 1052 subdito.
791 1012 820 1045 η
867 990 944 1049 V.
971 989 1051 1050 50
1078 1008 1094 1049 :
1128 988 1497 1066 Quicunque
1524 987 1744 1066 fecerit
1789 983 2174 1047 voluntatem
2201 985 2416 1046 Patris
2464 985 2608 1056 mei,
2644 984 2755 1062 qui
2782 982 2851 1044 in
2876 982 3046 1043 caelis
3071 991 3184 1052 est,
3215 978 3349 1057 ipse
3376 993 3544 1036 meus
3574 976 3713 1055 fra-

465 1093 585 1158 ter,
616 1095 675 1147 et
703 1102 915 1158 soror,
943 1092 1002 1146 et
1032 1093 1232 1144 mater
1260 1091 1378 1143 est.
1409 1106 1437 1137 α
1466 1085 1605 1144 Νοιι
1640 1081 1878 1161 injuria
1905 1079 2187 1143 alliciens
2213 1083 2504 1151 Matrem,
2546 1079 2666 1141 hoc
2696 1080 2860 1141 dixit
2891 1078 3042 1140 :sed
3077 1076 3407 1155 corrigens
3432 1078 3711 1135 mentem

469 1183 613 1265 ejus
643 1182 869 1263 glorias
898 1183 1176 1255 avidam,
1214 1190 1276 1242 et
1310 1181 1678 1253 humanam,
1715 1189 1815 1258 τὴν
1850 1188 2042 1257 φιλόδοέ

1600 1197 1678 1253 m,
1715 1189 1815 1258 τὴν
1850 1187 2125 1257 φιλόδοξον
2148 1187 2321 1256 αὐτῆς
2346 1188 2441 1240 καὶ
2464 1185 2816 1255 ἀνθρωπίνην
2845 1182 3092 1254 γνώμην.
3143 1194 3173 1230 ιο

551 1282 675 1343 Sua
707 1281 775 1341 in
810 1280 1099 1341 editione
1147 1282 1332 1342 Joan.
1379 1276 1919 1355 OEcolampadius
1959 1278 2370 1339 adnotaverat
2428 1274 2498 1336 in
2544 1273 2829 1352 margine
2863 1292 2883 1333 :
2913 1270 3106 1333 Caute
3145 1269 3294 1347 lege,
3334 1265 3474 1329 vide
3507 1266 3712 1345 finem.

466 1379 541 1441 In
571 1377 743 1439 calce
776 1375 1274 1438 Enarrationum
1312 1375 1378 1435 in
1414 1374 1756 1453 Evangelia
1788 1374 1882 1435 sic
1912 1375 1999 1435 ait
2031 1390 2045 1433 :
2081 1373 2267 1449 Quod
2307 1373 2376 1433 in
2410 1373 2499 1433 eis
2549 1370 2888 1432 excesserit
2917 1367 3151 1429 verbis.
3185 1368 3282 1442 [L]
3319 1366 3388 1427 In
3430 1361 3716 1426 editione

465 1475 747 1555 Philippi
784 1475 1069 1537 Montani
1106 1473 1239 1535 haec
1286 1470 1660 1535 adduntur:
1706 1495 1732 1528 α
1777 1473 2009 1533 Eadem
2045 1469 2177 1531 fere
2214 1468 2713 1547 Chrysostomus
2746 1465 2836 1528 ait
2880 1464 2947 1526 in
2983 1480 3133 1526 eum
3179 1462 3425 1534 locum;
3485 1468 3713 1525 notans

465 1571 1022 1650 importunitatem
1079 1569 1295 1631 Matris
1335 1576 1395 1629 et
1438 1568 1729 1629 fratrum.
1764 1568 1942 1642 Quos
1996 1567 2183 1628 etiam
2232 1582 2309 1627 ex
2359 1563 2739 1636 ambitione,
2788 1572 2848 1626 et
2893 1561 3316 1624 ostentatione
3362 1563 3717 1619 commotos

469 1667 653 1731 dicit.
696 1691 723 1723 υ
749 1669 912 1728 Tum
945 1665 1154 1745 primo
1184 1662 1521 1726 censuram
1559 1663 1788 1737 inurit,
1833 1671 1966 1725 tum
1999 1662 2234 1723 deinde
2277 1661 2555 1739 benigna
2583 1658 3115 1737 interpretatione
3145 1653 3414 1717 Joannis
3438 1653 3720 1729 Chryso-

473 1762 665 1823 stomi
701 1763 889 1823 verba
925 1759 1192 1838 exponit
1227 1758 1770 1836 prudentissimus
1803 1759 2023 1821 doctor
2051 1757 2340 1836 Aquinas
2377 1774 2437 1834 p.
2471 1772 2569 1829 ιιι,
2600 1772 2712 1833 qu.
2742 1771 2944 1828 xxvn,
2977 1761 3091 1814 art.
3125 1769 3187 1812 tv
3217 1756 3294 1817 ad
3323 1749 3386 1810 3.
3417 1771 3446 1804 α
3478 1745 3717 1809 Dicen-

467 1858 645 1928 dum,
673 1858 846 1937 quod
879 1856 944 1917 in
977 1855 1108 1916 illis
1138 1854 1354 1916 verbis
1391 1854 1882 1933 Chrysostomus
1914 1856 2204 1917 excessit.
2235 1857 2512 1915 Possunt
2545 1859 2750 1914 tamen
2783 1850 3043 1929 exponi,
3072 1856 3144 1912 ut
3173 1845 3615 1924 intelligatur:
3650 1843 3720 1904 in

469 1972 543 2016 ea
577 1953 875 2034 (Virgine
920 1951 1219 2033 Deipara)
1261 1951 1605 2013 Dominum
1643 1951 2020 2014 cohibuisse
2056 1966 2183 2013 non
2220 1948 2659 2010 inordinatum
2691 1947 2903 2010 inanis
2949 1946 3174 2026 gloriae
3201 1950 3473 2017 motum,
3512 1958 3718 2020 quan-

468 2059 600 2111 tum
622 2048 703 2109 ad
728 2050 965 2128 ipsam;
998 2048 1112 2110 sed
1146 2048 1211 2109 id
1246 2047 1424 2125 quod
1453 2045 1528 2106 ab
1561 2044 1710 2106 aliis
1741 2054 1963 2125 posset
1994 2047 2319 2108 testimari.
2359 2069 2388 2102 ››

546 2146 645 2208 85.
682 2148 948 2208 Veteres
983 2143 1289 2206 nonnulli
1320 2141 1532 2215 fuere,
1585 2143 1722 2204 sive
1756 2142 1957 2205 Graeci
2011 2141 2144 2203 sive
2175 2142 2386 2202 Latini
2432 2140 2800 2219 scriptores,
2849 2138 2965 2219 qui
3006 2136 3168 2199 levis
3208 2135 3485 2212 alicujus
3536 2146 3733 2217 none

470 2256 726 2314 naevum
765 2240 1049 2318 Deipara)
1097 2238 1484 2309 tribuerunt,
1539 2237 1942 2309 Ambrosius,
1970 2236 2288 2298 Arnobius
2331 2238 2585 2310 Junior,
2634 2242 2857 2299 auctor
2889 2234 3319 2311 Quaestionum
3357 2231 3588 2292 Veteris
3659 2235 3721 2287 et

469 2335 635 2400 Novi
690 2336 1069 2398 Testamenti
1105 2333 1226 2394 sub
1256 2332 1601 2413 Augustini
1628 2332 1912 2406 nomine,
1943 2332 2254 2411 Origenes
2275 2351 2344 2396 ac
2376 2334 2668 2396 laudatus
2692 2334 3211 2414 Chrysostomus.
3244 2332 3480 2390 Eorum
3537 2325 3724 2387 aﬂert

471 2433 637 2494 dicta
679 2439 740 2493 et
765 2431 1071 2508 expendit
1106 2429 1327 2491 Sixtus
1383 2427 1693 2490 Senensis
1726 2427 1888 2489 libro
1919 2447 1965 2489 ιι
1990 2429 2393 2493 Bibliotheca:
2426 2441 2678 2504 sancite,
2705 2447 2886 2492 num.
2918 2429 3032 2491 103
3063 2438 3123 2490 et
3158 2428 3296 2502 151,
3334 2442 3408 2516 ac
3440 2423 3601 2485 libro
3630 2439 3721 2491 VI,

475 2545 659 2590 num.
701 2529 800 2600 56,
832 2529 976 2599 138,
1012 2529 1157 2601 139,
1187 2526 1299 2588 ιιιο
1332 2533 1394 2586 et
1429 2526 1566 2600 185,
1600 2524 1708 2586 ubi
1761 2527 1973 2587 Patres
2007 2542 2169 2604 quos
2218 2536 2527 2590 memorat
2563 2526 2662 2588 vel
2691 2528 2906 2606 aliqua
2959 2533 3182 2604 purgat
3222 2518 3587 2599 benigniori
3621 2518 3726 2579 in-

475 2623 951 2701 terpretatione,
992 2624 1090 2685 vel
1127 2631 1298 2684 certe
1329 2622 1568 2682 fatetur
1601 2622 1960 2683 excessisse
1993 2644 2007 2683 :
2045 2645 2076 2680 α
2109 2641 2187 2684 ne
2222 2625 2556 2703 Deiparam
2591 2625 2922 2704 Virginem
2957 2624 3050 2704 (ut
3082 2623 3166 2684 ait
3214 2621 3374 2682 libro
3409 2637 3472 2680 vx
3504 2617 3722 2688 citato,

475 2735 654 2780 num.
688 2719 787 2797 68)
818 2718 1062 2797 insigni
1100 2719 1212 2779 illo
1240 2733 1374 2778 suae
1407 2708 1800 2794 integritatis
1828 2717 2166 2799 privilegio
2197 2718 2592 2793 fraudemus,
2627 2720 2801 2800 quod
2834 2720 2890 2781 ei
2924 2717 3317 2779 Tridentinus
3343 2712 3576 2792 synodi
3608 2728 3719 2773 ca-

475 2831 603 2876 non
631 2813 918 2877 attribuit
951 2814 1146 2894 (Sess.
1174 2832 1260 2886 vr,
1300 2815 1388 2873 De
1400 2812 1865 2894 justiﬁcatione
1897 2830 2034 2877 can.
2065 2817 2166 2896 25)
2204 2834 2216 2876 :
2251 2818 2320 2878 Si
2350 2818 2489 2895 quis
2519 2818 2823 2878 hominem
2871 2814 3055 2876 semel
3078 2813 3502 2895 justiﬁcatum
3531 2808 3724 2869 dixe-

474 2910 589 2981 rit,
610 2927 798 2989 posse
833 2909 897 2970 in
936 2919 1068 2970 tota
1109 2911 1241 2971 vita
1270 2929 1386 2970 sua
1408 2918 1666 2988 peccata
1702 2911 1933 2980 omnia,
1964 2912 2147 2973 etiam
2178 2913 2448 2974 venialia
2484 2914 2707 2983 vitare,
2738 2914 2866 2974 nisi
2896 2912 3161 2991 speciali
3185 2911 3303 2971 Dei
3347 2904 3722 2988 privilegio,

475 3003 987 3085 quemadmodum
1013 3005 1086 3065 de
1116 3004 1296 3066 beata
1351 3007 1601 3084 Virgine
1630 3006 1840 3067 Maria
1871 3014 2030 3068 tenet
2064 3007 2384 3075 Ecclesia:
2412 3010 2737 3069 anathema
2767 3010 2875 3070 sit.
2907 3031 2937 3066 »
2974 3006 3393 3085 Theologicas
3423 3001 3727 3082 egregias

474 3101 660 3163 affert
693 3101 973 3162 rationes
1008 3104 1301 3163 laudatus
1335 3100 1624 3180 Aquinas
1665 3099 1806 3163 loco
1836 3101 2055 3177 citato,
2088 3104 2195 3166 ubi
2237 3105 2616 3167 Franciscus
2647 3104 2906 3183 Sylvius
2937 3105 3004 3165 in
3038 3097 3532 3171 Commentario,
3563 3094 3713 3156 Tri-

476 3200 816 3261 dentinum
850 3215 1161 3262 ranonem
1205 3200 1610 3279 expendens,
1640 3200 2095 3263 animadvertit
2130 3223 2145 3262 :
2180 3225 2208 3257 «
2252 3204 2425 3264 Licet
2459 3219 2762 3279 expresse
2798 3218 2923 3262 non
2956 3198 3240 3270 deﬁniat,
3268 3193 3623 3259 Ecclesiam
3654 3190 3728 3252 id

480 3303 698 3358 tenere
731 3306 1037 3376 tanquam
1071 3298 1300 3377 dogma
1328 3297 1502 3371 ﬁdei,
1548 3313 1620 3358 ac
1655 3298 1927 3375 proinde
1965 3315 2083 3360 nec
2111 3298 2920 3371 sententiamcontrariam
2949 3297 3208 3358 damnet
3238 3302 3308 3356 ut
3334 3291 3725 3362 haireticam,

480 3399 550 3452 ut
585 3393 929 3455 minimum
971 3402 1180 3455 tamen
1212 3402 1511 3474 tanquam
1539 3395 1942 3455 temerariam
1974 3394 2385 3474 rejicieudam
2423 3412 2589 3458 esse.
2634 3417 2662 3453 ιο

2003 3559 2199 3623 XXII.

483 3717 572 3777 De
605 3713 902 3775 electione
933 3712 1172 3793 divina,
1202 3730 1279 3793 ac
1306 3712 1886 3793 praedestinatione,
1926 3723 1984 3773 et
2013 3715 2236 3793 gratia:
2272 3710 2640 3771 necessitate
2668 3707 2967 3793 perplexe
3000 3718 3059 3768 et
3073 3706 3379 3793 _ambig_ue
3406 3709 3718 3793 disserit.

564 3791 1102 3871 0Ecolampadius
1130 3800 1186 3852 et
1215 3787 1535 3871 Simonius
1565 3790 1797 3871 notati.
1828 3787 2065 3871 Regqu
2091 3788 2324 3869 prima,
2355 3787 2791 3871 quam_staluit
2818 3789 3040 3871 Sixtus
3056 3787 3367 3871 Senensis,
3397 3790 3734 3871 Theophy-

570 3873 722 3933 lacti
763 3866 949 3931 dictis
1002 3872 1390 3949 applicatur.
1448 3866 1643 3949 Hanc
1675 3866 1959 3949 illustrat
2004 3866 2325 3949 Petavius.
2364 3866 2664 3949 Ejusdem
2703 3869 2991 3949 Senensis
3039 3867 3272 3949 regula
3299 3866 3587 3949 secunda.
3642 3871 3734 3949 lle

563 3949 959 4030 praescientia
993 3942 1241 4030 divina,
1266 3966 1447 4028 quam
1475 3946 1821 4030 admittunt
1845 3946 2052 4030 Graeci
2082 3942 2816 4030 Palrcsscript‘oresque,
2855 3942 3423 4005 animadversiones
3451 3948 3731 4006 Petavii.

565 4024 735 4092 Cura
757 4029 1083 4106 prwcipua
1114 4024 1469 4106 ipsis'erat,
1496 4025 1760 4086 liberum
1788 4025 2127 4086 arbitrium
2156 4024 2324 4085 tueri
2357 4045 2376 4083 :
2405 4025 2581 4084 notio
2614 4025 2767 4102 ejus.

567 4168 669 4230 86.
701 4164 1006 4227 Ecclesiae
1031 4167 1260 4228 Graecae
1289 4164 1578 4227 Patribus
1598 4163 1804 4226 ferme
1840 4166 2231 4237 communia,
2264 4165 2341 4226 ab
2366 4166 2506 4242 ipso
2535 4166 2722 4226 etiam
2752 4164 3227 4245 Theoiihylarto
3260 4170 3493 4244 ,ιθεδίιη
3534 4185 3735 4228 usur-

490 4273 657 4344 pata,
691 4263 769 4324 ad
800 4275 1074 4329 examen
1106 4261 1391 4324 vocanda
1430 4270 1606 4335 sunt,
1644 4261 1812 4323 dicta
1845 4278 1970 4323 non
2008 4278 2210 4340 pauca
2240 4260 2313 4320 de
2339 4260 2633 4321 electione
2665 4260 2916 4329 divina,
2951 4278 3022 4322 ac
3053 4262 3632 4339 pra'destinatione,
3668 4272 3742 4325 et

486 4361 710 4439 gratia:
743 4356 1135 4430 necessitate,
1174 4355 1394 4417 minus
1430 4357 1660 4436 utique
1710 4364 1999 4418 accurata
2027 4357 2235 4434 primo
2272 4366 2556 4432 aspectu,
2591 4356 2893 4435 perplexa
2932 4367 2993 4418 et
3032 4359 3352 4436 ambigua.
3398 4362 3491 4421 Ad
3544 4369 3747 4439 caput

488 4438 630 4517 xm
672 4455 975 4529 Matthaai,
1010 4471 1071 4515 v.
1107 4452 1181 4514 lle
1213 4474 1227 4513 :
1273 4454 1466 4516 Multi
1507 4462 1654 4515 sunt
1680 4455 1917 4527 vocati,
1949 4456 2142 4533 pauci
2172 4470 2313 4513 vero
2349 4451 2545 4526 electi,
2580 4454 2670 4515 sic
2700 4453 2787 4515 ait
2817 4452 3132 4529 Bulgariaa
3159 4438 3680 4532 archiepiseonus
3721 4438 3773 4518 :\

488 4552 693 4613 Pauci
726 4552 888 4611 enim
938 4550 1046 4628 qui
1096 4545 1449 4621 salvantur,
1489 4560 1547 4611 et
1597 4551 1706 4629 qui
1736 4550 1916 4629 digni
1958 4560 2029 4611 ut
2070 4549 2386 4628 eligantur
2419 4568 2456 4608 a
2488 4550 2612 4610 Deo
2648 4571 2668 4609 :
2698 4551 2789 4610 ita
2831 4557 2903 4608 ut
2947 4549 3058 4609 Dei
3085 4546 3330 4626 quidem
3369 4549 3453 4609 sit
3481 4568 3744 4625 vocare,

490 4653 716 4710 e'ectos
745 4658 949 4707 autem
992 4645 1157 4725 ﬁeri,
1187 4645 1286 4706 vel
1330 4663 1484 4719 non,
1539 4654 1828 4707 nostrum
1862 4648 1973 4720 sit,
2006 4655 2063 4708 τὸ

2178 4652 2466 4714 ἐκλεκτοὺς
2493 4651 2744 4718 γενέσθαι
2782 4652 2814 4721 ἢ
2841 4653 2938 4721 μὴ,
2965 4651 3234 4721 ἡμέτερόν
3259 4651 3398 4704 ἐστι.
3434 4645 3527 4704 Ad
3569 4644 3746 4707 illud

492 4744 665 4821 Pauli
715 4743 991 4822 apostoli
1030 4744 1096 4804 in
1132 4740 1416 4821 Epistola
1454 4744 1532 4802 ad
1579 4745 1904 4804 Romanos
1935 4742 2139 4820 capite
2171 4756 2278 4799 νιιι
2315 4738 2524 4812 :Quos
2564 4739 2902 4816 prazscivil,
2950 4750 3008 4799 et
3048 4738 3553 4817 praedestinavit,
3606 4742 3753 4803 haec

491 4841 635 4921 ejus
662 4839 987 4901 sententia
1043 4845 1185 4900 est:
1225 4837 1713 4916 Prwcognoscit,
1759 4838 2126 4917 velprwscil
2164 4836 2327 4894 Deus
2377 4852 2479 4892 eos
2525 4835 2978 4911 quivocatione
3035 4834 3215 4913 digni
3256 4846 3460 4897 sunt:
3505 4837 3751 4900 deinde

490 4940 581 4998 sic
605 4936 1042 5015 prwdestinat.
1084 4933 1279 4994 Prior
1308 4933 1518 5012 itaque
1544 4944 1630 4994 est
1651 4934 2071 5012 prwscientia,
2100 4942 2321 5012 postea
2352 4932 2636 5011 sequitur
2659 4934 3165 5009 praedestinatio.
3209 4934 3705 4999 Prwdestinatio
3725 4969 3751 4985 -

490 5054 628 5094 nem
671 5042 877 5093 autem
911 5030 1227 5108 intelliges
1274 5028 1835 5108 impermutabilem
1863 5031 1980 5091 Dei
2015 5030 2234 5089 bonam
2261 5026 2665 5089 voluntatem.
2705 5028 3023 5090 Promovit
3054 5031 3288 5110 itaque,
3337 5030 3608 5093 Paulum
3637 5053 3760 5093 vo-

492 5131 735 5191 catione
768 5124 1094 5204 Evangelii
1123 5125 1378 5203 dignum
1411 5142 1540 5184 esse
1565 5143 1585 5185 :
1615 5124 1821 5203 sicque
1834 5125 2196 5203 prceﬁnivit,
2220 5144 2329 5184 seu
2343 5123 2842 5203 praedestinavit,
2868 5126 2983 5187 hoc
3013 5137 3125 5200 est,
3151 5128 3760 5205 impermutabiliter

493 5224 805 5290 decrevit;
836 5221 1106 5300 adeoque
1136 5221 1359 5282 statuit
1379 5238 1599 5280 vocare
1636 5221 1863 5297 ipsum.
1896 5222 2071 5281 Paria
2104 5227 2254 5282 sunt
2289 5220 2359 5281 in
2388 5220 2528 5299 ejus
2558 5222 3050 5282 Commentariis
3087 5222 3293 5300 plura.
3324 5225 3756 5289 Innotescere

499 5320 752 5381 videtur
792 5321 875 5395 1.)
925 5316 1148 5379 liberis
1188 5315 1551 5378 actionibus
1587 5315 2050 5393 prtescientiam
2089 5318 2285 5379 tribui
2320 5338 2334 5378 :
2372 5317 3002 5395 prmdestinationem
3040 5319 3125 5379 iis
3161 5335 3306 5399 quas
3359 5320 3562 5382 libero
3610 5339 3757 5387 non

497 5416 775 5477 subsunt
798 5413 1104 5487 arbitrio;
1135 5413 1222 5490 2.)
1247 5408 1415 5488 Eligi
1440 5426 1475 5472 a
1509 5413 1660 5483 Deo,
1695 5410 1805 5489 qui
1833 5410 1963 5491 jam
1994 5413 2169 5493 digni
2203 5425 2355 5476 sunt
2384 5432 2457 5475 ac
2488 5415 2728 5489 devoti,
2754 5422 2860 5477 aut
2905 5424 3392 5493 prmnoscuntur
3424 5417 3616 5492 tales;
3653 5420 3759 5501 3.)

496 5511 671 5573 Fieri
699 5510 956 5587 dignos,
992 5508 1283 5586 adeoque
1321 5514 1383 5569 et
1419 5506 1681 5580 electos,
1720 5517 2005 5568 nostrum
2039 5527 2184 5572 esse
2224 5532 2238 5571 :
2275 5511 2394 5572 hoc
2428 5520 2547 5583 est,
2587 5511 2773 5573 liberi
2802 5513 3049 5574 arbitrii
3095 5528 3284 5590 Opus,
3332 5530 3459 5574 non
3499 5515 3783 5592 gratiae-

577 5603 676 5667 87.
709 5605 989 5665 Joannes
1038 5601 1586 5681 OEcolampadius
1638 5601 1705 5663 in
1742 5604 1912 5663 calce
1955 5607 2437 5669 Enarrationum
2496 5609 2702 5686 ipsius
2745 5609 3207 5687 TheOphylacti
3254 5610 3319 5671 in
3369 5611 3768 5687 Evangelia,

500 5701 597 5762 sic
618 5701 1064 5763 animadvertit
1101 5717 1113 5760 :
1151 5722 1179 5755 α
1213 5698 1534 5772 Quoniam
1568 5698 1828 5760 electum
1867 5701 2006 5779 ﬁeri
2040 5702 2307 5782 intelligi
2362 5714 2571 5783 potest
2616 5720 2729 5782 pro
2776 5704 2910 5779 ipsa
2940 5704 3175 5766 divinas
3219 5690 3553 5766 electionis
3586 5724 3780 5785 prm-

501 5796 1040 5863 dest'mationisve
1091 5794 1479 5876 impletione,
1514 5813 1661 5874 quae
1708 5813 2117 5877 nequaquam
2171 5801 2232 5861 lit
2270 5802 2434 5861 citra
2468 5801 2734 5863 hominis
2774 5804 3302 5880 cooperationem,
3346 5801 3527 5881 juxta
3578 5800 3775 5868 illud
