3984 6562
263 440 354 507 105
1079 430 1177 491 DE
1207 428 1787 492 THEOPIIYLACTI
1828 428 2099 489 GESTIS
2133 428 2229 487 ET
2271 427 2635 487 SCRH‘TIS.
3393 416 3493 483 106

260 543 380 607 divi
414 537 610 601 Petri:
641 538 949 618 Satagite,
987 546 1059 600 ut
1108 556 1225 618 per
1255 540 1417 601 bona
1450 555 1642 617 opera
1676 547 1906 599 certam
1950 547 2222 599 vestram
2245 539 2657 598 'vocationem
2702 543 2755 595 et
2799 534 3157 596 electionem
3196 532 3481 611 faciatis;

264 644 578 719 eaturOpter
603 634 769 696 illud
808 636 885 707 ab
915 644 1174 697 auctore
1205 646 1545 703 assertum,
1584 634 1807 695 electos
1846 633 1987 714 ﬁeri
2016 635 2113 696 vel
2146 654 2296 706 non,
2344 644 2632 695 nostrum
2664 642 2778 704 est,
2815 649 2965 694 eum
3015 640 3219 710 potest
3266 631 3489 692 subire

258 749 520 798 sensum.
558 754 585 787 ιο
620 730 1013 793 Catholicum
1063 749 1326 793 sensum
1374 731 1849 811 amplectimur.
1909 734 1990 793 At
2043 733 2109 793 in
2160 731 2532 793 Pra'l‘atione
2580 731 2656 792 ad
2706 731 3034 791 Lectorem
3092 728 3184 789 sic
3231 727 3485 790 aiebat:

260 855 286 889 ι
313 830 824 909 Chrysostomum
856 829 1153 908 sequitur
1186 826 1714 907 TbeOphylactus
1769 825 1848 889 de
1893 829 2093 890 libero
2142 828 2403 891 arbitrio
2458 845 2529 891 ac
2572 827 2719 901 fide,
2770 833 2833 887 et
2867 826 3256 905 quibusdam
3286 824 3433 888 aliis
3469 846 3486 884 :

261 937 312 991 et
338 925 590 1005 proinde
620 924 686 986 in
719 923 1113 1003 quibusdam
1150 924 1654 1001 interpretandis
1690 923 2041 986 violentior
2069 927 2190 1002 [Ll]
2221 934 2339 986 est.
2372 924 2557 1000 Quod
2601 923 2902 994 dixerim,
2941 934 3004 982 ut
3042 924 3105 983 in
3146 926 3263 983 hoc
3303 932 3489 984 tuum

260 1024 537 1087 adhibeas
561 1021 918 1101 judicium,
945 1021 1061 1101 qui
1098 1027 1156 1082 te
1181 1020 1341 1082 solis
1373 1020 1704 1082 canonicis
1736 1021 2085 1100 Scripturis
2122 1021 2448 1084 addictum
2484 1022 2677 1084 nosti.
2721 1044 2750 1078 ››
2788 1019 2964 1081 Solas
3012 1020 3085 1080 ad
3102 1028 3279 1080 vocat
3312 1018 3485 1080 Scri-

259 1131 452 1204 pturas
481 1119 848 1193 canonicas,
923 1118 1337 1181 traditionem
1362 1117 1608 1180 scilicet
1641 1120 1895 1180 Patrum
1931 1118 2263 1199 rejiciens,
2296 1118 2701 1181 beterodoxo
2735 1117 3025 1178 imbutus
3057 1132 3310 1188 errore;
3359 1132 3488 1194 quo

258 1223 426 1283 etiam
459 1224 1009 1298 praeoccupatum,
1047 1214 1405 1277 universali
1431 1215 1689 1276 Patrum
1713 1214 1966 1293 judicio
2003 1216 2071 1277 in
2102 1215 2512 1294 exponendis
2547 1214 2845 1295 Eloquiis
2878 1213 3121 1275 divinis
3167 1213 3487 1291 privatum

259 1316 534 1397 praeferre
573 1314 897 1394 cujusque
923 1313 1247 1393 judicium
1287 1329 1519 1374 ausum
1558 1329 1725 1382 esse,
1775 1312 2105 1376 adnotavit
2136 1312 2497 1374 Richardus
2535 1311 2870 1373 Simonius
2922 1312 2988 1373 in
3025 1311 3319 1372 Historia
3356 1311 3489 1372 cri-

257 1419 364 1477 tica
394 1415 453 1473 in
485 1411 566 1474 Ν.
604 1413 701 1485 Τ.,
735 1419 912 1473 tomo
945 1411 1051 1483 ιν,
1092 1410 1296 1488 capite
1322 1411 1425 1484 28,
1460 1427 1603 1490 pag.
1639 1410 1779 1471 395.

212 1526 219 1532 '
321 1510 425 1571 Sed
465 1510 604 1587 ipse
640 1507 971 1569 Simonius
1002 1505 1465 1585 Theopbylacti
1495 1507 1848 1568 doetriuam
1872 1504 1945 1566 de
1977 1506 2270 1569 electione
2318 1505 2533 1569 divina
2560 1524 2632 1568 ac
2656 1507 3209 1587 prcedestinatione
3255 1516 3310 1568 et
3340 1524 3490 1587 gra-

267 1608 344 1669 tia
374 1622 440 1667 ea
483 1607 731 1665 ratione
766 1603 1077 1665 vindicat:
1129 1605 1304 1683 quod
1343 1609 1623 1663 veterem
1675 1601 1974 1665 Ecclesim
2015 1605 2247 1666 (irascar
2289 1604 2473 1665 fidem
2522 1604 2838 1684 Bulgarus
2893 1604 3144 1679 afferat,
3188 1603 3490 1667 dissitam

255 1706 487 1786 quidem
521 1702 608 1764 ab
667 1700 1011 1779 Augustini
1056 1700 1486 1767 documentis,
1544 1709 1606 1762 et
1660 1699 2016 1777 Pelagianis
2056 1702 2245 1763 etiam
2275 1701 2607 1763 adversam
2666 1701 2995 1765 erroribus
3040 1718 3056 1758 :
3101 1701 3486 1780 doceatque,

253 1800 597 1884 generalem
640 1797 996 1859 vocationis
1027 1795 1294 1874 gratiam
1330 1795 1605 1858 conferri
1638 1813 1672 1857 a
1706 1797 1863 1872 Deo,
1897 1812 2021 1877 qua
2060 1796 2227 1859 bona
2261 1797 2472 1858 omnis
2502 1796 2566 1858 in
2597 1795 2972 1858 hominibus
3005 1796 3377 1875 dispositio,
3417 1813 3490 1858 ac

256 1900 528 1963 voluntas
564 1893 864 1958 salutaris
898 1893 1293 1972 praevenitur
1339 1912 1355 1951 :
1404 1901 1464 1955 et
1494 1892 1654 1956 hanc
1689 1893 1844 1955 satis
1880 1911 2044 1965 esse,
2073 1909 2201 1971 qua
2232 1892 2508 1954 liberum
2544 1893 2881 1955 arbitrium
2916 1902 3334 1972 praeventum,
3372 1908 3487 1953 vo-

254 1995 398 2060 cauti
430 1996 569 2056 Deo
609 1998 1019 2072 cooperetur.
1049 1990 1411 2053 Simonium
1457 1991 1544 2053 ita
1588 1992 1840 2054 Graecos
1884 1997 2169 2052 vetustos
2229 1989 2443 2051 Patres
2476 1990 2981 2052 committentem
3050 2007 3195 2052 cum
3257 1993 3486 2070 Augu-

259 2098 431 2164 stino,
456 2087 893 2170 etAugustini
925 2086 1277 2150 doctrinam
1302 2086 1501 2150 veluti
1528 2102 1759 2151 novam
1787 2088 2249 2163 traducentem,
2281 2088 2409 2167 jam
2458 2086 2567 2149 alii
2598 2088 2990 2167 castigarunt
3040 2086 3485 2166 theologorum

254 2187 615 2252 doctissimi.

317 2288 405 2350 83.
437 2283 817 2347 Ludovicus
855 2280 1324 2346 Thomassinus
1358 2282 1805 2347 consulendus
1835 2287 1957 2359 est,
1991 2280 2104 2363 qui
2152 2279 2321 2344 libro
2373 2299 2443 2343 ix
2470 2280 2559 2342 De
2618 2282 2747 2344 Deo
2792 2283 3027 2362 Deique
3067 2284 3485 2363 proprietati-

255 2384 370 2456 bus,
403 2381 721 2443 latissime
757 2389 820 2442 et
849 2379 1109 2460 egregie
1142 2379 1407 2441 disserit
1438 2378 1890 2443 de-necessaria
1936 2380 2304 2443 Grecorum
2347 2379 2841 2462 Latinorumque
2890 2383 3177 2457 Patrum,
3208 2383 3318 2464 qui
3353 2383 3487 2444 Au-

252 2480 551 2559 gustinum
578 2486 1061 2557 prmeesserunt,
1089 2477 1429 2540 concordia
1460 2496 1600 2538 cum
1631 2477 1839 2539 eodem
1862 2478 2218 2558 Augustino
2251 2480 2503 2560 ejusque
2564 2479 2984 2568 sectatoribus
3015 2482 3082 2542 in
3116 2479 3485 2559 lheologicis

252 2573 313 2636 de
337 2573 892 2656 prcedestinatione
921 2582 979 2634 et
999 2574 1210 2652 gratia
1239 2571 1825 2653 disceptationibus.
1855 2574 2024 2637 Hinc
2054 2574 2594 2655 prudentissimas
2624 2592 2696 2637 ac
2738 2592 2890 2638 sane
2936 2586 3260 2639 accuratas
3308 2576 3484 2638 Tho—

259 2668 567 2733 massinus
616 2668 781 2749 ipse,
831 2676 892 2730 et
928 2679 1113 2731 antea
1156 2670 1512 2751 Dionysius
1556 2671 1857 2733 Petavius
1921 2670 2085 2733 libro
2124 2690 2195 2733 ιχ
2224 2673 2315 2733 De
2359 2671 2944 2755 prcedestinatione,
2991 2689 3174 2752 capp.
3218 2674 3279 2747 3,
3321 2672 3381 2747 ιι,
3422 2675 3484 2746 5,

255 2769 767 2847 prtescripserunt
801 2767 1081 2844 regulas,
1113 2767 1189 2828 ad
1223 2773 1474 2829 veteres
1501 2768 1774 2830 maxime
1806 2769 2057 2831 Graecos
2091 2767 2285 2831 hocce
2321 2769 2384 2830 in
2412 2775 2791 2848 argumento
2818 2771 2937 2829 rite
2966 2767 3484 2848 interpretandos

255 2865 521 2944 apprime
574 2862 793 2926 utiles.
837 2862 954 2923 His
1015 2862 1285 2925 anteivit
1350 2862 1572 2926 Sixtus
1630 2864 1937 2928 Senensis
1990 2865 2056 2926 in
2117 2864 2509 2928 Bibliotheca
2558 2874 2800 2939 sancta,
2856 2864 3022 2927 libro
3076 2884 3167 2941 vt,
3222 2867 3487 2929 adnota-

256 2960 405 3022 tione
430 2960 577 3030 251,
611 2959 725 3038 qui
759 2957 881 3019 sibi
917 2959 1146 3020 ducem
1170 2959 1235 3020 in
1270 2959 1385 3022 hac
1415 2961 1512 3022 via
1552 2961 1834 3024 ineunda
1859 2969 2153 3025 sanctum
2174 2964 2484 3025 Thomam
2524 2962 2912 3043 Aquinatem
2958 2964 3315 3044 proposuit.
3365 2965 3489 3026 Do-

255 3059 675 3121 ctissimorum
707 3055 985 3131 virorum
1011 3063 1072 3119 et
1094 3071 1211 3135 ego
1243 3057 1512 3137 vestigia
1548 3059 1880 3138 inSequor.

322 3153 475 3217 Sitti
504 3152 812 3216 Senensis
850 3154 1041 3215 verba
1073 3160 1225 3215 sunt
1258 3175 1272 3215 :
1299 3154 1379 3214 In
1422 3154 1716 3235 operibus
1745 3157 2102 3230 electorum,
2126 3175 2165 3216 a
2194 3155 2411 3219 divina
2435 3155 2998 3237 prcedestinatione
3021 3159 3337 3237 prwcisis,
3366 3157 3485 3219 du—

254 3251 459 3331 plicem
495 3267 696 3311 causa:
737 3250 1048 3312 rationem
1090 3251 1371 3328 spectari
1400 3269 1606 3331 posse,
1656 3253 2046 3313 meritoriam
2076 3253 2317 3313 scilicet
2358 3261 2415 3313 et
2460 3252 2731 3333 finalem.
2777 3254 2943 3315 Hinc
2983 3255 3203 3333 regula
3258 3255 3485 3334 prima.

260 3371 284 3404 α
315 3349 369 3409 Si
409 3366 668 3408 causam
708 3346 1101 3407 meritoriam
1150 3347 1655 3426 inspexerimus,
1698 3366 1891 3411 nosse
1936 3356 2211 3428 oportet,
2255 3349 2544 3411 ordinem
2591 3350 2829 3412 divinae
2872 3352 3290 3428 providen‘tim
3339 3370 3489 3433 erga

260 3446 480 3506 electos
501 3444 747 3523 gemina
781 3441 1093 3522 graduum
1114 3444 1418 3504 varietate
1447 3444 1798 3521 distingui:
1827 3461 2102 3524 quorum
2139 3445 2245 3506 alii
2272 3444 2641 3525 praecedunt
2662 3447 3076 3526 gratiﬁcantis
3097 3449 3318 3527 gratim
3346 3467 3494 3512 sus-

258 3542 631 3620 ceptionem,
666 3557 786 3601 ceu
811 3538 1086 3613 dilectio,
1110 3538 1352 3614 electio,
1385 3542 1797 3620 conscriptio,
1816 3540 2312 3621 prcedestinatio,
2334 3543 2603 3614 vacatio,
2620 3543 3106 3624 justiﬁeationis
3131 3547 3491 3615 inchoatio:

259 3640 353 3699 alii
392 3655 542 3699 vero
573 3637 987 3717 gratiﬁcantis
1015 3637 1232 3716 gratim
1250 3639 1729 3716 susceptionem
1755 3646 2122 3718 sequuntur,
2159 3637 2383 3717 quales
2414 3646 2567 3700 sunt
2593 3639 2817 3719 gratim
2846 3641 3080 3716 auctio,
3100 3641 3377 3724 justitioe
3401 3645 3496 3707 in-

260 3745 638 3807 crementum,
666 3750 719 3795 et
756 3746 997 3793 ceter-nte
1021 3732 1349 3813 felicitatis
1386 3733 1661 3813 adeptio.
1700 3735 1764 3796 Si
1796 3733 1992 3811 igitur
2009 3744 2355 3814 qumratur,
2399 3735 2499 3795 An
2521 3753 2780 3816 operum
2802 3747 3168 3799 nostrorum
3194 3744 3490 3820 prtevzsio

261 3833 334 3891 sit
362 3851 548 3892 causa
586 3831 925 3891 meritoria
971 3830 1467 3909 prwcedenlium
1503 3831 1836 3910 graduum,
1865 3833 2233 3910 negandum
2283 3840 2380 3895 est
2422 3850 2711 3911 prorsus,
2760 3852 2840 3896 ne
2893 3836 3232 3900 videamur
3262 3841 3493 3903 conni-

260 3947 389 3991 vere
430 3926 791 4008 Pelagianis
823 3927 1221 4000 dicentibus,
1279 3927 1474 3987 Deum
1509 3929 1736 3987 merita
1764 3936 1985 3987 nostra
2018 3927 2081 3987 in
2115 3945 2229 3987 sua
2253 3929 2652 4006 prwscientia
2696 3930 2975 4009 elegisse.
3004 3933 3078 3993 Et
3103 3932 3288 4012 juxta
3330 3935 3492 4000 hanc

263 4024 629 4087 sententiam
680 4022 1144 4102 interpretandi
1188 4032 1342 4084 sunt
1378 4038 1605 4084 omnes
1640 4024 1874 4097 Patres,
1907 4024 2020 4103 qui
2054 4034 2357 4086 (sternam
2390 4026 2506 4086 Dei
2542 4025 2933 4090 electionem
2966 4046 3038 4092 ac
3065 4033 3490 4109 prmdestina-

263 4122 491 4181 tionem
544 4138 621 4180 ea:
643 4119 779 4180 sola
819 4120 935 4180 Dei
968 4119 1204 4197 gratia,
1239 4118 1437 4180 nullis
1471 4119 1763 4198 prcevisis
1792 4121 2062 4194 meritis,
2093 4119 2433 4183 definiunt.
2460 4121 2524 4183 Si
2559 4140 2711 4186 vero
2748 4125 3101 4206 interroget
3135 4128 3488 4208 quispiam,

267 4218 475 4279 Utrum
519 4224 838 4295 sequentes
890 4213 1095 4276 divini
1134 4215 1381 4276 ordinis
1418 4214 1655 4294 gradus
1701 4216 1769 4276 in
1813 4213 2029 4276 divina
2064 4217 2446 4296 prcevisione
2478 4236 2730 4279 causam
2765 4219 3036 4283 habeant
3077 4224 3488 4297 meritoriam,

267 4314 474 4389 procul
515 4313 712 4374 dubio
748 4311 1275 4390 respondendum
1320 4320 1439 4386 est,
1476 4312 1679 4373 Deum
1710 4311 1787 4373 ab
1813 4321 2054 4375 mterno
2086 4314 2455 4377 decrevisse
2484 4317 2782 4379 daturum
2815 4335 2885 4381 se
2934 4318 3330 4384 incrementa
3359 4329 3516 4386 am-‘

272 4409 480 4484 plioris
526 4409 746 4489 gratiae
794 4408 887 4469 bis
922 4408 1035 4488 qui
1072 4407 1235 4468 bene
1284 4408 1466 4470 usuri
1520 4414 1737 4470 essent
1784 4407 1993 4488 primo
2034 4409 2450 4490 justiﬁcantis
2490 4412 2711 4492 gratia)
2759 4413 2964 4477 dono:
3005 4432 3079 4479 ac
3140 4419 3375 4482 deinde
3410 4422 3493 4484 ob

270 4506 475 4566 merita
508 4506 673 4568 bene
706 4505 1265 4585 servatmjustitim
1296 4506 1698 4567 redditurum
1743 4523 1811 4567 se
1850 4506 1946 4568 eis
1996 4511 2321 4585 perpetua;
2354 4506 2772 4571 beatitudinis
2807 4526 3137 4575 coronam.
3174 4517 3383 4596 Atque
3415 4524 3493 4579 ad

269 4598 429 4664 hunc
466 4618 732 4664 sensum
768 4600 1169 4674 conabimur,
1201 4600 1410 4679 quoad
1449 4601 1582 4663 ﬁeri
1626 4602 1882 4680 poterit,
1923 4604 2405 4667 accommodare
2444 4605 2696 4686 aliquas
2735 4624 2814 4670 ex
2858 4609 3206 4686 prasmissis
3237 4612 3495 4674 Patrum

270 4699 621 4774 sententiis,
654 4714 799 4779 quae
835 4697 1203 4776 prtevisioni
1241 4699 1614 4760 meritorum
1646 4700 1967 4763 ascribere
2003 4701 2302 4763 videntur
2333 4701 2716 4767 electionem
2749 4714 2809 4767 et
2836 4705 3491 4784 praedestinationem,

275 4794 386 4859 hoc
428 4806 519 4860 est
561 4795 1152 4876 prmdestinationis
1185 4805 1241 4857 et
1277 4797 1597 4861 electionis
1650 4796 2183 4878 conzplementum,
2230 4798 2367 4860 sive
2392 4810 2713 4879 sequentes
2764 4811 2820 4863 et
2846 4803 3231 4881 posteriores
3260 4803 3497 4883 gradus

271 4886 457 4950 divini
485 4890 752 4951 ordinis.
790 4891 975 4962 Quod
1013 4889 1338 4951 interdum
1371 4891 1612 4965 Patres,
1658 4897 1859 4951 totum
1893 4910 1927 4954 a
1968 4903 2144 4973 parte
2186 4894 2711 4972 denominantes,
2755 4898 3139 4961 electionem
3192 4899 3287 4961 vel
3338 4920 3500 4981 prae-

275 4987 749 5048 destinationem
780 4983 1130 5065 appellant.
1177 5009 1205 5040 ι,
3376 4997 3383 5003 ‘

347 5080 427 5142 Ait
461 5084 634 5146 hunc
674 5082 958 5144 revocari
995 5079 1387 5147 catholicum
1415 5101 1681 5146 sensum
1718 5084 2025 5150 facillime
2060 5085 2332 5167 possunt
2366 5090 2833 5172 TbeOphylacti
2876 5096 3220 5159 sententite
3255 5096 3497 5175 plures.

277 5177 358 5237 Ad
385 5188 565 5258 caput
595 5197 737 5241 xm
774 5177 1077 5253 Mattbaai,
1114 5177 1210 5248 ile,
1246 5179 1333 5240 ait
1382 5201 1398 5240 :
1438 5179 1665 5242 Gratia
1699 5184 1860 5245 enim
1888 5183 2024 5246 sola
2054 5202 2259 5245 omnes
2282 5189 2490 5249 vocati
2511 5207 2746 5263 sumus,
2773 5198 2898 5250 tam
2933 5189 3087 5253 boni
3111 5211 3294 5273 quam
3325 5196 3497 5256 mali.

281 5274 339 5333 In
369 5278 555 5354 prima
584 5276 945 5346 vocatione,
1005 5291 1151 5354 quae
1196 5275 1400 5352 posita
1437 5285 1531 5338 est
1569 5278 1633 5339 in
1659 5287 1835 5341 motu
1882 5283 2080 5344 animi
2126 5283 2447 5359 interiori,
2490 5288 2628 5347 sive
2672 5287 2754 5347 sit
2799 5286 3195 5353 illuminatio
3243 5298 3496 5364 mentis,

285 5372 401 5435 sive
427 5375 635 5437 cardis
666 5374 1109 5448 inﬂammatio,
1130 5372 1337 5435 solum
1363 5376 1710 5454 gratuitum
1735 5377 1935 5459 fulget
1965 5379 2078 5441 Dei
2114 5380 2555 5460 donum,quin
2583 5381 2805 5445 ullaex
2834 5392 3006 5463 parte
3022 5393 3236 5450 nostra
3258 5405 3498 5467 prince-

281 5470 368 5533 dat
388 5474 545 5535 bona
571 5473 772 5535 libera
801 5470 1100 5533 salutaris
1123 5471 1488 5550 dispositio.
1525 5472 1645 5535 Sed
1667 5483 1939 5538 attamen
1973 5478 2066 5541 sic
2096 5478 2181 5539 ait
2212 5477 2320 5540 ille
2344 5480 2420 5540 ad
2462 5488 2648 5557 caput
2682 5499 2795 5542 vm
2827 5482 2905 5546 ad
2936 5484 3292 5547 Romanos:
3334 5486 3500 5546 Ρνανο

285 5571 381 5630 scit
425 5574 586 5632 Deus
618 5589 719 5630 eos
754 5570 863 5650 qui
890 5569 1215 5630 vocatione
1260 5569 1438 5648 digni
1471 5582 1640 5633 sunt.
1677 5573 1837 5636 Aliae
1860 5584 2013 5637 sunt
2046 5575 2351 5637 nimirum
2396 5576 2763 5640 vocationes
2791 5579 2871 5649 ad,
2923 5579 3233 5660 ampliora
3282 5582 3498 5645 chari-

288 5675 494 5728 smata:
535 5683 597 5729 et
633 5668 765 5729 haec
802 5683 836 5727 a
864 5668 998 5728 Deo
1029 5664 1113 5726 iis
1149 5663 1599 5743 conferuntur,
1629 5686 1794 5749 quos
1829 5671 1999 5734 bono
2030 5671 2267 5751 prioris
2307 5672 2531 5752 gratiae
2570 5693 2694 5736 usu
2728 5675 3004 5754 dignos,
3058 5683 3119 5738 et
3171 5686 3375 5757 aptus,
3426 5695 3497 5742 ac

292 5761 604 5841 dispositos
630 5763 991 5841 praenoscit.

354 5859 525 5925 Hunc
557 5861 835 5923 reddunt
866 5877 1160 5935 sensum,
1195 5874 1342 5940 quae
1374 5861 1649 5944 legnnus
1673 5866 1860 5929 verba
1891 5860 1965 5929 ad
2002 5874 2191 5947 caput
2239 5885 2294 5927 vt
2327 5868 2591 5930 Joannis
2623 5888 2677 5930 v.
2713 5869 2821 5932 37':
2856 5869 3255 5933 «Ostendens
3282 5876 3497 5933 autem

577 5970 849 6029 PATBOL.
898 5967 1016 6028 Gn.
1058 5966 1326 6030 CXXIII.
3128 5984 3165 6039 4
