3984 6596
454 355 555 474 10"}
1304 410 1528 471 BERN.
1574 410 1839 470 MARl/E
1876 409 1976 470 DE
2010 410 2297 471 ltUBEIS
2339 413 2845 475 DISSERTATIO
3602 419 3701 482 108

452 524 627 584 Deus
659 517 829 599 quod
855 516 1007 596 ﬁdes
1035 535 1169 599 qua:
1189 518 1257 579 in
1287 518 1629 591 Christum,
1658 534 1784 580 non
1825 519 2102 597 vulgaris
2133 521 2447 599 quaepiam
2483 538 2587 585 res
2619 522 2726 597 sit,
2772 522 2885 583 sed
2938 523 3163 585 donum
3198 523 3597 601 Dei,.diguis
3639 534 3699 588 et

448 617 645 682 rectis
669 614 864 679 corde
905 630 940 677 a
982 615 1164 677 Patre
1192 614 1438 689 datum,
1465 615 1621 677 dicit
1661 615 1835 694 quod
1872 633 2049 675 omne
2096 616 2262 694 quod
2304 618 2412 679 dat
2437 619 2594 681 mihi
2623 619 2838 690 Pater,
2872 619 2952 680 ad
2999 637 3089 680 me
3128 621 3354 693 veniet,
3421 619 3543 683 hoc
3577 631 3698 697 est,

448 713 547 774 illi
572 710 838 776 credent
875 709 942 774 in
975 727 1102 786 me,
1126 725 1291 790 quos
1328 708 1433 772 dat
1465 709 1622 771 mihi
1652 713 1854 772 Pater.
1890 711 2019 772 Vos
2053 712 2210 790 [LII]
2244 720 2481 788 autem,
2520 715 2746 788 Judaei,
2776 733 2923 778 cum
2962 716 3209 795 indigni
3243 716 3413 791 sitis,
3438 733 3570 781 non
3593 717 3701 779 da-

444 808 609 871 ωἱοί
654 806 814 868 mihi
847 823 881 868 a
909 810 1129 869 Patre:
1161 814 1499 889 propterea
1534 823 1745 886 neque
1785 806 2024 869 venitis
2060 808 2138 870 ad
2166 826 2291 883 me,
2319 827 2532 890 neque
2557 812 2807 875 habetis
2839 821 3083 876 rectum
3115 829 3259 887 cor,
3295 822 3363 876 ut
3396 830 3510 876 vos
3545 813 3700 876 dili-

447 921 608 984 gens
640 905 813 965 Deus
846 919 908 965 et
944 905 1129 967 Pater
1152 904 1343 967 ducat
1374 912 1449 966 ad
1484 919 1692 965 meum
1734 903 1945 964 ﬁdem.
1983 926 2013 959 ι»
2045 906 2276 984 Agitur
2308 908 2386 968 de
2435 910 2738 984 praeclaro
2772 908 2918 989 ﬁdei
2948 909 3159 971 dono:
3208 910 3385 990 quod
3420 911 3698 974 maxime

446 1000 679 1062 donum
710 999 826 1061 Dei
861 999 1240 1078 appellatur.
1275 1001 1511 1062 Verum
1544 998 1720 1061 istud
1748 1014 1875 1059 non
1907 999 2098 1062 datur
2127 1002 2259 1064 nisi
2290 1001 2501 1082 dignis
2533 1013 2590 1066 et
2622 1005 2812 1066 rectis
2845 1005 3054 1079 corde,
3105 1004 3234 1066 illis
3273 1023 3504 1085 nempe
3545 1025 3700 1087 quos

450 1096 556 1159 dat
586 1096 801 1172 Pater,
834 1094 1112 1176 aliisque
1146 1094 1661 1175 prmcedentibus
1699 1092 1920 1175 gratiae
1950 1095 2218 1160 auxiliis
2258 1097 2481 1181 dignos
2510 1102 2667 1181 facit
2698 1109 2758 1163 et
2785 1110 2991 1163 rectos
3017 1099 3228 1176 corde,
3256 1102 3377 1166 hec
3404 1111 3501 1165 est
3531 1102 3698 1166 bene

446 1192 550 1273 dis
560 1192 829 1271 positos.

443 1350 457 1362 ,
528 1294 625 1355 Ad
668 1311 726 1354 v.
764 1293 845 1355 39
873 1292 969 1356 sic
998 1292 1121 1355 ait:
1161 1314 1192 1351 κ
1218 1295 1372 1356 Nam
1420 1292 1474 1355 si
1516 1292 1697 1357 Pater
1721 1300 1848 1366 dat,
1883 1300 1953 1355 ut
1987 1309 2290 1372 magnum
2345 1296 2678 1376 quiddam,
2713 1296 2971 1376 dignam
3015 1297 3082 1358 in
3125 1295 3447 1361 Christum
3481 1297 3697 1370 tidem,

448 1390 578 1472 ipsi
612 1396 826 1452 autem
860 1388 1034 1451 illam
1063 1406 1190 1453 non
1225 1389 1487 1463 habent,
1545 1388 1956 1452 manifestum
1986 1397 2082 1451 est
2117 1392 2294 1471 quod
2327 1392 2500 1455 dono
2534 1392 2653 1455 Dei
2717 1392 3104 1455 exciderint.
3141 1414 3171 1448 »
3224 1394 3476 1455 Donum
3523 1394 3700 1455 scili-

442 1485 827 1565 ,cetDei,}vel
857 1490 1184 1566 receptum
1203 1485 1646 1548 incredulitate
1678 1485 2076 1566 rejecerunt:
2106 1485 2198 1548 vel
2225 1490 2578 1567 quominus
2600 1487 2808 1566 ipsum
2832 1489 3214 1568 reciperent,
3235 1486 3696 1568 impedimenta

446 1598 839 1669 apposuere,
890 1580 1403 1659 prmcedentibus
1440 1580 1657 1659 gratim
1687 1580 2001 1642 subsidiis
2037 1580 2394 1644 abutentes.

524 1684 602 1745 Et
631 1680 711 1744 ad
731 1700 787 1743 v.
811 1681 888 1742 ιιῐι
904 1681 1092 1744 verba
1109 1688 1295 1743 sunt:
1322 1704 1349 1737 α
1370 1678 1601 1744 Nullus
1610 1689 1821 1760 potest
1840 1679 1920 1740 ad
1934 1698 2023 1740 me
2047 1684 2276 1758 venire,
2291 1682 2417 1745 nisi
2432 1681 2619 1743 Pater
2644 1683 2920 1745 traxerit
2940 1700 3096 1746 eum.
3118 1684 3254 1746 Hoc
3276 1692 3488 1746 autem
3508 1684 3693 1759 dicit,

445 1764 673 1845 nonut
712 1776 1073 1841 libertatem
1107 1778 1286 1841 tollat
1308 1777 1597 1841 arbitrii:
1626 1776 1825 1851 absit;
1857 1778 1971 1839 sed
2004 1796 2018 1840 ι

2120 1781 2419 1851 >stendat,
2449 1787 2532 1842 ὅτι
2562 1787 2767 1857 πολλῆς
2792 1788 2966 1843 δεῖται
3018 1791 3338 1862 συνεργείας
3379 1789 3532 1859 παρὰ
3554 1791 3693 1847 Θεοῦ

445 1889 476 1941 ὁ
506 1885 718 1957 μέλλων
746 1884 1061 1952 πιστεύσαι,
1086 1877 1260 1958 quod
1277 1876 1477 1938 multa
1497 1874 1723 1938 habeat
1743 1891 1907 1954 opus
1931 1893 2018 1935 σοι

2117 1878 2373 1939 ratione
2399 1894 2431 1939 a
2458 1879 2592 1939 Deo
2618 1877 2672 1939 is
2697 1877 2809 1959 qui
2833 1879 3200 1943 crediturus
3225 1884 3344 1941 est.
3370 1879 3446 1939 Et
3466 1878 3690 1943 aliter:

443 1976 597 2043 Illos
638 1976 830 2039 trahit
869 1978 1077 2049 Pater,
1126 1972 1239 2054 qui
1279 1972 1514 2035 habent
1542 1970 1885 2061 uoluntatis
1921 1972 2373 2051 aptitudinem;
2412 1990 2523 2036 eos
2568 1982 2782 2038 autem
2819 1976 2934 2055 qui
2964 1975 3217 2054 seipsos
3268 1991 3398 2038 nou
3447 1973 3696 2039 faciunt

446 2075 743 2151 idoneos,
776 2088 904 2136 non
936 2070 1128 2134 trahit
1154 2071 1231 2132 ad
1271 2070 1479 2132 ﬁdem.
1508 2092 1538 2127 ››
1569 2070 1686 2130 His
1711 2068 1943 2130 donum
1970 2067 2232 2130 sublime
2259 2069 2408 2150 ﬁdei
2437 2071 2843 2146 conceditur,
2873 2073 2986 2153 qui
3019 2092 3083 2133 se
3111 2071 3367 2135 idoneos
3412 2073 3697 2152 faciunt:

447 2172 564 2234 sed
589 2171 722 2234 haec
756 2171 984 2251 prmvia
1017 2168 1314 2247 aptitudo
1343 2185 1415 2230 ac
1446 2167 1643 2229 libera
1670 2176 1730 2229 et
1762 2168 1929 2228 bona
1961 2166 2309 2245 dispositio
2371 2169 2608 2230 adsunt
2644 2168 2727 2230 iis
2752 2168 2864 2249 qui
2896 2170 3219 2247 prioribus
3242 2170 3461 2249 gratim
3488 2171 3684 2233 donis

443 2268 612 2333 bene
632 2275 947 2341 utuntur;
987 2266 1158 2327 unde
1190 2260 1510 2325 creditura
1543 2260 1798 2325 multam
1843 2281 2001 2342 opus
2032 2280 2160 2324 esse
2181 2282 2220 2324 a
2246 2264 2368 2325 Deo
2398 2266 2928 2344 cooperationem,
2963 2265 3222 2344 egregie
3255 2265 3438 2329 decet
3471 2268 3519 2327 Τ
3523 2265 3694 2328 heo-

444 2362 807 2444 phylactus,
850 2368 984 2422 tum
1047 2376 1194 2440 qum
1236 2358 1423 2421 ﬁdem
1491 2358 1697 2437 ipsam
1749 2357 2142 2438 impertitur,
2184 2366 2317 2421 tum
2355 2375 2503 2440 qum
2544 2358 2652 2438 pia
2706 2358 3028 2423 desideria
3069 2356 3485 2440 inspirat,’ac
3520 2361 3694 2425 bene

444 2456 735 2535 disponit
771 2455 1081 2518 animum.

520 2555 824 2617 89.11am
865 2552 1129 2630 primam
1169 2565 1205 2612 a
1250 2550 1432 2613 Sixto
1471 2550 1737 2611 Senensi
1774 2548 2188 2612 constitutam
2237 2548 2522 2630 regulam
2576 2548 2877 2628 pluribus
2928 2549 3211 2613 illustrat
3256 2550 3557 2614 Petavius
3601 2552 3688 2613 li-

446 2654 561 2717 bro
599 2672 667 2714 Ix
702 2652 919 2724 citato,
967 2658 1030 2712 et
1089 2649 1214 2712 alia
1274 2648 1583 2712 nonnulla
1615 2646 2080 2727 TlteOphylacti
2117 2646 2285 2709 dicta
2328 2645 2618 2725 eXponit.
2655 2647 2869 2709 Altero
2916 2648 3109 2710 verba
3151 2646 3284 2724 illa,
3318 2666 3464 2727 qum
3510 2651 3691 2729 capi-

444 2734 503 2823 te
534 2750 572 2810 ιι-
604 2748 943 2833 habentur,
974 2763 1152 2808 num.
1177 2747 1257 2808 8:
1296 2769 1325 2804 α
1358 2747 1497 2807 Non
1525 2760 1665 2806 raro
1693 2751 1960 2817 veteres,
1994 2760 2139 2805 cum
2174 2742 2253 2803 de
2296 2741 2508 2820 gratia
2546 2741 2926 2821 loquuntur,
2951 2742 3207 2821 plenam
3248 2752 3305 2804 et
3341 2747 3690 2825 perfectam

433 2844 852 2925 (intelligunt,
887 2858 1014 2906 non
1049 2842 1399 2905 inchoatam
1427 2859 1500 2903 ac
1530 2840 1769 2914 rudem,
1803 2857 1946 2919 quae
1975 2839 2183 2919 prima
2212 2837 2608 2912 nominatur,
2645 2837 2832 2917 cujus
2865 2837 3247 2918 plerumque
3290 2841 3688 2905 mentionem

438 2959 572 3013 non
606 2940 919 3002 habent...
955 2939 1208 3000 Certum
1248 2944 1346 2999 est
1383 2944 1625 3010 autem,
1668 2936 1760 2999 uti
1792 2935 2063 3015 primum
2096 2933 2369 3014 gratiam
2401 2932 2574 2995 nulla
2601 2932 2683 2995 ob
2730 2935 2954 2996 merita
2991 2934 3210 3008 tribui,
3237 2936 3334 2998 sic
3378 2941 3693 2999 accessio-

428 3055 577 3099 nem
614 3035 789 3099 illius
813 3043 875 3099 et
912 3034 1412 3107 incrementum,
1448 3049 1520 3095 ac
1552 3034 1804 3111 plenam
1837 3032 2122 3110 denique
2165 3028 2671 3106 possessionem,
2705 3029 3081 3091 meritorum
3108 3046 3180 3092 ac
3216 3030 3505 3093 laborum
3545 3050 3692 3111 pre-

449 3135 542 3199 tio
571 3130 1002 3212 comparari...
1025 3132 1212 3194 Hunc
1250 3129 1484 3192 habere
1517 3144 1782 3192 sensum
1804 3127 1910 3188 illa
1951 3127 2317 3188 Graecorum
2344 3125 2483 3187 loca
2512 3125 2837 3199 videntur,
2868 3142 3013 3204 qum
3041 3125 3233 3186 Deum
3259 3126 3691 3206 impertienda:

432 3230 661 3308 gratia:
687 3245 814 3289 suta
846 3244 1065 3307 capere
1125 3225 1507 3286 occasionem
1542 3222 1970 3284 demonstrant
2015 3241 2093 3283 ea:
2155 3220 2361 3294 nobis,
2416 3229 2473 3281 et
2535 3231 2787 3293 conatu,
2846 3240 2918 3281 ac
2958 3222 3286 3301 proposito
3326 3232 3580 3283 nostro:
3615 3230 3689 3285 ut

439 3324 916 3397 Theodoretus,
955 3321 1245 3396 Photius,
1280 3320 1722 3392 (Ecumenius,
1750 3318 2299 3399 'l‘heophylactus,
2345 3323 2536 3395 atque
2571 3317 2709 3395 ipse
2743 3333 3007 3397 quoque
3041 3316 3684 3398 Chrysostomus.....

438 3426 577 3486 Non
610 3422 779 3485 enim
828 3419 1107 3500 primum
1132 3418 1477 3481 voluntatis
1511 3424 1755 3480 motum
1794 3422 1855 3477 et
1893 3416 2186 3489 rationis,
2210 3416 2279 3476 'in
2314 3417 2517 3494 gratia
2545 3421 2907 3490 numerant,
2958 3412 3155 3476 veluti
3194 3415 3298 3494 pia
3328 3415 3683 3489 desideria,
3716 3472 3719 3475 ,

439 3519 681 3600 quibus
711 3517 788 3580 ad
828 3515 1184 3596 pleniorem
1224 3514 1630 3594 quaerendam
1670 3510 1901 3592 (ﬁdem)
1933 3528 2006 3574 ac
2037 3512 2153 3573 Dei
2187 3510 2480 3573 notitiam
2521 3516 2582 3568 et
2614 3524 2897 3570 amorem
2931 3509 3324 3585 excitamur;
3361 3527 3505 3590 quae
3522 3521 3686 3573 sunt

428 3613 891 3693 ,excellentiora
914 3610 1133 3691 gratim
1163 3626 1449 3683 munera,
1484 3607 1882 3688 praindequn
1910 3608 2127 3686 gratim
2162 3622 2393 3668 nomen
2426 3621 2498 3666 ac
2528 3603 2787 3665 titulum
2824 3604 3141 3684 praecipue
3176 3615 3530 3670 merentur.
3567 3630 3597 3663 »ι

520 3710 941 3774 Verissimam
986 3717 1143 3787 puto
1185 3706 1306 3770 viri
1360 3703 1713 3767 doctissimi
1762 3702 2415 3773 animadversionem,
2473 3714 2618 3780 qum
2666 3697 2906 3777 legitur
2936 3715 3119 3761 num.
3159 3702 3219 3775 1,
3274 3698 3375 3761 his
3416 3700 3684 3763 verbis:

426 3834 468 3866 ‹‹‹
508 3810 890 3887 Plerumque
914 3805 1302 3871 vetustiores
1336 3804 1509 3878 illos,
1543 3819 1690 3866 cum
1744 3794 1821 3865 de
1867 3802 2078 3882 gratia
2111 3798 2228 3858 Dei
2258 3805 2313 3856 et
2343 3795 2667 3856 vocatione
2704 3802 2926 3871 agunt,
2952 3811 3077 3855 non
3114 3801 3235 3855 tam
3272 3795 3350 3857 de
3378 3796 3687 3858 interiori

424 3902 632 3977 animi
667 3910 861 3974 motu,
894 3917 967 3963 ac
1025 3901 1164 3962 sive
1198 3897 1628 3961 illustratione
1684 3897 1941 3970 mentis,
1979 3892 2648 3958 siveinllammatione
2690 3891 3042 3953 voluntatis
3093 3891 3299 3971 loqui,
3340 3910 3531 3974 quam
3597 3896 3684 3956 de

438 4008 700 4059 externo
738 3997 946 4077 aliquo
983 3996 1275 4076 beneﬁcio
1308 3996 1445 4068 Dei,
1486 3993 1676 4059 veluti
1706 3992 2032 4073 Evangelii
2067 3990 2541 4071 prmdicatione,
2574 3994 2681 4050 aut
2713 3995 2881 4050 statu
2910 3987 3133 4068 aliquo
3168 3988 3334 4062 vitm,
3364 3988 3441 4050 ad
3476 4006 3682 4070 quem

435 4095 691 4158 occulto
721 4093 956 4155 deinde
995 4092 1197 4155 animi
1225 4092 1532 4156 instinctu
1570 4089 1991 4154 trahuntur...
2022 4090 2169 4150 Haec
2221 4104 2368 4148 vero
2410 4084 2606 4164 hujus
2642 4084 2901 4166 generis
2944 4084 3252 4146 beneﬁcia
3311 4092 3675 4163 promereri

437 4193 667 4268 pietate
692 4206 762 4251 ac
801 4188 1035 4250 virtute
1058 4205 1173 4250 sua
1206 4195 1415 4251 certos
1457 4188 1777 4261 homines,
1820 4185 2224 4249 verissimum
2251 4189 2368 4243 est.
2402 4184 2592 4257 »Quo
2631 4197 2829 4243 sensu
2864 4179 2943 4241 de
2976 4180 3177 4242 Paulo
3211 4180 3429 4242 scribit
3459 4182 3676 4244 Theo-

429 4284 772 4364 phylactus
804 4284 883 4345 ad
917 4290 1103 4361 caput
1145 4301 1260 4344 vm
1314 4282 1616 4361 Epistolas
1645 4282 1723 4343 ad
1749 4283 2090 4353 Romanos,
2126 4278 2349 4342 habere
2381 4279 2589 4356 ipsum
2624 4278 2907 4356 potuisse
2939 4279 3187 4349 merita,
3219 4294 3349 4336 non
3380 4276 3681 4338 absoluta

424 4391 490 4442 et
508 4382 789 4462 perfecta
826 4380 919 4460 (ut
966 4380 1208 4445 ibidem
1242 4386 1503 4443 annotat
1533 4378 1826 4442 Petavius
1856 4396 2034 4440 num.
2070 4376 2154 4458 lt),
2190 4375 2297 4436 sed
2327 4373 2628 4457 ejusmodi
2665 4386 2891 4449 tamen,
2923 4370 3275 4457 qutie'tantae
3315 4370 3681 4437 vocationis

435 4476 753 4555 (videlicet
791 4474 1212 4555 apostolatus)
1244 4476 1467 4536 elicere
1495 4493 1723 4535 munus
1738 4483 1995 4553 possent
2017 4493 2055 4533 a
2085 4473 2299 4535 divina
2322 4474 2622 4536 bonitate.
2662 4474 2884 4536 Virum
2910 4472 3342 4536 clarissimum
3366 4478 3675 4549 consule,

432 4576 511 4634 de
549 4571 679 4633 alio
712 4570 1169 4650 Theophylacti
1204 4572 1347 4632 loco
1379 4570 1636 4649 egregie
1676 4569 2096 4633 disserentem
2124 4587 2296 4631 num.
2332 4568 2390 4630 3.

509 4670 607 4729 90.
647 4668 948 4755 Regulam
985 4667 1244 4728 alteram
1279 4664 1381 4727 his
1409 4666 1708 4744 preponit
1734 4664 1941 4727 verbis
1972 4664 2188 4728 Sixtus
2221 4664 2563 4728 Senensis:
2601 4689 2632 4723 α
2672 4666 2951 4727 Rursum
2993 4665 3049 4727 si
3085 4682 3201 4728 nos
3245 4666 3322 4729 ad
3368 4676 3675 4729 contem-

429 4764 775 4843 plationem
812 4762 1022 4841 ﬁnalis
1066 4781 1268 4823 causa:
1291 4770 1769 4836 convertemus,
1805 4769 1968 4823 recte
1993 4761 2256 4840 quidem
2299 4760 2612 4824 aﬂirmare
2649 4760 3011 4839 poterimus
3040 4763 3483 4841 praevisiortem
3510 4782 3676 4845 ope-

423 4881 567 4923 rum
623 4860 1128 4941 subsequentium
1150 4857 1377 4921 divina:
1442 4860 1666 4938 gratim
1716 4859 2158 4937 receptionem,
2187 4875 2314 4923 esse,
2338 4874 2586 4918 causam
2618 4857 2939 4918 electionis
2978 4867 3034 4919 et
3080 4858 3673 4937 prd-destinationis

422 4957 690 5039 ﬁnalem.
718 4958 890 5017 Deus
919 4956 1119 5030 enim,
1161 4964 1229 5017 ut
1254 4954 1491 5018 Paulus
1525 4956 1635 5027 ait,
1663 4953 1840 5033 elegit
1870 4972 1981 5014 nos
2019 4962 2162 5014 ante
2215 4951 2435 5015 mundi
2478 4952 2989 5013 constitutionem
3014 4996 3031 5028 ,
3077 4963 3136 5015 et
3176 4954 3674 5034 prwdestinaoit

421 5069 536 5110 nos
558 5057 626 5109 ut
659 5066 921 5111 essemus
954 5048 1161 5109 sancti
1189 5057 1245 5109 et
1273 5046 1656 5109 immaculati
1680 5065 1889 5108 coram
1924 5066 1991 5107 eo
2027 5049 2095 5110 in
2124 5048 2365 5110 laudem
2385 5046 2603 5128 gloria
2627 5048 2850 5127 gratiae
2881 5049 3036 5133 ejus.
3066 5051 3203 5113 Hoc
3237 5060 3358 5130 est,
3386 5068 3503 5114 nos
3531 5054 3671 5118 sibi

423 5151 503 5211 ab
529 5157 768 5210 aeterno
800 5145 1025 5211 ascivit
1050 5145 1116 5208 in
1156 5163 1334 5220 suos,
1361 5153 1421 5208 et
1456 5145 1829 5225 praeparavit
1861 5145 2045 5207 nobis
2084 5145 2442 5209 vocationis
2482 5143 3043 5223 etjustiﬁcationis
3079 5147 3371 5225 gratiam,
3408 5148 3471 5210 in
3504 5167 3671 5213 eum

422 5248 724 5310 videlicet
754 5243 970 5318 ﬁnem,
1007 5250 1076 5304 ut
1107 5258 1181 5304 ea
1221 5242 1387 5304 bene
1418 5250 1771 5317 uteremur,
1808 5252 1871 5305 et
1899 5261 1978 5305 ex
2015 5243 2156 5323 ejus
2196 5241 2364 5303 bono
2410 5257 2536 5302 usu
2570 5239 2836 5317 gloriam
2870 5241 3281 5319 sempiternas
3317 5241 3668 5308 felicitatis

419 5343 951 5422 adipisceremur.
1031 5340 1157 5400 Nec
1203 5336 1473 5400 dubium
1523 5349 1640 5416 est,
1674 5339 1928 5420 aliquos
1960 5356 2044 5399 ex
2082 5338 2399 5416 prmdictis
2428 5333 2723 5398 Patribus
2774 5334 3112 5397 secundum
3162 5339 3327 5401 hunc
3360 5339 3675 5421 loquendi

418 5438 668 5502 modum
707 5434 1192 5516 pronuntiasse,
1234 5453 1426 5515 opera
1454 5437 1882 5498 nostraaDeo
1910 5436 2181 5515 praecisa
2211 5453 2459 5496 causam
2484 5451 2611 5494 esse
2655 5431 2883 5494 divinae
2917 5435 3505 5515 prwdestinationis
3529 5483 3548 5516 ,
3584 5443 3671 5504 ﬁ-

417 5536 627 5599 nalem
657 5532 944 5611 quidem,
973 5547 1100 5593 non
1130 5541 1343 5595 autem
1378 5535 1790 5596 mei-iteriam.
1821 5557 1851 5591 ιθ

494 5628 914 5693 Huncsubire
931 5645 1193 5692 sensum
1210 5632 1517 5710 superius
1536 5632 1805 5694 adducta
1833 5626 2295 5706 Theophylacti
2321 5625 2505 5687 verba
2527 5634 2820 5704 possunt.
2846 5629 2916 5691 In
2948 5629 3030 5691 iis
3056 5630 3322 5711 quippe,
3357 5630 3470 5711 qui
3505 5617 3664 5691 cuni

418 5728 606 5804 [LIII]
634 5725 810 5803 digni
831 5725 959 5786 sint
1012 5742 1083 5788 ac
1115 5728 1274 5805 apti,
1322 5735 1631 5790 vocantur
1661 5728 1737 5790 ad
1766 5728 1977 5802 ﬁdem,
2016 5726 2170 5804 ﬁdes
2218 5726 2379 5803 ipsa,
2413 5740 2483 5785 ac
2513 5723 2702 5786 etiam
2735 5722 2897 5785 bona
2927 5726 3124 5789 libera
3154 5729 3517 5809 dispositio,
3545 5729 3662 5791 vel

413 5820 610 5883 bonus
632 5822 977 5885 vocationis
1008 5830 1063 5884 et
1099 5825 1324 5902 gratiae
1351 5842 1524 5899 usus,
1565 5822 2033 5903 prmvidebatur
2063 5839 2097 5884 a
2144 5824 2301 5896 Deo,
2339 5832 2631 5902 tanquam
2680 5821 2862 5900 ﬁnis,-
2897 5830 2957 5887 et
2988 5826 3064 5887 ad
3108 5827 3277 5890 hunc
3304 5827 3500 5890 ﬁnem
3538 5843 3666 5890 as-
