4058 6470
355 398 462 485 ios
1202 424 1298 483 DE
1338 422 1911 485 THEOPHYLACTI
1954 424 2223 484 casus
2260 426 2354 484 ΕΤ
2394 425 2754 486 SCRIPTIS.
3497 420 3596 483 110

362 533 774 611 sequendum
805 533 1069 613 gratiam
1105 538 1475 615 praeparavit
1512 538 1717 616 ipsius
1756 537 2129 599 vocationis.
2165 540 2299 599 Jam
2336 539 2538 611 vides,
2577 538 2947 616 tumprimm
2983 536 3334 601 vocationis
3359 536 3598 615 gratim,

348 635 491 689 tum
527 630 799 692 aliarum
843 630 1245 705 uberiorum,
1283 648 1534 694 causam
1592 631 1795 695 fuisse
1858 632 2096 696 bonum
2158 635 2429 697 liberum
2494 636 2860 696 earumdem
2914 652 3124 708 usum,
3181 650 3307 696 non
3374 632 3599 711 utique

349 726 771 801 meritoriam,
801 727 909 789 sed
945 727 1212 807 ﬁnalem.

436 820 558 882 Sed
602 838 676 882 ex
716 821 911 884 hocce
943 823 1314 902 hujusmodi
1350 824 1750 888 locutionum
1808 843 2031 903 sensu,
2073 830 2529 892 documentum
2573 827 2921 907 colligitur,
2964 827 3137 907 quod
3171 834 3267 889 est
3303 826 3597 888 animad-

355 920 660 981 versione
686 920 1146 1001 dignissimum
1183 945 1196 985 :
1227 923 1468 986 auxilia
1496 925 1732 987 divinas
1755 926 1975 1004 gratim
2004 944 2037 988 a
2067 926 2300 989 Graecis
2324 924 2613 988 Patribus
2642 925 2728 986 ita
2757 923 2961 987 fuisse
2994 922 3341 997 intellecta,
3376 931 3442 985 ut
3470 939 3599 983 non

358 1012 574 1075 solum
611 1016 1097 1093 possibilitatem
1132 1018 1483 1095 conferant,
1513 1022 1624 1083 sed
1659 1014 1857 1082 etiam
1880 1022 2139 1092 virtute,
2173 1021 2429 1101 energia
2459 1036 2519 1082 et
2548 1020 2822 1084 eliicacia
2859 1020 3001 1082 sine
3037 1019 3237 1081 dubio
3266 1036 3298 1080 a
3334 1021 3462 1080 Deo
3493 1018 3605 1080 de-

358 1110 711 1173 scendente
745 1112 873 1173 sint
899 1113 1195 1192 prmdita;
1230 1126 1536 1196 certoque
1568 1124 1629 1179 et
1655 1118 2085 1180 infallibiliter
2111 1121 2342 1180 ducant
2374 1118 2449 1180 ad
2473 1117 2660 1179 ﬁnem
2694 1134 2726 1178 a
2758 1119 2893 1179 Deo
2923 1117 3291 1195 praevisum,
3328 1113 3602 1194 quemve

360 1203 504 1281 ipse
537 1206 698 1268 vult.
734 1208 888 1269 Rem
931 1211 1461 1287 splendidissime
1513 1213 1803 1291 patefacit
1846 1217 1909 1278 S.
1953 1215 2227 1277 Thomas
2264 1234 2285 1276 ι
2314 1233 2404 1295 p.,
2442 1234 2553 1295 qu.
2592 1234 2781 1281 xxm,
2813 1224 2928 1276 art.
2966 1235 3003 1278 v
3038 1237 3052 1275 :
3093 1238 3119 1270 «
3156 1215 3442 1276 Fuerunt
3491 1212 3599 1275 alii

348 1298 476 1376 equi
524 1302 849 1376 dixerunt,
880 1307 1051 1384 quod
1079 1308 1303 1369 merita
1334 1311 1655 1389 sequentia
1682 1311 2265 1391 prcedestinationis
2296 1309 2580 1391 e/fectum
2622 1307 2745 1390 (vel
2778 1306 3115 1386 sequentia
3148 1307 3436 1385 gratiam,
3460 1321 3606 1385 qua)

360 1395 560 1458 sicuti
595 1415 628 1460 a
659 1401 791 1462 Deo
820 1402 1029 1474 datur,
1064 1403 1149 1465 ita
1183 1403 1628 1482 prmdestinata
1658 1415 1751 1467 est
1789 1401 1859 1468 ac
1889 1404 2469 1487 prmdestinationis
2517 1404 2781 1467 eli‘ectus
2839 1402 2967 1465 dici
2999 1402 3208 1481 debet)
3240 1411 3385 1463 sunt
3433 1402 3603 1462 ratio

339 1492 957 1570 ’praedestinationis.
992 1500 1081 1561 lta
1116 1508 1185 1562 ut
1213 1500 1633 1579 intelligatur,
1664 1505 1833 1581 quod
1873 1505 2009 1565 ideo
2046 1505 2211 1564 Deus
2239 1502 2347 1565 dat
2374 1504 2644 1580 gratiam
2693 1502 2914 1572 alicui,
2955 1509 3014 1562 et
3058 1499 3508 1580 praeordinavit
3535 1517 3604 1559 se

359 1590 423 1648 ei
461 1591 782 1662 daturum,
818 1596 966 1673 quia
995 1598 1321 1675 praesciuit
1352 1616 1487 1658 eum
1517 1598 1664 1659 bene
1705 1619 1994 1661 usurum.
2027 1600 2201 1661 Sicut
2234 1599 2288 1660 si
2344 1617 2454 1660 rex
2496 1599 2601 1659 det
2633 1598 2830 1660 alicui
2891 1596 3082 1657 militi
3116 1613 3382 1675 equum,
3413 1611 3606 1674 quem

362 1686 481 1745 scit
515 1702 593 1748 eo
624 1688 786 1751 bene
821 1708 1117 1755 usurum.
1161 1694 1280 1755 Sed
1320 1695 1421 1755 isti
1458 1695 1763 1756 videntur
1795 1696 2172 1759 distinxisse
2222 1697 2392 1756 inter
2439 1694 2504 1756 id
2536 1693 2702 1775 quod
2737 1703 2826 1755 est
2859 1713 2937 1754 ea:
2963 1694 3199 1772 gratia,
3247 1699 3309 1755 et
3344 1692 3407 1753 id
3443 1690 3610 1770 quod

363 1794 453 1842 est
491 1801 574 1843 ex
614 1782 807 1847 libero
839 1788 1133 1861 arbitrio,
1195 1791 1378 1870 quasi
1405 1806 1533 1854 non
1570 1793 1767 1871 possit
1793 1809 1931 1855 esse
1962 1790 2135 1852 idem
2170 1807 2249 1851 ex
2284 1794 2584 1867 utroque.
2625 1787 3036 1849 Manifestum
3072 1792 3168 1847 est
3195 1792 3405 1846 autem
3432 1786 3609 1864 quod

359 1875 428 1937 id
463 1879 636 1956 quod
663 1891 755 1942 est
792 1901 868 1944 ea:
908 1886 1116 1963 gratia
1147 1886 1231 1966 (et
1265 1904 1392 1949 non
1427 1887 1633 1950 solum
1670 1889 1806 1968 ipsa
1830 1873 2034 1968 gratia
2063 1887 2336 1967 ejusque
2369 1884 2646 1964 collatio)
2682 1895 2774 1946 est
2819 1882 3404 1964 prcedestinationis
3463 1880 3612 1963 επε-

361 1981 528 2035 ctus.
573 1977 647 2037 Et
674 1977 795 2041 hoc
828 1997 954 2043 non
995 1991 1200 2056 potest
1241 1984 1390 2060 poni
1446 1992 1511 2046 ut
1538 1986 1704 2045 ratio
1738 1983 2318 2063 prmdestinationis
2365 1982 2504 2062 (seu
2559 1997 2745 2044 causa
2796 1979 3143 2059 meritoria)
3175 1995 3318 2057 cum
3352 1978 3465 2039 hoc
3497 1977 3609 2039 sub

358 2069 918 2147 prwdestinatione
945 2077 1378 2141 concludatur.
1414 2079 1478 2142 Si
1512 2081 1709 2160 igitur
1735 2080 1982 2162 aliquid
2015 2079 2189 2142 aliud
2226 2096 2305 2140 ex
2332 2087 2514 2159 parte
2541 2088 2761 2139 nostra
2791 2077 2873 2137 sit
2906 2076 3063 2137 ratio
3098 2074 3612 2152 praedestinatio-

366 2166 488 2238 nis,
514 2166 633 2260 hoc
664 2171 783 2232 erit
816 2182 1043 2251 praeter
1073 2174 1368 2236 effectum
1404 2176 2005 2255 prmdestinationis.
2047 2179 2185 2239 Non
2227 2183 2321 2237 est
2349 2183 2562 2237 autem
2591 2173 2965 2237 distinctum
2998 2170 3165 2250 quod
3187 2179 3276 2231 est
3314 2188 3394 2231 ex
3417 2170 3612 2232 libero

361 2262 638 2326 arbitrio
670 2275 730 2328 et
764 2286 841 2329 ea:
860 2269 1433 2348 prcedestinatione,
1468 2271 1634 2334 sicut
1676 2290 1801 2336 non
1834 2278 1929 2336 est
1956 2273 2330 2334 distinctum
2356 2272 2528 2352 quod
2558 2278 2652 2333 est
2684 2288 2761 2331 ex
2787 2286 2977 2333 causa
3009 2268 3291 2330 secunda
3328 2274 3391 2328 et
3423 2283 3610 2328 causa

369 2360 608 2435 prima;
645 2361 859 2424 divina
906 2365 1079 2426 enim
1108 2367 1509 2429 Providentia
1544 2368 1837 2447 producit
1876 2368 2143 2431 eliectus
2180 2385 2290 2445 per
2319 2367 2752 2446 Operationem
2795 2380 3128 2429 causarum
3159 2362 3610 2425 secundarum.

366 2456 548 2517 Unde
585 2466 645 2519 et
674 2459 732 2520 id
760 2460 925 2539 quod
952 2472 1040 2524 est
1073 2481 1189 2541 per
1216 2462 1475 2525 liberum
1504 2463 1843 2526 arbitrium
1885 2473 1973 2526 est
2003 2484 2084 2527 ea:
2136 2463 2951 2545 prwdestinatione.»Unde
2983 2461 3180 2523 bonus
3214 2480 3366 2521 usus
3392 2461 3614 2540 gratim

364 2557 706 2630 prwscitus
769 2556 864 2636 (ut
927 2559 1167 2623 dicitur
1222 2565 1299 2623 ad
1354 2562 1409 2641 1)
1443 2580 1570 2622 ηοη
1629 2570 1719 2623 est
1779 2563 1946 2624 ratio
2011 2561 2372 2624 collationis
2423 2562 2667 2641 gratiae,
2724 2560 2856 2622 nisi
2904 2556 3251 2620 secundum
3303 2558 3615 2618 rationem

365 2666 572 2711 causa:
598 2653 831 2731 finalis.

444 2747 591 2822 Quo
624 2749 853 2812 iterum
886 2768 1107 2828 sensu,
1144 2753 1386 2818 auxilia
1417 2756 1634 2836 gratim
1659 2773 1802 2837 quas
1819 2761 2125 2835 praeparat
2158 2751 2511 2828 Deus,talia
2543 2762 2693 2814 sunt
2726 2751 2788 2812 in
2816 2751 2928 2814 Dei
2963 2751 3388 2830 prmscientia,
3417 2760 3487 2811 ut
3518 2750 3620 2810 in-

366 2841 726 2908 fallibiliter
756 2849 831 2910 ad
864 2851 1352 2915 exsecutionem
1380 2853 1532 2915 boni
1561 2853 1743 2916 liberi
1777 2852 1991 2932 Operis
2017 2853 2274 2923 ducant,
2300 2849 2473 2929 quod
2515 2846 2594 2908 ab
2620 2854 2860 2908 aeterno
2890 2846 3089 2909 veluti
3143 2847 3331 2909 ﬁnem
3365 2847 3617 2925 praescit

368 2957 441 3003 ac
468 2943 605 3003 vult
641 2945 835 3006 Deus.
862 2947 1014 3009 Haec
1040 2964 1189 3010 vero
1221 2950 1611 3026 preescientia
1643 2967 1771 3013 non
1802 2949 2016 3012 differt
2045 2962 2078 3007 a
2115 2942 2700 3022 praedestinatione,
2733 2959 2924 3021 quam
2951 2944 3177 3005 docent
3210 2940 3616 3021 Augustinus

373 3047 436 3098 et
467 3038 783 3115 Thomas;
818 3050 879 3103 et
909 3042 1045 3105 hmo
1076 3045 1298 3123 paucis
1332 3053 1654 3109 contracta
1686 3045 2030 3125 utriusque
2065 3042 2372 3104 doctrinm
2404 3057 2655 3102 summa
2695 3047 2814 3103 est.

453 3135 554 3197 9t.
587 3137 757 3197 Nihil
817 3137 1022 3201 obstat
1055 3155 1204 3202 vero
1240 3141 1593 3220 quominus
1626 3158 1752 3203 non
1789 3157 2004 3220 paucte
2032 3140 2393 3203 Grmcorum
2455 3139 2708 3199 Patrum
2767 3136 3105 3199 sementim
3151 3136 3377 3198 eodem
3416 3152 3617 3196 sensu

375 3243 805 3309 exponentur.
839 3235 1037 3298 Vocat
1066 3253 1171 3298 eas
1198 3239 1275 3299 ad
1314 3255 1578 3299 examen
1609 3238 1907 3299 Petavius
1942 3236 2105 3299 libro
2148 3255 2211 3297 1x
2251 3236 2464 3304 citato,
2494 3235 2696 3312 capite
2726 3235 2785 3306 3,
2820 3252 2996 3295 num.
3029 3235 3090 3308 9,
3116 3251 3186 3294 ac
3219 3233 3400 3312 plura
3437 3230 3621 3294 colli-

374 3328 472 3407 git
506 3329 670 3391 scitu
703 3332 924 3409 digna,
963 3333 1303 3405 Videlicet,
1340 3332 1424 3413 1.)
1452 3351 1467 3391 :
1492 3335 1636 3397 Non
1665 3336 2050 3396 existimasse
2074 3344 2307 3394 veteres
2339 3330 2573 3392 eosdem
2612 3331 2862 3404 Patres,
2896 3331 3045 3409 eligi
3071 3328 3153 3390 ad
3168 3331 3441 3409 primam
3479 3345 3623 3407 gra-

378 3424 531 3485 tiam
554 3426 832 3487 homines
847 3429 1349 3506 proptermerita
1365 3428 1736 3508 quadamIet
1754 3430 1942 3490 initia
1962 3427 2515 3497 bonweoluntatis,
2534 3438 2603 3487 ut
2618 3427 3044 3489 Massilienses
3065 3425 3317 3504 opinati
3336 3433 3481 3485 sunt
3498 3424 3618 3500 :2.)

379 3532 594 3600 neque
627 3522 760 3582 illis
787 3522 1058 3602 impingi
1090 3523 1365 3586 aliorum
1397 3541 1673 3585 errorem
1706 3542 1917 3602 posse,
1940 3525 2076 3586 ideo
2105 3526 2379 3604 primum
2412 3524 2770 3587 hominibus
2799 3523 3068 3602 gratiam
3099 3521 3440 3584 decrevisse
3470 3519 3622 3581 dare

377 3619 600 3691 Deum,
637 3619 804 3698 quod
828 3607 972 3682 illos
1004 3619 1151 3682 bene
1184 3640 1414 3682 usuros
1448 3622 1657 3701 gratia
1684 3640 1798 3682 sua
1825 3619 2242 3701 praeviderat;
2279 3637 2349 3682 ac
2379 3620 2435 3680 si
2462 3621 2783 3681 meritoria
2817 3619 3105 3697 qumdam
3135 3633 3324 3679 causa
3354 3616 3479 3678 dici
3511 3616 3624 3677 de-

379 3714 526 3776 beat
560 3716 869 3792 praevisus
903 3716 1120 3794 gratiaa
1148 3717 1352 3778 bonus
1389 3717 1696 3797 usus;3.)
1744 3734 1934 3795 neque
1953 3717 2035 3778 ad
2073 3736 2223 3791 eam,
2255 3734 2436 3796 quam
2465 3722 2709 3788 vocant,
2749 3713 3242 3776 conditionatam
3270 3712 3619 3783 scientiam,

380 3813 741 3890 confugisse
768 3812 1014 3886 Patres,
1049 3821 1341 3891 tanquam
1362 3813 1535 3874 haud
1563 3813 1844 3874 absolute
1863 3814 2151 3894 futurum
2181 3813 2407 3874 bonum
2438 3811 2727 3892 affectum
2755 3811 2972 3883 animi,
3005 3819 3114 3870 aut
3147 3809 3623 3870 liberummeri-

382 3917 520 3968 tum
555 3907 927 3986 praeciderit
950 3928 971 3969 :
995 3908 1103 3969 sed
1141 3910 1232 3971 ita
1260 3907 1519 3983 demum,
1553 3909 1611 3971 si
1638 3912 2052 3971 necessariam
2087 3908 2168 3968 ad
2198 3908 2263 3970 id
2293 3926 2467 3988 opem
2500 3910 2782 3988 conferre
2818 3907 3200 3974 decreverit;
3229 3905 3315 3983 Is.)
3346 3906 3458 3966 sed
3488 3904 3621 3965 uti-

383 4021 513 4083 que
544 4021 624 4066 eo
657 4005 797 4085 ipso
825 4006 1122 4068 homines
1154 4006 1459 4067 constitui
1496 4005 1762 4080 electos,
1802 4022 1873 4067 ac
1909 4005 2166 4085 dignos,
2202 4012 2262 4065 et
2290 4012 2470 4081 aptos
2499 4024 2514 4075 ;
2548 4005 2720 4082 quod
2747 4004 2920 4062 Deus
2952 4020 3078 4061 non
3114 4000 3318 4060 solum
3356 3998 3423 4061 id
3455 4017 3627 4078 pra:-

380 4101 577 4176 υἱάσι,
610 4101 777 4181 quod
808 4121 1020 4163 eorum
1048 4105 1370 4165 voluntate
1429 4105 1755 4184 confertur
1803 4105 2066 4182 (bonum
2114 4099 2331 4180 gratiae
2359 4116 2569 4172 usum,
2603 4116 2673 4160 ac
2718 4099 2958 4159 bonum
3012 4098 3287 4159 liberum
3346 4095 3625 4158 salutare

382 4201 601 4275 opus,)
635 4198 742 4259 sed
800 4202 1072 4279 gratiam
1122 4217 1365 4279 quoque
1412 4200 1717 4279 pravidet
1785 4216 1986 4271 suam,
2039 4215 2161 4277 qua
2215 4193 2361 4257 illos
2421 4193 2676 4275 adjuvat
2731 4212 2973 4273 eosque
3033 4193 3264 4273 dignos
3325 4202 3386 4256 et
3445 4200 3626 4271 aptos

380 4294 572 4368 facit;
627 4313 698 4356 ac
764 4312 987 4357 eorum
1050 4296 1216 4359 bona
1264 4306 1563 4375 operatur
1631 4312 1846 4375 opera,
1907 4300 1967 4354 et
2026 4292 2266 4354 bonum
2330 4291 2520 4353 efficit
2574 4308 2764 4352 usum
2828 4291 3085 4370 gratiae;
3142 4292 3228 4368 5.)
3292 4290 3454 4354 hanc
3513 4291 3629 4353 de-

387 4409 563 4474 mum
621 4393 1081 4470 prmscientiam
1141 4391 1488 4453 absolutam
1522 4410 1686 4466 esse,
1723 4410 1794 4453 ac
1849 4392 1946 4451 rei
1977 4388 2146 4451 haud
2183 4389 2372 4449 aliter
2419 4406 2600 4466 quam
2635 4389 2968 4467 praesentis
3001 4398 3055 4449 et
3090 4388 3453 4451 cxsistentis
3484 4406 3624 4450 cer-

384 4496 509 4545 tam
542 4489 857 4550 notitiam.

464 4588 937 4650 Prwscientiam
963 4589 1368 4669 distinguere
1402 4590 1611 4652 solent
1644 4600 1890 4653 veteres
1923 4589 2018 4651 illi
2042 4574 2255 4651 Patres
2281 4606 2312 4650 a
2345 4589 2891 4668 prwdestinatione
2929 4612 2950 4651 :
2983 4600 3043 4652 et
3074 4589 3249 4652 illam
3278 4590 3354 4653 ad
3387 4590 3629 4652 liberos

389 4692 572 4746 actus
604 4684 871 4757 referre,
907 4687 1092 4747 istam
1134 4689 1209 4747 ad
1243 4703 1313 4747 ea
1348 4704 1493 4766 quae
1525 4686 1727 4748 libero
1760 4702 1888 4748 non
1920 4685 2199 4747 subsunt
2229 4685 2516 4759 arbitrio,
2551 4686 2747 4748 veluti
2782 4686 3049 4764 primam
3081 4689 3299 4766 gratiae
3336 4687 3626 4763 collatio-

390 4796 563 4855 netu,
598 4797 670 4842 ac
711 4781 1199 4843 retributionem
1234 4783 1665 4860 praemiorum.
1693 4784 2076 4861 Loquuntur
2097 4781 2368 4855 scilicet,
2419 4798 2616 4843 sensu
2643 4783 2919 4860 quodam
2952 4784 3227 4844 nimium
3255 4782 3475 4844 stricto
3499 4783 3627 4844 cir-

385 4885 913 4957 cumspectoque,
948 4878 1027 4938 de
1061 4896 1272 4940 rerum
1306 4896 1523 4939 earum
1554 4878 2102 4957 prcedest’inationc
2127 4895 2284 4956 quas
2305 4878 2452 4939 facit
2490 4879 2667 4939 solus
2698 4881 2871 4941 Deus
2898 4881 3039 4942 sine
3068 4879 3279 4941 nobis.
3305 4883 3382 4940 At
3407 4895 3631 4940 eorum

379 4975 809 5052 prwscientia,
845 4982 912 5035 ut
947 4982 1192 5044 vocant,
1220 4991 1361 5053 quas
1392 4991 1507 5035 nos
1538 4976 1726 5035 etiam
1756 4974 1952 5035 libere
1973 4973 2269 5048 facimus,
2300 4991 2444 5036 cum
2474 4974 2557 5034 sit
2587 4974 2903 5045 absoluta,
2935 4975 3277 5054 mquivalet
3306 4973 3634 5054 prwdesti-

384 5072 660 5144 nationi,
703 5079 770 5132 ut
801 5070 1187 5151 Aquinatem
1244 5071 1502 5151 egregie
1533 5073 1865 5133 docentem
1901 5071 2294 5135 audivimus.
2336 5073 2463 5151 Ipsi
2497 5088 2761 5151 quoque
2794 5071 3095 5133 videntur
3121 5074 3356 5144 Patres,
3380 5070 3634 5150 praede-

386 5169 796 5230 stinationem
819 5167 899 5227 ad
926 5168 1199 5247 gloriam
1233 5185 1313 5228 ea:
1366 5169 1730 5228 meritorum
1746 5169 2125 5246 prauisione
2154 5169 2484 5237 statuisse;
2520 5186 2663 5248 quae
2696 5169 2956 5230 levioris
2990 5167 3296 5230 momenti
3343 5167 3464 5230 hoc
3495 5167 3635 5229 loco

388 5264 665 5345 quaestio
683 5273 800 5339 est,
819 5265 1165 5328 dummodo
1177 5264 1652 5345 pmdestinatio
1676 5264 2046 5326 admittatur
2065 5263 2146 5324 ad
2163 5265 2438 5344 gratiam
2471 5272 2528 5325 et
2547 5263 2627 5326 ad
2645 5265 2868 5344 gratia:
2887 5263 3193 5354 effectum.
3220 5266 3330 5346 qui
3358 5272 3454 5327 est
3477 5264 3639 5326 liber

392 5362 740 5425 voluntatis
761 5367 1267 5436 cousensus,‘aut
1290 5361 1451 5423 liber
1467 5362 1682 5441 gratiae
1709 5362 1867 5424 datm
1888 5362 2097 5423 bonus
2127 5379 2307 5424 usus.
2336 5360 2600 5423 Thomas
2621 5362 2972 5424 doctrinam
2998 5379 3129 5443 prm
3150 5362 3355 5424 oculis
3380 5361 3636 5424 habeto.

472 5460 663 5537 [LIV]
693 5460 895 5522 Aiunt
955 5458 1242 5538 denique
1277 5457 1515 5521 laudati
1572 5461 1786 5521 Patres
1814 5475 1885 5519 ac
1916 5457 2432 5537 Theophylactus
2472 5473 2603 5520 non
2660 5474 2802 5523 raro
2839 5478 2854 5520 :
2890 5475 3002 5521 eos
3066 5459 3363 5522 homines
3399 5460 3640 5539 eligere

395 5559 631 5629 Deum,
676 5574 829 5635 quos
864 5556 1186 5634 priest-ivit
1217 5553 1445 5617 divina:
1476 5554 1796 5616 occationi
1830 5558 2175 5635 morigeros
2211 5574 2284 5616 ac
2314 5553 2715 5626 tractabiles;
2747 5555 3034 5637 itemque
3070 5575 3486 5619 consensuros
3523 5559 3641 5619 hoc

393 5655 491 5716 cel
534 5654 650 5718 illo
683 5664 958 5734 tempore
1006 5672 1080 5716 ac
1129 5654 1198 5716 in
1230 5655 1371 5715 istis
1401 5653 1498 5715 vel
1534 5651 1666 5715 illis
1711 5652 2229 5714 circumstantiis.
2266 5652 2440 5711 Dicta
2481 5648 2855 5731 huiusmodi
2898 5671 3024 5717 non
3078 5654 3432 5733 intelligas,
3463 5669 3536 5714 ac
3582 5655 3638 5713 si

398 5752 797 5830 prmscientia
830 5752 1048 5814 divina
1082 5769 1159 5814 ex
1200 5750 1301 5813 his
1332 5751 1667 5813 hominum
1699 5749 1972 5812 internis
1995 5745 2556 5825 exterioribusque
2584 5748 3087 5813 circumstantiis
3122 5750 3400 5828 aliquam
3433 5758 3643 5810 sumat

401 5866 471 5913 ac
498 5856 755 5928 praestet
786 5848 1027 5914 divina
1055 5848 1391 5911 electionis
1438 5856 1501 5911 et
1553 5845 2144 5928 praedestinationis
2186 5859 2442 5906 causam
2472 5852 2535 5907 et
2568 5845 2909 5910 rationem.
2946 5844 3513 5910 Juxtasec’undam
3548 5852 3647 5906 re-
