4058 6470
424 320 569 389 111*
1275 320 1498 380 BERN.
1540 317 1807 380 NABIS“.
1848 317 1942 377 DE
1984 318 2026 377 Β

2064 315 2269 379 JBEIS
2294 311 2815 375 'DISSERTATIO
3562 304 3666 372 112

431 437 644 515 gulam
694 451 792 497 res
832 434 916 497 ita
956 433 1372 513 intelligenda
1408 442 1526 507 est,
1561 438 1631 495 ut
1675 431 1778 492 ille
1835 448 2170 491 consensus
2204 446 2237 491 a
2275 430 2408 488 Deo
2439 426 2523 487 sit
2575 428 2929 503 praesentes,
2963 420 3159 483 veluti
3187 419 3374 500 ﬁnis;
3406 426 3468 482 et
3506 419 3678 484 hunc

431 541 503 597 ut
533 532 815 595 obtineat
848 529 1067 593 divina
1098 530 1533 604 Providentia,
1561 545 1671 609 pro
1700 544 1835 589 suae
1864 527 2200 605 sapientiae
2229 523 2528 596 consilio,
2573 538 2818 602 proque
2864 516 3231 580 conditione
3266 518 3678 581 rationalium

429 631 817 699 animorum,
851 635 1075 707 praeter
1097 627 1405 690 interiora
1436 627 1671 688 divinm
1699 623 1916 702 gratim
1946 621 2219 684 efﬁcacis
2257 628 2317 681 et
2356 618 2684 697 Operantis
2729 615 2999 689 auxilia,
3026 613 3159 676 huic
3191 614 3381 676 etiam
3410 630 3555 675 cum
3579 612 3683 676 in-

433 725 631 788 ternis
658 724 801 785 aliis
827 725 1245 803 externisque
1282 722 1615 801 temporis,
1642 721 1763 783 loci
1800 718 2260 797 similibusque
2293 713 2806 778 circumstantiis
2856 717 3220 783 connectat,
3253 710 3494 790 quibus
3518 727 3682 789 prm-

430 822 637 883 visum
671 821 957 900 denique
1007 837 1416 893 consensum,
1451 834 1581 897 quo
1625 817 1762 880 vult
1794 818 1966 878 Deus
2014 822 2329 893 tempore,
2378 829 2508 891 quo
2556 812 2696 873 loco
2727 826 2940 889 quove
3002 808 3221 880 modo,
3258 806 3683 869 rationalibus

428 917 791 997 liberisque
828 917 1200 978 hominibus
1231 915 1687 986 conveniente,
1721 918 2182 990 consequatur.

507 1015 608 1076 92.
642 995 730 1076 Ita
764 1032 914 1077 vero
949 1014 1380 1094 loquebantur
1404 1011 1609 1075 Graeci
1635 1012 1876 1084 Patres,
1914 1025 1984 1070 ac
2014 1023 2169 1069 sane
2204 1005 2418 1066 minus
2461 1009 2753 1066 accurate
2784 995 2798 1064 ὲ
2828 1008 2962 1063 tum
3009 999 3519 1080 quiaPelagiana
3552 997 3685 1060 hee-

418 1112 594 1172 resis
631 1127 758 1173 non
792 1110 874 1173 ita
908 1127 1132 1172 eorum
1170 1110 1485 1172 Ecelesias
1526 1109 1870 1181 invaserat,
1907 1113 1976 1167 ut
2014 1100 2474 1182 urgentissima
2504 1098 2668 1161 foret
2701 1097 2860 1159 ratio
2890 1096 3082 1159 verba
3105 1095 3419 1158 metiendi
3453 1104 3514 1158 et
3576 1112 3687 1157 ca-

429 1208 705 1290 stigandi
743 1207 1129 1281 locutiones,
1167 1207 1276 1269 ubi
1311 1206 1384 1267 de
1406 1206 1618 1287 gratia
1641 1203 1834 1283 deque
1892 1202 2188 1262 electione
2219 1196 2436 1258 divina
2468 1214 2540 1256 ac
2560 1193 3123 1274 prwdestinatione
3152 1192 3483 1274 agebatur.
3521 1194 3687 1254 Tum

430 1289 647 1379 etiam,
680 1306 854 1385 quod
890 1306 985 1365 eis
1013 1305 1215 1366 libero
1247 1304 1606 1367 cavendum
1639 1297 2085 1371 eratarbitrio,
2118 1295 2293 1373 quod
2319 1291 2654 1354 Maniclimi
2688 1302 2748 1354 et
2772 1290 2879 1353 alii
2915 1289 3294 1353 lieterodoxi
3324 1289 3541 1369 plures
3572 1291 3690 1349 bo-

433 1403 637 1464 mines
668 1400 1146 1479 Oppugnabant.
1182 1400 1349 1461 Hinc
1378 1397 1542 1474 apud
1574 1413 1685 1458 eos
1713 1403 1774 1457 et
1804 1394 1968 1472 apud
2002 1390 2560 1470 'l‘beOphylactum
2593 1391 2733 1452 suis
2767 1390 2834 1450 in
2865 1386 3365 1451 Commentariis
3389 1384 3694 1465 frequen-

431 1498 698 1560 tissima:
727 1498 1204 1558 admonitiones
1239 1519 1253 1558 :
1286 1497 1422 1559 Hoc
1452 1492 1551 1554 vel
1581 1490 1744 1554 illud
1781 1490 1934 1564 dici,
1967 1498 2035 1550 ut
2071 1488 2329 1551 libertas
2367 1486 2629 1549 arbitrii
2659 1495 3086 1555 monstretur;
3112 1487 3227 1548 hoc
3249 1484 3346 1545 vel
3373 1482 3537 1546 illud
3564 1484 3691 1545 mi-

428 1595 593 1656 nime
618 1594 875 1665 dictant,
900 1602 971 1653 ut
997 1593 1262 1654 liberum
1294 1593 1629 1670 auferatur
1655 1587 2020 1648 arbitrium.

514 1691 603 1750 Ad
642 1698 831 1768 caput
872 1708 980 1751 xv:
1015 1687 1294 1751 Matlhaei
1339 1707 1401 1749 v.
1437 1686 1538 1761 21s,
1600 1676 1787 1746 verba
1828 1690 1978 1743 sunt
2012 1702 2026 1741 :
2070 1704 2098 1738 α
2130 1684 2201 1745 Si
2238 1685 2378 1761 quis
2438 1681 2574 1743 vult
2627 1683 2840 1744 venire
2871 1692 3015 1762 post
3070 1700 3185 1743 me.
3224 1680 3394 1742 Dicit
3451 1686 3692 1753 autem,

432 1796 584 1856 vim,
623 1793 708 1846 ἵνα
741 1793 889 1864 δείξῃ
922 1794 1003 1846 ὅτι
1039 1786 1407 1858 αὐτεξούὲςιον,
1438 1792 1509 1844 ut
1544 1778 1826 1842 ostendat
1858 1778 2034 1841 liberi

2094 1797 2125 1838 η
2169 1780 2533 1854 arbitrium,
2575 1790 2628 1841 et
2661 1798 2789 1840 non
2817 1788 3097 1840 coactam
3117 1779 3439 1852 virtutem,
3472 1778 3567 1831 καὶ
3591 1778 3696 1832 οὐκ

431 1891 781 1963 ἀναγκαστδν
813 1894 846 1961 ἡ
882 1892 1073 1964 ἀρετή.
1120 1884 1214 1943 Ad
1255 1892 1446 1961 caput
1484 1898 1546 1942 Iv
1598 1878 1882 1949 Marci,v.
1915 1878 1994 1938 26
2026 1898 2033 1938 :

2091 1898 2105 1932 ι
2141 1877 2247 1938 Sic
2281 1886 2371 1937 est
2405 1894 2662 1956 regnum
2696 1877 2833 1951 Dei,
2872 1874 3384 1956 quemadmodum
3417 1877 3474 1937 si
3514 1878 3693 1939 homo

418 1981 626 2063 jaciat
674 1994 1001 2042 sementem
1054 1981 1121 2041 in
1153 1989 1407 2040 terram.
1447 1975 1659 2039 Liberi
1696 1976 1868 2037 enim
1910 1974 2158 2037 arbitrii
2192 1992 2419 2037 sumus
2455 1995 2470 2034 :
2506 1981 2569 2037 et
2616 1976 2683 2036 in
2722 1984 2938 2037 nostra
2990 1975 3307 2037 electione
3372 1976 3698 2053 Oportebit

434 2093 655 2137 semen
697 2075 1050 2157 (Evangelii
1091 2073 1632 2155 praedicationem)
1665 2088 1978 2144 crescere,
2018 2070 2119 2134 vel
2154 2088 2305 2133 non.
2349 2072 2571 2151 Neque
2628 2070 2803 2134 enim
2839 2072 3044 2133 coacti
3079 2080 3139 2133 et
3166 2074 3518 2133 necessario
3554 2070 3696 2133 fru-

414 2182 604 2234 -ctum
638 2173 990 2237 alierimus.
1032 2195 1060 2229 ιο
1095 2174 1186 2235 Ad
1221 2179 1410 2250 caput
1445 2187 1584 2231 xxxi
1626 2171 1836 2246 Lucae,
1865 2188 1920 2231 v.
1950 2169 2030 2230 27
2062 2191 2077 2230 :
2116 2192 2143 2225 ι(
2181 2167 2670 2232 Confundantur
2711 2167 3070 2243 Manichmi,
3101 2168 3212 2249 qui
3246 2168 3468 2232 dicunt
3499 2185 3701 2249 quos-

426 2271 579 2329 -lam
607 2280 833 2332 natura
867 2286 1012 2332 esse
1047 2268 1387 2340 indociles,
1430 2276 1493 2328 et
1524 2265 1990 2346 impossibilem
2030 2281 2175 2328 esse
2207 2265 2355 2327 vita)
2391 2263 2843 2327 mutationem.
2875 2287 2904 2321 κ

511 2366 776 2428 Joannis
813 2364 1103 2444 capitev,
1137 2385 1197 2428 v.
1222 2365 1301 2427 [ιο
1326 2387 1340 2426 :
1367 2386 1396 2420 α
1424 2365 1561 2427 Non
1592 2361 1763 2425 enim
1790 2361 1975 2437 dixit,
2002 2362 2272 2423 Potestis
2300 2361 2535 2435 venire,
2573 2362 2687 2423 sed
2724 2360 2946 2423 Vultis.
2982 2361 3264 2424 Audiant
3301 2362 3635 2433 Manicliaai
3680 2384 3696 2423 :

431 2462 766 2541 quodnon
796 2471 1020 2525 natura
1051 2462 1310 2534 malum,
1349 2460 1459 2523 sed
1493 2459 1819 2521 voluntate
1849 2465 2122 2520 constet.
2152 2480 2182 2513 ι)
2213 2459 2330 2519 Sed
2361 2474 2525 2536 opus
2552 2475 2693 2519 esse
2732 2457 2956 2520 divino
2986 2459 3258 2532 auxilio,
3296 2470 3361 2521 ut
3384 2460 3699 2522 salutares

432 2564 614 2621 actus
655 2559 814 2637 .edat
875 2560 1149 2623 liberum
1207 2558 1569 2630 arbitrium,
1604 2556 2031 2619 disertissime
2072 2556 2310 2635 passim
2354 2555 2570 2617 tradit.
2618 2556 2858 2621 Locum
2918 2557 3133 2633 accipe
3179 2556 3245 2617 in
3306 2564 3496 2634 caput
3554 2574 3700 2617 χχιι

376 2682 401 2701 ν·
436 2659 647 2733 Lucae,
683 2661 838 2724 v-31
870 2683 884 2722 :
927 2684 956 2717 α
982 2661 1120 2725 Hoc
1153 2660 1290 2721 loco
1313 2657 1623 2720 discimus
1650 2672 1934 2734 magnam
1964 2654 2315 2715 doctrinam
2343 2673 2362 2713 :
2390 2653 2562 2732 quod
2588 2669 2712 2713 non
2746 2651 3018 2715 sulIiciat
3055 2656 3452 2732 prepositum
3488 2654 3697 2716 liomi-

437 2753 563 2829 nis,
588 2758 757 2826 xwptg
789 2759 885 2829 τῆς
915 2756 1007 2810 τοῦ
1038 2753 1172 2811 Θεοῦ
1210 2758 1552 2828 ἐπικουρίας,
1583 2751 1724 2813 sine
1759 2750 2004 2813 auxilio
2036 2805 2039 2811 .

2101 2750 2176 2812 ei.
2211 2749 2765 2823 Quemadmodum
2799 2758 2858 2810 et
2890 2751 3119 2811 Petrus
3169 2768 3394 2829 parum
3465 2751 3703 2813 dereli-

435 2841 575 2911 ctus
614 2854 908 2929 (promer
953 2836 1312 2925 quamdam,
1333 2848 1756 2909 temeritatem
1791 2846 1957 2925 ejus,
1998 2855 2068 2907 ut
2100 2847 2291 2923 infra)
2330 2846 2575 2906 tametsi
2609 2845 2981 2909 charitatem
3016 2854 3077 2909 et
3107 2846 3426 2910 fervorem
3464 2846 3701 2909 habere

434 2940 803 3018 videretur,
848 2940 958 3002 ubi
997 2940 1256 3020 reliquit
1282 2940 2026 3022 ‘eum,Deus,sumilanta

2105 2959 2135 3002 s
2168 2951 2261 3002 est
2286 2941 2364 3003 ab
2392 2942 2681 3004 inimico,
2703 2941 2818 2995 Οὐκ
2847 2944 3007 3012 ἀρκεῖ
3038 2946 3071 3015 ή
3097 2945 3190 2998 τοῦ
3221 2944 3356 2998 Θεοῦ
3388 2943 3700 3017 ἐπικουρία,

441 3042 517 3112 μὴ
543 3041 636 3094 καὶ
658 3040 970 3109 προθέσεως
1008 3035 1357 3111 ἀνθρῳπίνης
1394 3035 1589 3108 οὔσης,
1630 3055 1757 3099 non
1802 3037 2039 3100 sufﬁcit

2100 3039 2203 3099 Dei
2258 3038 2653 3114 subsidium,
2685 3042 2739 3102 si
2782 3058 2908 3103 non
2944 3041 3221 3103 adfuerit
3254 3049 3313 3104 et
3346 3042 3702 3104 humanum

444 3144 868 3216 pronositum:
899 3130 1442 3229 quemadmodum
1468 3128 1733 3197 etIudm
1753 3133 1914 3196 nihil
1960 3132 2228 3213 profuit,
2267 3136 2559 3213 quamvis
2593 3139 2811 3201 omnia
2848 3138 3017 3220 (qum
3046 3139 3434 3219 suﬂicerent)
3467 3139 3706 3202 faceret

419 3235 774 3307 .Dominus,
801 3239 868 3331 ut
902 3228 1296 3293 lu'crii‘aceret
1320 3250 1649 3327 eum,cum
1666 3234 1914 3295 abesset
1938 3233 1997 3295 ei
2022 3231 2187 3296 bona
2212 3234 2505 3298 voluntas
2536 3235 2787 3317 (utique
2808 3238 3032 3301 divino
3048 3238 3293 3301 auxilio
3316 3239 3706 3322 habenda):

498 3322 833 3413 Quaenam
862 3349 1012 3395 vero
1052 3331 1271 3397 fuerit
1301 3322 1471 3411 apud
1528 3331 2079 3412 TheOphylactum
2117 3341 2514 3413 caaterosque
2546 3334 2798 3396 Graecos
2847 3338 3060 3397 Patres
3093 3336 3272 3399 notio
3310 3335 3498 3399 liberi
3522 3338 3700 3413 ,arbi»

439 3433 576 3505 trii,
618 3422 1122 3508 diligentissime
1194 3426 1459 3507 exponit
1511 3410 2242 3507 MicliaelLequienus,
2304 3429 2370 3491 in
2412 3410 2672 3493 veorum
2741 3432 2989 3510 scriptis
3059 3410 3563 3511 versatissimus,
3624 3436 3707 3498 ad

439 3539 627 3607 caput
661 3529 740 3590 25
790 3525 937 3587 libri
973 3544 1019 3586 ιι
1056 3527 1321 3588 Joannis
1351 3528 1723 3588 Damaseeni
1754 3527 1842 3586 De
1869 3525 1988 3605 ﬁde
2013 3525 2369 3588 orthodoxa
2402 3525 2471 3588 in
2501 3529 2669 3589 notis
2702 3548 2718 3589 :
2753 3551 2780 3584 α
2808 3529 3053 3591 Novelli
3089 3530 3352 3609 quidam
3391 3529 3701 3609 theologi,

440 3624 778 3707 inquiens,
817 3622 1081 3685 liberum
1116 3621 1456 3684 arbitrium
1508 3621 1607 3701 sic
1667 3621 2064 3701 intelligunt,
2115 3633 2185 3683 ut
2243 3642 2610 3703 quocunque
2684 3626 2864 3687 modo
2923 3629 3217 3689 voluntas
3278 3629 3575 3690 trahatur
3620 3629 3708 3690 ad

441 3740 637 3783 unum
672 3718 929 3799 aliquod
959 3718 1401 3799 appetendum,
1432 3719 1839 3780 nihilosecius
1904 3718 2230 3782 liberrima
2289 3721 2396 3795 sit,
2452 3731 2673 3799 sponte
2716 3722 3055 3788 valendo...
3103 3727 3561 3799 Damascenus,
3606 3725 3709 3787 iu-

441 3818 703 3898 quiunt,
740 3820 924 3880 docet
989 3817 1295 3880 hominem
1328 3834 1454 3878 esse
1480 3815 1767 3893 liberum,
1797 3816 1945 3897 quia
1978 3819 2315 3885 rationalis
2357 3829 2479 3895 est,
2518 3822 2637 3884 hoc
2677 3830 2796 3897 est,
2829 3821 2984 3901 quia
3020 3832 3264 3888 motum
3291 3840 3546 3886 omnem
3585 3841 3702 3888 vo-

442 3915 709 3977 luntatis
748 3913 916 3994 ejus,
950 3922 1527 3994 quantumcunque
1591 3913 1998 3975 necessarius
2033 3914 2141 3990 sit,
2183 3917 2614 3980 consideratio
2647 3918 2916 3982 rationis
2953 3922 3313 3984 comitatur.
3350 3923 3588 3984 Verum
3625 3939 3706 3985 ne

438 4011 543 4078 illi
572 4013 895 4091 integrum
930 4011 1225 4091 legerunt
1248 4020 1617 4073 contextum
1641 4008 1967 4071 auctoris?
2013 4010 2336 4084 Quorsum
2372 4016 2543 4077 enim
2577 4016 2799 4094 probat
2862 4016 3192 4080 hominem
3225 4002 3370 4081 esse
3404 4019 3706 4089 liberum,

438 4110 594 4189 quia
632 4106 970 4169 rationalis
1003 4120 1127 4176 est;
1162 4108 1290 4168 nisi
1319 4108 1475 4186 quia
1505 4112 1749 4168 utendo
1774 4107 2021 4167 ratione
2054 4112 2371 4172 consultat
2406 4113 2617 4188 homo,
2646 4132 2925 4193 cumque
2959 4115 3434 4192 deliberaverit,
3474 4116 3535 4176 id
3569 4125 3711 4177 tan-

438 4210 594 4285 dem
635 4203 817 4282 eligit
847 4204 1021 4282 quod
1071 4203 1195 4264 sibi
1256 4202 1493 4285 melius
1544 4218 1687 4262 esse
1714 4200 2071 4280 judicavit?
2103 4205 2399 4285 Quisquis
2435 4209 2748 4272 consultat
2783 4212 3020 4293 (inquit
3070 4216 3275 4290 capite
3311 4213 3413 4289 27)
3445 4211 3709 4291 perinde

437 4300 783 4373 consultat,
826 4317 938 4361 ceu
975 4318 1187 4361 rerum
1210 4298 1595 4379 agendarum
1624 4299 1692 4359 in
1727 4301 1863 4377 ipso
1895 4306 2174 4376 potestas
2206 4300 2288 4359 sit
2319 4321 2338 4358 :
2370 4310 2438 4361 ut
2460 4301 2625 4380 quod
2655 4305 3068 4366 consultando
3095 4307 3296 4366 visum
3325 4305 3540 4366 melius
3569 4306 3711 4383 [ue-

441 4396 559 4469 rit,
597 4396 713 4457 hoc
749 4394 978 4474 eligat;
1015 4404 1071 4455 et
1120 4414 1258 4455 cum
1313 4395 1591 4473 elegerit,
1632 4402 2084 4472 exsequatur...
2118 4396 2191 4456 Ut
2241 4415 2393 4475 ergo
2427 4398 2616 4460 homo
2654 4398 2819 4462 iiber
2850 4402 2958 4477 sit,
2995 4420 3122 4464 non
3173 4402 3404 4465 saﬂicit
3437 4404 3709 4464 attentio

443 4496 579 4557 sola
613 4495 680 4556 in
732 4496 796 4557 id
830 4497 1004 4575 quod
1039 4495 1175 4557 vult
1208 4517 1222 4533 ·
1257 4494 1325 4558 id
1353 4512 1617 4557 necesse
1647 4502 1766 4569 est,
1802 4501 1870 4556 ut
1900 4492 2003 4554 sui
2032 4508 2293 4571 compos
2322 4513 2517 4556 unum
2543 4499 2986 4576 amplectatur,
3019 4502 3222 4562 altero
3256 4499 3637 4577 posthabito.
3677 4523 3705 4555 ››

443 4591 623 4653 Hanc
654 4592 843 4653 etiam
875 4591 1463 4654 conslantissimam
1517 4592 1776 4652 Thomae
1822 4590 2161 4669 Aquinatis
2189 4590 2541 4654 doctrinam
2588 4612 2757 4670 esse,
2794 4595 2956 4659 hanc
3021 4605 3298 4660 mentem
3348 4597 3697 4676 Augustini

449 4689 948 4767 apertissimam,
1006 4689 1208 4752 dubio
1242 4690 1464 4769 procul
1502 4689 1680 4750 omni
1714 4686 2198 4757 asseverabant.
2237 4690 2617 4770 quicunque
2648 4692 2933 4770 sapiunt.

1852 4815 2001 4892 [LV]
2044 4810 2282 4889 xxm,

440 4927 994 5013 Luculentissime,
1041 4935 1097 4986 et
1135 4925 1269 4987 ulla
1300 4928 1435 5013 sine
1462 4930 1717 5011 ambage
1746 4931 1818 4994 de
1845 4932 2009 4997 reali
2047 4939 2392 5013 prasentia
2423 4938 2667 5000 Christi
2710 4937 2774 4998 in
2834 4938 3257 4999 Eucharistiw
3312 4948 3711 5000 sacramento

444 5056 451 5061 .
522 5008 805 5103 disserit,
839 5007 1031 5103 deque
1081 5007 1808 5103 transsubstantiatione.
1838 5007 2521 5094 Nugtfnugacissimte
2545 5028 2713 5093 sunt,
2767 5033 2921 5096 quas
2960 5018 3331 5080 heterodoxi
3366 5031 3711 5097 reponunt.

520 5087 894 5157 Salmasius,
926 5086 1297 5147 Albertinus
1336 5096 1392 5149 et
1427 5088 1759 5153 Claudius.

524 5190 632 5290 93.
658 5190 847 5290 Suam
884 5188 1414 5290 'l‘beOpbylactus
1446 5200 1508 5255 et
1539 5196 1842 5260 Ecclesiae
1864 5198 2099 5262 Grtecm
2136 5201 2327 5264 ﬁdem
2360 5200 2425 5262 in
2457 5218 2534 5263 eo
2556 5200 2978 5263 edisserendo
3005 5201 3321 5282 dogmate,
3357 5202 3531 5282 quod
3562 5220 3712 5262 rea-

446 5287 559 5350 lezn
587 5287 740 5348 Jesu
765 5286 1008 5349 Christi
1031 5286 1436 5367 praesentiam
1463 5290 1532 5352 in
1554 5291 1979 5357 Eucharistite
2000 5305 2412 5371 sacramento,
2442 5317 2513 5357 ac
2540 5294 2908 5360 substantia
2926 5301 3114 5378 panis
3147 5309 3204 5359 et
3228 5301 3365 5360 vini
3396 5310 3716 5360 transmu-

442 5386 743 5450 tationem
802 5395 1066 5464 spectat,
1104 5388 1457 5465 splendidis
1492 5389 1653 5451 adeo
1685 5398 1949 5454 testatur
1978 5392 2344 5465 sententiis,
2378 5401 2445 5453 ut
2501 5390 2836 5470 ampliora,
2871 5392 3293 5456 luculentiora
3329 5401 3393 5456 et
3442 5392 3713 5457 clariora

443 5481 750 5544 adhibere
786 5481 975 5544 verba
1010 5499 1199 5546 nemo
1250 5484 1475 5547 valeat.
1516 5485 1799 5549 Primum
1855 5490 2052 5551 affero
2116 5487 2328 5551 locum
2371 5506 2448 5549 ex
2488 5489 2947 5552 commentario
2976 5490 3054 5551 ad
3111 5497 3299 5568 caput
3331 5509 3491 5553 xxvr
3544 5492 3711 5553 Mat-

442 5577 619 5652 thaai,
653 5596 693 5641 v
745 5578 824 5639 26
858 5603 871 5617 -
910 5602 938 5636 α
999 5581 1197 5643 Porro
1239 5580 1489 5658 dicens,
1529 5583 1668 5645 Hoc
1733 5594 1822 5645 est
1873 5602 2044 5663 corp:

2103 5604 2107 5637 τ
2157 5603 2379 5658 meum,
2420 5586 2718 5658 ostendit,
2772 5587 2896 5640 Ὅτι
2920 5586 3052 5640 αὐτὸ
3081 5586 3142 5639 τὸ
3168 5587 3330 5657 σῶμα
3367 5585 3461 5641 τοῦ
3495 5587 3705 5657 Κυρίου

447 5676 604 5730 ἐστὶν
637 5677 665 5730 ὁ
697 5676 881 5746 ἄρτος,
912 5678 940 5731 ὁ
964 5678 1324 5749 ἁγιαζόμενος
1359 5683 1417 5733 ὲν
1480 5681 1560 5751 τῷ
1593 5681 1986 5753 θυσιαστηρίῳ,
2015 5684 2111 5736 καὶ
2138 5684 2260 5752 οὐχὶ
2290 5685 2606 5739 ἀντίτυπον.
2633 5685 2707 5737 Οὐ
2742 5684 2851 5756 γὰρ
2880 5680 3023 5752 εἷπε,
3051 5685 3221 5740 Τοῦτό
3244 5688 3362 5740 ἐστι
3384 5687 3704 5750 ἀντίτυπον,

434 5763 607 5841 aii/ﬁ,
678 5763 859 5820 Τοῦτό
922 5766 1054 5821 ἐστι
1089 5769 1155 5823 τὸ
1187 5767 1356 5838 σῶμά
1382 5788 1525 5839 μου.
1598 5770 1851 5840 Ἀρῤήτῳ
1907 5771 2016 5841 γὰρ
2075 5772 2349 5843 ἐνεργείᾳ,
2406 5775 2804 5843 μεταποιεῖται,
2864 5773 2968 5829 κᾶν
3017 5774 3280 5845 φαίνηται
3341 5776 3475 5845 ἡμῖν
3504 5776 3706 5847 ἄρτοςο
