3984 6560
241 422 333 489 113
1072 423 1176 483 DE
1207 421 1791 485 THEOPBYLACTI
1838 418 2109 482 GESTIS
2143 421 2236 481 ET
2274 419 2634 481 SCRlPTIS.
3354 408 3501 480 ln‘f

233 535 388 619 quod
417 533 622 613 ipsum
650 550 883 615 corpus
932 535 1193 597 Domini
1226 542 1320 598 est
1376 536 1580 617 panis,
1609 534 2033 598 sanctificatus
2060 533 2123 594 in
2147 530 2392 602 altario,
2419 535 2481 593 et
2520 546 2647 592 non
2680 530 2896 608 ﬁgura.
2926 531 3063 591 Non
3092 527 3261 590 enim
3287 530 3480 599 dixit;

234 636 354 696 Hoc
385 637 475 693 est
513 632 736 710 figura,
775 633 911 705 sed,
935 634 1071 695 Hoc
1105 641 1194 695 est
1220 651 1449 713 corpus
1473 652 1697 694 meum.
1732 630 2044 694 Ineﬂ’abili
2088 631 2258 693 enim
2291 628 2665 708 operatione
2694 624 3195 699 transformatur,
3233 625 3489 687 etiamsi

235 730 401 791 nobis
460 728 750 791 videatur
811 728 1028 809 panis;
1061 730 1360 810 quoniam
1401 728 1631 791 inﬁrmi
1674 746 1911 799 sumus,
1965 734 2024 790 et
2085 726 2498 789 abhorremus
2557 722 2786 785 crudas
2840 738 3073 783 carnes
3113 722 3474 793 comedere,

238 825 489 886 maxime
529 823 813 887 hominis
842 843 1094 888 carnem
1137 844 1150 888 :
1192 835 1254 888 et
1288 827 1434 888 ideo
1458 828 1645 907 panis
1675 824 1918 906 quidem
1948 825 2128 886 nobis
2153 831 2441 903 apparet,
2475 820 2585 884 sed
2608 835 2828 881 revera
2855 836 2999 880 caro
3034 828 3188 880 est.»
3221 820 3478 899 Perspi-

235 938 340 984 cue
379 929 574 1000 patet,
622 939 848 1001 panem
905 930 968 985 et
1012 922 1226 985 vinum
1284 941 1413 987 non
1447 923 1580 986 fieri
1614 924 1817 984 solum
1848 924 2059 986 verbis
2093 919 2922 993 consecrationisavztwm,
2955 921 3479 998 reprwsentantia

236 1036 448 1098 corpus
481 1025 546 1080 et
573 1019 953 1099 sanguinem
985 1020 1266 1095 Domini,
1296 1020 1404 1082 sed
1438 1020 1504 1083 in
1541 1020 1743 1098 ipsum
1776 1035 2007 1098 corpus
2039 1017 2441 1107 transmutari
2480 1025 2540 1079 et
2578 1009 2977 1095 sanguinem.

300 1115 565 1177 Gemina
596 1123 762 1187 sunt,
798 1132 1002 1196 eaque
1034 1117 1465 1190 disertissima,
1505 1135 1647 1197 quae
1682 1116 1997 1178 habentur
2025 1115 2100 1177 ad
2121 1121 2309 1195 caput
2339 1132 2404 1176 vr
2435 1115 2718 1183 Joannis,
2757 1132 2820 1177 ν.
2848 1114 2926 1174 52
2960 1135 2975 1173 :
3017 1137 3044 1169 (ι
3078 1112 3274 1175 Panis
3302 1130 3477 1191 quem

235 1226 329 1288 ego
357 1208 542 1282 dabo,
573 1228 720 1288 caro
751 1230 884 1272 mea
909 1221 998 1274 est
1020 1231 1143 1291 pro
1165 1212 1382 1275 mundi
1406 1215 1559 1275 vita.
1596 1212 1928 1275 Manifesta
1959 1220 2168 1275 autem
2199 1212 2387 1274 nobis
2412 1211 2530 1274 hoc
2558 1211 2699 1274 loco
2729 1210 2976 1272 dicitde
3011 1210 3279 1287 mystica
3309 1227 3480 1269 com-

233 1306 516 1364 munione
537 1310 830 1386 corporis
870 1311 1046 1370 sui...
1082 1311 1354 1371 Attende
1386 1319 1626 1385 autem,
1659 1311 1834 1389 quod
1860 1312 2075 1389 panis,
2113 1309 2225 1389 qui
2270 1326 2304 1370 a
2346 1308 2533 1370 nobis
2564 1309 2635 1369 in
2683 1307 3006 1386 mysteriis
3042 1304 3476 1378 manducatur,

233 1417 347 1462 non
380 1408 475 1462 est
511 1411 757 1464 tantum
783 1404 1081 1483 ﬁguratio
1113 1406 1389 1485 quadam
1416 1410 1627 1469 carnis
1664 1410 1806 1468 Dom

1909 1409 1934 1481 ’,
1976 1407 2083 1468 sed
2121 1406 2256 1486 ipsa
2288 1423 2434 1466 caro
2469 1405 2744 1478 Domini,
2779 1415 2879 1469 οὐκ
2907 1414 3199 1470 ἀντξτυπόν
3238 1415 3355 1467 ἐστι
3382 1415 3482 1481 τῆς

232 1501 313 1556 τοῦ
347 1502 560 1571 Κυρίου
590 1503 813 1574 σαρκὸς,
840 1504 951 1563 ἀλλ’
978 1504 1119 1574 αὐτὴ
1139 1509 1172 1575 ἡ
1199 1505 1293 1560 τοῦ
1325 1507 1533 1578 Κυρίου
1558 1507 1712 1577 σάρξ.
1748 1508 1805 1568 Νι

1918 1506 2090 1568 enim
2118 1505 2290 1577 dicit,
2327 1505 2534 1566 Panis
2564 1522 2741 1584 quem
2774 1525 2883 1585 ego
2934 1507 3091 1569 dabo
3156 1510 3352 1585 tigura
3385 1515 3480 1567 est

212 1600 447 1675 carnis,
487 1602 602 1663 sed
655 1603 819 1665 Caro
870 1622 1002 1663 mea
1058 1612 1171 1665 est.
1210 1603 1724 1667 Transformatur
1761 1604 1957 1675 enim,
1996 1616 2395 1683 μεταποιεῖται,
2431 1603 2675 1666 arcanis
2714 1604 2945 1679 verbis,
2998 1606 3177 1683 panis
3234 1603 3340 1665 ille
3374 1621 3491 1681 per

235 1693 554 1774 mysticam
596 1698 1114 1761 benedictionem
1157 1707 1218 1762 et
1272 1703 1702 1764 accessionem
1757 1700 1954 1763 sancti
2013 1701 2313 1779 Spiritus,
2354 1717 2421 1761 in
2449 1717 2697 1760 carnem
2754 1699 3030 1761 Domini.
3079 1700 3163 1760 Et
3196 1718 3269 1759 ne
3305 1717 3477 1778 quem

235 1794 576 1868 conturbet,
611 1796 788 1874 quod
820 1795 1163 1858 credendus
1189 1799 1275 1859 sit
1303 1799 1489 1877 panis
1514 1818 1684 1863 caro.
1716 1798 1964 1862 Etenim
1997 1807 2056 1859 et
2087 1799 2149 1859 in
2176 1815 2361 1860 carne
2392 1798 2759 1860 ambulante
2784 1799 3080 1872 Domino,
3114 1806 3175 1860 et
3212 1814 3287 1859 ex
3322 1815 3483 1877 pane

234 1890 596 1953 alimoniam
628 1900 947 1966 sumente,
979 1892 1166 1971 panis
1198 1893 1307 1957 ille
1374 1897 1483 1976 qui
1531 1895 2050 1963 manducabatur,
2088 1895 2155 1956 in
2207 1912 2439 1974 corpus
2476 1894 2609 1974 ejus
2640 1894 3024 1967 mutabatur,
3074 1900 3133 1955 et
3185 1894 3483 1957 similiter

237 1986 403 2049 ﬁebat
447 1994 688 2050 sancta;
717 1988 851 2066 ejus
889 1989 1120 2063 carnis,
1149 1997 1211 2052 et
1240 1990 1304 2052 in
1336 1999 1752 2070 augmentum
1787 2000 1850 2055 et
1913 1992 2441 2053 sustentationem
2476 1990 2847 2053 conferebat
2895 1992 3077 2071 juxta
3139 1991 3481 2053 humanum

234 2090 486 2145 morem.
524 2085 731 2164 Igitur
760 2093 818 2146 et
841 2103 1018 2147 nunc
1038 2087 1225 2166 panis
1257 2088 1327 2149 in
1376 2105 1625 2149 carnem
1660 2089 1914 2149 Domini
1940 2095 2242 2150 mutatur.
2297 2091 2370 2149 Et
2411 2088 2738 2168 quomodo,
2779 2090 3014 2167 inquis,
3066 2107 3193 2149 non
3218 2101 3491 2167 apparet

235 2180 397 2242 nobis
428 2198 608 2257 caro,
635 2182 742 2243 sed
784 2184 972 2261 panis
997 2186 1028 2244 ἵ
1057 2184 1133 2245 Ut
1166 2199 1292 2245 non
1325 2183 1786 2247 abhorreamus
1830 2183 1905 2246 ab
1962 2185 2096 2266 ejus
2129 2203 2258 2246 esu.
2294 2186 2443 2248 Nam
2477 2187 2526 2247 si
2585 2187 2850 2265 quidem
2884 2201 3028 2247 caro
3059 2176 3481 2266 apparuisset,

236 2278 576 2340 itisuaviter
629 2278 837 2341 aﬂecti
897 2296 1185 2341 essemus
1256 2297 1407 2360 erga
1477 2280 2025 2345 communionem.
2078 2284 2260 2346 Nunc
2300 2291 2535 2354 autem,
2599 2282 3151 2346 condescendente
3210 2284 3511 2346 Domino.

238 2382 452 2437 nostra;
487 2376 865 2451 inﬁrmitati,
904 2375 1044 2438 talis
1082 2383 1344 2454 apparrt
1392 2379 1573 2465 nobis
1600 2380 1905 2458 mysticus
1937 2378 2147 2453 cibus,
2173 2378 2473 2460 qualibus
2503 2380 2745 2462 alioqui
2776 2381 3019 2443 assueti
3052 2398 3304 2443 sumus.
3337 2404 3363 2436 »

304 2470 396 2532 94.
434 2471 747 2535 Claudius
785 2470 1148 2543 Salmasius,
1181 2472 1296 2534 sub
1329 2475 1587 2535 nomine
1614 2475 1930 2554 Simplicii
1965 2476 2194 2550 Verini,
2231 2476 2295 2538 in
2326 2491 2520 2556 Opere
2553 2479 2637 2538 De
2670 2478 3378 2539 transsubstantiatione
3410 2478 3483 2538 ad

240 2569 469 2630 Iustum
505 2571 765 2632 Parium
801 2579 1020 2632 contra
1050 2572 1389 2649 Hugonem
1422 2571 1740 2645 Grotium,
1774 2570 2241 2650 'l‘heOphylacti
2284 2575 2669 2635 sententiam
2702 2575 3104 2653 expendens,
3156 2574 3486 2636 veritatem

240 2661 308 2724 ab
332 2679 407 2724 eo
440 2661 740 2727 traditam
768 2664 920 2726 vidit
956 2664 1201 2743 primo;
1228 2664 1451 2725 oculos
1475 2663 1711 2749 deinde
1743 2663 1992 2737 clausit,
2028 2682 2106 2727 ne
2137 2665 2375 2729 videret
2408 2685 2571 2729 eam.
2610 2666 2811 2728 Verba
2843 2673 2992 2728 sunt
3024 2668 3162 2747 ejus
3187 2685 3330 2749 pag.
3370 2666 3487 2730 10:

239 2756 302 2822 Si
313 2763 525 2841 panis,
563 2771 757 2824 exuta
786 2763 1059 2845 propria
1105 2762 1483 2831 substantia,
1518 2748 1801 2823 induerit
1846 2760 2263 2822 substantiam
2286 2766 2575 2844 corporis
2611 2764 2875 2839 Christi,
2910 2782 3033 2826 non
3063 2766 3334 2845 amplius
3359 2766 3488 2847 ejus

241 2858 428 2934 ﬁgura
452 2857 585 2919 dici
611 2868 900 2937 posset...
941 2857 1110 2921 Unde
1143 2858 1331 2919 etilli
1359 2858 1468 2936 qui
1522 2857 1948 2935 crediderunt,
1975 2881 2197 2943 panem
2248 2875 2308 2925 et
2341 2865 2555 2925 vinum
2585 2863 3009 2929 Eucharistia:
3034 2868 3103 2929 in
3160 2883 3393 2944 corpus
3431 2876 3491 2927 et

242 2956 600 3032 sanguinem
632 2956 894 3030 Christi,
928 2955 1294 3017 substantia:
1328 2954 1769 3025 demutatione,
1798 2960 2111 3028 converti;
2154 2969 2468 3040 negarunt
2530 2977 2753 3040 panem
2799 2970 2857 3023 et
2905 2964 3121 3023 vinum
3154 2981 3283 3023 esse
3321 2960 3490 3016 τύπον

245 3054 331 3113 cel
351 3053 647 3107 ἀντίτυπον
672 3054 960 3133 corporis
998 3062 1057 3114 et
1091 3054 1422 3133 sanguinis
1456 3054 1721 3125 Christi,
1756 3062 1823 3113 ut
1856 3054 2381 3135 Theophylactus.
2422 3057 2654 3118 Locum
2689 3057 2829 3135 ejus
2859 3058 2927 3119 in
2959 3060 3244 3122 Marcum
3292 3065 3487 3130 notat.

246 3149 318 3211 de
368 3167 499 3231 quo
550 3151 739 3213 infra.
780 3151 930 3213 Haec
994 3148 1149 3211 ﬁdes
1206 3154 1300 3210 est
1370 3149 1670 3211 Ecclesiae
1705 3148 2050 3213 catholicas.
2082 3153 2230 3215 Haec
2268 3153 2409 3214 sine
2448 3152 2650 3215 dubio
2714 3154 2974 3235 Bulgari
3022 3157 3489 3237 archiepisc0pi

246 3250 577 3312 sententia.
637 3246 803 3322 Quid
876 3250 1068 3310 vero?
1105 3244 1670 3328 Splendidissimae
1723 3243 2071 3309 Salmasius
2131 3247 2256 3321 luci
2321 3248 2625 3313 claudens
2682 3251 2929 3325 oculos,
2960 3260 3148 3314 sectae
3185 3252 3491 3335 prmjudi-

248 3345 339 3409 cio
389 3346 721 3425 abreptus,
751 3343 914 3407 nihil
960 3343 1132 3406 aliud
1196 3342 1591 3407 intellexisse
1648 3342 2196 3424 TbeOpbylactum
2261 3346 2371 3419 ait,
2408 3346 2535 3406 nisi
2567 3344 2893 3427 quamdam
2947 3349 3210 3410 virtutis
3276 3362 3489 3411 trans-

248 3444 670 3506 mutationcm.
2134 3440 2139 3445 ”

316 3540 491 3601 Hanc
538 3554 733 3602 unam
768 3538 847 3600 ab
878 3554 955 3601 eo
984 3538 1201 3601 doceri
1252 3538 1583 3620 contendit
1637 3538 2020 3602 Edmundus
2058 3539 2449 3621 Albertinus‘
2502 3542 2591 3601 De
2633 3540 3050 3603 Eucharistia?
3080 3552 3491 3615 sacramento,

251 3635 750 3716 suﬂragiumque
794 3634 924 3712 peti
983 3652 1173 3715 posse
1202 3634 1537 3698 contendit
1586 3652 1665 3697 ex
1697 3636 2159 3699 commentario
2188 3637 2253 3699 in
2287 3641 2478 3716 caput
2509 3655 2620 3700 xxv
2652 3639 2873 3712 Marci,
2913 3657 2968 3700 v.
3000 3639 3079 3699 22
3118 3660 3128 3700 ;
3170 3662 3197 3695 «
3236 3641 3372 3701 Hoc
3406 3651 3497 3701 est

253 3748 471 3812 corpus
494 3751 715 3795 meum.
756 3733 904 3805 Hoc,
937 3733 1229 3813 inquam,
1264 3732 1438 3813 quod
1473 3732 1754 3794 sumitis.
1787 3731 1931 3795 Non
1961 3733 2125 3794 enim
2189 3734 2397 3812 ﬁgura
2461 3740 2519 3795 et
2551 3734 2873 3814 exemplar
2913 3733 3222 3815 quoddam
3276 3736 3495 3797 .Domi-

254 3831 380 3892 nici
412 3831 700 3910 corporis
726 3831 915 3909 panis
958 3838 1073 3905 est,
1106 3831 1217 3893 sed
1245 3830 1311 3891 in
1338 3829 1502 3891 illud
1533 3831 1739 3909 ipsum
1774 3827 2165 3891 convertitur
2204 3847 2436 3909 corpus
2457 3830 2719 3894 Christi.
2752 3831 3070 3893 Dominus
3101 3832 3274 3894 enim
3302 3832 3495 3895 dicit:

252 3927 435 3990 Panis
469 3942 648 4009 quem
678 3945 786 4007 ego
814 3927 994 4001 dabo,
1029 3944 1176 3989 caro
1213 3945 1346 3988 mea
1382 3936 1496 3988 est.
1528 3929 1664 3989 Non
1691 3925 1881 3999 dixit,
1915 3926 2153 4005 Figura
2201 3934 2294 3989 est
2339 3928 2552 3990 carnis
2586 3946 2765 4003 mem,
2799 3930 2936 4004 sed,
2977 3929 3141 3991 Caro
3180 3950 3315 3993 mea
3380 3944 3493 3995 est.

255 4028 326 4089 Et
356 4027 625 4090 iterum:
659 4027 804 4091 Nisi
831 4024 1088 4089 ederitis
1135 4045 1384 4088 carnem
1415 4025 1907 4088 Filii'hominis.
1958 4024 2032 4082 Et
2062 4022 2414 4102 quomodo,
2458 4022 2703 4104 inquis,
2760 4043 2907 4086 caro
2935 4043 3063 4087 non
3097 4026 3398 4090 videtur?
3442 4031 3499 4090 Ο

257 4123 459 4198 homo,
495 4129 752 4205 prapter
782 4130 1062 4186 nostram
1123 4122 1548 4189 inﬁrmitatem
1582 4120 1754 4183 istud
1816 4119 1903 4181 ﬁt.
1934 4120 2095 4196 Quia
2152 4121 2324 4183 enim
2369 4123 2553 4203 panis
2584 4121 2849 4203 quidem
2903 4131 2964 4187 et
3012 4125 3234 4188 vinum
3266 4143 3344 4188 ex
3397 4127 3495 4188 his

259 4229 425 4293 sunt,
450 4222 630 4299 [LVI]
664 4218 902 4301 quibus
957 4219 1391 4294 assuevimus,
1438 4236 1510 4281 ea
1555 4235 1681 4280 non
1722 4214 2166 4280 abhorremus.
2204 4219 2587 4299 Sanguinem
2611 4236 2762 4283 vero
2787 4223 3125 4301 proprium
3157 4230 3218 4283 et
3248 4240 3497 4285 carnem

256 4319 560 4395 videntes,
618 4336 749 4382 non
784 4317 1119 4414 fer’remus,
1167 4319 1279 4380 sed
1323 4316 1838 4380 abhorreremus.
1874 4316 2118 4379 Idcirco
2182 4317 2540 4380 misericors
2611 4322 2810 4396 Deus,
2849 4328 3082 4383 nostrae
3139 4321 3492 4385 inﬁrmitati

263 4416 792 4491 condescendens,
824 4416 1087 4495 speciem
1118 4414 1364 4495 quidem
1388 4416 1577 4495 panis
1610 4422 1668 4475 et
1698 4415 1830 4475 vini
1866 4422 2076 4506 mth
2117 4435 2135 4475 :
2165 4415 2235 4476 in
2264 4416 2563 4477 virtutem
2592 4426 2798 4478 autem
2830 4419 3041 4479 carnis
3066 4427 3123 4480 et
3166 4422 3497 4500 sanguinis

261 4513 778 4589 transelementat,
834 4524 1251 4595 μεταστοιχειοϊ.
1288 4535 1318 4568 ι
1351 4513 1536 4586 Ecce,
1577 4510 1906 4589 inquiunt,
1971 4511 2474 4590 transformatio,
2515 4514 2865 4586 conversio,
2901 4515 3495 4585 transelementatio,

266 4627 445 4689 quam
469 4610 986 4692 TheOphylactus
1035 4615 1241 4684 docet,
1279 4610 1347 4670 in
1376 4608 1672 4670 virtutem
1722 4608 1835 4669 scil

1923 4614 1968 4668 at
2021 4607 2234 4667 carnis
2286 4617 2344 4668 et
2403 4609 2757 4686 sanguinis,
2793 4612 2872 4673 εις
2912 4609 3143 4682 δύναμιν
3176 4612 3379 4681 σαρκὸς
3406 4615 3496 4665 καὶ

266 4706 502 4776 αἵματος.
532 4710 714 4770 Hanc
745 4709 935 4771 etiam
960 4709 1297 4787 amplexus
1330 4710 1426 4767 est
1450 4703 2334 4782 interpretationemloannes
2374 4703 2681 4765 Claudius
2715 4705 2779 4765 in
2822 4704 2956 4765 suis
2997 4705 3072 4767 ad
3097 4705 3499 4786 Perpetuila-

271 4810 381 4863 tem
398 4803 536 4882 ﬁdei
566 4805 859 4867 Ecclesiae
897 4802 1458 4882 responsionibus.

349 4903 770 4976 Levissimam,
808 4921 878 4966 ac
930 4901 1207 4971 futilem,
1243 4907 1303 4962 et
1365 4899 1651 4978 iniquam
1721 4899 2309 4977 interpretationem
2346 4904 2742 4983 amplissimo
2780 4905 3007 4970 refeliit
3041 4922 3336 4968 sermone
3379 4912 3498 4968 Ar-

279 4999 482 5062 naldus
505 5010 678 5064 tomo
705 5002 727 5063 ι
759 5001 846 5061 De
878 5002 937 5062 Ia
960 4999 1316 5079 perpe’tuité
1363 4995 1436 5056 de
1469 4997 1530 5057 lo
1558 4996 1679 5058 Foi
1705 4995 1778 5056 de
1810 4994 2092 5075 I'Eglise,
2150 4997 2314 5060 libro
2344 5017 2414 5070 ιι,
2448 5000 2653 5079 capite
2697 5003 2763 5077 2,
2800 5011 2861 5063 et
2899 5010 3073 5066 tomo
3105 5003 3180 5076 II,
3217 5003 3378 5066 libro
3412 5025 3498 5080 ιν,

280 5096 461 5174 capite
491 5099 550 5159 5.
582 5098 849 5160 Fuerint
879 5097 1204 5158 enimvero
1239 5100 1552 5170 postrema
1591 5090 1698 5153 illa
1734 5092 2196 5171 TheOphylacti
2247 5095 2437 5158 verba
2495 5096 2560 5156 in
2601 5098 2880 5159 Marcum
2926 5113 3052 5160 non
3111 5099 3196 5160 ita
3245 5098 3411 5163 clara
3441 5112 3501 5161 et

281 5191 731 5268 quodammodo
760 5192 1100 5270 ambigua;
1132 5207 1417 5271 quaenam
1450 5187 1716 5266 mquitas
1770 5194 1887 5262 est,
1924 5196 2154 5251 rectam
2188 5208 2409 5254 eorum
2473 5191 2973 5270 intelligentiam
2997 5209 3076 5256 ex
3111 5193 3191 5258 iis
3224 5213 3351 5258 non
3385 5214 3497 5260 ex-

284 5286 541 5366 culpere,
574 5306 722 5369 qna;
778 5287 1019 5349 ibidem
1079 5296 1140 5349 et
1170 5286 1323 5348 alibi
1380 5285 1740 5348 clarissima
1787 5299 1859 5347 ac
1917 5285 2346 5350 disertissima
2396 5288 2736 5360 habentur,
2772 5290 2885 5352 sed
2926 5290 3061 5354 haec
3104 5293 3500 5374 amplissima

288 5383 457 5447 unius
485 5386 680 5457 vocis,
711 5385 774 5446 id
806 5394 899 5447 est
934 5385 1213 5455 virtutis,
1249 5381 1686 5459 ambiguitate,
1723 5381 1779 5442 si
1812 5398 1935 5462 qua
1962 5390 2170 5445 tamen
2204 5390 2323 5459 est,
2348 5383 2668 5446 infuscare
2691 5386 2719 5444 τ
2744 5384 2809 5448 Si
2872 5392 3000 5450 tota
3030 5391 3497 5455 transmutatio.

290 5497 411 5558 quea
438 5483 501 5543 in
533 5482 928 5545 Eucharistia
961 5479 1227 5542 traditur
1262 5495 1295 5540 a
1327 5478 1833 5558 TheOphylacto,
1870 5495 1941 5540 ea
1973 5481 2056 5539 sit
2092 5480 2402 5542 duntaxat
2461 5483 2906 5545 transmutatio
2961 5485 3247 5559 virtutis,
3278 5493 3386 5548 aut
3436 5488 3500 5547 in

291 5576 555 5639 virtutem
578 5578 867 5657 corporis
906 5584 966 5639 et
993 5574 1327 5653 sanguinis
1362 5573 1593 5636 Christi
1622 5595 1639 5648 ;
1674 5573 1734 5635 id
1781 5573 1943 5635 nihil
1977 5575 2149 5637 aliud
2181 5576 2305 5639 erit
2338 5593 2528 5655 quam
2566 5577 2714 5657 pani
2740 5587 2801 5642 et
2826 5580 2978 5643 vino
3012 5582 3400 5644 consecratis
3442 5594 3501 5643 et

293 5669 617 5738 benedictis
649 5674 947 5736 tributam
976 5690 1009 5734 a
1049 5674 1180 5734 Deo
1216 5671 1414 5749 fuisse
1455 5671 1750 5733 virtutem
1786 5670 2076 5751 corporis
2108 5678 2168 5732 et
2192 5671 2532 5749 sanguinis
2570 5674 2853 5750 Domini,
2896 5694 3011 5738 seu
3042 5676 3340 5740 virtutem
3373 5696 3497 5739 nn-

298 5768 499 5833 triendi
531 5778 591 5833 et
632 5770 991 5835 viviﬁcandi
1032 5787 1142 5848 per
1173 5769 1441 5849 gratiam
1476 5767 1872 5855 spiritualem
1904 5766 2187 5829 fidelium
2234 5767 2506 5831 animas.
2539 5771 2673 5833 Erit
2708 5789 2859 5850 ergo
2893 5772 3361 5839 eucharisticus
3396 5792 3506 5855 pa»

302 5862 405 5941 nis,
436 5875 492 5931 et
521 5871 735 5933 vinum
769 5866 1266 5931 eucharisticum
1292 5852 1571 5948 simplex.
1598 5865 1824 5945 ﬁgura,
1863 5865 2157 5929 virtutem
2197 5862 2435 5928 habens
2469 5868 2754 5947 corporis
2783 5877 2841 5933 ct
2878 5868 3213 5950 sanguinis
3251 5852 3499 5943 Christi,
