  <div class='ocr_page' id='page_1' title='image "/cluster/home/n/w/nwhite01/storage/ocr_20150623/123/hvd.32044019208198/065.png"; bbox 0 0 4058 6470; ppageno 0'>
   <div class='ocr_carea' id='block_1_1' title="bbox 444 328 3695 413">
    <p class='ocr_par' dir='ltr' id='par_1_1' title="bbox 444 328 3695 413">
     <span class='ocr_line' id='line_1_1' title="bbox 444 328 3695 413; baseline -0.001 0"><span class='ocrx_word' id='word_1_1' title='bbox 444 328 558 413; x_wconf 78' lang='grc'><strong>’115</strong></span> <span class='ocrx_word' id='word_1_2' title='bbox 1306 348 1529 410; x_wconf 81' lang='lat' dir='ltr'><strong>BERN.</strong></span> <span class='ocrx_word' id='word_1_3' title='bbox 1575 348 1842 409; x_wconf 70' lang='lat' dir='ltr'><strong>MARI/E</strong></span> <span class='ocrx_word' id='word_1_4' title='bbox 1884 350 1982 410; x_wconf 86' lang='lat' dir='ltr'><strong>DE</strong></span> <span class='ocrx_word' id='word_1_5' title='bbox 2018 348 2304 409; x_wconf 80' lang='lat' dir='ltr'><strong>uuaEIs</strong></span> <span class='ocrx_word' id='word_1_6' title='bbox 2346 347 2853 409; x_wconf 80' lang='lat' dir='ltr'><strong>DISSERTATIO</strong></span> <span class='ocrx_word' id='word_1_7' title='bbox 3594 344 3695 409; x_wconf 76' lang='lat'><strong>116</strong></span> 
     </span>
    </p>
   </div>
   <div class='ocr_carea' id='block_1_2' title="bbox 448 458 3698 542">
    <p class='ocr_par' dir='ltr' id='par_1_2' title="bbox 448 458 3698 542">
     <span class='ocr_line' id='line_1_2' title="bbox 448 458 3698 542; baseline -0.001 -17"><span class='ocrx_word' id='word_1_8' title='bbox 448 479 579 525; x_wconf 86' lang='lat' dir='ltr'><strong>non</strong></span> <span class='ocrx_word' id='word_1_9' title='bbox 600 461 809 541; x_wconf 89' lang='lat' dir='ltr'><strong>ipsum</strong></span> <span class='ocrx_word' id='word_1_10' title='bbox 835 460 1174 522; x_wconf 88' lang='lat' dir='ltr'><strong>continens</strong></span> <span class='ocrx_word' id='word_1_11' title='bbox 1198 460 1454 524; x_wconf 86' lang='lat' dir='ltr'><strong>Domini</strong></span> <span class='ocrx_word' id='word_1_12' title='bbox 1487 477 1719 542; x_wconf 87' lang='lat' dir='ltr'><strong>corpus</strong></span> <span class='ocrx_word' id='word_1_13' title='bbox 1744 469 1806 525; x_wconf 86' lang='lat' dir='ltr'><strong>et</strong></span> <span class='ocrx_word' id='word_1_14' title='bbox 1827 463 2231 542; x_wconf 85' lang='lat' dir='ltr'><strong>sanguinem.</strong></span> <span class='ocrx_word' id='word_1_15' title='bbox 2259 460 2389 523; x_wconf 89' lang='lat' dir='ltr'><strong>Cur</strong></span> <span class='ocrx_word' id='word_1_16' title='bbox 2415 478 2570 540; x_wconf 83' lang='lat' dir='ltr'><strong>ergo</strong></span> <span class='ocrx_word' id='word_1_17' title='bbox 2602 467 2725 523; x_wconf 89' lang='lat' dir='ltr'><strong>tam</strong></span> <span class='ocrx_word' id='word_1_18' title='bbox 2756 458 3034 524; x_wconf 81' lang='lat' dir='ltr'><strong>sollicite</strong></span> <span class='ocrx_word' id='word_1_19' title='bbox 3066 458 3375 540; x_wconf 80' lang='lat' dir='ltr'><strong>Bulgarus</strong></span> <span class='ocrx_word' id='word_1_20' title='bbox 3403 458 3698 523; x_wconf 85' lang='lat' dir='ltr'><strong>animad-</strong></span> 
     </span>
    </p>
   </div>
   <div class='ocr_carea' id='block_1_3' title="bbox 452 556 3701 638">
    <p class='ocr_par' dir='ltr' id='par_1_3' title="bbox 452 556 3701 638">
     <span class='ocr_line' id='line_1_3' title="bbox 452 556 3701 638; baseline 0 -19"><span class='ocrx_word' id='word_1_21' title='bbox 452 560 636 622; x_wconf 80' lang='lat' dir='ltr'><strong>vertit</strong></span> <span class='ocrx_word' id='word_1_22' title='bbox 701 574 831 619; x_wconf 89' lang='lat' dir='ltr'><strong>non</strong></span> <span class='ocrx_word' id='word_1_23' title='bbox 883 556 1127 619; x_wconf 74' lang='lat' dir='ltr'><strong>dixisse</strong></span> <span class='ocrx_word' id='word_1_24' title='bbox 1182 558 1573 629; x_wconf 89' lang='lat' dir='ltr'><strong>Dominum,</strong></span> <span class='ocrx_word' id='word_1_25' title='bbox 1641 560 1778 622; x_wconf 84' lang='lat' dir='ltr'><strong>Hoc</strong></span> <span class='ocrx_word' id='word_1_26' title='bbox 1841 570 1937 624; x_wconf 91' lang='lat' dir='ltr'><strong>est</strong></span> <span class='ocrx_word' id='word_1_27' title='bbox 2010 560 2236 638; x_wconf 81' lang='lat' dir='ltr'><strong>ﬁgura,</strong></span> <span class='ocrx_word' id='word_1_28' title='bbox 2298 561 2437 632; x_wconf 89' lang='lat' dir='ltr'><strong>sed,</strong></span> <span class='ocrx_word' id='word_1_29' title='bbox 2513 559 2652 620; x_wconf 83' lang='lat' dir='ltr'><strong>Hoc</strong></span> <span class='ocrx_word' id='word_1_30' title='bbox 2733 568 2824 619; x_wconf 87' lang='lat' dir='ltr'><strong>est</strong></span> <span class='ocrx_word' id='word_1_31' title='bbox 2880 577 3108 638; x_wconf 83' lang='lat' dir='ltr'><strong>corpus</strong></span> <span class='ocrx_word' id='word_1_32' title='bbox 3187 577 3388 621; x_wconf 89' lang='lat' dir='ltr'><strong>meum</strong></span> <span class='ocrx_word' id='word_1_33' title='bbox 3445 566 3503 620; x_wconf 91' lang='lat' dir='ltr'><strong>et</strong></span> <span class='ocrx_word' id='word_1_34' title='bbox 3553 577 3701 620; x_wconf 86' lang='lat' dir='ltr'><strong>caro</strong></span> 
     </span>
    </p>
   </div>
   <div class='ocr_carea' id='block_1_4' title="bbox 450 654 3703 736">
    <p class='ocr_par' dir='ltr' id='par_1_4' title="bbox 450 654 3703 736">
     <span class='ocr_line' id='line_1_4' title="bbox 450 654 3703 736; baseline 0 -21"><span class='ocrx_word' id='word_1_35' title='bbox 450 656 630 716; x_wconf 79' lang='lat' dir='ltr'><strong>mea?</strong></span> <span class='ocrx_word' id='word_1_36' title='bbox 669 654 796 718; x_wconf 82' lang='lat' dir='ltr'><strong>Cur</strong></span> <span class='ocrx_word' id='word_1_37' title='bbox 837 661 1097 733; x_wconf 79' lang='lat' dir='ltr'><strong>urgeat,</strong></span> <span class='ocrx_word' id='word_1_38' title='bbox 1140 671 1359 734; x_wconf 88' lang='lat' dir='ltr'><strong>panem</strong></span> <span class='ocrx_word' id='word_1_39' title='bbox 1415 657 1700 717; x_wconf 75' lang='lat' dir='ltr'><strong>converti</strong></span> <span class='ocrx_word' id='word_1_40' title='bbox 1750 656 1817 718; x_wconf 88' lang='lat' dir='ltr'><strong>in</strong></span> <span class='ocrx_word' id='word_1_41' title='bbox 1856 657 2063 735; x_wconf 88' lang='lat' dir='ltr'><strong>ipsum</strong></span> <span class='ocrx_word' id='word_1_42' title='bbox 2107 673 2340 735; x_wconf 87' lang='lat' dir='ltr'><strong>corpus</strong></span> <span class='ocrx_word' id='word_1_43' title='bbox 2387 655 2669 729; x_wconf 78' lang='lat' dir='ltr'><strong>Christi,</strong></span> <span class='ocrx_word' id='word_1_44' title='bbox 2716 664 2769 716; x_wconf 89' lang='lat' dir='ltr'><strong>et</strong></span> <span class='ocrx_word' id='word_1_45' title='bbox 2823 655 3272 736; x_wconf 82' lang='lat' dir='ltr'><strong>transformari</strong></span> <span class='ocrx_word' id='word_1_46' title='bbox 3330 655 3399 717; x_wconf 84' lang='lat' dir='ltr'><strong>in</strong></span> <span class='ocrx_word' id='word_1_47' title='bbox 3453 671 3703 716; x_wconf 88' lang='lat' dir='ltr'><strong>carnem</strong></span> 
     </span>
    </p>
   </div>
   <div class='ocr_carea' id='block_1_5' title="bbox 451 750 724 812">
    <p class='ocr_par' dir='ltr' id='par_1_5' title="bbox 451 750 724 812">
     <span class='ocr_line' id='line_1_5' title="bbox 451 750 724 812; baseline 0.004 -1"><span class='ocrx_word' id='word_1_48' title='bbox 451 750 724 812; x_wconf 79' lang='lat' dir='ltr'><strong>Domini.</strong></span> 
     </span>
    </p>
   </div>
   <div class='ocr_carea' id='block_1_6' title="bbox 528 846 3700 937">
    <p class='ocr_par' dir='ltr' id='par_1_6' title="bbox 528 846 3700 937">
     <span class='ocr_line' id='line_1_6' title="bbox 528 846 3700 937; baseline 0 -29"><span class='ocrx_word' id='word_1_49' title='bbox 528 847 677 908; x_wconf 68' lang='lat' dir='ltr'><strong>Haec</strong></span> <span class='ocrx_word' id='word_1_50' title='bbox 710 847 984 910; x_wconf 87' lang='lat' dir='ltr'><strong>audiens</strong></span> <span class='ocrx_word' id='word_1_51' title='bbox 1011 846 1302 910; x_wconf 83' lang='lat' dir='ltr'><strong>turbatur</strong></span> <span class='ocrx_word' id='word_1_52' title='bbox 1324 847 1485 910; x_wconf 86' lang='lat' dir='ltr'><strong>ratio</strong></span> <span class='ocrx_word' id='word_1_53' title='bbox 1509 865 1582 911; x_wconf 84' lang='lat' dir='ltr'><strong>ac.</strong></span> <span class='ocrx_word' id='word_1_54' title='bbox 1611 865 1845 910; x_wconf 88' lang='lat' dir='ltr'><strong>sensus</strong></span> <span class='ocrx_word' id='word_1_55' title='bbox 1871 847 2223 912; x_wconf 86' lang='lat' dir='ltr'><strong>hominum.</strong></span> <span class='ocrx_word' id='word_1_56' title='bbox 2258 852 2502 937; x_wconf 75' lang='lat' dir='ltr'><strong>Verum</strong></span> <span class='ocrx_word' id='word_1_57' title='bbox 2527 868 2604 910; x_wconf 87' lang='lat' dir='ltr'><strong>ne</strong></span> <span class='ocrx_word' id='word_1_58' title='bbox 2625 847 2940 916; x_wconf 87' lang='lat' dir='ltr'><strong>turbetur.</strong></span> <span class='ocrx_word' id='word_1_59' title='bbox 2966 868 3076 911; x_wconf 84' lang='lat' dir='ltr'><strong>cur</strong></span> <span class='ocrx_word' id='word_1_60' title='bbox 3107 848 3189 909; x_wconf 87' lang='lat' dir='ltr'><strong>ad</strong></span> <span class='ocrx_word' id='word_1_61' title='bbox 3226 866 3459 909; x_wconf 87' lang='lat' dir='ltr'><strong>arcana</strong></span> <span class='ocrx_word' id='word_1_62' title='bbox 3489 848 3700 920; x_wconf 89' lang='lat' dir='ltr'><strong>verba,</strong></span> 
     </span>
    </p>
   </div>
   <div class='ocr_carea' id='block_1_7' title="bbox 449 942 3700 1026">
    <p class='ocr_par' dir='ltr' id='par_1_7' title="bbox 449 942 3700 1026">
     <span class='ocr_line' id='line_1_7' title="bbox 449 942 3700 1026; baseline 0 -22"><span class='ocrx_word' id='word_1_63' title='bbox 449 942 525 1004; x_wconf 89' lang='lat' dir='ltr'><strong>ad</strong></span> <span class='ocrx_word' id='word_1_64' title='bbox 550 942 992 1005; x_wconf 81' lang='lat' dir='ltr'><strong>accessionem</strong></span> <span class='ocrx_word' id='word_1_65' title='bbox 1025 942 1305 1022; x_wconf 88' lang='lat' dir='ltr'><strong>Spiritus</strong></span> <span class='ocrx_word' id='word_1_66' title='bbox 1333 943 1557 1016; x_wconf 78' lang='lat' dir='ltr'><strong>sancti,</strong></span> <span class='ocrx_word' id='word_1_67' title='bbox 1581 942 1663 1004; x_wconf 91' lang='lat' dir='ltr'><strong>ad</strong></span> <span class='ocrx_word' id='word_1_68' title='bbox 1693 943 2069 1025; x_wconf 73' lang='lat' dir='ltr'><strong>ineffabilem</strong></span> <span class='ocrx_word' id='word_1_69' title='bbox 2099 948 2552 1025; x_wconf 81' lang='lat' dir='ltr'><strong>operationem,</strong></span> <span class='ocrx_word' id='word_1_70' title='bbox 2578 963 2723 1024; x_wconf 69' lang='lat' dir='ltr'><strong>quae</strong></span> <span class='ocrx_word' id='word_1_71' title='bbox 2754 954 3155 1018; x_wconf 87' lang='lat' dir='ltr'><strong>transmutet,</strong></span> <span class='ocrx_word' id='word_1_72' title='bbox 3191 954 3250 1006; x_wconf 88' lang='lat' dir='ltr'><strong>et</strong></span> <span class='ocrx_word' id='word_1_73' title='bbox 3274 947 3700 1026; x_wconf 80' lang='lat' dir='ltr'><strong>transformet,</strong></span> 
     </span>
    </p>
   </div>
   <div class='ocr_carea' id='block_1_8' title="bbox 451 1038 3707 1125">
    <p class='ocr_par' dir='ltr' id='par_1_8' title="bbox 451 1038 3707 1125">
     <span class='ocr_line' id='line_1_8' title="bbox 451 1038 3707 1125; baseline 0.001 -26"><span class='ocrx_word' id='word_1_74' title='bbox 451 1049 511 1100; x_wconf 88' lang='lat' dir='ltr'><strong>et</strong></span> <span class='ocrx_word' id='word_1_75' title='bbox 545 1039 1071 1116; x_wconf 88' lang='lat' dir='ltr'><strong>transelementet,</strong></span> <span class='ocrx_word' id='word_1_76' title='bbox 1106 1038 1612 1119; x_wconf 82' lang='lat' dir='ltr'><strong>confugiendum</strong></span> <span class='ocrx_word' id='word_1_77' title='bbox 1645 1040 1900 1102; x_wconf 79' lang='lat' dir='ltr'><strong>fuerat?</strong></span> <span class='ocrx_word' id='word_1_78' title='bbox 1938 1041 2065 1104; x_wconf 85' lang='lat' dir='ltr'><strong>Cur</strong></span> <span class='ocrx_word' id='word_1_79' title='bbox 2089 1046 2310 1107; x_wconf 90' lang='lat' dir='ltr'><strong>eadem</strong></span> <span class='ocrx_word' id='word_1_80' title='bbox 2348 1047 2821 1118; x_wconf 86' lang='lat' dir='ltr'><strong>transmutatio,</strong></span> <span class='ocrx_word' id='word_1_81' title='bbox 2856 1044 3070 1124; x_wconf 90' lang='lat' dir='ltr'><strong>aliquo</strong></span> <span class='ocrx_word' id='word_1_82' title='bbox 3102 1051 3169 1106; x_wconf 92' lang='lat' dir='ltr'><strong>ut</strong></span> <span class='ocrx_word' id='word_1_83' title='bbox 3203 1045 3395 1106; x_wconf 92' lang='lat' dir='ltr'><strong>modo</strong></span> <span class='ocrx_word' id='word_1_84' title='bbox 3424 1044 3707 1125; x_wconf 86' lang='lat' dir='ltr'><strong>possibi-</strong></span> 
     </span>
    </p>
   </div>
   <div class='ocr_carea' id='block_1_9' title="bbox 455 1134 3707 1221">
    <p class='ocr_par' dir='ltr' id='par_1_9' title="bbox 455 1134 3707 1221">
     <span class='ocr_line' id='line_1_9' title="bbox 455 1134 3707 1221; baseline 0.003 -30"><span class='ocrx_word' id='word_1_85' title='bbox 455 1134 535 1196; x_wconf 92' lang='lat' dir='ltr'><strong>lis</strong></span> <span class='ocrx_word' id='word_1_86' title='bbox 566 1137 698 1198; x_wconf 92' lang='lat' dir='ltr'><strong>Deo</strong></span> <span class='ocrx_word' id='word_1_87' title='bbox 728 1135 1141 1215; x_wconf 87' lang='lat' dir='ltr'><strong>intelligatur,</strong></span> <span class='ocrx_word' id='word_1_88' title='bbox 1199 1137 1555 1215; x_wconf 90' lang='lat' dir='ltr'><strong>comparari</strong></span> <span class='ocrx_word' id='word_1_89' title='bbox 1598 1138 1896 1199; x_wconf 86' lang='lat' dir='ltr'><strong>debuerit</strong></span> <span class='ocrx_word' id='word_1_90' title='bbox 1927 1155 2072 1201; x_wconf 89' lang='lat' dir='ltr'><strong>cum</strong></span> <span class='ocrx_word' id='word_1_91' title='bbox 2104 1159 2270 1221; x_wconf 83' lang='lat' dir='ltr'><strong>pane</strong></span> <span class='ocrx_word' id='word_1_92' title='bbox 2300 1143 2409 1203; x_wconf 89' lang='lat' dir='ltr'><strong>illo</strong></span> <span class='ocrx_word' id='word_1_93' title='bbox 2442 1143 2550 1221; x_wconf 91' lang='lat' dir='ltr'><strong>qui</strong></span> <span class='ocrx_word' id='word_1_94' title='bbox 2590 1162 2629 1201; x_wconf 96' lang='lat' dir='ltr'><strong>a</strong></span> <span class='ocrx_word' id='word_1_95' title='bbox 2658 1142 2918 1202; x_wconf 89' lang='lat' dir='ltr'><strong>Domino</strong></span> <span class='ocrx_word' id='word_1_96' title='bbox 2967 1139 3328 1203; x_wconf 81' lang='lat' dir='ltr'><strong>ambulante</strong></span> <span class='ocrx_word' id='word_1_97' title='bbox 3357 1141 3707 1202; x_wconf 84' lang='lat' dir='ltr'><strong>manduca-</strong></span> 
     </span>
    </p>
   </div>
   <div class='ocr_carea' id='block_1_10' title="bbox 450 1228 3704 1318">
    <p class='ocr_par' dir='ltr' id='par_1_10' title="bbox 450 1228 3704 1318">
     <span class='ocr_line' id='line_1_10' title="bbox 450 1228 3704 1318; baseline 0.002 -29"><span class='ocrx_word' id='word_1_98' title='bbox 450 1228 661 1305; x_wconf 73' lang='lat' dir='ltr'><strong>liatur,</strong></span> <span class='ocrx_word' id='word_1_99' title='bbox 694 1239 756 1292; x_wconf 86' lang='lat' dir='ltr'><strong>et</strong></span> <span class='ocrx_word' id='word_1_100' title='bbox 814 1232 955 1311; x_wconf 91' lang='lat' dir='ltr'><strong>ejus</strong></span> <span class='ocrx_word' id='word_1_101' title='bbox 1005 1234 1071 1294; x_wconf 90' lang='lat' dir='ltr'><strong>in</strong></span> <span class='ocrx_word' id='word_1_102' title='bbox 1115 1250 1350 1312; x_wconf 90' lang='lat' dir='ltr'><strong>corpus</strong></span> <span class='ocrx_word' id='word_1_103' title='bbox 1409 1233 1793 1304; x_wconf 86' lang='lat' dir='ltr'><strong>mutabatur,</strong></span> <span class='ocrx_word' id='word_1_104' title='bbox 1848 1234 2163 1315; x_wconf 88' lang='lat' dir='ltr'><strong>fiebatque</strong></span> <span class='ocrx_word' id='word_1_105' title='bbox 2225 1238 2458 1300; x_wconf 86' lang='lat' dir='ltr'><strong>similis</strong></span> <span class='ocrx_word' id='word_1_106' title='bbox 2502 1255 2618 1318; x_wconf 90' lang='lat' dir='ltr'><strong>per</strong></span> <span class='ocrx_word' id='word_1_107' title='bbox 2674 1239 3164 1300; x_wconf 88' lang='lat' dir='ltr'><strong>conversionem</strong></span> <span class='ocrx_word' id='word_1_108' title='bbox 3215 1233 3704 1300; x_wconf 87' lang='lat' dir='ltr'><strong>substantialem</strong></span> 
     </span>
    </p>
   </div>
   <div class='ocr_carea' id='block_1_11' title="bbox 454 1325 990 1405">
    <p class='ocr_par' dir='ltr' id='par_1_11' title="bbox 454 1325 990 1405">
     <span class='ocr_line' id='line_1_11' title="bbox 454 1325 990 1405; baseline 0.009 -20"><span class='ocrx_word' id='word_1_109' title='bbox 454 1325 745 1405; x_wconf 75' lang='lat' dir='ltr'><strong>ejusdem</strong></span> <span class='ocrx_word' id='word_1_110' title='bbox 772 1330 990 1391; x_wconf 87' lang='lat' dir='ltr'><strong>carni?</strong></span> 
     </span>
    </p>
   </div>
   <div class='ocr_carea' id='block_1_12' title="bbox 528 1424 3703 1512">
    <p class='ocr_par' dir='ltr' id='par_1_12' title="bbox 528 1424 3703 1512">
     <span class='ocr_line' id='line_1_12' title="bbox 528 1424 3703 1512; baseline 0.002 -26"><span class='ocrx_word' id='word_1_111' title='bbox 528 1425 651 1486; x_wconf 88' lang='lat' dir='ltr'><strong>Sed</strong></span> <span class='ocrx_word' id='word_1_112' title='bbox 684 1424 895 1488; x_wconf 87' lang='lat' dir='ltr'><strong>adhuc</strong></span> <span class='ocrx_word' id='word_1_113' title='bbox 922 1425 1193 1488; x_wconf 88' lang='lat' dir='ltr'><strong>humana</strong></span> <span class='ocrx_word' id='word_1_114' title='bbox 1220 1427 1380 1488; x_wconf 89' lang='lat' dir='ltr'><strong>ratio</strong></span> <span class='ocrx_word' id='word_1_115' title='bbox 1412 1435 1476 1489; x_wconf 89' lang='lat' dir='ltr'><strong>et</strong></span> <span class='ocrx_word' id='word_1_116' title='bbox 1508 1426 1838 1489; x_wconf 85' lang='lat' dir='ltr'><strong>hominum</strong></span> <span class='ocrx_word' id='word_1_117' title='bbox 1876 1445 2108 1492; x_wconf 89' lang='lat' dir='ltr'><strong>sensus</strong></span> <span class='ocrx_word' id='word_1_118' title='bbox 2141 1432 2387 1494; x_wconf 88' lang='lat' dir='ltr'><strong>resistit</strong></span> <span class='ocrx_word' id='word_1_119' title='bbox 2423 1431 2607 1495; x_wconf 88' lang='lat' dir='ltr'><strong>:Non</strong></span> <span class='ocrx_word' id='word_1_120' title='bbox 2634 1440 2904 1512; x_wconf 83' lang='lat' dir='ltr'><strong>apparet</strong></span> <span class='ocrx_word' id='word_1_121' title='bbox 2931 1431 3115 1492; x_wconf 83' lang='lat' dir='ltr'><strong>nobis</strong></span> <span class='ocrx_word' id='word_1_122' title='bbox 3164 1449 3339 1502; x_wconf 87' lang='lat' dir='ltr'><strong>caro,</strong></span> <span class='ocrx_word' id='word_1_123' title='bbox 3371 1429 3703 1508; x_wconf 84' lang='lat' dir='ltr'><strong>inquiens,</strong></span> 
     </span>
    </p>
   </div>
   <div class='ocr_carea' id='block_1_13' title="bbox 460 1521 3707 1603">
    <p class='ocr_par' dir='ltr' id='par_1_13' title="bbox 460 1521 3707 1603">
     <span class='ocr_line' id='line_1_13' title="bbox 460 1521 3707 1603; baseline 0.002 -24"><span class='ocrx_word' id='word_1_124' title='bbox 460 1521 568 1583; x_wconf 68' lang='grc' dir='ltr'><strong>ενα</strong></span> <span class='ocrx_word' id='word_1_125' title='bbox 592 1524 801 1602; x_wconf 85' lang='lat' dir='ltr'><strong>panis.</strong></span> <span class='ocrx_word' id='word_1_126' title='bbox 836 1524 895 1584; x_wconf 90' lang='lat' dir='ltr'><strong>Si</strong></span> <span class='ocrx_word' id='word_1_127' title='bbox 933 1534 1255 1587; x_wconf 84' lang='lat' dir='ltr'><strong>remaneat</strong></span> <span class='ocrx_word' id='word_1_128' title='bbox 1284 1525 1640 1587; x_wconf 85' lang='lat' dir='ltr'><strong>substantia</strong></span> <span class='ocrx_word' id='word_1_129' title='bbox 1679 1526 1884 1603; x_wconf 88' lang='lat' dir='ltr'><strong>panis,</strong></span> <span class='ocrx_word' id='word_1_130' title='bbox 1917 1534 1978 1589; x_wconf 91' lang='lat' dir='ltr'><strong>et</strong></span> <span class='ocrx_word' id='word_1_131' title='bbox 2015 1544 2204 1590; x_wconf 88' lang='lat' dir='ltr'><strong>unam</strong></span> <span class='ocrx_word' id='word_1_132' title='bbox 2238 1527 2463 1590; x_wconf 88' lang='lat' dir='ltr'><strong>subeat</strong></span> <span class='ocrx_word' id='word_1_133' title='bbox 2492 1528 2896 1589; x_wconf 82' lang='lat' dir='ltr'><strong>mutationem</strong></span> <span class='ocrx_word' id='word_1_134' title='bbox 2924 1527 3209 1599; x_wconf 81' lang='lat' dir='ltr'><strong>virtutis,</strong></span> <span class='ocrx_word' id='word_1_135' title='bbox 3238 1525 3334 1588; x_wconf 85' lang='lat' dir='ltr'><strong>vel</strong></span> <span class='ocrx_word' id='word_1_136' title='bbox 3369 1541 3402 1588; x_wconf 89' lang='lat' dir='ltr'><strong>a</strong></span> <span class='ocrx_word' id='word_1_137' title='bbox 3438 1527 3572 1587; x_wconf 86' lang='lat' dir='ltr'><strong>Deo</strong></span> <span class='ocrx_word' id='word_1_138' title='bbox 3594 1524 3707 1587; x_wconf 84' lang='lat' dir='ltr'><strong>ob-</strong></span> 
     </span>
    </p>
   </div>
   <div class='ocr_carea' id='block_1_14' title="bbox 454 1618 3710 1703">
    <p class='ocr_par' dir='ltr' id='par_1_14' title="bbox 454 1618 3710 1703">
     <span class='ocr_line' id='line_1_14' title="bbox 454 1618 3710 1703; baseline 0.002 -27"><span class='ocrx_word' id='word_1_139' title='bbox 454 1620 651 1681; x_wconf 87' lang='lat' dir='ltr'><strong>tineat</strong></span> <span class='ocrx_word' id='word_1_140' title='bbox 685 1618 982 1680; x_wconf 79' lang='lat' dir='ltr'><strong>virtutem</strong></span> <span class='ocrx_word' id='word_1_141' title='bbox 1017 1620 1376 1682; x_wconf 85' lang='lat' dir='ltr'><strong>viviticandi</strong></span> <span class='ocrx_word' id='word_1_142' title='bbox 1413 1621 1681 1695; x_wconf 90' lang='lat' dir='ltr'><strong>animas,</strong></span> <span class='ocrx_word' id='word_1_143' title='bbox 1719 1639 1911 1702; x_wconf 90' lang='lat' dir='ltr'><strong>quam</strong></span> <span class='ocrx_word' id='word_1_144' title='bbox 1948 1623 2135 1702; x_wconf 88' lang='lat' dir='ltr'><strong>panis</strong></span> <span class='ocrx_word' id='word_1_145' title='bbox 2158 1623 2431 1703; x_wconf 86' lang='lat' dir='ltr'><strong>ejusque</strong></span> <span class='ocrx_word' id='word_1_146' title='bbox 2461 1623 2819 1685; x_wconf 89' lang='lat' dir='ltr'><strong>substantia</strong></span> <span class='ocrx_word' id='word_1_147' title='bbox 2856 1640 2968 1703; x_wconf 91' lang='lat' dir='ltr'><strong>per</strong></span> <span class='ocrx_word' id='word_1_148' title='bbox 2990 1639 3134 1685; x_wconf 91' lang='lat' dir='ltr'><strong>sese</strong></span> <span class='ocrx_word' id='word_1_149' title='bbox 3168 1639 3297 1684; x_wconf 91' lang='lat' dir='ltr'><strong>non</strong></span> <span class='ocrx_word' id='word_1_150' title='bbox 3342 1620 3557 1693; x_wconf 87' lang='lat' dir='ltr'><strong>habet,</strong></span> <span class='ocrx_word' id='word_1_151' title='bbox 3593 1641 3710 1684; x_wconf 86' lang='lat' dir='ltr'><strong>cur</strong></span> 
     </span>
    </p>
   </div>
   <div class='ocr_carea' id='block_1_15' title="bbox 451 1706 3706 1797">
    <p class='ocr_par' dir='ltr' id='par_1_15' title="bbox 451 1706 3706 1797">
     <span class='ocr_line' id='line_1_15' title="bbox 451 1706 3706 1797; baseline 0.002 -25"><span class='ocrx_word' id='word_1_152' title='bbox 451 1714 1088 1777; x_wconf 80' lang='lat' dir='ltr'><strong>animadvertendum</strong></span> <span class='ocrx_word' id='word_1_153' title='bbox 1136 1715 1343 1778; x_wconf 87' lang='lat' dir='ltr'><strong>fuerat</strong></span> <span class='ocrx_word' id='word_1_154' title='bbox 1403 1733 1521 1779; x_wconf 90' lang='lat' dir='ltr'><strong>nos</strong></span> <span class='ocrx_word' id='word_1_155' title='bbox 1562 1706 1761 1779; x_wconf 75' lang='lat' dir='ltr'><strong>edere&#39;</strong></span> <span class='ocrx_word' id='word_1_156' title='bbox 1782 1735 1850 1780; x_wconf 90' lang='lat' dir='ltr'><strong>ac</strong></span> <span class='ocrx_word' id='word_1_157' title='bbox 1875 1727 2090 1797; x_wconf 88' lang='lat' dir='ltr'><strong>potare</strong></span> <span class='ocrx_word' id='word_1_158' title='bbox 2119 1720 2187 1782; x_wconf 88' lang='lat' dir='ltr'><strong>in</strong></span> <span class='ocrx_word' id='word_1_159' title='bbox 2218 1718 2620 1783; x_wconf 86' lang='lat' dir='ltr'><strong>Eucharistia</strong></span> <span class='ocrx_word' id='word_1_160' title='bbox 2652 1735 2885 1797; x_wconf 88' lang='lat' dir='ltr'><strong>corpus</strong></span> <span class='ocrx_word' id='word_1_161' title='bbox 2915 1732 2976 1781; x_wconf 88' lang='lat' dir='ltr'><strong>et</strong></span> <span class='ocrx_word' id='word_1_162' title='bbox 3007 1719 3395 1797; x_wconf 82' lang='lat' dir='ltr'><strong>sanguinem</strong></span> <span class='ocrx_word' id='word_1_163' title='bbox 3441 1718 3706 1791; x_wconf 87' lang='lat' dir='ltr'><strong>Christi,</strong></span> 
     </span>
    </p>
   </div>
   <div class='ocr_carea' id='block_1_16' title="bbox 452 1811 3710 1896">
    <p class='ocr_par' dir='ltr' id='par_1_16' title="bbox 452 1811 3710 1896">
     <span class='ocr_line' id='line_1_16' title="bbox 452 1811 3710 1896; baseline 0.002 -26"><span class='ocrx_word' id='word_1_164' title='bbox 452 1825 580 1871; x_wconf 90' lang='lat' dir='ltr'><strong>non</strong></span> <span class='ocrx_word' id='word_1_165' title='bbox 607 1826 831 1873; x_wconf 91' lang='lat' dir='ltr'><strong>eorum</strong></span> <span class='ocrx_word' id='word_1_166' title='bbox 858 1811 1440 1892; x_wconf 79' lang='lat' dir='ltr'><strong>duntaxatﬁguram</strong></span> <span class='ocrx_word' id='word_1_167' title='bbox 1471 1813 1772 1877; x_wconf 77' lang='lat' dir='ltr'><strong>sumere?</strong></span> <span class='ocrx_word' id='word_1_168' title='bbox 1803 1816 2164 1879; x_wconf 77' lang='lat' dir='ltr'><strong>Abhorrere</strong></span> <span class='ocrx_word' id='word_1_169' title='bbox 2195 1833 2312 1879; x_wconf 90' lang='lat' dir='ltr'><strong>nos</strong></span> <span class='ocrx_word' id='word_1_170' title='bbox 2339 1815 2565 1896; x_wconf 84' lang='lat' dir='ltr'><strong>utique</strong></span> <span class='ocrx_word' id='word_1_171' title='bbox 2597 1832 2630 1877; x_wconf 91' lang='lat' dir='ltr'><strong>a</strong></span> <span class='ocrx_word' id='word_1_172' title='bbox 2661 1813 2877 1878; x_wconf 64' lang='lat' dir='ltr'><strong>cruda)</strong></span> <span class='ocrx_word' id='word_1_173' title='bbox 2907 1815 3119 1878; x_wconf 88' lang='lat' dir='ltr'><strong>carnis</strong></span> <span class='ocrx_word' id='word_1_174' title='bbox 3161 1815 3459 1881; x_wconf 84' lang='lat' dir='ltr'><strong>humanae</strong></span> <span class='ocrx_word' id='word_1_175' title='bbox 3499 1831 3710 1879; x_wconf 84' lang='lat' dir='ltr'><strong>come-</strong></span> 
     </span>
    </p>
   </div>
   <div class='ocr_carea' id='block_1_17' title="bbox 449 1905 3709 1991">
    <p class='ocr_par' dir='ltr' id='par_1_17' title="bbox 449 1905 3709 1991">
     <span class='ocr_line' id='line_1_17' title="bbox 449 1905 3709 1991; baseline 0.001 -23"><span class='ocrx_word' id='word_1_176' title='bbox 449 1905 686 1976; x_wconf 86' lang='lat' dir='ltr'><strong>stione,</strong></span> <span class='ocrx_word' id='word_1_177' title='bbox 716 1923 786 1968; x_wconf 81' lang='lat' dir='ltr'><strong>ac</strong></span> <span class='ocrx_word' id='word_1_178' title='bbox 823 1914 977 1985; x_wconf 90' lang='lat' dir='ltr'><strong>potu</strong></span> <span class='ocrx_word' id='word_1_179' title='bbox 1013 1909 1353 1988; x_wconf 77' lang='lat' dir='ltr'><strong>sanguinis</strong></span> <span class='ocrx_word' id='word_1_180' title='bbox 1380 1910 1678 1973; x_wconf 88' lang='lat' dir='ltr'><strong>humani:</strong></span> <span class='ocrx_word' id='word_1_181' title='bbox 1706 1912 1821 1973; x_wconf 83' lang='lat' dir='ltr'><strong>sed</strong></span> <span class='ocrx_word' id='word_1_182' title='bbox 1850 1919 2085 1975; x_wconf 72' lang='lat' dir='ltr'><strong>nostra)</strong></span> <span class='ocrx_word' id='word_1_183' title='bbox 2111 1911 2447 1991; x_wconf 85' lang='lat' dir='ltr'><strong>indulgere</strong></span> <span class='ocrx_word' id='word_1_184' title='bbox 2472 1911 2791 1974; x_wconf 80' lang='lat' dir='ltr'><strong>inﬁmitati</strong></span> <span class='ocrx_word' id='word_1_185' title='bbox 2823 1912 3027 1973; x_wconf 88' lang='lat' dir='ltr'><strong>Deum</strong></span> <span class='ocrx_word' id='word_1_186' title='bbox 3055 1911 3365 1974; x_wconf 89' lang='lat' dir='ltr'><strong>voluisse.</strong></span> <span class='ocrx_word' id='word_1_187' title='bbox 3393 1913 3481 1972; x_wconf 86' lang='lat' dir='ltr'><strong>Ita</strong></span> <span class='ocrx_word' id='word_1_188' title='bbox 3514 1926 3709 1990; x_wconf 92' lang='lat' dir='ltr'><strong>porro</strong></span> 
     </span>
    </p>
   </div>
   <div class='ocr_carea' id='block_1_18' title="bbox 451 2002 3706 2088">
    <p class='ocr_par' dir='ltr' id='par_1_18' title="bbox 451 2002 3706 2088">
     <span class='ocr_line' id='line_1_18' title="bbox 451 2002 3706 2088; baseline 0.003 -29"><span class='ocrx_word' id='word_1_189' title='bbox 451 2016 705 2063; x_wconf 77' lang='lat' dir='ltr'><strong>carnem</strong></span> <span class='ocrx_word' id='word_1_190' title='bbox 749 2009 811 2062; x_wconf 91' lang='lat' dir='ltr'><strong>et</strong></span> <span class='ocrx_word' id='word_1_191' title='bbox 842 2002 1225 2082; x_wconf 84' lang='lat' dir='ltr'><strong>sanguinem</strong></span> <span class='ocrx_word' id='word_1_192' title='bbox 1252 2022 1442 2068; x_wconf 89' lang='lat' dir='ltr'><strong>suum</strong></span> <span class='ocrx_word' id='word_1_193' title='bbox 1471 2023 1722 2086; x_wconf 88' lang='lat' dir='ltr'><strong>parasse</strong></span> <span class='ocrx_word' id='word_1_194' title='bbox 1757 2008 1945 2070; x_wconf 89' lang='lat' dir='ltr'><strong>nobis</strong></span> <span class='ocrx_word' id='word_1_195' title='bbox 1969 2009 2184 2073; x_wconf 88' lang='lat' dir='ltr'><strong>cibum</strong></span> <span class='ocrx_word' id='word_1_196' title='bbox 2218 2014 2280 2071; x_wconf 89' lang='lat' dir='ltr'><strong>et</strong></span> <span class='ocrx_word' id='word_1_197' title='bbox 2313 2014 2560 2086; x_wconf 90' lang='lat' dir='ltr'><strong>potum,</strong></span> <span class='ocrx_word' id='word_1_198' title='bbox 2594 2014 2663 2069; x_wconf 89' lang='lat' dir='ltr'><strong>ut</strong></span> <span class='ocrx_word' id='word_1_199' title='bbox 2686 2006 2837 2088; x_wconf 90' lang='lat' dir='ltr'><strong>pani</strong></span> <span class='ocrx_word' id='word_1_200' title='bbox 2877 2023 2948 2069; x_wconf 90' lang='lat' dir='ltr'><strong>ac</strong></span> <span class='ocrx_word' id='word_1_201' title='bbox 2977 2007 3155 2081; x_wconf 91' lang='lat' dir='ltr'><strong>vino,</strong></span> <span class='ocrx_word' id='word_1_202' title='bbox 3191 2008 3429 2086; x_wconf 88' lang='lat' dir='ltr'><strong>quibus</strong></span> <span class='ocrx_word' id='word_1_203' title='bbox 3460 2006 3706 2069; x_wconf 87' lang='lat' dir='ltr'><strong>assueti</strong></span> 
     </span>
    </p>
   </div>
   <div class='ocr_carea' id='block_1_19' title="bbox 453 2100 3710 2186">
    <p class='ocr_par' dir='ltr' id='par_1_19' title="bbox 453 2100 3710 2186">
     <span class='ocr_line' id='line_1_19' title="bbox 453 2100 3710 2186; baseline 0.002 -32"><span class='ocrx_word' id='word_1_204' title='bbox 453 2112 706 2170; x_wconf 89' lang='lat' dir='ltr'><strong>sumus,</strong></span> <span class='ocrx_word' id='word_1_205' title='bbox 738 2110 1119 2175; x_wconf 82' lang='lat' dir='ltr'><strong>apparerent</strong></span> <span class='ocrx_word' id='word_1_206' title='bbox 1144 2100 1381 2163; x_wconf 89' lang='lat' dir='ltr'><strong>similia</strong></span> <span class='ocrx_word' id='word_1_207' title='bbox 1404 2105 1433 2162; x_wconf 76' lang='lat' dir='ltr'><strong>‘l</strong></span> <span class='ocrx_word' id='word_1_208' title='bbox 1467 2103 1779 2182; x_wconf 82' lang='lat' dir='ltr'><strong>Adeoque</strong></span> <span class='ocrx_word' id='word_1_209' title='bbox 1804 2121 2034 2183; x_wconf 87' lang='lat' dir='ltr'><strong>panem</strong></span> <span class='ocrx_word' id='word_1_210' title='bbox 2074 2105 2338 2186; x_wconf 88' lang='lat' dir='ltr'><strong>quidem</strong></span> <span class='ocrx_word' id='word_1_211' title='bbox 2394 2102 2579 2165; x_wconf 91' lang='lat' dir='ltr'><strong>nobis</strong></span> <span class='ocrx_word' id='word_1_212' title='bbox 2615 2118 2921 2180; x_wconf 80' lang='lat' dir='ltr'><strong>apparere</strong></span> <span class='ocrx_word' id='word_1_213' title='bbox 2946 2110 3007 2163; x_wconf 91' lang='lat' dir='ltr'><strong>et</strong></span> <span class='ocrx_word' id='word_1_214' title='bbox 3040 2103 3286 2177; x_wconf 88' lang='lat' dir='ltr'><strong>viuum,</strong></span> <span class='ocrx_word' id='word_1_215' title='bbox 3330 2103 3443 2165; x_wconf 84' lang='lat' dir='ltr'><strong>sed</strong></span> <span class='ocrx_word' id='word_1_216' title='bbox 3484 2119 3710 2163; x_wconf 83' lang='lat' dir='ltr'><strong>revera</strong></span> 
     </span>
    </p>
   </div>
   <div class='ocr_carea' id='block_1_20' title="bbox 453 2196 3705 2280">
    <p class='ocr_par' dir='ltr' id='par_1_20' title="bbox 453 2196 3705 2280">
     <span class='ocr_line' id='line_1_20' title="bbox 453 2196 3705 2280; baseline 0.002 -30"><span class='ocrx_word' id='word_1_217' title='bbox 453 2209 701 2257; x_wconf 84' lang='lat' dir='ltr'><strong>carnem</strong></span> <span class='ocrx_word' id='word_1_218' title='bbox 728 2211 858 2253; x_wconf 88' lang='lat' dir='ltr'><strong>esse</strong></span> <span class='ocrx_word' id='word_1_219' title='bbox 897 2203 954 2255; x_wconf 88' lang='lat' dir='ltr'><strong>et</strong></span> <span class='ocrx_word' id='word_1_220' title='bbox 975 2196 1340 2274; x_wconf 84' lang='lat' dir='ltr'><strong>sanguinem</strong></span> <span class='ocrx_word' id='word_1_221' title='bbox 1364 2199 1392 2257; x_wconf 85' lang='lat'><strong><em>?</em></strong></span> <span class='ocrx_word' id='word_1_222' title='bbox 1431 2197 1746 2262; x_wconf 75' lang='lat' dir='ltr'><strong>Videlicet</strong></span> <span class='ocrx_word' id='word_1_223' title='bbox 1778 2200 2039 2262; x_wconf 91' lang='lat' dir='ltr'><strong>demum</strong></span> <span class='ocrx_word' id='word_1_224' title='bbox 2068 2201 2331 2280; x_wconf 79' lang='lat' dir='ltr'><strong>speciem</strong></span> <span class='ocrx_word' id='word_1_225' title='bbox 2352 2199 2543 2279; x_wconf 88' lang='lat' dir='ltr'><strong>panis</strong></span> <span class='ocrx_word' id='word_1_226' title='bbox 2570 2208 2625 2259; x_wconf 89' lang='lat' dir='ltr'><strong>et</strong></span> <span class='ocrx_word' id='word_1_227' title='bbox 2647 2198 2781 2261; x_wconf 88' lang='lat' dir='ltr'><strong>vini</strong></span> <span class='ocrx_word' id='word_1_228' title='bbox 2804 2216 3106 2273; x_wconf 74' lang='lat' dir='ltr'><strong>servasse,</strong></span> <span class='ocrx_word' id='word_1_229' title='bbox 3141 2207 3202 2261; x_wconf 87' lang='lat' dir='ltr'><strong>at</strong></span> <span class='ocrx_word' id='word_1_230' title='bbox 3235 2215 3466 2278; x_wconf 88' lang='lat' dir='ltr'><strong>panem</strong></span> <span class='ocrx_word' id='word_1_231' title='bbox 3490 2197 3705 2278; x_wconf 83' lang='lat' dir='ltr'><strong>ipsum</strong></span> 
     </span>
    </p>
   </div>
   <div class='ocr_carea' id='block_1_21' title="bbox 453 2286 2202 2371">
    <p class='ocr_par' dir='ltr' id='par_1_21' title="bbox 453 2286 2202 2371">
     <span class='ocr_line' id='line_1_21' title="bbox 453 2286 2202 2371; baseline 0.006 -25"><span class='ocrx_word' id='word_1_232' title='bbox 453 2294 514 2348; x_wconf 87' lang='lat' dir='ltr'><strong>et</strong></span> <span class='ocrx_word' id='word_1_233' title='bbox 549 2286 861 2355; x_wconf 71' lang='lat' dir='ltr'><strong>vinumiu</strong></span> <span class='ocrx_word' id='word_1_234' title='bbox 904 2308 1156 2353; x_wconf 90' lang='lat' dir='ltr'><strong>carnem</strong></span> <span class='ocrx_word' id='word_1_235' title='bbox 1190 2300 1248 2354; x_wconf 90' lang='lat' dir='ltr'><strong>et</strong></span> <span class='ocrx_word' id='word_1_236' title='bbox 1275 2293 1654 2371; x_wconf 82' lang='lat' dir='ltr'><strong>sanguinem</strong></span> <span class='ocrx_word' id='word_1_237' title='bbox 1699 2302 2202 2360; x_wconf 88' lang='lat' dir='ltr'><strong>transmutasse?</strong></span> 
     </span>
    </p>
   </div>
   <div class='ocr_carea' id='block_1_22' title="bbox 530 2384 3705 2474">
    <p class='ocr_par' dir='ltr' id='par_1_22' title="bbox 530 2384 3705 2474">
     <span class='ocr_line' id='line_1_22' title="bbox 530 2384 3705 2474; baseline 0.003 -30"><span class='ocrx_word' id='word_1_238' title='bbox 530 2384 695 2458; x_wconf 90' lang='lat' dir='ltr'><strong>Quid</strong></span> <span class='ocrx_word' id='word_1_239' title='bbox 725 2392 845 2461; x_wconf 83' lang='lat' dir='ltr'><strong>est,</strong></span> <span class='ocrx_word' id='word_1_240' title='bbox 901 2387 1074 2467; x_wconf 90' lang='lat' dir='ltr'><strong>quod</strong></span> <span class='ocrx_word' id='word_1_241' title='bbox 1116 2387 1383 2469; x_wconf 72' lang='lat' dir='ltr'><strong>olijicias</strong></span> <span class='ocrx_word' id='word_1_242' title='bbox 1417 2388 1660 2452; x_wconf 91' lang='lat' dir='ltr'><strong>dictum</strong></span> <span class='ocrx_word' id='word_1_243' title='bbox 1707 2408 1739 2452; x_wconf 93' lang='lat' dir='ltr'><strong>a</strong></span> <span class='ocrx_word' id='word_1_244' title='bbox 1772 2391 2276 2474; x_wconf 67' lang='lat' dir='ltr'><strong>Thcophylacto,</strong></span> <span class='ocrx_word' id='word_1_245' title='bbox 2320 2395 2545 2457; x_wconf 84' lang='lat' dir='ltr'><strong>factam</strong></span> <span class='ocrx_word' id='word_1_246' title='bbox 2605 2393 3345 2458; x_wconf 84' lang='lat' dir='ltr'><strong>transelementationem</strong></span> <span class='ocrx_word' id='word_1_247' title='bbox 3395 2393 3599 2456; x_wconf 87' lang='lat' dir='ltr'><strong>fuisse</strong></span> <span class='ocrx_word' id='word_1_248' title='bbox 3639 2394 3705 2454; x_wconf 88' lang='lat' dir='ltr'><strong>in</strong></span> 
     </span>
    </p>
   </div>
   <div class='ocr_carea' id='block_1_23' title="bbox 450 2479 3710 2571">
    <p class='ocr_par' dir='ltr' id='par_1_23' title="bbox 450 2479 3710 2571">
     <span class='ocr_line' id='line_1_23' title="bbox 450 2479 3710 2571; baseline 0.004 -32"><span class='ocrx_word' id='word_1_249' title='bbox 450 2479 747 2541; x_wconf 90' lang='lat' dir='ltr'><strong>virtutem</strong></span> <span class='ocrx_word' id='word_1_250' title='bbox 778 2484 1068 2563; x_wconf 86' lang='lat' dir='ltr'><strong>corporis</strong></span> <span class='ocrx_word' id='word_1_251' title='bbox 1093 2493 1150 2546; x_wconf 88' lang='lat' dir='ltr'><strong>et</strong></span> <span class='ocrx_word' id='word_1_252' title='bbox 1179 2486 1508 2565; x_wconf 79' lang='lat' dir='ltr'><strong>sanguinis</strong></span> <span class='ocrx_word' id='word_1_253' title='bbox 1536 2487 1836 2550; x_wconf 82' lang='lat' dir='ltr'><strong>Domini?</strong></span> <span class='ocrx_word' id='word_1_254' title='bbox 1879 2489 1945 2550; x_wconf 91' lang='lat' dir='ltr'><strong>ld</strong></span> <span class='ocrx_word' id='word_1_255' title='bbox 1980 2491 2203 2571; x_wconf 88' lang='lat' dir='ltr'><strong>utique</strong></span> <span class='ocrx_word' id='word_1_256' title='bbox 2239 2492 2302 2554; x_wconf 90' lang='lat' dir='ltr'><strong>in</strong></span> <span class='ocrx_word' id='word_1_257' title='bbox 2335 2492 2455 2555; x_wconf 89' lang='lat' dir='ltr'><strong>hoc</strong></span> <span class='ocrx_word' id='word_1_258' title='bbox 2487 2492 2563 2554; x_wconf 90' lang='lat' dir='ltr'><strong>ad</strong></span> <span class='ocrx_word' id='word_1_259' title='bbox 2597 2500 2886 2555; x_wconf 88' lang='lat' dir='ltr'><strong>sanctum</strong></span> <span class='ocrx_word' id='word_1_260' title='bbox 2911 2493 3192 2557; x_wconf 82' lang='lat' dir='ltr'><strong>Marcum</strong></span> <span class='ocrx_word' id='word_1_261' title='bbox 3218 2491 3355 2555; x_wconf 89' lang='lat' dir='ltr'><strong>loco</strong></span> <span class='ocrx_word' id='word_1_262' title='bbox 3386 2490 3474 2553; x_wconf 89' lang='lat' dir='ltr'><strong>ait</strong></span> <span class='ocrx_word' id='word_1_263' title='bbox 3498 2488 3710 2551; x_wconf 84' lang='lat' dir='ltr'><strong>Theo-</strong></span> 
     </span>
    </p>
   </div>
   <div class='ocr_carea' id='block_1_24' title="bbox 452 2576 3692 2668">
    <p class='ocr_par' dir='ltr' id='par_1_24' title="bbox 452 2576 3692 2668">
     <span class='ocr_line' id='line_1_24' title="bbox 452 2576 3692 2668; baseline 0.003 -30"><span class='ocrx_word' id='word_1_264' title='bbox 452 2576 813 2657; x_wconf 76' lang='lat' dir='ltr'><strong>phylactus,</strong></span> <span class='ocrx_word' id='word_1_265' title='bbox 853 2581 1025 2659; x_wconf 82' lang='lat' dir='ltr'><strong>quod</strong></span> <span class='ocrx_word' id='word_1_266' title='bbox 1068 2582 1143 2643; x_wconf 90' lang='lat' dir='ltr'><strong>ad</strong></span> <span class='ocrx_word' id='word_1_267' title='bbox 1170 2594 1460 2645; x_wconf 86' lang='lat' dir='ltr'><strong>sanctum</strong></span> <span class='ocrx_word' id='word_1_268' title='bbox 1489 2584 1857 2648; x_wconf 72' lang='lat' dir='ltr'><strong>Matthteum</strong></span> <span class='ocrx_word' id='word_1_269' title='bbox 1890 2594 1951 2647; x_wconf 91' lang='lat' dir='ltr'><strong>et</strong></span> <span class='ocrx_word' id='word_1_270' title='bbox 1978 2589 2292 2650; x_wconf 82' lang='lat' dir='ltr'><strong>Joannem</strong></span> <span class='ocrx_word' id='word_1_271' title='bbox 2327 2589 2533 2663; x_wconf 91' lang='lat' dir='ltr'><strong>docet,</strong></span> <span class='ocrx_word' id='word_1_272' title='bbox 2557 2606 2787 2666; x_wconf 89' lang='lat' dir='ltr'><strong>panem</strong></span> <span class='ocrx_word' id='word_1_273' title='bbox 2834 2583 3080 2668; x_wconf 81' lang='lat' dir='ltr'><strong>quidem</strong></span> <span class='ocrx_word' id='word_1_274' title='bbox 3134 2586 3313 2648; x_wconf 87' lang='lat' dir='ltr'><strong>nobis</strong></span> <span class='ocrx_word' id='word_1_275' title='bbox 3353 2603 3692 2665; x_wconf 89' lang='lat' dir='ltr'><strong>apparere.</strong></span> 
     </span>
    </p>
   </div>
   <div class='ocr_carea' id='block_1_25' title="bbox 450 2674 3707 2764">
    <p class='ocr_par' dir='ltr' id='par_1_25' title="bbox 450 2674 3707 2764">
     <span class='ocr_line' id='line_1_25' title="bbox 450 2674 3707 2764; baseline 0.002 -29"><span class='ocrx_word' id='word_1_276' title='bbox 450 2674 564 2736; x_wconf 89' lang='lat' dir='ltr'><strong>sed</strong></span> <span class='ocrx_word' id='word_1_277' title='bbox 596 2692 814 2737; x_wconf 84' lang='lat' dir='ltr'><strong>revera</strong></span> <span class='ocrx_word' id='word_1_278' title='bbox 843 2695 1096 2738; x_wconf 88' lang='lat' dir='ltr'><strong>carnem</strong></span> <span class='ocrx_word' id='word_1_279' title='bbox 1117 2696 1242 2739; x_wconf 80' lang='lat' dir='ltr'><strong>esse</strong></span> <span class='ocrx_word' id='word_1_280' title='bbox 1271 2699 1293 2739; x_wconf 89' lang='lat'><strong><em>:</em></strong></span> <span class='ocrx_word' id='word_1_281' title='bbox 1330 2687 1387 2740; x_wconf 83' lang='lat' dir='ltr'><strong>et</strong></span> <span class='ocrx_word' id='word_1_282' title='bbox 1421 2682 1869 2761; x_wconf 70' lang='lat' dir='ltr'><strong>transformari</strong></span> <span class='ocrx_word' id='word_1_283' title='bbox 1895 2688 2148 2747; x_wconf 88' lang='lat' dir='ltr'><strong>arcanis</strong></span> <span class='ocrx_word' id='word_1_284' title='bbox 2180 2684 2385 2747; x_wconf 77' lang='lat' dir='ltr'><strong>verbis</strong></span> <span class='ocrx_word' id='word_1_285' title='bbox 2432 2702 2656 2764; x_wconf 88' lang='lat' dir='ltr'><strong>panem</strong></span> <span class='ocrx_word' id='word_1_286' title='bbox 2689 2684 2892 2758; x_wconf 87' lang='lat' dir='ltr'><strong>illum,</strong></span> <span class='ocrx_word' id='word_1_287' title='bbox 2926 2685 3173 2746; x_wconf 87' lang='lat' dir='ltr'><strong>etiamsi</strong></span> <span class='ocrx_word' id='word_1_288' title='bbox 3200 2682 3381 2744; x_wconf 87' lang='lat' dir='ltr'><strong>nobis</strong></span> <span class='ocrx_word' id='word_1_289' title='bbox 3410 2682 3707 2745; x_wconf 85' lang='lat' dir='ltr'><strong>videatur</strong></span> 
     </span>
    </p>
   </div>
   <div class='ocr_carea' id='block_1_26' title="bbox 442 2775 3707 2865">
    <p class='ocr_par' dir='ltr' id='par_1_26' title="bbox 442 2775 3707 2865">
     <span class='ocr_line' id='line_1_26' title="bbox 442 2775 3707 2865; baseline 0.002 -32"><span class='ocrx_word' id='word_1_290' title='bbox 442 2775 661 2851; x_wconf 83' lang='lat' dir='ltr'><strong>panis,</strong></span> <span class='ocrx_word' id='word_1_291' title='bbox 692 2775 761 2838; x_wconf 85' lang='lat' dir='ltr'><strong>in</strong></span> <span class='ocrx_word' id='word_1_292' title='bbox 792 2794 1040 2837; x_wconf 87' lang='lat' dir='ltr'><strong>carnem</strong></span> <span class='ocrx_word' id='word_1_293' title='bbox 1072 2777 1324 2839; x_wconf 83' lang='lat' dir='ltr'><strong>Domini</strong></span> <span class='ocrx_word' id='word_1_294' title='bbox 1351 2800 1371 2839; x_wconf 87' lang='lat'><strong><em>:</em></strong></span> <span class='ocrx_word' id='word_1_295' title='bbox 1402 2789 1459 2840; x_wconf 89' lang='lat' dir='ltr'><strong>et</strong></span> <span class='ocrx_word' id='word_1_296' title='bbox 1489 2796 1714 2857; x_wconf 88' lang='lat' dir='ltr'><strong>panem</strong></span> <span class='ocrx_word' id='word_1_297' title='bbox 1772 2782 1840 2842; x_wconf 88' lang='lat' dir='ltr'><strong>in</strong></span> <span class='ocrx_word' id='word_1_298' title='bbox 1896 2800 2144 2843; x_wconf 86' lang='lat' dir='ltr'><strong>carnem</strong></span> <span class='ocrx_word' id='word_1_299' title='bbox 2191 2780 2445 2841; x_wconf 89' lang='lat' dir='ltr'><strong>Domini</strong></span> <span class='ocrx_word' id='word_1_300' title='bbox 2474 2780 2733 2848; x_wconf 90' lang='lat' dir='ltr'><strong>mutari,</strong></span> <span class='ocrx_word' id='word_1_301' title='bbox 2766 2779 2913 2840; x_wconf 88' lang='lat' dir='ltr'><strong>licet</strong></span> <span class='ocrx_word' id='word_1_302' title='bbox 2957 2776 3106 2841; x_wconf 85' lang='lat' dir='ltr'><strong>talis</strong></span> <span class='ocrx_word' id='word_1_303' title='bbox 3162 2777 3343 2840; x_wconf 87' lang='lat' dir='ltr'><strong>nobis</strong></span> <span class='ocrx_word' id='word_1_304' title='bbox 3400 2786 3707 2865; x_wconf 76' lang='lat' dir='ltr'><strong>appareat</strong></span> 
     </span>
    </p>
   </div>
   <div class='ocr_carea' id='block_1_27' title="bbox 450 2871 3704 2955">
    <p class='ocr_par' dir='ltr' id='par_1_27' title="bbox 450 2871 3704 2955">
     <span class='ocr_line' id='line_1_27' title="bbox 450 2871 3704 2955; baseline 0.002 -26"><span class='ocrx_word' id='word_1_305' title='bbox 450 2871 753 2948; x_wconf 78' lang='lat' dir='ltr'><strong>mysticus</strong></span> <span class='ocrx_word' id='word_1_306' title='bbox 784 2871 982 2948; x_wconf 85' lang='lat' dir='ltr'><strong>cibus,</strong></span> <span class='ocrx_word' id='word_1_307' title='bbox 1014 2872 1304 2953; x_wconf 86' lang='lat' dir='ltr'><strong>qualibus</strong></span> <span class='ocrx_word' id='word_1_308' title='bbox 1360 2873 1601 2954; x_wconf 89' lang='lat' dir='ltr'><strong>alioqui</strong></span> <span class='ocrx_word' id='word_1_309' title='bbox 1630 2877 1865 2939; x_wconf 83' lang='lat' dir='ltr'><strong>assueti</strong></span> <span class='ocrx_word' id='word_1_310' title='bbox 1910 2896 2145 2940; x_wconf 87' lang='lat' dir='ltr'><strong>sumus.</strong></span> <span class='ocrx_word' id='word_1_311' title='bbox 2182 2880 2335 2939; x_wconf 79' lang='lat' dir='ltr'><strong>Rem</strong></span> <span class='ocrx_word' id='word_1_312' title='bbox 2374 2877 2537 2939; x_wconf 87' lang='lat' dir='ltr'><strong>hanc</strong></span> <span class='ocrx_word' id='word_1_313' title='bbox 2573 2875 2869 2955; x_wconf 80' lang='lat' dir='ltr'><strong>patefacit</strong></span> <span class='ocrx_word' id='word_1_314' title='bbox 2920 2876 2987 2939; x_wconf 91' lang='lat' dir='ltr'><strong>in</strong></span> <span class='ocrx_word' id='word_1_315' title='bbox 3022 2876 3248 2939; x_wconf 88' lang='lat' dir='ltr'><strong>eodem</strong></span> <span class='ocrx_word' id='word_1_316' title='bbox 3303 2874 3381 2938; x_wconf 90' lang='lat' dir='ltr'><strong>ad</strong></span> <span class='ocrx_word' id='word_1_317' title='bbox 3421 2885 3704 2936; x_wconf 86' lang='lat' dir='ltr'><strong>sanctum</strong></span> 
     </span>
    </p>
   </div>
   <div class='ocr_carea' id='block_1_28' title="bbox 452 2965 3709 3053">
    <p class='ocr_par' dir='ltr' id='par_1_28' title="bbox 452 2965 3709 3053">
     <span class='ocr_line' id='line_1_28' title="bbox 452 2965 3709 3053; baseline 0.002 -28"><span class='ocrx_word' id='word_1_318' title='bbox 452 2966 734 3031; x_wconf 79' lang='lat' dir='ltr'><strong>Marcum</strong></span> <span class='ocrx_word' id='word_1_319' title='bbox 766 2965 906 3030; x_wconf 89' lang='lat' dir='ltr'><strong>loco</strong></span> <span class='ocrx_word' id='word_1_320' title='bbox 965 2976 1327 3031; x_wconf 79' lang='lat' dir='ltr'><strong>contextus.</strong></span> <span class='ocrx_word' id='word_1_321' title='bbox 1365 2971 1531 3032; x_wconf 83' lang='lat' dir='ltr'><strong>Dicit</strong></span> <span class='ocrx_word' id='word_1_322' title='bbox 1563 2972 1736 3033; x_wconf 88' lang='lat' dir='ltr'><strong>enim</strong></span> <span class='ocrx_word' id='word_1_323' title='bbox 1769 2972 2293 3053; x_wconf 86' lang='lat' dir='ltr'><strong>archiepiscopus</strong></span> <span class='ocrx_word' id='word_1_324' title='bbox 2330 2992 2553 3053; x_wconf 88' lang='lat' dir='ltr'><strong>panem</strong></span> <span class='ocrx_word' id='word_1_325' title='bbox 2595 2990 2723 3034; x_wconf 88' lang='lat' dir='ltr'><strong>non</strong></span> <span class='ocrx_word' id='word_1_326' title='bbox 2755 2991 2880 3034; x_wconf 86' lang='lat' dir='ltr'><strong>esse</strong></span> <span class='ocrx_word' id='word_1_327' title='bbox 2934 2974 3201 3053; x_wconf 83' lang='lat' dir='ltr'><strong>ﬁguram</strong></span> <span class='ocrx_word' id='word_1_328' title='bbox 3271 2982 3326 3033; x_wconf 89' lang='lat' dir='ltr'><strong>et</strong></span> <span class='ocrx_word' id='word_1_329' title='bbox 3384 2970 3709 3052; x_wconf 66' lang='lat' dir='ltr'><strong>exemplar</strong></span> 
     </span>
    </p>
   </div>
   <div class='ocr_carea' id='block_1_29' title="bbox 450 3060 3711 3148">
    <p class='ocr_par' dir='ltr' id='par_1_29' title="bbox 450 3060 3711 3148">
     <span class='ocr_line' id='line_1_29' title="bbox 450 3060 3711 3148; baseline 0.002 -26"><span class='ocrx_word' id='word_1_330' title='bbox 450 3060 760 3143; x_wconf 85' lang='lat' dir='ltr'><strong>quoddam</strong></span> <span class='ocrx_word' id='word_1_331' title='bbox 801 3063 1116 3127; x_wconf 83' lang='lat' dir='ltr'><strong>Dominici</strong></span> <span class='ocrx_word' id='word_1_332' title='bbox 1170 3068 1483 3145; x_wconf 86' lang='lat' dir='ltr'><strong>corporis,</strong></span> <span class='ocrx_word' id='word_1_333' title='bbox 1515 3068 1651 3139; x_wconf 91' lang='lat' dir='ltr'><strong>sed,</strong></span> <span class='ocrx_word' id='word_1_334' title='bbox 1687 3070 1755 3129; x_wconf 89' lang='lat' dir='ltr'><strong>in</strong></span> <span class='ocrx_word' id='word_1_335' title='bbox 1783 3069 1985 3148; x_wconf 85' lang='lat' dir='ltr'><strong>ipsum</strong></span> <span class='ocrx_word' id='word_1_336' title='bbox 2020 3070 2298 3131; x_wconf 77' lang='lat' dir='ltr'><strong>converti</strong></span> <span class='ocrx_word' id='word_1_337' title='bbox 2335 3087 2565 3147; x_wconf 86' lang='lat' dir='ltr'><strong>corpus</strong></span> <span class='ocrx_word' id='word_1_338' title='bbox 2599 3067 2864 3131; x_wconf 83' lang='lat' dir='ltr'><strong>Christi.</strong></span> <span class='ocrx_word' id='word_1_339' title='bbox 2899 3068 3093 3131; x_wconf 83' lang='lat' dir='ltr'><strong>Addit</strong></span> <span class='ocrx_word' id='word_1_340' title='bbox 3123 3068 3259 3144; x_wconf 90' lang='lat' dir='ltr'><strong>ille,</strong></span> <span class='ocrx_word' id='word_1_341' title='bbox 3289 3087 3538 3130; x_wconf 86' lang='lat' dir='ltr'><strong>carnem</strong></span> <span class='ocrx_word' id='word_1_342' title='bbox 3569 3070 3711 3147; x_wconf 86' lang='lat' dir='ltr'><strong>qui-</strong></span> 
     </span>
    </p>
   </div>
   <div class='ocr_carea' id='block_1_30' title="bbox 454 3158 3708 3245">
    <p class='ocr_par' dir='ltr' id='par_1_30' title="bbox 454 3158 3708 3245">
     <span class='ocr_line' id='line_1_30' title="bbox 454 3158 3708 3245; baseline 0.002 -25"><span class='ocrx_word' id='word_1_343' title='bbox 454 3158 589 3220; x_wconf 88' lang='lat' dir='ltr'><strong>dem</strong></span> <span class='ocrx_word' id='word_1_344' title='bbox 617 3175 743 3220; x_wconf 84' lang='lat' dir='ltr'><strong>non</strong></span> <span class='ocrx_word' id='word_1_345' title='bbox 778 3160 1005 3233; x_wconf 86' lang='lat' dir='ltr'><strong>videri,</strong></span> <span class='ocrx_word' id='word_1_346' title='bbox 1049 3161 1159 3222; x_wconf 86' lang='lat' dir='ltr'><strong>sed</strong></span> <span class='ocrx_word' id='word_1_347' title='bbox 1192 3173 1464 3241; x_wconf 85' lang='lat' dir='ltr'><strong>propter</strong></span> <span class='ocrx_word' id='word_1_348' title='bbox 1490 3173 1770 3225; x_wconf 85' lang='lat' dir='ltr'><strong>nostram</strong></span> <span class='ocrx_word' id='word_1_349' title='bbox 1799 3165 2225 3244; x_wconf 79' lang='lat' dir='ltr'><strong>inﬁrmitatem</strong></span> <span class='ocrx_word' id='word_1_350' title='bbox 2256 3164 2428 3227; x_wconf 87' lang='lat' dir='ltr'><strong>istud</strong></span> <span class='ocrx_word' id='word_1_351' title='bbox 2458 3165 2617 3238; x_wconf 79' lang='lat' dir='ltr'><strong>fieri,</strong></span> <span class='ocrx_word' id='word_1_352' title='bbox 2652 3166 2956 3245; x_wconf 86' lang='lat' dir='ltr'><strong>quoniam</strong></span> <span class='ocrx_word' id='word_1_353' title='bbox 2987 3163 3067 3226; x_wconf 89' lang='lat' dir='ltr'><strong>ab</strong></span> <span class='ocrx_word' id='word_1_354' title='bbox 3105 3181 3222 3226; x_wconf 90' lang='lat' dir='ltr'><strong>esu</strong></span> <span class='ocrx_word' id='word_1_355' title='bbox 3254 3164 3464 3227; x_wconf 87' lang='lat' dir='ltr'><strong>carnis</strong></span> <span class='ocrx_word' id='word_1_356' title='bbox 3499 3163 3708 3225; x_wconf 89' lang='lat' dir='ltr'><strong>homi-</strong></span> 
     </span>
    </p>
   </div>
   <div class='ocr_carea' id='block_1_31' title="bbox 452 3252 3703 3343">
    <p class='ocr_par' dir='ltr' id='par_1_31' title="bbox 452 3252 3703 3343">
     <span class='ocr_line' id='line_1_31' title="bbox 452 3252 3703 3343; baseline 0.002 -29"><span class='ocrx_word' id='word_1_357' title='bbox 452 3252 556 3315; x_wconf 77' lang='lat' dir='ltr'><strong>nis</strong></span> <span class='ocrx_word' id='word_1_358' title='bbox 583 3263 644 3317; x_wconf 88' lang='lat' dir='ltr'><strong>et</strong></span> <span class='ocrx_word' id='word_1_359' title='bbox 670 3256 1007 3334; x_wconf 86' lang='lat' dir='ltr'><strong>sanguinis</strong></span> <span class='ocrx_word' id='word_1_360' title='bbox 1044 3267 1192 3335; x_wconf 89' lang='lat' dir='ltr'><strong>potu</strong></span> <span class='ocrx_word' id='word_1_361' title='bbox 1221 3259 1668 3321; x_wconf 86' lang='lat' dir='ltr'><strong>ahhorremus.</strong></span> <span class='ocrx_word' id='word_1_362' title='bbox 1708 3256 2002 3340; x_wconf 85' lang='lat' dir='ltr'><strong>Denique</strong></span> <span class='ocrx_word' id='word_1_363' title='bbox 2034 3260 2389 3336; x_wconf 86' lang='lat' dir='ltr'><strong>concludit,</strong></span> <span class='ocrx_word' id='word_1_364' title='bbox 2425 3262 2694 3341; x_wconf 86' lang='lat' dir='ltr'><strong>speciem</strong></span> <span class='ocrx_word' id='word_1_365' title='bbox 2726 3262 2909 3343; x_wconf 89' lang='lat' dir='ltr'><strong>panis</strong></span> <span class='ocrx_word' id='word_1_366' title='bbox 2941 3270 2999 3324; x_wconf 89' lang='lat' dir='ltr'><strong>et</strong></span> <span class='ocrx_word' id='word_1_367' title='bbox 3028 3261 3163 3323; x_wconf 88' lang='lat' dir='ltr'><strong>vini</strong></span> <span class='ocrx_word' id='word_1_368' title='bbox 3192 3261 3456 3335; x_wconf 78' lang='lat' dir='ltr'><strong>servari,</strong></span> <span class='ocrx_word' id='word_1_369' title='bbox 3482 3261 3592 3323; x_wconf 89' lang='lat' dir='ltr'><strong>sed</strong></span> <span class='ocrx_word' id='word_1_370' title='bbox 3633 3262 3703 3322; x_wconf 87' lang='lat' dir='ltr'><strong>in</strong></span> 
     </span>
    </p>
   </div>
   <div class='ocr_carea' id='block_1_32' title="bbox 453 3351 3707 3436">
    <p class='ocr_par' dir='ltr' id='par_1_32' title="bbox 453 3351 3707 3436">
     <span class='ocr_line' id='line_1_32' title="bbox 453 3351 3707 3436; baseline 0.003 -27"><span class='ocrx_word' id='word_1_371' title='bbox 453 3351 752 3412; x_wconf 79' lang='lat' dir='ltr'><strong>virtutem</strong></span> <span class='ocrx_word' id='word_1_372' title='bbox 782 3353 994 3413; x_wconf 86' lang='lat' dir='ltr'><strong>carnis</strong></span> <span class='ocrx_word' id='word_1_373' title='bbox 1021 3363 1074 3412; x_wconf 89' lang='lat' dir='ltr'><strong>et</strong></span> <span class='ocrx_word' id='word_1_374' title='bbox 1102 3356 1428 3431; x_wconf 83' lang='lat' dir='ltr'><strong>sanguinis</strong></span> <span class='ocrx_word' id='word_1_375' title='bbox 1452 3357 1989 3419; x_wconf 83' lang='lat' dir='ltr'><strong>transelementari</strong></span> <span class='ocrx_word' id='word_1_376' title='bbox 2008 3375 2231 3436; x_wconf 89' lang='lat' dir='ltr'><strong>panem</strong></span> <span class='ocrx_word' id='word_1_377' title='bbox 2263 3366 2319 3419; x_wconf 90' lang='lat' dir='ltr'><strong>et</strong></span> <span class='ocrx_word' id='word_1_378' title='bbox 2348 3360 2582 3420; x_wconf 89' lang='lat' dir='ltr'><strong>vinum.</strong></span> <span class='ocrx_word' id='word_1_379' title='bbox 2614 3359 2775 3433; x_wconf 87' lang='lat' dir='ltr'><strong>Quis</strong></span> <span class='ocrx_word' id='word_1_380' title='bbox 2808 3358 2969 3422; x_wconf 87' lang='lat' dir='ltr'><strong>hanc</strong></span> <span class='ocrx_word' id='word_1_381' title='bbox 2996 3359 3291 3420; x_wconf 81' lang='lat' dir='ltr'><strong>virtutem</strong></span> <span class='ocrx_word' id='word_1_382' title='bbox 3315 3357 3707 3421; x_wconf 84' lang='lat' dir='ltr'><strong>intellexerit</strong></span> 
     </span>
    </p>
   </div>
   <div class='ocr_carea' id='block_1_33' title="bbox 452 3448 1148 3529">
    <p class='ocr_par' dir='ltr' id='par_1_33' title="bbox 452 3448 1148 3529">
     <span class='ocr_line' id='line_1_33' title="bbox 452 3448 1148 3529; baseline 0.001 -22"><span class='ocrx_word' id='word_1_383' title='bbox 452 3448 709 3510; x_wconf 84' lang='lat' dir='ltr'><strong>veritati</strong></span> <span class='ocrx_word' id='word_1_384' title='bbox 737 3450 1093 3529; x_wconf 74' lang='lat' dir='ltr'><strong>Oppositum</strong></span> <span class='ocrx_word' id='word_1_385' title='bbox 1121 3452 1148 3508; x_wconf 78' lang='lat' dir='ltr'><strong>‘l</strong></span> 
     </span>
    </p>
   </div>
   <div class='ocr_carea' id='block_1_34' title="bbox 531 3544 3704 3632">
    <p class='ocr_par' dir='ltr' id='par_1_34' title="bbox 531 3544 3704 3632">
     <span class='ocr_line' id='line_1_34' title="bbox 531 3544 3704 3632; baseline 0.003 -27"><span class='ocrx_word' id='word_1_386' title='bbox 531 3544 667 3605; x_wconf 90' lang='lat' dir='ltr'><strong>lmo</strong></span> <span class='ocrx_word' id='word_1_387' title='bbox 700 3546 965 3625; x_wconf 86' lang='lat' dir='ltr'><strong>speciem</strong></span> <span class='ocrx_word' id='word_1_388' title='bbox 985 3546 1170 3624; x_wconf 89' lang='lat' dir='ltr'><strong>panis</strong></span> <span class='ocrx_word' id='word_1_389' title='bbox 1207 3556 1261 3608; x_wconf 91' lang='lat' dir='ltr'><strong>et</strong></span> <span class='ocrx_word' id='word_1_390' title='bbox 1294 3548 1451 3621; x_wconf 79' lang='lat' dir='ltr'><strong>vini,</strong></span> <span class='ocrx_word' id='word_1_391' title='bbox 1485 3551 1739 3628; x_wconf 91' lang='lat' dir='ltr'><strong>reponit</strong></span> <span class='ocrx_word' id='word_1_392' title='bbox 1768 3549 2169 3627; x_wconf 85' lang='lat' dir='ltr'><strong>Albertinus,</strong></span> <span class='ocrx_word' id='word_1_393' title='bbox 2195 3554 2263 3616; x_wconf 87' lang='lat' dir='ltr'><strong>in</strong></span> <span class='ocrx_word' id='word_1_394' title='bbox 2290 3552 2811 3616; x_wconf 85' lang='lat' dir='ltr'><strong>virtutemcarnis</strong></span> <span class='ocrx_word' id='word_1_395' title='bbox 2841 3560 2897 3613; x_wconf 88' lang='lat' dir='ltr'><strong>et</strong></span> <span class='ocrx_word' id='word_1_396' title='bbox 2920 3553 3274 3632; x_wconf 87' lang='lat' dir='ltr'><strong>sanguinis,</strong></span> <span class='ocrx_word' id='word_1_397' title='bbox 3287 3551 3472 3632; x_wconf 82' lang='lat' dir='ltr'><strong>juxta</strong></span> <span class='ocrx_word' id='word_1_398' title='bbox 3500 3551 3704 3614; x_wconf 84' lang='lat' dir='ltr'><strong>Theo-</strong></span> 
     </span>
    </p>
   </div>
   <div class='ocr_carea' id='block_1_35' title="bbox 452 3638 3700 3724">
    <p class='ocr_par' dir='ltr' id='par_1_35' title="bbox 452 3638 3700 3724">
     <span class='ocr_line' id='line_1_35' title="bbox 452 3638 3700 3724; baseline 0.004 -27"><span class='ocrx_word' id='word_1_399' title='bbox 452 3638 849 3718; x_wconf 86' lang='lat' dir='ltr'><strong>phylactum,</strong></span> <span class='ocrx_word' id='word_1_400' title='bbox 890 3640 1437 3706; x_wconf 87' lang='lat' dir='ltr'><strong>transelementari</strong></span> <span class='ocrx_word' id='word_1_401' title='bbox 1467 3665 1486 3707; x_wconf 91' lang='lat'><strong><em>:</em></strong></span> <span class='ocrx_word' id='word_1_402' title='bbox 1518 3661 1663 3724; x_wconf 83' lang='lat' dir='ltr'><strong>quae</strong></span> <span class='ocrx_word' id='word_1_403' title='bbox 1696 3662 1823 3706; x_wconf 90' lang='lat' dir='ltr'><strong>non</strong></span> <span class='ocrx_word' id='word_1_404' title='bbox 1856 3645 1982 3707; x_wconf 88' lang='lat' dir='ltr'><strong>alia</strong></span> <span class='ocrx_word' id='word_1_405' title='bbox 2014 3654 2133 3721; x_wconf 90' lang='lat' dir='ltr'><strong>est,</strong></span> <span class='ocrx_word' id='word_1_406' title='bbox 2166 3647 2293 3709; x_wconf 89' lang='lat' dir='ltr'><strong>nisi</strong></span> <span class='ocrx_word' id='word_1_407' title='bbox 2331 3650 2612 3723; x_wconf 89' lang='lat' dir='ltr'><strong>virtutis,</strong></span> <span class='ocrx_word' id='word_1_408' title='bbox 2656 3655 2764 3711; x_wconf 89' lang='lat' dir='ltr'><strong>aut</strong></span> <span class='ocrx_word' id='word_1_409' title='bbox 2792 3649 2861 3711; x_wconf 88' lang='lat' dir='ltr'><strong>in</strong></span> <span class='ocrx_word' id='word_1_410' title='bbox 2890 3647 3189 3710; x_wconf 86' lang='lat' dir='ltr'><strong>virtutem</strong></span> <span class='ocrx_word' id='word_1_411' title='bbox 3224 3649 3700 3710; x_wconf 86' lang='lat' dir='ltr'><strong>transmutatio.</strong></span> 
     </span>
    </p>
   </div>
   <div class='ocr_carea' id='block_1_36' title="bbox 453 3737 3704 3826">
    <p class='ocr_par' dir='ltr' id='par_1_36' title="bbox 453 3737 3704 3826">
     <span class='ocr_line' id='line_1_36' title="bbox 453 3737 3704 3826; baseline 0.002 -29"><span class='ocrx_word' id='word_1_412' title='bbox 453 3739 591 3799; x_wconf 77' lang='lat' dir='ltr'><strong>imo</strong></span> <span class='ocrx_word' id='word_1_413' title='bbox 620 3738 699 3802; x_wconf 86' lang='lat' dir='ltr'><strong>de</strong></span> <span class='ocrx_word' id='word_1_414' title='bbox 728 3737 1063 3801; x_wconf 76' lang='lat' dir='ltr'><strong>subtantite</strong></span> <span class='ocrx_word' id='word_1_415' title='bbox 1129 3740 1316 3819; x_wconf 91' lang='lat' dir='ltr'><strong>panis</strong></span> <span class='ocrx_word' id='word_1_416' title='bbox 1386 3749 1449 3804; x_wconf 90' lang='lat' dir='ltr'><strong>et</strong></span> <span class='ocrx_word' id='word_1_417' title='bbox 1504 3742 1634 3805; x_wconf 89' lang='lat' dir='ltr'><strong>vini</strong></span> <span class='ocrx_word' id='word_1_418' title='bbox 1698 3740 2347 3807; x_wconf 86' lang='lat' dir='ltr'><strong>transelementatione</strong></span> <span class='ocrx_word' id='word_1_419' title='bbox 2402 3745 2835 3808; x_wconf 88' lang='lat' dir='ltr'><strong>disertissime</strong></span> <span class='ocrx_word' id='word_1_420' title='bbox 2874 3762 3063 3825; x_wconf 84' lang='lat' dir='ltr'><strong>agere</strong></span> <span class='ocrx_word' id='word_1_421' title='bbox 3123 3744 3704 3826; x_wconf 83' lang='lat' dir='ltr'><strong>Theophylactum,</strong></span> 
     </span>
    </p>
   </div>
   <div class='ocr_carea' id='block_1_37' title="bbox 452 3833 3703 3920">
    <p class='ocr_par' dir='ltr' id='par_1_37' title="bbox 452 3833 3703 3920">
     <span class='ocr_line' id='line_1_37' title="bbox 452 3833 3703 3920; baseline 0.003 -27"><span class='ocrx_word' id='word_1_422' title='bbox 452 3833 685 3917; x_wconf 87' lang='lat' dir='ltr'><strong>inquio</strong></span> <span class='ocrx_word' id='word_1_423' title='bbox 747 3851 906 3919; x_wconf 83' lang='lat' dir='ltr'><strong>ego,</strong></span> <span class='ocrx_word' id='word_1_424' title='bbox 970 3837 1375 3901; x_wconf 86' lang='lat' dir='ltr'><strong>consentient</strong></span> <span class='ocrx_word' id='word_1_425' title='bbox 1465 3839 1616 3902; x_wconf 91' lang='lat' dir='ltr'><strong>boni</strong></span> <span class='ocrx_word' id='word_1_426' title='bbox 1675 3856 1913 3901; x_wconf 88' lang='lat' dir='ltr'><strong>sensus</strong></span> <span class='ocrx_word' id='word_1_427' title='bbox 1972 3839 2183 3917; x_wconf 81' lang='lat' dir='ltr'><strong>[LVII]</strong></span> <span class='ocrx_word' id='word_1_428' title='bbox 2270 3857 2522 3906; x_wconf 90' lang='lat' dir='ltr'><strong>omnes.</strong></span> <span class='ocrx_word' id='word_1_429' title='bbox 2608 3840 3101 3920; x_wconf 67' lang='lat' dir='ltr'><strong>Archiepiscom</strong></span> <span class='ocrx_word' id='word_1_430' title='bbox 3171 3858 3474 3920; x_wconf 89' lang='lat' dir='ltr'><strong>namque,</strong></span> <span class='ocrx_word' id='word_1_431' title='bbox 3551 3858 3703 3902; x_wconf 85' lang='lat' dir='ltr'><strong>sana</strong></span> 
     </span>
    </p>
   </div>
   <div class='ocr_carea' id='block_1_38' title="bbox 452 3931 3707 4018">
    <p class='ocr_par' dir='ltr' id='par_1_38' title="bbox 452 3931 3707 4018">
     <span class='ocr_line' id='line_1_38' title="bbox 452 3931 3707 4018; baseline 0.002 -29"><span class='ocrx_word' id='word_1_432' title='bbox 452 3938 664 3992; x_wconf 89' lang='lat' dir='ltr'><strong>mente</strong></span> <span class='ocrx_word' id='word_1_433' title='bbox 694 3932 748 3992; x_wconf 93' lang='lat' dir='ltr'><strong>si</strong></span> <span class='ocrx_word' id='word_1_434' title='bbox 786 3931 972 3995; x_wconf 82' lang='lat' dir='ltr'><strong>verba</strong></span> <span class='ocrx_word' id='word_1_435' title='bbox 1005 3933 1143 4014; x_wconf 90' lang='lat' dir='ltr'><strong>ejus</strong></span> <span class='ocrx_word' id='word_1_436' title='bbox 1179 3935 1648 4015; x_wconf 83' lang='lat' dir='ltr'><strong>expendantur,</strong></span> <span class='ocrx_word' id='word_1_437' title='bbox 1690 3935 2012 3999; x_wconf 87' lang='lat' dir='ltr'><strong>sententia</strong></span> <span class='ocrx_word' id='word_1_438' title='bbox 2064 3944 2163 3998; x_wconf 84' lang='lat' dir='ltr'><strong>est</strong></span> <span class='ocrx_word' id='word_1_439' title='bbox 2194 3958 2208 3997; x_wconf 91' lang='lat'><strong>:</strong></span> <span class='ocrx_word' id='word_1_440' title='bbox 2245 3937 2496 4013; x_wconf 87' lang='lat' dir='ltr'><strong>Panem,</strong></span> <span class='ocrx_word' id='word_1_441' title='bbox 2530 3955 2708 4018; x_wconf 88' lang='lat' dir='ltr'><strong>quem</strong></span> <span class='ocrx_word' id='word_1_442' title='bbox 2762 3936 3069 3999; x_wconf 88' lang='lat' dir='ltr'><strong>Dominus</strong></span> <span class='ocrx_word' id='word_1_443' title='bbox 3106 3937 3375 3998; x_wconf 85' lang='lat' dir='ltr'><strong>daturus</strong></span> <span class='ocrx_word' id='word_1_444' title='bbox 3428 3944 3539 4011; x_wconf 88' lang='lat' dir='ltr'><strong>est,</strong></span> <span class='ocrx_word' id='word_1_445' title='bbox 3576 3954 3707 3996; x_wconf 85' lang='lat' dir='ltr'><strong>non</strong></span> 
     </span>
    </p>
   </div>
   <div class='ocr_carea' id='block_1_39' title="bbox 450 4026 3706 4114">
    <p class='ocr_par' dir='ltr' id='par_1_39' title="bbox 450 4026 3706 4114">
     <span class='ocr_line' id='line_1_39' title="bbox 450 4026 3706 4114; baseline 0.002 -29"><span class='ocrx_word' id='word_1_446' title='bbox 450 4045 580 4086; x_wconf 88' lang='lat' dir='ltr'><strong>esse</strong></span> <span class='ocrx_word' id='word_1_447' title='bbox 604 4026 874 4106; x_wconf 78' lang='lat' dir='ltr'><strong>ﬁguram</strong></span> <span class='ocrx_word' id='word_1_448' title='bbox 898 4031 1109 4091; x_wconf 87' lang='lat' dir='ltr'><strong>carnis</strong></span> <span class='ocrx_word' id='word_1_449' title='bbox 1148 4033 1304 4113; x_wconf 85' lang='lat' dir='ltr'><strong>ejus,</strong></span> <span class='ocrx_word' id='word_1_450' title='bbox 1329 4032 1436 4093; x_wconf 89' lang='lat' dir='ltr'><strong>sed</strong></span> <span class='ocrx_word' id='word_1_451' title='bbox 1466 4035 1597 4113; x_wconf 85' lang='lat' dir='ltr'><strong>ejus</strong></span> <span class='ocrx_word' id='word_1_452' title='bbox 1628 4051 1837 4095; x_wconf 85' lang='lat' dir='ltr'><strong>veram</strong></span> <span class='ocrx_word' id='word_1_453' title='bbox 1874 4050 2153 4100; x_wconf 87' lang='lat' dir='ltr'><strong>carnem:</strong></span> <span class='ocrx_word' id='word_1_454' title='bbox 2186 4051 2434 4096; x_wconf 87' lang='lat' dir='ltr'><strong>carnem</strong></span> <span class='ocrx_word' id='word_1_455' title='bbox 2478 4032 2727 4114; x_wconf 83' lang='lat' dir='ltr'><strong>quidem</strong></span> <span class='ocrx_word' id='word_1_456' title='bbox 2778 4050 2907 4093; x_wconf 83' lang='lat' dir='ltr'><strong>non</strong></span> <span class='ocrx_word' id='word_1_457' title='bbox 2944 4031 3173 4107; x_wconf 89' lang='lat' dir='ltr'><strong>videri,</strong></span> <span class='ocrx_word' id='word_1_458' title='bbox 3200 4032 3494 4113; x_wconf 86' lang='lat' dir='ltr'><strong>quoniam</strong></span> <span class='ocrx_word' id='word_1_459' title='bbox 3524 4032 3706 4108; x_wconf 81' lang='lat' dir='ltr'><strong>inﬁr-</strong></span> 
     </span>
    </p>
   </div>
   <div class='ocr_carea' id='block_1_40' title="bbox 446 4126 3704 4210">
    <p class='ocr_par' dir='ltr' id='par_1_40' title="bbox 446 4126 3704 4210">
     <span class='ocr_line' id='line_1_40' title="bbox 446 4126 3704 4210; baseline 0.001 -27"><span class='ocrx_word' id='word_1_460' title='bbox 446 4126 658 4188; x_wconf 87' lang='lat' dir='ltr'><strong>mitati</strong></span> <span class='ocrx_word' id='word_1_461' title='bbox 687 4136 941 4200; x_wconf 76' lang='lat' dir='ltr'><strong>nostrw,</strong></span> <span class='ocrx_word' id='word_1_462' title='bbox 975 4147 1112 4190; x_wconf 86' lang='lat' dir='ltr'><strong>cum</strong></span> <span class='ocrx_word' id='word_1_463' title='bbox 1133 4129 1208 4192; x_wconf 91' lang='lat' dir='ltr'><strong>ab</strong></span> <span class='ocrx_word' id='word_1_464' title='bbox 1239 4148 1347 4192; x_wconf 89' lang='lat' dir='ltr'><strong>esu</strong></span> <span class='ocrx_word' id='word_1_465' title='bbox 1378 4130 1587 4193; x_wconf 78' lang='lat' dir='ltr'><strong>crudce</strong></span> <span class='ocrx_word' id='word_1_466' title='bbox 1610 4132 1821 4193; x_wconf 87' lang='lat' dir='ltr'><strong>carnis</strong></span> <span class='ocrx_word' id='word_1_467' title='bbox 1849 4139 1907 4192; x_wconf 88' lang='lat' dir='ltr'><strong>et</strong></span> <span class='ocrx_word' id='word_1_468' title='bbox 1928 4130 2258 4210; x_wconf 87' lang='lat' dir='ltr'><strong>sanguinis</strong></span> <span class='ocrx_word' id='word_1_469' title='bbox 2287 4131 2542 4194; x_wconf 86' lang='lat' dir='ltr'><strong>humani</strong></span> <span class='ocrx_word' id='word_1_470' title='bbox 2562 4139 2754 4208; x_wconf 85' lang='lat' dir='ltr'><strong>potus</strong></span> <span class='ocrx_word' id='word_1_471' title='bbox 2786 4129 3254 4203; x_wconf 83' lang='lat' dir='ltr'><strong>abhorreamus,</strong></span> <span class='ocrx_word' id='word_1_472' title='bbox 3292 4127 3620 4206; x_wconf 85' lang='lat' dir='ltr'><strong>indulgens</strong></span> <span class='ocrx_word' id='word_1_473' title='bbox 3645 4138 3704 4188; x_wconf 88' lang='lat' dir='ltr'><strong>et</strong></span> 
     </span>
    </p>
   </div>
   <div class='ocr_carea' id='block_1_41' title="bbox 448 4219 3703 4307">
    <p class='ocr_par' dir='ltr' id='par_1_41' title="bbox 448 4219 3703 4307">
     <span class='ocr_line' id='line_1_41' title="bbox 448 4219 3703 4307; baseline 0.001 -25"><span class='ocrx_word' id='word_1_474' title='bbox 448 4219 945 4287; x_wconf 52' lang='lat' dir='ltr'><strong>condes‘cendens</strong></span> <span class='ocrx_word' id='word_1_475' title='bbox 977 4226 1301 4301; x_wconf 88' lang='lat' dir='ltr'><strong>Dominus,</strong></span> <span class='ocrx_word' id='word_1_476' title='bbox 1344 4231 1612 4306; x_wconf 85' lang='lat' dir='ltr'><strong>speciem</strong></span> <span class='ocrx_word' id='word_1_477' title='bbox 1631 4226 1881 4307; x_wconf 87' lang='lat' dir='ltr'><strong>quidem</strong></span> <span class='ocrx_word' id='word_1_478' title='bbox 1909 4228 2096 4307; x_wconf 85' lang='lat' dir='ltr'><strong>panis</strong></span> <span class='ocrx_word' id='word_1_479' title='bbox 2129 4238 2184 4290; x_wconf 90' lang='lat' dir='ltr'><strong>et</strong></span> <span class='ocrx_word' id='word_1_480' title='bbox 2225 4228 2360 4289; x_wconf 86' lang='lat' dir='ltr'><strong>vini</strong></span> <span class='ocrx_word' id='word_1_481' title='bbox 2396 4235 2627 4302; x_wconf 89' lang='lat' dir='ltr'><strong>servat,</strong></span> <span class='ocrx_word' id='word_1_482' title='bbox 2659 4226 2769 4288; x_wconf 84' lang='lat' dir='ltr'><strong>sed</strong></span> <span class='ocrx_word' id='word_1_483' title='bbox 2798 4228 2865 4289; x_wconf 87' lang='lat' dir='ltr'><strong>in</strong></span> <span class='ocrx_word' id='word_1_484' title='bbox 2892 4229 3192 4289; x_wconf 85' lang='lat' dir='ltr'><strong>virtutem</strong></span> <span class='ocrx_word' id='word_1_485' title='bbox 3223 4224 3435 4287; x_wconf 86' lang='lat' dir='ltr'><strong>carnis</strong></span> <span class='ocrx_word' id='word_1_486' title='bbox 3464 4234 3519 4286; x_wconf 89' lang='lat' dir='ltr'><strong>et</strong></span> <span class='ocrx_word' id='word_1_487' title='bbox 3548 4243 3703 4285; x_wconf 86' lang='lat' dir='ltr'><strong>san-</strong></span> 
     </span>
    </p>
   </div>
   <div class='ocr_carea' id='block_1_42' title="bbox 444 4321 3704 4402">
    <p class='ocr_par' dir='ltr' id='par_1_42' title="bbox 444 4321 3704 4402">
     <span class='ocr_line' id='line_1_42' title="bbox 444 4321 3704 4402; baseline 0.001 -22"><span class='ocrx_word' id='word_1_488' title='bbox 444 4321 661 4398; x_wconf 88' lang='lat' dir='ltr'><strong>guinis</strong></span> <span class='ocrx_word' id='word_1_489' title='bbox 689 4339 916 4402; x_wconf 87' lang='lat' dir='ltr'><strong>panem</strong></span> <span class='ocrx_word' id='word_1_490' title='bbox 952 4324 1157 4402; x_wconf 87' lang='lat' dir='ltr'><strong>ipsum</strong></span> <span class='ocrx_word' id='word_1_491' title='bbox 1204 4335 1261 4387; x_wconf 89' lang='lat' dir='ltr'><strong>et</strong></span> <span class='ocrx_word' id='word_1_492' title='bbox 1319 4326 1533 4387; x_wconf 86' lang='lat' dir='ltr'><strong>vinum</strong></span> <span class='ocrx_word' id='word_1_493' title='bbox 1572 4326 2103 4387; x_wconf 86' lang='lat' dir='ltr'><strong>transelementat.</strong></span> <span class='ocrx_word' id='word_1_494' title='bbox 2138 4324 2419 4387; x_wconf 90' lang='lat' dir='ltr'><strong>Dubium</strong></span> <span class='ocrx_word' id='word_1_495' title='bbox 2474 4321 2648 4386; x_wconf 88' lang='lat' dir='ltr'><strong>enim</strong></span> <span class='ocrx_word' id='word_1_496' title='bbox 2694 4323 3093 4396; x_wconf 85' lang='lat' dir='ltr'><strong>movebatur,</strong></span> <span class='ocrx_word' id='word_1_497' title='bbox 3153 4330 3491 4401; x_wconf 89' lang='lat' dir='ltr'><strong>propterea</strong></span> <span class='ocrx_word' id='word_1_498' title='bbox 3524 4321 3704 4400; x_wconf 87' lang='lat' dir='ltr'><strong>quod</strong></span> 
     </span>
    </p>
   </div>
   <div class='ocr_carea' id='block_1_43' title="bbox 447 4418 3703 4504">
    <p class='ocr_par' dir='ltr' id='par_1_43' title="bbox 447 4418 3703 4504">
     <span class='ocr_line' id='line_1_43' title="bbox 447 4418 3703 4504; baseline 0.001 -27"><span class='ocrx_word' id='word_1_499' title='bbox 447 4433 594 4479; x_wconf 79' lang='lat' dir='ltr'><strong>caro</strong></span> <span class='ocrx_word' id='word_1_500' title='bbox 626 4434 755 4483; x_wconf 90' lang='lat' dir='ltr'><strong>non</strong></span> <span class='ocrx_word' id='word_1_501' title='bbox 792 4419 1145 4498; x_wconf 86' lang='lat' dir='ltr'><strong>videretur,</strong></span> <span class='ocrx_word' id='word_1_502' title='bbox 1178 4431 1240 4486; x_wconf 91' lang='lat' dir='ltr'><strong>et</strong></span> <span class='ocrx_word' id='word_1_503' title='bbox 1299 4424 1481 4502; x_wconf 87' lang='lat' dir='ltr'><strong>panis</strong></span> <span class='ocrx_word' id='word_1_504' title='bbox 1529 4424 1896 4504; x_wconf 83' lang='lat' dir='ltr'><strong>apparebat.</strong></span> <span class='ocrx_word' id='word_1_505' title='bbox 1946 4422 2113 4484; x_wconf 89' lang='lat' dir='ltr'><strong>Hinc</strong></span> <span class='ocrx_word' id='word_1_506' title='bbox 2156 4437 2311 4482; x_wconf 83' lang='lat' dir='ltr'><strong>vero</strong></span> <span class='ocrx_word' id='word_1_507' title='bbox 2360 4418 2609 4482; x_wconf 90' lang='lat' dir='ltr'><strong>solutio</strong></span> <span class='ocrx_word' id='word_1_508' title='bbox 2649 4436 2950 4482; x_wconf 90' lang='lat' dir='ltr'><strong>:carnem</strong></span> <span class='ocrx_word' id='word_1_509' title='bbox 3011 4434 3142 4482; x_wconf 88' lang='lat' dir='ltr'><strong>non</strong></span> <span class='ocrx_word' id='word_1_510' title='bbox 3193 4418 3424 4495; x_wconf 86' lang='lat' dir='ltr'><strong>videri,</strong></span> <span class='ocrx_word' id='word_1_511' title='bbox 3463 4419 3529 4481; x_wconf 88' lang='lat' dir='ltr'><strong>in</strong></span> <span class='ocrx_word' id='word_1_512' title='bbox 3562 4433 3703 4480; x_wconf 89' lang='lat' dir='ltr'><strong>eam</strong></span> 
     </span>
    </p>
   </div>
   <div class='ocr_carea' id='block_1_44' title="bbox 448 4514 2546 4598">
    <p class='ocr_par' dir='ltr' id='par_1_44' title="bbox 448 4514 2546 4598">
     <span class='ocr_line' id='line_1_44' title="bbox 448 4514 2546 4598; baseline 0.002 -23"><span class='ocrx_word' id='word_1_513' title='bbox 448 4514 885 4581; x_wconf 89' lang='lat' dir='ltr'><strong>nihilominus</strong></span> <span class='ocrx_word' id='word_1_514' title='bbox 916 4535 1142 4598; x_wconf 90' lang='lat' dir='ltr'><strong>panem</strong></span> <span class='ocrx_word' id='word_1_515' title='bbox 1180 4520 1768 4597; x_wconf 89' lang='lat' dir='ltr'><strong>transelementari,</strong></span> <span class='ocrx_word' id='word_1_516' title='bbox 1806 4525 2053 4584; x_wconf 87' lang='lat' dir='ltr'><strong>servata</strong></span> <span class='ocrx_word' id='word_1_517' title='bbox 2084 4518 2304 4596; x_wconf 89' lang='lat' dir='ltr'><strong>specie</strong></span> <span class='ocrx_word' id='word_1_518' title='bbox 2337 4516 2546 4596; x_wconf 90' lang='lat' dir='ltr'><strong>panis.</strong></span> 
     </span>
    </p>
   </div>
   <div class='ocr_carea' id='block_1_45' title="bbox 484 4618 3703 4704">
    <p class='ocr_par' dir='ltr' id='par_1_45' title="bbox 484 4618 3703 4704">
     <span class='ocr_line' id='line_1_45' title="bbox 484 4618 3703 4704; baseline -0.001 -24"><span class='ocrx_word' id='word_1_519' title='bbox 484 4700 490 4704; x_wconf 22' lang='lat'><strong><em>.</em></strong></span> <span class='ocrx_word' id='word_1_520' title='bbox 526 4618 654 4681; x_wconf 88' lang='lat' dir='ltr'><strong>Cur</strong></span> <span class='ocrx_word' id='word_1_521' title='bbox 681 4636 858 4698; x_wconf 83' lang='lat' dir='ltr'><strong>ergo,</strong></span> <span class='ocrx_word' id='word_1_522' title='bbox 922 4630 1247 4700; x_wconf 85' lang='lat' dir='ltr'><strong>reponunt</strong></span> <span class='ocrx_word' id='word_1_523' title='bbox 1296 4620 1699 4696; x_wconf 78' lang='lat' dir='ltr'><strong>heterodoxi,</strong></span> <span class='ocrx_word' id='word_1_524' title='bbox 1736 4638 1985 4697; x_wconf 85' lang='lat' dir='ltr'><strong>vocem,</strong></span> <span class='ocrx_word' id='word_1_525' title='bbox 2016 4620 2295 4692; x_wconf 80' lang='lat' dir='ltr'><strong>virtutis,</strong></span> <span class='ocrx_word' id='word_1_526' title='bbox 2340 4618 2637 4681; x_wconf 88' lang='lat' dir='ltr'><strong>adhibeat</strong></span> <span class='ocrx_word' id='word_1_527' title='bbox 2706 4619 2769 4681; x_wconf 90' lang='lat' dir='ltr'><strong>in</strong></span> <span class='ocrx_word' id='word_1_528' title='bbox 2804 4618 3031 4681; x_wconf 89' lang='lat' dir='ltr'><strong>eodem</strong></span> <span class='ocrx_word' id='word_1_529' title='bbox 3070 4619 3151 4681; x_wconf 85' lang='lat' dir='ltr'><strong>ad</strong></span> <span class='ocrx_word' id='word_1_530' title='bbox 3186 4619 3471 4681; x_wconf 84' lang='lat' dir='ltr'><strong>Marcum</strong></span> <span class='ocrx_word' id='word_1_531' title='bbox 3524 4632 3703 4680; x_wconf 86' lang='lat' dir='ltr'><strong>com-</strong></span> 
     </span>
    </p>
   </div>
   <div class='ocr_carea' id='block_1_46' title="bbox 445 4714 3703 4797">
    <p class='ocr_par' dir='ltr' id='par_1_46' title="bbox 445 4714 3703 4797">
     <span class='ocr_line' id='line_1_46' title="bbox 445 4714 3703 4797; baseline 0 -21"><span class='ocrx_word' id='word_1_532' title='bbox 445 4714 819 4776; x_wconf 86' lang='lat' dir='ltr'><strong>mentario?</strong></span> <span class='ocrx_word' id='word_1_533' title='bbox 849 4716 1164 4779; x_wconf 89' lang='lat' dir='ltr'><strong>Nimirum</strong></span> <span class='ocrx_word' id='word_1_534' title='bbox 1211 4724 1279 4779; x_wconf 92' lang='lat' dir='ltr'><strong>ut</strong></span> <span class='ocrx_word' id='word_1_535' title='bbox 1307 4718 1530 4781; x_wconf 90' lang='lat' dir='ltr'><strong>doceat</strong></span> <span class='ocrx_word' id='word_1_536' title='bbox 1567 4717 1730 4781; x_wconf 88' lang='lat' dir='ltr'><strong>hanc</strong></span> <span class='ocrx_word' id='word_1_537' title='bbox 1789 4717 1929 4780; x_wconf 80' lang='lat' dir='ltr'><strong>fieri</strong></span> <span class='ocrx_word' id='word_1_538' title='bbox 1962 4715 2700 4788; x_wconf 80' lang='lat' dir='ltr'><strong>tr‘anselementationem,</strong></span> <span class='ocrx_word' id='word_1_539' title='bbox 2763 4723 2827 4777; x_wconf 91' lang='lat' dir='ltr'><strong>et</strong></span> <span class='ocrx_word' id='word_1_540' title='bbox 2881 4716 3522 4797; x_wconf 84' lang='lat' dir='ltr'><strong>transformationem,</strong></span> <span class='ocrx_word' id='word_1_541' title='bbox 3580 4731 3703 4776; x_wconf 89' lang='lat' dir='ltr'><strong>seu</strong></span> 
     </span>
    </p>
   </div>
   <div class='ocr_carea' id='block_1_47' title="bbox 448 4812 3703 4894">
    <p class='ocr_par' dir='ltr' id='par_1_47' title="bbox 448 4812 3703 4894">
     <span class='ocr_line' id='line_1_47' title="bbox 448 4812 3703 4894; baseline 0.001 -23"><span class='ocrx_word' id='word_1_542' title='bbox 448 4813 1039 4874; x_wconf 84' lang='lat' dir='ltr'><strong>transmutationem</strong></span> <span class='ocrx_word' id='word_1_543' title='bbox 1073 4813 1137 4875; x_wconf 92' lang='lat' dir='ltr'><strong>in</strong></span> <span class='ocrx_word' id='word_1_544' title='bbox 1173 4830 1407 4892; x_wconf 89' lang='lat' dir='ltr'><strong>corpus</strong></span> <span class='ocrx_word' id='word_1_545' title='bbox 1449 4814 1706 4889; x_wconf 85' lang='lat' dir='ltr'><strong>Christi,</strong></span> <span class='ocrx_word' id='word_1_546' title='bbox 1759 4815 1997 4877; x_wconf 86' lang='lat' dir='ltr'><strong>virtute</strong></span> <span class='ocrx_word' id='word_1_547' title='bbox 2036 4814 2298 4894; x_wconf 89' lang='lat' dir='ltr'><strong>plenum</strong></span> <span class='ocrx_word' id='word_1_548' title='bbox 2323 4857 2341 4888; x_wconf 94' lang='lat'><strong>,</strong></span> <span class='ocrx_word' id='word_1_549' title='bbox 2380 4822 2441 4875; x_wconf 89' lang='lat' dir='ltr'><strong>et</strong></span> <span class='ocrx_word' id='word_1_550' title='bbox 2478 4830 2596 4879; x_wconf 91' lang='lat' dir='ltr'><strong>nos</strong></span> <span class='ocrx_word' id='word_1_551' title='bbox 2655 4814 3007 4877; x_wconf 84' lang='lat' dir='ltr'><strong>viviﬁcans.</strong></span> <span class='ocrx_word' id='word_1_552' title='bbox 3085 4815 3241 4875; x_wconf 81' lang='lat' dir='ltr'><strong>Rem</strong></span> <span class='ocrx_word' id='word_1_553' title='bbox 3299 4812 3461 4876; x_wconf 91' lang='lat' dir='ltr'><strong>hanc</strong></span> <span class='ocrx_word' id='word_1_554' title='bbox 3520 4813 3703 4875; x_wconf 86' lang='lat' dir='ltr'><strong>lucu-</strong></span> 
     </span>
    </p>
   </div>
   <div class='ocr_carea' id='block_1_48' title="bbox 444 4906 3704 4990">
    <p class='ocr_par' dir='ltr' id='par_1_48' title="bbox 444 4906 3704 4990">
     <span class='ocr_line' id='line_1_48' title="bbox 444 4906 3704 4990; baseline 0.001 -22"><span class='ocrx_word' id='word_1_555' title='bbox 444 4906 811 4972; x_wconf 89' lang='lat' dir='ltr'><strong>lentissime</strong></span> <span class='ocrx_word' id='word_1_556' title='bbox 867 4909 1179 4973; x_wconf 78' lang='lat' dir='ltr'><strong>exclamat</strong></span> <span class='ocrx_word' id='word_1_557' title='bbox 1211 4910 1276 4972; x_wconf 90' lang='lat' dir='ltr'><strong>in</strong></span> <span class='ocrx_word' id='word_1_558' title='bbox 1308 4917 1498 4990; x_wconf 84' lang='lat' dir='ltr'><strong>caput</strong></span> <span class='ocrx_word' id='word_1_559' title='bbox 1547 4930 1606 4974; x_wconf 77' lang='lat' dir='ltr'><strong>vr</strong></span> <span class='ocrx_word' id='word_1_560' title='bbox 1658 4910 1924 4975; x_wconf 85' lang='lat' dir='ltr'><strong>Joannis</strong></span> <span class='ocrx_word' id='word_1_561' title='bbox 1960 4929 1977 4968; x_wconf 89' lang='lat'><strong>:</strong></span> <span class='ocrx_word' id='word_1_562' title='bbox 2019 4932 2049 4969; x_wconf 72' lang='grc' dir='ltr'><strong><em>α</em></strong></span> <span class='ocrx_word' id='word_1_563' title='bbox 2083 4913 2267 4973; x_wconf 85' lang='lat' dir='ltr'><strong>Nunc</strong></span> <span class='ocrx_word' id='word_1_564' title='bbox 2296 4917 2513 4973; x_wconf 89' lang='lat' dir='ltr'><strong>autem</strong></span> <span class='ocrx_word' id='word_1_565' title='bbox 2546 4909 3107 4973; x_wconf 89' lang='lat' dir='ltr'><strong>condescendente</strong></span> <span class='ocrx_word' id='word_1_566' title='bbox 3139 4909 3417 4972; x_wconf 89' lang='lat' dir='ltr'><strong>Domino</strong></span> <span class='ocrx_word' id='word_1_567' title='bbox 3467 4919 3704 4972; x_wconf 64' lang='lat' dir='ltr'><strong>nostra;</strong></span> 
     </span>
    </p>
   </div>
   <div class='ocr_carea' id='block_1_49' title="bbox 444 5002 3705 5088">
    <p class='ocr_par' dir='ltr' id='par_1_49' title="bbox 444 5002 3705 5088">
     <span class='ocr_line' id='line_1_49' title="bbox 444 5002 3705 5088; baseline -0.001 -23"><span class='ocrx_word' id='word_1_568' title='bbox 444 5005 823 5080; x_wconf 83' lang='lat' dir='ltr'><strong>infirmitati,</strong></span> <span class='ocrx_word' id='word_1_569' title='bbox 866 5007 1314 5088; x_wconf 60' lang='lat' dir='ltr'><strong>taliS‘apparet</strong></span> <span class='ocrx_word' id='word_1_570' title='bbox 1374 5008 1685 5087; x_wconf 83' lang='lat' dir='ltr'><strong>mysticus</strong></span> <span class='ocrx_word' id='word_1_571' title='bbox 1725 5007 1934 5082; x_wconf 86' lang='lat' dir='ltr'><strong>cibus,</strong></span> <span class='ocrx_word' id='word_1_572' title='bbox 1980 5007 2281 5087; x_wconf 89' lang='lat' dir='ltr'><strong>qualibus</strong></span> <span class='ocrx_word' id='word_1_573' title='bbox 2309 5006 2555 5085; x_wconf 89' lang='lat' dir='ltr'><strong>alioqui</strong></span> <span class='ocrx_word' id='word_1_574' title='bbox 2588 5006 2831 5068; x_wconf 88' lang='lat' dir='ltr'><strong>assueti</strong></span> <span class='ocrx_word' id='word_1_575' title='bbox 2869 5021 3123 5066; x_wconf 90' lang='lat' dir='ltr'><strong>sumus.</strong></span> <span class='ocrx_word' id='word_1_576' title='bbox 3171 5002 3300 5063; x_wconf 87' lang='lat' dir='ltr'><strong>Pro</strong></span> <span class='ocrx_word' id='word_1_577' title='bbox 3339 5004 3560 5064; x_wconf 88' lang='lat' dir='ltr'><strong>mundi</strong></span> <span class='ocrx_word' id='word_1_578' title='bbox 3586 5023 3705 5063; x_wconf 88' lang='lat' dir='ltr'><strong>au-</strong></span> 
     </span>
    </p>
   </div>
   <div class='ocr_carea' id='block_1_50' title="bbox 447 5100 3700 5175">
    <p class='ocr_par' dir='ltr' id='par_1_50' title="bbox 447 5100 3700 5175">
     <span class='ocr_line' id='line_1_50' title="bbox 447 5100 3700 5175; baseline -0.001 -13"><span class='ocrx_word' id='word_1_579' title='bbox 447 5112 563 5162; x_wconf 87' lang='lat' dir='ltr'><strong>tem</strong></span> <span class='ocrx_word' id='word_1_580' title='bbox 592 5102 725 5164; x_wconf 90' lang='lat' dir='ltr'><strong>vita</strong></span> <span class='ocrx_word' id='word_1_581' title='bbox 763 5122 1011 5171; x_wconf 85' lang='lat' dir='ltr'><strong>carnem</strong></span> <span class='ocrx_word' id='word_1_582' title='bbox 1038 5122 1216 5169; x_wconf 86' lang='lat' dir='ltr'><strong>suam</strong></span> <span class='ocrx_word' id='word_1_583' title='bbox 1250 5112 1304 5165; x_wconf 86' lang='lat' dir='ltr'><strong>et</strong></span> <span class='ocrx_word' id='word_1_584' title='bbox 1357 5114 1616 5175; x_wconf 85' lang='lat' dir='ltr'><strong>mortem</strong></span> <span class='ocrx_word' id='word_1_585' title='bbox 1654 5103 1985 5170; x_wconf 62' lang='lat' dir='ltr'><strong>deditaEt</strong></span> <span class='ocrx_word' id='word_1_586' title='bbox 2024 5104 2190 5168; x_wconf 83' lang='lat' dir='ltr'><strong>infra</strong></span> <span class='ocrx_word' id='word_1_587' title='bbox 2231 5126 2247 5168; x_wconf 91' lang='lat'><strong>:</strong></span> <span class='ocrx_word' id='word_1_588' title='bbox 2305 5127 2332 5160; x_wconf 73' lang='grc' dir='ltr'><strong>α</strong></span> <span class='ocrx_word' id='word_1_589' title='bbox 2366 5103 2570 5166; x_wconf 61' lang='lat' dir='ltr'><strong>Judaei</strong></span> <span class='ocrx_word' id='word_1_590' title='bbox 2620 5119 2767 5164; x_wconf 90' lang='lat' dir='ltr'><strong>cum</strong></span> <span class='ocrx_word' id='word_1_591' title='bbox 2805 5101 3141 5163; x_wconf 86' lang='lat' dir='ltr'><strong>audissent</strong></span> <span class='ocrx_word' id='word_1_592' title='bbox 3202 5100 3274 5161; x_wconf 87' lang='lat' dir='ltr'><strong>de</strong></span> <span class='ocrx_word' id='word_1_593' title='bbox 3334 5118 3439 5160; x_wconf 88' lang='lat' dir='ltr'><strong>esu</strong></span> <span class='ocrx_word' id='word_1_594' title='bbox 3489 5102 3700 5162; x_wconf 88' lang='lat' dir='ltr'><strong>carnis</strong></span> 
     </span>
    </p>
   </div>
   <div class='ocr_carea' id='block_1_51' title="bbox 447 5196 3699 5282">
    <p class='ocr_par' dir='ltr' id='par_1_51' title="bbox 447 5196 3699 5282">
     <span class='ocr_line' id='line_1_51' title="bbox 447 5196 3699 5282; baseline 0 -25"><span class='ocrx_word' id='word_1_595' title='bbox 447 5196 649 5273; x_wconf 83' lang='lat' dir='ltr'><strong>illius,</strong></span> <span class='ocrx_word' id='word_1_596' title='bbox 679 5198 1102 5269; x_wconf 77' lang='lat' dir='ltr'><strong>discedunt...</strong></span> <span class='ocrx_word' id='word_1_597' title='bbox 1130 5201 1275 5280; x_wconf 85' lang='lat' dir='ltr'><strong>Ipse</strong></span> <span class='ocrx_word' id='word_1_598' title='bbox 1322 5203 1548 5265; x_wconf 78' lang='lat' dir='ltr'><strong>volens</strong></span> <span class='ocrx_word' id='word_1_599' title='bbox 1581 5202 1700 5270; x_wconf 88' lang='lat' dir='ltr'><strong>hoc</strong></span> <span class='ocrx_word' id='word_1_600' title='bbox 1741 5204 2112 5277; x_wconf 88' lang='lat' dir='ltr'><strong>ostendere,</strong></span> <span class='ocrx_word' id='word_1_601' title='bbox 2145 5199 2311 5282; x_wconf 87' lang='lat' dir='ltr'><strong>quod</strong></span> <span class='ocrx_word' id='word_1_602' title='bbox 2332 5218 2459 5261; x_wconf 85' lang='lat' dir='ltr'><strong>non</strong></span> <span class='ocrx_word' id='word_1_603' title='bbox 2477 5201 2560 5263; x_wconf 87' lang='lat' dir='ltr'><strong>sit</strong></span> <span class='ocrx_word' id='word_1_604' title='bbox 2623 5198 3029 5278; x_wconf 86' lang='lat' dir='ltr'><strong>impossibile,</strong></span> <span class='ocrx_word' id='word_1_605' title='bbox 3070 5197 3181 5259; x_wconf 81' lang='lat' dir='ltr'><strong>sed</strong></span> <span class='ocrx_word' id='word_1_606' title='bbox 3257 5198 3449 5260; x_wconf 89' lang='lat' dir='ltr'><strong>etiam</strong></span> <span class='ocrx_word' id='word_1_607' title='bbox 3516 5197 3699 5259; x_wconf 83' lang='lat' dir='ltr'><strong>valde</strong></span> 
     </span>
    </p>
   </div>
   <div class='ocr_carea' id='block_1_52' title="bbox 447 5292 3699 5379">
    <p class='ocr_par' dir='ltr' id='par_1_52' title="bbox 447 5292 3699 5379">
     <span class='ocr_line' id='line_1_52' title="bbox 447 5292 3699 5379; baseline -0.001 -23"><span class='ocrx_word' id='word_1_608' title='bbox 447 5295 911 5371; x_wconf 86' lang='lat' dir='ltr'><strong>necessarium,</strong></span> <span class='ocrx_word' id='word_1_609' title='bbox 952 5296 1086 5361; x_wconf 85' lang='lat' dir='ltr'><strong>ait:</strong></span> <span class='ocrx_word' id='word_1_610' title='bbox 1134 5298 1281 5367; x_wconf 83' lang='lat' dir='ltr'><strong>Non</strong></span> <span class='ocrx_word' id='word_1_611' title='bbox 1296 5308 1504 5379; x_wconf 88' lang='lat' dir='ltr'><strong>potest</strong></span> <span class='ocrx_word' id='word_1_612' title='bbox 1524 5299 1713 5363; x_wconf 89' lang='lat' dir='ltr'><strong>aliter</strong></span> <span class='ocrx_word' id='word_1_613' title='bbox 1743 5302 1963 5364; x_wconf 80' lang='lat' dir='ltr'><strong>haberi</strong></span> <span class='ocrx_word' id='word_1_614' title='bbox 1995 5302 2149 5375; x_wconf 82' lang='lat' dir='ltr'><strong>vita,</strong></span> <span class='ocrx_word' id='word_1_615' title='bbox 2183 5300 2309 5361; x_wconf 86' lang='lat' dir='ltr'><strong>nisi</strong></span> <span class='ocrx_word' id='word_1_616' title='bbox 2338 5315 2534 5359; x_wconf 85' lang='lat' dir='ltr'><strong>meam</strong></span> <span class='ocrx_word' id='word_1_617' title='bbox 2595 5314 2842 5358; x_wconf 87' lang='lat' dir='ltr'><strong>carnem</strong></span> <span class='ocrx_word' id='word_1_618' title='bbox 2871 5292 3281 5356; x_wconf 86' lang='lat' dir='ltr'><strong>comedatis...</strong></span> <span class='ocrx_word' id='word_1_619' title='bbox 3330 5295 3470 5355; x_wconf 80' lang='lat' dir='ltr'><strong>Non</strong></span> <span class='ocrx_word' id='word_1_620' title='bbox 3528 5294 3699 5354; x_wconf 88' lang='lat' dir='ltr'><strong>enim</strong></span> 
     </span>
    </p>
   </div>
   <div class='ocr_carea' id='block_1_53' title="bbox 445 5389 3695 5477">
    <p class='ocr_par' dir='ltr' id='par_1_53' title="bbox 445 5389 3695 5477">
     <span class='ocr_line' id='line_1_53' title="bbox 445 5389 3695 5477; baseline -0 -25"><span class='ocrx_word' id='word_1_621' title='bbox 445 5389 601 5455; x_wconf 90' lang='lat' dir='ltr'><strong>nudi</strong></span> <span class='ocrx_word' id='word_1_622' title='bbox 620 5391 888 5457; x_wconf 81' lang='lat' dir='ltr'><strong>hominis</strong></span> <span class='ocrx_word' id='word_1_623' title='bbox 922 5411 1069 5463; x_wconf 87' lang='lat' dir='ltr'><strong>caro</strong></span> <span class='ocrx_word' id='word_1_624' title='bbox 1098 5400 1218 5468; x_wconf 88' lang='lat' dir='ltr'><strong>est,</strong></span> <span class='ocrx_word' id='word_1_625' title='bbox 1253 5412 1398 5477; x_wconf 81' lang='lat' dir='ltr'><strong>qute</strong></span> <span class='ocrx_word' id='word_1_626' title='bbox 1438 5398 1857 5462; x_wconf 87' lang='lat' dir='ltr'><strong>manducatur</strong></span> <span class='ocrx_word' id='word_1_627' title='bbox 1894 5420 1910 5458; x_wconf 86' lang='lat'><strong><em>:</em></strong></span> <span class='ocrx_word' id='word_1_628' title='bbox 1980 5398 2096 5460; x_wconf 89' lang='lat' dir='ltr'><strong>sed</strong></span> <span class='ocrx_word' id='word_1_629' title='bbox 2132 5396 2273 5469; x_wconf 91' lang='lat' dir='ltr'><strong>Dei,</strong></span> <span class='ocrx_word' id='word_1_630' title='bbox 2302 5404 2365 5457; x_wconf 90' lang='lat' dir='ltr'><strong>et</strong></span> <span class='ocrx_word' id='word_1_631' title='bbox 2423 5412 2556 5477; x_wconf 71' lang='lat' dir='ltr'><strong>quas</strong></span> <span class='ocrx_word' id='word_1_632' title='bbox 2586 5393 2874 5473; x_wconf 82' lang='lat' dir='ltr'><strong>deiﬁcare</strong></span> <span class='ocrx_word' id='word_1_633' title='bbox 2903 5390 3094 5464; x_wconf 88' lang='lat' dir='ltr'><strong>valet,</strong></span> <span class='ocrx_word' id='word_1_634' title='bbox 3144 5399 3371 5467; x_wconf 86' lang='lat' dir='ltr'><strong>utpote</strong></span> <span class='ocrx_word' id='word_1_635' title='bbox 3404 5398 3695 5454; x_wconf 80' lang='lat' dir='ltr'><strong>contem-</strong></span> 
     </span>
    </p>
   </div>
   <div class='ocr_carea' id='block_1_54' title="bbox 450 5485 3695 5571">
    <p class='ocr_par' dir='ltr' id='par_1_54' title="bbox 450 5485 3695 5571">
     <span class='ocr_line' id='line_1_54' title="bbox 450 5485 3695 5571; baseline -0.001 -21"><span class='ocrx_word' id='word_1_636' title='bbox 450 5498 661 5569; x_wconf 88' lang='lat' dir='ltr'><strong>perata</strong></span> <span class='ocrx_word' id='word_1_637' title='bbox 691 5491 989 5559; x_wconf 88' lang='lat' dir='ltr'><strong>deitati...</strong></span> <span class='ocrx_word' id='word_1_638' title='bbox 1020 5493 1261 5559; x_wconf 83' lang='lat' dir='ltr'><strong>Iterum</strong></span> <span class='ocrx_word' id='word_1_639' title='bbox 1287 5493 1446 5567; x_wconf 81' lang='lat' dir='ltr'><strong>nudi</strong></span> <span class='ocrx_word' id='word_1_640' title='bbox 1474 5495 1744 5561; x_wconf 79' lang='lat' dir='ltr'><strong>hominis</strong></span> <span class='ocrx_word' id='word_1_641' title='bbox 1773 5511 1919 5558; x_wconf 89' lang='lat' dir='ltr'><strong>caro</strong></span> <span class='ocrx_word' id='word_1_642' title='bbox 1947 5490 2110 5556; x_wconf 86' lang='lat' dir='ltr'><strong>nihil</strong></span> <span class='ocrx_word' id='word_1_643' title='bbox 2147 5491 2454 5571; x_wconf 88' lang='lat' dir='ltr'><strong>prodesse</strong></span> <span class='ocrx_word' id='word_1_644' title='bbox 2501 5497 2710 5571; x_wconf 83' lang='lat' dir='ltr'><strong>potest</strong></span> <span class='ocrx_word' id='word_1_645' title='bbox 2751 5508 2765 5547; x_wconf 91' lang='lat'><strong>:</strong></span> <span class='ocrx_word' id='word_1_646' title='bbox 2806 5490 2918 5552; x_wconf 91' lang='lat' dir='ltr'><strong>sed</strong></span> <span class='ocrx_word' id='word_1_647' title='bbox 2948 5489 3103 5569; x_wconf 85' lang='lat' dir='ltr'><strong>quia</strong></span> <span class='ocrx_word' id='word_1_648' title='bbox 3127 5491 3295 5551; x_wconf 90' lang='lat' dir='ltr'><strong>Deus</strong></span> <span class='ocrx_word' id='word_1_649' title='bbox 3330 5486 3543 5549; x_wconf 89' lang='lat' dir='ltr'><strong>univit</strong></span> <span class='ocrx_word' id='word_1_650' title='bbox 3569 5485 3695 5547; x_wconf 92' lang='lat' dir='ltr'><strong>sibi</strong></span> 
     </span>
    </p>
   </div>
   <div class='ocr_carea' id='block_1_55' title="bbox 447 5589 2920 5668">
    <p class='ocr_par' dir='ltr' id='par_1_55' title="bbox 447 5589 2920 5668">
     <span class='ocr_line' id='line_1_55' title="bbox 447 5589 2920 5668; baseline 0.003 -21"><span class='ocrx_word' id='word_1_651' title='bbox 447 5604 701 5657; x_wconf 68' lang='lat' dir='ltr'><strong>carnem</strong></span> <span class='ocrx_word' id='word_1_652' title='bbox 737 5590 1093 5655; x_wconf 86' lang='lat' dir='ltr'><strong>secundum</strong></span> <span class='ocrx_word' id='word_1_653' title='bbox 1128 5589 1524 5661; x_wconf 78' lang='lat' dir='ltr'><strong>ineﬂabilem</strong></span> <span class='ocrx_word' id='word_1_654' title='bbox 1567 5590 2246 5668; x_wconf 88' lang='lat' dir='ltr'><strong>contemperationem,</strong></span> <span class='ocrx_word' id='word_1_655' title='bbox 2274 5592 2525 5657; x_wconf 80' lang='lat' dir='ltr'><strong>vivifica</strong></span> <span class='ocrx_word' id='word_1_656' title='bbox 2559 5598 2653 5654; x_wconf 91' lang='lat' dir='ltr'><strong>est</strong></span> <span class='ocrx_word' id='word_1_657' title='bbox 2683 5606 2849 5654; x_wconf 92' lang='lat' dir='ltr'><strong>caro.</strong></span> <span class='ocrx_word' id='word_1_658' title='bbox 2890 5613 2920 5647; x_wconf 83' lang='lat'><strong>»</strong></span> 
     </span>
    </p>
   </div>
   <div class='ocr_carea' id='block_1_56' title="bbox 527 5683 3700 5767">
    <p class='ocr_par' dir='ltr' id='par_1_56' title="bbox 527 5683 3700 5767">
     <span class='ocr_line' id='line_1_56' title="bbox 527 5683 3700 5767; baseline -0.001 -19"><span class='ocrx_word' id='word_1_659' title='bbox 527 5688 801 5751; x_wconf 84' lang='lat' dir='ltr'><strong>Sensum</strong></span> <span class='ocrx_word' id='word_1_660' title='bbox 832 5686 1136 5764; x_wconf 83' lang='lat' dir='ltr'><strong>exprimit</strong></span> <span class='ocrx_word' id='word_1_661' title='bbox 1167 5687 1567 5766; x_wconf 85' lang='lat' dir='ltr'><strong>ipsissimum</strong></span> <span class='ocrx_word' id='word_1_662' title='bbox 1603 5685 1992 5767; x_wconf 85' lang='lat' dir='ltr'><strong>Euthymius</strong></span> <span class='ocrx_word' id='word_1_663' title='bbox 2024 5689 2093 5751; x_wconf 84' lang='lat' dir='ltr'><strong>in</strong></span> <span class='ocrx_word' id='word_1_664' title='bbox 2126 5691 2493 5755; x_wconf 70' lang='lat' dir='ltr'><strong>Matthaaum</strong></span> <span class='ocrx_word' id='word_1_665' title='bbox 2525 5712 2538 5752; x_wconf 89' lang='lat'>:</span> <span class='ocrx_word' id='word_1_666' title='bbox 2574 5685 3097 5766; x_wconf 82' lang='lat' dir='ltr'><strong>Quemadmodum</strong></span> <span class='ocrx_word' id='word_1_667' title='bbox 3114 5683 3700 5766; x_wconf 86' lang='lat' dir='ltr'><strong>supernaturaliter</strong></span> 
     </span>
    </p>
   </div>
   <div class='ocr_carea' id='block_1_57' title="bbox 447 5782 3694 5869">
    <p class='ocr_par' dir='ltr' id='par_1_57' title="bbox 447 5782 3694 5869">
     <span class='ocr_line' id='line_1_57' title="bbox 447 5782 3694 5869; baseline 0.002 -31"><span class='ocrx_word' id='word_1_668' title='bbox 447 5791 823 5860; x_wconf 61' lang='lat' dir='ltr'><strong>arsumptam</strong></span> <span class='ocrx_word' id='word_1_669' title='bbox 844 5784 1105 5847; x_wconf 84' lang='lat' dir='ltr'><strong>carnem</strong></span> <span class='ocrx_word' id='word_1_670' title='bbox 1134 5782 1447 5864; x_wconf 78' lang='lat' dir='ltr'><strong>deiﬁcavit</strong></span> <span class='ocrx_word' id='word_1_671' title='bbox 1478 5802 1497 5842; x_wconf 88' lang='lat'><strong><em>:</em></strong></span> <span class='ocrx_word' id='word_1_672' title='bbox 1534 5793 1589 5846; x_wconf 90' lang='lat' dir='ltr'><strong>et</strong></span> <span class='ocrx_word' id='word_1_673' title='bbox 1620 5783 1744 5846; x_wconf 81' lang='lat' dir='ltr'><strong>htec</strong></span> <span class='ocrx_word' id='word_1_674' title='bbox 1770 5783 2024 5864; x_wconf 85' lang='lat' dir='ltr'><strong>(panem</strong></span> <span class='ocrx_word' id='word_1_675' title='bbox 2061 5793 2121 5850; x_wconf 86' lang='lat' dir='ltr'><strong>et</strong></span> <span class='ocrx_word' id='word_1_676' title='bbox 2165 5784 2409 5869; x_wconf 80' lang='lat' dir='ltr'><strong>vinum)</strong></span> <span class='ocrx_word' id='word_1_677' title='bbox 2469 5794 2846 5850; x_wconf 83' lang='lat' dir='ltr'><strong>transmutat</strong></span> <span class='ocrx_word' id='word_1_678' title='bbox 2871 5786 2937 5850; x_wconf 88' lang='lat' dir='ltr'><strong>in</strong></span> <span class='ocrx_word' id='word_1_679' title='bbox 2976 5783 3182 5865; x_wconf 81' lang='lat' dir='ltr'><strong>ipsum</strong></span> <span class='ocrx_word' id='word_1_680' title='bbox 3207 5783 3517 5865; x_wconf 80' lang='lat' dir='ltr'><strong>viviﬁeum</strong></span> <span class='ocrx_word' id='word_1_681' title='bbox 3548 5798 3694 5844; x_wconf 88' lang='lat' dir='ltr'><strong>cor-</strong></span> 
     </span>
    </p>
   </div>
  </div>
