4058 6470
353 374 451 446 m
1196 383 1294 447 DE
1333 382 1866 445 THEOPHYACTI
1908 381 2179 444 GESTIS
2212 383 2308 443 ET
2347 383 2713 445 SCR‘IPTIS.
3505 368 3619 453 11s-

345 506 486 569 pus,
520 498 578 553 et
611 491 679 555 in
710 493 912 572 ipsum
941 494 1288 571 pretiosum
1317 495 1707 574 sanguinem,
1787 503 1843 556 et
1884 495 1955 556 in
2009 492 2279 571 gratiam
2309 493 2617 574 ipsorum.
2650 495 2863 572 Nugas
2938 469 3205 575 aliquot
3248 494 3406 558 alias
3491 497 3606 574 api

348 586 528 664 ponit
600 588 1066 668 nugacissimas
1120 591 1408 653 Joannes
1493 591 1829 664 Claudius,
1868 606 2029 669 quas
2055 589 2312 671 egregie
2345 590 2582 653 refellit
2635 589 2952 653 Arnaldus
2989 593 3254 667 tomoll,
3290 591 3453 657 libro
3522 610 3619 654 1w

348 684 556 760 capite
588 686 648 748 5.
2728 692 2741 698 -

1868 869 2071 931 XXIV.

343 1021 914 1111 OEQIainpadiurn
950 1041 1208 1111 accusat
1283 1030 1657 1111 Possevinus
1695 1032 1767 1093 de
1797 1031 2487 1111 locisdepravatis,ubi
2504 1030 2847 1111 primatum
2876 1031 3083 1091 sancti
3112 1028 3287 1111 Petri
3318 1026 3611 1111 tradebat

447 1107 978 1189 Iheophylactus.
1032 1110 1306 1188 Egregia
1346 1109 1541 1189 plura
1586 1122 1838 1172 exstant
1876 1106 2258 1173 testimonia.
2299 1106 2645 1186 Philippus
2677 1109 2997 1170 Mornaaus
3031 1110 3385 1189 refutatur:
3417 1106 3614 1189 Locus

436 1183 1188 1269 ejusdem—Theophyla'cti
1202 1183 1589 1267 Expenditur
1605 1192 1671 1249 in
1694 1192 1963 1269 epistola
1979 1189 2059 1250 ad
2086 1188 2416 1269 Nicolaum
2438 1183 2768 1249 diaconum
2792 1198 2855 1269 _et
2886 1183 3319 1251 constrisium.
3338 1187 3616 1247 Pithoeus

428 1262 1219 1349 emendatur._Cltr_ii_tia_nis
1242 1262 1375 1349 non
1415 1269 1584 1345 eripi
1602 1262 2290 1349 Micheewﬁprophetiam
2322 1268 2652 1330 adversum
2680 1266 2956 1341 Judteos,
2975 1277 3045 1328 ut
3076 1283 3407 1346 perperam
3436 1272 3618 1324 nota-

427 1342 519 1403 uit
550 1341 782 1404 Petrus
809 1343 1028 1406 Daniel
1060 1346 1353 1407 Huetius.

428 1483 529 1549 95.
562 1486 871 1561 Quaenam
920 1486 1121 1550 fuerit
1153 1493 1470 1555 sententia
1546 1495 1593 1554 Τ
1600 1492 2009 1572 heOphylacti
2071 1491 2143 1553 de
2229 1492 2507 1571 primatu
2561 1491 2766 1552 sancti
2822 1489 3001 1551 Petri
3046 1488 3216 1550 inter
3270 1483 3618 1568 apostolos,

343 1582 575 1657 paucis
618 1583 1123 1661 expendendum
1157 1594 1276 1647 est.
1310 1589 1635 1650 Antonius
1689 1589 2083 1651 Pnssevinus
2155 1590 2220 1650 in
2254 1588 2590 1669 Apparatu
2621 1604 2803 1648 sacro
2838 1593 3011 1648 tomo
3070 1585 3151 1660 II,
3185 1583 3513 1654 admonet,
3548 1582 3615 1669 in

339 1659 847 1773 Commentariis
881 1679 1347 1762 TheOphyiacti
1370 1683 1636 1765 falsatos
1657 1688 1851 1766 fuisse
1873 1686 1947 1747 ab
2006 1686 2092 1747 eis
2123 1659 2657 1765 (OEcplampadio
2689 1690 2749 1745 et
2778 1683 3093 1745 Lonicero
3122 1659 3627 1773 interpretibus).

341 1769 545 1845 locos,
578 1775 688 1854 qui
720 1774 803 1835 ad
825 1784 1197 1855 potestatem
1218 1784 1784 1863 summipontiﬁcis
1820 1793 2126 1863 spectant.
2188 1781 2496 1846 Criminis
2548 1781 2843 1861 hujusce,
2893 1780 3235 1843 adnotante
3297 1774 3614 1849 Simonio,

340 1868 785 1935 heterodoxos
817 1873 967 1938 illos
1006 1875 1394 1955 interpretes
1431 1896 1558 1941 non
1594 1889 1849 1942 accusat
1886 1881 2225 1960 Philippus
2259 1882 2631 1955 Montanus,
2666 1879 2779 1958 qui
2845 1879 3057 1941 solum
3124 1877 3213 1941 ait
3251 1876 3319 1939 in
3390 1872 3617 1938 Praefa-

341 1967 535 2029 tione
565 1969 643 2029 ad
669 1968 1179 2036 Commentarios
1219 1974 1280 2035 in
1334 1976 1699 2054 Evangelia,
1756 1978 1984 2040 menda
2043 1974 2320 2054 plurima
2356 1976 2421 2038 in
2464 1975 2659 2037 editis
2705 1990 3071 2047 occurrere,
3132 1992 3265 2054 qua:
3320 1970 3620 2034 scribwne

339 2068 462 2121 aut
497 2063 917 2142 typographo,
974 2082 1059 2126 an
1125 2067 1469 2146 interpreti
1519 2068 2069 2151 (OEcolampadio)
2120 2070 2420 2135 mutilove
2476 2070 2681 2134 codici
2743 2070 3116 2152 imputanda
3162 2070 3314 2143 sint,
3347 2068 3623 2129 aliorum

344 2156 843 2236 estojudicium.
866 2162 939 2221 Et
971 2161 1036 2223 in
1075 2161 1448 2240 praefatione
1498 2166 1570 2226 ad
1637 2166 1958 2243 Epistolas
2031 2168 2254 2231 Pauli:
2294 2168 2391 2228 Ea
2445 2168 2872 2248 potissimum,
2935 2165 3174 2247 inquit,
3244 2165 3621 2226 mutavimus

341 2252 451 2328 [in
485 2254 783 2316 Loniceri
823 2258 1146 2335 versione}
1205 2278 1339 2338 qua:
1371 2260 1826 2340 Theophylaeti
1855 2273 2121 2325 mentem
2151 2276 2260 2327 aut
2288 2278 2417 2327 non
2447 2265 2700 2344 assequi
2743 2263 3132 2335 viderentur,
3159 2270 3271 2323 aut
3298 2280 3425 2322 non
3465 2259 3621 2321 satis

346 2349 779 2428 explicarent.
809 2351 908 2413 Ad
927 2356 1075 2425 lucc,
1117 2357 1398 2434 margini
1426 2356 1643 2419 multis
1697 2359 1765 2418 in
1810 2359 1964 2420 locis
2015 2362 2292 2440 quaedam
2346 2359 2728 2433 addidimus,
2755 2359 2890 2421 sine
2913 2358 3140 2438 quibus
3160 2357 3389 2419 Latina
3416 2354 3629 2437 legens

341 2445 467 2505 vix
496 2462 792 2523 unquam,
831 2448 983 2527 quid
1010 2450 1136 2512 sibi
1180 2453 1328 2513 velit
1363 2455 1864 2533 Theophylactus
1898 2456 2247 2535 intelligere
2283 2468 2465 2537 queat
2498 2479 2519 2519 :
2584 2455 2733 2517 dum
2778 2455 3067 2517 videlicet
3105 2462 3217 2515 aut
3247 2452 3455 2516 Graeci
3482 2470 3620 2513 ser-

342 2542 557 2602 monis
586 2545 828 2605 eariam
854 2548 1116 2625 attingit
1147 2551 1495 2624 lectionem,
1529 2562 1637 2612 aut
1661 2551 1891 2615 Grcrcw
1907 2551 2205 2615 dictionis
2234 2553 2773 2634 compositionem,
2807 2561 2917 2612 aut
2948 2551 3262 2614 diversam
3294 2547 3619 2629 signiﬁca-

348 2639 613 2715 tionem,
646 2641 895 2705 aliudve
930 2644 1267 2724 quidquam
1293 2647 1696 2728 hujusmodi.‘
2366 2681 2387 2695 κ

437 2737 683 2799 Verum
716 2739 1053 2801 enimvero
1108 2756 1236 2802 non
1281 2742 1444 2803 adeo
1513 2742 1709 2804 fuerit
1767 2745 1977 2807 audax
2037 2745 2613 2823 Olicolampadius,
2676 2749 2746 2805 ut
2824 2743 3116 2805 Greecum
3157 2738 3619 2820 Theophylacti

348 2839 607 2896 textum
657 2833 882 2897 volens
944 2837 1121 2900 Latio
1150 2837 1399 2900 dederit
1433 2856 1577 2901 cum
1615 2841 1772 2905 vitio
1805 2842 1916 2903 :in
1966 2859 2043 2905 eo
2099 2851 2308 2905 tamen
2368 2841 2635 2912 lacunae,
2696 2856 2843 2921 quae
2869 2838 2945 2901 ad
2976 2844 3164 2918 caput
3190 2854 3299 2899 xx:
3352 2834 3621 2898 Joannis

355 2948 421 2991 v.
455 2932 512 3004 1,
543 2930 608 2993 in
643 2929 786 3011 ejus
831 2925 1053 2995 codice
1098 2933 1375 3011 patebat,
1414 2936 1898 3015 supplemento,
1924 2928 2267 3018 primatum
2310 2938 2514 3011 Petri,
2574 2937 2652 3000 de
2702 2951 2833 3018 quo
2880 2934 3205 2998 disserere
3263 2931 3637 3013 oportebat,

350 3026 667 3091 intactum
727 3031 1150 3109 praetermittit
1199 3048 1215 3091 :
1258 3032 1385 3093 imo
1423 3050 1493 3095 ea
1527 3034 1808 3108 disserit,
1866 3055 2009 3116 qute
2043 3041 2433 3114 repugnant.
2470 3034 2674 3096 Verba
2718 3039 2872 3096 sunt
2909 3053 2922 3091 :
2960 3053 2990 3088 α
3021 3033 3236 3107 Quare
3304 3029 3622 3105 Christus,

356 3127 813 3206 quiscrntator
841 3135 936 3191 est
964 3130 1287 3205 cordium,
1325 3130 1622 3211 nihilque
1662 3137 1934 3212 ignorat,
1973 3133 2372 3211 interrogat?
2415 3130 2672 3212 (Diligis
2726 3148 2844 3206 me,
2891 3147 3063 3191 amas
3111 3124 3272 3208 me?)
3305 3127 3445 3188 Non
3501 3124 3622 3189 hoc

352 3222 508 3286 facit
542 3231 612 3288 ut
648 3226 869 3301 discat,
908 3227 1075 3289 sicut
1107 3244 1227 3290 nos
1263 3249 1279 3290 :
1311 3228 1422 3290 sed
1476 3237 1545 3290 ut
1578 3230 1823 3307 doceat,
1857 3240 1917 3293 et
1951 3228 2317 3292 manifestet
2360 3228 2634 3289 aliorum
2669 3226 2880 3289 ﬁdem.
2923 3226 3100 3287 Sicut
3132 3229 3196 3287 et
3250 3238 3395 3285 cum
3421 3222 3624 3286 inter-

363 3328 542 3399 rogat
589 3338 607 3378 :
642 3320 836 3398 Quem
866 3321 1089 3385 dicunt
1137 3324 1417 3387 homines
1457 3343 1583 3386 esse
1614 3326 1850 3388 Filium
1889 3327 2207 3389 hominis?
2240 3341 2430 3405 quam
2465 3324 2653 3386 ﬁdem
2722 3320 3336 3400 confessionemque
3366 3337 3400 3381 a
3437 3316 3624 3380 nobis

300 3484 319 3492 ε
357 3416 665 3496 requirit,
720 3417 984 3482 indicat.
1028 3421 1117 3482 Ita
1157 3419 1263 3483 hic
1299 3419 1569 3482 daturus
1600 3423 1740 3484 orbi
1767 3425 2104 3503 magistros
2131 3443 2203 3485 ac
2246 3424 2558 3497 doctores,
2598 3421 2824 3503 quales
2866 3419 3013 3483 illos
3058 3436 3201 3482 esse
3237 3416 3415 3493 velit,
3446 3424 3625 3480 terna

362 3512 865 3593 interrogatione
896 3515 1060 3578 bene
1091 3516 1392 3581 inculcat.
1427 3519 1502 3580 Et
1539 3520 1792 3581 videtur
1839 3521 2019 3593 mihi,
2094 3541 2301 3584 amare
2336 3522 2679 3594 Christum,
2732 3529 2795 3582 et
2845 3536 2920 3582 ea
2977 3532 3121 3598 qure
3178 3514 3414 3579 Christi
3475 3525 3627 3579 sunt

360 3611 616 3685 sectari,
637 3618 821 3676 antea
840 3613 1158 3678 insinuari
1178 3618 1427 3694 [LVIII]
1450 3634 1564 3696 per
1590 3616 1967 3681 missionem
1989 3621 2142 3683 retis
2171 3619 2234 3681 in
2261 3636 2430 3682 mare
2454 3635 2751 3698 :pascere
2775 3623 3017 3689 autem,
3041 3612 3647 3695 perinventionem.

362 3716 424 3769 et
459 3717 809 3787 capturam.
856 3710 1119 3774 Interim
1155 3714 1435 3788 Petrum,
1475 3714 1587 3794 qui
1652 3732 1777 3794 prm
1818 3715 1964 3778 aliis
2015 3716 2374 3797 crediderat
2441 3713 2838 3795 majorisque
2889 3717 3059 3775 esset
3098 3708 3393 3779 fervoris,
3431 3716 3490 3771 et
3522 3708 3624 3769 di-

363 3821 533 3882 gnus
624 3806 736 3868 cui
814 3807 1093 3887 amplius
1180 3811 1601 3873 concredatur
1675 3811 2146 3884 ministerium,
2209 3810 2768 3891 eomprobaturus,
2856 3817 2956 3871 ter
3030 3805 3293 3887 proprio
3362 3803 3627 3868 nomine

364 3910 573 3979 meat,
646 3913 719 3966 ut
774 3923 902 3966 non
952 3905 1199 3969 dubitet
1236 3910 1500 3971 remissa
1553 3909 1677 3971 sibi
1724 3917 2009 3989 peccata.
2044 3930 2074 3965 »
2123 3909 2270 3969 Haec
2327 3906 2439 3969 ille
2489 3913 2552 3969 et
2609 3904 2735 3969 alia
2788 3921 2933 3986 quae
2985 3919 3269 3967 consona
3331 3917 3627 3983 sequun-

364 4006 497 4063 tur.

444 4096 545 4160 96.
583 4096 785 4171 Quam
819 4097 1049 4161 dissita
1111 4114 1262 4161 vero
1310 4107 1488 4173 sunt,
1549 4118 1694 4182 quas
1726 4119 1805 4164 ex
1870 4103 2089 4165 Graeco
2148 4105 2328 4163 textu
2382 4095 2847 4177 TheoPhylacti
2908 4097 3124 4162 Romen
3186 4094 3362 4158 edito
3408 4092 3637 4157 Latino

360 4192 563 4260 vertit
606 4195 989 4257 Montanus!
1026 4218 1056 4252 α
1093 4195 1246 4258 Cum
1279 4197 1636 4276 prandendi
1670 4199 1849 4278 ﬁnem
1876 4201 1962 4279 fec

2032 4206 2149 4273 set,
2179 4196 2257 4270 τῷ
2286 4194 2480 4267 Πέτρῳ
2511 4193 2612 4267 τὴν
2639 4192 2982 4265 προστασίαν
3026 4191 3137 4247 τῶν
3187 4190 3287 4263 τῆς
3308 4189 3632 4262 οἰκουμένης

366 4290 663 4362 προϐάτων
689 4289 1007 4361 ἐγχειρίζει,
1035 4291 1136 4345 οὐκ
1158 4292 1305 4364 ἄλλῳ
1330 4293 1408 4359 δὲ,
1442 4293 1579 4347 ἀλλὰ
1608 4294 1783 4366 τούτῳ
1801 4295 2001 4366 ταυτὴν
2022 4293 2226 4348 δίδωσι.
2290 4290 2513 4363 Πρῶτον
2538 4290 2658 4361 μὲν,
2689 4289 2771 4344 ὅτι
2802 4289 3016 4344 πάντων
3040 4285 3313 4361 ἔκκριτος,
3344 4289 3437 4342 καὶ
3460 4288 3632 4359 στόμα

363 4378 465 4433 τοῦ
492 4378 657 4449 χοροῦ
691 4380 912 4441 παντός.
947 4380 1166 4442 Totius
1198 4381 1370 4443 orbis
1402 4390 1719 4446 terrarum
1759 4385 1965 4465 prwfet

2029 4401 2199 4446 uram
2260 4383 2444 4445 Petro
2505 4378 2829 4444 commisit
2866 4394 3027 4442 :non
3081 4384 3295 4441 autem
3329 4379 3467 4452 alii,
3519 4380 3631 4441 sed

364 4472 525 4537 huic
554 4474 768 4536 tradit.
805 4474 1090 4537 Primum
1124 4475 1418 4555 quidem,
1455 4478 1607 4557 quia
1657 4493 1882 4541 omnes
1919 4479 2345 4559 praecellebat,
2407 4486 2469 4541 et
2531 4476 2730 4541 totius
2784 4482 2982 4540 cmtus
3028 4490 3102 4539 os
3165 4483 3339 4550 erat;
3392 4476 3634 4540 deinde

365 4570 721 4633 ostendens
786 4569 913 4651 ipsi
964 4572 1261 4635 fiduciam
1323 4590 1467 4636 esse
1525 4575 1930 4648 sumendam,
1984 4575 2329 4655 negatione
2355 4574 2557 4636 veluti
2615 4570 2828 4636 deleta
2879 4578 2942 4634 et
2972 4570 3287 4635 oblivioni
3326 4572 3629 4637 tradita...

369 4670 499 4730 Ter
561 4676 774 4732 autem
844 4669 1391 4757 euminterrogat,
1434 4671 1630 4734 simul
1666 4672 1931 4752 quidem
1964 4672 2321 4746 declarans,
2363 4675 2665 4751 quantam
2705 4667 3105 4731 credentium
3138 4682 3354 4731 curam
3385 4668 3632 4733 habeat:

370 4771 439 4826 et
478 4767 650 4846 quod
687 4784 896 4848 usque
921 4768 1083 4830 adeo
1123 4784 1279 4830 oves
1303 4768 1554 4848 diligat,
1588 4776 1659 4831 ut
1690 4768 2055 4833 dilectionis
2089 4785 2238 4849 erga
2267 4786 2331 4831 se
2359 4767 2478 4830 hoc
2517 4771 2712 4845 ponat
2744 4762 3088 4839 indicium,
3123 4764 3648 4827 sioviumcuram

369 4867 704 4946 suscipiat.
738 4887 767 4922 ιο

456 4962 725 5040 Egregia
786 4979 899 5041 pro
944 4963 1146 5024 sancti
1205 4961 1370 5023 Petri
1400 4964 1704 5040 primatu,
1733 4980 1851 5026 seu
1892 4964 2086 5025 totius
2112 4962 2285 5024 orbis
2341 4961 2549 5022 ovium
2580 4958 2982 5038 pra/cetum,
3050 4957 3391 5020 sententia.
3456 4958 3635 5021 Paria

376 5068 549 5133 sunt,
617 5076 762 5139 quas
795 5066 1201 5139 sequuntur:
1244 5058 1611 5130 Ἐνεγχειριζε
1670 5061 1770 5129 μὲν
1858 5060 1957 5132 τὴν

2034 5059 2226 5114 πάντων
2295 5055 2403 5111 τῶν
2434 5056 2644 5140 πιστῶν
2710 5053 3072 5126 προστασίαν.
3102 5053 3167 5109 Et
3218 5053 3328 5126 γὰρ
3383 5057 3476 5109 καὶ
3524 5056 3636 5111 τῶν

387 5154 784 5223 Ἰεροσολύμων
819 5158 846 5209 ὁ
888 5155 1153 5218 Ἰάκωϐος
1183 5155 1278 5209 τὸν
1320 5155 1511 5229 θρόνον
1560 5154 1771 5221 ἔλασιν,
1801 5156 1935 5211 ἀλλὰ
1964 5157 2173 5228 Πέτρος
2201 5157 2302 5226 τῆς
2330 5151 2658 5223 οἰκουμένης
2686 5150 2926 5218 ἁπάσης.
3015 5146 3340 5214 Commisit
3394 5153 3639 5231 quidem

376 5249 569 5311 Petro
607 5249 883 5329 fidelium
937 5253 1211 5313 omnium
1234 5255 1701 5334 prtrfecturam.
1744 5253 2041 5329 Quamvis
2067 5254 2228 5315 enim
2253 5251 2530 5313 Iacobus
2549 5248 2753 5310 sedem
2807 5246 3269 5326 Hierosolymis
3298 5253 3634 5329 acceperit,

380 5348 488 5416 sed
517 5349 745 5410 Petrus
779 5350 976 5411 totius
1033 5359 1347 5412 terrarum
1379 5353 1571 5414 orbis.
1613 5354 1689 5413 Et
1733 5350 1896 5413 infra
1931 5369 1946 5409 :
1980 5349 2179 5432 Opas,
2212 5348 2452 5427 inquit,
2496 5344 2662 5427 quod
2682 5343 2799 5407 tibi
2854 5342 3285 5407 concreditum
3313 5354 3426 5420 est,
3479 5364 3631 5425 per-

379 5446 490 5520 ﬁce
544 5468 565 5507 :
623 5457 949 5527 etsequere
1013 5468 1136 5518 me,
1209 5452 1320 5530 qui
1400 5450 1589 5512 educo
1642 5459 1699 5511 te
1763 5447 1845 5511 ad
1911 5466 1981 5528 pr

2039 5447 2445 5519 'dicationem,
2511 5444 2607 5498 καὶ
2647 5442 2750 5513 τὴν
2810 5438 3138 5513 οἰκουμένην
3192 5439 3413 5501 duasut:
3461 5443 3641 5513 ἐγχει-

387 5543 611 5614 ρίξοντι.
673 5554 727 5606 et
762 5554 961 5605 totum
1018 5546 1221 5607 orbem
1281 5547 1348 5608 in
1395 5558 1537 5609 tuas
1582 5565 1802 5607 manus
1842 5544 2070 5612 ,trado.
2112 5541 2300 5606 Illum
2321 5547 2528 5602 autem
2577 5536 2935 5619 (Joannem)
2964 5538 3025 5601 si
3064 5536 3247 5600 uelim
3286 5554 3535 5601 manere
3575 5540 3641 5602 in

385 5652 501 5713 hoc
523 5649 682 5719 loco,
724 5651 988 5713 Galilaza
1036 5653 1302 5724 scilicet,
1333 5663 1391 5715 et
1420 5672 1547 5714 non
1582 5654 1829 5715 mittere
1854 5659 2077 5724 tecum,
2112 5649 2268 5731 quid
2299 5647 2381 5709 ad
2411 5655 2469 5708 te
2494 5647 2525 5707 ἵ

470 5752 631 5811 Num
664 5749 1009 5826 hmrcseos,
1059 5752 1366 5831 primatui
1403 5753 1708 5820 adversae,
1750 5748 1958 5829 ingeri
1983 5746 2275 5825 suspicio
2316 5750 2511 5826 queat
2542 5760 2620 5805 ex
2680 5742 2885 5819 capite
2935 5758 3044 5802 xu
3097 5742 3300 5829 Lucro,
3375 5756 3419 5827 δ’
3467 5756 3634 5799 vers.

396 5842 472 5909 13
503 5845 577 5908 ad
626 5861 795 5909 vers.
826 5846 927 5915 29.
962 5846 1076 5909 ubi
1109 5865 1252 5911 cum
1282 5849 1501 5911 Petrus
1534 5856 1594 5910 et
1645 5846 1879 5911 Paulus
1922 5853 2200 5924 quatuor
2235 5833 2485 5908 vicibus
2528 5859 2563 5905 a
2634 5835 3112 5917 Theophylacto
3174 5836 3647 5910 memorentur,
