3984 6574
424 361 535 433 119
1277 379 1503 443 BERN.
1545 383 1811 446 MABl/E
1848 386 1944 448 DE
1986 387 2271 451 RUBElS
2310 392 2816 455 DlSSERTATIO
2850 416 2878 432 κ
3568 397 3675 464 120

428 499 500 586 ac
530 485 756 586 P_etrus
772 482 928 586 ipse
959 484 1028 548 in
1054 493 1234 551 textu
1267 491 1487 556 Graeco
1520 512 1779 576 semper
1806 500 2005 562 Paulo
2039 506 2421 583 prmpositus
2489 516 2814 583 occurrat;
2868 508 2969 572 bis
3024 509 3224 575 Paulo
3257 512 3535 586 Petrum,
3602 530 3677 577 ac

424 577 527 647 bis
561 581 745 684 P.etro
772 580 1039 684 Paulum
1064 587 1496 665 antepositam
1552 609 1669 654 sua
1714 577 2107 674 expresserit
2155 577 2221 661 in
2289 602 2589 667 versione
2653 577 3245 684 OEcolampadius?
3309 606 3460 669 Mali
3514 577 3681 671 nihil

423 674 733 780 suspicati
780 684 933 739 sunt
973 679 1316 780 Montanus
1341 701 1415 749 ac
1471 688 1678 751 editor
1727 672 2361 775 Parisiensis:quod
2423 705 2726 774 attamen,
2782 700 2839 762 si
2896 672 3072 780 quod
3152 711 3321 765 esset
3378 703 3448 765 in
3505 703 3682 766 hete-

422 770 670 873 rodoxo
707 770 1086 873 interprete,
1130 778 1404 844 innuere
1441 783 1601 846 mihi
1655 786 1871 852 libuit.
1925 770 2236 853 Cmterum
2269 796 2437 859 Petri
2469 770 2813 870 primatum
2889 770 3413 873 luculentissima
3468 800 3681 864 Theo-

418 865 759 975 pbylactus
820 870 1007 935 offert
1048 874 1118 975 in
1157 876 1400 975 eodem
1458 881 1533 944 ad
1589 885 2011 964 Evangelium
2072 891 2259 951 Luem
2310 865 2782 959 Commentario
2823 896 3028 974 capite
3092 914 3244 968 un,
3454 914 3574 975 quo
3621 907 3679 958 te

412 961 888 1073 discipulorum
945 972 1305 1052 principem
1359 976 1550 1047 habeo
1578 1025 1595 1053 ,
1644 992 1976 1061 postquam
2011 995 2234 1063 negato
2271 1007 2361 1047 me
2386 988 2663 1068 fleveris,
2726 1002 2780 1052 et
2806 961 3371 1073 ad'paenitentiam
3402 995 3673 1065 veneris,

418 1060 719 1139 conﬁrma
756 1072 1034 1168 eceterae.
1063 1067 1235 1168 _Hoc
1274 1072 1436 1132 enim
1486 1082 1544 1134 te
1598 1076 1767 1138 decet
1787 1092 2102 1168 ,προςήκει
2138 1110 2243 1158 σοι,
2279 1087 2392 1162 qui
2412 1096 2564 1164 post
2620 1106 2713 1148 me
2757 1060 3059 1151 Ecclesia:
3104 1097 3287 1168 petra
3335 1078 3428 1161 es,
3446 1096 3505 1150 et
3559 1089 3673 1168 ﬁr-

416 1168 830 1265 mamentum.-
867 1161 1715 1265 Ad_aliud‘argumentum
1760 1157 2164 1241 diﬂicu'ltates
2213 1157 2560 1258 pertinent,
2614 1201 2777 1262 quas
2840 1157 3174 1249 Launoius
3233 1157 3498 1265 ingerit,
3559 1157 3678 1248 ad-

412 1255 1161 1358 v‘ersus-nBellarminum
1206 1261 1537 1327 disserens
1589 1268 2006 1346 epistularum
2064 1255 2242 1356 parte
2307 1296 2366 1353 ν,
2403 1255 2681 1358 epistola
2717 1281 2770 1340 ‘2
2796 1281 2874 1343 ad
2910 1282 3262 1344 Antonium
3294 1255 3675 1357 t7arillaum,

413 1364 594 1410 num.
630 1350 709 1412 55
739 1358 800 1415 et
853 1370 1036 1434 seqq.

495 1445 596 1507 97.
661 1448 849 1511 lrrito
901 1459 1087 1554 certe
1132 1462 1278 1554 voto
1338 1458 1803 1540 TheOphylacti
1878 1468 2065 1532 verba
2132 1471 2448 1550 objiceres
2508 1473 2585 1535 ad
2648 1483 2839 1554 caput
2905 1494 2941 1538 x
3000 1475 3306 1551 Matthmi,
3375 1492 3542 1538 vers.
3616 1477 3676 1537 3.

412 1541 757 1652 Enmqerat
787 1558 1015 1652 autem,
1071 1550 1458 1652 inquientis,
1512 1562 1954 1636 apostolorum
1994 1541 2249 1628 nomina
2270 1578 2543 1647 propter
2566 1541 3138 1651 pseudoapostolos
3171 1592 3190 1632 :
3224 1574 3538 1652 praeponit
3570 1593 3685 1633 au-

416 1646 538 1696 tem
569 1638 831 1747 Iletrum
869 1644 1289 1747 tat-Andream.
1362 1652 1516 1715 Ideo
1549 1671 1852 1735 namque,
1901 1676 2110 1741 eoque
2142 1638 2339 1723 sensu
2385 1638 2723 1728 duosillos
2770 1638 2890 1729 hoc
2933 1668 3074 1732 loco
3129 1638 3505 1747 praepositos
3559 1670 3671 1743 ait,

415 1735 711 1841 quqniam
755 1747 811 1799 et
831 1742 1107 1819 primum
1132 1757 1314 1809 era-nt
1342 1750 1573 1811 vocati.
1608 1735 2128 1832 Temporisot‘do
2163 1768 2281 1836 est,
2321 1778 2447 1823 non
2481 1761 2835 1841 dignitatis.

494 1830 837 1940 Philippus
892 1839 1215 1940 itlornmus
1250 1843 1315 1905 in
1350 1845 1647 1909 Historia
1670 1830 1974 1928 papatus,
2015 1830 2483 1929 smculo'nono,
2524 1830 2738 1935 ipsum
2768 1859 3320 1939 TheOphyiactum
3368 1862 3669 1940 Opponit,

416 1943 610 2006 quem
663 1928 728 1991 in
787 1932 1139 2012 Epistulam
1197 1940 1273 2001 ad
1334 1941 1584 2007 Galatas
1645 1946 1850 2024 capite
1910 1966 1956 2009 ιι
2002 1951 2274 2013 aientem
2340 1928 2590 2016 inducit
2640 1928 2967 2018 :Paulum.
3032 1928 3354 2017 ostendere
3377 1928 3678 2019 se'Petro

411 2024 703 2131 aequalem
737 2046 919 2133 esse.-
947 2032 1304 2098 Lonicerus
1346 2039 1554 2112 vertit,
1588 2060 1651 2102 se
1681 2044 1950 2124 ejusdem
1987 2064 2115 2107 esse
2140 2065 2276 2133 cum
2340 2047 2529 2109 Petro
2585 2053 2784 2131 pretii
2830 2062 2886 2114 et
2946 2053 3229 2114 honoris.
3253 2052 3505 2132 Agitibi
3529 2054 3680 2117 Bul-

413 2122 607 2228 ἕξει-ίῳ
637 2122 1167 2228 arcbiepiscopus
1223 2132 1302 2194 de
1356 2152 1622 2199 munere
1660 2122 2081 2217 apostolatus.
2161 2128 2373 2222 deque
2421 2122 2872 2225 praid'icatione
2922 2150 3093 2228 apud
3156 2122 3461 2212 Hebraeos
3495 2170 3681 2228 pecu-

410 2213 560 2323 liari
620 2218 812 2323 modo
864 2225 1256 2323 commissae
1309 2230 1520 2304 Petro,
1579 2240 1640 2293 et
1701 2213 1885 2312 apud
1961 2249 2184 2315 gentes
2242 2213 2464 2304 liaulo.
2523 2246 2667 2317 Quo
2735 2213 3165 2307 nihilominus
3234 2246 3365 2323 pari
3432 2213 3676 2310 honore

412 2310 619 2419 salvo,
649 2314 1086 2419 disertissima
1141 2326 1461 2419 sententia
1508 2329 1649 2409 ejus
1679 2310 1797 2404 est,
1864 2335 2059 2396 totius
2084 2335 2254 2397 orbis
2282 2338 2492 2399 ovium
2529 2343 2996 2419 praefecturam,
3025 2360 3154 2401 non
3190 2343 3332 2416 alii,
3366 2343 3675 2405 sedPetro

412 2407 717 2518 traditam
758 2428 790 2474 a
844 2414 1146 2477 Domino.
1176 2418 1518 2496 Apostolus
1546 2407 1794 2486 omnes
1846 2444 2030 2506 pares
2072 2429 2302 2506 fuisse,
2348 2407 2808 2500 catholicorum
2842 2455 3029 2500 nemo
3073 2438 3423 2512 inﬁciatur,
3458 2440 3671 2518 quoad

406 2507 806 2614 apostolatus
835 2520 1227 2614 potestatem,
1270 2533 1461 2614 quam
1494 2518 1899 2583 intrinsecam
1948 2534 2003 2587 et
2039 2531 2430 2592 essentialem
2483 2541 2711 2594 vocant
2763 2534 2897 2608 alii,
2955 2534 3201 2614 aliique
3229 2507 3678 2596 extraordinao

405 2605 612 2708 riam;
646 2610 757 2668 sed
790 2611 905 2669 uni
937 2607 1150 2681 Petro,
1191 2610 1482 2675 collatam
1547 2614 1801 2691 docent,
1834 2637 1979 2699 qum
2022 2624 2259 2689 dicitur
2307 2627 2660 2701 ordinaria,
2706 2647 2777 2691 ac
2823 2605 3033 2691 veluti
3096 2605 3353 2692 muneri
3417 2640 3676 2708 aposto-

411 2701 917 2806 latus-adjuncta
971 2726 985 2765 :
1055 2717 1116 2770 et
1163 2708 1357 2773 boece
1392 2711 1456 2774 in
1488 2714 1803 2792 regimine
1836 2721 2173 2784 credentes
2219 2743 2473 2798 omnes,
2507 2726 2813 2805 ipsosque
2844 2727 3175 2806 apostolos
3235 2735 3458 2790 tenent
3487 2729 3674 2790 Petro

405 2799 779 2863 inferiores.
2535 2799 2548 2803 ⁷
2706 2799 2722 2805 ’
2886 2799 2903 2806 ’
3024 2812 3029 2816 ’

486 2898 683 3003 Addit
722 2901 1043 2964 Mornmus
1101 2904 1341 3003 nullam
1378 2909 1658 2987 episcopi
1698 2912 1967 2976 Romani
2031 2916 2131 2978 his
2170 2919 2233 2981 iu
2289 2920 2446 2982 locis
2481 2923 2855 2983 mentionem
2903 2923 3181 2985 habitam
3243 2941 3279 2987 a
3323 2925 3677 3003 TheOphy-

405 2992 597 3059 iacto.
642 2996 768 3058 Cur
799 3015 947 3058 vero
1004 2999 1402 3099 mentionem
1450 3003 1823 3081 ingesserit,
1880 3009 1989 3070 ubi
2026 3027 2238 3089 neque
2285 3012 2489 3087 locus,
2569 3032 2783 3091 neque
2829 3015 2956 3077 ulla
2985 3033 3178 3093 causa
3218 2992 3609 3099 exposcebat
3642 3021 3673 3079 ?

403 3091 486 3153 At
545 3092 854 3171 inquiunt
904 3091 1201 3157 catholici
1241 3096 1590 3161 Eeclesiam
1640 3101 1952 3166 fundasse
2005 3106 2327 3170 Christum
2402 3111 2472 3172 in
2516 3120 2827 3173 internum
2896 3091 3324 3188 duraturam;
3377 3116 3671 3195 adeoque

404 3196 787 3268 perpetuam
840 3192 1176 3271 regiminis
1203 3191 1472 3257 formam
1507 3198 1585 3259 ab
1616 3216 1693 3262 eo
1735 3200 2128 3278 institutam,
2185 3224 2330 3285 qua:
2372 3224 2506 3269 non
2565 3207 2777 3271 solum
2830 3208 2896 3270 in
2966 3221 3187 3274 sancto
3254 3215 3473 3287 Petro,
3522 3191 3667 3275 cum

407 3288 603 3349 totius
634 3289 805 3351 orbis
847 3290 1053 3352 ovium
1075 3294 1519 3373 praefecturam
1571 3297 1699 3377 ipsi
1737 3298 2006 3364 tradidit
2037 3300 2379 3377 Dominus,
2418 3322 2640 3366 verum
2675 3305 2863 3366 etiam
2904 3306 2971 3367 in
3004 3308 3496 3371 successoribus
3534 3310 3663 3369 Ro-

409 3383 618 3445 manis
652 3385 1062 3464 pontiﬁcibus
1100 3388 1407 3453 eluceret.
1441 3387 1508 3453 1d
1535 3410 1683 3456 vero
1713 3396 1981 3473 perenni
2008 3405 2070 3462 et
2102 3399 2621 3462 constantissime
2667 3402 3049 3465 smculorum
3112 3403 3407 3465 omnium
3465 3405 3669 3467 tradi-

403 3481 580 3545 tione
632 3482 983 3546 evincitur.

482 3580 587 3642 98.
620 3580 1135 3680 immoderatiori
1173 3586 1457 3664 profecto
1487 3589 1881 3653 conﬁdentia
1921 3593 2243 3656 Mornreus
2272 3594 2517 3674 aliique
2543 3595 2923 3658 beterodoxi
2954 3598 3166 3660 locum
3200 3598 3663 3680 Theophylaeti

403 3676 886 3754 opposuissent,
931 3680 1044 3759 qui
1109 3680 1376 3746 habetur
1420 3685 1561 3764 ejus
1622 3688 1689 3749 in
1721 3687 1992 3766 epistola
2049 3686 2126 3747 ad
2183 3687 2515 3748 Nicolaum
2569 3690 2907 3749 diatonutu
2963 3698 3023 3749 et
3078 3676 3513 3752 canstrisium.
3558 3691 3669 3752 Ait

399 3773 549 3834 ille:
604 3775 898 3854 «Itaque
945 3777 1002 3838 si
1059 3777 1502 3843 Occidentales
1550 3784 1718 3845 circa
1786 3782 2050 3862 aliquod
2104 3783 2332 3862 dogma
2394 3792 2630 3856 errent,
2692 3785 2862 3862 quod
2937 3788 3188 3847 Patrum
3238 3786 3425 3848 ﬁdem
3486 3787 3669 3864 [LIX]

399 3872 691 3949 impetat,
725 3874 1076 3954 cujusmodi
1122 3884 1233 3951 est,
1284 3878 1449 3957 quod
1502 3880 1794 3960 Symbolo
1854 3881 1928 3941 de
1980 3881 2232 3960 Spiritu
2261 3890 2477 3941 sancto
2534 3880 2940 3954 addiderunt,
2977 3882 3086 3943 ubi
3144 3882 3505 3960 periculum
3566 3890 3667 3946 est

401 3968 797 4044 maximum;
831 3968 952 4032 hoc
984 3972 1098 4050 qui
1123 3990 1248 4034 non
1286 3975 1698 4038 emendatum
1732 3978 2075 4052 condonet,
2116 3978 2181 4040 id
2213 3978 2306 4039 illi
2344 3980 2695 4040 condonari
2742 3996 2870 4040 non
2913 3990 3152 4059 potest:
3180 3981 3300 4042 etsi
3323 4001 3402 4042 ear
3432 3983 3661 4044 throno

402 4061 774 4144 loquantur,
808 4084 1002 4148 quem
1052 4070 1400 4133 sublimem
1462 4072 1778 4144 sublimes
1820 4084 2235 4152 proponunt:
2272 4076 2394 4136 etsi
2422 4077 2599 4138 Petri
2630 4079 3084 4157 confessionem
3126 4076 3448 4158 proferant
3484 4097 3499 4135 :
3535 4079 3660 4142 etsi

410 4161 865 4225 beatitudinem
910 4164 1255 4239 adducant,
1289 4184 1368 4228 ex
1428 4167 1535 4230 illa
1564 4169 2024 4246 (confessione)
2047 4173 2372 4233 obtentam
2407 4192 2422 4230 :
2455 4173 2572 4234 etsi
2602 4173 2804 4234 claves
2853 4176 3038 4253 regni
3085 4176 3376 4237 caelorum
3440 4184 3664 4238 contra

396 4274 517 4320 nos
550 4258 899 4337 quatiendo
932 4260 1212 4336 vibrent,
1269 4263 1512 4341 quibus
1558 4273 1868 4343 quantum
1919 4267 2234 4330 honorare
2275 4268 2490 4345 ipsum
2551 4277 2799 4347 putant,
2867 4279 3111 4333 tantum
3177 4273 3429 4349 seipsos
3461 4272 3665 4334 deho-

322 4388 337 4391 -
397 4361 684 4428 norant;
744 4371 891 4418 cum
946 4373 1023 4419 ea
1093 4375 1238 4438 quas
1306 4357 1419 4420 ille
1479 4359 1755 4439 (Petrus)
1822 4363 2181 4437 constituit,
2243 4364 2371 4441 ipsi
2448 4364 2828 4438 dissolvent,
2904 4368 3354 4448 subruantque
3426 4368 3665 4431 funda-

399 4459 614 4513 menta
683 4453 1014 4530 Ecclesiae,
1067 4472 1204 4534 quae
1258 4454 1359 4518 illi
1400 4456 1772 4519 sustinenda
1832 4458 2195 4522 concredita
2250 4470 2421 4523 sunto
2484 4462 2618 4524 Hae
2680 4462 2744 4524 in
2795 4480 2862 4524 re
2924 4464 2980 4524 si
3033 4465 3182 4545 quis
3253 4482 3401 4527 es...
3440 4482 3661 4544 punge

394 4564 470 4608 ac
544 4547 692 4623 feri,
738 4558 1043 4630 tanquam
1116 4552 1313 4615 levita
1388 4570 1459 4616 ac
1527 4556 1641 4617 Dei
1708 4555 2027 4630 minister,
2103 4574 2213 4621 eos
2276 4558 2391 4636 qui
2459 4556 2688 4620 bellum
2765 4570 2993 4638 gerunt
3044 4578 3165 4640 pro
3236 4577 3500 4621 suarum
3551 4579 3663 4622 co-

397 4646 784 4722 gitationum
830 4650 1179 4729 ﬁgmentis,
1237 4658 1510 4731 etcaput
1558 4653 1955 4716 atlolluntiu
2010 4656 2470 4730 adorationem,
2523 4662 2585 4717 et
2626 4672 2850 4719 omnes
2887 4657 3244 4721 submissos
3270 4657 3495 4721 volunt
3549 4658 3658 4720 sui

391 4741 789 4823 principatus
815 4746 1250 4826 amplitudini.
1275 4767 1306 4805 ι

473 4845 547 4907 In
590 4844 724 4910 haec
757 4846 977 4924 verba,
1007 4866 1153 4929 quas
1205 4868 1290 4913 ex
1316 4851 1877 4931 Responsionibus
1934 4854 2243 4918 Demetrii
2289 4854 2662 4919 Chomateni
2725 4855 2908 4917 aﬂert
2959 4858 3180 4917 Petrus
3237 4854 3521 4919 Pithmus
3584 4858 3653 4920 in

388 4942 686 5005 Historia
705 4947 1142 5007 controversia:
1156 4946 1229 5008 de
1250 4950 1648 5027 processione
1670 4949 1953 5029 Spiritus
1973 4953 2201 5025 sancti,
2219 4951 2313 5015 sic
2328 4952 2778 5016 animadvertit
2796 4950 2974 5027 :Qua:
2993 4952 3297 5024 convicia,
3319 4953 3655 5032 inquiens,

392 5039 461 5098 in
488 5037 823 5102 Nicolaum
848 5041 1070 5121 potius
1103 5039 1205 5121 (ad
1236 5059 1434 5124 quem
1462 5044 1801 5122 scribebat)
1840 5065 2025 5127 quam
2067 5050 2137 5111 in
2164 5050 2360 5111 alium
2403 5049 2733 5129 quemlibet
2784 5049 3047 5121 directa,
3079 5051 3220 5128 quis
3253 5068 3382 5111 non
3419 5048 3591 5112 videt
3622 5054 3657 5112 ?

393 5133 533 5196 lmo
566 5134 795 5199 viderit
827 5154 1042 5201 nemo.
1091 5139 1214 5202 Aio
1261 5140 1541 5218 primum
1575 5160 1695 5223 ego
1731 5167 1746 5205 :
1790 5147 2004 5207 Sancti
2038 5145 2205 5209 Petri
2243 5144 2617 5224 primatum,
2649 5163 2723 5207 ac
2760 5147 3028 5208 Romani
3078 5146 3268 5207 etiam
3302 5147 3648 5224 pontiﬁcis,

389 5232 562 5293 Petri
590 5233 811 5296 sedem
836 5235 1145 5309 tenentis,
1182 5235 1305 5298 hoc
1334 5236 1401 5300 in
1439 5238 1576 5301 loco
1619 5242 1877 5320 agnosci
1919 5257 1953 5304 a
2005 5241 2532 5321 Theophylacto:
2582 5259 2654 5304 ac
2688 5260 2842 5304 sane
2886 5243 3294 5325 fundamenta
3328 5243 3650 5318 Ecclesiae,

393 5328 531 5391 sive
578 5328 897 5408 dogmata,
948 5331 1313 5397 concredita
1342 5335 1564 5416 fuisse,
1599 5338 1826 5400 eodem
1851 5345 2137 5414 auctore,
2170 5338 2334 5400 Petri
2369 5338 2541 5412 sedi,
2575 5347 2647 5400 ut
2681 5340 3172 5401 sustinerentur.
3224 5340 3344 5403 Aio
3380 5340 3650 5415 deinde,

391 5423 574 5488 hisce
606 5425 920 5504 primatus
953 5427 1315 5509 privilegiis
1348 5431 1527 5495 abuti
1554 5433 1899 5513 Bulgarum
1931 5432 2492 5513 archiepiscOpum
2531 5456 2546 5495 :
2602 5434 2959 5515 eademque
3009 5435 3434 5498 conviciantis
3469 5453 3647 5499 more

387 5518 461 5581 in
491 5520 747 5586 Latinos
776 5522 1027 5603 projici,
1057 5541 1128 5588 ac
1152 5526 1208 5588 si
1242 5530 1728 5607 processionem
1752 5530 2029 5611 Spiritus
2052 5528 2255 5592 sancti
2280 5544 2315 5591 a
2344 5529 2523 5591 Patre
2554 5528 2853 5609 Filioque
2882 5531 3210 5604 docentes,
3233 5530 3649 5613 fundamenta

388 5614 692 5679 Ecclesia
721 5625 1106 5683 everterent.
1143 5621 1317 5686 Adeo
1347 5640 1625 5702 namque
1666 5627 1955 5705 pertinax
1989 5635 2122 5690 erat
2154 5627 2426 5691 adverso
2470 5625 2537 5688 in
2572 5628 2889 5706 dogmate,
2931 5635 3002 5689 ut
3046 5628 3439 5690 contrarium
3482 5645 3638 5691 sen-

392 5710 627 5773 tientes
680 5722 933 5792 putaret
964 5733 1152 5796 agere
1203 5728 1420 5783 contra
1472 5722 1651 5783 Petri
1694 5722 1908 5785 throni
1952 5727 2421 5796 auctoritatem,
2472 5731 2692 5786 contra
2746 5726 3195 5805 confessionem
3240 5726 3439 5807 ejusa
3480 5728 3639 5788 Jesu

390 5804 643 5872 Christo
681 5813 1207 5891 commendatam,
1243 5826 1462 5882 contra
1492 5820 1673 5897 regni
1702 5819 1996 5883 caelorum
2032 5822 2230 5885 claves
2266 5823 2525 5886 traditas
2560 5821 2794 5886 eidem.
2829 5804 3026 5885 Addit
3065 5804 3416 5888 etiam'bilc
3459 5839 3639 5887 eorm

1648 5998 1669 6027 0
