4058 6470
334 365 426 437 191
1178 376 1279 438 DE
1319 377 1896 441 THEOPHYLAC’I‘I
1937 382 2209 444 GESTIS
2250 385 2346 445 ET
2384 386 2751 450 SCRIPTIS.
3469 389 3577 454 12?.

331 485 537 577 motus
572 477 865 577 convicia
902 478 1217 569 adversus
1258 486 1706 563 expeditiones
1752 505 1991 565 sacras,
2024 509 2172 571 quas
2207 510 2284 556 eo
2325 502 2613 575 tempore
2658 499 3209 577 suscipiebantur,
3261 502 3573 564 Romanis

330 574 736 679 pontiﬁcibus
793 576 1323 679 approbant-ibus.
1367 583 1868 679 giliecgermana
1920 588 2381 669 'l‘heOphylacti
2420 574 2625 668 mens,
2677 574 3066 675 przejudiciis
3101 598 3326 679 utique
3357 607 3577 661 contra

332 672 580 730 Latinos
614 680 939 748 occupata,
984 674 1098 734 sed
1135 675 1507 736 hominibus
1541 678 1954 743 heterodoxis
2003 686 2274 746 nimium
2308 689 2602 752 adversa.

401 767 496 826 99.
532 770 858 863 Insignem
892 771 1066 832 illam
1102 772 1379 836 Michmae
1412 775 1835 852 pmphetiam,
1876 780 1955 840 de
1991 780 2107 841 viri
2139 780 2415 844 illustris
2448 796 2592 847 ortu
2632 788 2695 848 in
2737 788 2991 849 civitate
3023 788 3419 863 Bethlehem,
3457 789 3573 852 de-

323 872 546 961 tortam
579 862 789 927 fuisse
819 866 901 926 ad
932 869 1371 930 Zorobabelem
1401 888 1433 930 a
1472 872 1971 951 'l‘heophylacto,
1998 876 2283 956 itemque
2316 897 2349 941 a
2380 881 2841 961 Cbrysostomo
2880 893 2940 945 et
2979 884 3350 961 Euthymio,
3396 893 3577 947 nota-

327 960 411 1067 vit
448 961 669 1023 Petrus
697 964 920 1024 Daniel
953 967 1228 1027 Huetius
1260 968 1327 1028 in
1357 968 1901 1031 Demonstratione
1933 976 2305 1052 evangelica,
2332 960 2777 1055 propositione
2811 998 2943 1048 vni,
2985 960 3161 1041 num.
3199 998 3377 1041 xxvr.
3415 982 3564 1043 Hinc
3592 997 3602 1081 ι

319 1056 602 1119 cientem
636 1060 1015 1122 dormitasse
1050 1064 1257 1124 virum
1291 1066 1761 1138 doctissimum,
1799 1070 2040 1145 primus
2075 1071 2231 1132 vidit
2264 1082 2324 1134 et
2354 1074 3060 1138 admonuitRiehardus
3084 1076 3411 1138 Simonius
3435 1076 3573 1139 loco

320 1172 520 1232 supra
550 1156 765 1218 citato.
802 1159 1045 1219 Judaeis
1078 1161 1534 1222 Zorobabelem
1566 1162 2067 1225 obtrudentibus
2100 1167 2473 1229 adversatur
2518 1169 2619 1229 his
2654 1171 2869 1231 verbis
2918 1171 3449 1249 archiepiscoiius
3495 1172 3569 1232 ad

317 1250 599 1312 Malthaei
631 1261 818 1329 caput
847 1271 916 1323 η,
956 1255 1186 1314 Dicunt
1217 1257 1445 1329 Judwi,
1482 1258 1807 1335 inquiens,
1842 1259 2007 1337 quod
2036 1262 2149 1321 hoc
2190 1263 2561 1339 prcedictum
2592 1267 2676 1326 sit
2707 1266 2780 1326 de
2810 1265 3161 1327 Zorobabel
3206 1285 3225 1329 :
3263 1265 3372 1325 sed
3398 1285 3573 1325 men-

313 1345 573 1405 tiuntur
614 1348 964 1427 manifeste.
996 1350 1246 1408 Etenim
1274 1352 1626 1413 Zorobabel
1657 1372 1783 1413 non
1808 1354 1877 1415 in
1906 1355 2261 1447 Bethlehem
2292 1369 2481 1419 natus
2515 1370 2606 1420 est
2646 1383 2666 1430 ,-
2697 1360 2805 1421 sed
2836 1363 2902 1422 in
2945 1361 3265 1439 Babylone
3302 1405 3316 1421 .
3353 1406 3368 1422 .
3406 1408 3420 1423 .
3454 1360 3577 1421 Sed

315 1451 377 1503 et
408 1444 745 1521 prophetia
770 1446 1092 1523 manifeste
1124 1452 1338 1524 arguit
1371 1468 1496 1519 eos,
1530 1448 1778 1511 dicens:
1810 1472 1840 1507 «
1867 1444 2175 1529 Egressus
2199 1454 2330 1534 ejus
2359 1474 2396 1515 a
2424 1458 2775 1534 principio,
2807 1477 2844 1516 a
2876 1457 3094 1520 diebus
3125 1460 3520 1519 aeternitatis.
3543 1482 3570 1511 »

313 1538 517 1617 (,‘ujus
545 1552 749 1601 autem
780 1541 1045 1604 alterius
1080 1563 1363 1623 egressus
1393 1548 1520 1622 fuit
1545 1547 1620 1620 ab
1651 1549 1837 1610 initio
1876 1559 1933 1611 et
1984 1569 2023 1610 a
2056 1550 2273 1612 diebus
2317 1554 2716 1627 aeternitatis,
2758 1573 2939 1633 quam
2979 1554 3239 1627 Christi,
3279 1556 3387 1633 qui
3415 1554 3570 1613 duos

309 1654 603 1711 egressus
617 1636 857 1708 habuit,
873 1640 987 1700 hoc
1005 1648 1095 1699 est
1122 1643 1489 1702 nativitates
1511 1645 1538 1703 ?
1560 1644 1640 1703 Di
1649 1656 1795 1705 cant
1816 1646 2015 1722 igitur
2028 1647 2257 1722 Judaei,
2286 1666 2433 1709 num
2451 1651 2502 1710 Ζ
2508 1650 2804 1712 orobabel
2820 1650 2897 1712 ab
2914 1652 3102 1713 initio
3124 1652 3323 1730 fuerit
3350 1654 3379 1711 ?
3428 1651 3569 1703 Ἀλλ’

306 1732 416 1784 οὐκ
442 1733 654 1802 ἔχουσιν
679 1735 872 1800 εἰπεῖν,
897 1736 1019 1797 Sed
1046 1755 1175 1796 non
1217 1738 1469 1812 habent,
1509 1740 1677 1818 quod
1705 1740 1908 1803 dicam

690 1735 872 1800 εἰπεῖν,
897 1736 1019 1797 Sed
1046 1755 1175 1796 non
1217 1738 1469 1812 habent,
1509 1740 1677 1818 quod
1705 1740 1941 1807 dicant.
2268 1744 2292 1759 ”

396 1836 634 1896 Eadem
674 1835 946 1915 legimus
983 1836 1171 1898 verba
1198 1838 1365 1915 apud
1406 1839 1716 1899 Joannem
1759 1840 2289 1917 Chrysostomum
2326 1849 2385 1903 et
2420 1842 2841 1923 Euthymium
2896 1844 2971 1905 ad
3021 1844 3236 1921 ipsum
3294 1847 3571 1909 Mattheei

309 1930 552 1992 locum.
585 1931 755 2007 Quid
780 1934 808 1993 ?
837 1932 1008 2012 quod
1042 1933 1237 1994 etiam
1268 1934 1332 1994 in
1368 1934 1589 1994 eadem
1622 1935 1952 2013 prOphetia
1993 1955 2120 2000 non
2156 1938 2381 2013 alium,
2435 1941 2559 2001 nisi
2607 1944 2832 2002 Jesum
2875 1941 3200 2003 Christum
3247 1940 3575 2006 intellexit

305 2027 836 2107 TheOpbylactus
856 2029 921 2092 in
947 2030 1417 2092 Commentario
1435 2032 1510 2092 ad
1527 2030 1879 2106 Michaaam,
1897 2042 1966 2094 ut
1991 2034 2054 2094 in
2079 2036 2300 2097 codice
2325 2037 3110 2098 Bavarico-Monachiensi
3138 2037 3446 2099 habetur:
3481 2042 3575 2095 Ἐκ

305 2124 410 2177 σοῦ
437 2127 546 2196 γὰρ
575 2126 855 2181 ἐλεύσεται
885 2129 912 2180 ὁ
944 2127 1202 2198 Χριστὸς,
1230 2125 1290 2189 ὃς
1319 2126 1474 2197 ἄρξει
1499 2126 1595 2180 τοῦ
1618 2127 1855 2199 Ἰσραήλ,
1891 2131 1907 2189 λ

1972 2150 1999 2190 r
2052 2139 2108 2191 te
2160 2134 2323 2193 enim
2372 2135 2541 2195 exist
2593 2134 2922 2207 Christus,
2982 2135 3094 2212 qui
3142 2133 3574 2196 dominabitur

300 2222 536 2286 Israel.
572 2226 802 2289 Caetera
838 2224 1193 2306 prophetiae
1217 2227 1405 2288 verba
1436 2226 1549 2287 uni
1578 2227 1733 2289 Jesu
1758 2226 2010 2290 Christo
2039 2229 2295 2308 egregie
2325 2230 2578 2309 adaptat
2610 2229 2927 2306 interpres
2952 2229 3491 2310 TheOpbylactus.

1860 2402 2041 2466 XXV.

300 2560 476 2623 Novi
507 2561 883 2622 Testamenti
911 2561 1282 2641 φάεα-,φφ
1300 2561 1799 2641 Theophylactus
1832 2560 2150 2632 utebatur,
2184 2562 2427 2640 integer
2451 2562 2514 2620 in
2533 2570 2847 2639 postremo
2880 2562 3086 2622 sancti
3120 2560 3326 2641 Marci
3345 2563 3575 2641 capite.

396 2640 662 2701 Mutilus
701 2642 772 2700 in
797 2641 1065 2710 Joanne,
1087 2640 1197 2701 ubi
1229 2640 1301 2700 de
1331 2640 1590 2701 muliere
1607 2640 1899 2701 adultera
1927 2643 2167 2717 agitur.
2200 2641 2774 2718 lnterpolationum
2809 2642 3120 2717 specimen
3141 2659 3214 2700 ac
3241 2640 3577 2702 lectionum

388 2720 830 2796 genuinarum.
865 2718 1161 2794 Quaenam
1193 2720 1427 2780 codicis
1458 2722 1686 2781 divisio
1721 2721 1788 2780 in
1817 2720 2030 2797 capita
2070 2721 2462 2797 minoresque
2492 2719 2823 2779 sectiones.
2954 2740 2961 2749 '

394 2865 530 2926 100.
558 2866 854 2929 .Graacum
887 2867 1045 2930 Novi
1090 2865 1479 2927 Testamenti
1512 2865 1828 2935 codicem,
1864 2882 2057 2944 quem
2095 2864 2233 2926 suis
2265 2862 2786 2942 TheOphylactus
2829 2863 3189 2926 illustrabat
3225 2866 3572 2928 Commen-

298 2961 515 3034 tariis,
551 2971 873 3039 pastremo
905 2962 1046 3025 loco
1079 2968 1447 3041 eXpendere
1480 2962 1665 3025 liceat
1724 2962 1994 3043 ejusque
2035 2970 2246 3020 notam
2282 2959 2599 3022 indicare.
2622 2960 2901 3036 Legebat
2931 2960 3045 3020 ille
3084 2960 3147 3020 in
3183 2970 3367 3021 sexto
3398 2961 3580 3039 deci-

300 3074 417 3118 mo
455 3058 646 3119 Marci
701 3059 907 3134 capite
969 3077 1204 3120 comma
1258 3078 1492 3119 nonum
1545 3076 1688 3120 cum
1726 3058 2152 3137 sequentibus
2201 3057 2277 3118 ad
2331 3058 2521 3119 ﬁnem
2558 3075 2767 3136 usque
2805 3079 2819 3118 :
2874 3074 2945 3118 ac
2979 3074 3050 3119 ea
3094 3074 3246 3118 sane
3287 3058 3573 3135 exiionit.

297 3153 676 3216 Sectionem
711 3152 896 3228 hanc,
928 3172 1044 3215 seu
1082 3155 1347 3234 capituli
1372 3164 1607 3232 partem
1646 3164 1757 3217 aut
1778 3173 1905 3215 non
1932 3155 2274 3234 recipimus
2304 3153 2715 3231 [LXHaiebat
2739 3151 3180 3232 Hieronymus
3207 3154 3270 3214 in
3307 3154 3581 3231 epistola

298 3251 390 3312 ad
421 3250 819 3333 Hedibiam,)
854 3249 1020 3331 quod
1048 3250 1114 3311 in
1144 3252 1341 3313 variis
1370 3254 1583 3331 fertur
1628 3249 2293 3329 evangeliis,omnibus
2320 3252 2576 3314 Gracia:
2604 3250 2788 3313 libris
2814 3271 2971 3330 pene
3008 3271 3137 3313 non
3162 3252 3534 3313 habentibus
3558 3282 3579 3321 .-

293 3348 663 3428 prazsertim
726 3366 865 3408 cum
926 3347 1179 3408 diversa
1232 3358 1417 3427 atque
1481 3349 1810 3409 contraria
1864 3348 2261 3425 evangelistis
2319 3349 2560 3409 cce/eris
2647 3366 2916 3408 narrare
2967 3347 3280 3409 videatur.
3340 3351 3574 3410 Eadem

302 3452 411 3504 est
440 3445 514 3504 ad
543 3460 691 3504 eum
730 3443 939 3506 locum
969 3443 1444 3507 animadversio
1475 3443 1769 3524 Gregorii
1803 3444 2083 3523 Nysseni
2117 3443 2408 3508 oratione
2442 3464 2490 3506 ιι
2519 3444 2591 3506 de
2614 3446 3115 3520 Resurrectione,
3145 3462 3215 3507 ac
3245 3444 3581 3525 Euthymii

302 3541 671 3621 Zygabeni.

390 3661 601 3726 Satius
629 3661 822 3725 fuerit
847 3682 994 3727 cum
1021 3667 1265 3729 Joanne
1301 3666 1509 3729 Millio
1540 3667 1844 3730 adnotare
1876 3687 1894 3728 :
1931 3689 1960 3724 ‹‹
1995 3666 2403 3747 Exemplaria
2429 3684 2586 3729 mss.
2623 3673 2688 3728 ut
2723 3674 2782 3728 et
2815 3666 3146 3727 versiones
3176 3664 3560 3739 universim,

302 3762 631 3824 Irenaeum
680 3763 856 3836 item,
896 3765 1312 3826 Ammonium
1348 3766 1415 3826 in
1473 3766 1912 3828 Monotessaro
1958 3763 2320 3843 (Tatianum
2363 3766 2425 3828 in
2472 3782 2589 3826 sua
2622 3764 3031 3843 Harmonia),
3090 3763 3467 3838 Eusebium,
3513 3772 3583 3825 ut

303 3868 578 3936 apparet
607 3876 686 3922 ex
726 3860 992 3920 Tabulis
1024 3861 1383 3933 Cauonum,
1436 3860 1886 3934 Athanasium,
1933 3862 2400 3937 Augustinum,
2435 3860 3013 3937 TheOphylactum,
3049 3859 3404 3937 capitulum
3457 3860 3577 3921 hac

302 3971 704 4032 agnoscere:
742 3966 810 4017 ut
844 3956 924 4018 de
956 3955 1216 4028 αὑθεντίᾳ
1247 3956 1427 4018 illius
1463 3974 1589 4019 non
1655 3958 1739 4018 sit
1794 3957 1966 4036 quod
2005 3957 2399 4020 dubitemus.
2436 3955 2794 4018 Praesertim
2841 3973 2986 4017 cum
3022 3957 3208 4027 ratio,
3257 3956 3339 4019 ob
3387 3973 3580 4035 quam

309 4052 724 4115 omitteretur
752 4051 933 4125 olim,
959 4051 1207 4115 scilicet
1238 4052 1404 4133 quod
1430 4053 1682 4115 diversa
1707 4061 1890 4132 atque
1921 4054 2246 4115 contraria
2275 4051 2673 4133 evangelistis
2694 4054 2934 4115 steteris
2962 4071 3234 4113 narrare
3265 4051 3578 4126 videatur,

302 4150 582 4211 omnino
613 4149 790 4212 nulla
812 4152 1010 4225 sit,ut
1039 4150 2033 4213 ostenduutcommentatoresin
2066 4149 2301 4212 locum.
2349 4172 2379 4207 ››
2414 4153 2843 4230 Apparentem
2875 4148 3043 4210 tollit
3077 4150 3213 4227 ipse
3244 4147 3589 4228 TheOphy-

302 4243 525 4308 lactus
547 4246 947 4326 antilogiam.
988 4250 1322 4311 Matthaeus
1353 4248 1562 4327 capite
1590 4266 1813 4321 xxvni,
1849 4267 1906 4311 v.
1940 4246 1996 4319 1,
2036 4248 2133 4308 sic
2163 4248 2251 4309 ait
2291 4265 2306 4309 :
2371 4250 2631 4327 Vespere
2673 4259 2884 4307 autem
2924 4246 3206 4318 Sabbati,
3246 4264 3379 4325 qua:
3425 4246 3588 4307 luce-

305 4343 432 4404 scit
461 4344 768 4422 inprima
796 4344 1055 4407 Sabbati
1087 4393 1102 4408 .
1142 4390 1159 4407 .
1200 4391 1215 4408 .
1249 4347 1544 4407 surrexit
1577 4346 1895 4407 Christus.
1928 4344 2129 4407 Marci
2166 4362 2320 4408 vero
2361 4345 2548 4407 verba
2580 4352 2731 4407 sunt
2767 4366 2782 4405 :
2828 4345 3106 4422 Surgens
3150 4354 3359 4404 autem
3400 4362 3580 4403 mane

306 4442 526 4518 prima
556 4440 833 4504 Subbati.
866 4444 1480 4521 lnterpretationem
1513 4442 1982 4523 TheOphylacti
2018 4442 2237 4520 accipe
2271 4463 2291 4503 :
2338 4466 2365 4498 «
2402 4445 2555 4505 Cum
2599 4442 2984 4502 surrexisset
3015 4442 3223 4502 Jesus.
3267 4442 3402 4502 Hoc
3443 4440 3587 4502 loco

316 4544 630 4613 punctum
655 4554 844 4615 pone.
881 4539 1132 4600 Deinde
1167 4539 1275 4600 dic
1309 4561 1325 4599 :
1365 4539 1551 4599 Mane
1593 4540 1805 4618 prima
1842 4538 2105 4602 Sabbati
2136 4540 2445 4619 apparuit
2493 4540 2722 4600 Maria:
2765 4538 3177 4617 Magdalenaa.
3229 4541 3365 4600 Non
3419 4537 3591 4599 enim

309 4634 602 4695 surrexit
633 4653 829 4696 mane.
858 4635 1019 4709 Quis
1054 4636 1228 4698 enim
1266 4636 1447 4707 vidit,
1490 4636 1752 4715 quando
1784 4636 2129 4698 surrexit?
2161 4637 2285 4697 Sed
2319 4637 2623 4714 apparuit
2653 4652 2852 4709 mane,
2885 4634 3213 4695 Dominica
3244 4634 3383 4707 die,
3448 4650 3597 4711 qua)

316 4738 415 4791 est
453 4730 656 4808 prima
706 4732 985 4806 Sabbati,
1046 4732 1166 4795 hoc
1196 4739 1293 4795 est
1335 4732 1777 4795 hebdomadis.
1824 4754 1852 4787 ››
1896 4733 2343 4812 Augustinum
2399 4730 2758 4793 Calmetum
2807 4729 3078 4793 consule
3123 4732 3202 4792 de
3260 4728 3414 4791 hora
3463 4745 3593 4807 qua

316 4826 617 4891 Christus
646 4844 679 4888 a
709 4829 982 4890 mortuis
1023 4829 1404 4891 resurrexit.

406 4945 541 5004 101.
581 4944 781 5020 Caput
811 4946 1105 5018 Joannis,
1150 4948 1320 5022 quod
1356 4956 1652 5010 octavum
1688 4954 2083 5021 numeratur,
2124 4948 2224 5010 his
2254 4947 2511 5010 orditur
2542 4948 2757 5009 verbis
2782 4945 3307 5024 archiepiscopus
3348 4947 3591 5021 Bmga-

314 5041 427 5102 rim
459 5061 474 5098 :
507 5040 990 5120 Responderunt
1011 5051 1066 5104 et
1086 5042 1460 5107 dixeruntei
1505 5068 1524 5107 :
1568 5048 1734 5110 Num
1774 5055 1827 5107 et
1874 5045 2256 5107 tuGalilwus
2289 5064 2349 5104 es
2384 5047 2413 5106 ?
2456 5046 2757 5105 Scrutare
2781 5055 2837 5106 et
2870 5042 3007 5105 vide
3042 5040 3210 5121 quod
3261 5060 3299 5101 a
3326 5041 3591 5103 Galila’a

309 5139 631 5217 propheta
659 5159 788 5200 non
815 5142 1196 5203 surrexerit.
1258 5142 1436 5204 Istud
1463 5126 1710 5205 comma
1746 5152 1841 5204 est
1870 5145 1949 5205 52
1991 5144 2055 5205 in
2092 5142 2365 5223 vulgatis
2400 5142 2609 5221 capite
2644 5143 2945 5218 septimo.
2978 5142 3137 5201 Tum
3172 5142 3339 5218 apud
3377 5140 3591 5217 ipsum

320 5234 876 5314 Theophylactum
905 5240 1252 5316 sequitur:
1302 5241 1537 5301 lterum
1574 5242 1778 5319 igitur
1820 5241 1908 5302 eis
1961 5241 2208 5301 locutus
2241 5250 2331 5301 est
2376 5241 2563 5301 Iesus
2592 5260 2609 5299 :
2640 5239 2776 5316 Ego
2826 5255 2959 5296 sum
3013 5236 3130 5297 lux
3170 5236 3413 5298 mundi.
3463 5235 3593 5311 Qui

322 5333 617 5410 sequitur
675 5352 788 5408 me,
844 5351 974 5394 non
1016 5333 1368 5398 ambulabit
1418 5338 1487 5398 in
1545 5337 1869 5411 tenebris,
1894 5334 2004 5398 sed
2046 5335 2296 5398 habebit
2328 5336 2531 5397 lumen
2563 5336 2707 5395 vita:
2741 5355 2759 5403 ;
2797 5332 2971 5413 quod
3004 5340 3100 5393 est
3132 5350 3377 5393 comma
3421 5333 3497 5393 12
3532 5349 3588 5391 in

328 5438 555 5491 octavo
599 5432 831 5510 capite.
891 5433 1112 5511 Itaque
1159 5433 1301 5512 ejus
1347 5434 1412 5495 in
1467 5436 1688 5498 codice
1753 5434 2043 5497 defuisse
2097 5432 2356 5494 videtur
2404 5446 2650 5492 comma
2701 5428 2778 5491 53
2836 5444 2967 5507 quo
3021 5428 3368 5508 septimum
3403 5438 3590 5503 caput

330 5527 656 5588 clauditur
688 5545 701 5587 :
744 5527 823 5588 Et
857 5529 1098 5589 reversi
1126 5538 1275 5590 sunt
1304 5533 1730 5611 unusquisque
1762 5533 1830 5593 in
1876 5531 2125 5594 domum
2153 5548 2350 5590 suam.
2387 5530 2639 5608 Integra
2673 5543 2844 5595 vero,
2882 5542 3027 5605 qum
3069 5526 3306 5603 legitur
3350 5524 3589 5584 ibidem

335 5623 401 5684 in
440 5623 754 5703 Vulgatis,
792 5626 1086 5687 Mulieris
1117 5626 1421 5689 adultera:
1451 5627 1717 5690 historia
1741 5628 2225 5691 desiderabatur
2266 5616 2290 5685 ε’
2316 5631 2377 5688 et
2428 5626 2589 5687 hanc
2617 5641 2740 5687 suo
2779 5640 2909 5686 non
2961 5622 3226 5702 exponit
3263 5635 3591 5681 commcn-

334 5718 498 5780 tario
530 5720 870 5798 Bulgarus.

414 5814 546 5879 Hac
598 5816 678 5879 de
710 5834 775 5881 re
811 5819 936 5882 lato
981 5837 1096 5899 pro
1140 5820 1452 5901 dignitate
1486 5838 1783 5886 sermone
1817 5828 2017 5902 agunt
2049 5837 2244 5885 sacrae
2272 5820 2618 5901 Scriptum
2659 5820 3044 5896 interpretes
3078 5822 3138 5879 et
3175 5811 3379 5878 critici
3414 5810 3585 5874 scri-
