4058 6470
431 337 534 402 123
1276 344 1511 408 BERN.
1550 345 1819 408 ΜΑΗΙᾸΞ
1859 346 1957 408 DE
1996 345 2033 406 Β

2066 344 2284 406 UBEIS
2321 341 2822 405 DISSEBTATIO
3564 337 3668 404 124

429 465 666 538 ptores.
715 458 1148 537 Quamplures
1199 469 1555 526 memorant
1602 463 1860 525 Grmcas
1892 462 2177 536 codices,
2226 469 2289 524 et
2340 459 2674 522 versiones
2711 458 3112 523 Armenicam
3144 465 3209 524 et
3238 458 3565 541 Syriacam
3598 461 3666 523 in

433 555 810 633 l’olyglottis
843 557 1320 620 Parisiensibus
1359 568 1422 622 et
1456 560 2005 634 Londinensibus,
2036 560 2145 622 ubi
2187 564 2497 621 commata
2530 556 2640 619 illa
2671 556 3063 619 omittuntur
3093 576 3112 632 ;
3149 557 3508 636 eademque
3535 573 3663 618 non

432 659 767 728 exponunt
802 653 1149 731 Origenes,
1186 656 1710 736 Chrysostomus,
1740 661 2009 722 Nonnus
2052 664 2116 721 et
2148 656 2282 721 alii.

504 748 767 810 Mutilos
788 748 1160 830 hujusmodi
1181 754 1435 839 cpdices
1465 752 1695 828 fuisse,
1719 754 2095 816 mutilumve
2114 753 2398 815 codicem
2427 749 2910 831 TheOpbylacti,
2936 766 3050 825 pro
3076 756 3248 811 certo
3278 747 3669 813 habendum.

427 847 670 906 Partem
710 844 870 909 hanc
907 856 1156 925 praestat
1187 849 1402 911 Latina
1438 850 1677 929 vulgati
1736 850 2105 930 interpretis
2136 849 2627 930 versio,qumin
2664 848 2883 909 codice
2909 844 3416 923 Cantabrigensi,
3459 844 3668 905 Millio

427 940 796 1015 adnotante,
829 951 1219 1019 asservatur,
1254 946 1462 1026 qualis
1493 956 1639 1010 ante
1672 947 2052 1027 Hieronymi
2097 949 2578 1027 castigationem
2615 946 2921 1010 exstabat.
2960 946 3103 1023 Ipse
3138 949 3405 1005 testatur
3442 942 3669 1004 Hiero-

426 1053 663 1115 nymus
723 1038 890 1101 libro
957 1060 1004 1102 ιι
1058 1053 1284 1105 contra
1330 1044 1731 1123 Pelagianos,
1782 1062 1962 1106 num.
2010 1045 2108 1119 17,
2148 1046 2216 1106 in
2253 1044 2596 1122 Evangelia
2644 1041 2979 1103 secundum
3020 1043 3327 1103 Joannem
3352 1040 3422 1100 in
3450 1039 3670 1100 multis

426 1131 668 1194 Graecis
703 1144 760 1196 et
809 1136 1059 1199 Latinis
1086 1140 1407 1201 codicibus
1436 1142 1710 1203 inveniri
1734 1140 1807 1201 de
1835 1140 2124 1203 adultera
2147 1140 2431 1203 muliere.
2486 1140 2694 1218 Hujus
2748 1137 3082 1200 historiam
3116 1137 3256 1198 suis
3288 1136 3354 1197 in
3392 1137 3668 1197 Harmo-

422 1229 551 1289 niis
590 1230 961 1309 euangelicis
1005 1234 1426 1299 inseruerunt
1457 1238 1785 1309 Tatianus,
1831 1239 2053 1300 seaculi
2101 1238 2398 1312 secundi,
2447 1244 2509 1300 et
2558 1236 2944 1299 Ammonius
2980 1234 3145 1296 tertii
3186 1232 3485 1310 scriptor.
3520 1232 3668 1292 Eam

425 1322 657 1386 habent
712 1328 919 1391 Latini
982 1331 1236 1394 codices
1299 1349 1546 1404 omnes,
1605 1349 1774 1412 quos
1833 1334 1949 1393 viri
1979 1333 2339 1397 doctissimi
2391 1335 2774 1412 inspexere:
2837 1349 2911 1394 ac
2964 1330 3226 1411 plurimi
3272 1329 3502 1391 habent
3529 1343 3671 1390 eam

427 1420 629 1482 Graeci
662 1424 941 1500 codices,
978 1444 1145 1503 quos
1176 1413 1628 1506 expenderunt
1660 1429 2044 1491 Theodorus
2074 1432 2257 1502 Beza,
2292 1430 2609 1493 Robertus
2642 1432 3025 1505 Stephanus,
3070 1430 3353 1488 Joannes
3393 1424 3669 1487 Millius.

428 1516 820 1583 Omissionis
854 1522 917 1584 in
958 1524 1290 1603 aliquibus
1323 1542 1580 1587 causam
1613 1527 1817 1603 aperit
1846 1527 2250 1605 Augustinus
2277 1527 2439 1597 libro
2471 1544 2517 1587 ιι
2549 1527 2636 1587 De
2671 1525 2984 1606 conjugiis
3037 1521 3439 1592 adulterinis,
3463 1519 3672 1597 capite

427 1616 486 1675 7.
525 1632 539 1671 :
576 1638 605 1673 α
644 1619 948 1681 Nonnulli
1000 1622 1270 1683 modica;
1318 1622 1490 1697 ﬁdei,
1550 1624 1884 1703 inquiens,
1913 1626 2013 1686 vel
2060 1624 2274 1702 potius
2321 1623 2573 1685 inimici
2624 1640 2790 1684 verte
2831 1621 3001 1691 fidei,
3047 1619 3674 1692 credo,-metuentes

424 1713 729 1788 peccandi
776 1715 1226 1792 impunitatem
1276 1721 1428 1783 dare
1464 1720 1852 1783 mulieribus
1890 1721 2028 1783 suis
2064 1719 2229 1783 illud
2262 1719 2438 1798 quod
2474 1718 2553 1782 de
2583 1717 2891 1782 adulteras
2921 1714 3325 1795 indulgentia
3357 1713 3672 1777 Dominus

422 1806 597 1879 fecit,
632 1810 957 1873 auferrent
990 1813 1069 1876 de
1103 1816 1439 1880 codicibus
1472 1806 1638 1880 Suis.
1682 1841 1711 1875 »

503 1904 645 1966 Alia
681 1915 777 1968 est
816 1909 1006 1971 Millii
1048 1913 1415 1990 conjectura
1448 1936 1464 1977 :
1498 1938 1525 1969 «
1567 1915 1913 1976 Historiam
1944 1914 2129 1987 hanc,
2162 1915 2366 1995 quod,
2427 1921 2499 1977 ut
2536 1913 2817 1983 videtur,
2859 1911 3166 1991 expedire
3200 1925 3327 1972 non
3375 1913 3675 1986 putarent

427 2007 498 2059 ut
527 2017 740 2063 coram
788 2005 1031 2082 populo
1066 2023 1140 2068 ea
1182 2007 1526 2086 legeretur,
1560 2009 1733 2070 obelo
1759 2010 1890 2087 jam
1912 2009 2469 2088 olimjugularunt
2497 2010 2562 2071 in
2595 2009 2780 2071 libris
2805 2008 3154 2084 praesertim
3183 2007 3490 2087 publicis.
3518 2004 3676 2061 Ὠϐε-

426 2093 690 2165 λισμένην
720 2107 957 2175 autem,
991 2120 1200 2182 eoque
1222 2104 1362 2181 ipso
1396 2123 1515 2168 ceu
1537 2115 1926 2185 suspectam.
1962 2108 2346 2185 praeteriisse
2380 2125 2528 2171 mox
2560 2106 2881 2179 librarios,
2918 2106 2978 2168 id
3018 2122 3167 2170 vero
3190 2114 3364 2169 extra
3398 2104 3674 2177 dubium

427 2211 577 2257 esse
638 2197 941 2260 arbitror.
998 2199 1177 2261 Unde
1226 2218 1343 2263 nec
1400 2201 1659 2273 mirum,
1694 2202 1748 2262 si
1800 2199 2078 2264 defuerit
2120 2204 2187 2266 in
2229 2204 2565 2266 codicibus
2609 2202 2940 2283 aliquibus
2975 2204 3166 2264 etiam
3218 2209 3363 2263 ante
3388 2211 3676 2277 tempore

428 2292 811 2373 Hieronymi
854 2302 915 2355 et
948 2294 1011 2355 in
1047 2297 1529 2358 commentariis
1558 2297 1955 2360 Graecorum.
2007 2301 2088 2361 At
2133 2300 2406 2362 dubium
2444 2316 2571 2362 non
2616 2301 2705 2373 ﬁt,
2747 2299 2908 2379 quin
2945 2298 3300 2376 capitulum
3333 2299 3474 2368 hoc,
3509 2299 3678 2359 Ver—

424 2386 631 2449 sionis
667 2388 937 2467 vulgatae
982 2398 1042 2451 et
1094 2392 1556 2471 exemplarium
1613 2393 2201 2458 vetustissimorum
2256 2398 2377 2459 ﬁde
2405 2396 2782 2469 stabilitum,
2820 2395 2986 2458 inter
3023 2394 3223 2457 sancti
3254 2392 3523 2457 Joannis
3552 2411 3671 2473 ge-

427 2486 629 2550 nuina
664 2489 990 2551 recenseri
1020 2489 1316 2551 debeat.»
1355 2492 1574 2566 Ipsum
1606 2492 1799 2553 latius
1839 2492 2264 2556 disserentem
2300 2493 2591 2568 consule,
2625 2499 2688 2556 et
2716 2492 3153 2572 Augustinum
3188 2490 3563 2565 Calmetum,
3600 2492 3679 2567 ζει

423 2589 683 2650 Petrum
720 2589 1018 2651 Sabatier
1068 2589 1133 2651 in
1172 2606 1290 2652 sua
1320 2592 1525 2653 Veteri
1554 2590 1789 2653 Italica
1825 2593 2138 2655 Versione.

506 2687 643 2749 102.
678 2685 1064 2765 Interpolata
1099 2703 1171 2749 ac
1201 2686 1418 2749 vitiata
1463 2687 1602 2752 loca
1654 2690 1912 2751 inerant
1940 2686 2168 2751 eodem
2199 2685 2266 2748 in
2306 2685 2550 2759 codice,
2587 2701 2720 2763 quo
2763 2684 3281 2763 TheOphylactus
3318 2682 3623 2747 utebatur
3657 2703 3675 2754 ;

423 2779 810 2862 inerantq‘ue
884 2783 1187 2863 genuinae
1263 2782 1577 2846 lectiones
1623 2829 1641 2857 ,
1717 2800 1751 2846 a
1803 2783 2045 2862 quibus
2121 2784 2360 2845 abeunt
2430 2782 2687 2845 codices
2772 2780 2883 2843 alii
2956 2781 3245 2859 itemque
3320 2779 3671 2842 editiones.

422 2878 774 2959 Utriusque
829 2880 1085 2959 generis
1144 2880 1328 2958 plura
1376 2880 1672 2957 exempla
1714 2880 1902 2941 offert
1962 2883 2243 2943 Joannes
2306 2881 2556 2943 Millius
2611 2881 2678 2943 in
2734 2878 3218 2957 Prolegomenis
3283 2878 3361 2940 ad
3416 2878 3672 2939 Novum

425 2976 902 3038 Testamentum
941 2977 1231 3040 Graecum
1283 2994 1318 3039 a
1352 2993 1531 3038 num.
1569 2978 1745 3040 1059.
1785 2977 2150 3055 Specimina
2184 2975 2383 3039 aﬂ'ero
2421 2975 2765 3050 nonnulla,
2798 2984 2870 3038 ut
2909 2975 3047 3038 heec
3072 2972 3275 3056 magis
3306 2973 3679 3037 innotescat

424 3069 923 3133 animadversio.

505 3170 687 3246 [LXI]
724 3172 792 3232 In
829 3174 1181 3254 Evangelio
1210 3174 1485 3238 Matthmi
1518 3174 1722 3253 capite
1744 3193 1834 3246 tv,
1873 3193 1931 3237 v.
1962 3174 2065 3250 21s,
2104 3175 2276 3237 inter
2306 3192 2417 3239 eos
2455 3175 2567 3255 qui
2596 3175 2793 3237 variis
2826 3174 3236 3254 languoribus
3272 3172 3479 3235 aﬂ'ecti
3520 3171 3682 3233 male

425 3284 488 3324 se
505 3266 832 3339 habebant,
862 3270 926 3331 in
956 3272 1254 3333 versione
1291 3273 1535 3348 vulgata
1568 3271 1861 3333 Lunatici
1892 3271 2385 3349 distinguuntur
2411 3271 2489 3332 ab
2514 3272 2593 3332 iis
2625 3270 2740 3350 qui
2771 3269 3072 3334 daemonia
3102 3269 3431 3334 habebant.
3485 3268 3680 3343 Apud

424 3359 977 3443 Tlieophylactuln
1005 3368 1245 3431 mentio
1268 3369 1443 3431 nulla
1478 3379 1587 3432 τῶν
1612 3378 2026 3450 δαιμονιζομένυ

2065 3395 2097 3440 ι,
2121 3368 2232 3430 sed
2268 3383 2381 3446 pro
2414 3366 2513 3428 his
2535 3365 2841 3446 intelligit
2872 3367 3010 3445 ipse
3026 3367 3287 3428 eosdem
3322 3364 3667 3426 lunaticos.

424 3458 874 3522 Commentarii
899 3464 1089 3525 verba
1113 3472 1293 3528 sunt:
1318 3464 1660 3527 Lunaticos
1686 3474 1893 3528 autem
1915 3465 2074 3528 dicit
2100 3464 2534 3539 dwmoniacos,
2558 3472 2679 3527 etc.
2712 3467 2935 3542 Marci,
2960 3467 3162 3543 capite
3186 3484 3230 3539 ι,
3269 3482 3328 3526 v.
3355 3464 3458 3536 29,
3493 3471 3682 3537 Ἐξελ-

423 3565 533 3656 οῲν
559 3563 743 3656 ἦλθεν,
774 3560 1093 3656 egrediens
1120 3564 1312 3636 venit,
1350 3578 1463 3641 pro
1501 3571 1813 3636 ἐξελθόντες
1845 3569 2025 3642 ἦλθον1

2074 3560 2450 3641 egredientes
2473 3569 2807 3656 venerunt,
2833 3562 3138 3624 Proxime
3170 3561 3438 3641 quidem
3461 3559 3676 3621 solius

425 3654 658 3717 Christi
711 3653 954 3717 mentio
985 3663 1120 3718 est:
1156 3658 1270 3720 sed
1296 3660 1641 3738 respicitur
1688 3660 1765 3724 ad
1798 3662 2138 3738 superiora
2165 3677 2224 3721 v.
2256 3658 2360 3731 2|,
2406 3658 2520 3720 ubi
2563 3659 2642 3719 de
2673 3653 3018 3737 disCipulis
3050 3658 3377 3737 simulque
3424 3655 3682 3721 Christo

423 3752 659 3831 agitur.
692 3754 877 3814 Luca;
905 3753 1111 3829 capite
1138 3774 1183 3829 ι,
1231 3774 1292 3819 v.
1328 3758 1443 3832 73,
1481 3768 1672 3837 ὅρκου,
1691 3756 2048 3840 juramenti
2093 3769 2229 3831 pro,
2254 3754 2917 3834 apxovjuramentum;
2952 3754 3113 3816 illud
3157 3761 3373 3816 autem
3401 3770 3436 3815 a
3466 3752 3684 3814 Theo—

424 3848 723 3928 phylacto
763 3857 1148 3930 usurpatum
1182 3861 1529 3935 syntaxeos
1551 3856 1774 3935 gratia.
1816 3858 1891 3917 Et
1914 3851 2119 3931 capite
2145 3869 2259 3923 xu,
2291 3870 2347 3915 ν.
2375 3851 2477 3924 23,
2504 3859 2712 3927 πλεῖον,
2745 3852 2971 3933 major,
3004 3851 3087 3913 ob
3115 3851 3482 3929 praecedens
3524 3861 3682 3931 ψυχὴ

424 3962 544 4024 pro
592 3963 746 4011 voce
791 3959 998 4027 πλεῖον,
1029 3950 1197 4031 plus.
1224 3951 1492 4015 Joannis
1529 3953 1734 4030 capite
1768 3971 1812 4020 ι,
1845 3970 1907 4013 v.
1958 3951 2026 4011 lsi

2113 3957 2351 4028 πρῶτον,
2403 3949 2700 4026 primum,
2741 3963 2889 4010 cum
2942 3956 3183 4028 πρῶτος,
3218 3949 3493 4026 primus,
3548 3947 3677 4027 legi

423 4042 673 4108 debeat.
726 4051 799 4111 Et
826 4052 1033 4120 capite
1067 4070 1130 4124 x,
1171 4058 1225 4112 v.
1280 4052 1383 4124 33,
1442 4060 1524 4112 ὅτι
1555 4057 1645 4117 σύ.
1680 4049 1923 4110 omisso
1967 4074 2025 4115 κο

2075 4097 2085 4123 ,
2124 4060 2181 4111 ει
2215 4047 2367 4125 quia
2410 4056 2501 4106 tu.
2539 4046 2612 4104 Et
2662 4044 2869 4121 capite
2897 4062 2987 4114 Il,
3028 4063 3086 4108 ν.
3124 4047 3224 4118 12,
3305 4050 3472 4108 εἶπον
3507 4049 3677 4110 οὖν...

421 4150 595 4223 αὐτῷ,
613 4145 918 4207 dixerunt
948 4167 1091 4227 ergo
1120 4147 1542 4226 discipuliei;
1576 4146 1684 4207 ubi
1718 4154 1869 4224 αὐτῷ
1900 4147 2296 4226 adjectitium
2321 4149 2439 4203 est.
2478 4138 2656 4201 Paria
2692 4148 2847 4202 sunt
2878 4140 3154 4218 plurima
3178 4141 3246 4203 in
3277 4142 3679 4221 Evangeliis,

423 4238 495 4301 in
527 4242 701 4302 Actis
736 4246 1205 4321 apostolorum,
1245 4246 1312 4306 in
1351 4242 1659 4321 Epistolis
1691 4243 1896 4316 Pauli,
1933 4254 1996 4305 et
2047 4239 2398 4309 Catholicis
2428 4238 2599 4316 apud
2632 4237 2946 4300 Millinm.

499 4330 625 4392 Sed
654 4350 764 4395 nec
797 4353 1029 4414 parum
1082 4335 1678 4413 tectionum,inquit
1732 4333 1845 4397 ille
1888 4336 2026 4398 loco
2067 4340 2284 4412 citato,
2345 4338 2413 4398 in
2476 4336 2931 4414 Theophylacti
2990 4336 3201 4400 codice
3260 4337 3687 4417 genuinarum

424 4430 728 4492 occurrit.
762 4434 999 4495 Paucas
1023 4450 1144 4511 ego
1177 4433 1400 4495 affero.
1438 4431 1717 4494 Matthmi
1747 4432 1953 4507 capite
2002 4450 2183 4509 xxiv,
2219 4449 2281 4493 ν.
2308 4430 2370 4500 2,
2416 4428 2700 4492 ineditis
2724 4436 2788 4490 et
2833 4446 2985 4492 mss.
3024 4430 3381 4511 aliquibus,
3433 4440 3509 4494 oe
3542 4438 3673 4509 βλέ-

423 4550 580 4601 πετε,
614 4544 744 4587 non
781 4525 1042 4587 videtis:
1074 4526 1216 4586 sine
1245 4534 1305 4587 οὐ
1329 4526 1498 4601 apud
1532 4523 2014 4601 TheOphylactu

2091 4576 2106 4591 .
2133 4526 2327 4613 Marci
2363 4525 2569 4603 capite
2596 4542 2640 4596 ι,
2695 4542 2756 4586 v.
2820 4527 2922 4595 38,
2961 4538 3061 4602 Εἰς
3094 4537 3254 4592 τοῦτο
3281 4538 3392 4607 γὰρ
3422 4536 3684 4605 ἐλήλυθα,

419 4625 503 4687 ad
531 4628 646 4690 hoc
676 4625 834 4686 enim
864 4642 1004 4684 vent
1029 4644 1050 4685 :
1083 4639 1211 4683 non
1232 4621 1548 4691 ἐξελήλυθα,
1579 4621 1733 4682 exii.
1762 4621 2021 4682 Joannis

2092 4620 2260 4698 apite
2287 4636 2458 4691 vn,v.
2504 4618 2727 4691 21,22,
2766 4622 2863 4676 'Ev
2891 4622 3053 4693 ἔργον
3076 4623 3329 4692 ἐποίησα,
3358 4623 3454 4676 καὶ
3478 4624 3689 4686 πάντες

420 4733 734 4806 θαυμάζετε
755 4732 845 4787 διὰ
874 4729 1052 4785 τοῦτο.
1076 4729 1307 4796 Μωσῆς,
1342 4743 1403 4779 κ.
1424 4726 1542 4779 τ.λ.
1564 4717 1772 4779 Unum
1807 4733 1972 4795 opus
1993 4716 2022 4778 ﬁ

2083 4718 2141 4791 :i,
2167 4725 2470 4779 etomnes
2493 4712 2810 4777 miramini
2837 4722 3102 4790 propter
3117 4711 3254 4772 hoc.
3270 4712 3543 4788 Moyses,
3560 4717 3685 4773 etc.

420 4827 511 4886 Ita
540 4824 790 4886 scilicet
822 4818 1225 4897 interpunxit
1252 4814 1801 4893 Theophylactus,
1838 4818 2254 4897 genuinaque
2289 4831 2418 4877 non
2451 4811 2675 4892 paucis
2710 4808 2900 4873 lectio
2942 4807 3221 4869 videtur.
3278 4806 3590 4887 Reliquas
3617 4806 3688 4870 id

419 4934 627 4998 genus
670 4914 985 4979 lectiones
1061 4910 1208 4972 vide
1254 4908 1423 4987 apud
1458 4907 1767 4970 Millium.
2114 4926 2118 4931 θ

502 5015 716 5077 Satius
778 5009 967 5074 nobis
1051 5004 1249 5069 fuerit
1302 5004 1649 5067 nonnullas
1711 5005 2004 5069 attulisse
2057 5003 2403 5079 utriusque
2461 4996 2711 5068 classis,
2759 5003 2831 5058 ut
2889 4993 3076 5056 novis
3135 4993 3199 5057 in
3251 4992 3688 5068 editionibus,

421 5130 569 5193 quae
625 5116 1035 5182 accurentur,
1086 5105 1209 5167 sibi
1238 5104 1332 5167 fas
1358 5120 1488 5166 non
1536 5122 1680 5166 esse
1707 5104 2075 5181 intelligant
2098 5099 2412 5193 editores,
2446 5093 2546 5153 vel
2585 5109 2697 5193 pro
2732 5092 2927 5193 genio
2974 5090 3367 5193 mutationes
3400 5091 3469 5153 in
3497 5093 3684 5193 Crte-

421 5187 568 5273 eum
610 5218 856 5284 textum
910 5205 1240 5284 invehere,
1286 5210 1399 5265 aut
1436 5202 1671 5279 passim
1705 5210 1765 5262 et
1794 5193 2360 5263 indiscriminatim
2397 5191 2462 5251 in
2492 5189 2711 5251 Latina
2763 5187 3062 5250 versione
3090 5188 3493 5250 substituere
3526 5189 3692 5249 Vul-

422 5315 654 5385 gatam.
696 5283 1072 5383 Exemplum
1123 5302 1305 5365 affert
1336 5300 1669 5362 Simonius
1693 5297 1835 5361 loco
1860 5296 2099 5373 smpius
2126 5294 2320 5354 citato
2343 5304 2421 5349 ex
2445 5285 2729 5360 Epistola
2760 5283 2938 5346 Pauli
2980 5286 3057 5345 ad
3118 5284 3690 5385 Ephe‘sios‘capite

420 5380 506 5479 iv,
532 5403 837 5476 v.19,ubi
861 5380 1117 5465 Graecus
1148 5408 1357 5463 textus
1389 5399 1558 5476 apud
1592 5396 2022 5473 TheOphylacl

2087 5388 2258 5450 msic
2310 5385 2538 5446 habet:
2571 5395 2788 5456 Οἶτινες
2819 5390 3240 5460 ἀπηλγηκότες,
3281 5380 3689 5449 indolem”:

421 5502 618 5565 si-din
638 5504 937 5565 versione
966 5498 1248 5577 Philippi
1271 5493 1559 5559 Montani
1587 5494 1824 5572 legitur
1853 5507 2000 5552 cum
2035 5486 2323 5564 Vulgata,
2361 5483 2793 5564 desperantes,
2835 5483 3052 5545 Greece
3085 5486 3504 5577 emunitam.
3554 5478 3693 5538 Hac

420 5598 501 5662 de
525 5615 592 5662 re
624 5598 721 5661 vel
750 5598 887 5679 ipse
903 5591 1422 5678 Hieronymusin
1444 5588 1923 5656 Commentario
1948 5588 2321 5649 adnotatum
2347 5586 2653 5662 reliquit:
2691 5582 2913 5656 «Quod
2943 5590 3157 5679 autem
3178 5578 3301 5679 ait,
3331 5578 3440 5656 qui
3466 5576 3695 5679 despe-

422 5705 637 5758 rantes
686 5671 1077 5778 εθὴιειίρεοε,
1136 5671 1198 5759 i'd
1243 5708 1365 5766 est,
1397 5699 1788 5772 ἀπηλγηκότες
1819 5695 2024 5752 ἑαυτοῦ

2114 5681 2317 5744 multo
2353 5680 2532 5743 aliud
2566 5681 2629 5742 in
2710 5680 2931 5741 Graeco
2986 5675 3330 5778 significat,
3391 5685 3588 5752 quam
3627 5671 3698 5778 in

420 5796 673 5862 latino.
732 5770 1150 5877 Desperantes
1199 5797 1471 5877 quippe,
1503 5770 1916 5869 cantamen;
1965 5803 2022 5849 ut

2090 5779 2426 5844 minantur:
2489 5780 2873 5841 λοοδγηκὸτες
2928 5779 3142 5835 autem
3211 5770 3277 5831 hi
3335 5776 3516 5840 sunt,
3569 5770 3692 5849 qui
