4058 6470
360 381 466 448 125
1196 383 1296 444 DE
1333 381 1911 444 THEOPHYLACTI
1950 383 2221 446 GESTIS
2260 386 2357 446 ET
2395 387 2762 453 SCRIPTIS.
3492 393 3596 460 126

357 502 694 576 postquam
732 494 1151 573 peccaverint,
1183 513 1316 556 non
1369 494 1621 566 dolent,
1657 493 1769 572 qui
1835 512 2239 574 nequaquam
2276 500 2633 562 sentientes
2667 504 2921 566 ruinam
2952 524 3159 583 suam,
3192 507 3496 571 feruntur
3526 511 3596 570 in

353 608 673 670 pronum;
708 599 769 653 et
827 598 1126 671 tanquam
1188 592 1408 654 bestia:
1459 590 1700 653 ferrum
1740 591 2034 663 videntes
2065 589 2129 649 in
2170 598 2444 652 mortem
2481 602 2675 654 ruunt
2708 640 2723 655 .
2756 640 2771 657 .
2808 637 2824 651 .
2856 598 3307 674 Exprimamus
3359 599 3414 660 si
3445 615 3598 676 pos-

351 686 563 764 simus
592 687 861 750 verbum
897 689 976 749 de
1011 688 1232 759 verbo,
1266 696 1325 749 et
1360 687 1652 752 dicamus
1673 692 2076 766 ἀπηλγηκότες,
2103 686 2356 748 indolen
2374 694 2492 761 tes,
2535 706 2650 751 seu
2682 690 3097 755 indolorios.»
3132 694 3595 774 Theophylami

348 782 946 859 interpretationem
1005 782 1098 843 sic
1136 783 1350 844 Latine
1410 785 1619 845 reddit
1669 786 2065 846 Montanus:
2120 782 2548 858 Desperantes
2578 787 2763 861 enim,
2821 789 3049 867 inquit,
3080 791 3192 852 hoc
3221 800 3312 851 est
3370 808 3589 870 segnes

345 880 527 958 facti,
573 881 861 941 nolentes
886 880 1200 953 laborare,
1234 889 1305 940 ut
1336 881 1661 941 inveniant
1694 880 1946 940 bonum.
1984 878 2096 939 Ubi
2130 880 2272 940 sine
2310 881 2519 942 dubio
2569 899 2788 943 vocem
2813 891 3202 961 ἀπηλγηκότες
3226 887 3591 949 declarabat

347 973 896 1053 Theophylnctus,
932 992 1057 1041 non
1089 986 1500 1056 ἀπηλπηκότες.
1538 976 1742 1037 Verba
1799 980 1949 1036 sunt

348 1076 734 1107 )-A.........r---
790 1073 899 1107 Im-
949 1083 1038 1107 -..ιι
1068 1072 1308 1107 λωιὶλοο
1359 1073 1592 1107 hince“,
1650 1071 1935 1107 ηοηιὶηιιω

2011 975 2157 1107 min]
2191 975 2334 1052 ejus
2361 997 2378 1036 :
2408 986 2791 1058 ἀπηλγηκότες
2805 988 2935 1060 γὰρ,
2954 990 3109 1060 φησὶ,
3129 990 3375 1045 τουτέστι
3398 994 3613 1107 κατεῤ-,

2011 1089 2034 1107 ο
2093 1071 2221 1107 ,ηις

345 1076 754 1149 (aeuisque-reg,
786 1073 899 1133 hoc
946 1083 1038 1135 est
1066 1072 1332 1146 desides,
1359 1073 1615 1144 inertes,
1650 1071 2034 1159 negligentes
2064 1071 2241 1149 facti.
3606 1071 3613 1153 ζ

429 1176 570 1236 103.
621 1177 688 1237 In
723 1178 915 1239 editis
949 1179 1410 1259 TheOphylacti
1448 1178 1513 1238 in
1540 1176 1968 1255 evangelistas
1994 1177 2491 1242 Commentariis
2536 1180 2757 1243 eadem
2783 1181 3284 1261 Evangeliorum
3313 1184 3596 1245 occurrit

342 1268 586 1331 divisio
622 1273 684 1332 in
719 1274 954 1352 capita,
1002 1293 1147 1354 quae
1193 1275 1361 1352 apud
1402 1273 1663 1334 Latinos
1698 1271 2024 1349 hodieque
2067 1273 2137 1334 in
2183 1293 2309 1336 usu
2358 1286 2479 1338 est.
2514 1280 2949 1340 Numerantur
3008 1279 3253 1357 quippe
3311 1279 3593 1340 Matthmi

342 1365 552 1444 (nepita
583 1368 684 1441 28,
711 1370 909 1431 Marci
943 1372 1038 1444 16,
1074 1373 1261 1432 Lucae
1284 1369 1386 1443 21+,
1424 1377 1484 1430 et
1514 1367 1781 1429 Joannis
1806 1369 1906 1428 21.
1930 1368 2209 1439 Joannes
2243 1372 2472 1433 Croius
2502 1375 2671 1450 apud
2707 1375 3123 1436 Laurentium
3153 1374 3592 1436 Alexandrum

341 1463 735 1540 Zacagnium
767 1466 832 1525 in
864 1465 1235 1545 prmfatione
1262 1466 1338 1526 ad
1365 1462 1764 1525 Collectanea
1792 1474 2336 1527 monumentorum
2356 1478 2633 1530 veterum
2656 1471 2955 1532 Ecclesia:
2984 1470 3214 1533 Graece
3247 1480 3306 1531 et
3326 1470 3590 1547 Latinae,

342 1575 526 1620 num.
556 1562 714 1632 LVI,
755 1562 1183 1633 existimabat,
1217 1562 1380 1624 hanc
1423 1560 1925 1622 vetustissimam
1958 1578 2102 1623 esse
2133 1564 2555 1639 divisionem;
2600 1567 3003 1646 putavitque,
3037 1568 3590 1653 Theophylactum,

340 1656 454 1734 qui
480 1655 812 1719 undecimo
845 1659 1211 1722 Christiano
1281 1658 1506 1719 sceculo
1540 1657 1709 1719 inter
1742 1656 1993 1718 Graecos
2022 1658 2269 1739 ﬂoruit,
2307 1660 2514 1722 eadem
2559 1680 2741 1723 usum
2778 1664 2976 1744 fuisse
3015 1662 3082 1724 in
3116 1662 3320 1740 capita
3363 1663 3590 1726 distri-

344 1749 649 1815 buuone.
3452 1808 3460 1821 .

414 1848 683 1910 Croium
725 1849 965 1911 refellit
993 1850 1236 1911 ibidem
1269 1848 1624 1928 Zacagnius
1661 1869 1676 1905 :
1712 1868 1741 1903 ‹‹
1775 1847 1965 1919 Sane,
2002 1847 2343 1928 inquiens,
2402 1853 2575 1932 quod
2639 1870 2720 1915 ex
2772 1851 3223 1933 Theophylacti
3270 1855 3339 1914 in
3377 1855 3587 1914 Evan-

337 1943 511 2023 gelia
557 1945 1039 2009 Commentariis
1082 1948 1256 2009 idem
1303 1957 1528 2007 auctor
1571 1945 1879 2023 opponit,
1931 1944 2312 2021 scriptorum
2375 1949 2672 2011 codicum
2724 1951 3101 2011 auctoritate
3157 1949 3389 2012 falsum
3443 1967 3586 2012 esse

338 2043 777 2106 convincitur.
816 2046 1129 2106 Vetu‘stus
1163 2044 1336 2106 enim
1375 2040 1839 2120 TheOphylacti
1871 2042 2218 2105 Vaticanus
2249 2045 2451 2106 codex
2482 2063 2659 2108 num.
2702 2047 2842 2119 61:5,
2872 2050 3093 2109 eadem
3131 2065 3272 2127 quae
3312 2047 3592 2109 Alexan-

339 2138 578 2201 drinus
618 2147 681 2201 et
730 2141 944 2203 caeteri
977 2141 1473 2218 Evangeliorum
1531 2139 1733 2202 Graeci
1785 2137 2062 2209 codices,
2100 2139 2287 2202 habet
2327 2143 2626 2221 capitula.
2664 2166 2694 2201 ››
2743 2145 3175 2206 Numerantur
3224 2143 3473 2205 scilicet
3518 2143 3585 2206 in

339 2235 644 2297 Matthmo
675 2234 779 2306 ἕης
811 2238 911 2306 68,
946 2238 1010 2298 in
1046 2239 1258 2299 Marco
1304 2244 1414 2309 μη’.
1445 2236 1547 2307 ιι8,
1586 2235 1654 2296 in
1688 2236 1854 2296 Luca
1885 2250 1941 2299 πτ

1984 2277 1999 2301 ,
2032 2237 2132 2309 83,
2165 2236 2233 2298 in
2265 2240 2511 2300 Joanne
2545 2236 2634 2309 ιη’,
2685 2239 2783 2301 18.
2822 2260 2849 2294 ‹‹
2896 2238 3070 2300 Idem
3104 2239 3167 2299 in
3201 2239 3330 2300 alio
3361 2240 3584 2302 codice

340 2348 529 2395 num.
567 2335 718 2395 1221
750 2335 1042 2412 ejusdem
1075 2334 1483 2396 bibliotheca:
1516 2333 1918 2407 observatur,
1946 2334 2264 2411 scripto...
2296 2334 2397 2395 die
2450 2334 2486 2395 3
2527 2333 2772 2414 Aprilis
2827 2337 2984 2397 anni
3032 2335 3207 2409 1151i,
3245 2335 3590 2398 indictione

338 2430 645 2493 secunda.
692 2436 770 2494 At
801 2433 869 2495 in
900 2433 1119 2497 codice
1155 2451 1335 2496 num.
1366 2432 1507 2504 61th,
1541 2449 1673 2494 non
1702 2432 2067 2503 Graecorum
2102 2430 2410 2508 capitula,
2443 2431 2555 2492 sed
2591 2432 2865 2504 numeri,
2894 2429 3010 2510 qui
3053 2431 3418 2494 Canonibus
3452 2432 3589 2493 Eu-

338 2525 622 2589 sebianis
671 2527 1063 2604 inserviunt,
1115 2532 1190 2592 ad
1226 2528 1485 2609 singula
1515 2527 2014 2606 Evangeliorum
2050 2528 2183 2587 loca
2218 2543 2250 2585 a
2293 2525 2774 2605 'I‘heOphylacto
2821 2527 3137 2603 exposita,
3181 2527 3248 2589 in
3302 2529 3587 2606 margine

338 2634 846 2700 apponuntur...
877 2626 968 2686 Ex
1007 2624 1250 2705 quibus
1303 2624 1609 2687 omnibus
1644 2624 1951 2703 colligere
1987 2624 2155 2693 licet,
2194 2621 2778 2700 'l‘heOphylactum,
2819 2622 3188 2702 Evangelia,
3215 2643 3344 2684 non
3392 2627 3590 2685 inter-

338 2728 541 2798 rupta
574 2729 787 2783 textus
819 2722 1005 2793 serie,
1027 2721 1414 2802 exposuisse
1448 2742 1465 2781 :
1498 2718 1840 2781 divisiones
1871 2735 2049 2794 vero,
2080 2735 2226 2797 qua:
2265 2735 2409 2779 cum
2445 2717 2688 2779 eisdem
2727 2720 3204 2780 commentariis
3244 2720 3584 2793 habentur,

338 2832 374 2878 a
408 2816 725 2892 librariis,
746 2825 835 2887 _ut
870 2816 1182 2880 lectorum
1218 2815 1656 2879 commoditati
1704 2815 2142 2883 consulerent,
2175 2814 2449 2897 adjectus
2485 2815 2714 2895 fuisse;
2767 2814 3051 2893 denique
3099 2816 3376 2894 Vulgata
3414 2816 3587 2877 Lati-

336 2930 575 2974 norum
599 2912 894 2975 editionis
926 2913 1209 2993 capitula
1245 2911 1309 2973 in
1351 2911 1601 2985 codice,
1632 2911 1749 2990 qui
1778 2910 2240 2992 TheOphylacti
2273 2910 2894 2974 Commentariorum
2944 2911 3307 2977 editoribus
3357 2921 3587 2992 praesto

338 3006 497 3083 fuit,
534 3025 568 3069 a
599 3011 842 3071 recenti
883 3008 1105 3088 aliquo
1134 3008 1402 3070 librario
1433 3006 1719 3069 adhibita
1759 3024 1928 3071 esse.
1967 3030 1997 3065 υ

420 3107 656 3183 [LXII]
694 3106 843 3168 Haec
881 3105 1142 3168 facilius
1193 3111 1267 3167 ut
1296 3102 1768 3184 intelligantur,
1802 3104 2093 3168 Waltoni
2143 3105 2407 3170 demum
2439 3104 2607 3166 addo
2659 3103 3215 3183 praemonitionem
3248 3123 3388 3185 quze
3440 3115 3484 3168 t.
3533 3110 3587 3168 V

338 3200 706 3264 Bibliorum
764 3219 1093 3266 sacrorum
1129 3202 1436 3264 habetur:
1466 3224 1494 3258 ν
1554 3202 1809 3262 Graecos
1872 3201 2295 3285 Evangelium
2345 3201 2416 3263 in
2447 3210 2616 3263 certa
2666 3214 2964 3283 κεφάλαια,
3004 3204 3070 3265 id
3098 3212 3193 3266 est
3226 3204 3435 3280 capita
3479 3202 3585 3263 dio

338 3300 693 3374 stinxisse;
725 3300 868 3380 ipsa
912 3316 1065 3364 vero
1109 3299 1315 3379 capita
1353 3299 1422 3362 in
1460 3307 1790 3379 περικοπὰς,
1821 3313 1942 3358 seu
1978 3296 2227 3357 minora
2254 3299 2781 3378 segmenta,quasi
2824 3300 2892 3361 in
2948 3296 3174 3378 plures
3243 3293 3586 3372 particulas

339 3398 708 3462 subdivisa.
749 3400 1034 3463 Minores
1090 3399 1466 3479 hujusmodi
1533 3400 1855 3463 sectiones
1882 3396 2173 3459 fecerunt
2224 3390 2348 3469 ipsi
2380 3391 2449 3454 in
2502 3393 2731 3456 Sancto
2764 3393 3073 3458 Matthao
3140 3397 3271 3465 m',
3303 3390 3464 3465 355;
3519 3391 3585 3451 in

319 3496 572 3556 ’Ματσο
602 3504 749 3573 σλς’,
778 3497 932 3571 236;
967 3497 1035 3560 in
1060 3495 1233 3558 Luca
1257 3496 1407 3577 eup',
1459 3495 1616 3569 3&2;
1646 3496 1709 3559 in
1738 3497 1966 3557 Sancto
2011 3491 2255 3551 Joanne
2303 3496 2442 3569 σλβ’,
2493 3490 2637 3552 232.
2668 3493 2861 3553 Juxta
2889 3491 3211 3552 sectiones
3248 3488 3398 3549 istas
3459 3484 3587 3548 mi-

340 3608 540 3654 nores
575 3592 914 3667 Eusebius,
950 3593 1359 3657 Caasariensis
1391 3592 1758 3671 episc0pus,
1789 3601 2113 3652 canonesx
2148 3582 2230 3646 ad
2258 3585 2739 3649 concordantias
2798 3585 3300 3664 Evangeliorum
3335 3581 3588 3645 facilius

341 3687 804 3764 inveniendas,
852 3687 1166 3751 confecit:
1222 3705 1501 3769 quorum
1551 3705 1674 3767 ope
1704 3685 1865 3762 loca,
1916 3686 1994 3747 .in
2055 3680 2297 3759 quibus
2337 3681 2493 3755 duo,
2550 3689 2679 3744 tres
2742 3681 2842 3745 vel
2905 3690 3185 3762 quatuor
3249 3675 3585 3756 evangeli-

339 3787 620 3853 starum,
684 3796 816 3840 rem
854 3779 1147 3843 eamdem
1193 3786 1558 3851 tractantes,
1587 3779 1760 3840 inter
1807 3795 1879 3840 se
1918 3778 2344 3851 concordant;
2405 3776 2503 3838 vel
2540 3777 2650 3841 ubi
2680 3777 2922 3858 aliquis
2956 3780 3244 3855 ipsorum
3295 3773 3589 3855 quaedam

342 3875 567 3950 habet,
625 3893 770 3953 quas
823 3872 954 3938 nun
1011 3881 1163 3938 sunt
1208 3876 1276 3938 in
1364 3875 1666 3952 reliquis,
1715 3873 1895 3937 nullo
1949 3873 2209 3952 negotio
2242 3873 2677 3935 inveniantur.
2709 3876 2785 3936 V.
2822 3892 2893 3952 g.
2931 3872 3209 3937 Matthaai
3244 3871 3452 3949 capite
3482 3885 3579 3938 ιιι,

342 3992 406 4037 v.
448 3974 547 4045 11,
590 3979 734 4048 Ἐγὼ
764 3979 864 4051 μὲν
896 3978 1175 4050 βαπτίζω,
1210 3988 1318 4050 ego
1355 3968 1601 4051 quidem
1652 3970 1929 4049 baptizo,

1991 3968 2339 4049 apponitur
2383 3970 2449 4029 in
2482 3970 2768 4048 margine
2797 3970 2932 4032 haec
2960 3976 3110 4031 nota
3160 3970 3252 4041 ἰᾶ,
3286 3982 3411 4029 una
3442 3982 3587 4026 cum

342 4090 382 4130 α
405 4068 775 4147 subscripto
814 4086 829 4125 :
876 4069 1053 4149 quod
1087 4069 1166 4131 ad
1223 4086 1518 4129 canonem
1568 4066 1843 4143 primum
1878 4063 2110 4144 (littera
2139 4083 2178 4121 α
2216 4062 2575 4141 subscripta
2609 4062 2985 4144 indicatum)
3018 4063 3324 4125 lectorem
3371 4061 3593 4122 remit-

346 4166 445 4228 tit.
511 4168 583 4227 ln
632 4181 762 4244 quo
795 4164 1052 4247 (primo)
1086 4182 1319 4225 canone
1377 4162 1611 4247 litteris
1664 4162 1809 4222 istis
1840 4161 2370 4223 nnmeralibusw‘t
2404 4159 2716 4234 inventis,
2767 4160 2980 4221 statim
3014 4178 3093 4222 ex
3144 4159 3458 4221 diametro
3520 4156 3586 4219 in

343 4263 574 4325 eadem
634 4262 845 4323 tabula
886 4261 1274 4324 exhibentur
1308 4261 1446 4321 loca
1482 4259 1547 4320 in
1584 4258 1861 4337 reliquis
1927 4256 2378 4334 evangelistis,
2432 4273 2749 4336 quaecum
2807 4255 2929 4319 hoc
2987 4258 3402 4320 concordant:
3458 4254 3591 4317 sci-

344 4358 500 4421 licet
533 4360 655 4419 sub
690 4358 911 4419 Marco
942 4363 983 4421 δ¹
1005 4403 1021 4430 ,
1076 4356 1197 4418 sub
1232 4354 1405 4416 Luca
1438 4360 1492 4428 ι’,
1533 4360 1594 4416 et
1624 4353 1748 4415 sub
1775 4354 1946 4414 Joanl

620 4360 655 4419 b
690 4358 911 4419 Marco
942 4363 1021 4430 δ’,
1076 4356 1197 4418 sub
1232 4354 1405 4416 Luca
1438 4360 1492 4428 ι’,
1533 4360 1594 4416 et
1624 4353 1748 4415 sub
1775 4354 2020 4414 Joanne
2059 4359 2147 4430 ιβ’.
2184 4376 2211 4408 ››

423 4453 650 4531 Neque
686 4457 894 4512 tamen
959 4467 1168 4521 voces,
1203 4458 1474 4528 κεφάλαια
1528 4457 1591 4510 et
1650 4456 1953 4527 περικοπαὶ
2019 4467 2025 4499 l

2019 4467 2145 4509 usu
2173 4448 2723 4524 constantissimo,
2750 4450 3100 4513 adnotante
3160 4449 3448 4513 Simonio
3522 4448 3590 4510 in

345 4547 645 4609 Historia
697 4546 924 4607 critica
962 4545 1029 4607 in
1057 4545 1137 4609 Ν.
1179 4546 1275 4620 1‘.,
1319 4553 1491 4608 tomo
1540 4545 1621 4619 Il,
1679 4546 1885 4623 capite
1929 4546 2031 4616 33,
2070 4552 2465 4622 usurpentur
2497 4545 2562 4606 in
2591 4546 2828 4609 Greecis
2893 4547 3266 4609 codicibus:
3303 4546 3594 4625 quando-

348 4643 615 4722 quidem
646 4651 813 4704 τίτλοι
867 4643 936 4705 in
972 4642 1300 4721 aliquibus
1350 4641 1785 4720 appellantur,
1822 4644 1887 4701 in
1923 4641 2074 4702 aliis
2103 4640 2419 4720 capitula;
2462 4649 2523 4703 et
2591 4643 2869 4719 capitula
2927 4660 3074 4722 quae
3114 4644 3435 4721 pericopo:
3480 4648 3593 4704 aut

350 4738 639 4800 minores
666 4739 1012 4802 sectiones.
1072 4739 1220 4799 Hmc
1258 4737 1680 4799 addiscuntur
1745 4737 2038 4800 codicum
2083 4736 2514 4815 inspectione.
2547 4739 2788 4800 Verum
2852 4738 3128 4800 occurrit
3159 4737 3350 4799 etiam
3384 4737 3447 4796 in
3480 4735 3585 4797 his

348 4836 566 4897 varius
621 4836 933 4897 minorum
970 4834 1343 4914 hujusmodi
1397 4834 1746 4895 sectionum
1779 4852 2111 4905 numerus,
2148 4833 2496 4911 praesertim
2539 4833 2603 4894 in
2647 4844 2863 4896 sancto
2894 4835 3140 4905 Marco,
3182 4833 3290 4894 ubi
3357 4831 3593 4908 aliqui-

346 4930 561 4997 busin
584 4931 1039 5011 manuscriptis
1077 4932 1383 4993 duntaxat
1416 4930 1535 4993 23!»
1570 4937 2071 4994 enumerantur:
2107 4933 2281 5011 quod
2319 4931 2463 4993 ideo
2537 4929 2798 5005 factum,
2864 4938 2932 4994 ut
2988 4931 3229 4992 ibidem
3259 4930 3591 4994 Simonius

350 5030 833 5102 animadvertit,
893 5029 1045 5107 quia
1076 5037 1395 5107 postrema
1418 5026 1745 5090 duodecim
1772 5030 1980 5092 Marci
2007 5028 2401 5089 commataiu
2479 5028 2729 5091 eisdem
2799 5027 3274 5091 desiderantur.
3313 5028 3592 5092 Consule

351 5125 521 5187 dicta
594 5142 769 5189 num.
837 5123 971 5187 100.

431 5221 528 5284 Ad
554 5222 713 5283 Acta
740 5219 1171 5301 apostolorum
1200 5219 1508 5300 denique,
1544 5229 1603 5284 et
1634 5220 1956 5300 Epistolas
1994 5217 2201 5296 Pauli,
2249 5230 2441 5303 atque
2477 5224 2828 5287 Canonicas
2896 5225 3070 5304 quod
3125 5223 3376 5298 attinet,
3433 5223 3597 5285 divi-

352 5320 558 5381 siones
590 5319 920 5382 invaluere
948 5319 1114 5397 apud
1149 5319 1424 5394 Grmcos,
1459 5337 1618 5397 quas
1648 5317 2405 5398 excogitavitEuthalius.
2444 5321 2627 5381 Hunc
2662 5319 3008 5381 Diaconum
3042 5326 3267 5383 vocant
3289 5318 3597 5400 frequen-

353 5415 486 5477 tius
541 5415 1404 5496 bibliographi:Sulcensem
1467 5417 1829 5495 episcopum
1913 5419 2290 5496 Zacagnius,
2342 5418 2680 5480 ﬂorentem
2716 5433 2887 5478 anno
2947 5417 3089 5488 h58,
3128 5434 3261 5497 quo
3287 5416 3590 5479 versibus

352 5512 679 5591 Epistolas
709 5515 892 5575 Pauli
923 5513 1245 5577 distinxit.
1272 5515 1453 5576 Hanc
1484 5521 1750 5576 secutus
1781 5522 1875 5574 est
1928 5512 2317 5574 divisionem
2346 5513 2764 5573 (Euumcnius
2793 5512 2863 5576 in
2901 5513 3043 5576 suis
3068 5511 3588 5586 Commentariis,

354 5625 499 5688 qum
527 5608 598 5671 in
644 5609 848 5672 Editis
880 5619 1126 5672 servata
1150 5617 1274 5672 est.
1339 5611 1519 5673 Hanc
1557 5611 1747 5671 etiam
1782 5617 2042 5671 secutus
2073 5607 2832 5689 fueritTlieOphylactus,
2891 5612 3002 5691 qui
3063 5618 3284 5691 postea
3344 5608 3589 5672 ﬂoruit.

355 5705 815 5789 Doctissimum
846 5705 1226 5785 Zacagnium
1275 5707 1540 5768 consule
1576 5706 1637 5767 in
1679 5704 2054 5767 Prmt‘atione
2112 5706 2323 5768 citata.
2354 5708 2424 5767 Et
2456 5705 2589 5769 haec
2609 5706 2740 5786 jam
2806 5708 2962 5770 satis
3031 5707 3111 5770 de
3142 5705 3303 5769 Novi
3363 5707 3589 5768 Testa-

364 5802 559 5865 menti
620 5801 843 5865 codice
877 5801 1291 5880 disseruisse,
1349 5820 1479 5885 quo
1513 5802 1682 5867 idem
1716 5800 2236 5881 archiepiscopus
2300 5802 2616 5882 Bulgaria:
2682 5802 3203 5882 TheOphylactus
3266 5799 3580 5891 utebatur.
