  <div class='ocr_page' id='page_1' title='image "/cluster/home/n/w/nwhite01/storage/ocr_20150623/123/hvd.32044019208198/071.png"; bbox 0 0 4058 6470; ppageno 0'>
   <div class='ocr_carea' id='block_1_1' title="bbox 394 290 1996 367">
    <p class='ocr_par' dir='ltr' id='par_1_1' title="bbox 394 290 1993 363">
     <span class='ocr_line' id='line_1_1' title="bbox 394 290 1993 363; baseline 0.004 -7"><span class='ocrx_word' id='word_1_1' title='bbox 394 290 496 357; x_wconf 72' lang='lat'><strong>1‘27</strong></span> <span class='ocrx_word' id='word_1_2' title='bbox 1185 296 1451 360; x_wconf 78' lang='lat' dir='ltr'><strong>~BERN.</strong></span> <span class='ocrx_word' id='word_1_3' title='bbox 1495 299 1761 362; x_wconf 66' lang='lat' dir='ltr'><strong>MARIJE</strong></span> <span class='ocrx_word' id='word_1_4' title='bbox 1804 300 1902 363; x_wconf 86' lang='lat' dir='ltr'><strong>DE</strong></span> <span class='ocrx_word' id='word_1_5' title='bbox 1941 302 1993 363; x_wconf 83' lang='lat' dir='ltr'><strong>R</strong></span> 
     </span>
    </p>
   </div>
   <div class='ocr_carea' id='block_1_2' title="bbox 2054 290 3656 367">
    <p class='ocr_par' dir='ltr' id='par_1_2' title="bbox 2056 301 3656 367">
     <span class='ocr_line' id='line_1_2' title="bbox 2056 301 3656 367; baseline 0.002 -4"><span class='ocrx_word' id='word_1_6' title='bbox 2056 301 2229 363; x_wconf 86' lang='lat' dir='ltr'><strong>BEIS</strong></span> <span class='ocrx_word' id='word_1_7' title='bbox 2269 303 2775 367; x_wconf 79' lang='lat' dir='ltr'><strong>DISSERTATIO</strong></span> <span class='ocrx_word' id='word_1_8' title='bbox 3558 302 3656 366; x_wconf 69' lang='grc'><strong>128</strong></span> 
     </span>
    </p>
   </div>
   <div class='ocr_carea' id='block_1_3' title="bbox 1930 440 2668 541">
    <p class='ocr_par' dir='ltr' id='par_1_3' title="bbox 1930 440 2668 541">
     <span class='ocr_line' id='line_1_3' title="bbox 1930 440 2668 541; baseline 0.005 -4"><span class='ocrx_word' id='word_1_9' title='bbox 1930 478 2141 541; x_wconf 78' lang='lat' dir='ltr'><strong>xxvr.</strong></span> <span class='ocrx_word' id='word_1_10' title='bbox 2665 440 2668 444; x_wconf 55' lang='grc'><strong>’</strong></span> 
     </span>
    </p>
   </div>
   <div class='ocr_carea' id='block_1_4' title="bbox 1139 653 2933 737">
    <p class='ocr_par' dir='ltr' id='par_1_4' title="bbox 1139 653 2933 737">
     <span class='ocr_line' id='line_1_4' title="bbox 1139 653 2933 737; baseline 0.002 -23"><span class='ocrx_word' id='word_1_11' title='bbox 1139 653 1228 714; x_wconf 86' lang='lat' dir='ltr'><strong>De</strong></span> <span class='ocrx_word' id='word_1_12' title='bbox 1270 656 1489 716; x_wconf 67' lang='lat' dir='ltr'><strong>Veneta</strong></span> <span class='ocrx_word' id='word_1_13' title='bbox 1525 674 1782 736; x_wconf 84' lang='lat' dir='ltr'><strong>operum</strong></span> <span class='ocrx_word' id='word_1_14' title='bbox 1829 656 2282 737; x_wconf 78' lang='lat' dir='ltr'><strong>Tlteopltylacti</strong></span> <span class='ocrx_word' id='word_1_15' title='bbox 2318 657 2594 719; x_wconf 85' lang='lat' dir='ltr'><strong>omnium</strong></span> <span class='ocrx_word' id='word_1_16' title='bbox 2639 654 2933 718; x_wconf 77' lang='lat' dir='ltr'><strong>editione.</strong></span> 
     </span>
    </p>
   </div>
   <div class='ocr_carea' id='block_1_5' title="bbox 479 797 3659 879">
    <p class='ocr_par' dir='ltr' id='par_1_5' title="bbox 479 797 3659 879">
     <span class='ocr_line' id='line_1_5' title="bbox 479 797 3659 879; baseline 0.001 -20"><span class='ocrx_word' id='word_1_17' title='bbox 479 797 608 860; x_wconf 65' lang='lat' dir='ltr'><strong>101s.</strong></span> <span class='ocrx_word' id='word_1_18' title='bbox 660 798 749 860; x_wconf 90' lang='lat' dir='ltr'><strong>De</strong></span> <span class='ocrx_word' id='word_1_19' title='bbox 792 799 1035 859; x_wconf 89' lang='lat' dir='ltr'><strong>Veneta</strong></span> <span class='ocrx_word' id='word_1_20' title='bbox 1089 815 1358 879; x_wconf 90' lang='lat' dir='ltr'><strong>operum</strong></span> <span class='ocrx_word' id='word_1_21' title='bbox 1402 800 1693 861; x_wconf 91' lang='lat' dir='ltr'><strong>omnium</strong></span> <span class='ocrx_word' id='word_1_22' title='bbox 1747 800 2063 874; x_wconf 76' lang='lat' dir='ltr'><strong>editione,</strong></span> <span class='ocrx_word' id='word_1_23' title='bbox 2097 816 2244 879; x_wconf 65' lang='lat' dir='ltr'><strong>quae</strong></span> <span class='ocrx_word' id='word_1_24' title='bbox 2286 797 2606 876; x_wconf 85' lang='lat' dir='ltr'><strong>Bulgarus</strong></span> <span class='ocrx_word' id='word_1_25' title='bbox 2650 798 3181 877; x_wconf 80' lang='lat' dir='ltr'><strong>archiepiscopus</strong></span> <span class='ocrx_word' id='word_1_26' title='bbox 3218 805 3439 861; x_wconf 82' lang='lat' dir='ltr'><strong>noster</strong></span> <span class='ocrx_word' id='word_1_27' title='bbox 3472 798 3659 862; x_wconf 90' lang='lat' dir='ltr'><strong>lucu-</strong></span> 
     </span>
    </p>
   </div>
   <div class='ocr_carea' id='block_1_6' title="bbox 391 892 3656 978">
    <p class='ocr_par' dir='ltr' id='par_1_6' title="bbox 391 892 3656 978">
     <span class='ocr_line' id='line_1_6' title="bbox 391 892 3656 978; baseline 0 -21"><span class='ocrx_word' id='word_1_28' title='bbox 391 897 612 958; x_wconf 86' lang='lat' dir='ltr'><strong>brasse</strong></span> <span class='ocrx_word' id='word_1_29' title='bbox 639 892 868 967; x_wconf 89' lang='lat' dir='ltr'><strong>fertur,</strong></span> <span class='ocrx_word' id='word_1_30' title='bbox 904 895 1154 956; x_wconf 76' lang='lat' dir='ltr'><strong>tametsi</strong></span> <span class='ocrx_word' id='word_1_31' title='bbox 1190 912 1378 957; x_wconf 90' lang='lat' dir='ltr'><strong>curas</strong></span> <span class='ocrx_word' id='word_1_32' title='bbox 1410 896 1487 956; x_wconf 86' lang='lat' dir='ltr'><strong>ad</strong></span> <span class='ocrx_word' id='word_1_33' title='bbox 1523 913 1694 957; x_wconf 91' lang='lat' dir='ltr'><strong>meas</strong></span> <span class='ocrx_word' id='word_1_34' title='bbox 1731 895 2002 959; x_wconf 90' lang='lat' dir='ltr'><strong>minime</strong></span> <span class='ocrx_word' id='word_1_35' title='bbox 2038 897 2433 978; x_wconf 71' lang='lat' dir='ltr'><strong>pertinente,</strong></span> <span class='ocrx_word' id='word_1_36' title='bbox 2477 895 2792 968; x_wconf 84' lang='lat' dir='ltr'><strong>rationem</strong></span> <span class='ocrx_word' id='word_1_37' title='bbox 2823 895 3107 975; x_wconf 80' lang='lat' dir='ltr'><strong>aliquam</strong></span> <span class='ocrx_word' id='word_1_38' title='bbox 3143 902 3466 974; x_wconf 90' lang='lat' dir='ltr'><strong>postremo</strong></span> <span class='ocrx_word' id='word_1_39' title='bbox 3515 897 3656 958; x_wconf 92' lang='lat' dir='ltr'><strong>loco</strong></span> 
     </span>
    </p>
   </div>
   <div class='ocr_carea' id='block_1_7' title="bbox 392 990 3652 1071">
    <p class='ocr_par' dir='ltr' id='par_1_7' title="bbox 392 990 3652 1071">
     <span class='ocr_line' id='line_1_7' title="bbox 392 990 3652 1071; baseline 0.001 -16"><span class='ocrx_word' id='word_1_40' title='bbox 392 1003 464 1056; x_wconf 91' lang='lat' dir='ltr'><strong>ut</strong></span> <span class='ocrx_word' id='word_1_41' title='bbox 511 991 720 1053; x_wconf 90' lang='lat' dir='ltr'><strong>libens</strong></span> <span class='ocrx_word' id='word_1_42' title='bbox 774 990 1139 1069; x_wconf 78' lang='lat' dir='ltr'><strong>lubensque</strong></span> <span class='ocrx_word' id='word_1_43' title='bbox 1173 992 1462 1065; x_wconf 82' lang='lat' dir='ltr'><strong>reddam,</strong></span> <span class='ocrx_word' id='word_1_44' title='bbox 1501 992 1996 1054; x_wconf 89' lang='lat' dir='ltr'><strong>Dissertationis</strong></span> <span class='ocrx_word' id='word_1_45' title='bbox 2047 994 2208 1056; x_wconf 91' lang='lat' dir='ltr'><strong>ordo</strong></span> <span class='ocrx_word' id='word_1_46' title='bbox 2245 991 2564 1071; x_wconf 80' lang='lat' dir='ltr'><strong>exposcit,</strong></span> <span class='ocrx_word' id='word_1_47' title='bbox 2603 992 2952 1071; x_wconf 76' lang='lat' dir='ltr'><strong>ipsiusque</strong></span> <span class='ocrx_word' id='word_1_48' title='bbox 2985 991 3299 1054; x_wconf 78' lang='lat' dir='ltr'><strong>editionis</strong></span> <span class='ocrx_word' id='word_1_49' title='bbox 3338 993 3652 1057; x_wconf 83' lang='lat' dir='ltr'><strong>conditio.</strong></span> 
     </span>
    </p>
   </div>
   <div class='ocr_carea' id='block_1_8' title="bbox 391 1086 3656 1170">
    <p class='ocr_par' dir='ltr' id='par_1_8' title="bbox 391 1086 3656 1170">
     <span class='ocr_line' id='line_1_8' title="bbox 391 1086 3656 1170; baseline 0.001 -20"><span class='ocrx_word' id='word_1_50' title='bbox 391 1090 723 1150; x_wconf 78' lang='lat' dir='ltr'><strong>Hactenus</strong></span> <span class='ocrx_word' id='word_1_51' title='bbox 774 1088 960 1167; x_wconf 86' lang='lat' dir='ltr'><strong>plura</strong></span> <span class='ocrx_word' id='word_1_52' title='bbox 998 1087 1450 1149; x_wconf 85' lang='lat' dir='ltr'><strong>recensuimus</strong></span> <span class='ocrx_word' id='word_1_53' title='bbox 1503 1086 1643 1166; x_wconf 83' lang='lat' dir='ltr'><strong>ejus</strong></span> <span class='ocrx_word' id='word_1_54' title='bbox 1687 1105 1907 1166; x_wconf 81' lang='lat' dir='ltr'><strong>Opera,</strong></span> <span class='ocrx_word' id='word_1_55' title='bbox 1967 1107 2113 1170; x_wconf 54' lang='lat' dir='ltr'><strong>quas</strong></span> <span class='ocrx_word' id='word_1_56' title='bbox 2176 1090 2558 1169; x_wconf 88' lang='lat' dir='ltr'><strong>prodierunt</strong></span> <span class='ocrx_word' id='word_1_57' title='bbox 2614 1089 2680 1150; x_wconf 92' lang='lat' dir='ltr'><strong>in</strong></span> <span class='ocrx_word' id='word_1_58' title='bbox 2722 1090 2985 1151; x_wconf 88' lang='lat' dir='ltr'><strong>lucem:</strong></span> <span class='ocrx_word' id='word_1_59' title='bbox 3032 1089 3248 1152; x_wconf 71' lang='lat' dir='ltr'><strong>Grmce</strong></span> <span class='ocrx_word' id='word_1_60' title='bbox 3312 1100 3375 1151; x_wconf 92' lang='lat' dir='ltr'><strong>et</strong></span> <span class='ocrx_word' id='word_1_61' title='bbox 3434 1091 3656 1153; x_wconf 91' lang='lat' dir='ltr'><strong>Latine</strong></span> 
     </span>
    </p>
   </div>
   <div class='ocr_carea' id='block_1_9' title="bbox 393 1184 3656 1265">
    <p class='ocr_par' dir='ltr' id='par_1_9' title="bbox 393 1184 3656 1265">
     <span class='ocr_line' id='line_1_9' title="bbox 393 1184 3656 1265; baseline 0 -19"><span class='ocrx_word' id='word_1_62' title='bbox 393 1184 659 1265; x_wconf 85' lang='lat' dir='ltr'><strong>quidem</strong></span> <span class='ocrx_word' id='word_1_63' title='bbox 695 1184 1204 1247; x_wconf 88' lang='lat' dir='ltr'><strong>Commentarios</strong></span> <span class='ocrx_word' id='word_1_64' title='bbox 1237 1186 1304 1245; x_wconf 86' lang='lat' dir='ltr'><strong>in</strong></span> <span class='ocrx_word' id='word_1_65' title='bbox 1333 1194 1611 1264; x_wconf 82' lang='lat' dir='ltr'><strong>quatuor</strong></span> <span class='ocrx_word' id='word_1_66' title='bbox 1641 1185 2010 1262; x_wconf 82' lang='lat' dir='ltr'><strong>Evangelia,</strong></span> <span class='ocrx_word' id='word_1_67' title='bbox 2036 1196 2093 1247; x_wconf 83' lang='lat' dir='ltr'><strong>et</strong></span> <span class='ocrx_word' id='word_1_68' title='bbox 2126 1188 2192 1246; x_wconf 85' lang='lat' dir='ltr'><strong>in</strong></span> <span class='ocrx_word' id='word_1_69' title='bbox 2221 1185 2382 1247; x_wconf 77' lang='lat' dir='ltr'><strong>Acta</strong></span> <span class='ocrx_word' id='word_1_70' title='bbox 2409 1184 2874 1265; x_wconf 79' lang='lat' dir='ltr'><strong>apostolorum,</strong></span> <span class='ocrx_word' id='word_1_71' title='bbox 2903 1195 2959 1247; x_wconf 88' lang='lat' dir='ltr'><strong>et</strong></span> <span class='ocrx_word' id='word_1_72' title='bbox 2986 1187 3055 1248; x_wconf 85' lang='lat' dir='ltr'><strong>in</strong></span> <span class='ocrx_word' id='word_1_73' title='bbox 3080 1186 3408 1265; x_wconf 77' lang='lat' dir='ltr'><strong>Epistolas</strong></span> <span class='ocrx_word' id='word_1_74' title='bbox 3439 1187 3656 1261; x_wconf 84' lang='lat' dir='ltr'><strong>Pauli,</strong></span> 
     </span>
    </p>
   </div>
   <div class='ocr_carea' id='block_1_10' title="bbox 394 1280 3658 1361">
    <p class='ocr_par' dir='ltr' id='par_1_10' title="bbox 394 1280 3658 1361">
     <span class='ocr_line' id='line_1_10' title="bbox 394 1280 3658 1361; baseline -0 -18"><span class='ocrx_word' id='word_1_75' title='bbox 394 1282 684 1360; x_wconf 86' lang='lat' dir='ltr'><strong>itemque</strong></span> <span class='ocrx_word' id='word_1_76' title='bbox 717 1283 977 1359; x_wconf 82' lang='lat' dir='ltr'><strong>Regiam</strong></span> <span class='ocrx_word' id='word_1_77' title='bbox 1011 1282 1512 1354; x_wconf 87' lang='lat' dir='ltr'><strong>lnstitutionem,</strong></span> <span class='ocrx_word' id='word_1_78' title='bbox 1534 1298 1606 1343; x_wconf 85' lang='lat' dir='ltr'><strong>ac</strong></span> <span class='ocrx_word' id='word_1_79' title='bbox 1642 1281 1988 1355; x_wconf 83' lang='lat' dir='ltr'><strong>Homiliam</strong></span> <span class='ocrx_word' id='word_1_80' title='bbox 2018 1284 2085 1343; x_wconf 91' lang='lat' dir='ltr'><strong>in</strong></span> <span class='ocrx_word' id='word_1_81' title='bbox 2115 1283 2552 1344; x_wconf 85' lang='lat' dir='ltr'><strong>adorationem</strong></span> <span class='ocrx_word' id='word_1_82' title='bbox 2575 1280 2953 1343; x_wconf 81' lang='lat' dir='ltr'><strong>venerandae</strong></span> <span class='ocrx_word' id='word_1_83' title='bbox 2986 1283 3216 1351; x_wconf 86' lang='lat' dir='ltr'><strong>crucis,</strong></span> <span class='ocrx_word' id='word_1_84' title='bbox 3243 1289 3303 1343; x_wconf 91' lang='lat' dir='ltr'><strong>et</strong></span> <span class='ocrx_word' id='word_1_85' title='bbox 3327 1280 3658 1361; x_wconf 76' lang='lat' dir='ltr'><strong>Epistolas</strong></span> 
     </span>
    </p>
   </div>
   <div class='ocr_carea' id='block_1_11' title="bbox 396 1378 3656 1457">
    <p class='ocr_par' dir='ltr' id='par_1_11' title="bbox 396 1378 3656 1457">
     <span class='ocr_line' id='line_1_11' title="bbox 396 1378 3656 1457; baseline -0 -16"><span class='ocrx_word' id='word_1_86' title='bbox 396 1379 611 1441; x_wconf 70' lang='lat' dir='ltr'><strong>Grmce</strong></span> <span class='ocrx_word' id='word_1_87' title='bbox 646 1379 1364 1457; x_wconf 82' lang='lat' dir='ltr'><strong>Lugduni-Batavorum</strong></span> <span class='ocrx_word' id='word_1_88' title='bbox 1401 1395 1472 1439; x_wconf 92' lang='lat' dir='ltr'><strong>ac</strong></span> <span class='ocrx_word' id='word_1_89' title='bbox 1511 1379 1733 1440; x_wconf 85' lang='lat' dir='ltr'><strong>Latine</strong></span> <span class='ocrx_word' id='word_1_90' title='bbox 1771 1379 1831 1437; x_wconf 91' lang='lat' dir='ltr'><strong>in</strong></span> <span class='ocrx_word' id='word_1_91' title='bbox 1865 1378 2287 1440; x_wconf 87' lang='lat' dir='ltr'><strong>Bibliothecis</strong></span> <span class='ocrx_word' id='word_1_92' title='bbox 2324 1382 2580 1441; x_wconf 87' lang='lat' dir='ltr'><strong>Patrum</strong></span> <span class='ocrx_word' id='word_1_93' title='bbox 2616 1397 2630 1440; x_wconf 94' lang='lat'><strong>:</strong></span> <span class='ocrx_word' id='word_1_94' title='bbox 2679 1380 2904 1441; x_wconf 87' lang='lat' dir='ltr'><strong>Latine</strong></span> <span class='ocrx_word' id='word_1_95' title='bbox 2953 1388 3167 1442; x_wconf 90' lang='lat' dir='ltr'><strong>autem</strong></span> <span class='ocrx_word' id='word_1_96' title='bbox 3223 1378 3656 1452; x_wconf 82' lang='lat' dir='ltr'><strong>solummodo,</strong></span> 
     </span>
    </p>
   </div>
   <div class='ocr_carea' id='block_1_12' title="bbox 400 1474 3661 1555">
    <p class='ocr_par' dir='ltr' id='par_1_12' title="bbox 400 1474 3661 1555">
     <span class='ocr_line' id='line_1_12' title="bbox 400 1474 3661 1555; baseline 0.001 -22"><span class='ocrx_word' id='word_1_97' title='bbox 400 1474 910 1543; x_wconf 81' lang='lat' dir='ltr'><strong>Commentarios</strong></span> <span class='ocrx_word' id='word_1_98' title='bbox 943 1476 1009 1534; x_wconf 91' lang='lat' dir='ltr'><strong>in</strong></span> <span class='ocrx_word' id='word_1_99' title='bbox 1040 1485 1315 1555; x_wconf 76' lang='lat' dir='ltr'><strong>quatuor</strong></span> <span class='ocrx_word' id='word_1_100' title='bbox 1336 1475 1678 1553; x_wconf 80' lang='lat' dir='ltr'><strong>prophetas</strong></span> <span class='ocrx_word' id='word_1_101' title='bbox 1710 1476 2013 1550; x_wconf 81' lang='lat' dir='ltr'><strong>minores,</strong></span> <span class='ocrx_word' id='word_1_102' title='bbox 2046 1482 2108 1537; x_wconf 88' lang='lat' dir='ltr'><strong>et</strong></span> <span class='ocrx_word' id='word_1_103' title='bbox 2134 1476 2481 1538; x_wconf 80' lang='lat' dir='ltr'><strong>Homiliam</strong></span> <span class='ocrx_word' id='word_1_104' title='bbox 2513 1476 2581 1536; x_wconf 87' lang='lat' dir='ltr'><strong>in</strong></span> <span class='ocrx_word' id='word_1_105' title='bbox 2615 1475 3175 1537; x_wconf 72' lang='lat' dir='ltr'><strong>Prwsentationem</strong></span> <span class='ocrx_word' id='word_1_106' title='bbox 3204 1476 3478 1555; x_wconf 73' lang='lat' dir='ltr'><strong>Virginis</strong></span> <span class='ocrx_word' id='word_1_107' title='bbox 3504 1476 3661 1537; x_wconf 82' lang='lat' dir='ltr'><strong>Dei-</strong></span> 
     </span>
    </p>
   </div>
   <div class='ocr_carea' id='block_1_13' title="bbox 400 1568 3660 1653">
    <p class='ocr_par' dir='ltr' id='par_1_13' title="bbox 400 1568 3660 1653">
     <span class='ocr_line' id='line_1_13' title="bbox 400 1568 3660 1653; baseline 0.002 -25"><span class='ocrx_word' id='word_1_108' title='bbox 400 1588 572 1640; x_wconf 70' lang='lat' dir='ltr'><strong>parae</strong></span> <span class='ocrx_word' id='word_1_109' title='bbox 602 1572 670 1631; x_wconf 84' lang='lat' dir='ltr'><strong>in</strong></span> <span class='ocrx_word' id='word_1_110' title='bbox 701 1568 959 1649; x_wconf 85' lang='lat' dir='ltr'><strong>templo,</strong></span> <span class='ocrx_word' id='word_1_111' title='bbox 1004 1579 1071 1632; x_wconf 89' lang='lat' dir='ltr'><strong>ut</strong></span> <span class='ocrx_word' id='word_1_112' title='bbox 1112 1581 1493 1633; x_wconf 85' lang='lat' dir='ltr'><strong>memoratas</strong></span> <span class='ocrx_word' id='word_1_113' title='bbox 1538 1581 1912 1650; x_wconf 60' lang='lat' dir='ltr'><strong>praeteream</strong></span> <span class='ocrx_word' id='word_1_114' title='bbox 1955 1574 2328 1651; x_wconf 86' lang='lat' dir='ltr'><strong>superiores</strong></span> <span class='ocrx_word' id='word_1_115' title='bbox 2373 1572 2926 1648; x_wconf 89' lang='lat' dir='ltr'><strong>elucubrationes,</strong></span> <span class='ocrx_word' id='word_1_116' title='bbox 2976 1590 3137 1653; x_wconf 91' lang='lat' dir='ltr'><strong>quas</strong></span> <span class='ocrx_word' id='word_1_117' title='bbox 3192 1574 3383 1635; x_wconf 88' lang='lat' dir='ltr'><strong>etiam</strong></span> <span class='ocrx_word' id='word_1_118' title='bbox 3441 1575 3660 1635; x_wconf 83' lang='lat' dir='ltr'><strong>Latine</strong></span> 
     </span>
    </p>
   </div>
   <div class='ocr_carea' id='block_1_14' title="bbox 400 1665 3660 1751">
    <p class='ocr_par' dir='ltr' id='par_1_14' title="bbox 400 1665 3660 1751">
     <span class='ocr_line' id='line_1_14' title="bbox 400 1665 3660 1751; baseline 0.002 -27"><span class='ocrx_word' id='word_1_119' title='bbox 400 1673 646 1726; x_wconf 87' lang='lat' dir='ltr'><strong>tantum</strong></span> <span class='ocrx_word' id='word_1_120' title='bbox 678 1668 915 1745; x_wconf 70' lang='lat' dir='ltr'><strong>saepius</strong></span> <span class='ocrx_word' id='word_1_121' title='bbox 950 1665 1209 1745; x_wconf 80' lang='lat' dir='ltr'><strong>repetiti</strong></span> <span class='ocrx_word' id='word_1_122' title='bbox 1245 1685 1625 1746; x_wconf 70' lang='lat' dir='ltr'><strong>espressere</strong></span> <span class='ocrx_word' id='word_1_123' title='bbox 1660 1668 1821 1746; x_wconf 83' lang='lat' dir='ltr'><strong>typi.</strong></span> <span class='ocrx_word' id='word_1_124' title='bbox 1868 1667 2190 1743; x_wconf 88' lang='lat' dir='ltr'><strong>Quoniam</strong></span> <span class='ocrx_word' id='word_1_125' title='bbox 2219 1686 2374 1732; x_wconf 90' lang='lat' dir='ltr'><strong>vero</strong></span> <span class='ocrx_word' id='word_1_126' title='bbox 2407 1670 2688 1733; x_wconf 87' lang='lat' dir='ltr'><strong>diversis</strong></span> <span class='ocrx_word' id='word_1_127' title='bbox 2733 1673 2801 1733; x_wconf 90' lang='lat' dir='ltr'><strong>in</strong></span> <span class='ocrx_word' id='word_1_128' title='bbox 2844 1670 3004 1732; x_wconf 87' lang='lat' dir='ltr'><strong>locis</strong></span> <span class='ocrx_word' id='word_1_129' title='bbox 3040 1670 3454 1751; x_wconf 82' lang='lat' dir='ltr'><strong>diversisque</strong></span> <span class='ocrx_word' id='word_1_130' title='bbox 3488 1670 3660 1750; x_wconf 72' lang='lat' dir='ltr'><strong>typis</strong></span> 
     </span>
    </p>
   </div>
   <div class='ocr_carea' id='block_1_15' title="bbox 398 1762 3659 1848">
    <p class='ocr_par' dir='ltr' id='par_1_15' title="bbox 398 1762 3659 1848">
     <span class='ocr_line' id='line_1_15' title="bbox 398 1762 3659 1848; baseline 0.002 -24"><span class='ocrx_word' id='word_1_131' title='bbox 398 1779 470 1824; x_wconf 90' lang='lat' dir='ltr'><strong>ac</strong></span> <span class='ocrx_word' id='word_1_132' title='bbox 499 1762 745 1848; x_wconf 83' lang='lat' dir='ltr'><strong>formis,</strong></span> <span class='ocrx_word' id='word_1_133' title='bbox 782 1772 844 1826; x_wconf 90' lang='lat' dir='ltr'><strong>et</strong></span> <span class='ocrx_word' id='word_1_134' title='bbox 878 1764 1224 1843; x_wconf 85' lang='lat' dir='ltr'><strong>sejunctim</strong></span> <span class='ocrx_word' id='word_1_135' title='bbox 1280 1766 1470 1825; x_wconf 88' lang='lat' dir='ltr'><strong>etiam</strong></span> <span class='ocrx_word' id='word_1_136' title='bbox 1505 1766 1677 1826; x_wconf 88' lang='lat' dir='ltr'><strong>edita</strong></span> <span class='ocrx_word' id='word_1_137' title='bbox 1704 1772 1857 1826; x_wconf 92' lang='lat' dir='ltr'><strong>sunt</strong></span> <span class='ocrx_word' id='word_1_138' title='bbox 1892 1765 2025 1828; x_wconf 71' lang='lat' dir='ltr'><strong>haec</strong></span> <span class='ocrx_word' id='word_1_139' title='bbox 2053 1784 2270 1843; x_wconf 87' lang='lat' dir='ltr'><strong>opera.</strong></span> <span class='ocrx_word' id='word_1_140' title='bbox 2303 1768 2541 1829; x_wconf 86' lang='lat' dir='ltr'><strong>alicubi</strong></span> <span class='ocrx_word' id='word_1_141' title='bbox 2570 1768 2760 1847; x_wconf 80' lang='lat' dir='ltr'><strong>juxta</strong></span> <span class='ocrx_word' id='word_1_142' title='bbox 2802 1768 2997 1847; x_wconf 89' lang='lat' dir='ltr'><strong>primi</strong></span> <span class='ocrx_word' id='word_1_143' title='bbox 3031 1768 3407 1846; x_wconf 88' lang='lat' dir='ltr'><strong>interpretis</strong></span> <span class='ocrx_word' id='word_1_144' title='bbox 3445 1775 3659 1829; x_wconf 86' lang='lat' dir='ltr'><strong>trans-</strong></span> 
     </span>
    </p>
   </div>
   <div class='ocr_carea' id='block_1_16' title="bbox 402 1860 3664 1945">
    <p class='ocr_par' dir='ltr' id='par_1_16' title="bbox 402 1860 3664 1945">
     <span class='ocr_line' id='line_1_16' title="bbox 402 1860 3664 1945; baseline 0.002 -24"><span class='ocrx_word' id='word_1_145' title='bbox 402 1860 738 1938; x_wconf 86' lang='lat' dir='ltr'><strong>lationem,</strong></span> <span class='ocrx_word' id='word_1_146' title='bbox 770 1862 959 1941; x_wconf 80' lang='lat' dir='ltr'><strong>juxta</strong></span> <span class='ocrx_word' id='word_1_147' title='bbox 993 1864 1472 1941; x_wconf 86' lang='lat' dir='ltr'><strong>recognitiones</strong></span> <span class='ocrx_word' id='word_1_148' title='bbox 1508 1863 1902 1941; x_wconf 83' lang='lat' dir='ltr'><strong>posteriores</strong></span> <span class='ocrx_word' id='word_1_149' title='bbox 1936 1864 2528 1945; x_wconf 86' lang='lat' dir='ltr'><strong>castigationesque</strong></span> <span class='ocrx_word' id='word_1_150' title='bbox 2563 1865 2757 1939; x_wconf 86' lang='lat' dir='ltr'><strong>alibi;</strong></span> <span class='ocrx_word' id='word_1_151' title='bbox 2808 1883 3118 1945; x_wconf 84' lang='lat' dir='ltr'><strong>perquam</strong></span> <span class='ocrx_word' id='word_1_152' title='bbox 3160 1864 3423 1928; x_wconf 69' lang='lat' dir='ltr'><strong>difﬁcile</strong></span> <span class='ocrx_word' id='word_1_153' title='bbox 3464 1864 3664 1927; x_wconf 88' lang='lat' dir='ltr'><strong>mole-</strong></span> 
     </span>
    </p>
   </div>
   <div class='ocr_carea' id='block_1_17' title="bbox 401 1959 3659 2047">
    <p class='ocr_par' dir='ltr' id='par_1_17' title="bbox 401 1959 3659 2047">
     <span class='ocr_line' id='line_1_17' title="bbox 401 1959 3659 2047; baseline 0 -28"><span class='ocrx_word' id='word_1_154' title='bbox 401 1966 709 2038; x_wconf 87' lang='lat' dir='ltr'><strong>stumque</strong></span> <span class='ocrx_word' id='word_1_155' title='bbox 750 1960 1079 2038; x_wconf 78' lang='lat' dir='ltr'><strong>negotium</strong></span> <span class='ocrx_word' id='word_1_156' title='bbox 1121 1968 1258 2022; x_wconf 86' lang='lat' dir='ltr'><strong>erat</strong></span> <span class='ocrx_word' id='word_1_157' title='bbox 1286 1960 1831 2023; x_wconf 87' lang='lat' dir='ltr'><strong>bibliothecarum</strong></span> <span class='ocrx_word' id='word_1_158' title='bbox 1884 1960 2386 2022; x_wconf 89' lang='lat' dir='ltr'><strong>instructoribus</strong></span> <span class='ocrx_word' id='word_1_159' title='bbox 2444 1961 2827 2041; x_wconf 66' lang='lat' dir='ltr'><strong>ueterisque</strong></span> <span class='ocrx_word' id='word_1_160' title='bbox 2884 1962 2999 2041; x_wconf 82' lang='lat' dir='ltr'><strong>qui</strong></span> <span class='ocrx_word' id='word_1_161' title='bbox 3052 1961 3255 2023; x_wconf 91' lang='lat' dir='ltr'><strong>libros</strong></span> <span class='ocrx_word' id='word_1_162' title='bbox 3321 1959 3659 2047; x_wconf 79' lang='lat' dir='ltr'><strong>colligunt,</strong></span> 
     </span>
    </p>
   </div>
   <div class='ocr_carea' id='block_1_18' title="bbox 403 2056 3664 2138">
    <p class='ocr_par' dir='ltr' id='par_1_18' title="bbox 403 2056 3664 2138">
     <span class='ocr_line' id='line_1_18' title="bbox 403 2056 3664 2138; baseline 0 -21"><span class='ocrx_word' id='word_1_163' title='bbox 403 2056 627 2117; x_wconf 91' lang='lat' dir='ltr'><strong>eadem</strong></span> <span class='ocrx_word' id='word_1_164' title='bbox 660 2072 1057 2134; x_wconf 86' lang='lat' dir='ltr'><strong>comparare,</strong></span> <span class='ocrx_word' id='word_1_165' title='bbox 1112 2057 1260 2118; x_wconf 89' lang='lat' dir='ltr'><strong>licet</strong></span> <span class='ocrx_word' id='word_1_166' title='bbox 1313 2074 1489 2131; x_wconf 90' lang='lat' dir='ltr'><strong>cusa,</strong></span> <span class='ocrx_word' id='word_1_167' title='bbox 1543 2065 1605 2119; x_wconf 90' lang='lat' dir='ltr'><strong>et</strong></span> <span class='ocrx_word' id='word_1_168' title='bbox 1662 2057 2026 2138; x_wconf 90' lang='lat' dir='ltr'><strong>possidere.</strong></span> <span class='ocrx_word' id='word_1_169' title='bbox 2060 2059 2209 2120; x_wconf 64' lang='lat' dir='ltr'><strong>Haec</strong></span> <span class='ocrx_word' id='word_1_170' title='bbox 2262 2058 2460 2121; x_wconf 90' lang='lat' dir='ltr'><strong>simul</strong></span> <span class='ocrx_word' id='word_1_171' title='bbox 2521 2058 2789 2122; x_wconf 86' lang='lat' dir='ltr'><strong>collecta</strong></span> <span class='ocrx_word' id='word_1_172' title='bbox 2842 2067 3097 2138; x_wconf 79' lang='lat' dir='ltr'><strong>praestat</strong></span> <span class='ocrx_word' id='word_1_173' title='bbox 3141 2059 3360 2121; x_wconf 87' lang='lat' dir='ltr'><strong>omnia</strong></span> <span class='ocrx_word' id='word_1_174' title='bbox 3416 2060 3664 2120; x_wconf 75' lang='lat' dir='ltr'><strong>Veneta</strong></span> 
     </span>
    </p>
   </div>
   <div class='ocr_carea' id='block_1_19' title="bbox 403 2152 2501 2235">
    <p class='ocr_par' dir='ltr' id='par_1_19' title="bbox 403 2152 2501 2235">
     <span class='ocr_line' id='line_1_19' title="bbox 403 2152 2501 2235; baseline 0.001 -21"><span class='ocrx_word' id='word_1_175' title='bbox 403 2152 634 2227; x_wconf 86' lang='lat' dir='ltr'><strong>editio;</strong></span> <span class='ocrx_word' id='word_1_176' title='bbox 682 2160 743 2215; x_wconf 91' lang='lat' dir='ltr'><strong>et</strong></span> <span class='ocrx_word' id='word_1_177' title='bbox 782 2153 978 2216; x_wconf 87' lang='lat' dir='ltr'><strong>hocce</strong></span> <span class='ocrx_word' id='word_1_178' title='bbox 1023 2154 1331 2232; x_wconf 88' lang='lat' dir='ltr'><strong>primum,</strong></span> <span class='ocrx_word' id='word_1_179' title='bbox 1376 2172 1589 2235; x_wconf 90' lang='lat' dir='ltr'><strong>neque</strong></span> <span class='ocrx_word' id='word_1_180' title='bbox 1628 2154 1980 2231; x_wconf 90' lang='lat' dir='ltr'><strong>modicum,</strong></span> <span class='ocrx_word' id='word_1_181' title='bbox 2015 2155 2297 2235; x_wconf 91' lang='lat' dir='ltr'><strong>pretium</strong></span> <span class='ocrx_word' id='word_1_182' title='bbox 2328 2155 2501 2235; x_wconf 84' lang='lat' dir='ltr'><strong>ejus.’</strong></span> 
     </span>
    </p>
   </div>
   <div class='ocr_carea' id='block_1_20' title="bbox 483 2275 3659 2360">
    <p class='ocr_par' dir='ltr' id='par_1_20' title="bbox 483 2275 3659 2360">
     <span class='ocr_line' id='line_1_20' title="bbox 483 2275 3659 2360; baseline 0.001 -25"><span class='ocrx_word' id='word_1_183' title='bbox 483 2275 771 2337; x_wconf 90' lang='lat' dir='ltr'><strong>Pretium</strong></span> <span class='ocrx_word' id='word_1_184' title='bbox 806 2292 996 2355; x_wconf 88' lang='lat' dir='ltr'><strong>quam</strong></span> <span class='ocrx_word' id='word_1_185' title='bbox 1036 2275 1312 2337; x_wconf 84' lang='lat' dir='ltr'><strong>maxime</strong></span> <span class='ocrx_word' id='word_1_186' title='bbox 1350 2284 1589 2354; x_wconf 78' lang='lat' dir='ltr'><strong>augent</strong></span> <span class='ocrx_word' id='word_1_187' title='bbox 1636 2292 1764 2338; x_wconf 85' lang='lat' dir='ltr'><strong>non</strong></span> <span class='ocrx_word' id='word_1_188' title='bbox 1798 2293 2024 2356; x_wconf 89' lang='lat' dir='ltr'><strong>pauca,</strong></span> <span class='ocrx_word' id='word_1_189' title='bbox 2059 2294 2214 2341; x_wconf 91' lang='lat' dir='ltr'><strong>sane</strong></span> <span class='ocrx_word' id='word_1_190' title='bbox 2249 2278 2546 2359; x_wconf 67' lang='lat' dir='ltr'><strong>prieclara</strong></span> <span class='ocrx_word' id='word_1_191' title='bbox 2593 2286 2652 2340; x_wconf 90' lang='lat' dir='ltr'><strong>et</strong></span> <span class='ocrx_word' id='word_1_192' title='bbox 2714 2278 3145 2356; x_wconf 87' lang='lat' dir='ltr'><strong>Optatissima,</strong></span> <span class='ocrx_word' id='word_1_193' title='bbox 3189 2278 3659 2360; x_wconf 49' lang='lat' dir='ltr'><strong>Theo’phylacti</strong></span> 
     </span>
    </p>
   </div>
   <div class='ocr_carea' id='block_1_21' title="bbox 403 2372 3665 2451">
    <p class='ocr_par' dir='ltr' id='par_1_21' title="bbox 403 2372 3665 2451">
     <span class='ocr_line' id='line_1_21' title="bbox 403 2372 3665 2451; baseline 0.001 -18"><span class='ocrx_word' id='word_1_194' title='bbox 403 2381 845 2446; x_wconf 89' lang='lat' dir='ltr'><strong>monumenta,</strong></span> <span class='ocrx_word' id='word_1_195' title='bbox 887 2372 1126 2450; x_wconf 90' lang='lat' dir='ltr'><strong>scripto</strong></span> <span class='ocrx_word' id='word_1_196' title='bbox 1159 2372 1407 2447; x_wconf 89' lang='lat' dir='ltr'><strong>relicta,</strong></span> <span class='ocrx_word' id='word_1_197' title='bbox 1438 2388 1587 2450; x_wconf 64' lang='lat' dir='ltr'><strong>qua)</strong></span> <span class='ocrx_word' id='word_1_198' title='bbox 1615 2389 1787 2435; x_wconf 91' lang='lat' dir='ltr'><strong>nunc</strong></span> <span class='ocrx_word' id='word_1_199' title='bbox 1827 2372 2129 2451; x_wconf 90' lang='lat' dir='ltr'><strong>primum,</strong></span> <span class='ocrx_word' id='word_1_200' title='bbox 2164 2383 2275 2438; x_wconf 91' lang='lat' dir='ltr'><strong>aut</strong></span> <span class='ocrx_word' id='word_1_201' title='bbox 2304 2377 2521 2437; x_wconf 68' lang='lat' dir='ltr'><strong>Grzece</strong></span> <span class='ocrx_word' id='word_1_202' title='bbox 2556 2382 2620 2436; x_wconf 89' lang='lat' dir='ltr'><strong>et</strong></span> <span class='ocrx_word' id='word_1_203' title='bbox 2663 2375 2903 2447; x_wconf 86' lang='lat' dir='ltr'><strong>Latine,</strong></span> <span class='ocrx_word' id='word_1_204' title='bbox 2939 2383 3049 2437; x_wconf 90' lang='lat' dir='ltr'><strong>aut</strong></span> <span class='ocrx_word' id='word_1_205' title='bbox 3081 2376 3299 2437; x_wconf 68' lang='lat' dir='ltr'><strong>Graece</strong></span> <span class='ocrx_word' id='word_1_206' title='bbox 3336 2373 3559 2436; x_wconf 87' lang='lat' dir='ltr'><strong>saltem</strong></span> <span class='ocrx_word' id='word_1_207' title='bbox 3597 2373 3665 2435; x_wconf 86' lang='lat' dir='ltr'><strong>in</strong></span> 
     </span>
    </p>
   </div>
   <div class='ocr_carea' id='block_1_22' title="bbox 406 2468 3664 2551">
    <p class='ocr_par' dir='ltr' id='par_1_22' title="bbox 406 2468 3664 2551">
     <span class='ocr_line' id='line_1_22' title="bbox 406 2468 3664 2551; baseline 0.001 -22"><span class='ocrx_word' id='word_1_208' title='bbox 406 2469 618 2529; x_wconf 88' lang='lat' dir='ltr'><strong>lucem</strong></span> <span class='ocrx_word' id='word_1_209' title='bbox 660 2471 1005 2546; x_wconf 89' lang='lat' dir='ltr'><strong>prodeunt.</strong></span> <span class='ocrx_word' id='word_1_210' title='bbox 1036 2469 1321 2530; x_wconf 91' lang='lat' dir='ltr'><strong>Primum</strong></span> <span class='ocrx_word' id='word_1_211' title='bbox 1354 2475 1475 2540; x_wconf 92' lang='lat' dir='ltr'><strong>est,</strong></span> <span class='ocrx_word' id='word_1_212' title='bbox 1511 2469 1686 2548; x_wconf 90' lang='lat' dir='ltr'><strong>quod</strong></span> <span class='ocrx_word' id='word_1_213' title='bbox 1726 2468 1863 2547; x_wconf 90' lang='lat' dir='ltr'><strong>ipse</strong></span> <span class='ocrx_word' id='word_1_214' title='bbox 1896 2471 2327 2543; x_wconf 81' lang='lat' dir='ltr'><strong>concinnavit,</strong></span> <span class='ocrx_word' id='word_1_215' title='bbox 2363 2488 2528 2549; x_wconf 87' lang='lat' dir='ltr'><strong>opus</strong></span> <span class='ocrx_word' id='word_1_216' title='bbox 2568 2473 2637 2533; x_wconf 88' lang='lat' dir='ltr'><strong>in</strong></span> <span class='ocrx_word' id='word_1_217' title='bbox 2659 2473 2988 2551; x_wconf 84' lang='lat' dir='ltr'><strong>Epistolas</strong></span> <span class='ocrx_word' id='word_1_218' title='bbox 3019 2474 3664 2547; x_wconf 80' lang='lat' dir='ltr'><strong>canonicas,texturu</strong></span> 
     </span>
    </p>
   </div>
   <div class='ocr_carea' id='block_1_23' title="bbox 368 2565 3666 2648">
    <p class='ocr_par' dir='ltr' id='par_1_23' title="bbox 368 2565 3666 2648">
     <span class='ocr_line' id='line_1_23' title="bbox 368 2565 3666 2648; baseline 0.002 -22"><span class='ocrx_word' id='word_1_219' title='bbox 368 2594 371 2595; x_wconf 52' lang='grc' dir='ltr'><em>ν</em></span> <span class='ocrx_word' id='word_1_220' title='bbox 406 2566 864 2643; x_wconf 86' lang='lat' dir='ltr'><strong>suppeditante</strong></span> <span class='ocrx_word' id='word_1_221' title='bbox 902 2565 1727 2628; x_wconf 77' lang='lat' dir='ltr'><strong>Cmsareo-Vindobonensi</strong></span> <span class='ocrx_word' id='word_1_222' title='bbox 1763 2566 2008 2629; x_wconf 86' lang='lat' dir='ltr'><strong>codice.</strong></span> <span class='ocrx_word' id='word_1_223' title='bbox 2049 2568 2257 2631; x_wconf 79' lang='lat' dir='ltr'><strong>Codex</strong></span> <span class='ocrx_word' id='word_1_224' title='bbox 2316 2569 3148 2634; x_wconf 86' lang='lat' dir='ltr'><strong>Bavarico-Monachiensis</strong></span> <span class='ocrx_word' id='word_1_225' title='bbox 3198 2587 3361 2648; x_wconf 88' lang='lat' dir='ltr'><strong>opus</strong></span> <span class='ocrx_word' id='word_1_226' title='bbox 3394 2572 3666 2633; x_wconf 87' lang='lat' dir='ltr'><strong>alterum</strong></span> 
     </span>
    </p>
   </div>
   <div class='ocr_carea' id='block_1_24' title="bbox 407 2661 3655 2743">
    <p class='ocr_par' dir='ltr' id='par_1_24' title="bbox 407 2661 3655 2743">
     <span class='ocr_line' id='line_1_24' title="bbox 407 2661 3655 2743; baseline 0 -19"><span class='ocrx_word' id='word_1_227' title='bbox 407 2661 662 2734; x_wconf 89' lang='lat' dir='ltr'><strong>obtulit,</strong></span> <span class='ocrx_word' id='word_1_228' title='bbox 699 2663 867 2741; x_wconf 91' lang='lat' dir='ltr'><strong>quod</strong></span> <span class='ocrx_word' id='word_1_229' title='bbox 899 2671 995 2724; x_wconf 84' lang='lat' dir='ltr'><strong>est</strong></span> <span class='ocrx_word' id='word_1_230' title='bbox 1035 2664 1280 2741; x_wconf 85' lang='lat' dir='ltr'><strong>integra</strong></span> <span class='ocrx_word' id='word_1_231' title='bbox 1314 2663 1380 2723; x_wconf 88' lang='lat' dir='ltr'><strong>in</strong></span> <span class='ocrx_word' id='word_1_232' title='bbox 1418 2661 1745 2724; x_wconf 83' lang='lat' dir='ltr'><strong>duodecim</strong></span> <span class='ocrx_word' id='word_1_233' title='bbox 1771 2665 2116 2743; x_wconf 82' lang='lat' dir='ltr'><strong>prophetas</strong></span> <span class='ocrx_word' id='word_1_234' title='bbox 2164 2662 2440 2723; x_wconf 81' lang='lat' dir='ltr'><strong>minores</strong></span> <span class='ocrx_word' id='word_1_235' title='bbox 2473 2664 2846 2742; x_wconf 75' lang='lat' dir='ltr'><strong>Expositio,</strong></span> <span class='ocrx_word' id='word_1_236' title='bbox 2899 2663 3211 2742; x_wconf 86' lang='lat' dir='ltr'><strong>promissa</strong></span> <span class='ocrx_word' id='word_1_237' title='bbox 3268 2679 3395 2725; x_wconf 90' lang='lat' dir='ltr'><strong>non</strong></span> <span class='ocrx_word' id='word_1_238' title='bbox 3427 2664 3655 2733; x_wconf 85' lang='lat' dir='ltr'><strong>semel,</strong></span> 
     </span>
    </p>
   </div>
   <div class='ocr_carea' id='block_1_25' title="bbox 408 2758 3666 2838">
    <p class='ocr_par' dir='ltr' id='par_1_25' title="bbox 408 2758 3666 2838">
     <span class='ocr_line' id='line_1_25' title="bbox 408 2758 3666 2838; baseline 0.001 -19"><span class='ocrx_word' id='word_1_239' title='bbox 408 2758 524 2819; x_wconf 86' lang='lat' dir='ltr'><strong>diu</strong></span> <span class='ocrx_word' id='word_1_240' title='bbox 564 2759 847 2837; x_wconf 78' lang='lat' dir='ltr'><strong>expetita</strong></span> <span class='ocrx_word' id='word_1_241' title='bbox 883 2759 1084 2821; x_wconf 87' lang='lat' dir='ltr'><strong>irritis</strong></span> <span class='ocrx_word' id='word_1_242' title='bbox 1115 2761 1285 2821; x_wconf 87' lang='lat' dir='ltr'><strong>votis</strong></span> <span class='ocrx_word' id='word_1_243' title='bbox 1355 2776 1528 2820; x_wconf 91' lang='lat' dir='ltr'><strong>nunc</strong></span> <span class='ocrx_word' id='word_1_244' title='bbox 1560 2758 1821 2819; x_wconf 87' lang='lat' dir='ltr'><strong>demum</strong></span> <span class='ocrx_word' id='word_1_245' title='bbox 1864 2760 2034 2838; x_wconf 81' lang='lat' dir='ltr'><strong>typis</strong></span> <span class='ocrx_word' id='word_1_246' title='bbox 2067 2759 2309 2821; x_wconf 88' lang='lat' dir='ltr'><strong>nostris</strong></span> <span class='ocrx_word' id='word_1_247' title='bbox 2340 2777 2605 2832; x_wconf 78' lang='lat' dir='ltr'><strong>excusa,</strong></span> <span class='ocrx_word' id='word_1_248' title='bbox 2631 2778 2778 2822; x_wconf 86' lang='lat' dir='ltr'><strong>cum</strong></span> <span class='ocrx_word' id='word_1_249' title='bbox 2809 2761 3058 2822; x_wconf 79' lang='lat' dir='ltr'><strong>Veneto</strong></span> <span class='ocrx_word' id='word_1_250' title='bbox 3096 2760 3422 2822; x_wconf 88' lang='lat' dir='ltr'><strong>Marciano</strong></span> <span class='ocrx_word' id='word_1_251' title='bbox 3443 2760 3666 2822; x_wconf 86' lang='lat' dir='ltr'><strong>codice</strong></span> 
     </span>
    </p>
   </div>
   <div class='ocr_carea' id='block_1_26' title="bbox 409 2854 3669 2935">
    <p class='ocr_par' dir='ltr' id='par_1_26' title="bbox 409 2854 3669 2935">
     <span class='ocr_line' id='line_1_26' title="bbox 409 2854 3669 2935; baseline -0 -19"><span class='ocrx_word' id='word_1_252' title='bbox 409 2870 539 2917; x_wconf 90' lang='lat' dir='ltr'><strong>non</strong></span> <span class='ocrx_word' id='word_1_253' title='bbox 579 2857 723 2917; x_wconf 90' lang='lat' dir='ltr'><strong>sine</strong></span> <span class='ocrx_word' id='word_1_254' title='bbox 756 2855 1198 2918; x_wconf 88' lang='lat' dir='ltr'><strong>emolumento</strong></span> <span class='ocrx_word' id='word_1_255' title='bbox 1246 2854 1497 2917; x_wconf 89' lang='lat' dir='ltr'><strong>collata.</strong></span> <span class='ocrx_word' id='word_1_256' title='bbox 1550 2855 1801 2931; x_wconf 82' lang='lat' dir='ltr'><strong>[LXIII]</strong></span> <span class='ocrx_word' id='word_1_257' title='bbox 1848 2857 2224 2934; x_wconf 87' lang='lat' dir='ltr'><strong>Fragmenta</strong></span> <span class='ocrx_word' id='word_1_258' title='bbox 2262 2872 2459 2934; x_wconf 89' lang='lat' dir='ltr'><strong>pauca</strong></span> <span class='ocrx_word' id='word_1_259' title='bbox 2496 2856 2805 2935; x_wconf 76' lang='lat' dir='ltr'><strong>Epistulae</strong></span> <span class='ocrx_word' id='word_1_260' title='bbox 2833 2854 2915 2916; x_wconf 89' lang='lat' dir='ltr'><strong>ad</strong></span> <span class='ocrx_word' id='word_1_261' title='bbox 2946 2856 3278 2919; x_wconf 83' lang='lat' dir='ltr'><strong>Nicolaum</strong></span> <span class='ocrx_word' id='word_1_262' title='bbox 3332 2855 3669 2917; x_wconf 84' lang='lat' dir='ltr'><strong>diaconum</strong></span> 
     </span>
    </p>
   </div>
   <div class='ocr_carea' id='block_1_27' title="bbox 409 2952 3669 3032">
    <p class='ocr_par' dir='ltr' id='par_1_27' title="bbox 409 2952 3669 3032">
     <span class='ocr_line' id='line_1_27' title="bbox 409 2952 3669 3032; baseline 0.001 -21"><span class='ocrx_word' id='word_1_263' title='bbox 409 2961 466 3013; x_wconf 86' lang='lat' dir='ltr'><strong>et</strong></span> <span class='ocrx_word' id='word_1_264' title='bbox 497 2952 1293 3031; x_wconf 81' lang='lat' dir='ltr'><strong>canstrisiumlegebantur</strong></span> <span class='ocrx_word' id='word_1_265' title='bbox 1323 2952 1491 3013; x_wconf 91' lang='lat' dir='ltr'><strong>inter</strong></span> <span class='ocrx_word' id='word_1_266' title='bbox 1515 2953 1824 3013; x_wconf 89' lang='lat' dir='ltr'><strong>Demetrii</strong></span> <span class='ocrx_word' id='word_1_267' title='bbox 1857 2952 2260 3025; x_wconf 85' lang='lat' dir='ltr'><strong>Chomateni,</strong></span> <span class='ocrx_word' id='word_1_268' title='bbox 2292 2952 2611 3029; x_wconf 67' lang='lat' dir='ltr'><strong>Bulgaria)</strong></span> <span class='ocrx_word' id='word_1_269' title='bbox 2638 2953 3140 3032; x_wconf 83' lang='lat' dir='ltr'><strong>archiepiscopi,</strong></span> <span class='ocrx_word' id='word_1_270' title='bbox 3182 2952 3669 3032; x_wconf 82' lang='lat' dir='ltr'><strong>Responsiones</strong></span> 
     </span>
    </p>
   </div>
   <div class='ocr_carea' id='block_1_28' title="bbox 412 3048 3667 3129">
    <p class='ocr_par' dir='ltr' id='par_1_28' title="bbox 412 3048 3667 3129">
     <span class='ocr_line' id='line_1_28' title="bbox 412 3048 3667 3129; baseline 0 -20"><span class='ocrx_word' id='word_1_271' title='bbox 412 3048 580 3127; x_wconf 90' lang='lat' dir='ltr'><strong>apud</strong></span> <span class='ocrx_word' id='word_1_272' title='bbox 610 3048 1071 3111; x_wconf 87' lang='lat' dir='ltr'><strong>Leunclavium</strong></span> <span class='ocrx_word' id='word_1_273' title='bbox 1100 3048 1165 3110; x_wconf 89' lang='lat' dir='ltr'><strong>in</strong></span> <span class='ocrx_word' id='word_1_274' title='bbox 1199 3051 1357 3110; x_wconf 87' lang='lat' dir='ltr'><strong>Jure</strong></span> <span class='ocrx_word' id='word_1_275' title='bbox 1385 3049 1912 3111; x_wconf 66' lang='lat' dir='ltr'><strong>Graeco-Romano</strong></span> <span class='ocrx_word' id='word_1_276' title='bbox 1939 3071 1960 3111; x_wconf 90' lang='lat'><strong><em>:</em></strong></span> <span class='ocrx_word' id='word_1_277' title='bbox 1982 3066 2306 3128; x_wconf 87' lang='lat' dir='ltr'><strong>nemoque</strong></span> <span class='ocrx_word' id='word_1_278' title='bbox 2332 3051 2741 3113; x_wconf 89' lang='lat' dir='ltr'><strong>eruditorum</strong></span> <span class='ocrx_word' id='word_1_279' title='bbox 2776 3067 2905 3114; x_wconf 92' lang='lat' dir='ltr'><strong>non</strong></span> <span class='ocrx_word' id='word_1_280' title='bbox 2935 3051 3354 3114; x_wconf 86' lang='lat' dir='ltr'><strong>vehementer</strong></span> <span class='ocrx_word' id='word_1_281' title='bbox 3386 3048 3667 3129; x_wconf 86' lang='lat' dir='ltr'><strong>Optabat,</strong></span> 
     </span>
    </p>
   </div>
   <div class='ocr_carea' id='block_1_29' title="bbox 414 3145 3672 3227">
    <p class='ocr_par' dir='ltr' id='par_1_29' title="bbox 414 3145 3672 3227">
     <span class='ocr_line' id='line_1_29' title="bbox 414 3145 3672 3227; baseline 0 -20"><span class='ocrx_word' id='word_1_282' title='bbox 414 3152 486 3207; x_wconf 89' lang='lat' dir='ltr'><strong>ut</strong></span> <span class='ocrx_word' id='word_1_283' title='bbox 522 3145 767 3224; x_wconf 86' lang='lat' dir='ltr'><strong>integra</strong></span> <span class='ocrx_word' id='word_1_284' title='bbox 798 3145 1040 3209; x_wconf 87' lang='lat' dir='ltr'><strong>alicubi</strong></span> <span class='ocrx_word' id='word_1_285' title='bbox 1076 3145 1516 3227; x_wconf 87' lang='lat' dir='ltr'><strong>repertajuris</strong></span> <span class='ocrx_word' id='word_1_286' title='bbox 1548 3145 1904 3225; x_wconf 88' lang='lat' dir='ltr'><strong>aliquando</strong></span> <span class='ocrx_word' id='word_1_287' title='bbox 1937 3146 2179 3227; x_wconf 88' lang='lat' dir='ltr'><strong>publici</strong></span> <span class='ocrx_word' id='word_1_288' title='bbox 2214 3147 2416 3209; x_wconf 83' lang='lat' dir='ltr'><strong>fieret.</strong></span> <span class='ocrx_word' id='word_1_289' title='bbox 2450 3147 2630 3209; x_wconf 89' lang='lat' dir='ltr'><strong>Votis</strong></span> <span class='ocrx_word' id='word_1_290' title='bbox 2662 3147 2957 3210; x_wconf 87' lang='lat' dir='ltr'><strong>omnium</strong></span> <span class='ocrx_word' id='word_1_291' title='bbox 2991 3147 3147 3209; x_wconf 84' lang='lat' dir='ltr'><strong>satis</strong></span> <span class='ocrx_word' id='word_1_292' title='bbox 3189 3148 3254 3209; x_wconf 88' lang='lat' dir='ltr'><strong>in</strong></span> <span class='ocrx_word' id='word_1_293' title='bbox 3284 3146 3401 3209; x_wconf 89' lang='lat' dir='ltr'><strong>hac</strong></span> <span class='ocrx_word' id='word_1_294' title='bbox 3433 3148 3672 3209; x_wconf 85' lang='lat' dir='ltr'><strong>editio-</strong></span> 
     </span>
    </p>
   </div>
   <div class='ocr_carea' id='block_1_30' title="bbox 418 3240 3672 3323">
    <p class='ocr_par' dir='ltr' id='par_1_30' title="bbox 418 3240 3672 3323">
     <span class='ocr_line' id='line_1_30' title="bbox 418 3240 3672 3323; baseline 0 -20"><span class='ocrx_word' id='word_1_295' title='bbox 418 3240 596 3305; x_wconf 89' lang='lat' dir='ltr'><strong>tione</strong></span> <span class='ocrx_word' id='word_1_296' title='bbox 653 3245 895 3305; x_wconf 85' lang='lat' dir='ltr'><strong>Veneta</strong></span> <span class='ocrx_word' id='word_1_297' title='bbox 950 3242 1211 3317; x_wconf 84' lang='lat' dir='ltr'><strong>factum,</strong></span> <span class='ocrx_word' id='word_1_298' title='bbox 1277 3260 1423 3322; x_wconf 68' lang='lat' dir='ltr'><strong>quae</strong></span> <span class='ocrx_word' id='word_1_299' title='bbox 1489 3240 1848 3322; x_wconf 75' lang='lat' dir='ltr'><strong>perfectum</strong></span> <span class='ocrx_word' id='word_1_300' title='bbox 1899 3242 2425 3322; x_wconf 89' lang='lat' dir='ltr'><strong>completumque</strong></span> <span class='ocrx_word' id='word_1_301' title='bbox 2472 3242 2867 3322; x_wconf 86' lang='lat' dir='ltr'><strong>Opusculum</strong></span> <span class='ocrx_word' id='word_1_302' title='bbox 2934 3243 3196 3323; x_wconf 87' lang='lat' dir='ltr'><strong>insigne</strong></span> <span class='ocrx_word' id='word_1_303' title='bbox 3249 3250 3526 3322; x_wconf 77' lang='lat' dir='ltr'><strong>praestat,</strong></span> <span class='ocrx_word' id='word_1_304' title='bbox 3590 3259 3672 3304; x_wconf 76' lang='lat' dir='ltr'><strong>ex</strong></span> 
     </span>
    </p>
   </div>
   <div class='ocr_carea' id='block_1_31' title="bbox 415 3338 3673 3420">
    <p class='ocr_par' dir='ltr' id='par_1_31' title="bbox 415 3338 3673 3420">
     <span class='ocr_line' id='line_1_31' title="bbox 415 3338 3673 3420; baseline 0 -20"><span class='ocrx_word' id='word_1_305' title='bbox 415 3338 636 3400; x_wconf 86' lang='lat' dir='ltr'><strong>codice</strong></span> <span class='ocrx_word' id='word_1_306' title='bbox 713 3338 1532 3403; x_wconf 71' lang='lat' dir='ltr'><strong>Cmsareo-Vindobonensi</strong></span> <span class='ocrx_word' id='word_1_307' title='bbox 1591 3347 1921 3419; x_wconf 88' lang='lat' dir='ltr'><strong>sumptum</strong></span> <span class='ocrx_word' id='word_1_308' title='bbox 1960 3361 1976 3401; x_wconf 91' lang='lat'><strong>:</strong></span> <span class='ocrx_word' id='word_1_309' title='bbox 2014 3356 2096 3403; x_wconf 82' lang='lat' dir='ltr'><strong>ex</strong></span> <span class='ocrx_word' id='word_1_310' title='bbox 2148 3356 2281 3420; x_wconf 92' lang='lat' dir='ltr'><strong>quo</strong></span> <span class='ocrx_word' id='word_1_311' title='bbox 2342 3340 2491 3402; x_wconf 89' lang='lat' dir='ltr'><strong>licet</strong></span> <span class='ocrx_word' id='word_1_312' title='bbox 2552 3338 2745 3402; x_wconf 89' lang='lat' dir='ltr'><strong>etiam</strong></span> <span class='ocrx_word' id='word_1_313' title='bbox 2806 3340 3136 3405; x_wconf 86' lang='lat' dir='ltr'><strong>addiscere</strong></span> <span class='ocrx_word' id='word_1_314' title='bbox 3204 3338 3673 3419; x_wconf 73' lang='lat' dir='ltr'><strong>&#39;l‘heOphylacti</strong></span> 
     </span>
    </p>
   </div>
   <div class='ocr_carea' id='block_1_32' title="bbox 412 3434 3666 3516">
    <p class='ocr_par' dir='ltr' id='par_1_32' title="bbox 412 3434 3666 3516">
     <span class='ocr_line' id='line_1_32' title="bbox 412 3434 3666 3516; baseline 0.001 -20"><span class='ocrx_word' id='word_1_315' title='bbox 412 3435 749 3512; x_wconf 87' lang='lat' dir='ltr'><strong>Opuscula,</strong></span> <span class='ocrx_word' id='word_1_316' title='bbox 797 3454 941 3515; x_wconf 70' lang='lat' dir='ltr'><strong>quae</strong></span> <span class='ocrx_word' id='word_1_317' title='bbox 975 3436 1174 3498; x_wconf 90' lang='lat' dir='ltr'><strong>veluti</strong></span> <span class='ocrx_word' id='word_1_318' title='bbox 1212 3436 1383 3497; x_wconf 86' lang='lat' dir='ltr'><strong>varia</strong></span> <span class='ocrx_word' id='word_1_319' title='bbox 1425 3451 1497 3497; x_wconf 83' lang='lat' dir='ltr'><strong>ac</strong></span> <span class='ocrx_word' id='word_1_320' title='bbox 1525 3434 1782 3498; x_wconf 90' lang='lat' dir='ltr'><strong>diversa</strong></span> <span class='ocrx_word' id='word_1_321' title='bbox 1823 3436 2393 3516; x_wconf 87' lang='lat' dir='ltr'><strong>distinguebantur</strong></span> <span class='ocrx_word' id='word_1_322' title='bbox 2422 3437 2595 3515; x_wconf 90' lang='lat' dir='ltr'><strong>apud</strong></span> <span class='ocrx_word' id='word_1_323' title='bbox 2648 3435 3164 3515; x_wconf 87' lang='lat' dir='ltr'><strong>bibliographos,</strong></span> <span class='ocrx_word' id='word_1_324' title='bbox 3201 3435 3360 3497; x_wconf 89' lang='lat' dir='ltr'><strong>nihil</strong></span> <span class='ocrx_word' id='word_1_325' title='bbox 3397 3436 3666 3498; x_wconf 84' lang='lat' dir='ltr'><strong>omnino</strong></span> 
     </span>
    </p>
   </div>
   <div class='ocr_carea' id='block_1_33' title="bbox 412 3531 3673 3612">
    <p class='ocr_par' dir='ltr' id='par_1_33' title="bbox 412 3531 3673 3612">
     <span class='ocr_line' id='line_1_33' title="bbox 412 3531 3673 3612; baseline -0 -19"><span class='ocrx_word' id='word_1_326' title='bbox 412 3532 493 3593; x_wconf 90' lang='lat' dir='ltr'><strong>ab</strong></span> <span class='ocrx_word' id='word_1_327' title='bbox 523 3549 651 3594; x_wconf 88' lang='lat' dir='ltr'><strong>una</strong></span> <span class='ocrx_word' id='word_1_328' title='bbox 675 3532 787 3594; x_wconf 89' lang='lat' dir='ltr'><strong>illa</strong></span> <span class='ocrx_word' id='word_1_329' title='bbox 829 3532 1107 3610; x_wconf 89' lang='lat' dir='ltr'><strong>epistola</strong></span> <span class='ocrx_word' id='word_1_330' title='bbox 1140 3532 1428 3606; x_wconf 72' lang='lat' dir='ltr'><strong>differre,</strong></span> <span class='ocrx_word' id='word_1_331' title='bbox 1458 3548 1650 3612; x_wconf 88' lang='lat' dir='ltr'><strong>quam</strong></span> <span class='ocrx_word' id='word_1_332' title='bbox 1684 3533 1759 3594; x_wconf 90' lang='lat' dir='ltr'><strong>ad</strong></span> <span class='ocrx_word' id='word_1_333' title='bbox 1788 3532 2113 3595; x_wconf 88' lang='lat' dir='ltr'><strong>laudatum</strong></span> <span class='ocrx_word' id='word_1_334' title='bbox 2145 3532 2481 3596; x_wconf 87' lang='lat' dir='ltr'><strong>Nicolaum</strong></span> <span class='ocrx_word' id='word_1_335' title='bbox 2514 3532 2862 3596; x_wconf 88' lang='lat' dir='ltr'><strong>diaconum</strong></span> <span class='ocrx_word' id='word_1_336' title='bbox 2896 3540 2957 3594; x_wconf 86' lang='lat' dir='ltr'><strong>et</strong></span> <span class='ocrx_word' id='word_1_337' title='bbox 2980 3532 3401 3595; x_wconf 45' lang='lat' dir='ltr'><strong>&#39;canstrisium</strong></span> <span class='ocrx_word' id='word_1_338' title='bbox 3434 3531 3673 3594; x_wconf 87' lang='lat' dir='ltr'><strong>inscri-</strong></span> 
     </span>
    </p>
   </div>
   <div class='ocr_carea' id='block_1_34' title="bbox 417 3627 3674 3709">
    <p class='ocr_par' dir='ltr' id='par_1_34' title="bbox 417 3627 3674 3709">
     <span class='ocr_line' id='line_1_34' title="bbox 417 3627 3674 3709; baseline 0.001 -22"><span class='ocrx_word' id='word_1_339' title='bbox 417 3637 584 3707; x_wconf 90' lang='lat' dir='ltr'><strong>ptam</strong></span> <span class='ocrx_word' id='word_1_340' title='bbox 631 3644 1041 3691; x_wconf 89' lang='lat' dir='ltr'><strong>noveramus.</strong></span> <span class='ocrx_word' id='word_1_341' title='bbox 1074 3628 1448 3691; x_wconf 84' lang='lat' dir='ltr'><strong>Recensitas</strong></span> <span class='ocrx_word' id='word_1_342' title='bbox 1487 3630 1613 3692; x_wconf 90' lang='lat' dir='ltr'><strong>sub</strong></span> <span class='ocrx_word' id='word_1_343' title='bbox 1649 3629 1914 3691; x_wconf 88' lang='lat' dir='ltr'><strong>nomine</strong></span> <span class='ocrx_word' id='word_1_344' title='bbox 1946 3629 2412 3709; x_wconf 82' lang='lat' dir='ltr'><strong>TheOphylacti</strong></span> <span class='ocrx_word' id='word_1_345' title='bbox 2443 3630 2615 3709; x_wconf 91' lang='lat' dir='ltr'><strong>apud</strong></span> <span class='ocrx_word' id='word_1_346' title='bbox 2666 3630 2928 3695; x_wconf 90' lang='lat' dir='ltr'><strong>eosdem</strong></span> <span class='ocrx_word' id='word_1_347' title='bbox 2963 3628 3446 3709; x_wconf 88' lang='lat' dir='ltr'><strong>bibliographos</strong></span> <span class='ocrx_word' id='word_1_348' title='bbox 3496 3627 3674 3708; x_wconf 83' lang='lat' dir='ltr'><strong>lege-</strong></span> 
     </span>
    </p>
   </div>
   <div class='ocr_carea' id='block_1_35' title="bbox 414 3724 3672 3806">
    <p class='ocr_par' dir='ltr' id='par_1_35' title="bbox 414 3724 3672 3806">
     <span class='ocr_line' id='line_1_35' title="bbox 414 3724 3672 3806; baseline -0 -20"><span class='ocrx_word' id='word_1_349' title='bbox 414 3725 642 3787; x_wconf 87' lang='lat' dir='ltr'><strong>bamus</strong></span> <span class='ocrx_word' id='word_1_350' title='bbox 680 3727 992 3788; x_wconf 85' lang='lat' dir='ltr'><strong>Homilias</strong></span> <span class='ocrx_word' id='word_1_351' title='bbox 1024 3725 1316 3787; x_wconf 82' lang='lat' dir='ltr'><strong>undecim</strong></span> <span class='ocrx_word' id='word_1_352' title='bbox 1371 3727 1440 3789; x_wconf 86' lang='lat' dir='ltr'><strong>in</strong></span> <span class='ocrx_word' id='word_1_353' title='bbox 1487 3725 1747 3788; x_wconf 80' lang='lat' dir='ltr'><strong>totidem</strong></span> <span class='ocrx_word' id='word_1_354' title='bbox 1817 3727 2140 3806; x_wconf 82' lang='lat' dir='ltr'><strong>evangelia</strong></span> <span class='ocrx_word' id='word_1_355' title='bbox 2189 3725 2701 3788; x_wconf 85' lang='lat' dir='ltr'><strong>Resurrectionis</strong></span> <span class='ocrx_word' id='word_1_356' title='bbox 2759 3725 3095 3786; x_wconf 85' lang='lat' dir='ltr'><strong>matutina.</strong></span> <span class='ocrx_word' id='word_1_357' title='bbox 3128 3724 3302 3801; x_wconf 87' lang='lat' dir='ltr'><strong>Quid</strong></span> <span class='ocrx_word' id='word_1_358' title='bbox 3348 3726 3541 3787; x_wconf 81' lang='lat' dir='ltr'><strong>vero?</strong></span> <span class='ocrx_word' id='word_1_359' title='bbox 3576 3726 3672 3792; x_wconf 71' lang='lat' dir='ltr'><strong>Er</strong></span> 
     </span>
    </p>
   </div>
   <div class='ocr_carea' id='block_1_36' title="bbox 413 3821 3675 3903">
    <p class='ocr_par' dir='ltr' id='par_1_36' title="bbox 413 3821 3675 3903">
     <span class='ocr_line' id='line_1_36' title="bbox 413 3821 3675 3903; baseline -0.001 -18"><span class='ocrx_word' id='word_1_360' title='bbox 413 3823 635 3885; x_wconf 89' lang='lat' dir='ltr'><strong>codice</strong></span> <span class='ocrx_word' id='word_1_361' title='bbox 702 3822 1524 3886; x_wconf 71' lang='lat' dir='ltr'><strong>Ceesaret.)-Vindobonensi</strong></span> <span class='ocrx_word' id='word_1_362' title='bbox 1580 3824 1978 3903; x_wconf 58' lang='lat' dir='ltr'><strong>transcripta;</strong></span> <span class='ocrx_word' id='word_1_363' title='bbox 2026 3839 2171 3885; x_wconf 91' lang='lat' dir='ltr'><strong>cum</strong></span> <span class='ocrx_word' id='word_1_364' title='bbox 2229 3823 2541 3885; x_wconf 89' lang='lat' dir='ltr'><strong>attentius</strong></span> <span class='ocrx_word' id='word_1_365' title='bbox 2606 3823 3175 3902; x_wconf 81' lang='lat' dir='ltr'><strong>expenderentur,</strong></span> <span class='ocrx_word' id='word_1_366' title='bbox 3232 3821 3556 3884; x_wconf 89' lang='lat' dir='ltr'><strong>sententia</strong></span> <span class='ocrx_word' id='word_1_367' title='bbox 3612 3829 3675 3887; x_wconf 84' lang='lat' dir='ltr'><strong>et</strong></span> 
     </span>
    </p>
   </div>
   <div class='ocr_carea' id='block_1_37' title="bbox 414 3918 3672 4001">
    <p class='ocr_par' dir='ltr' id='par_1_37' title="bbox 414 3918 3672 4001">
     <span class='ocr_line' id='line_1_37' title="bbox 414 3918 3672 4001; baseline -0 -21"><span class='ocrx_word' id='word_1_368' title='bbox 414 3920 628 3981; x_wconf 80' lang='lat' dir='ltr'><strong>verbis</strong></span> <span class='ocrx_word' id='word_1_369' title='bbox 661 3931 932 3999; x_wconf 87' lang='lat' dir='ltr'><strong>repertae</strong></span> <span class='ocrx_word' id='word_1_370' title='bbox 961 3928 1113 3982; x_wconf 90' lang='lat' dir='ltr'><strong>sunt</strong></span> <span class='ocrx_word' id='word_1_371' title='bbox 1143 3923 1383 3983; x_wconf 70' lang='lat' dir='ltr'><strong>eaedem</strong></span> <span class='ocrx_word' id='word_1_372' title='bbox 1423 3938 1692 4000; x_wconf 90' lang='lat' dir='ltr'><strong>prorsus</strong></span> <span class='ocrx_word' id='word_1_373' title='bbox 1724 3938 1869 3983; x_wconf 88' lang='lat' dir='ltr'><strong>cum</strong></span> <span class='ocrx_word' id='word_1_374' title='bbox 1903 3920 2115 4001; x_wconf 87' lang='lat' dir='ltr'><strong>ipsius</strong></span> <span class='ocrx_word' id='word_1_375' title='bbox 2156 3920 2623 4001; x_wconf 80' lang='lat' dir='ltr'><strong>TheOphylacti</strong></span> <span class='ocrx_word' id='word_1_376' title='bbox 2661 3918 3155 3983; x_wconf 88' lang='lat' dir='ltr'><strong>Commentariis</strong></span> <span class='ocrx_word' id='word_1_377' title='bbox 3186 3936 3382 3999; x_wconf 88' lang='lat' dir='ltr'><strong>super</strong></span> <span class='ocrx_word' id='word_1_378' title='bbox 3421 3919 3672 3981; x_wconf 79' lang='lat' dir='ltr'><strong>eisdem</strong></span> 
     </span>
    </p>
   </div>
   <div class='ocr_carea' id='block_1_38' title="bbox 413 4013 3672 4097">
    <p class='ocr_par' dir='ltr' id='par_1_38' title="bbox 413 4013 3672 4097">
     <span class='ocr_line' id='line_1_38' title="bbox 413 4013 3672 4097; baseline -0.001 -19"><span class='ocrx_word' id='word_1_379' title='bbox 413 4017 796 4097; x_wconf 85' lang='lat' dir='ltr'><strong>evangeliis,</strong></span> <span class='ocrx_word' id='word_1_380' title='bbox 836 4018 1199 4080; x_wconf 68' lang='lat' dir='ltr'><strong>undecimre</strong></span> <span class='ocrx_word' id='word_1_381' title='bbox 1259 4017 1545 4081; x_wconf 74' lang='lat' dir='ltr'><strong>homilire</strong></span> <span class='ocrx_word' id='word_1_382' title='bbox 1608 4026 1930 4097; x_wconf 81' lang='lat' dir='ltr'><strong>postrema</strong></span> <span class='ocrx_word' id='word_1_383' title='bbox 1994 4023 2170 4096; x_wconf 87' lang='lat' dir='ltr'><strong>parte</strong></span> <span class='ocrx_word' id='word_1_384' title='bbox 2237 4024 2525 4094; x_wconf 81' lang='lat' dir='ltr'><strong>excepta,</strong></span> <span class='ocrx_word' id='word_1_385' title='bbox 2610 4032 2802 4094; x_wconf 89' lang='lat' dir='ltr'><strong>quam</strong></span> <span class='ocrx_word' id='word_1_386' title='bbox 2884 4013 3209 4094; x_wconf 70' lang='lat' dir='ltr'><strong>priestabit</strong></span> <span class='ocrx_word' id='word_1_387' title='bbox 3282 4013 3483 4080; x_wconf 85' lang='lat' dir='ltr'><strong>editio</strong></span> <span class='ocrx_word' id='word_1_388' title='bbox 3543 4016 3672 4075; x_wconf 86' lang='lat' dir='ltr'><strong>Ve-</strong></span> 
     </span>
    </p>
   </div>
   <div class='ocr_carea' id='block_1_39' title="bbox 414 4109 3723 4195">
    <p class='ocr_par' dir='ltr' id='par_1_39' title="bbox 414 4109 3723 4195">
     <span class='ocr_line' id='line_1_39' title="bbox 414 4109 3723 4195; baseline -0.001 -20"><span class='ocrx_word' id='word_1_389' title='bbox 414 4125 580 4177; x_wconf 89' lang='lat' dir='ltr'><strong>neta.</strong></span> <span class='ocrx_word' id='word_1_390' title='bbox 619 4116 827 4195; x_wconf 85' lang='lat' dir='ltr'><strong>Hujus</strong></span> <span class='ocrx_word' id='word_1_391' title='bbox 866 4116 1056 4176; x_wconf 85' lang='lat' dir='ltr'><strong>etiam</strong></span> <span class='ocrx_word' id='word_1_392' title='bbox 1089 4115 1423 4188; x_wconf 83' lang='lat' dir='ltr'><strong>beneﬁcio,</strong></span> <span class='ocrx_word' id='word_1_393' title='bbox 1458 4114 1645 4177; x_wconf 86' lang='lat' dir='ltr'><strong>obvia</strong></span> <span class='ocrx_word' id='word_1_394' title='bbox 1672 4114 2020 4177; x_wconf 88' lang='lat' dir='ltr'><strong>lectoribus</strong></span> <span class='ocrx_word' id='word_1_395' title='bbox 2046 4113 2476 4191; x_wconf 90' lang='lat' dir='ltr'><strong>imposterum</strong></span> <span class='ocrx_word' id='word_1_396' title='bbox 2508 4111 2629 4173; x_wconf 90' lang='lat' dir='ltr'><strong>erit</strong></span> <span class='ocrx_word' id='word_1_397' title='bbox 2661 4110 2885 4173; x_wconf 87' lang='lat' dir='ltr'><strong>Oratio</strong></span> <span class='ocrx_word' id='word_1_398' title='bbox 2938 4112 3328 4191; x_wconf 82' lang='lat' dir='ltr'><strong>panegyrica</strong></span> <span class='ocrx_word' id='word_1_399' title='bbox 3384 4109 3467 4171; x_wconf 90' lang='lat' dir='ltr'><strong>ad</strong></span> <span class='ocrx_word' id='word_1_400' title='bbox 3525 4111 3674 4173; x_wconf 80' lang='lat' dir='ltr'><strong>Ale-</strong></span> <span class='ocrx_word' id='word_1_401' title='bbox 3718 4148 3723 4152; x_wconf 61' lang='grc' dir='ltr'><strong><em>ο</em></strong></span> 
     </span>
    </p>
   </div>
   <div class='ocr_carea' id='block_1_40' title="bbox 412 4207 3682 4291">
    <p class='ocr_par' dir='ltr' id='par_1_40' title="bbox 412 4207 3682 4291">
     <span class='ocr_line' id='line_1_40' title="bbox 412 4207 3682 4291; baseline -0.001 -19"><span class='ocrx_word' id='word_1_402' title='bbox 412 4213 593 4272; x_wconf 69' lang='lat' dir='ltr'><strong>mium</strong></span> <span class='ocrx_word' id='word_1_403' title='bbox 662 4212 1067 4285; x_wconf 86' lang='lat' dir='ltr'><strong>Comnenum,</strong></span> <span class='ocrx_word' id='word_1_404' title='bbox 1129 4220 1267 4290; x_wconf 88' lang='lat' dir='ltr'><strong>post</strong></span> <span class='ocrx_word' id='word_1_405' title='bbox 1332 4211 1574 4272; x_wconf 88' lang='lat' dir='ltr'><strong>bellum</strong></span> <span class='ocrx_word' id='word_1_406' title='bbox 1632 4211 2001 4291; x_wconf 84' lang='lat' dir='ltr'><strong>Scythicum</strong></span> <span class='ocrx_word' id='word_1_407' title='bbox 2062 4208 2359 4286; x_wconf 86' lang='lat' dir='ltr'><strong>pluribus</strong></span> <span class='ocrx_word' id='word_1_408' title='bbox 2422 4208 2638 4270; x_wconf 88' lang='lat' dir='ltr'><strong>relatis</strong></span> <span class='ocrx_word' id='word_1_409' title='bbox 2694 4208 2978 4270; x_wconf 89' lang='lat' dir='ltr'><strong>victoriis</strong></span> <span class='ocrx_word' id='word_1_410' title='bbox 3035 4207 3424 4281; x_wconf 88' lang='lat' dir='ltr'><strong>confectum,</strong></span> <span class='ocrx_word' id='word_1_411' title='bbox 3457 4207 3535 4269; x_wconf 91' lang='lat' dir='ltr'><strong>ab</strong></span> <span class='ocrx_word' id='word_1_412' title='bbox 3565 4224 3682 4270; x_wconf 78' lang='lat' dir='ltr'><strong>eo-</strong></span> 
     </span>
    </p>
   </div>
   <div class='ocr_carea' id='block_1_41' title="bbox 414 4305 3679 4388">
    <p class='ocr_par' dir='ltr' id='par_1_41' title="bbox 414 4305 3679 4388">
     <span class='ocr_line' id='line_1_41' title="bbox 414 4305 3679 4388; baseline -0.001 -19"><span class='ocrx_word' id='word_1_413' title='bbox 414 4308 559 4369; x_wconf 88' lang='lat' dir='ltr'><strong>dem</strong></span> <span class='ocrx_word' id='word_1_414' title='bbox 614 4308 1098 4388; x_wconf 78' lang='lat' dir='ltr'><strong>&#39;l‘heophylacto</strong></span> <span class='ocrx_word' id='word_1_415' title='bbox 1160 4306 1557 4382; x_wconf 88' lang='lat' dir='ltr'><strong>elucubrata,</strong></span> <span class='ocrx_word' id='word_1_416' title='bbox 1605 4323 1683 4368; x_wconf 80' lang='lat' dir='ltr'><strong>ex</strong></span> <span class='ocrx_word' id='word_1_417' title='bbox 1740 4307 1961 4369; x_wconf 88' lang='lat' dir='ltr'><strong>codice</strong></span> <span class='ocrx_word' id='word_1_418' title='bbox 2014 4306 2797 4369; x_wconf 83' lang='lat' dir='ltr'><strong>Bavarico-Monachiensi</strong></span> <span class='ocrx_word' id='word_1_419' title='bbox 2832 4313 3054 4368; x_wconf 88' lang='lat' dir='ltr'><strong>eruta:</strong></span> <span class='ocrx_word' id='word_1_420' title='bbox 3119 4322 3189 4368; x_wconf 92' lang='lat' dir='ltr'><strong>ac</strong></span> <span class='ocrx_word' id='word_1_421' title='bbox 3239 4305 3424 4385; x_wconf 66' lang='lat' dir='ltr'><strong>obvia</strong></span> <span class='ocrx_word' id='word_1_422' title='bbox 3485 4313 3679 4367; x_wconf 87' lang='lat' dir='ltr'><strong>erunt</strong></span> 
     </span>
    </p>
   </div>
   <div class='ocr_carea' id='block_1_42' title="bbox 417 4399 3678 4484">
    <p class='ocr_par' dir='ltr' id='par_1_42' title="bbox 417 4399 3678 4484">
     <span class='ocr_line' id='line_1_42' title="bbox 417 4399 3678 4484; baseline -0.002 -15"><span class='ocrx_word' id='word_1_423' title='bbox 417 4405 736 4479; x_wconf 85' lang='lat' dir='ltr'><strong>Carmina,</strong></span> <span class='ocrx_word' id='word_1_424' title='bbox 769 4423 912 4483; x_wconf 65' lang='lat' dir='ltr'><strong>qua}</strong></span> <span class='ocrx_word' id='word_1_425' title='bbox 933 4406 1166 4467; x_wconf 88' lang='lat' dir='ltr'><strong>cecinit</strong></span> <span class='ocrx_word' id='word_1_426' title='bbox 1192 4405 1351 4484; x_wconf 90' lang='lat' dir='ltr'><strong>ipse,</strong></span> <span class='ocrx_word' id='word_1_427' title='bbox 1378 4403 1445 4465; x_wconf 92' lang='lat' dir='ltr'><strong>in</strong></span> <span class='ocrx_word' id='word_1_428' title='bbox 1476 4404 1810 4466; x_wconf 87' lang='lat' dir='ltr'><strong>codicibus</strong></span> <span class='ocrx_word' id='word_1_429' title='bbox 1838 4403 2056 4483; x_wconf 81' lang='lat' dir='ltr'><strong>Regiis</strong></span> <span class='ocrx_word' id='word_1_430' title='bbox 2085 4402 2588 4476; x_wconf 84' lang='lat' dir='ltr'><strong>Parisiensibus,</strong></span> <span class='ocrx_word' id='word_1_431' title='bbox 2617 4410 2685 4464; x_wconf 90' lang='lat' dir='ltr'><strong>ut</strong></span> <span class='ocrx_word' id='word_1_432' title='bbox 2709 4402 2937 4477; x_wconf 83' lang='lat' dir='ltr'><strong>fertur,</strong></span> <span class='ocrx_word' id='word_1_433' title='bbox 2966 4409 3312 4473; x_wconf 84' lang='lat' dir='ltr'><strong>asservata,</strong></span> <span class='ocrx_word' id='word_1_434' title='bbox 3339 4417 3418 4461; x_wconf 81' lang='lat' dir='ltr'><strong>ex</strong></span> <span class='ocrx_word' id='word_1_435' title='bbox 3448 4399 3678 4479; x_wconf 89' lang='lat' dir='ltr'><strong>eisque</strong></span> 
     </span>
    </p>
   </div>
   <div class='ocr_carea' id='block_1_43' title="bbox 418 4498 3677 4582">
    <p class='ocr_par' dir='ltr' id='par_1_43' title="bbox 418 4498 3677 4582">
     <span class='ocr_line' id='line_1_43' title="bbox 418 4498 3677 4582; baseline -0 -21"><span class='ocrx_word' id='word_1_436' title='bbox 418 4521 531 4582; x_wconf 90' lang='lat' dir='ltr'><strong>pro</strong></span> <span class='ocrx_word' id='word_1_437' title='bbox 556 4520 655 4576; x_wconf 88' lang='lat' dir='ltr'><strong>ea,</strong></span> <span class='ocrx_word' id='word_1_438' title='bbox 681 4519 827 4582; x_wconf 62' lang='lat' dir='ltr'><strong>qua;</strong></span> <span class='ocrx_word' id='word_1_439' title='bbox 856 4520 1103 4564; x_wconf 88' lang='lat' dir='ltr'><strong>summa</strong></span> <span class='ocrx_word' id='word_1_440' title='bbox 1128 4501 1270 4563; x_wconf 90' lang='lat' dir='ltr'><strong>sine</strong></span> <span class='ocrx_word' id='word_1_441' title='bbox 1310 4500 1512 4562; x_wconf 85' lang='lat' dir='ltr'><strong>dubio</strong></span> <span class='ocrx_word' id='word_1_442' title='bbox 1535 4499 1879 4563; x_wconf 87' lang='lat' dir='ltr'><strong>adhibetur</strong></span> <span class='ocrx_word' id='word_1_443' title='bbox 1901 4500 2260 4581; x_wconf 84' lang='lat' dir='ltr'><strong>diligentia,</strong></span> <span class='ocrx_word' id='word_1_444' title='bbox 2291 4502 2370 4564; x_wconf 90' lang='lat' dir='ltr'><strong>ad</strong></span> <span class='ocrx_word' id='word_1_445' title='bbox 2397 4503 2661 4563; x_wconf 72' lang='lat' dir='ltr'><strong>Venetae</strong></span> <span class='ocrx_word' id='word_1_446' title='bbox 2684 4500 2959 4580; x_wconf 89' lang='lat' dir='ltr'><strong>hujusce</strong></span> <span class='ocrx_word' id='word_1_447' title='bbox 2986 4498 3299 4576; x_wconf 75' lang='lat' dir='ltr'><strong>editionis</strong></span> <span class='ocrx_word' id='word_1_448' title='bbox 3324 4517 3677 4563; x_wconf 83' lang='lat' dir='ltr'><strong>ornamen-</strong></span> 
     </span>
    </p>
   </div>
   <div class='ocr_carea' id='block_1_44' title="bbox 416 4595 3681 4679">
    <p class='ocr_par' dir='ltr' id='par_1_44' title="bbox 416 4595 3681 4679">
     <span class='ocr_line' id='line_1_44' title="bbox 416 4595 3681 4679; baseline -0 -20"><span class='ocrx_word' id='word_1_449' title='bbox 416 4611 550 4661; x_wconf 91' lang='lat' dir='ltr'><strong>tum</strong></span> <span class='ocrx_word' id='word_1_450' title='bbox 576 4600 1035 4678; x_wconf 87' lang='lat' dir='ltr'><strong>depromenda.</strong></span> <span class='ocrx_word' id='word_1_451' title='bbox 1061 4602 1218 4661; x_wconf 85' lang='lat' dir='ltr'><strong>Cum</strong></span> <span class='ocrx_word' id='word_1_452' title='bbox 1254 4607 1428 4660; x_wconf 76' lang='lat' dir='ltr'><strong>textu</strong></span> <span class='ocrx_word' id='word_1_453' title='bbox 1463 4597 1682 4659; x_wconf 72' lang='lat' dir='ltr'><strong>Graaco</strong></span> <span class='ocrx_word' id='word_1_454' title='bbox 1722 4605 2102 4675; x_wconf 87' lang='lat' dir='ltr'><strong>totoperum</strong></span> <span class='ocrx_word' id='word_1_455' title='bbox 2136 4597 2624 4679; x_wconf 85' lang='lat' dir='ltr'><strong>TheOphylacti,</strong></span> <span class='ocrx_word' id='word_1_456' title='bbox 2655 4614 2799 4678; x_wconf 85' lang='lat' dir='ltr'><strong>quae</strong></span> <span class='ocrx_word' id='word_1_457' title='bbox 2828 4597 3326 4658; x_wconf 89' lang='lat' dir='ltr'><strong>memoravimus</strong></span> <span class='ocrx_word' id='word_1_458' title='bbox 3352 4597 3414 4658; x_wconf 89' lang='lat' dir='ltr'><strong>in</strong></span> <span class='ocrx_word' id='word_1_459' title='bbox 3452 4595 3681 4666; x_wconf 80' lang='lat' dir='ltr'><strong>biblio-</strong></span> 
     </span>
    </p>
   </div>
   <div class='ocr_carea' id='block_1_45' title="bbox 416 4691 3679 4774">
    <p class='ocr_par' dir='ltr' id='par_1_45' title="bbox 416 4691 3679 4774">
     <span class='ocr_line' id='line_1_45' title="bbox 416 4691 3679 4774; baseline -0.002 -16"><span class='ocrx_word' id='word_1_460' title='bbox 416 4698 616 4759; x_wconf 79' lang='lat' dir='ltr'><strong>thecis</strong></span> <span class='ocrx_word' id='word_1_461' title='bbox 650 4698 956 4761; x_wconf 88' lang='lat' dir='ltr'><strong>hactenus</strong></span> <span class='ocrx_word' id='word_1_462' title='bbox 978 4694 1655 4765; x_wconf 88' lang='lat' dir='ltr'><strong>delitescentia,simul</strong></span> <span class='ocrx_word' id='word_1_463' title='bbox 1682 4694 2031 4774; x_wconf 76' lang='lat' dir='ltr'><strong>prodibant</strong></span> <span class='ocrx_word' id='word_1_464' title='bbox 2057 4697 2293 4757; x_wconf 86' lang='lat' dir='ltr'><strong>Latinae</strong></span> <span class='ocrx_word' id='word_1_465' title='bbox 2314 4694 2884 4772; x_wconf 86' lang='lat' dir='ltr'><strong>interpretationes</strong></span> <span class='ocrx_word' id='word_1_466' title='bbox 2904 4740 2919 4765; x_wconf 91' lang='lat'><strong>,</strong></span> <span class='ocrx_word' id='word_1_467' title='bbox 2942 4691 3282 4753; x_wconf 89' lang='lat' dir='ltr'><strong>attentiore</strong></span> <span class='ocrx_word' id='word_1_468' title='bbox 3308 4692 3529 4753; x_wconf 87' lang='lat' dir='ltr'><strong>studio</strong></span> <span class='ocrx_word' id='word_1_469' title='bbox 3563 4693 3679 4756; x_wconf 84' lang='lat' dir='ltr'><strong>abs</strong></span> 
     </span>
    </p>
   </div>
   <div class='ocr_carea' id='block_1_46' title="bbox 417 4787 3683 4875">
    <p class='ocr_par' dir='ltr' id='par_1_46' title="bbox 417 4787 3683 4875">
     <span class='ocr_line' id='line_1_46' title="bbox 417 4787 3683 4875; baseline -0.002 -19"><span class='ocrx_word' id='word_1_470' title='bbox 417 4795 576 4863; x_wconf 83' lang='lat' dir='ltr'><strong>viris</strong></span> <span class='ocrx_word' id='word_1_471' title='bbox 618 4794 1030 4875; x_wconf 86' lang='lat' dir='ltr'><strong>peritissimis</strong></span> <span class='ocrx_word' id='word_1_472' title='bbox 1061 4793 1365 4856; x_wconf 73' lang='lat' dir='ltr'><strong>confectm</strong></span> <span class='ocrx_word' id='word_1_473' title='bbox 1405 4814 1421 4854; x_wconf 92' lang='lat'><strong>:</strong></span> <span class='ocrx_word' id='word_1_474' title='bbox 1469 4800 1531 4854; x_wconf 90' lang='lat' dir='ltr'><strong>et</strong></span> <span class='ocrx_word' id='word_1_475' title='bbox 1576 4792 1710 4854; x_wconf 87' lang='lat' dir='ltr'><strong>vice</strong></span> <span class='ocrx_word' id='word_1_476' title='bbox 1757 4808 1936 4855; x_wconf 86' lang='lat' dir='ltr'><strong>versa</strong></span> <span class='ocrx_word' id='word_1_477' title='bbox 1976 4791 2220 4854; x_wconf 70' lang='lat' dir='ltr'><strong>Latium</strong></span> <span class='ocrx_word' id='word_1_478' title='bbox 2260 4790 2663 4853; x_wconf 91' lang='lat' dir='ltr'><strong>translationi</strong></span> <span class='ocrx_word' id='word_1_479' title='bbox 2696 4790 2990 4852; x_wconf 62' lang='lat' dir='ltr'><strong>Homilies</strong></span> <span class='ocrx_word' id='word_1_480' title='bbox 3020 4790 3087 4849; x_wconf 87' lang='lat' dir='ltr'><strong>in</strong></span> <span class='ocrx_word' id='word_1_481' title='bbox 3116 4787 3683 4850; x_wconf 79' lang='lat' dir='ltr'><strong>Prcesenlationem</strong></span> 
     </span>
    </p>
   </div>
   <div class='ocr_carea' id='block_1_47' title="bbox 420 4885 3683 4974">
    <p class='ocr_par' dir='ltr' id='par_1_47' title="bbox 420 4885 3683 4974">
     <span class='ocr_line' id='line_1_47' title="bbox 420 4885 3683 4974; baseline -0.003 -19"><span class='ocrx_word' id='word_1_482' title='bbox 420 4895 708 4974; x_wconf 72' lang='lat' dir='ltr'><strong>Deiparte</strong></span> <span class='ocrx_word' id='word_1_483' title='bbox 744 4894 1048 4973; x_wconf 83' lang='lat' dir='ltr'><strong>Virginis,</strong></span> <span class='ocrx_word' id='word_1_484' title='bbox 1092 4908 1127 4953; x_wconf 87' lang='lat' dir='ltr'><strong>a</strong></span> <span class='ocrx_word' id='word_1_485' title='bbox 1172 4890 1514 4953; x_wconf 85' lang='lat' dir='ltr'><strong>Francisco</strong></span> <span class='ocrx_word' id='word_1_486' title='bbox 1548 4891 1929 4954; x_wconf 82' lang='lat' dir='ltr'><strong>Combeﬁsio</strong></span> <span class='ocrx_word' id='word_1_487' title='bbox 1964 4890 2306 4959; x_wconf 64' lang='lat' dir='ltr'><strong>adornatas,</strong></span> <span class='ocrx_word' id='word_1_488' title='bbox 2342 4889 2629 4968; x_wconf 88' lang='lat' dir='ltr'><strong>adjectus</strong></span> <span class='ocrx_word' id='word_1_489' title='bbox 2680 4885 2963 4964; x_wconf 85' lang='lat' dir='ltr'><strong>prodibit</strong></span> <span class='ocrx_word' id='word_1_490' title='bbox 3015 4887 3276 4947; x_wconf 62' lang='lat' dir='ltr'><strong>Graecus</strong></span> <span class='ocrx_word' id='word_1_491' title='bbox 3326 4892 3541 4946; x_wconf 84' lang='lat' dir='ltr'><strong>textus</strong></span> <span class='ocrx_word' id='word_1_492' title='bbox 3601 4905 3683 4946; x_wconf 76' lang='lat' dir='ltr'><strong>ex</strong></span> 
     </span>
    </p>
   </div>
   <div class='ocr_carea' id='block_1_48' title="bbox 416 4981 3675 5071">
    <p class='ocr_par' dir='ltr' id='par_1_48' title="bbox 416 4981 3675 5071">
     <span class='ocr_line' id='line_1_48' title="bbox 416 4981 3675 5071; baseline -0.002 -18"><span class='ocrx_word' id='word_1_493' title='bbox 416 4994 619 5071; x_wconf 85' lang='lat' dir='ltr'><strong>Regio</strong></span> <span class='ocrx_word' id='word_1_494' title='bbox 646 4993 865 5055; x_wconf 90' lang='lat' dir='ltr'><strong>codice</strong></span> <span class='ocrx_word' id='word_1_495' title='bbox 901 4989 1278 5062; x_wconf 89' lang='lat' dir='ltr'><strong>Parisiensi,</strong></span> <span class='ocrx_word' id='word_1_496' title='bbox 1315 5004 1474 5050; x_wconf 86' lang='lat' dir='ltr'><strong>nova</strong></span> <span class='ocrx_word' id='word_1_497' title='bbox 1505 4987 1656 5049; x_wconf 89' lang='lat' dir='ltr'><strong>item</strong></span> <span class='ocrx_word' id='word_1_498' title='bbox 1705 4988 1847 5050; x_wconf 91' lang='lat' dir='ltr'><strong>sine</strong></span> <span class='ocrx_word' id='word_1_499' title='bbox 1880 4986 2080 5049; x_wconf 83' lang='lat' dir='ltr'><strong>dubio</strong></span> <span class='ocrx_word' id='word_1_500' title='bbox 2116 4986 2407 5048; x_wconf 88' lang='lat' dir='ltr'><strong>nitidiori</strong></span> <span class='ocrx_word' id='word_1_501' title='bbox 2458 4986 2801 5047; x_wconf 85' lang='lat' dir='ltr'><strong>accedente</strong></span> <span class='ocrx_word' id='word_1_502' title='bbox 2842 4984 3062 5045; x_wconf 89' lang='lat' dir='ltr'><strong>Latina</strong></span> <span class='ocrx_word' id='word_1_503' title='bbox 3109 4981 3675 5061; x_wconf 88' lang='lat' dir='ltr'><strong>interpretatione.</strong></span> 
     </span>
    </p>
   </div>
   <div class='ocr_carea' id='block_1_49' title="bbox 497 5077 3682 5167">
    <p class='ocr_par' dir='ltr' id='par_1_49' title="bbox 497 5077 3682 5167">
     <span class='ocr_line' id='line_1_49' title="bbox 497 5077 3682 5167; baseline -0.004 -15"><span class='ocrx_word' id='word_1_504' title='bbox 497 5093 648 5155; x_wconf 60' lang='lat' dir='ltr'><strong>Haec</strong></span> <span class='ocrx_word' id='word_1_505' title='bbox 692 5098 841 5153; x_wconf 89' lang='lat' dir='ltr'><strong>sunt</strong></span> <span class='ocrx_word' id='word_1_506' title='bbox 877 5089 1197 5167; x_wconf 78' lang='lat' dir='ltr'><strong>praecipua</strong></span> <span class='ocrx_word' id='word_1_507' title='bbox 1240 5088 1500 5149; x_wconf 61' lang='lat' dir='ltr'><strong>Venetae</strong></span> <span class='ocrx_word' id='word_1_508' title='bbox 1530 5085 1867 5157; x_wconf 91' lang='lat' dir='ltr'><strong>editionis,</strong></span> <span class='ocrx_word' id='word_1_509' title='bbox 1922 5092 2013 5147; x_wconf 89' lang='lat' dir='ltr'><strong>tot</strong></span> <span class='ocrx_word' id='word_1_510' title='bbox 2066 5084 2397 5163; x_wconf 87' lang='lat' dir='ltr'><strong>tantisque</strong></span> <span class='ocrx_word' id='word_1_511' title='bbox 2429 5081 2919 5145; x_wconf 87' lang='lat' dir='ltr'><strong>accessionibus</strong></span> <span class='ocrx_word' id='word_1_512' title='bbox 2950 5078 3387 5157; x_wconf 70' lang='lat' dir='ltr'><strong>locupletatee,</strong></span> <span class='ocrx_word' id='word_1_513' title='bbox 3422 5077 3682 5140; x_wconf 87' lang='lat' dir='ltr'><strong>emolu-</strong></span> 
     </span>
    </p>
   </div>
   <div class='ocr_carea' id='block_1_50' title="bbox 422 5176 3681 5263">
    <p class='ocr_par' dir='ltr' id='par_1_50' title="bbox 422 5176 3681 5263">
     <span class='ocr_line' id='line_1_50' title="bbox 422 5176 3681 5263; baseline -0.006 -8"><span class='ocrx_word' id='word_1_514' title='bbox 422 5200 633 5255; x_wconf 87' lang='lat' dir='ltr'><strong>menta</strong></span> <span class='ocrx_word' id='word_1_515' title='bbox 663 5198 724 5252; x_wconf 90' lang='lat' dir='ltr'><strong>et</strong></span> <span class='ocrx_word' id='word_1_516' title='bbox 756 5196 1150 5251; x_wconf 90' lang='lat' dir='ltr'><strong>ornamenta.</strong></span> <span class='ocrx_word' id='word_1_517' title='bbox 1187 5186 1336 5249; x_wconf 61' lang='lat' dir='ltr'><strong>Haec</strong></span> <span class='ocrx_word' id='word_1_518' title='bbox 1377 5203 1529 5248; x_wconf 92' lang='lat' dir='ltr'><strong>vero</strong></span> <span class='ocrx_word' id='word_1_519' title='bbox 1567 5200 1949 5263; x_wconf 83' lang='lat' dir='ltr'><strong>promovere</strong></span> <span class='ocrx_word' id='word_1_520' title='bbox 1990 5181 2229 5251; x_wconf 74' lang='lat' dir='ltr'><strong>omnia,</strong></span> <span class='ocrx_word' id='word_1_521' title='bbox 2280 5179 2672 5258; x_wconf 83' lang='lat' dir='ltr'><strong>felicemque</strong></span> <span class='ocrx_word' id='word_1_522' title='bbox 2713 5177 2779 5239; x_wconf 91' lang='lat' dir='ltr'><strong>in</strong></span> <span class='ocrx_word' id='word_1_523' title='bbox 2830 5176 3081 5239; x_wconf 79' lang='lat' dir='ltr'><strong>exitum</strong></span> <span class='ocrx_word' id='word_1_524' title='bbox 3113 5176 3467 5249; x_wconf 85' lang='lat' dir='ltr'><strong>deducere,</strong></span> <span class='ocrx_word' id='word_1_525' title='bbox 3500 5193 3681 5237; x_wconf 87' lang='lat' dir='ltr'><strong>unus</strong></span> 
     </span>
    </p>
   </div>
   <div class='ocr_carea' id='block_1_51' title="bbox 421 5271 3682 5361">
    <p class='ocr_par' dir='ltr' id='par_1_51' title="bbox 421 5271 3682 5361">
     <span class='ocr_line' id='line_1_51' title="bbox 421 5271 3682 5361; baseline -0.006 -10"><span class='ocrx_word' id='word_1_526' title='bbox 421 5288 1036 5352; x_wconf 81' lang='lat' dir='ltr'><strong>valuitFranciscus</strong></span> <span class='ocrx_word' id='word_1_527' title='bbox 1083 5286 1425 5357; x_wconf 85' lang='lat' dir='ltr'><strong>Foscarus,</strong></span> <span class='ocrx_word' id='word_1_528' title='bbox 1458 5282 1763 5361; x_wconf 88' lang='lat' dir='ltr'><strong>patricius</strong></span> <span class='ocrx_word' id='word_1_529' title='bbox 1810 5280 2120 5352; x_wconf 85' lang='lat' dir='ltr'><strong>Venetus,</strong></span> <span class='ocrx_word' id='word_1_530' title='bbox 2177 5276 2623 5356; x_wconf 87' lang='lat' dir='ltr'><strong>amplissimus</strong></span> <span class='ocrx_word' id='word_1_531' title='bbox 2691 5281 2974 5348; x_wconf 87' lang='lat' dir='ltr'><strong>senator,</strong></span> <span class='ocrx_word' id='word_1_532' title='bbox 3036 5271 3313 5350; x_wconf 90' lang='lat' dir='ltr'><strong>publicis</strong></span> <span class='ocrx_word' id='word_1_533' title='bbox 3379 5271 3682 5334; x_wconf 88' lang='lat' dir='ltr'><strong>consiliis</strong></span> 
     </span>
    </p>
   </div>
   <div class='ocr_carea' id='block_1_52' title="bbox 423 5369 3681 5464">
    <p class='ocr_par' dir='ltr' id='par_1_52' title="bbox 423 5369 3681 5464">
     <span class='ocr_line' id='line_1_52' title="bbox 423 5369 3681 5464; baseline -0.006 -16"><span class='ocrx_word' id='word_1_534' title='bbox 423 5384 732 5464; x_wconf 82' lang='lat' dir='ltr'><strong>regundis</strong></span> <span class='ocrx_word' id='word_1_535' title='bbox 761 5382 1003 5453; x_wconf 68' lang='lat' dir='ltr'><strong>scxuir,</strong></span> <span class='ocrx_word' id='word_1_536' title='bbox 1038 5380 1395 5443; x_wconf 90' lang='lat' dir='ltr'><strong>litterarum</strong></span> <span class='ocrx_word' id='word_1_537' title='bbox 1431 5379 1663 5448; x_wconf 88' lang='lat' dir='ltr'><strong>cultor,</strong></span> <span class='ocrx_word' id='word_1_538' title='bbox 1699 5393 1770 5439; x_wconf 90' lang='lat' dir='ltr'><strong>ac</strong></span> <span class='ocrx_word' id='word_1_539' title='bbox 1807 5383 2116 5455; x_wconf 85' lang='lat' dir='ltr'><strong>patronus</strong></span> <span class='ocrx_word' id='word_1_540' title='bbox 2149 5375 2264 5455; x_wconf 90' lang='lat' dir='ltr'><strong>qui</strong></span> <span class='ocrx_word' id='word_1_541' title='bbox 2293 5390 2430 5435; x_wconf 74' lang='lat' dir='ltr'><strong>suaa</strong></span> <span class='ocrx_word' id='word_1_542' title='bbox 2462 5371 2812 5451; x_wconf 89' lang='lat' dir='ltr'><strong>splendore</strong></span> <span class='ocrx_word' id='word_1_543' title='bbox 2849 5369 3233 5443; x_wconf 85' lang='lat' dir='ltr'><strong>nobilitatis,</strong></span> <span class='ocrx_word' id='word_1_544' title='bbox 3267 5385 3338 5431; x_wconf 87' lang='lat' dir='ltr'><strong>ac</strong></span> <span class='ocrx_word' id='word_1_545' title='bbox 3369 5369 3681 5446; x_wconf 88' lang='lat' dir='ltr'><strong>plurima,</strong></span> 
     </span>
    </p>
   </div>
   <div class='ocr_carea' id='block_1_53' title="bbox 425 5465 3682 5562">
    <p class='ocr_par' dir='ltr' id='par_1_53' title="bbox 425 5465 3682 5562">
     <span class='ocr_line' id='line_1_53' title="bbox 425 5465 3682 5562; baseline -0.006 -19"><span class='ocrx_word' id='word_1_546' title='bbox 425 5498 551 5562; x_wconf 86' lang='lat' dir='ltr'><strong>qua</strong></span> <span class='ocrx_word' id='word_1_547' title='bbox 580 5478 755 5542; x_wconf 86' lang='lat' dir='ltr'><strong>domi</strong></span> <span class='ocrx_word' id='word_1_548' title='bbox 790 5479 1089 5559; x_wconf 77' lang='lat' dir='ltr'><strong>forisque</strong></span> <span class='ocrx_word' id='word_1_549' title='bbox 1138 5477 1516 5540; x_wconf 89' lang='lat' dir='ltr'><strong>auctoritate</strong></span> <span class='ocrx_word' id='word_1_550' title='bbox 1552 5475 1774 5554; x_wconf 87' lang='lat' dir='ltr'><strong>pollet,</strong></span> <span class='ocrx_word' id='word_1_551' title='bbox 1835 5472 1895 5532; x_wconf 90' lang='lat' dir='ltr'><strong>id</strong></span> <span class='ocrx_word' id='word_1_552' title='bbox 1939 5471 2245 5535; x_wconf 86' lang='lat' dir='ltr'><strong>facillime</strong></span> <span class='ocrx_word' id='word_1_553' title='bbox 2303 5470 2573 5549; x_wconf 90' lang='lat' dir='ltr'><strong>assequi</strong></span> <span class='ocrx_word' id='word_1_554' title='bbox 2643 5470 2873 5548; x_wconf 88' lang='lat' dir='ltr'><strong>potuit,</strong></span> <span class='ocrx_word' id='word_1_555' title='bbox 2921 5474 2995 5530; x_wconf 85' lang='lat' dir='ltr'><strong>ut</strong></span> <span class='ocrx_word' id='word_1_556' title='bbox 3048 5467 3303 5529; x_wconf 88' lang='lat' dir='ltr'><strong>codices</strong></span> <span class='ocrx_word' id='word_1_557' title='bbox 3360 5465 3682 5538; x_wconf 81' lang='lat' dir='ltr'><strong>Vaticani,</strong></span> 
     </span>
    </p>
   </div>
   <div class='ocr_carea' id='block_1_54' title="bbox 426 5563 3684 5650">
    <p class='ocr_par' dir='ltr' id='par_1_54' title="bbox 426 5563 3684 5650">
     <span class='ocr_line' id='line_1_54' title="bbox 426 5563 3684 5650; baseline -0.006 -9"><span class='ocrx_word' id='word_1_558' title='bbox 426 5576 1319 5650; x_wconf 71' lang='lat' dir='ltr'><strong>Cmsarco-Vindobonenses,</strong></span> <span class='ocrx_word' id='word_1_559' title='bbox 1372 5572 1773 5636; x_wconf 86' lang='lat' dir='ltr'><strong>Parisienses</strong></span> <span class='ocrx_word' id='word_1_560' title='bbox 1827 5570 2058 5647; x_wconf 85' lang='lat' dir='ltr'><strong>Regii,</strong></span> <span class='ocrx_word' id='word_1_561' title='bbox 2117 5577 2178 5631; x_wconf 82' lang='lat' dir='ltr'><strong>et</strong></span> <span class='ocrx_word' id='word_1_562' title='bbox 2233 5566 3113 5637; x_wconf 81' lang='lat' dir='ltr'><strong>Bavarico-Monachienses,</strong></span> <span class='ocrx_word' id='word_1_563' title='bbox 3180 5580 3260 5625; x_wconf 91' lang='lat' dir='ltr'><strong>ne</strong></span> <span class='ocrx_word' id='word_1_564' title='bbox 3320 5563 3684 5625; x_wconf 74' lang='lat' dir='ltr'><strong>Marcianos</strong></span> 
     </span>
    </p>
   </div>
   <div class='ocr_carea' id='block_1_55' title="bbox 424 5659 3686 5745">
    <p class='ocr_par' dir='ltr' id='par_1_55' title="bbox 424 5659 3686 5745">
     <span class='ocr_line' id='line_1_55' title="bbox 424 5659 3686 5745; baseline -0.005 -9"><span class='ocrx_word' id='word_1_565' title='bbox 424 5676 707 5737; x_wconf 84' lang='lat' dir='ltr'><strong>Venetos</strong></span> <span class='ocrx_word' id='word_1_566' title='bbox 739 5688 1086 5737; x_wconf 86' lang='lat' dir='ltr'><strong>memorem</strong></span> <span class='ocrx_word' id='word_1_567' title='bbox 1144 5690 1216 5734; x_wconf 87' lang='lat' dir='ltr'><strong>ac</strong></span> <span class='ocrx_word' id='word_1_568' title='bbox 1264 5672 1640 5735; x_wconf 88' lang='lat' dir='ltr'><strong>Patavinum</strong></span> <span class='ocrx_word' id='word_1_569' title='bbox 1678 5670 1919 5730; x_wconf 66' lang='lat' dir='ltr'><strong>Sanctae</strong></span> <span class='ocrx_word' id='word_1_570' title='bbox 1977 5665 2275 5740; x_wconf 87' lang='lat' dir='ltr'><strong>Justinae,</strong></span> <span class='ocrx_word' id='word_1_571' title='bbox 2331 5664 2716 5745; x_wconf 90' lang='lat' dir='ltr'><strong>diligentius</strong></span> <span class='ocrx_word' id='word_1_572' title='bbox 2785 5664 3218 5724; x_wconf 84' lang='lat' dir='ltr'><strong>lustrarentur</strong></span> <span class='ocrx_word' id='word_1_573' title='bbox 3270 5682 3286 5723; x_wconf 86' lang='lat'><strong>:</strong></span> <span class='ocrx_word' id='word_1_574' title='bbox 3339 5659 3396 5721; x_wconf 90' lang='lat' dir='ltr'><strong>si</strong></span> <span class='ocrx_word' id='word_1_575' title='bbox 3454 5677 3686 5740; x_wconf 63' lang='lat' dir='ltr'><strong>quaeve</strong></span> 
     </span>
    </p>
   </div>
   <div class='ocr_carea' id='block_1_56' title="bbox 426 5755 3694 5853">
    <p class='ocr_par' dir='ltr' id='par_1_56' title="bbox 426 5755 3694 5853">
     <span class='ocr_line' id='line_1_56' title="bbox 426 5755 3694 5853; baseline -0.005 -17"><span class='ocrx_word' id='word_1_576' title='bbox 426 5771 740 5853; x_wconf 68' lang='lat' dir='ltr'><strong>Bulgaria:</strong></span> <span class='ocrx_word' id='word_1_577' title='bbox 798 5771 1272 5851; x_wconf 80' lang='lat' dir='ltr'><strong>archiepiscopi.</strong></span> <span class='ocrx_word' id='word_1_578' title='bbox 1329 5763 1789 5850; x_wconf 66' lang='lat' dir='ltr'><strong>&#39;l‘heoPhylacti</strong></span> <span class='ocrx_word' id='word_1_579' title='bbox 1851 5769 2178 5827; x_wconf 82' lang='lat' dir='ltr'><strong>exstarent</strong></span> <span class='ocrx_word' id='word_1_580' title='bbox 2254 5777 2485 5842; x_wconf 86' lang='lat' dir='ltr'><strong>opera,</strong></span> <span class='ocrx_word' id='word_1_581' title='bbox 2546 5777 2582 5825; x_wconf 87' lang='lat' dir='ltr'><strong>a</strong></span> <span class='ocrx_word' id='word_1_582' title='bbox 2644 5759 2871 5839; x_wconf 79' lang='lat' dir='ltr'><strong>peritis</strong></span> <span class='ocrx_word' id='word_1_583' title='bbox 2932 5757 3307 5839; x_wconf 86' lang='lat' dir='ltr'><strong>transcripta</strong></span> <span class='ocrx_word' id='word_1_584' title='bbox 3367 5755 3694 5821; x_wconf 49' lang='lat' dir='ltr'><strong>librarii;</strong></span> 
     </span>
    </p>
   </div>
  </div>
