  <div class='ocr_page' id='page_1' title='image "/cluster/home/n/w/nwhite01/storage/ocr_20150623/123/hvd.32044019208198/072.png"; bbox 0 0 4058 6470; ppageno 0'>
   <div class='ocr_carea' id='block_1_1' title="bbox 308 400 3561 474">
    <p class='ocr_par' dir='ltr' id='par_1_1' title="bbox 308 400 3561 474">
     <span class='ocr_line' id='line_1_1' title="bbox 308 400 3561 474; baseline 0.002 -9"><span class='ocrx_word' id='word_1_1' title='bbox 308 403 408 466; x_wconf 70' lang='lat'><strong>129</strong></span> <span class='ocrx_word' id='word_1_2' title='bbox 1124 402 1219 461; x_wconf 77' lang='lat' dir='ltr'><strong>LE</strong></span> <span class='ocrx_word' id='word_1_3' title='bbox 1259 400 1837 462; x_wconf 70' lang='lat' dir='ltr'><strong>TIIEOPHYLACTI</strong></span> <span class='ocrx_word' id='word_1_4' title='bbox 1886 403 2159 464; x_wconf 79' lang='lat' dir='ltr'><strong>GESTIS</strong></span> <span class='ocrx_word' id='word_1_5' title='bbox 2198 403 2294 464; x_wconf 87' lang='lat' dir='ltr'><strong>ET</strong></span> <span class='ocrx_word' id='word_1_6' title='bbox 2333 403 2700 465; x_wconf 81' lang='lat' dir='ltr'><strong>SCRIPTIS.</strong></span> <span class='ocrx_word' id='word_1_7' title='bbox 3085 408 3088 411; x_wconf 69' lang='grc'>’</span> <span class='ocrx_word' id='word_1_8' title='bbox 3455 404 3561 474; x_wconf 80' lang='lat'><strong>130</strong></span> 
     </span>
    </p>
   </div>
   <div class='ocr_carea' id='block_1_2' title="bbox 306 507 3560 581">
    <p class='ocr_par' dir='ltr' id='par_1_2' title="bbox 306 507 3560 581">
     <span class='ocr_line' id='line_1_2' title="bbox 306 507 3560 581; baseline 0.004 -12"><span class='ocrx_word' id='word_1_9' title='bbox 306 507 614 570; x_wconf 74' lang='lat' dir='ltr'><strong>\‘enotias</strong></span> <span class='ocrx_word' id='word_1_10' title='bbox 649 509 1013 569; x_wconf 78' lang='lat' dir='ltr'><strong>transmissa</strong></span> <span class='ocrx_word' id='word_1_11' title='bbox 1067 524 1137 570; x_wconf 87' lang='lat' dir='ltr'><strong>ac</strong></span> <span class='ocrx_word' id='word_1_12' title='bbox 1168 510 1510 571; x_wconf 73' lang='lat' dir='ltr'><strong>Latinitate</strong></span> <span class='ocrx_word' id='word_1_13' title='bbox 1543 509 1798 581; x_wconf 86' lang='lat' dir='ltr'><strong>donata,</strong></span> <span class='ocrx_word' id='word_1_14' title='bbox 1839 511 2058 574; x_wconf 70' lang='lat' dir='ltr'><strong>Grmce</strong></span> <span class='ocrx_word' id='word_1_15' title='bbox 2108 511 2366 572; x_wconf 78' lang='lat' dir='ltr'><strong>tandem</strong></span> <span class='ocrx_word' id='word_1_16' title='bbox 2425 518 2488 573; x_wconf 89' lang='lat' dir='ltr'><strong>et</strong></span> <span class='ocrx_word' id='word_1_17' title='bbox 2527 511 2752 572; x_wconf 80' lang='lat' dir='ltr'><strong>Latine</strong></span> <span class='ocrx_word' id='word_1_18' title='bbox 2793 511 3088 575; x_wconf 88' lang='lat' dir='ltr'><strong>viderent</strong></span> <span class='ocrx_word' id='word_1_19' title='bbox 3120 513 3359 579; x_wconf 87' lang='lat' dir='ltr'><strong>lucem.</strong></span> <span class='ocrx_word' id='word_1_20' title='bbox 3397 517 3560 581; x_wconf 84' lang='lat' dir='ltr'><strong>Viro</strong></span> 
     </span>
    </p>
   </div>
   <div class='ocr_carea' id='block_1_3' title="bbox 302 603 3608 693">
    <p class='ocr_par' dir='ltr' id='par_1_3' title="bbox 302 603 3608 693">
     <span class='ocr_line' id='line_1_3' title="bbox 302 603 3608 693; baseline 0.004 -28"><span class='ocrx_word' id='word_1_21' title='bbox 302 621 580 677; x_wconf 81' lang='lat' dir='ltr'><strong>summo,</strong></span> <span class='ocrx_word' id='word_1_22' title='bbox 615 604 725 683; x_wconf 85' lang='lat' dir='ltr'><strong>qui</strong></span> <span class='ocrx_word' id='word_1_23' title='bbox 776 603 1200 670; x_wconf 72' lang='lat' dir='ltr'><strong>litteratorum</strong></span> <span class='ocrx_word' id='word_1_24' title='bbox 1243 605 1491 667; x_wconf 89' lang='lat' dir='ltr'><strong>nationi</strong></span> <span class='ocrx_word' id='word_1_25' title='bbox 1531 615 1655 668; x_wconf 91' lang='lat' dir='ltr'><strong>tam</strong></span> <span class='ocrx_word' id='word_1_26' title='bbox 1684 609 1898 685; x_wconf 89' lang='lat' dir='ltr'><strong>ampla</strong></span> <span class='ocrx_word' id='word_1_27' title='bbox 1929 607 2241 670; x_wconf 84' lang='lat' dir='ltr'><strong>beneﬁcia</strong></span> <span class='ocrx_word' id='word_1_28' title='bbox 2274 607 2624 687; x_wconf 86' lang='lat' dir='ltr'><strong>impendit,</strong></span> <span class='ocrx_word' id='word_1_29' title='bbox 2663 607 2900 688; x_wconf 78' lang='lat' dir='ltr'><strong>gratias</strong></span> <span class='ocrx_word' id='word_1_30' title='bbox 2954 626 3143 688; x_wconf 82' lang='lat' dir='ltr'><strong>agere</strong></span> <span class='ocrx_word' id='word_1_31' title='bbox 3176 628 3358 690; x_wconf 89' lang='lat' dir='ltr'><strong>pares</strong></span> <span class='ocrx_word' id='word_1_32' title='bbox 3408 613 3558 693; x_wconf 87' lang='lat' dir='ltr'><strong>quis</strong></span> <span class='ocrx_word' id='word_1_33' title='bbox 3602 659 3608 665; x_wconf 58' lang='grc' dir='ltr'>ι</span> 
     </span>
    </p>
   </div>
   <div class='ocr_carea' id='block_1_4' title="bbox 307 698 567 762">
    <p class='ocr_par' dir='ltr' id='par_1_4' title="bbox 307 698 567 762">
     <span class='ocr_line' id='line_1_4' title="bbox 307 698 567 762; baseline 0.004 -1"><span class='ocrx_word' id='word_1_34' title='bbox 307 703 508 761; x_wconf 77' lang='lat' dir='ltr'><strong>valeat</strong></span> <span class='ocrx_word' id='word_1_35' title='bbox 534 698 567 762; x_wconf 75' lang='lat'><strong>?</strong></span> 
     </span>
    </p>
   </div>
   <div class='ocr_carea' id='block_1_5' title="bbox 379 800 3555 882">
    <p class='ocr_par' dir='ltr' id='par_1_5' title="bbox 379 800 3555 882">
     <span class='ocr_line' id='line_1_5' title="bbox 379 800 3555 882; baseline 0.002 -22"><span class='ocrx_word' id='word_1_36' title='bbox 379 802 546 860; x_wconf 86' lang='lat' dir='ltr'><strong>Num</strong></span> <span class='ocrx_word' id='word_1_37' title='bbox 586 816 734 861; x_wconf 87' lang='lat' dir='ltr'><strong>vero</strong></span> <span class='ocrx_word' id='word_1_38' title='bbox 764 817 956 880; x_wconf 83' lang='lat' dir='ltr'><strong>Opera</strong></span> <span class='ocrx_word' id='word_1_39' title='bbox 1019 802 1130 863; x_wconf 87' lang='lat' dir='ltr'><strong>illa</strong></span> <span class='ocrx_word' id='word_1_40' title='bbox 1161 800 1650 882; x_wconf 81' lang='lat' dir='ltr'><strong>TheOphylacti,</strong></span> <span class='ocrx_word' id='word_1_41' title='bbox 1692 820 1838 882; x_wconf 63' lang='lat' dir='ltr'><strong>qua;</strong></span> <span class='ocrx_word' id='word_1_42' title='bbox 1868 802 1997 882; x_wconf 90' lang='lat' dir='ltr'><strong>jam</strong></span> <span class='ocrx_word' id='word_1_43' title='bbox 2028 801 2222 875; x_wconf 91' lang='lat' dir='ltr'><strong>edita,</strong></span> <span class='ocrx_word' id='word_1_44' title='bbox 2268 800 2406 863; x_wconf 88' lang='lat' dir='ltr'><strong>sive</strong></span> <span class='ocrx_word' id='word_1_45' title='bbox 2447 803 2662 863; x_wconf 81' lang='lat' dir='ltr'><strong>Graece</strong></span> <span class='ocrx_word' id='word_1_46' title='bbox 2716 808 2777 863; x_wconf 91' lang='lat' dir='ltr'><strong>et</strong></span> <span class='ocrx_word' id='word_1_47' title='bbox 2833 802 3081 871; x_wconf 84' lang='lat' dir='ltr'><strong>Latine.</strong></span> <span class='ocrx_word' id='word_1_48' title='bbox 3139 803 3280 866; x_wconf 86' lang='lat' dir='ltr'><strong>sive</strong></span> <span class='ocrx_word' id='word_1_49' title='bbox 3335 805 3555 867; x_wconf 88' lang='lat' dir='ltr'><strong>Latine</strong></span> 
     </span>
    </p>
   </div>
   <div class='ocr_carea' id='block_1_6' title="bbox 303 896 3531 978">
    <p class='ocr_par' dir='ltr' id='par_1_6' title="bbox 303 896 3531 978">
     <span class='ocr_line' id='line_1_6' title="bbox 303 896 3531 978; baseline 0.001 -20"><span class='ocrx_word' id='word_1_50' title='bbox 303 904 575 969; x_wconf 89' lang='lat' dir='ltr'><strong>tantum,</strong></span> <span class='ocrx_word' id='word_1_51' title='bbox 622 914 798 958; x_wconf 92' lang='lat' dir='ltr'><strong>nunc</strong></span> <span class='ocrx_word' id='word_1_52' title='bbox 839 898 1010 977; x_wconf 80' lang='lat' dir='ltr'><strong>typis</strong></span> <span class='ocrx_word' id='word_1_53' title='bbox 1044 899 1309 961; x_wconf 85' lang='lat' dir='ltr'><strong>Venetis</strong></span> <span class='ocrx_word' id='word_1_54' title='bbox 1358 899 1784 973; x_wconf 86' lang='lat' dir='ltr'><strong>recuduntur,</strong></span> <span class='ocrx_word' id='word_1_55' title='bbox 1825 900 2137 978; x_wconf 85' lang='lat' dir='ltr'><strong>prodeant</strong></span> <span class='ocrx_word' id='word_1_56' title='bbox 2171 896 2616 959; x_wconf 86' lang='lat' dir='ltr'><strong>accnratiora?</strong></span> <span class='ocrx_word' id='word_1_57' title='bbox 2649 898 3108 959; x_wconf 85' lang='lat' dir='ltr'><strong>Perfectiorem</strong></span> <span class='ocrx_word' id='word_1_58' title='bbox 3149 900 3291 961; x_wconf 89' lang='lat' dir='ltr'><strong>sine</strong></span> <span class='ocrx_word' id='word_1_59' title='bbox 3331 901 3531 962; x_wconf 90' lang='lat' dir='ltr'><strong>dubio</strong></span> 
     </span>
    </p>
   </div>
   <div class='ocr_carea' id='block_1_7' title="bbox 300 993 3562 1076">
    <p class='ocr_par' dir='ltr' id='par_1_7' title="bbox 300 993 3562 1076">
     <span class='ocr_line' id='line_1_7' title="bbox 300 993 3562 1076; baseline 0.002 -24"><span class='ocrx_word' id='word_1_60' title='bbox 300 994 433 1054; x_wconf 86' lang='lat' dir='ltr'><strong>sive</strong></span> <span class='ocrx_word' id='word_1_61' title='bbox 469 1000 720 1054; x_wconf 87' lang='lat' dir='ltr'><strong>textum</strong></span> <span class='ocrx_word' id='word_1_62' title='bbox 757 994 1051 1055; x_wconf 87' lang='lat' dir='ltr'><strong>Graecum</strong></span> <span class='ocrx_word' id='word_1_63' title='bbox 1101 1003 1379 1073; x_wconf 87' lang='lat' dir='ltr'><strong>spectes,</strong></span> <span class='ocrx_word' id='word_1_64' title='bbox 1415 997 1554 1057; x_wconf 86' lang='lat' dir='ltr'><strong>sive</strong></span> <span class='ocrx_word' id='word_1_65' title='bbox 1606 996 1891 1057; x_wconf 87' lang='lat' dir='ltr'><strong>Latinam</strong></span> <span class='ocrx_word' id='word_1_66' title='bbox 1931 995 2329 1067; x_wconf 87' lang='lat' dir='ltr'><strong>versionem,</strong></span> <span class='ocrx_word' id='word_1_67' title='bbox 2366 993 2499 1054; x_wconf 79' lang='lat' dir='ltr'><strong>fieri</strong></span> <span class='ocrx_word' id='word_1_68' title='bbox 2560 994 2917 1056; x_wconf 87' lang='lat' dir='ltr'><strong>editionem</strong></span> <span class='ocrx_word' id='word_1_69' title='bbox 2975 1012 3191 1073; x_wconf 85' lang='lat' dir='ltr'><strong>posse,</strong></span> <span class='ocrx_word' id='word_1_70' title='bbox 3225 996 3347 1059; x_wconf 91' lang='lat' dir='ltr'><strong>viri</strong></span> <span class='ocrx_word' id='word_1_71' title='bbox 3382 997 3562 1076; x_wconf 85' lang='lat' dir='ltr'><strong>peri-</strong></span> 
     </span>
    </p>
   </div>
   <div class='ocr_carea' id='block_1_8' title="bbox 300 1087 3554 1169">
    <p class='ocr_par' dir='ltr' id='par_1_8' title="bbox 300 1087 3554 1169">
     <span class='ocr_line' id='line_1_8' title="bbox 300 1087 3554 1169; baseline 0.001 -20"><span class='ocrx_word' id='word_1_72' title='bbox 300 1087 538 1150; x_wconf 87' lang='lat' dir='ltr'><strong>tissimi</strong></span> <span class='ocrx_word' id='word_1_73' title='bbox 600 1090 1205 1163; x_wconf 82' lang='lat' dir='ltr'><strong>animadverterunt</strong></span> <span class='ocrx_word' id='word_1_74' title='bbox 1262 1112 1277 1152; x_wconf 88' lang='lat'><strong>:</strong></span> <span class='ocrx_word' id='word_1_75' title='bbox 1338 1092 1576 1154; x_wconf 64' lang='lat' dir='ltr'><strong>Graecis</strong></span> <span class='ocrx_word' id='word_1_76' title='bbox 1636 1091 1951 1154; x_wconf 87' lang='lat' dir='ltr'><strong>nimirum</strong></span> <span class='ocrx_word' id='word_1_77' title='bbox 2025 1089 2397 1164; x_wconf 89' lang='lat' dir='ltr'><strong>codicibus,</strong></span> <span class='ocrx_word' id='word_1_78' title='bbox 2447 1089 2561 1169; x_wconf 90' lang='lat' dir='ltr'><strong>qui</strong></span> <span class='ocrx_word' id='word_1_79' title='bbox 2606 1099 2948 1151; x_wconf 88' lang='lat' dir='ltr'><strong>servantur</strong></span> <span class='ocrx_word' id='word_1_80' title='bbox 3007 1091 3070 1151; x_wconf 92' lang='lat' dir='ltr'><strong>in</strong></span> <span class='ocrx_word' id='word_1_81' title='bbox 3123 1091 3554 1163; x_wconf 83' lang='lat' dir='ltr'><strong>bibliothecis,</strong></span> 
     </span>
    </p>
   </div>
   <div class='ocr_carea' id='block_1_9' title="bbox 296 1185 3553 1265">
    <p class='ocr_par' dir='ltr' id='par_1_9' title="bbox 296 1185 3553 1265">
     <span class='ocr_line' id='line_1_9' title="bbox 296 1185 3553 1265; baseline 0.001 -18"><span class='ocrx_word' id='word_1_82' title='bbox 296 1186 689 1265; x_wconf 90' lang='lat' dir='ltr'><strong>diligentius</strong></span> <span class='ocrx_word' id='word_1_83' title='bbox 718 1186 970 1249; x_wconf 86' lang='lat' dir='ltr'><strong>collatis</strong></span> <span class='ocrx_word' id='word_1_84' title='bbox 1012 1209 1027 1250; x_wconf 91' lang='lat'><strong>:</strong></span> <span class='ocrx_word' id='word_1_85' title='bbox 1061 1205 1132 1250; x_wconf 88' lang='lat' dir='ltr'><strong>ac</strong></span> <span class='ocrx_word' id='word_1_86' title='bbox 1174 1189 1475 1251; x_wconf 89' lang='lat' dir='ltr'><strong>versione</strong></span> <span class='ocrx_word' id='word_1_87' title='bbox 1511 1190 1734 1251; x_wconf 87' lang='lat' dir='ltr'><strong>Latina</strong></span> <span class='ocrx_word' id='word_1_88' title='bbox 1764 1197 1901 1251; x_wconf 90' lang='lat' dir='ltr'><strong>tum</strong></span> <span class='ocrx_word' id='word_1_89' title='bbox 1941 1185 2245 1259; x_wconf 86' lang='lat' dir='ltr'><strong>nitidius,</strong></span> <span class='ocrx_word' id='word_1_90' title='bbox 2279 1193 2414 1246; x_wconf 87' lang='lat' dir='ltr'><strong>tum</strong></span> <span class='ocrx_word' id='word_1_91' title='bbox 2464 1185 2827 1248; x_wconf 86' lang='lat' dir='ltr'><strong>accuratius</strong></span> <span class='ocrx_word' id='word_1_92' title='bbox 2860 1186 2938 1247; x_wconf 90' lang='lat' dir='ltr'><strong>ad</strong></span> <span class='ocrx_word' id='word_1_93' title='bbox 2992 1186 3325 1249; x_wconf 86' lang='lat' dir='ltr'><strong>veritatem</strong></span> <span class='ocrx_word' id='word_1_94' title='bbox 3376 1189 3553 1250; x_wconf 79' lang='lat' dir='ltr'><strong>Grae-</strong></span> 
     </span>
    </p>
   </div>
   <div class='ocr_carea' id='block_1_10' title="bbox 296 1280 3552 1364">
    <p class='ocr_par' dir='ltr' id='par_1_10' title="bbox 296 1280 3552 1364">
     <span class='ocr_line' id='line_1_10' title="bbox 296 1280 3552 1364; baseline 0 -20"><span class='ocrx_word' id='word_1_95' title='bbox 296 1299 518 1345; x_wconf 89' lang='lat' dir='ltr'><strong>corum</strong></span> <span class='ocrx_word' id='word_1_96' title='bbox 567 1301 895 1362; x_wconf 86' lang='lat' dir='ltr'><strong>expressa.</strong></span> <span class='ocrx_word' id='word_1_97' title='bbox 953 1284 1470 1364; x_wconf 87' lang='lat' dir='ltr'><strong>(Ecolampadius</strong></span> <span class='ocrx_word' id='word_1_98' title='bbox 1502 1284 1724 1347; x_wconf 91' lang='lat' dir='ltr'><strong>codice</strong></span> <span class='ocrx_word' id='word_1_99' title='bbox 1771 1285 1964 1348; x_wconf 88' lang='lat' dir='ltr'><strong>unice</strong></span> <span class='ocrx_word' id='word_1_100' title='bbox 1996 1282 2202 1346; x_wconf 91' lang='lat' dir='ltr'><strong>unico</strong></span> <span class='ocrx_word' id='word_1_101' title='bbox 2240 1281 2460 1343; x_wconf 60' lang='lat' dir='ltr'><strong>Graeco</strong></span> <span class='ocrx_word' id='word_1_102' title='bbox 2515 1294 2677 1343; x_wconf 91' lang='lat' dir='ltr'><strong>usus</strong></span> <span class='ocrx_word' id='word_1_103' title='bbox 2733 1289 2855 1356; x_wconf 88' lang='lat' dir='ltr'><strong>est,</strong></span> <span class='ocrx_word' id='word_1_104' title='bbox 2914 1280 3145 1359; x_wconf 85' lang='lat' dir='ltr'><strong>utique</strong></span> <span class='ocrx_word' id='word_1_105' title='bbox 3200 1282 3430 1345; x_wconf 90' lang='lat' dir='ltr'><strong>mutilo</strong></span> <span class='ocrx_word' id='word_1_106' title='bbox 3488 1285 3552 1345; x_wconf 88' lang='lat' dir='ltr'><strong>in</strong></span> 
     </span>
    </p>
   </div>
   <div class='ocr_carea' id='block_1_11' title="bbox 296 1377 3547 1460">
    <p class='ocr_par' dir='ltr' id='par_1_11' title="bbox 296 1377 3547 1460">
     <span class='ocr_line' id='line_1_11' title="bbox 296 1377 3547 1460; baseline 0 -20"><span class='ocrx_word' id='word_1_107' title='bbox 296 1379 784 1442; x_wconf 76' lang='lat' dir='ltr'><strong>Commentariis</strong></span> <span class='ocrx_word' id='word_1_108' title='bbox 824 1381 1347 1460; x_wconf 79' lang='lat' dir='ltr'><strong>Evangeliorum,</strong></span> <span class='ocrx_word' id='word_1_109' title='bbox 1384 1399 1502 1443; x_wconf 90' lang='lat' dir='ltr'><strong>nec</strong></span> <span class='ocrx_word' id='word_1_110' title='bbox 1549 1381 1748 1443; x_wconf 89' lang='lat' dir='ltr'><strong>alium</strong></span> <span class='ocrx_word' id='word_1_111' title='bbox 1790 1380 1919 1443; x_wconf 87' lang='lat' dir='ltr'><strong>nisi</strong></span> <span class='ocrx_word' id='word_1_112' title='bbox 1966 1382 2331 1443; x_wconf 76' lang='lat' dir='ltr'><strong>Romanum</strong></span> <span class='ocrx_word' id='word_1_113' title='bbox 2362 1378 2526 1441; x_wconf 90' lang='lat' dir='ltr'><strong>vidit</strong></span> <span class='ocrx_word' id='word_1_114' title='bbox 2559 1377 2898 1457; x_wconf 80' lang='lat' dir='ltr'><strong>Philippus</strong></span> <span class='ocrx_word' id='word_1_115' title='bbox 2937 1380 3279 1440; x_wconf 83' lang='lat' dir='ltr'><strong>Montanus</strong></span> <span class='ocrx_word' id='word_1_116' title='bbox 3320 1381 3547 1458; x_wconf 87' lang='lat' dir='ltr'><strong>utique</strong></span> 
     </span>
    </p>
   </div>
   <div class='ocr_carea' id='block_1_12' title="bbox 293 1472 3556 1559">
    <p class='ocr_par' dir='ltr' id='par_1_12' title="bbox 293 1472 3556 1559">
     <span class='ocr_line' id='line_1_12' title="bbox 293 1472 3556 1559; baseline -0.002 -18"><span class='ocrx_word' id='word_1_117' title='bbox 293 1475 799 1555; x_wconf 87' lang='lat' dir='ltr'><strong>imperfectum:</strong></span> <span class='ocrx_word' id='word_1_118' title='bbox 842 1479 1196 1558; x_wconf 87' lang='lat' dir='ltr'><strong>Latinaque</strong></span> <span class='ocrx_word' id='word_1_119' title='bbox 1257 1478 1789 1559; x_wconf 85' lang='lat' dir='ltr'><strong>interpretatione</strong></span> <span class='ocrx_word' id='word_1_120' title='bbox 1827 1478 1905 1540; x_wconf 90' lang='lat' dir='ltr'><strong>ab</strong></span> <span class='ocrx_word' id='word_1_121' title='bbox 1937 1494 2013 1539; x_wconf 91' lang='lat' dir='ltr'><strong>eo</strong></span> <span class='ocrx_word' id='word_1_122' title='bbox 2065 1477 2342 1555; x_wconf 89' lang='lat' dir='ltr'><strong>primum</strong></span> <span class='ocrx_word' id='word_1_123' title='bbox 2391 1472 2711 1547; x_wconf 85' lang='lat' dir='ltr'><strong>confecta,</strong></span> <span class='ocrx_word' id='word_1_124' title='bbox 2761 1490 2832 1535; x_wconf 92' lang='lat' dir='ltr'><strong>ac</strong></span> <span class='ocrx_word' id='word_1_125' title='bbox 2887 1474 2986 1535; x_wconf 91' lang='lat' dir='ltr'><strong>bis</strong></span> <span class='ocrx_word' id='word_1_126' title='bbox 3047 1474 3235 1536; x_wconf 90' lang='lat' dir='ltr'><strong>etiam</strong></span> <span class='ocrx_word' id='word_1_127' title='bbox 3293 1475 3372 1537; x_wconf 85' lang='lat' dir='ltr'><strong>ab</strong></span> <span class='ocrx_word' id='word_1_128' title='bbox 3433 1476 3556 1536; x_wconf 79' lang='lat' dir='ltr'><strong>isto</strong></span> 
     </span>
    </p>
   </div>
   <div class='ocr_carea' id='block_1_13' title="bbox 296 1570 3554 1653">
    <p class='ocr_par' dir='ltr' id='par_1_13' title="bbox 296 1570 3554 1653">
     <span class='ocr_line' id='line_1_13' title="bbox 296 1570 3554 1653; baseline -0 -19"><span class='ocrx_word' id='word_1_129' title='bbox 296 1574 656 1653; x_wconf 90' lang='lat' dir='ltr'><strong>recognita,</strong></span> <span class='ocrx_word' id='word_1_130' title='bbox 692 1574 1030 1639; x_wconf 88' lang='lat' dir='ltr'><strong>meliorem</strong></span> <span class='ocrx_word' id='word_1_131' title='bbox 1067 1583 1290 1653; x_wconf 87' lang='lat' dir='ltr'><strong>optant</strong></span> <span class='ocrx_word' id='word_1_132' title='bbox 1320 1577 1440 1638; x_wconf 90' lang='lat' dir='ltr'><strong>viri</strong></span> <span class='ocrx_word' id='word_1_133' title='bbox 1478 1576 1670 1639; x_wconf 88' lang='lat' dir='ltr'><strong>docti.</strong></span> <span class='ocrx_word' id='word_1_134' title='bbox 1697 1578 1861 1638; x_wconf 88' lang='lat' dir='ltr'><strong>Num</strong></span> <span class='ocrx_word' id='word_1_135' title='bbox 1913 1573 2115 1636; x_wconf 88' lang='lat' dir='ltr'><strong>studii</strong></span> <span class='ocrx_word' id='word_1_136' title='bbox 2154 1571 2508 1651; x_wconf 63' lang='lat' dir='ltr'><strong>praestitum</strong></span> <span class='ocrx_word' id='word_1_137' title='bbox 2540 1570 2791 1649; x_wconf 90' lang='lat' dir='ltr'><strong>aliquid</strong></span> <span class='ocrx_word' id='word_1_138' title='bbox 2852 1572 2917 1631; x_wconf 93' lang='lat' dir='ltr'><strong>in</strong></span> <span class='ocrx_word' id='word_1_139' title='bbox 2955 1573 3197 1633; x_wconf 89' lang='lat' dir='ltr'><strong>Veneta</strong></span> <span class='ocrx_word' id='word_1_140' title='bbox 3243 1572 3554 1641; x_wconf 86' lang='lat' dir='ltr'><strong>editione,</strong></span> 
     </span>
    </p>
   </div>
   <div class='ocr_carea' id='block_1_14' title="bbox 292 1668 3555 1750">
    <p class='ocr_par' dir='ltr' id='par_1_14' title="bbox 292 1668 3555 1750">
     <span class='ocr_line' id='line_1_14' title="bbox 292 1668 3555 1750; baseline -0 -19"><span class='ocrx_word' id='word_1_141' title='bbox 292 1672 462 1748; x_wconf 87' lang='lat' dir='ltr'><strong>quod</strong></span> <span class='ocrx_word' id='word_1_142' title='bbox 498 1670 760 1749; x_wconf 90' lang='lat' dir='ltr'><strong>priores</strong></span> <span class='ocrx_word' id='word_1_143' title='bbox 797 1672 1077 1735; x_wconf 89' lang='lat' dir='ltr'><strong>maculas</strong></span> <span class='ocrx_word' id='word_1_144' title='bbox 1113 1670 1404 1735; x_wconf 81' lang='lat' dir='ltr'><strong>eluerit?</strong></span> <span class='ocrx_word' id='word_1_145' title='bbox 1432 1674 1618 1748; x_wconf 87' lang='lat' dir='ltr'><strong>Quod</strong></span> <span class='ocrx_word' id='word_1_146' title='bbox 1660 1687 1779 1750; x_wconf 88' lang='lat' dir='ltr'><strong>ego</strong></span> <span class='ocrx_word' id='word_1_147' title='bbox 1838 1670 2014 1742; x_wconf 88' lang='lat' dir='ltr'><strong>novi,</strong></span> <span class='ocrx_word' id='word_1_148' title='bbox 2056 1668 2277 1746; x_wconf 83' lang='lat' dir='ltr'><strong>paucis</strong></span> <span class='ocrx_word' id='word_1_149' title='bbox 2333 1668 2576 1744; x_wconf 87' lang='lat' dir='ltr'><strong>accipe.</strong></span> <span class='ocrx_word' id='word_1_150' title='bbox 2628 1669 2904 1728; x_wconf 89' lang='lat' dir='ltr'><strong>Textum</strong></span> <span class='ocrx_word' id='word_1_151' title='bbox 2952 1669 3342 1745; x_wconf 80' lang='lat' dir='ltr'><strong>Romanum,</strong></span> <span class='ocrx_word' id='word_1_152' title='bbox 3385 1669 3555 1746; x_wconf 73' lang='grc' dir='ltr'><strong>[ιι-1ο-</strong></span> 
     </span>
    </p>
   </div>
   <div class='ocr_carea' id='block_1_15' title="bbox 296 1763 3554 1847">
    <p class='ocr_par' dir='ltr' id='par_1_15' title="bbox 296 1763 3554 1847">
     <span class='ocr_line' id='line_1_15' title="bbox 296 1763 3554 1847; baseline -0.001 -20"><span class='ocrx_word' id='word_1_153' title='bbox 296 1783 567 1847; x_wconf 90' lang='lat' dir='ltr'><strong>remque</strong></span> <span class='ocrx_word' id='word_1_154' title='bbox 620 1767 913 1830; x_wconf 87' lang='lat' dir='ltr'><strong>Latinam</strong></span> <span class='ocrx_word' id='word_1_155' title='bbox 979 1768 1579 1845; x_wconf 87' lang='lat' dir='ltr'><strong>interpretationem</strong></span> <span class='ocrx_word' id='word_1_156' title='bbox 1621 1769 1856 1828; x_wconf 89' lang='lat' dir='ltr'><strong>iterum</strong></span> <span class='ocrx_word' id='word_1_157' title='bbox 1916 1767 2144 1828; x_wconf 82' lang='lat' dir='ltr'><strong>excudi</strong></span> <span class='ocrx_word' id='word_1_158' title='bbox 2193 1764 2378 1845; x_wconf 84' lang='lat' dir='ltr'><strong>juxta</strong></span> <span class='ocrx_word' id='word_1_159' title='bbox 2444 1763 2843 1826; x_wconf 89' lang='lat' dir='ltr'><strong>Parisienses</strong></span> <span class='ocrx_word' id='word_1_160' title='bbox 2906 1773 3145 1843; x_wconf 81' lang='lat' dir='ltr'><strong>typos:</strong></span> <span class='ocrx_word' id='word_1_161' title='bbox 3183 1766 3259 1826; x_wconf 90' lang='lat' dir='ltr'><strong>ad</strong></span> <span class='ocrx_word' id='word_1_162' title='bbox 3319 1765 3554 1827; x_wconf 86' lang='lat' dir='ltr'><strong>calcem</strong></span> 
     </span>
    </p>
   </div>
   <div class='ocr_carea' id='block_1_16' title="bbox 292 1859 3552 1946">
    <p class='ocr_par' dir='ltr' id='par_1_16' title="bbox 292 1859 3552 1946">
     <span class='ocr_line' id='line_1_16' title="bbox 292 1859 3552 1946; baseline -0 -21"><span class='ocrx_word' id='word_1_163' title='bbox 292 1863 443 1925; x_wconf 87' lang='lat' dir='ltr'><strong>tomi</strong></span> <span class='ocrx_word' id='word_1_164' title='bbox 499 1865 825 1926; x_wconf 84' lang='lat' dir='ltr'><strong>variantes</strong></span> <span class='ocrx_word' id='word_1_165' title='bbox 874 1881 1003 1927; x_wconf 91' lang='lat' dir='ltr'><strong>non</strong></span> <span class='ocrx_word' id='word_1_166' title='bbox 1050 1883 1284 1946; x_wconf 87' lang='lat' dir='ltr'><strong>paucas</strong></span> <span class='ocrx_word' id='word_1_167' title='bbox 1318 1864 1639 1944; x_wconf 84' lang='lat' dir='ltr'><strong>conjectas</strong></span> <span class='ocrx_word' id='word_1_168' title='bbox 1672 1881 1817 1926; x_wconf 90' lang='lat' dir='ltr'><strong>esse</strong></span> <span class='ocrx_word' id='word_1_169' title='bbox 1853 1863 2187 1937; x_wconf 82' lang='lat' dir='ltr'><strong>lectiones,</strong></span> <span class='ocrx_word' id='word_1_170' title='bbox 2221 1877 2368 1942; x_wconf 77' lang='lat' dir='ltr'><strong>quas</strong></span> <span class='ocrx_word' id='word_1_171' title='bbox 2398 1877 2478 1922; x_wconf 87' lang='lat' dir='ltr'><strong>ex</strong></span> <span class='ocrx_word' id='word_1_172' title='bbox 2527 1859 2867 1921; x_wconf 88' lang='lat' dir='ltr'><strong>Marcianis</strong></span> <span class='ocrx_word' id='word_1_173' title='bbox 2904 1861 3167 1923; x_wconf 86' lang='lat' dir='ltr'><strong>Venetis</strong></span> <span class='ocrx_word' id='word_1_174' title='bbox 3219 1862 3552 1925; x_wconf 88' lang='lat' dir='ltr'><strong>codicibus</strong></span> 
     </span>
    </p>
   </div>
   <div class='ocr_carea' id='block_1_17' title="bbox 294 1956 3554 2041">
    <p class='ocr_par' dir='ltr' id='par_1_17' title="bbox 294 1956 3554 2041">
     <span class='ocr_line' id='line_1_17' title="bbox 294 1956 3554 2041; baseline 0 -22"><span class='ocrx_word' id='word_1_175' title='bbox 294 1960 701 2040; x_wconf 64' lang='lat' dir='ltr'><strong>deprompta)</strong></span> <span class='ocrx_word' id='word_1_176' title='bbox 731 1969 882 2023; x_wconf 90' lang='lat' dir='ltr'><strong>sunt</strong></span> <span class='ocrx_word' id='word_1_177' title='bbox 910 1982 927 2022; x_wconf 89' lang='lat'><strong>:</strong></span> <span class='ocrx_word' id='word_1_178' title='bbox 954 1961 1290 2041; x_wconf 86' lang='lat' dir='ltr'><strong>suppletas</strong></span> <span class='ocrx_word' id='word_1_179' title='bbox 1318 1959 1512 2024; x_wconf 89' lang='lat' dir='ltr'><strong>etiam</strong></span> <span class='ocrx_word' id='word_1_180' title='bbox 1537 1960 1604 2021; x_wconf 90' lang='lat' dir='ltr'><strong>in</strong></span> <span class='ocrx_word' id='word_1_181' title='bbox 1632 1960 2181 2034; x_wconf 81' lang='lat' dir='ltr'><strong>Latinaversione</strong></span> <span class='ocrx_word' id='word_1_182' title='bbox 2206 1957 2497 2036; x_wconf 87' lang='lat' dir='ltr'><strong>plurium</strong></span> <span class='ocrx_word' id='word_1_183' title='bbox 2533 1972 2758 2017; x_wconf 86' lang='lat' dir='ltr'><strong>vocum</strong></span> <span class='ocrx_word' id='word_1_184' title='bbox 2793 1956 3208 2032; x_wconf 84' lang='lat' dir='ltr'><strong>emissiones,</strong></span> <span class='ocrx_word' id='word_1_185' title='bbox 3237 1958 3554 2020; x_wconf 85' lang='lat' dir='ltr'><strong>dictiones</strong></span> 
     </span>
    </p>
   </div>
   <div class='ocr_carea' id='block_1_18' title="bbox 294 2053 3663 2145">
    <p class='ocr_par' dir='ltr' id='par_1_18' title="bbox 294 2053 3663 2145">
     <span class='ocr_line' id='line_1_18' title="bbox 294 2053 3663 2145; baseline 0.001 -31"><span class='ocrx_word' id='word_1_186' title='bbox 294 2055 450 2117; x_wconf 81' lang='lat' dir='ltr'><strong>alias</strong></span> <span class='ocrx_word' id='word_1_187' title='bbox 484 2058 573 2118; x_wconf 86' lang='lat' dir='ltr'><strong>ad</strong></span> <span class='ocrx_word' id='word_1_188' title='bbox 606 2059 975 2120; x_wconf 62' lang='lat' dir='ltr'><strong>Grmcorum</strong></span> <span class='ocrx_word' id='word_1_189' title='bbox 1014 2058 1347 2120; x_wconf 90' lang='lat' dir='ltr'><strong>veritatem</strong></span> <span class='ocrx_word' id='word_1_190' title='bbox 1384 2057 1693 2131; x_wconf 78' lang='lat' dir='ltr'><strong>redactas,</strong></span> <span class='ocrx_word' id='word_1_191' title='bbox 1737 2056 2155 2136; x_wconf 89' lang='lat' dir='ltr'><strong>integrasque</strong></span> <span class='ocrx_word' id='word_1_192' title='bbox 2210 2053 2511 2133; x_wconf 89' lang='lat' dir='ltr'><strong>periodos</strong></span> <span class='ocrx_word' id='word_1_193' title='bbox 2550 2068 2679 2114; x_wconf 91' lang='lat' dir='ltr'><strong>non</strong></span> <span class='ocrx_word' id='word_1_194' title='bbox 2720 2069 2863 2145; x_wconf 83' lang='lat' dir='ltr'><strong>raro</strong></span> <span class='ocrx_word' id='word_1_195' title='bbox 2898 2053 3241 2116; x_wconf 88' lang='lat' dir='ltr'><strong>nitidiores</strong></span> <span class='ocrx_word' id='word_1_196' title='bbox 3302 2055 3553 2116; x_wconf 89' lang='lat' dir='ltr'><strong>substi-</strong></span> <span class='ocrx_word' id='word_1_197' title='bbox 3654 2116 3663 2119; x_wconf 93' lang='lat'><em>_</em></span> 
     </span>
    </p>
   </div>
   <div class='ocr_carea' id='block_1_19' title="bbox 297 2148 3553 2233">
    <p class='ocr_par' dir='ltr' id='par_1_19' title="bbox 297 2148 3553 2233">
     <span class='ocr_line' id='line_1_19' title="bbox 297 2148 3553 2233; baseline 0.001 -23"><span class='ocrx_word' id='word_1_198' title='bbox 297 2156 492 2213; x_wconf 88' lang='lat' dir='ltr'><strong>tutas.</strong></span> <span class='ocrx_word' id='word_1_199' title='bbox 526 2153 847 2232; x_wconf 81' lang='lat' dir='ltr'><strong>Exempla</strong></span> <span class='ocrx_word' id='word_1_200' title='bbox 898 2153 1216 2217; x_wconf 90' lang='lat' dir='ltr'><strong>nonnulla</strong></span> <span class='ocrx_word' id='word_1_201' title='bbox 1256 2152 1553 2216; x_wconf 84' lang='lat' dir='ltr'><strong>inferiori</strong></span> <span class='ocrx_word' id='word_1_202' title='bbox 1592 2162 1879 2233; x_wconf 88' lang='lat' dir='ltr'><strong>prostant</strong></span> <span class='ocrx_word' id='word_1_203' title='bbox 1912 2151 1982 2213; x_wconf 92' lang='lat' dir='ltr'><strong>in</strong></span> <span class='ocrx_word' id='word_1_204' title='bbox 2015 2151 2332 2228; x_wconf 81' lang='lat' dir='ltr'><strong>margine,</strong></span> <span class='ocrx_word' id='word_1_205' title='bbox 2366 2167 2513 2227; x_wconf 59' lang='lat' dir='ltr'><strong>quas</strong></span> <span class='ocrx_word' id='word_1_206' title='bbox 2544 2148 2830 2211; x_wconf 89' lang='lat' dir='ltr'><strong>indicant</strong></span> <span class='ocrx_word' id='word_1_207' title='bbox 2863 2167 2988 2212; x_wconf 92' lang='lat' dir='ltr'><strong>non</strong></span> <span class='ocrx_word' id='word_1_208' title='bbox 3024 2161 3149 2212; x_wconf 90' lang='lat' dir='ltr'><strong>tam</strong></span> <span class='ocrx_word' id='word_1_209' title='bbox 3187 2151 3553 2213; x_wconf 85' lang='lat' dir='ltr'><strong>versionem</strong></span> 
     </span>
    </p>
   </div>
   <div class='ocr_carea' id='block_1_20' title="bbox 297 2245 3555 2331">
    <p class='ocr_par' dir='ltr' id='par_1_20' title="bbox 297 2245 3555 2331">
     <span class='ocr_line' id='line_1_20' title="bbox 297 2245 3555 2331; baseline 0 -23"><span class='ocrx_word' id='word_1_210' title='bbox 297 2247 498 2323; x_wconf 86' lang='lat' dir='ltr'><strong>illam,</strong></span> <span class='ocrx_word' id='word_1_211' title='bbox 537 2249 659 2312; x_wconf 89' lang='lat' dir='ltr'><strong>ubi</strong></span> <span class='ocrx_word' id='word_1_212' title='bbox 709 2266 877 2330; x_wconf 89' lang='lat' dir='ltr'><strong>opus</strong></span> <span class='ocrx_word' id='word_1_213' title='bbox 909 2259 1067 2323; x_wconf 90' lang='lat' dir='ltr'><strong>erat,</strong></span> <span class='ocrx_word' id='word_1_214' title='bbox 1100 2250 1469 2331; x_wconf 77' lang='lat' dir='ltr'><strong>castigatam</strong></span> <span class='ocrx_word' id='word_1_215' title='bbox 1522 2258 2033 2328; x_wconf 88' lang='lat' dir='ltr'><strong>correctamque,</strong></span> <span class='ocrx_word' id='word_1_216' title='bbox 2084 2262 2275 2326; x_wconf 89' lang='lat' dir='ltr'><strong>quam</strong></span> <span class='ocrx_word' id='word_1_217' title='bbox 2320 2246 2535 2325; x_wconf 88' lang='lat' dir='ltr'><strong>potius</strong></span> <span class='ocrx_word' id='word_1_218' title='bbox 2573 2245 3047 2309; x_wconf 83' lang='lat' dir='ltr'><strong>emendationis</strong></span> <span class='ocrx_word' id='word_1_219' title='bbox 3089 2264 3236 2327; x_wconf 64' lang='lat' dir='ltr'><strong>quas</strong></span> <span class='ocrx_word' id='word_1_220' title='bbox 3269 2249 3555 2312; x_wconf 87' lang='lat' dir='ltr'><strong>curanda</strong></span> 
     </span>
    </p>
   </div>
   <div class='ocr_carea' id='block_1_21' title="bbox 294 2341 1137 2426">
    <p class='ocr_par' dir='ltr' id='par_1_21' title="bbox 294 2341 1137 2426">
     <span class='ocr_line' id='line_1_21' title="bbox 294 2341 1137 2426; baseline 0.006 -20"><span class='ocrx_word' id='word_1_221' title='bbox 294 2341 483 2420; x_wconf 70' lang='lat' dir='ltr'><strong>foret,</strong></span> <span class='ocrx_word' id='word_1_222' title='bbox 520 2345 772 2424; x_wconf 90' lang='lat' dir='ltr'><strong>passim</strong></span> <span class='ocrx_word' id='word_1_223' title='bbox 819 2347 1137 2426; x_wconf 79' lang='lat' dir='ltr'><strong>indigam.</strong></span> 
     </span>
    </p>
   </div>
   <div class='ocr_carea' id='block_1_22' title="bbox 373 2440 3555 2525">
    <p class='ocr_par' dir='ltr' id='par_1_22' title="bbox 373 2440 3555 2525">
     <span class='ocr_line' id='line_1_22' title="bbox 373 2440 3555 2525; baseline 0.001 -21"><span class='ocrx_word' id='word_1_224' title='bbox 373 2442 792 2507; x_wconf 84' lang='lat' dir='ltr'><strong>Ferebantur</strong></span> <span class='ocrx_word' id='word_1_225' title='bbox 827 2444 1289 2508; x_wconf 89' lang='lat' dir='ltr'><strong>Commentarii</strong></span> <span class='ocrx_word' id='word_1_226' title='bbox 1322 2445 1390 2506; x_wconf 80' lang='lat' dir='ltr'><strong>in</strong></span> <span class='ocrx_word' id='word_1_227' title='bbox 1424 2442 1753 2525; x_wconf 78' lang='lat' dir='ltr'><strong>Epistolas</strong></span> <span class='ocrx_word' id='word_1_228' title='bbox 1780 2444 1990 2506; x_wconf 79' lang='lat' dir='ltr'><strong>sancti</strong></span> <span class='ocrx_word' id='word_1_229' title='bbox 2028 2442 2240 2516; x_wconf 79' lang='lat' dir='ltr'><strong>Pauli,</strong></span> <span class='ocrx_word' id='word_1_230' title='bbox 2273 2459 2417 2504; x_wconf 92' lang='lat' dir='ltr'><strong>cum</strong></span> <span class='ocrx_word' id='word_1_231' title='bbox 2447 2440 2673 2504; x_wconf 89' lang='lat' dir='ltr'><strong>Latina</strong></span> <span class='ocrx_word' id='word_1_232' title='bbox 2707 2441 2959 2520; x_wconf 89' lang='lat' dir='ltr'><strong>duplici</strong></span> <span class='ocrx_word' id='word_1_233' title='bbox 2992 2442 3322 2517; x_wconf 87' lang='lat' dir='ltr'><strong>versione,</strong></span> <span class='ocrx_word' id='word_1_234' title='bbox 3356 2442 3555 2506; x_wconf 89' lang='lat' dir='ltr'><strong>altera</strong></span> 
     </span>
    </p>
   </div>
   <div class='ocr_carea' id='block_1_23' title="bbox 295 2537 3551 2621">
    <p class='ocr_par' dir='ltr' id='par_1_23' title="bbox 295 2537 3551 2621">
     <span class='ocr_line' id='line_1_23' title="bbox 295 2537 3551 2621; baseline -0.001 -19"><span class='ocrx_word' id='word_1_235' title='bbox 295 2537 755 2619; x_wconf 85' lang='lat' dir='ltr'><strong>ChristOphori</strong></span> <span class='ocrx_word' id='word_1_236' title='bbox 786 2543 1088 2604; x_wconf 61' lang='lat' dir='ltr'><strong>Porsenae</strong></span> <span class='ocrx_word' id='word_1_237' title='bbox 1110 2543 1606 2621; x_wconf 78' lang='lat' dir='ltr'><strong>paraphrastica</strong></span> <span class='ocrx_word' id='word_1_238' title='bbox 1634 2560 1706 2602; x_wconf 91' lang='lat' dir='ltr'><strong>ac</strong></span> <span class='ocrx_word' id='word_1_239' title='bbox 1743 2542 2009 2603; x_wconf 81' lang='lat' dir='ltr'><strong>nimium</strong></span> <span class='ocrx_word' id='word_1_240' title='bbox 2049 2538 2276 2610; x_wconf 81' lang='lat' dir='ltr'><strong>libera,</strong></span> <span class='ocrx_word' id='word_1_241' title='bbox 2310 2538 2581 2600; x_wconf 80' lang='lat' dir='ltr'><strong>Joannis</strong></span> <span class='ocrx_word' id='word_1_242' title='bbox 2614 2538 2915 2600; x_wconf 90' lang='lat' dir='ltr'><strong>Loniceri</strong></span> <span class='ocrx_word' id='word_1_243' title='bbox 2945 2539 3141 2601; x_wconf 88' lang='lat' dir='ltr'><strong>altera</strong></span> <span class='ocrx_word' id='word_1_244' title='bbox 3173 2537 3551 2615; x_wconf 86' lang='lat' dir='ltr'><strong>sphalmatis</strong></span> 
     </span>
    </p>
   </div>
   <div class='ocr_carea' id='block_1_24' title="bbox 299 2633 3665 2716">
    <p class='ocr_par' dir='ltr' id='par_1_24' title="bbox 299 2633 3665 2716">
     <span class='ocr_line' id='line_1_24' title="bbox 299 2633 3665 2716; baseline -0.001 -18"><span class='ocrx_word' id='word_1_245' title='bbox 299 2635 545 2715; x_wconf 85' lang='lat' dir='ltr'><strong>passim</strong></span> <span class='ocrx_word' id='word_1_246' title='bbox 582 2643 891 2712; x_wconf 88' lang='lat' dir='ltr'><strong>scatente,</strong></span> <span class='ocrx_word' id='word_1_247' title='bbox 946 2645 1009 2700; x_wconf 86' lang='lat' dir='ltr'><strong>et</strong></span> <span class='ocrx_word' id='word_1_248' title='bbox 1046 2639 1292 2701; x_wconf 85' lang='lat' dir='ltr'><strong>alicubi</strong></span> <span class='ocrx_word' id='word_1_249' title='bbox 1348 2637 1690 2701; x_wconf 80' lang='lat' dir='ltr'><strong>tolerabili.</strong></span> <span class='ocrx_word' id='word_1_250' title='bbox 1726 2639 1842 2700; x_wconf 87' lang='lat' dir='ltr'><strong>llla</strong></span> <span class='ocrx_word' id='word_1_251' title='bbox 1891 2635 2340 2716; x_wconf 74' lang='lat' dir='ltr'><strong>praetermissa,</strong></span> <span class='ocrx_word' id='word_1_252' title='bbox 2396 2633 2823 2712; x_wconf 89' lang='lat' dir='ltr'><strong>posteriorem</strong></span> <span class='ocrx_word' id='word_1_253' title='bbox 2885 2633 3282 2712; x_wconf 87' lang='lat' dir='ltr'><strong>recognovit,</strong></span> <span class='ocrx_word' id='word_1_254' title='bbox 3335 2635 3554 2695; x_wconf 62' lang='lat' dir='ltr'><strong>Graeco</strong></span> <span class='ocrx_word' id='word_1_255' title='bbox 3660 2664 3665 2671; x_wconf 89' lang='lat'><strong>-</strong></span> 
     </span>
    </p>
   </div>
   <div class='ocr_carea' id='block_1_25' title="bbox 299 2729 3554 2814">
    <p class='ocr_par' dir='ltr' id='par_1_25' title="bbox 299 2729 3554 2814">
     <span class='ocr_line' id='line_1_25' title="bbox 299 2729 3554 2814; baseline -0 -22"><span class='ocrx_word' id='word_1_256' title='bbox 299 2738 500 2808; x_wconf 85' lang='lat' dir='ltr'><strong>textu,</strong></span> <span class='ocrx_word' id='word_1_257' title='bbox 572 2732 687 2813; x_wconf 87' lang='lat' dir='ltr'><strong>qui</strong></span> <span class='ocrx_word' id='word_1_258' title='bbox 745 2732 952 2796; x_wconf 84' lang='lat' dir='ltr'><strong>fuerat</strong></span> <span class='ocrx_word' id='word_1_259' title='bbox 1014 2732 1169 2796; x_wconf 86' lang='lat' dir='ltr'><strong>olim</strong></span> <span class='ocrx_word' id='word_1_260' title='bbox 1230 2735 1503 2808; x_wconf 85' lang='lat' dir='ltr'><strong>Erasuii,</strong></span> <span class='ocrx_word' id='word_1_261' title='bbox 1559 2741 1817 2814; x_wconf 90' lang='lat' dir='ltr'><strong>reperto</strong></span> <span class='ocrx_word' id='word_1_262' title='bbox 1878 2748 2322 2811; x_wconf 85' lang='lat' dir='ltr'><strong>expensoque,</strong></span> <span class='ocrx_word' id='word_1_263' title='bbox 2386 2729 2727 2808; x_wconf 88' lang='lat' dir='ltr'><strong>Philippus</strong></span> <span class='ocrx_word' id='word_1_264' title='bbox 2760 2731 3008 2807; x_wconf 85' lang='lat' dir='ltr'><strong>[LXIV]</strong></span> <span class='ocrx_word' id='word_1_265' title='bbox 3061 2732 3554 2793; x_wconf 88' lang='lat' dir='ltr'><strong>Montanus:et</strong></span> 
     </span>
    </p>
   </div>
   <div class='ocr_carea' id='block_1_26' title="bbox 302 2825 3553 2910">
    <p class='ocr_par' dir='ltr' id='par_1_26' title="bbox 302 2825 3553 2910">
     <span class='ocr_line' id='line_1_26' title="bbox 302 2825 3553 2910; baseline 0 -22"><span class='ocrx_word' id='word_1_266' title='bbox 302 2825 462 2890; x_wconf 89' lang='lat' dir='ltr'><strong>hanc</strong></span> <span class='ocrx_word' id='word_1_267' title='bbox 493 2831 855 2908; x_wconf 89' lang='lat' dir='ltr'><strong>postremis</strong></span> <span class='ocrx_word' id='word_1_268' title='bbox 888 2829 1063 2892; x_wconf 91' lang='lat' dir='ltr'><strong>curis</strong></span> <span class='ocrx_word' id='word_1_269' title='bbox 1096 2831 1500 2893; x_wconf 87' lang='lat' dir='ltr'><strong>emendatam</strong></span> <span class='ocrx_word' id='word_1_270' title='bbox 1554 2829 1882 2910; x_wconf 86' lang='lat' dir='ltr'><strong>protulere</strong></span> <span class='ocrx_word' id='word_1_271' title='bbox 1915 2831 1981 2891; x_wconf 90' lang='lat' dir='ltr'><strong>in</strong></span> <span class='ocrx_word' id='word_1_272' title='bbox 2025 2832 2231 2892; x_wconf 91' lang='lat' dir='ltr'><strong>lucem</strong></span> <span class='ocrx_word' id='word_1_273' title='bbox 2270 2827 2726 2890; x_wconf 88' lang='lat' dir='ltr'><strong>Londinenses</strong></span> <span class='ocrx_word' id='word_1_274' title='bbox 2774 2826 3082 2896; x_wconf 87' lang='lat' dir='ltr'><strong>editores,</strong></span> <span class='ocrx_word' id='word_1_275' title='bbox 3121 2834 3300 2889; x_wconf 85' lang='lat' dir='ltr'><strong>textu</strong></span> <span class='ocrx_word' id='word_1_276' title='bbox 3333 2829 3553 2889; x_wconf 65' lang='lat' dir='ltr'><strong>Graeco</strong></span> 
     </span>
    </p>
   </div>
   <div class='ocr_carea' id='block_1_27' title="bbox 302 2922 3550 3002">
    <p class='ocr_par' dir='ltr' id='par_1_27' title="bbox 302 2922 3550 3002">
     <span class='ocr_line' id='line_1_27' title="bbox 302 2922 3550 3002; baseline -0.001 -19"><span class='ocrx_word' id='word_1_277' title='bbox 302 2923 563 3002; x_wconf 83' lang='lat' dir='ltr'><strong>adjecto</strong></span> <span class='ocrx_word' id='word_1_278' title='bbox 600 2941 678 2986; x_wconf 89' lang='lat' dir='ltr'><strong>ex</strong></span> <span class='ocrx_word' id='word_1_279' title='bbox 710 2927 932 2988; x_wconf 90' lang='lat' dir='ltr'><strong>codice</strong></span> <span class='ocrx_word' id='word_1_280' title='bbox 985 2924 1482 3001; x_wconf 81' lang='lat' dir='ltr'><strong>Arundelliano,</strong></span> <span class='ocrx_word' id='word_1_281' title='bbox 1516 2943 1661 2989; x_wconf 91' lang='lat' dir='ltr'><strong>cum</strong></span> <span class='ocrx_word' id='word_1_282' title='bbox 1692 2927 1866 2989; x_wconf 92' lang='lat' dir='ltr'><strong>binis</strong></span> <span class='ocrx_word' id='word_1_283' title='bbox 1909 2926 2055 2988; x_wconf 92' lang='lat' dir='ltr'><strong>aliis</strong></span> <span class='ocrx_word' id='word_1_284' title='bbox 2110 2923 2600 2987; x_wconf 85' lang='lat' dir='ltr'><strong>Oxoniensibus</strong></span> <span class='ocrx_word' id='word_1_285' title='bbox 2657 2922 2909 2985; x_wconf 89' lang='lat' dir='ltr'><strong>collato.</strong></span> <span class='ocrx_word' id='word_1_286' title='bbox 2968 2924 3148 2984; x_wconf 85' lang='lat' dir='ltr'><strong>Hanc</strong></span> <span class='ocrx_word' id='word_1_287' title='bbox 3199 2922 3550 2985; x_wconf 86' lang='lat' dir='ltr'><strong>editionem</strong></span> 
     </span>
    </p>
   </div>
   <div class='ocr_carea' id='block_1_28' title="bbox 301 3017 3551 3104">
    <p class='ocr_par' dir='ltr' id='par_1_28' title="bbox 301 3017 3551 3104">
     <span class='ocr_line' id='line_1_28' title="bbox 301 3017 3551 3104; baseline -0.001 -23"><span class='ocrx_word' id='word_1_288' title='bbox 301 3020 543 3084; x_wconf 85' lang='lat' dir='ltr'><strong>iterum</strong></span> <span class='ocrx_word' id='word_1_289' title='bbox 578 3025 947 3102; x_wconf 77' lang='lat' dir='ltr'><strong>expriment</strong></span> <span class='ocrx_word' id='word_1_290' title='bbox 993 3024 1131 3103; x_wconf 85' lang='lat' dir='ltr'><strong>typi</strong></span> <span class='ocrx_word' id='word_1_291' title='bbox 1174 3024 1436 3098; x_wconf 87' lang='lat' dir='ltr'><strong>Veneti,</strong></span> <span class='ocrx_word' id='word_1_292' title='bbox 1488 3026 1730 3104; x_wconf 88' lang='lat' dir='ltr'><strong>quibus</strong></span> <span class='ocrx_word' id='word_1_293' title='bbox 1774 3024 2034 3086; x_wconf 87' lang='lat' dir='ltr'><strong>additur</strong></span> <span class='ocrx_word' id='word_1_294' title='bbox 2070 3021 2368 3083; x_wconf 90' lang='lat' dir='ltr'><strong>collectio</strong></span> <span class='ocrx_word' id='word_1_295' title='bbox 2429 3017 2819 3082; x_wconf 85' lang='lat' dir='ltr'><strong>variantium</strong></span> <span class='ocrx_word' id='word_1_296' title='bbox 2875 3018 3249 3094; x_wconf 88' lang='lat' dir='ltr'><strong>lectionum,</strong></span> <span class='ocrx_word' id='word_1_297' title='bbox 3305 3021 3551 3080; x_wconf 71' lang='lat' dir='ltr'><strong>Veneto</strong></span> 
     </span>
    </p>
   </div>
   <div class='ocr_carea' id='block_1_29' title="bbox 299 3116 3552 3201">
    <p class='ocr_par' dir='ltr' id='par_1_29' title="bbox 299 3116 3552 3201">
     <span class='ocr_line' id='line_1_29' title="bbox 299 3116 3552 3201; baseline -0.001 -23"><span class='ocrx_word' id='word_1_298' title='bbox 299 3118 634 3182; x_wconf 83' lang='lat' dir='ltr'><strong>Marciano</strong></span> <span class='ocrx_word' id='word_1_299' title='bbox 661 3120 883 3182; x_wconf 87' lang='lat' dir='ltr'><strong>codice</strong></span> <span class='ocrx_word' id='word_1_300' title='bbox 934 3138 1045 3183; x_wconf 89' lang='lat' dir='ltr'><strong>eas</strong></span> <span class='ocrx_word' id='word_1_301' title='bbox 1089 3121 1576 3201; x_wconf 78' lang='lat' dir='ltr'><strong>suppeditante.</strong></span> <span class='ocrx_word' id='word_1_302' title='bbox 1618 3124 1685 3183; x_wconf 94' lang='lat' dir='ltr'><strong>ln</strong></span> <span class='ocrx_word' id='word_1_303' title='bbox 1736 3121 1959 3182; x_wconf 89' lang='lat' dir='ltr'><strong>Latina</strong></span> <span class='ocrx_word' id='word_1_304' title='bbox 1986 3118 2437 3199; x_wconf 71' lang='lat' dir='ltr'><strong>Expositionis</strong></span> <span class='ocrx_word' id='word_1_305' title='bbox 2470 3117 2538 3178; x_wconf 79' lang='lat' dir='ltr'><strong>in</strong></span> <span class='ocrx_word' id='word_1_306' title='bbox 2569 3117 2730 3178; x_wconf 86' lang='lat' dir='ltr'><strong>Acta</strong></span> <span class='ocrx_word' id='word_1_307' title='bbox 2757 3116 3190 3194; x_wconf 84' lang='lat' dir='ltr'><strong>apostolorum</strong></span> <span class='ocrx_word' id='word_1_308' title='bbox 3226 3116 3552 3193; x_wconf 77' lang='lat' dir='ltr'><strong>interpre—</strong></span> 
     </span>
    </p>
   </div>
   <div class='ocr_carea' id='block_1_30' title="bbox 302 3213 3551 3297">
    <p class='ocr_par' dir='ltr' id='par_1_30' title="bbox 302 3213 3551 3297">
     <span class='ocr_line' id='line_1_30' title="bbox 302 3213 3551 3297; baseline -0.001 -21"><span class='ocrx_word' id='word_1_309' title='bbox 302 3216 571 3289; x_wconf 85' lang='lat' dir='ltr'><strong>latione,</strong></span> <span class='ocrx_word' id='word_1_310' title='bbox 606 3233 800 3296; x_wconf 88' lang='lat' dir='ltr'><strong>quam</strong></span> <span class='ocrx_word' id='word_1_311' title='bbox 836 3216 1122 3280; x_wconf 85' lang='lat' dir='ltr'><strong>Sifanius</strong></span> <span class='ocrx_word' id='word_1_312' title='bbox 1155 3217 1461 3293; x_wconf 85' lang='lat' dir='ltr'><strong>confecit,</strong></span> <span class='ocrx_word' id='word_1_313' title='bbox 1494 3235 1661 3280; x_wconf 89' lang='lat' dir='ltr'><strong>nova</strong></span> <span class='ocrx_word' id='word_1_314' title='bbox 1710 3218 1921 3297; x_wconf 86' lang='lat' dir='ltr'><strong>ipsius</strong></span> <span class='ocrx_word' id='word_1_315' title='bbox 1952 3216 2234 3280; x_wconf 88' lang='lat' dir='ltr'><strong>occurrit</strong></span> <span class='ocrx_word' id='word_1_316' title='bbox 2281 3216 2498 3277; x_wconf 90' lang='lat' dir='ltr'><strong>versio</strong></span> <span class='ocrx_word' id='word_1_317' title='bbox 2529 3214 2694 3276; x_wconf 91' lang='lat' dir='ltr'><strong>sacri</strong></span> <span class='ocrx_word' id='word_1_318' title='bbox 2728 3221 2965 3283; x_wconf 87' lang='lat' dir='ltr'><strong>textus,</strong></span> <span class='ocrx_word' id='word_1_319' title='bbox 3008 3214 3197 3292; x_wconf 84' lang='lat' dir='ltr'><strong>longe</strong></span> <span class='ocrx_word' id='word_1_320' title='bbox 3241 3213 3551 3275; x_wconf 81' lang='lat' dir='ltr'><strong>dilferens</strong></span> 
     </span>
    </p>
   </div>
   <div class='ocr_carea' id='block_1_31' title="bbox 301 3310 3553 3393">
    <p class='ocr_par' dir='ltr' id='par_1_31' title="bbox 301 3310 3553 3393">
     <span class='ocr_line' id='line_1_31' title="bbox 301 3310 3553 3393; baseline -0.002 -19"><span class='ocrx_word' id='word_1_321' title='bbox 301 3327 337 3374; x_wconf 91' lang='lat' dir='ltr'><strong>a</strong></span> <span class='ocrx_word' id='word_1_322' title='bbox 378 3313 686 3393; x_wconf 83' lang='lat' dir='ltr'><strong>Vulgata,</strong></span> <span class='ocrx_word' id='word_1_323' title='bbox 720 3330 850 3392; x_wconf 91' lang='lat' dir='ltr'><strong>qua</strong></span> <span class='ocrx_word' id='word_1_324' title='bbox 888 3312 1127 3392; x_wconf 92' lang='lat' dir='ltr'><strong>passim</strong></span> <span class='ocrx_word' id='word_1_325' title='bbox 1161 3314 1366 3376; x_wconf 88' lang='lat' dir='ltr'><strong>utitur</strong></span> <span class='ocrx_word' id='word_1_326' title='bbox 1412 3313 1701 3376; x_wconf 88' lang='lat' dir='ltr'><strong>Ecclesia</strong></span> <span class='ocrx_word' id='word_1_327' title='bbox 1738 3331 1752 3374; x_wconf 89' lang='lat'><strong>:</strong></span> <span class='ocrx_word' id='word_1_328' title='bbox 1789 3312 2106 3393; x_wconf 80' lang='lat' dir='ltr'><strong>variaeque</strong></span> <span class='ocrx_word' id='word_1_329' title='bbox 2138 3319 2485 3375; x_wconf 88' lang='lat' dir='ltr'><strong>occurrunt</strong></span> <span class='ocrx_word' id='word_1_330' title='bbox 2545 3310 2887 3382; x_wconf 89' lang='lat' dir='ltr'><strong>lectiones,</strong></span> <span class='ocrx_word' id='word_1_331' title='bbox 2918 3327 3066 3390; x_wconf 82' lang='lat' dir='ltr'><strong>quae</strong></span> <span class='ocrx_word' id='word_1_332' title='bbox 3095 3317 3366 3387; x_wconf 66' lang='lat' dir='ltr'><strong>sumptae</strong></span> <span class='ocrx_word' id='word_1_333' title='bbox 3399 3316 3553 3370; x_wconf 90' lang='lat' dir='ltr'><strong>sunt</strong></span> 
     </span>
    </p>
   </div>
   <div class='ocr_carea' id='block_1_32' title="bbox 304 3404 3552 3487">
    <p class='ocr_par' dir='ltr' id='par_1_32' title="bbox 304 3404 3552 3487">
     <span class='ocr_line' id='line_1_32' title="bbox 304 3404 3552 3487; baseline -0.002 -17"><span class='ocrx_word' id='word_1_334' title='bbox 304 3426 377 3470; x_wconf 88' lang='lat' dir='ltr'><strong>ex</strong></span> <span class='ocrx_word' id='word_1_335' title='bbox 408 3411 708 3480; x_wconf 85' lang='lat' dir='ltr'><strong>Erasmo,</strong></span> <span class='ocrx_word' id='word_1_336' title='bbox 744 3410 1120 3472; x_wconf 87' lang='lat' dir='ltr'><strong>Sebastiano</strong></span> <span class='ocrx_word' id='word_1_337' title='bbox 1158 3410 1545 3484; x_wconf 89' lang='lat' dir='ltr'><strong>Castalione,</strong></span> <span class='ocrx_word' id='word_1_338' title='bbox 1582 3418 1643 3471; x_wconf 91' lang='lat' dir='ltr'><strong>et</strong></span> <span class='ocrx_word' id='word_1_339' title='bbox 1674 3409 2015 3472; x_wconf 88' lang='lat' dir='ltr'><strong>Theodoro</strong></span> <span class='ocrx_word' id='word_1_340' title='bbox 2041 3412 2223 3484; x_wconf 87' lang='lat' dir='ltr'><strong>Beza,</strong></span> <span class='ocrx_word' id='word_1_341' title='bbox 2252 3408 2574 3487; x_wconf 79' lang='lat' dir='ltr'><strong>suspectis</strong></span> <span class='ocrx_word' id='word_1_342' title='bbox 2605 3406 2984 3469; x_wconf 92' lang='lat' dir='ltr'><strong>hominibus</strong></span> <span class='ocrx_word' id='word_1_343' title='bbox 3010 3422 3082 3468; x_wconf 90' lang='lat' dir='ltr'><strong>ac</strong></span> <span class='ocrx_word' id='word_1_344' title='bbox 3110 3404 3552 3467; x_wconf 86' lang='lat' dir='ltr'><strong>heterodoxis.</strong></span> 
     </span>
    </p>
   </div>
   <div class='ocr_carea' id='block_1_33' title="bbox 300 3499 3554 3587">
    <p class='ocr_par' dir='ltr' id='par_1_33' title="bbox 300 3499 3554 3587">
     <span class='ocr_line' id='line_1_33' title="bbox 300 3499 3554 3587; baseline -0.002 -19"><span class='ocrx_word' id='word_1_345' title='bbox 300 3506 471 3568; x_wconf 89' lang='lat' dir='ltr'><strong>Sacri</strong></span> <span class='ocrx_word' id='word_1_346' title='bbox 505 3514 725 3570; x_wconf 86' lang='lat' dir='ltr'><strong>textus</strong></span> <span class='ocrx_word' id='word_1_347' title='bbox 757 3507 1259 3587; x_wconf 88' lang='lat' dir='ltr'><strong>Evangeliorum</strong></span> <span class='ocrx_word' id='word_1_348' title='bbox 1296 3507 1861 3586; x_wconf 89' lang='lat' dir='ltr'><strong>OEcolampadius,</strong></span> <span class='ocrx_word' id='word_1_349' title='bbox 1918 3516 1981 3569; x_wconf 91' lang='lat' dir='ltr'><strong>et</strong></span> <span class='ocrx_word' id='word_1_350' title='bbox 2033 3505 2465 3585; x_wconf 83' lang='lat' dir='ltr'><strong>Epistolarum</strong></span> <span class='ocrx_word' id='word_1_351' title='bbox 2516 3504 2719 3564; x_wconf 91' lang='lat' dir='ltr'><strong>sancti</strong></span> <span class='ocrx_word' id='word_1_352' title='bbox 2771 3501 2953 3564; x_wconf 88' lang='lat' dir='ltr'><strong>Pauli</strong></span> <span class='ocrx_word' id='word_1_353' title='bbox 2993 3499 3376 3571; x_wconf 85' lang='lat' dir='ltr'><strong>Lonicerus,</strong></span> <span class='ocrx_word' id='word_1_354' title='bbox 3412 3517 3554 3563; x_wconf 85' lang='lat' dir='ltr'><strong>ver-</strong></span> 
     </span>
    </p>
   </div>
   <div class='ocr_carea' id='block_1_34' title="bbox 294 3596 3553 3685">
    <p class='ocr_par' dir='ltr' id='par_1_34' title="bbox 294 3596 3553 3685">
     <span class='ocr_line' id='line_1_34' title="bbox 294 3596 3553 3685; baseline -0.002 -21"><span class='ocrx_word' id='word_1_355' title='bbox 294 3604 527 3667; x_wconf 80' lang='lat' dir='ltr'><strong>siones</strong></span> <span class='ocrx_word' id='word_1_356' title='bbox 564 3602 925 3683; x_wconf 90' lang='lat' dir='ltr'><strong>proferunt,</strong></span> <span class='ocrx_word' id='word_1_357' title='bbox 959 3623 1122 3685; x_wconf 82' lang='lat' dir='ltr'><strong>quas</strong></span> <span class='ocrx_word' id='word_1_358' title='bbox 1147 3606 1275 3683; x_wconf 87' lang='lat' dir='ltr'><strong>ipsi</strong></span> <span class='ocrx_word' id='word_1_359' title='bbox 1307 3607 1524 3668; x_wconf 68' lang='lat' dir='ltr'><strong>Grmco</strong></span> <span class='ocrx_word' id='word_1_360' title='bbox 1555 3605 1762 3667; x_wconf 79' lang='lat' dir='ltr'><strong>textui</strong></span> <span class='ocrx_word' id='word_1_361' title='bbox 1794 3602 2263 3666; x_wconf 84' lang='lat' dir='ltr'><strong>conformiores</strong></span> <span class='ocrx_word' id='word_1_362' title='bbox 2303 3608 2632 3680; x_wconf 86' lang='lat' dir='ltr'><strong>putarunt,</strong></span> <span class='ocrx_word' id='word_1_363' title='bbox 2658 3599 2769 3661; x_wconf 88' lang='lat' dir='ltr'><strong>sed</strong></span> <span class='ocrx_word' id='word_1_364' title='bbox 2804 3616 2838 3661; x_wconf 89' lang='lat' dir='ltr'><strong>a</strong></span> <span class='ocrx_word' id='word_1_365' title='bbox 2876 3596 3145 3677; x_wconf 89' lang='lat' dir='ltr'><strong>Vulgata</strong></span> <span class='ocrx_word' id='word_1_366' title='bbox 3175 3604 3392 3659; x_wconf 91' lang='lat' dir='ltr'><strong>nostra</strong></span> <span class='ocrx_word' id='word_1_367' title='bbox 3425 3613 3553 3658; x_wconf 91' lang='lat' dir='ltr'><strong>non</strong></span> 
     </span>
    </p>
   </div>
   <div class='ocr_carea' id='block_1_35' title="bbox 307 3693 3553 3775">
    <p class='ocr_par' dir='ltr' id='par_1_35' title="bbox 307 3693 3553 3775">
     <span class='ocr_line' id='line_1_35' title="bbox 307 3693 3553 3775; baseline -0.002 -15"><span class='ocrx_word' id='word_1_368' title='bbox 307 3703 588 3764; x_wconf 86' lang='lat' dir='ltr'><strong>multum</strong></span> <span class='ocrx_word' id='word_1_369' title='bbox 621 3701 958 3764; x_wconf 88' lang='lat' dir='ltr'><strong>abeuntes.</strong></span> <span class='ocrx_word' id='word_1_370' title='bbox 999 3703 1218 3764; x_wconf 90' lang='lat' dir='ltr'><strong>Priore</strong></span> <span class='ocrx_word' id='word_1_371' title='bbox 1250 3701 1318 3764; x_wconf 91' lang='lat' dir='ltr'><strong>in</strong></span> <span class='ocrx_word' id='word_1_372' title='bbox 1372 3703 1513 3765; x_wconf 94' lang='lat' dir='ltr'><strong>loco</strong></span> <span class='ocrx_word' id='word_1_373' title='bbox 1545 3719 1616 3764; x_wconf 88' lang='lat' dir='ltr'><strong>ea</strong></span> <span class='ocrx_word' id='word_1_374' title='bbox 1678 3719 1833 3763; x_wconf 89' lang='lat' dir='ltr'><strong>usus</strong></span> <span class='ocrx_word' id='word_1_375' title='bbox 1872 3709 1968 3763; x_wconf 86' lang='lat' dir='ltr'><strong>est</strong></span> <span class='ocrx_word' id='word_1_376' title='bbox 2010 3717 2124 3760; x_wconf 88' lang='lat' dir='ltr'><strong>sua</strong></span> <span class='ocrx_word' id='word_1_377' title='bbox 2174 3700 2243 3759; x_wconf 90' lang='lat' dir='ltr'><strong>in</strong></span> <span class='ocrx_word' id='word_1_378' title='bbox 2292 3695 2764 3775; x_wconf 82' lang='lat' dir='ltr'><strong>Recognitione</strong></span> <span class='ocrx_word' id='word_1_379' title='bbox 2817 3693 3157 3773; x_wconf 88' lang='lat' dir='ltr'><strong>Philippus</strong></span> <span class='ocrx_word' id='word_1_380' title='bbox 3206 3695 3553 3756; x_wconf 84' lang='lat' dir='ltr'><strong>Montanus</strong></span> 
     </span>
    </p>
   </div>
   <div class='ocr_carea' id='block_1_36' title="bbox 307 3789 3549 3877">
    <p class='ocr_par' dir='ltr' id='par_1_36' title="bbox 307 3789 3549 3877">
     <span class='ocr_line' id='line_1_36' title="bbox 307 3789 3549 3877; baseline -0.002 -20"><span class='ocrx_word' id='word_1_381' title='bbox 307 3798 670 3877; x_wconf 83' lang='lat' dir='ltr'><strong>evangelici</strong></span> <span class='ocrx_word' id='word_1_382' title='bbox 710 3806 923 3859; x_wconf 89' lang='lat' dir='ltr'><strong>textus</strong></span> <span class='ocrx_word' id='word_1_383' title='bbox 964 3798 1298 3868; x_wconf 90' lang='lat' dir='ltr'><strong>versione,</strong></span> <span class='ocrx_word' id='word_1_384' title='bbox 1334 3815 1527 3877; x_wconf 87' lang='lat' dir='ltr'><strong>quam</strong></span> <span class='ocrx_word' id='word_1_385' title='bbox 1570 3798 1814 3874; x_wconf 88' lang='lat' dir='ltr'><strong>reperit</strong></span> <span class='ocrx_word' id='word_1_386' title='bbox 1851 3814 1865 3857; x_wconf 92' lang='lat'><strong>:</strong></span> <span class='ocrx_word' id='word_1_387' title='bbox 1904 3796 2240 3872; x_wconf 91' lang='lat' dir='ltr'><strong>alteroque</strong></span> <span class='ocrx_word' id='word_1_388' title='bbox 2305 3795 2372 3854; x_wconf 92' lang='lat' dir='ltr'><strong>in</strong></span> <span class='ocrx_word' id='word_1_389' title='bbox 2435 3793 2577 3854; x_wconf 84' lang='lat' dir='ltr'><strong>loco</strong></span> <span class='ocrx_word' id='word_1_390' title='bbox 2634 3791 2965 3869; x_wconf 85' lang='lat' dir='ltr'><strong>vulgarem</strong></span> <span class='ocrx_word' id='word_1_391' title='bbox 3008 3789 3262 3852; x_wconf 77' lang='lat' dir='ltr'><strong>Paulini</strong></span> <span class='ocrx_word' id='word_1_392' title='bbox 3309 3796 3549 3861; x_wconf 83' lang='lat' dir='ltr'><strong>textus,</strong></span> 
     </span>
    </p>
   </div>
   <div class='ocr_carea' id='block_1_37' title="bbox 307 3883 3552 3965">
    <p class='ocr_par' dir='ltr' id='par_1_37' title="bbox 307 3883 3552 3965">
     <span class='ocr_line' id='line_1_37' title="bbox 307 3883 3552 3965; baseline -0.002 -12"><span class='ocrx_word' id='word_1_393' title='bbox 307 3893 372 3954; x_wconf 91' lang='lat' dir='ltr'><strong>in</strong></span> <span class='ocrx_word' id='word_1_394' title='bbox 408 3892 701 3956; x_wconf 89' lang='lat' dir='ltr'><strong>Ecclesia</strong></span> <span class='ocrx_word' id='word_1_395' title='bbox 739 3894 1061 3956; x_wconf 85' lang='lat' dir='ltr'><strong>Catholica</strong></span> <span class='ocrx_word' id='word_1_396' title='bbox 1103 3894 1482 3965; x_wconf 88' lang='lat' dir='ltr'><strong>adhibitam,</strong></span> <span class='ocrx_word' id='word_1_397' title='bbox 1514 3893 1857 3956; x_wconf 87' lang='lat' dir='ltr'><strong>substituit</strong></span> <span class='ocrx_word' id='word_1_398' title='bbox 1887 3909 1957 3953; x_wconf 88' lang='lat' dir='ltr'><strong>ac</strong></span> <span class='ocrx_word' id='word_1_399' title='bbox 1992 3890 2288 3963; x_wconf 89' lang='lat' dir='ltr'><strong>retinuit,</strong></span> <span class='ocrx_word' id='word_1_400' title='bbox 2330 3888 2459 3950; x_wconf 91' lang='lat' dir='ltr'><strong>nisi</strong></span> <span class='ocrx_word' id='word_1_401' title='bbox 2493 3887 2686 3949; x_wconf 89' lang='lat' dir='ltr'><strong>sicuti</strong></span> <span class='ocrx_word' id='word_1_402' title='bbox 2727 3884 3197 3965; x_wconf 82' lang='lat' dir='ltr'><strong>TheOphylacti</strong></span> <span class='ocrx_word' id='word_1_403' title='bbox 3232 3883 3552 3963; x_wconf 86' lang='lat' dir='ltr'><strong>interpre—</strong></span> 
     </span>
    </p>
   </div>
   <div class='ocr_carea' id='block_1_38' title="bbox 309 3981 3555 4070">
    <p class='ocr_par' dir='ltr' id='par_1_38' title="bbox 309 3981 3555 4070">
     <span class='ocr_line' id='line_1_38' title="bbox 309 3981 3555 4070; baseline -0.003 -21"><span class='ocrx_word' id='word_1_404' title='bbox 309 3990 461 4052; x_wconf 89' lang='lat' dir='ltr'><strong>tatio</strong></span> <span class='ocrx_word' id='word_1_405' title='bbox 502 3989 679 4051; x_wconf 90' lang='lat' dir='ltr'><strong>illam</strong></span> <span class='ocrx_word' id='word_1_406' title='bbox 720 3990 1060 4051; x_wconf 89' lang='lat' dir='ltr'><strong>immutare</strong></span> <span class='ocrx_word' id='word_1_407' title='bbox 1107 3991 1414 4067; x_wconf 87' lang='lat' dir='ltr'><strong>coegerit.</strong></span> <span class='ocrx_word' id='word_1_408' title='bbox 1447 3991 1684 4051; x_wconf 85' lang='lat' dir='ltr'><strong>Eorum</strong></span> <span class='ocrx_word' id='word_1_409' title='bbox 1734 3989 2064 4070; x_wconf 89' lang='lat' dir='ltr'><strong>negotium</strong></span> <span class='ocrx_word' id='word_1_410' title='bbox 2107 3987 2251 4058; x_wconf 92' lang='lat' dir='ltr'><strong>erit,</strong></span> <span class='ocrx_word' id='word_1_411' title='bbox 2284 3984 2397 4064; x_wconf 89' lang='lat' dir='ltr'><strong>qui</strong></span> <span class='ocrx_word' id='word_1_412' title='bbox 2438 3985 2742 4046; x_wconf 89' lang='lat' dir='ltr'><strong>Venetam</strong></span> <span class='ocrx_word' id='word_1_413' title='bbox 2801 3981 3160 4043; x_wconf 89' lang='lat' dir='ltr'><strong>editionem</strong></span> <span class='ocrx_word' id='word_1_414' title='bbox 3199 3988 3447 4053; x_wconf 92' lang='lat' dir='ltr'><strong>curant,</strong></span> <span class='ocrx_word' id='word_1_415' title='bbox 3486 3987 3555 4039; x_wconf 93' lang='lat' dir='ltr'><strong>ut</strong></span> 
     </span>
    </p>
   </div>
   <div class='ocr_carea' id='block_1_39' title="bbox 310 4075 3553 4165">
    <p class='ocr_par' dir='ltr' id='par_1_39' title="bbox 310 4075 3553 4165">
     <span class='ocr_line' id='line_1_39' title="bbox 310 4075 3553 4165; baseline -0.003 -22"><span class='ocrx_word' id='word_1_416' title='bbox 310 4082 374 4144; x_wconf 90' lang='lat' dir='ltr'><strong>in</strong></span> <span class='ocrx_word' id='word_1_417' title='bbox 442 4085 747 4163; x_wconf 70' lang='lat' dir='ltr'><strong>praedicta</strong></span> <span class='ocrx_word' id='word_1_418' title='bbox 788 4085 1096 4146; x_wconf 80' lang='lat' dir='ltr'><strong>Actorum</strong></span> <span class='ocrx_word' id='word_1_419' title='bbox 1134 4083 1572 4165; x_wconf 82' lang='lat' dir='ltr'><strong>apostolorum</strong></span> <span class='ocrx_word' id='word_1_420' title='bbox 1620 4102 1784 4148; x_wconf 89' lang='lat' dir='ltr'><strong>nova</strong></span> <span class='ocrx_word' id='word_1_421' title='bbox 1823 4084 2143 4157; x_wconf 86' lang='lat' dir='ltr'><strong>versione,</strong></span> <span class='ocrx_word' id='word_1_422' title='bbox 2176 4082 2232 4144; x_wconf 93' lang='lat' dir='ltr'><strong>si</strong></span> <span class='ocrx_word' id='word_1_423' title='bbox 2261 4081 2419 4162; x_wconf 90' lang='lat' dir='ltr'><strong>quid</strong></span> <span class='ocrx_word' id='word_1_424' title='bbox 2456 4085 2553 4142; x_wconf 80' lang='lat' dir='ltr'><strong>es&#39;t</strong></span> <span class='ocrx_word' id='word_1_425' title='bbox 2591 4077 3001 4152; x_wconf 73' lang='lat' dir='ltr'><strong>offensionis,</strong></span> <span class='ocrx_word' id='word_1_426' title='bbox 3054 4075 3357 4155; x_wconf 87' lang='lat' dir='ltr'><strong>abjiciaut</strong></span> <span class='ocrx_word' id='word_1_427' title='bbox 3395 4095 3412 4137; x_wconf 91' lang='lat'><strong>:</strong></span> <span class='ocrx_word' id='word_1_428' title='bbox 3444 4084 3553 4135; x_wconf 91' lang='lat' dir='ltr'><strong>aut</strong></span> 
     </span>
    </p>
   </div>
   <div class='ocr_carea' id='block_1_40' title="bbox 298 4168 3552 4260">
    <p class='ocr_par' dir='ltr' id='par_1_40' title="bbox 298 4168 3552 4260">
     <span class='ocr_line' id='line_1_40' title="bbox 298 4168 3552 4260; baseline -0.002 -19"><span class='ocrx_word' id='word_1_429' title='bbox 298 4168 595 4260; x_wconf 39' lang='lat' dir='ltr'><strong>&#39;Philippi</strong></span> <span class='ocrx_word' id='word_1_430' title='bbox 638 4181 953 4255; x_wconf 85' lang='lat' dir='ltr'><strong>Montani,</strong></span> <span class='ocrx_word' id='word_1_431' title='bbox 988 4181 1119 4242; x_wconf 86' lang='lat' dir='ltr'><strong>imo</strong></span> <span class='ocrx_word' id='word_1_432' title='bbox 1170 4182 1355 4242; x_wconf 89' lang='lat' dir='ltr'><strong>etiam</strong></span> <span class='ocrx_word' id='word_1_433' title='bbox 1408 4182 1730 4244; x_wconf 89' lang='lat' dir='ltr'><strong>editorum</strong></span> <span class='ocrx_word' id='word_1_434' title='bbox 1795 4179 2304 4243; x_wconf 89' lang='lat' dir='ltr'><strong>Londinensium</strong></span> <span class='ocrx_word' id='word_1_435' title='bbox 2368 4175 2717 4239; x_wconf 90' lang='lat' dir='ltr'><strong>consilium</strong></span> <span class='ocrx_word' id='word_1_436' title='bbox 2784 4180 3155 4251; x_wconf 89' lang='lat' dir='ltr'><strong>sequentes,</strong></span> <span class='ocrx_word' id='word_1_437' title='bbox 3214 4170 3552 4251; x_wconf 86' lang='lat' dir='ltr'><strong>Vulgatam</strong></span> 
     </span>
    </p>
   </div>
   <div class='ocr_carea' id='block_1_41' title="bbox 307 4270 3364 4361">
    <p class='ocr_par' dir='ltr' id='par_1_41' title="bbox 307 4270 3364 4361">
     <span class='ocr_line' id='line_1_41' title="bbox 307 4270 3364 4361; baseline -0.002 -25"><span class='ocrx_word' id='word_1_438' title='bbox 307 4276 734 4351; x_wconf 88' lang='lat' dir='ltr'><strong>substituant,</strong></span> <span class='ocrx_word' id='word_1_439' title='bbox 781 4278 938 4339; x_wconf 91' lang='lat' dir='ltr'><strong>locis</strong></span> <span class='ocrx_word' id='word_1_440' title='bbox 971 4277 1282 4356; x_wconf 88' lang='lat' dir='ltr'><strong>exceptis,</strong></span> <span class='ocrx_word' id='word_1_441' title='bbox 1326 4277 1439 4337; x_wconf 91' lang='lat' dir='ltr'><strong>ubi</strong></span> <span class='ocrx_word' id='word_1_442' title='bbox 1482 4295 1623 4340; x_wconf 91' lang='lat' dir='ltr'><strong>eam</strong></span> <span class='ocrx_word' id='word_1_443' title='bbox 1662 4277 1990 4340; x_wconf 86' lang='lat' dir='ltr'><strong>immutari</strong></span> <span class='ocrx_word' id='word_1_444' title='bbox 2032 4272 2494 4361; x_wconf 84' lang='lat' dir='ltr'><strong>Theophylacti</strong></span> <span class='ocrx_word' id='word_1_445' title='bbox 2549 4270 3000 4349; x_wconf 86' lang='lat' dir='ltr'><strong>interpretatio</strong></span> <span class='ocrx_word' id='word_1_446' title='bbox 3031 4276 3364 4348; x_wconf 87' lang='lat' dir='ltr'><strong>exposcat.</strong></span> 
     </span>
    </p>
   </div>
   <div class='ocr_carea' id='block_1_42' title="bbox 391 4365 3556 4453">
    <p class='ocr_par' dir='ltr' id='par_1_42' title="bbox 391 4365 3556 4453">
     <span class='ocr_line' id='line_1_42' title="bbox 391 4365 3556 4453; baseline -0.003 -20"><span class='ocrx_word' id='word_1_447' title='bbox 391 4372 843 4452; x_wconf 78' lang='lat' dir='ltr'><strong>Epistolarum</strong></span> <span class='ocrx_word' id='word_1_448' title='bbox 881 4374 1141 4436; x_wconf 89' lang='lat' dir='ltr'><strong>demum</strong></span> <span class='ocrx_word' id='word_1_449' title='bbox 1181 4391 1342 4453; x_wconf 91' lang='lat' dir='ltr'><strong>quas</strong></span> <span class='ocrx_word' id='word_1_450' title='bbox 1380 4375 1690 4452; x_wconf 88' lang='lat' dir='ltr'><strong>plurimas</strong></span> <span class='ocrx_word' id='word_1_451' title='bbox 1716 4372 2243 4453; x_wconf 88' lang='lat' dir='ltr'><strong>archiepisc0pus</strong></span> <span class='ocrx_word' id='word_1_452' title='bbox 2275 4367 2593 4447; x_wconf 73' lang='lat' dir='ltr'><strong>Bulgariaa</strong></span> <span class='ocrx_word' id='word_1_453' title='bbox 2617 4365 2900 4445; x_wconf 90' lang='lat' dir='ltr'><strong>scripsit,</strong></span> <span class='ocrx_word' id='word_1_454' title='bbox 2928 4366 3189 4428; x_wconf 65' lang='lat' dir='ltr'><strong>Graecus</strong></span> <span class='ocrx_word' id='word_1_455' title='bbox 3220 4372 3458 4440; x_wconf 82' lang='lat' dir='ltr'><strong>textus,</strong></span> <span class='ocrx_word' id='word_1_456' title='bbox 3485 4380 3556 4425; x_wconf 89' lang='lat' dir='ltr'><strong>ac</strong></span> 
     </span>
    </p>
   </div>
   <div class='ocr_carea' id='block_1_43' title="bbox 300 4461 3553 4551">
    <p class='ocr_par' dir='ltr' id='par_1_43' title="bbox 300 4461 3553 4551">
     <span class='ocr_line' id='line_1_43' title="bbox 300 4461 3553 4551; baseline -0.003 -20"><span class='ocrx_word' id='word_1_457' title='bbox 300 4470 541 4532; x_wconf 84' lang='lat' dir='ltr'><strong>Latina</strong></span> <span class='ocrx_word' id='word_1_458' title='bbox 577 4469 910 4533; x_wconf 91' lang='lat' dir='ltr'><strong>Vincentii</strong></span> <span class='ocrx_word' id='word_1_459' title='bbox 946 4470 1278 4531; x_wconf 86' lang='lat' dir='ltr'><strong>Marinerii</strong></span> <span class='ocrx_word' id='word_1_460' title='bbox 1325 4472 1566 4546; x_wconf 89' lang='lat' dir='ltr'><strong>versio,</strong></span> <span class='ocrx_word' id='word_1_461' title='bbox 1613 4471 1953 4551; x_wconf 88' lang='lat' dir='ltr'><strong>sejunctim</strong></span> <span class='ocrx_word' id='word_1_462' title='bbox 1999 4469 2308 4530; x_wconf 89' lang='lat' dir='ltr'><strong>hactenus</strong></span> <span class='ocrx_word' id='word_1_463' title='bbox 2350 4464 2766 4544; x_wconf 86' lang='lat' dir='ltr'><strong>prodierunt;</strong></span> <span class='ocrx_word' id='word_1_464' title='bbox 2829 4463 2944 4526; x_wconf 92' lang='lat' dir='ltr'><strong>sed</strong></span> <span class='ocrx_word' id='word_1_465' title='bbox 3000 4462 3188 4535; x_wconf 90' lang='lat' dir='ltr'><strong>hanc,</strong></span> <span class='ocrx_word' id='word_1_466' title='bbox 3248 4471 3310 4525; x_wconf 89' lang='lat' dir='ltr'><strong>et</strong></span> <span class='ocrx_word' id='word_1_467' title='bbox 3368 4461 3553 4523; x_wconf 89' lang='lat' dir='ltr'><strong>illum</strong></span> 
     </span>
    </p>
   </div>
   <div class='ocr_carea' id='block_1_44' title="bbox 317 4559 3552 4645">
    <p class='ocr_par' dir='ltr' id='par_1_44' title="bbox 317 4559 3552 4645">
     <span class='ocr_line' id='line_1_44' title="bbox 317 4559 3552 4645; baseline -0.002 -17"><span class='ocrx_word' id='word_1_468' title='bbox 317 4566 713 4645; x_wconf 80' lang='lat' dir='ltr'><strong>conjunctini</strong></span> <span class='ocrx_word' id='word_1_469' title='bbox 745 4564 1071 4643; x_wconf 63' lang='lat' dir='ltr'><strong>praestabit</strong></span> <span class='ocrx_word' id='word_1_470' title='bbox 1116 4569 1365 4629; x_wconf 88' lang='lat' dir='ltr'><strong>Veneta</strong></span> <span class='ocrx_word' id='word_1_471' title='bbox 1403 4566 1631 4629; x_wconf 90' lang='lat' dir='ltr'><strong>editio.</strong></span> <span class='ocrx_word' id='word_1_472' title='bbox 1683 4565 2106 4629; x_wconf 83' lang='lat' dir='ltr'><strong>Doctissimos</strong></span> <span class='ocrx_word' id='word_1_473' title='bbox 2166 4563 2336 4626; x_wconf 91' lang='lat' dir='ltr'><strong>viros</strong></span> <span class='ocrx_word' id='word_1_474' title='bbox 2388 4563 2717 4635; x_wconf 90' lang='lat' dir='ltr'><strong>novimus,</strong></span> <span class='ocrx_word' id='word_1_475' title='bbox 2769 4562 2885 4642; x_wconf 90' lang='lat' dir='ltr'><strong>qui</strong></span> <span class='ocrx_word' id='word_1_476' title='bbox 2934 4561 3302 4624; x_wconf 90' lang='lat' dir='ltr'><strong>versionem</strong></span> <span class='ocrx_word' id='word_1_477' title='bbox 3365 4559 3552 4630; x_wconf 83' lang='lat' dir='ltr'><strong>hanc,</strong></span> 
     </span>
    </p>
   </div>
   <div class='ocr_carea' id='block_1_45' title="bbox 318 4654 3555 4743">
    <p class='ocr_par' dir='ltr' id='par_1_45' title="bbox 318 4654 3555 4743">
     <span class='ocr_line' id='line_1_45' title="bbox 318 4654 3555 4743; baseline -0.002 -20"><span class='ocrx_word' id='word_1_478' title='bbox 318 4679 438 4724; x_wconf 83' lang='lat' dir='ltr'><strong>ceu</strong></span> <span class='ocrx_word' id='word_1_479' title='bbox 470 4662 689 4724; x_wconf 89' lang='lat' dir='ltr'><strong>minus</strong></span> <span class='ocrx_word' id='word_1_480' title='bbox 725 4670 1021 4724; x_wconf 91' lang='lat' dir='ltr'><strong>accurate</strong></span> <span class='ocrx_word' id='word_1_481' title='bbox 1052 4662 1434 4738; x_wconf 84' lang='lat' dir='ltr'><strong>confectam,</strong></span> <span class='ocrx_word' id='word_1_482' title='bbox 1462 4664 1819 4743; x_wconf 90' lang='lat' dir='ltr'><strong>erratisque</strong></span> <span class='ocrx_word' id='word_1_483' title='bbox 1866 4670 2211 4725; x_wconf 87' lang='lat' dir='ltr'><strong>scatentem</strong></span> <span class='ocrx_word' id='word_1_484' title='bbox 2258 4658 2482 4721; x_wconf 90' lang='lat' dir='ltr'><strong>dolent</strong></span> <span class='ocrx_word' id='word_1_485' title='bbox 2533 4681 2549 4720; x_wconf 92' lang='lat'><strong>:</strong></span> <span class='ocrx_word' id='word_1_486' title='bbox 2591 4674 2844 4737; x_wconf 91' lang='lat' dir='ltr'><strong>nosque</strong></span> <span class='ocrx_word' id='word_1_487' title='bbox 2890 4659 3204 4721; x_wconf 89' lang='lat' dir='ltr'><strong>nonnulla</strong></span> <span class='ocrx_word' id='word_1_488' title='bbox 3261 4654 3555 4733; x_wconf 88' lang='lat' dir='ltr'><strong>exempla</strong></span> 
     </span>
    </p>
   </div>
   <div class='ocr_carea' id='block_1_46' title="bbox 318 4750 3551 4835">
    <p class='ocr_par' dir='ltr' id='par_1_46' title="bbox 318 4750 3551 4835">
     <span class='ocr_line' id='line_1_46' title="bbox 318 4750 3551 4835; baseline -0.002 -18"><span class='ocrx_word' id='word_1_489' title='bbox 318 4758 621 4819; x_wconf 85' lang='lat' dir='ltr'><strong>dedimus</strong></span> <span class='ocrx_word' id='word_1_490' title='bbox 655 4774 835 4819; x_wconf 91' lang='lat' dir='ltr'><strong>num.</strong></span> <span class='ocrx_word' id='word_1_491' title='bbox 868 4755 946 4819; x_wconf 78' lang='lat'><strong>25</strong></span> <span class='ocrx_word' id='word_1_492' title='bbox 977 4765 1038 4819; x_wconf 91' lang='lat' dir='ltr'><strong>et</strong></span> <span class='ocrx_word' id='word_1_493' title='bbox 1071 4758 1257 4835; x_wconf 89' lang='lat' dir='ltr'><strong>alibi;</strong></span> <span class='ocrx_word' id='word_1_494' title='bbox 1291 4761 1402 4822; x_wconf 90' lang='lat' dir='ltr'><strong>sed</strong></span> <span class='ocrx_word' id='word_1_495' title='bbox 1439 4762 1667 4823; x_wconf 90' lang='lat' dir='ltr'><strong>Veneti</strong></span> <span class='ocrx_word' id='word_1_496' title='bbox 1701 4760 1983 4822; x_wconf 88' lang='lat' dir='ltr'><strong>editores</strong></span> <span class='ocrx_word' id='word_1_497' title='bbox 2033 4757 2197 4820; x_wconf 87' lang='lat' dir='ltr'><strong>hanc</strong></span> <span class='ocrx_word' id='word_1_498' title='bbox 2245 4772 2508 4835; x_wconf 90' lang='lat' dir='ltr'><strong>quoque</strong></span> <span class='ocrx_word' id='word_1_499' title='bbox 2560 4761 2837 4834; x_wconf 86' lang='lat' dir='ltr'><strong>spartam</strong></span> <span class='ocrx_word' id='word_1_500' title='bbox 2890 4751 3315 4815; x_wconf 86' lang='lat' dir='ltr'><strong>adornabunt.</strong></span> <span class='ocrx_word' id='word_1_501' title='bbox 3364 4750 3551 4812; x_wconf 91' lang='lat' dir='ltr'><strong>Plura</strong></span> 
     </span>
    </p>
   </div>
   <div class='ocr_carea' id='block_1_47' title="bbox 315 4850 3549 4935">
    <p class='ocr_par' dir='ltr' id='par_1_47' title="bbox 315 4850 3549 4935">
     <span class='ocr_line' id='line_1_47' title="bbox 315 4850 3549 4935; baseline -0.002 -21"><span class='ocrx_word' id='word_1_502' title='bbox 315 4853 536 4934; x_wconf 89' lang='lat' dir='ltr'><strong>itaque</strong></span> <span class='ocrx_word' id='word_1_503' title='bbox 591 4863 743 4916; x_wconf 90' lang='lat' dir='ltr'><strong>sunt</strong></span> <span class='ocrx_word' id='word_1_504' title='bbox 774 4871 921 4935; x_wconf 70' lang='lat' dir='ltr'><strong>qum</strong></span> <span class='ocrx_word' id='word_1_505' title='bbox 958 4857 1267 4917; x_wconf 89' lang='lat' dir='ltr'><strong>Venetam</strong></span> <span class='ocrx_word' id='word_1_506' title='bbox 1305 4855 1467 4919; x_wconf 89' lang='lat' dir='ltr'><strong>hanc</strong></span> <span class='ocrx_word' id='word_1_507' title='bbox 1500 4856 1857 4918; x_wconf 88' lang='lat' dir='ltr'><strong>editionem</strong></span> <span class='ocrx_word' id='word_1_508' title='bbox 1888 4855 2162 4916; x_wconf 86' lang='lat' dir='ltr'><strong>maxime</strong></span> <span class='ocrx_word' id='word_1_509' title='bbox 2193 4852 2644 4915; x_wconf 90' lang='lat' dir='ltr'><strong>commendant</strong></span> <span class='ocrx_word' id='word_1_510' title='bbox 2675 4872 2692 4913; x_wconf 89' lang='lat'><strong>:</strong></span> <span class='ocrx_word' id='word_1_511' title='bbox 2719 4857 2857 4914; x_wconf 88' lang='lat' dir='ltr'><strong>tum</strong></span> <span class='ocrx_word' id='word_1_512' title='bbox 2884 4850 3131 4911; x_wconf 90' lang='lat' dir='ltr'><strong>inedita</strong></span> <span class='ocrx_word' id='word_1_513' title='bbox 3160 4863 3289 4910; x_wconf 90' lang='lat' dir='ltr'><strong>non</strong></span> <span class='ocrx_word' id='word_1_514' title='bbox 3326 4862 3549 4926; x_wconf 87' lang='lat' dir='ltr'><strong>pauca,</strong></span> 
     </span>
    </p>
   </div>
   <div class='ocr_carea' id='block_1_48' title="bbox 319 4945 3557 5031">
    <p class='ocr_par' dir='ltr' id='par_1_48' title="bbox 319 4945 3557 5031">
     <span class='ocr_line' id='line_1_48' title="bbox 319 4945 3557 5031; baseline -0.002 -20"><span class='ocrx_word' id='word_1_515' title='bbox 319 4966 460 5030; x_wconf 66' lang='lat' dir='ltr'><strong>quae</strong></span> <span class='ocrx_word' id='word_1_516' title='bbox 492 4966 667 5012; x_wconf 90' lang='lat' dir='ltr'><strong>nunc</strong></span> <span class='ocrx_word' id='word_1_517' title='bbox 715 4949 784 5012; x_wconf 90' lang='lat' dir='ltr'><strong>in</strong></span> <span class='ocrx_word' id='word_1_518' title='bbox 821 4951 1029 5012; x_wconf 91' lang='lat' dir='ltr'><strong>lucem</strong></span> <span class='ocrx_word' id='word_1_519' title='bbox 1068 4953 1413 5029; x_wconf 87' lang='lat' dir='ltr'><strong>prodeunt,</strong></span> <span class='ocrx_word' id='word_1_520' title='bbox 1446 4950 1912 5031; x_wconf 83' lang='lat' dir='ltr'><strong>TheOphylacti</strong></span> <span class='ocrx_word' id='word_1_521' title='bbox 1942 4966 2167 5030; x_wconf 82' lang='lat' dir='ltr'><strong>Opera;</strong></span> <span class='ocrx_word' id='word_1_522' title='bbox 2209 4957 2345 5010; x_wconf 93' lang='lat' dir='ltr'><strong>tum</strong></span> <span class='ocrx_word' id='word_1_523' title='bbox 2383 4946 2527 5026; x_wconf 87' lang='lat' dir='ltr'><strong>ejus</strong></span> <span class='ocrx_word' id='word_1_524' title='bbox 2584 4945 3067 5009; x_wconf 88' lang='lat' dir='ltr'><strong>lucubrationes</strong></span> <span class='ocrx_word' id='word_1_525' title='bbox 3115 4959 3365 5016; x_wconf 90' lang='lat' dir='ltr'><strong>omnes,</strong></span> <span class='ocrx_word' id='word_1_526' title='bbox 3411 4957 3557 5019; x_wconf 67' lang='lat' dir='ltr'><strong>quas</strong></span> 
     </span>
    </p>
   </div>
   <div class='ocr_carea' id='block_1_49' title="bbox 322 5041 3555 5128">
    <p class='ocr_par' dir='ltr' id='par_1_49' title="bbox 322 5041 3555 5128">
     <span class='ocr_line' id='line_1_49' title="bbox 322 5041 3555 5128; baseline -0.002 -21"><span class='ocrx_word' id='word_1_527' title='bbox 322 5063 467 5108; x_wconf 90' lang='lat' dir='ltr'><strong>cum</strong></span> <span class='ocrx_word' id='word_1_528' title='bbox 498 5047 810 5111; x_wconf 87' lang='lat' dir='ltr'><strong>hactenus</strong></span> <span class='ocrx_word' id='word_1_529' title='bbox 844 5049 1038 5112; x_wconf 89' lang='lat' dir='ltr'><strong>variis</strong></span> <span class='ocrx_word' id='word_1_530' title='bbox 1077 5065 1249 5111; x_wconf 72' lang='lat' dir='ltr'><strong>cusaa</strong></span> <span class='ocrx_word' id='word_1_531' title='bbox 1279 5049 1451 5128; x_wconf 86' lang='lat' dir='ltr'><strong>typis</strong></span> <span class='ocrx_word' id='word_1_532' title='bbox 1481 5065 1552 5111; x_wconf 91' lang='lat' dir='ltr'><strong>ac</strong></span> <span class='ocrx_word' id='word_1_533' title='bbox 1603 5049 1915 5126; x_wconf 78' lang='lat' dir='ltr'><strong>dispersae</strong></span> <span class='ocrx_word' id='word_1_534' title='bbox 1964 5046 2238 5121; x_wconf 87' lang='lat' dir='ltr'><strong>abirent,</strong></span> <span class='ocrx_word' id='word_1_535' title='bbox 2302 5060 2477 5106; x_wconf 88' lang='lat' dir='ltr'><strong>nunc</strong></span> <span class='ocrx_word' id='word_1_536' title='bbox 2529 5042 2729 5105; x_wconf 92' lang='lat' dir='ltr'><strong>simul</strong></span> <span class='ocrx_word' id='word_1_537' title='bbox 2788 5041 3068 5105; x_wconf 64' lang='lat' dir='ltr'><strong>collectas</strong></span> <span class='ocrx_word' id='word_1_538' title='bbox 3129 5046 3555 5117; x_wconf 72' lang='lat' dir='ltr'><strong>priestantur:</strong></span> 
     </span>
    </p>
   </div>
   <div class='ocr_carea' id='block_1_50' title="bbox 300 5133 3556 5223">
    <p class='ocr_par' dir='ltr' id='par_1_50' title="bbox 300 5133 3556 5223">
     <span class='ocr_line' id='line_1_50' title="bbox 300 5133 3556 5223; baseline -0.002 -19"><span class='ocrx_word' id='word_1_539' title='bbox 300 5149 457 5207; x_wconf 75' lang='lat' dir='ltr'><strong>~tum</strong></span> <span class='ocrx_word' id='word_1_540' title='bbox 490 5142 635 5207; x_wconf 67' lang='lat' dir='ltr'><strong>alite</strong></span> <span class='ocrx_word' id='word_1_541' title='bbox 676 5145 1060 5208; x_wconf 82' lang='lat' dir='ltr'><strong>variantium</strong></span> <span class='ocrx_word' id='word_1_542' title='bbox 1123 5145 1507 5221; x_wconf 90' lang='lat' dir='ltr'><strong>lectionum,</strong></span> <span class='ocrx_word' id='word_1_543' title='bbox 1542 5162 1690 5223; x_wconf 62' lang='lat' dir='ltr'><strong>qua;</strong></span> <span class='ocrx_word' id='word_1_544' title='bbox 1719 5161 1799 5206; x_wconf 87' lang='lat' dir='ltr'><strong>ex</strong></span> <span class='ocrx_word' id='word_1_545' title='bbox 1845 5142 2178 5205; x_wconf 87' lang='lat' dir='ltr'><strong>codicibus</strong></span> <span class='ocrx_word' id='word_1_546' title='bbox 2210 5141 2395 5203; x_wconf 62' lang='lat' dir='ltr'><strong>bona;</strong></span> <span class='ocrx_word' id='word_1_547' title='bbox 2437 5146 2605 5202; x_wconf 70' lang='lat' dir='ltr'><strong>notat</strong></span> <span class='ocrx_word' id='word_1_548' title='bbox 2638 5147 2910 5215; x_wconf 60' lang='lat' dir='ltr'><strong>sumptas</strong></span> <span class='ocrx_word' id='word_1_549' title='bbox 2950 5142 3123 5211; x_wconf 90' lang='lat' dir='ltr'><strong>sunt,</strong></span> <span class='ocrx_word' id='word_1_550' title='bbox 3155 5133 3556 5199; x_wconf 85' lang='lat' dir='ltr'><strong>accessiones</strong></span> 
     </span>
    </p>
   </div>
   <div class='ocr_carea' id='block_1_51' title="bbox 323 5234 3211 5323">
    <p class='ocr_par' dir='ltr' id='par_1_51' title="bbox 323 5234 3211 5323">
     <span class='ocr_line' id='line_1_51' title="bbox 323 5234 3211 5323; baseline 0 -21"><span class='ocrx_word' id='word_1_551' title='bbox 323 5240 536 5320; x_wconf 83' lang='lat' dir='ltr'><strong>plures</strong></span> <span class='ocrx_word' id='word_1_552' title='bbox 574 5259 590 5303; x_wconf 91' lang='lat'><strong>:</strong></span> <span class='ocrx_word' id='word_1_553' title='bbox 623 5250 755 5306; x_wconf 88' lang='lat' dir='ltr'><strong>tum</strong></span> <span class='ocrx_word' id='word_1_554' title='bbox 785 5242 1071 5323; x_wconf 85' lang='lat' dir='ltr'><strong>denique</strong></span> <span class='ocrx_word' id='word_1_555' title='bbox 1108 5241 1493 5323; x_wconf 86' lang='lat' dir='ltr'><strong>diligentior</strong></span> <span class='ocrx_word' id='word_1_556' title='bbox 1531 5243 1610 5304; x_wconf 89' lang='lat' dir='ltr'><strong>de</strong></span> <span class='ocrx_word' id='word_1_557' title='bbox 1652 5242 1830 5303; x_wconf 86' lang='lat' dir='ltr'><strong>hisce</strong></span> <span class='ocrx_word' id='word_1_558' title='bbox 1865 5239 2173 5319; x_wconf 87' lang='lat' dir='ltr'><strong>operibus</strong></span> <span class='ocrx_word' id='word_1_559' title='bbox 2211 5254 2488 5302; x_wconf 86' lang='lat' dir='ltr'><strong>censura</strong></span> <span class='ocrx_word' id='word_1_560' title='bbox 2525 5254 2596 5301; x_wconf 87' lang='lat' dir='ltr'><strong>ac</strong></span> <span class='ocrx_word' id='word_1_561' title='bbox 2622 5234 3211 5317; x_wconf 83' lang='lat' dir='ltr'><strong>certumjudicium</strong></span> 
     </span>
    </p>
   </div>
  </div>
