4058 6470
434 376 534 446 131
1668 375 2007 437 PiIILIPPI
2048 374 2397 435 MONTANI
3590 371 3691 436 132

954 600 1581 808 PHILIPPI
1662 687 2333 805 MONTANI
2421 687 3180 805 PBIEFATIO

1608 935 1731 1023 IN
1807 931 2533 1025 EVANGELIA.

510 1285 724 1360 [LXIX]
759 1285 832 1340 Ne
863 1285 931 1339 ob
966 1285 1147 1342 varios
1207 1283 1672 1357 typographorum
1709 1285 2072 1354 quorumdam
2132 1284 2351 1350 titulos,
2405 1283 2603 1355 quibus
2656 1283 2839 1340 fucum
2892 1284 3075 1341 facere
3112 1286 3445 1355 emptoribus
3487 1285 3689 1350 solent,

434 1393 557 1431 cum
597 1376 754 1430 nullis
788 1383 882 1428 aut
910 1374 1099 1442 paucis
1141 1375 1433 1428 admodum
1476 1372 1609 1427 locis
1654 1372 1881 1427 mutatis
1907 1382 1960 1425 et
1994 1373 2277 1437 correctis,
2312 1387 2380 1427 ne
2406 1374 2585 1426 dicam
2623 1367 2915 1443 corruptis,
2955 1373 3245 1445 plerosque
3285 1365 3463 1429 tamen
3502 1390 3695 1429 emen-

435 1466 614 1528 datos,
666 1480 825 1533 quam
882 1463 1116 1533 plurima
1152 1462 1403 1516 restituta
1438 1469 1491 1514 et
1524 1460 1729 1524 addita,
1766 1469 1822 1513 et
1862 1459 2165 1529 bujnsmodi
2196 1459 2299 1513 alia
2335 1475 2497 1529 quam
2528 1461 2763 1531 plurima
2806 1461 3092 1530 magnifice
3119 1464 3172 1516 in
3206 1464 3438 1533 speciem
3464 1461 3701 1532 iactant,

436 1562 496 1606 ut
523 1560 794 1620 emptores
820 1548 1118 1620 splendidis
1154 1547 1461 1615 huiusmodi
1492 1547 1674 1602 verbis
1710 1546 1914 1610 allecti,
1943 1547 2214 1615 jacturam
2246 1546 2349 1616 ipsi
2389 1563 2579 1605 revera
2613 1548 2817 1603 faciant
2848 1566 2863 1603 :
2897 1566 2965 1604 ne
2998 1551 3184 1619 igitur,
3215 1549 3447 1606 candide
3478 1549 3700 1615 Lector,

437 1640 491 1693 in
519 1640 619 1693 hoc
646 1652 862 1709 quoque
892 1650 1056 1705 opere
1090 1635 1199 1691 tale
1232 1636 1362 1703 quid
1387 1634 1688 1704 contigisse
1715 1636 2038 1704 suspiceris,
2067 1637 2415 1691 commodum
2443 1651 2564 1690 esse
2594 1636 2743 1703 duxi,
2776 1638 3011 1707 paucula
3043 1640 3290 1707 quaedam
3326 1638 3467 1692 haud
3494 1647 3704 1695 temere

436 1743 467 1781 a
501 1726 656 1780 nobis
689 1733 914 1790 mutata,
946 1740 977 1779 e
1007 1725 1201 1795 primis
1227 1724 1595 1794 potissimum'
1623 1722 1894 1792 capitibus
1944 1721 2205 1790 indit-are,
2232 1739 2264 1778 e
2292 1725 2489 1794 quibus
2519 1724 2585 1780 de
2620 1725 2847 1796 reliquis
2882 1724 3249 1795 conjecturam
3283 1725 3464 1782 facere
3500 1726 3700 1797 possis,

437 1815 482 1868 si
510 1813 650 1869 forte
680 1813 769 1866 illa
803 1813 1056 1868 conferre
1104 1813 1372 1882 graveris.
1401 1811 1467 1866 Et
1495 1825 1561 1866 ne
1587 1809 1803 1882 longius
1834 1812 2120 1874 abeamus,
2151 1828 2217 1866 ex
2251 1811 2487 1868 Mattlttei
2519 1814 2697 1883 capite
2729 1830 2744 1869 ι
2772 1828 2943 1883 pauca
2976 1815 3451 1888 perstringamus;
3485 1831 3613 1870 nam
3647 1816 3703 1870 in

435 1900 831 1970 'l’heophylacti
884 1898 1203 1968 praefatione
1234 1900 1391 1967 plura
1424 1898 1728 1966 adiecimus
1759 1913 1921 1968 quam
1949 1914 2070 1968 quae
2109 1905 2401 1958 commode
2437 1902 2527 1957 hic
2561 1902 2728 1958 inseri
2758 1904 2987 1974 possint.
3014 1902 3071 1959 In
3102 1903 3282 1960 locum
3334 1905 3519 1976 itaque
3549 1904 3705 1959 illum

435 1988 536 2059 ﬁlii
585 1986 878 2052 Abraham,
932 1987 1012 2043 sic
1050 1987 1285 2041 habebat
1332 1986 1484 2056 prior
1534 1985 1723 2050 editio,
1768 1986 1950 2050 Quare
1995 1989 2238 2057 apposuit
2290 1989 2461 2044 David
2505 1990 2607 2060 ﬁlii
2646 1991 2902 2058 Abrahte,
2956 2006 3081 2047 cum
3116 1989 3397 2048 Romanus
3426 1991 3599 2048 codex
3637 1990 3707 2044 ad

438 2078 584 2131 hunc
615 2075 836 2130 modum
876 2075 1094 2143 habeat,
1126 2073 1284 2138 Τίνος
1312 2073 1476 2128 ἕνεκα
1516 2073 1789 2146 προέταξε
1820 2074 1910 2127 τὸν
1938 2075 2040 2128 Δαυ

2150 2075 2247 2131 τοῦ
2291 2077 2717 2150 Ἀδραάμ;Ιιοο
2748 2088 2851 2142 est,
2880 2075 2992 2133 Cur
3042 2080 3212 2147 ipsum
3266 2077 3440 2133 David
3479 2077 3709 2133 Abrahz

438 2163 772 2234 prwposuit?
800 2179 962 2234 quam
997 2164 1289 2218 lectionem
1322 2164 1599 2218 meliorem
1651 2177 1775 2217 esse
1803 2163 2034 2233 probant
2065 2166 2369 2234 sequentia,
2405 2175 2462 2220 et
2488 2180 2611 2235 quae
2646 2165 2699 2219 in
2731 2165 2984 2221 eumdem
3033 2166 3211 2221 locum
3246 2165 3434 2220 scribit
3464 2166 3711 2237 Chryso-

437 2261 673 2309 stomus.
716 2254 987 2324 lnterpres
1015 2252 1213 2323 legisse
1262 2252 1499 2320 videtur,
1548 2252 1876 2321 προσέταξε,
1925 2264 2061 2316 etc.,
2091 2263 2147 2309 et
2179 2252 2341 2322 paulo
2390 2259 2512 2323 pbst
2542 2253 2630 2308 ubi
2662 2251 2952 2308 Mattheus
2984 2253 3176 2308 scribit
3204 2251 3401 2308 Judam
3450 2253 3712 2325 genuisse

440 2341 698 2410 gemellos
728 2341 871 2406 illos,
913 2340 1119 2394 Phares
1157 2349 1213 2395 et
1245 2338 1442 2394 Zaram
1490 2341 1558 2394 de
1583 2339 1855 2403 Thamar,
1897 2342 1970 2395 ita
2004 2342 2154 2412 prius
2211 2343 2562 2413 habebatur:
2600 2342 2664 2395 Et
2718 2344 2857 2398 alius
2914 2344 3063 2413 prior
3131 2353 3289 2398 natus
3343 2340 3549 2397 Phares
3605 2349 3711 2397 est.

439 2428 638 2483 Deinde
667 2431 712 2483 is
741 2429 829 2498 qui
862 2444 1075 2482 manum
1108 2429 1432 2499 praemiserat
1462 2439 1672 2483 vocatus
1696 2441 1768 2482 est
1797 2427 2019 2495 Phares,
2050 2431 2190 2502 quod
2203 2436 2278 2485 est
2308 2430 2553 2485 dissertio
2579 2447 2599 2488 :
2633 2448 2652 2482 ι
2687 2428 2838 2486 locus
2870 2433 3035 2486 etiam
3069 2428 3361 2486 manifeste
3396 2440 3717 2501 corruptus,

439 2534 561 2573 cum
622 2519 667 2573 is
710 2518 799 2587 qui
847 2533 1065 2572 manum
1120 2518 1458 2588 prtemisernt
1495 2527 1717 2573 vocatus
1735 2518 1806 2572 sit
1829 2517 1988 2586 Zara,
2014 2529 2072 2573 ut
2098 2529 2244 2589 patet
2267 2518 2516 2585 Genesis,
2539 2532 2770 2582 xxxvm,
2801 2530 2996 2575 etntox
3014 2520 3174 2575 etiam
3197 2531 3261 2573 ex
3281 2519 3385 2574 hoc
3402 2519 3518 2589 ipso
3531 2516 3713 2574 Theo-

437 2606 710 2677 pbylacto.
745 2607 840 2661 Sic
886 2606 1069 2675 itaque
1106 2605 1390 2676 legendum
1422 2618 1506 2661 est
1540 2624 1556 2661 :
1589 2604 1657 2658 Et
1689 2606 1831 2660 alius
1860 2610 2008 2675 prior
2034 2620 2191 2663 natus
2234 2617 2335 2674 est,
2382 2607 2573 2662 deinde
2604 2608 2650 2662 is
2680 2609 2771 2678 qui
2802 2624 3017 2663 manum
3064 2607 3415 2677 prwntiserat.
3475 2605 3707 2662 Vocatus

438 2706 515 2751 est
553 2696 732 2765 itaque
763 2695 853 2765 qui
879 2697 1028 2766 prior
1072 2703 1228 2750 natus
1252 2706 1327 2750 est
1358 2696 1584 2762 Phares,
1626 2696 1765 2767 quod
1795 2706 1872 2751 est
1909 2714 1928 2748 ι
1968 2696 2235 2762 dissectio,
2274 2714 2294 2749 ι
2330 2706 2536 2767 puncto
2564 2695 2777 2751 scilicet
2806 2696 2950 2751 facto
2979 2706 3122 2768 post,
3154 2697 3507 2766 pra-miserat,
3540 2705 3599 2750 ut
3633 2695 3707 2750 ibi

439 2793 596 2838 natus
634 2795 707 2838 est
734 2783 1114 2854 subintell-igas
1143 2803 1157 2839 :
1185 2793 1240 2839 et
1268 2784 1464 2839 deinde
1496 2784 1756 2851 addatur,
1788 2795 2001 2840 uocatus
2044 2794 2122 2839 est
2150 2788 2346 2854 itaque,
2382 2794 2488 2841 etc.
2538 2782 2672 2837 Item
2715 2798 2821 2837 non
2863 2783 2939 2838 ita
2977 2784 3147 2838 multo
3178 2794 3321 2852 post,
3349 2783 3478 2846 illic,
3514 2782 3712 2838 Omnes

439 2871 605 2939 igitur
634 2871 1020 2937 generationes,
1053 2881 1186 2935 etc.,
1225 2870 1305 2933 sic
1337 2870 1637 2924 habebatur
1665 2888 1678 2924 :
1716 2870 1780 2925 In
1816 2883 1920 2926 tres
1958 2873 2168 2926 ordines
2195 2871 2467 2926 distribuit
2512 2873 2902 2941 generationes,
2934 2882 2991 2924 ut
3025 2881 3300 2936 monstret,
3334 2871 3474 2939 quod
3502 2868 3716 2926 .ludwis

443 2958 577 3012 nihil
604 2958 887 3026 profuerit,
929 2958 1047 3011 licet
1071 2957 1347 3027 judicibus
1373 2957 1571 3027 fuerint
1608 2957 1806 3012 subditi
1838 2976 2000 3030 usque
2041 2960 2109 3012 ad
2136 2957 2406 3013 Christum
2440 2974 2459 3013 :
2493 2961 2659 3015 etiam
2695 2959 2787 3014 hic
2816 2958 2970 3015 locus
3015 2959 3238 3014 mutilus
3273 2971 3355 3013 est
3387 2973 3451 3013 ac
3483 2959 3714 3013 multum

442 3046 798 3114 depravatus,
834 3044 1271 3113 quandoquidem
1293 3043 1539 3111 iudicum
1567 3052 1775 3099 tantum
1810 3046 2141 3102 mentionem
2164 3047 2352 3110 faciat,
2383 3047 2476 3118 qui
2506 3049 2569 3101 ad
2596 3057 2705 3101 tres
2733 3046 2853 3102 illos
2884 3046 3104 3102 ordines
3127 3048 3241 3103 sive
3268 3046 3717 3103 tesseradecades

442 3133 774 3200 respondere
806 3148 912 3187 non
951 3140 1199 3203 possunt.
1240 3130 1429 3187 Graeca
1473 3142 1655 3186 autem
1694 3134 1747 3187 in
1795 3134 1932 3189 adeo
1970 3137 2277 3191 manifestis
2307 3137 2506 3191 erratis
2541 3136 2629 3190 hic
2667 3135 2947 3190 ascribere
2979 3135 3115 3189 nihil
3145 3151 3280 3204 opus
3312 3150 3431 3192 esse
3457 3145 3609 3206 pulo,
3643 3151 3713 3192 ne

444 3220 645 3274 frustra
689 3219 947 3275 lectorem
975 3233 1290 3285 oneremus,
1317 3233 1348 3274 e
1376 3219 1577 3289 quibus
1609 3220 1689 3274 sic
1723 3219 1899 3275 locum
1931 3222 2077 3277 hunc
2125 3224 2488 3279 restituimus.
2522 3221 2590 3277 In
2629 3231 2736 3277 tres
2770 3225 2979 3276 ordines
3009 3224 3282 3277 distribuit
3321 3226 3710 3293 generationes,

444 3317 503 3362 ut
547 3317 867 3362 monstraret
910 3308 1052 3379 quod
1097 3306 1300 3374 Judaei,
1342 3309 1448 3361 sive
1474 3323 1506 3360 a
1531 3305 1808 3375 judicibus
1857 3308 2296 3380 gubernarentur,
2330 3321 2386 3365 ut
2422 3312 2513 3382 qui
2542 3325 2705 3380 usque
2741 3312 2810 3365 ad
2837 3309 3008 3365 Dauid
3035 3325 3054 3365 :
3084 3312 3189 3366 sive
3214 3329 3245 3364 a
3275 3313 3502 3381 regibus,
3538 3319 3595 3365 ut
3621 3312 3715 3381 qui

443 3413 607 3469 usque
637 3398 706 3451 ad
740 3396 1267 3466 transmigrationem
1295 3411 1314 3450 :
1342 3397 1454 3450 sive
1487 3414 1517 3450 a
1541 3398 1928 3466 sacerdotibus,
1959 3406 2018 3451 ut
2042 3400 2134 3469 qui
2183 3416 2345 3469 usque
2372 3399 2441 3452 ad
2476 3398 2752 3454 Christum
2781 3412 2802 3453 :
2829 3398 2961 3452 nihil
3014 3409 3187 3453 tamen
3218 3401 3286 3452 ad
3316 3400 3565 3454 virtutem
3589 3415 3720 3469 pro-

445 3486 701 3553 fecerunt,
733 3494 853 3550 etc;
884 3498 1045 3553 quam
1079 3482 1368 3539 lectionem
1414 3499 1596 3539 veram
1627 3487 1925 3541 ostendunt
1953 3496 2065 3540 tum
2098 3486 2483 3557 praecedentia,
2516 3484 2658 3555 quod
2681 3485 2780 3551 ait,
2816 3495 3092 3556 propterea
3124 3487 3489 3555 generationes
3513 3490 3569 3542 in
3605 3495 3712 3542 tres

446 3573 658 3627 ordines
693 3572 1029 3636 distributas,
1065 3577 1178 3625 tum
1214 3586 1341 3626 mox
1388 3573 1671 3642 sequentia
1706 3580 1774 3629 de
1804 3590 1935 3631 vero
1990 3586 2043 3629 et
2072 3573 2262 3630 Judice
2309 3585 2365 3629 et
2408 3572 2559 3642 Rege
2600 3582 2658 3628 et
2689 3573 2989 3629 Sacerdote
3017 3573 3278 3630 ‘Christo.
3334 3574 3508 3642 Quam
3546 3573 3714 3630 etiam

445 3663 776 3719 sententiam
806 3664 967 3719 habet
997 3662 1441 3735 Chrysostomus,
1479 3679 1638 3734 quem
1672 3667 1786 3721 fere
1818 3676 2005 3722 noster
2029 3664 2476 3734 Theophylactus
2496 3662 2766 3732 sequitur.
2796 3660 3001 3718 Eodem
3034 3662 3339 3731 hoc.primo
3370 3662 3571 3734 capite,
3599 3663 3714 3719 ibi:

447 3750 532 3809 Ne
566 3753 777 3816 timeas,
808 3767 874 3809 ex
906 3767 1012 3807 una
1055 3753 1414 3809 annotatione
1451 3755 1590 3809 duas
1617 3756 1847 3822 faciens,
1888 3765 1942 3812 et
1972 3756 2151 3825 accipe
2184 3769 2284 3823 pro
2327 3752 2564 3820 accipere
2594 3765 2824 3821 ponens,
2864 3752 3195 3808 sententiam
3229 3752 3415 3808 turbat
3446 3770 3461 3808 :
3487 3754 3632 3823 quod
3661 3760 3718 3807 et

445 3840 611 3911 paulo
640 3849 761 3911 post
784 3841 999 3895 diversa
1028 3841 1243 3896 ratione
1273 3840 1425 3908 facit,
1463 3843 1602 3899 duas
1633 3845 2014 3900 annotationes
2044 3843 2097 3897 iu
2129 3856 2294 3895 uuam
2328 3841 2683 3895 contrahens.
2720 3838 2789 3894 Ut
2819 3838 3037 3894 interim
3068 3840 3258 3896 sileam
3292 3841 3360 3895 de
3386 3839 3717 3897 dictionibus

444 3926 637 3982 multis
685 3926 886 3996 passim
921 3926 1167 3993 omissis,
1208 3936 1264 3982 et
1302 3927 1424 3983 aliis
1457 3944 1564 3984 non
1606 3930 1797 4001 paucis
1839 3929 2071 3984 multum
2114 3927 2466 3999 depravatis;
2516 3941 2639 3998 quae
2691 3925 2853 3981 facile
2907 3925 3279 3997 deprehendet
3307 3926 3400 3997 qui
3432 3926 3517 3983 vel
3546 3941 3717 3982 unum

443 4023 606 4083 caput
635 4016 738 4069 hoc
785 4015 1021 4085 primum
1053 4023 1109 4070 et
1150 4013 1530 4086 praafationem
1565 4030 1688 4068 cum
1729 4016 1896 4083 priori
1937 4016 2176 4070 editione
2218 4014 2470 4070 conferre
2503 4014 2667 4069 volet.
2722 4012 2913 4084 Capite
2961 4024 3144 4068 autem
3194 4023 3412 4079 octavo,
3455 4014 3555 4080 ibi,
3588 4012 3719 4067 Hau:

443 4114 621 4158 autem
674 4103 903 4171 dicebat,
934 4104 1090 4174 quasi
1136 4104 1333 4174 pigeret
1375 4118 1494 4156 eum
1532 4103 1809 4156 comitatus
1856 4103 2045 4174 cjus,(

2117 4118 2212 4158 cca
2249 4102 2329 4156 sic
2361 4103 2581 4168 habent,
2611 4100 2800 4154 Ταῦτα
2830 4100 2887 4154 δὲ
2915 4099 3104 4170 ἔλεγεν
3143 4100 3221 4165 ὡς
3256 4101 3322 4156 ἂν
3353 4102 3520 4174 πείσῃ
3551 4100 3719 4155 αὐτὸν

451 4188 871 4262 μεταϐληθέντα
901 4189 1243 4243 ἀκολουθεῖν.
1281 4187 1397 4243 Hoc
1428 4197 1537 4254 est,
1566 4188 1696 4243 Haec
1727 4200 1901 4243 autem
1930 4192 2053 4244 dicet

2118 4198 2135 4241 t
2166 4204 2267 4259 quo
2289 4188 2626 4257 persuaderet
2647 4186 2748 4251 illi,
2783 4197 2837 4241 ut
2869 4189 3088 4242 mutatis
3119 4188 3354 4243 moribus
3387 4197 3718 4259 sequeretur;

457 4279 651 4349 Capite
684 4281 811 4333 item
844 4277 1099 4346 sequenti
1146 4277 1315 4331 multa
1347 4286 1504 4332 erant
1533 4278 1756 4343 omissa,
1786 4287 1842 4332 et
1868 4279 2109 4349 quardam
2158 4276 2299 4331 male
2344 4290 2501 4331 versa
2532 4292 2545 4330 :
2577 4282 2635 4329 ut
2662 4274 2791 4329 illud
2828 4275 2881 4329 in
2914 4276 3020 4331 fine
3051 4276 3264 4346 capitis,
3305 4291 3524 4331 messem
3563 4285 3718 4330 uocat

455 4366 851 4421 multitudinem
883 4366 1166 4421 ministerii
1194 4382 1297 4435 quo
1331 4366 1569 4436 egebant,
1599 4381 1721 4420 eum
1770 4366 1959 4421 Graeca
1987 4367 2057 4421 sic

2118 4365 2354 4431 labeant,
2401 4362 2662 4435 θερισμὸν
2694 4362 2953 4434 ὀνομάζει
2982 4364 3042 4417 τὸ
3064 4363 3268 4435 πλῆθος
3293 4364 3357 4417 τὸ
3388 4363 3595 4435 χρῆζον
3617 4363 3720 4435 τῆς

448 4454 772 4528 θεραπείας,
810 4455 863 4509 id
892 4463 999 4520 est,
1024 4471 1243 4509 messem
1263 4468 1413 4509 vocat
1448 4453 1843 4509 multitudinem
1870 4455 2163 4509 curationis
2193 4461 2445 4524 egentem.
2466 4452 2533 4507 Et
2562 4466 2685 4522 cap.
2714 4467 2807 4515 xv,
2843 4452 2938 4516 ibi,
2962 4451 3044 4504 Ad
3064 4450 3284 4508 Judwos
3307 4454 3398 4524 qui
3429 4461 3554 4506 sunt
3576 4467 3719 4517 obes,

446 4561 563 4616 qna:
592 4543 932 4613 perdiderant
961 4559 1022 4597 ea
1041 4559 1159 4613 quae
1190 4535 1636 4598 illis‘eoncredita
1658 4556 1829 4610 erant,
1864 4543 2048 4600 Graece

2117 4546 2159 4597 lc
2189 4542 2438 4612 legimus,
2474 4538 2669 4613 [LXX]
2703 4541 2800 4604 Εἰς
2817 4540 2949 4603 τοὺς
2985 4540 3296 4606 Ἰουδαίους,
3323 4541 3374 4595 οἳ
3393 4540 3719 4595 ἀπολωλότα

445 4633 555 4686 εἰσὶ
606 4626 860 4698 πρόϐατα
909 4630 1020 4684 ἀπὸ
1074 4631 1280 4694 κακίας
1324 4631 1436 4685 τῶν
1470 4631 1951 4701 ὲμπιστιυθίντων
1995 4632 2047 4684 αἱ

2120 4633 2169 4686 i'
2207 4630 2313 4686 hoc
2355 4641 2462 4695 est,
2496 4631 2575 4684 Ad
2601 4628 2820 4684 Judmos
2848 4630 2937 4699 qui
2970 4641 3093 4684 sunt
3126 4646 3241 4686 oves
3285 4633 3508 4701 perdita:
3534 4646 3722 4686 eorum

447 4720 591 4788 vitio,
648 4717 839 4790 quibus
892 4718 1106 4788 fuerant
1140 4718 1456 4774 concreditae
1498 4718 1604 4773 sive
1648 4720 1960 4774 commissis.
1998 4717 2135 4773 Nam
2164 4716 2338 4774 (ἰτωεὶ
2382 4718 2836 4789 quemadmodum
2871 4718 3049 4774 active
3079 4718 3284 4785 dicunt,
3316 4721 3587 4774 committo
3620 4719 3722 4772 tibi

444 4811 580 4863 hanc
608 4823 720 4861 rem
743 4848 760 4875 ,
804 4806 887 4862 sic
920 4817 975 4861 et
1016 4805 1256 4876 passive,
1294 4814 1347 4859 tu
1379 4823 1432 4861 es
1465 4806 1772 4860 commissus
1805 4807 1941 4861 hanc
1979 4823 2112 4872 rent,
2151 4821 2249 4878 pro
2276 4808 2609 4861 commissam
2653 4805 2832 4861 habes.
2868 4806 2985 4874 Qua
3016 4806 3182 4862 etiam
3223 4807 3495 4864 locutione
3527 4806 3722 4864 Gratia

444 4855 576 4863 --π--ν
610 4855 760 4875 -----.
804 4855 884 4862 τη
924 4855 974 4861 υ
1016 4855 1256 4876 τῆν-η.
1382 4855 1429 4861 η
1805 4855 1936 4861 πη-
2153 4855 2244 4878 τη
2875 4855 2985 4874 ,ι--
3021 4855 3182 4862 ν---υ-
3223 4855 3495 4864 -ν---η--ν
3533 4855 3722 4864 vn.-—

392 4952 405 4963 ,
447 4906 675 4952 utuntur
710 4910 1103 4965 nonnunquam
1134 4906 1310 4965 poetae
1337 4893 1537 4961 Latini,
1579 4903 1637 4947 ut
1664 4893 1858 4983 iiorat.
1888 4896 1957 4950 de
1981 4896 2206 4951 senibus
2237 4897 2417 4949 avaris
2449 4911 2465 4949 :
2856 4961 2862 4968 ι
3729 4855 3749 4897 Ι

1321 5003 1474 5061 Lava
1508 5007 1747 5076 suspensi
1795 5005 1997 5062 loculos
2028 5006 2366 5076 tabulamque
2392 5006 2611 5071 lacerto,

447 5136 554 5194 pro
613 5136 896 5189 suspensos
948 5117 1156 5173 foculos
1200 5126 1253 5171 et
1298 5116 1537 5170 tabulam
1585 5133 1895 5187 suspensam
1950 5119 2220 5173 habentes.
2270 5117 2330 5171 In
2379 5116 2485 5171 hoc
2537 5116 2704 5171 etiam
2761 5116 2961 5184 capite,
3014 5123 3073 5171 ut
3122 5117 3176 5172 in
3225 5116 3349 5175 aliis
3403 5118 3725 5188 preceden-

444 5211 593 5266 tibus
631 5218 688 5264 et
721 5207 1100 5278 sequentibus,
1142 5204 1423 5276 permulta
1463 5208 1678 5262 fuerant
1707 5221 1934 5276 prorsus
1966 5206 2193 5272 omissa,
2233 5204 2478 5276 quaedam
2513 5203 2728 5259 inversa
2775 5204 3110 5277 multumque
3149 5206 3464 5274 depravata.

526 5296 634 5353 Sed
660 5296 729 5351 ad
756 5295 898 5350 alios
929 5293 1298 5364 evangelistas
1337 5305 1638 5362 properans
1658 5330 1675 5357 ,
1711 5292 1842 5347 illud
1889 5308 2055 5347 unum
2085 5308 2152 5348 ex
2187 5292 2444 5347 Matthiae
2477 5290 2752 5359 abjiciam,
2802 5293 2945 5360 quod
2977 5293 3207 5348 habetur
3246 5294 3426 5363 capite
3455 5293 3725 5350 vicesimo

440 5384 701 5457 primo‘de
725 5382 900 5438 turbis
920 5381 1275 5450 simplicibus.
1295 5379 1499 5450 Neque,
1518 5381 1711 5450 inquit,
1731 5381 2028 5435 invidebant
2051 5378 2282 5445 Christo,
2308 5393 2471 5449 neque
2488 5377 2785 5457 opinionem
2806 5377 3076 5448 indignant
3095 5380 3157 5434 de
3176 5379 3389 5435 Christo
3408 5380 3672 5436 habebant
3701 5397 3723 5435 :

442 5455 562 5527 ideo
594 5481 643 5526 et
673 5485 812 5524 nunc
861 5467 1170 5538 praphetam
1220 5467 1372 5520 illum
1423 5469 1604 5521 dicunt
1633 5482 1653 5521 :
1684 5477 2201 5541 nunquampautem,
2228 5469 2275 5520 si
2302 5468 2415 5523 sine
2453 5455 2685 5520 articulo
2727 5465 2962 5532 dicatur,
2997 5475 3145 5528 etc...
3169 5482 3293 5521 cum
3335 5465 3529 5535 Graeca
3558 5468 3726 5539 longe

440 5576 609 5620 secus
640 5559 877 5616 habeant
910 5579 925 5615 :
957 5569 1017 5614 ut
1039 5556 1166 5612 οὔτε
1211 5558 1476 5628 ἐφθόνουν
1529 5558 1609 5630 τῷ
1637 5558 1885 5630 Χριστῷ,
1921 5556 2049 5610 οὒτε
2101 5555 2266 5608 πάλιν
2292 5554 2393 5625 τὴν
2430 5555 2819 5624 προσήκουσαν
2865 5552 2996 5622 περὶ
3040 5554 3205 5609 αὑτοῦ
3239 5556 3515 5627 ὑπόληψιν
3543 5557 3721 5628 εἶχον.

443 5650 541 5705 Διὸ
561 5650 659 5703 καὶ
685 5648 783 5702 νῦν
812 5648 1105 5720 προφήτην
1144 5646 1311 5702 αὐτὸν
1343 5646 1590 5716 λέγουσι,
1620 5649 1834 5718 μήποτε
1856 5646 1936 5713 δὲ,
1969 5645 2094 5698 ἐπεὶ
2127 5644 2269 5713 μετὰ
2294 5641 2389 5695 τοῦ
2421 5641 2627 5712 ἄρθρου
2666 5641 2831 5711 φασιν
2857 5642 2886 5694 ὁ
2916 5647 3203 5714 προφήτης
3227 5681 3244 5709 ,
3272 5644 3500 5701 δύναται
3518 5646 3727 5717 ωηθῆ..

442 5756 558 5803 ναι,
582 5738 664 5792 ὅτι
694 5731 851 5801 οὗτός
886 5738 1034 5790 ἐστιν
1064 5738 1093 5790 ὁ
1118 5734 1572 5807 προσδοκώμενος
1621 5736 1930 5806 προφήτης,
1976 5734 2044 5787 ho

2122 5740 2209 5786 est
2236 5750 2248 5785 :
2277 5729 2460 5799 Neque
2498 5730 2808 5782 invidebant
2853 5726 3083 5793 Christo,
3118 5747 3280 5800 neque
3310 5749 3499 5787 rursus
3530 5749 3723 5789 conoe-

445 5831 673 5883 nientem
723 5828 789 5883 de
840 5828 954 5899 ipso
1002 5826 1269 5884 habebant
1315 5828 1633 5898 Opinionem.
1679 5824 1808 5879 Ideo
1836 5833 1884 5878 et
1916 5837 2056 5878 nunc
2104 5820 2414 5891 prophetam
2480 5817 2652 5887 ipsum
2712 5816 2914 5883 dicunt,
2965 5819 3069 5872 nisi
3115 5819 3251 5887 forte
3286 5821 3724 5886 quandoquidem
