4058 6470
358 378 456 444 133
1740 375 1960 438 PRAFl

1996 376 2147 439 ΤῐΟ.
3503 373 3598 440 134

353 513 470 555 cum
483 475 725 572 [articulo
752 490 935 545 dicunt
966 490 992 542 ὁ
1019 487 1328 560 προφήτης,
1358 487 1410 539 id
1431 495 1505 540 est
1527 485 1774 554 propheta
1807 486 1919 553 ille,
1949 486 2111 572 possit
2143 481 2362 572 intelligi
2387 484 2525 553 quod
2555 484 2652 537 iste
2681 483 2863 572 sitqui
2882 445 3284 552 easftectabatur
3312 487 3589 555 propheta.

355 587 433 640 Ad
461 570 580 653 quae
612 579 841 650 pulchre
869 579 1140 645 quadrant
1181 576 1410 644 reliqua.
1459 572 1667 643 Lapsus
1697 574 2035 628 occasionem
2066 570 2236 637 dedit,
2277 570 2491 640 opinor,
2533 573 2670 639 quod
2700 570 2913 642 μήποτε
2942 571 3023 637 δὲ,
3052 574 3299 641 verterit,
3331 589 3598 644 nunquam

353 680 529 727 autem
555 683 576 723 :
607 667 676 722 ad
703 665 847 737 quod
874 673 1071 719 caetera
1099 670 1290 733 aptare
1312 661 1557 730 cupiens,
1585 669 1751 715 totam
1778 660 2000 715 invertit
2022 657 2348 713 sententiam
2376 673 2391 722 ;
2430 672 2552 712 cum
2583 657 2797 727 μήποτε
2821 659 2925 712 hoc
2944 659 3064 714 loco
3094 675 3198 714 non
3226 661 3298 715 sit
3325 663 3600 731 negantis,

351 761 443 814 sed
481 753 864 810 addubitauter
891 751 1254 813 decernentis,
1283 763 1381 818 pro
1406 747 1654 817 fortasse,
1688 756 1781 801 aut
1809 748 1912 800 nisi
1953 745 2112 815 forte.
2139 745 2254 812 Qua
2291 745 2350 799 in
2377 745 2779 814 signiﬁcatione
2812 744 3125 815 frequenter
3171 749 3369 819 accipit
3417 759 3602 804 noster

350 847 439 901 hic
472 841 934 912 'l‘heopbylactus,
999 847 1056 891 ut
1108 836 1286 905 capite
1320 835 1479 904 hujus
1507 850 1627 899 xm,
1652 835 1723 888 ibi
1756 835 1967 905 μήποτε
1990 835 2071 900 δὲ,
2099 836 2364 899 vertebat,
2387 836 2523 888 absit
2555 846 2912 901 autem;cum
2941 837 3168 906 fortasse
3199 849 3390 905 autem,
3418 840 3600 896 dicere

346 931 625 986 debuisset
663 946 677 983 :
707 927 852 999 quod
879 926 965 982 bis
995 925 1184 981 eodem
1215 925 1390 993 capite
1423 921 1575 984 facit,
1609 922 1750 977 male
1789 923 2043 991 rejiciens
2072 938 2190 993 qua:
2225 921 2664 993 Theophylactus
2699 924 2955 977 admittit.
2990 923 3228 980 Matthzei
3262 929 3424 981 etiam
3455 944 3594 995 χχιι,

344 1028 400 1073 et
438 1017 604 1073 Marci
633 1032 724 1081 xv,
756 1028 886 1081 etc.,
920 1014 1111 1069 eodem
1157 1012 1318 1066 modo
1363 1010 1649 1079 accipitur.
1685 1010 1791 1066 Sed
1820 1011 1951 1082 quid
1989 1011 2074 1066 his
2128 1012 2412 1075 immoror,
2446 1026 2566 1064 cum
2598 1012 2800 1065 nullum
2832 1013 3054 1067 omnino
3087 1024 3246 1083 caput
3274 1015 3367 1078 sit,
3403 1016 3456 1071 in
3490 1033 3599 1088 quo

344 1122 456 1161 non
482 1104 648 1160 multa
675 1104 785 1159 sint
811 1100 1103 1157 restituta?
1133 1097 1332 1154 Videor
1365 1099 1550 1166 itaque
1577 1115 1644 1153 ne
1675 1100 1730 1153 in
1761 1098 1847 1154 his
1883 1099 2147 1169 prolixior
2181 1097 2376 1154 fuerim
2416 1117 2429 1154 :
2484 1100 2712 1169 ideoque
2739 1115 2801 1155 ex
2841 1101 3064 1170 reliquis
3089 1103 3437 1172 eVangelistis
3465 1122 3598 1174 pau-

342 1196 494 1247 ciora
527 1194 915 1262 perstringam.
947 1186 1115 1243 Marci
1157 1187 1332 1257 primo
1358 1184 1575 1242 .lutlatos
1610 1197 1825 1252 notans,
1856 1188 1945 1257 qui
1980 1187 2292 1257 Seripturas
2324 1186 2688 1256 negligebant,
2726 1190 2806 1243 sic
2838 1189 3035 1258 inquit,
3079 1190 3219 1244 Ἀλλ’
3248 1192 3347 1245 οὐκ
3387 1192 3598 1267 ἐγεώρι-

339 1298 477 1347 γουν
514 1278 686 1343 αὑτὰς
715 1277 837 1330 οὐδὲ
864 1275 1124 1348 ἐρεύνων,
1153 1274 1204 1329 id
1237 1285 1340 1342 est,
1370 1272 1473 1329 Sed
1512 1274 1612 1342 ipsi
1640 1291 1744 1329 non
1774 1279 1941 1329 excole

1992 1285 2075 1329 ant
2104 1292 2192 1331 eas
2219 1291 2311 1330 nec
2337 1281 2746 1342 scrutabantur;
2770 1278 2920 1347 prius
2952 1290 3131 1334 autem
3163 1280 3425 1349 scriptum
3450 1292 3594 1346 erat,

339 1369 437 1422 sed
476 1384 581 1422 non
618 1366 723 1435 ipsi
752 1366 991 1420 colebant
1026 1379 1182 1435 agros
1231 1377 1393 1431 neque
1421 1361 1775 1429 inquirebant.
1810 1360 1875 1415 Et
1908 1362 2066 1431 paulo
2096 1373 2225 1417 ante
2258 1363 2349 1417 hic
2381 1363 2617 1435 negatio,
2651 1380 2835 1434 neque,
2884 1366 3085 1420 omissa
3116 1382 3334 1422 sensum
3370 1379 3597 1423 contra-

340 1454 486 1507 rium
518 1452 875 1524 exprimebat.
908 1450 976 1505 Et
1001 1466 1068 1507 ne
1096 1449 1303 1504 diutius
1351 1449 1633 1512 immorer,
1663 1448 1708 1502 si
1735 1449 1859 1518 quis
1904 1457 2073 1504 totum
2109 1451 2212 1505 hoc
2242 1458 2406 1521 caput
2440 1450 2674 1520 primum
2729 1462 2988 1507 excutere
3040 1454 3195 1518 velit,
3220 1450 3597 1524 deprehendet

336 1542 514 1596 multa
548 1542 775 1606 omissa,
811 1549 867 1595 et
907 1555 1014 1594 non
1047 1554 1220 1608 pauca
1255 1546 1539 1607 corrupta,
1590 1537 1732 1591 sicut
1756 1545 1810 1591 et
1841 1539 2018 1606 capite
2062 1539 2309 1609 proxime
2340 1540 2615 1608 sequenti,
2648 1549 2706 1593 ut
2748 1555 2814 1596 ex
2852 1542 3039 1597 multis
3074 1542 3334 1610 indicem,
3371 1545 3459 1597 ubi
3496 1545 3593 1609 ait,

335 1632 487 1697 quod
518 1628 687 1684 David
734 1628 941 1699 fugiens
965 1645 995 1680 a
1028 1627 1166 1697 facie
1193 1625 1392 1691 Saulis,
1425 1624 1667 1693 gladium
1699 1621 1915 1679 Goliatlt
1961 1628 2197 1680 ablatum
2227 1625 2411 1681 obtulit
2448 1626 2670 1681 Domino
2704 1642 2723 1680 :
2757 1645 2877 1682 cum
2922 1629 3207 1700 legendum
3245 1631 3338 1698 sit,
3361 1633 3597 1703 gladium

335 1718 559 1773 Golith
594 1717 830 1771 oblatum
869 1717 1113 1779 Domino,
1164 1715 1383 1769 abstulit
1449 1720 1507 1767 ut
1561 1711 1765 1766 habent
1798 1711 2008 1775 Grmca,
2039 1715 2228 1784 eisque
2281 1716 2610 1786 astipulatur
2664 1717 2891 1773 historia
2923 1720 2940 1772 Ι
2969 1720 3102 1791 Reg.
3136 1737 3258 1792 cap.
3296 1737 3409 1777 χιιι.
3440 1722 3599 1777 lnitio

335 1792 474 1861 item
502 1808 783 1877 sequentis
814 1805 1006 1874 capitis
1040 1805 1191 1858 locus
1237 1802 1395 1872 plane
1427 1800 1757 1870 depravatus
1790 1803 2120 1856 contrariam
2174 1802 2435 1858 reddebat
2469 1807 2821 1860 sententiam.
2856 1808 2963 1862 Sed
3003 1810 3070 1863 ad
3097 1808 3299 1864 Lucam
3335 1825 3592 1882 propero,

334 1894 504 1963 cujus
534 1904 697 1964 caput
743 1894 976 1965 primum
1012 1902 1069 1949 et
1096 1892 1395 1948 secundum
1449 1890 1633 1945 multis
1681 1889 1964 1945 scatebant
2012 1889 2247 1957 mendis,
2278 1899 2337 1945 ut
2368 1897 2423 1945 et
2451 1892 2698 1961 proxime
2732 1907 3007 1963 sequens:
3047 1896 3136 1950 ubi
3191 1908 3386 1966 prmter
3431 1899 3600 1955 multa

332 1985 575 2051 omissa,
616 1982 853 2038 fortasse
887 1981 1131 2053 quaedam
1172 1980 1391 2034 fuerant
1440 1993 1547 2034 non
1584 1977 1719 2032 satis
1754 1977 2025 2032 intellecta
2064 1995 2077 2032 :
2113 1978 2345 2048 utquod
2380 1980 2507 2034 ὅσον
2556 1979 2732 2048 οὔπω,
2775 1993 2973 2049 vertat,
3015 1994 3266 2055 quantum
3304 2001 3596 2055 nunquam,

332 2088 465 2126 cum
507 2071 828 2129 vertendum
855 2079 1002 2125 esset
1034 2084 1157 2122 mox
1188 2077 1281 2122 aut
1311 2065 1475 2137 paulo
1507 2075 1625 2136 post
1655 2081 1674 2122 :
1703 2074 1762 2119 ut
1800 2079 1996 2120 sensus
2020 2065 2114 2131 sit,
2140 2080 2264 2119 mox
2293 2083 2323 2119 a
2355 2068 2736 2135 pra'dicatione
2781 2068 3008 2124 Joannis
3049 2072 3460 2139 praedicaturum
3485 2091 3599 2130 esse

339 2157 658 2214 Oorizinum.
692 2158 891 2213 Eodem
925 2157 1076 2226 lapsu
1113 2162 1371 2225 corrupta
1399 2154 1504 2210 fuit
1537 2154 1808 2208 sententia
1850 2167 1970 2222 cap.
2004 2169 2162 2219 xvtu,
2196 2153 2285 2208 ubi
2313 2154 2437 2209 ὅσον
2475 2155 2649 2222 οὔπω,
2691 2168 2928 2212 verterat
2961 2158 3216 2227 nondum,
3247 2175 3369 2215 cum
3400 2176 3598 2219 sensus

340 2246 611 2317 postulet,
641 2256 703 2300 ut
730 2262 872 2310 mox,
901 2243 1018 2300 sive
1046 2243 1206 2316 paulo
1231 2252 1346 2313 post
1368 2242 1601 2298 dicatur.
1624 2242 1815 2312 Capite
1841 2252 2021 2295 autem
2047 2257 2159 2308 xiv,
2190 2242 2281 2297 ubi
2315 2243 2574 2311 declarat,
2601 2260 2699 2315 per
2726 2261 2847 2301 eum
2878 2246 2969 2316 qui
2997 2247 3125 2316 juga
3166 2249 3327 2302 bourn
3378 2253 3595 2321 emerit,

334 2335 672 2405 signiﬁcari,
702 2350 824 2389 eum
858 2332 951 2405 qui
983 2332 1129 2387 circa
1183 2341 1393 2387 terrena
1424 2340 1571 2387 esset
1609 2339 1927 2401 occupatus,
1960 2328 2299 2400 spiritualem
2332 2345 2542 2387 cteuam
2578 2332 2878 2405 negligere,
2908 2331 3067 2390 aliiert
3101 2333 3378 2405 Sapientis
3405 2348 3595 2391 aucto-

332 2424 566 2476 ritatcm
601 2423 667 2475 ad
705 2422 846 2476 hunc
881 2420 1096 2474 modum
1129 2436 1142 2473 :
1177 2417 1320 2484 Quid
1366 2417 1730 2472 calumniatur
1760 2416 1851 2487 qui
1876 2416 2035 2471 alteri
2062 2419 2310 2489 praevalet
2332 2421 2358 2475 γ
2388 2419 2493 2475 Sed
2521 2422 2674 2491 quid,
2704 2438 2908 2492 quaeso,
2949 2423 3090 2478 istud
3119 2424 3186 2479 ad
3218 2425 3599 2497 propositum?

332 2500 453 2564 ubi.
474 2509 660 2565 Greece
690 2510 770 2563 sic
801 2508 1020 2573 habent,
1051 2506 1117 2560 Τί
1151 2505 1543 2578 σοφισθήσεται
1573 2505 1603 2558 ὁ
1630 2505 1850 2578 κρατῶν
1879 2505 1934 2576 dt;

1997 2524 2145 2579 τρου,
2179 2508 2231 2562 id
2270 2517 2375 2573 est,
2409 2508 2473 2563 In
2503 2527 2605 2581 quo
2636 2513 2844 2578 sapiens
2876 2512 2977 2565 erit
3010 2513 3099 2581 qui
3146 2521 3280 2567 tenet
3313 2514 3599 2568 aratrum?

336 2598 812 2666 quemadmodum
846 2596 1109 2650 habemus
1143 2593 1510 2650 Ecclesiastici
1561 2609 1791 2658 xxxvm,
1824 2595 2124 2650 secundum
2150 2594 2530 2667 Septuaginta,
2568 2614 2705 2668 quos
2738 2600 2849 2666 hic,
2879 2610 2935 2653 nt
2970 2600 3058 2655 alii
3093 2601 3289 2668 Gratci,
3313 2602 3596 2674 sequitur:

336 2687 493 2755 quod
521 2685 740 2755 quidem
783 2684 1064 2754 proposito
1102 2683 1328 2753 pulchre
1365 2682 1657 2750 convenit;
1692 2690 1878 2736 aratro
1907 2682 2050 2736 enim
2073 2681 2201 2752 juga
2233 2682 2433 2737 bonum
2469 2685 2846 2740 admoventur.
2879 2687 2969 2741 Sic
2999 2696 3052 2741 et
3079 2702 3198 2758 cap.
3236 2704 3371 2756 xxu,
3401 2705 3600 2744 secun-

336 2774 480 2828 dum
506 2772 859 2843 Septuaginta
906 2772 1191 2844 legendum
1223 2780 1344 2837 est;
1377 2779 1427 2823 et
1455 2768 1766 2823 roborentur
1794 2771 1850 2822 in
1896 2785 1954 2823 eo
1995 2786 2173 2823 omnes
2199 2770 2303 2838 ﬁlii
2352 2769 2723 2839 Dei,,Deuter.
2762 2773 3038 2830 tricesimo
3096 2777 3357 2831 secundo.
3393 2775 3595 2832 Eodem

332 2859 613 2915 vicesimo
638 2860 875 2915 secundo
915 2861 1112 2928 capite,
1167 2857 1336 2912 multa
1369 2857 1534 2912 etiam
1566 2856 1671 2910 alia
1718 2856 2006 2911 emendata
2057 2856 2244 2912 videre
2290 2855 2438 2912 licet.
2477 2855 2719 2931 Denique
2754 2871 2810 2913 ut
2853 2874 2919 2914 ex
2958 2860 3134 2931 primo
3170 2864 3338 2918 etiam
3367 2860 3598 2920 Joannis

337 2948 533 3016 capite
566 2951 810 3018 quaedam
843 2948 1248 3017 depromamus,
1279 2945 1376 3011 ibi,
1412 2943 1480 2997 Et
1511 2943 1604 2997 lux
1635 2947 1689 2997 in
1721 2944 1944 2999 tenebris
1971 2945 2128 3011 lucet,
2155 2946 2442 3002 declarans
2470 2946 2643 3003 lucem
2686 2950 2741 3004 in
2770 2952 3010 3006 tenebris
3040 2952 3241 3008 lucere.
3277 2952 3368 3009 Sic
3394 2969 3597 3024 posue-

333 3046 434 3091 rat
465 3053 479 3089 :
517 3035 658 3089 Nam
685 3037 810 3090 etin
833 3045 998 3089 morte
1028 3034 1200 3103 factus
1224 3042 1324 3099 est,
1346 3032 1504 3102 quasi
1536 3032 1717 3100 fuisset
1746 3032 1933 3098 rictus,
1960 3033 2034 3088 ita
2063 3044 2116 3086 ut
2141 3043 2339 3104 cogeret
2358 3033 2641 3088 hincillum
2665 3037 2942 3107 emigrare,
2972 3047 3077 3093 etc.
3105 3038 3359 3106 Ubinam,
3389 3055 3595 3109 quaeso,

334 3124 441 3178 lux
471 3124 526 3177 in
557 3132 733 3178 morte
765 3122 851 3177 hic
873 3123 1073 3188 lucere,
1098 3129 1154 3176 et
1173 3120 1316 3175 vires
1338 3135 1464 3175 suas
1489 3133 1741 3174 exserere
1768 3119 2015 3175 dicatur?
2034 3120 2267 3177 Proinde
2286 3123 2365 3177 sic
2388 3124 2454 3178 ad
2483 3124 2760 3193 exemplar
2785 3125 3033 3181 Graecum
3070 3128 3427 3183 restituimus.
3457 3127 3597 3182 Nam

332 3221 395 3266 et
420 3212 529 3282 ipse
552 3221 788 3264 mortuus
811 3210 886 3264 sic
907 3220 1123 3263 mortem
1150 3208 1437 3277 superavit,
1463 3216 1517 3261 ut
1538 3216 1584 3260 et
1610 3222 1696 3260 eos
1719 3222 1846 3275 quos
1864 3209 2009 3274 prius
2033 3211 2391 3281 absorpserat,
2414 3224 2614 3284 cogeret
2634 3215 2802 3282 ipsam
2825 3230 3076 3270 evomere.
3100 3214 3306 3273 Similis
3328 3218 3595 3275 sententia

334 3299 620 3356 habeturl
639 3300 704 3355 ad
724 3298 852 3355 Cor.
872 3314 993 3369 cap.
1015 3314 1106 3363 xv,
1127 3299 1222 3363 ibi,
1243 3295 1552 3352 Postremus
1570 3297 1735 3352 hostis
1757 3297 2059 3353 destruetur
2079 3316 2243 3356 mors.
2266 3299 2331 3354 Et
2354 3300 2514 3369 paulo
2532 3311 2654 3370 post
2674 3299 2943 3357 Joannem
2991 3300 3389 3358 Prmcursorem
3411 3303 3478 3359 de
3498 3318 3596 3361 sua

333 3387 568 3462 [LXXI]
602 3389 885 3443 nativitate
918 3402 1225 3444 sermonem
1258 3386 1485 3449 habere,
1534 3384 1718 3440 dicere
1749 3385 1999 3453 videtur;
2029 3395 2085 3441 et
2123 3386 2291 3441 multa
2327 3388 2431 3441 alia
2476 3387 2581 3442 hoc
2623 3389 2815 3442 eodem
2857 3388 3034 3457 capite
3071 3403 3178 3442 non
3228 3390 3363 3445 satis
3392 3404 3596 3446 conve-

336 3478 579 3533 nientia.
616 3478 774 3534 Initio
804 3478 933 3532 item
961 3477 1182 3532 seeuudi
1212 3475 1409 3544 capitis
1430 3476 1495 3528 de
1529 3471 1755 3542 Virgine
1791 3472 1966 3528 Matre
2005 3474 2250 3545 loquens,
2281 3475 2357 3529 ait
2393 3492 2408 3529 :
2446 3474 2656 3529 (labens
2687 3476 2985 3544 opinionem
3024 3492 3136 3532 sua:
3170 3494 3294 3549 erga
3321 3477 3474 3532 illum
3497 3494 3596 3548 po-

335 3568 576 3622 restatis.
625 3567 751 3622 Hatc
789 3566 952 3621 verba
984 3576 1180 3619 sonare
1206 3562 1476 3627 videntur,
1501 3561 1645 3631 quod
1683 3560 1801 3630 ipsa
1843 3559 1944 3614 sibi
1974 3578 2090 3615 eam
2130 3571 2443 3632 potestatem
2481 3577 2590 3617 esse
2612 3567 2667 3617 ia
2695 3560 2970 3617 Christum
2999 3562 3370 3630 arbitraretur,
3408 3576 3461 3619 ut
3493 3566 3597 3618 im-

333 3671 534 3723 perare
563 3664 756 3721 posset,
797 3663 852 3706 ut
893 3667 1088 3722 aquam
1119 3653 1172 3705 in
1206 3652 1382 3704 uinum
1410 3657 1732 3703 converteret
1759 3663 1778 3703 :
1812 3663 1934 3702 cum
1964 3646 2150 3706 Graeca
2181 3650 2341 3721 longe
2373 3650 2646 3705 diversum
2687 3665 2909 3706 sensum
2945 3666 3055 3719 prae
3083 3651 3368 3718 scierant,
3396 3668 3593 3722 nempe

336 3754 488 3815 quod
537 3742 694 3813 Virgo
729 3758 975 3813 magnam
1006 3740 1320 3809 concepisset
1343 3741 1407 3792 de
1428 3735 1626 3791 Christi
1666 3748 1921 3807 potestate
1941 3742 2237 3809 opinionem
2261 3756 2324 3794 ea:
2348 3741 2449 3804 Itis,
2479 3755 2597 3810 qua:
2627 3749 2674 3792 et
2704 3741 2760 3793 in
2786 3740 2950 3808 ipsius
2970 3743 3301 3810 conceptione
3333 3750 3381 3795 et
3407 3743 3599 3796 natiri-

336 3846 456 3886 rate
484 3836 784 3894 creuerunt,
826 3842 927 3887 etc.
965 3830 1119 3898 Quod
1158 3842 1339 3883 autem
1373 3828 1445 3883 ibi
1490 3827 1674 3884 statim
1711 3829 1978 3898 sequitur,
2003 3838 2062 3882 ut
2089 3837 2261 3882 oraret
2284 3827 2476 3893 Deum,
2511 3843 2606 3897 pro
2634 3843 2790 3881 orare
2830 3844 2981 3894 eum;
3012 3829 3140 3883 item
3175 3840 3229 3884 et
3262 3845 3327 3884 ea:
3378 3831 3595 3910 animo,

334 3937 450 3993 pro
481 3935 533 3976 et
560 3921 821 3987 examine,
851 3930 906 3976 et
937 3916 1246 3989 hujusmodi
1292 3912 1480 3981 multa,
1520 3916 1714 3970 scribae
1747 3917 1926 3984 potius
1974 3926 2065 3971 aut
2102 3918 2436 3986 typOgrapho
2468 3931 2629 3984 quam
2661 3916 2945 3985 interpreti
2995 3918 3333 3988 imputanda,
3377 3919 3598 3975 lectoris

339 4013 615 4066 industria
656 4009 932 4065 emendari
956 4007 1277 4077 potuissent.
1325 4004 1592 4059 Caeterum
1636 4005 1728 4057 ubi
1762 4019 1903 4059 nouo
1929 4004 2108 4072 capite
2152 4006 2312 4058 docet
2359 4018 2453 4073 per
2484 4003 2826 4058 Ezechielem
2853 4004 3038 4059 dicens
3074 4021 3089 4059 :
3121 4004 3308 4059 Patres
3343 4010 3586 4060 comede-

339 4110 498 4161 runt,
530 4111 659 4164 etc.,
690 4096 936 4168 quaedam
961 4094 1072 4151 illic
1101 4093 1462 4164 praetermissa
1509 4092 1843 4145 contrariam
1881 4091 2237 4146 admittebant
2261 4090 2620 4157 sententiam;
2654 4100 2710 4142 ut
2758 4100 2811 4144 et
2842 4090 3021 4159 capite
3070 4092 3339 4160 sequenti,
3365 4092 3457 4147 ubi
3488 4108 3593 4162 pro

340 4197 672 4258 cognoscunt
699 4187 837 4242 enim
864 4186 1148 4257 legendum
1174 4193 1274 4249 est,
1305 4199 1406 4236 non
1429 4182 1568 4235 enim
1591 4191 1930 4251 cognoscunt,
1957 4190 2014 4235 ut
2039 4178 2241 4235 habent
2270 4177 2457 4234 Graeca
2490 4196 2503 4232 :
2534 4177 2732 4248 alioqui
2769 4177 2947 4249 glossa
2978 4193 3099 4233 cum
3130 4187 3276 4233 textu
3304 4190 3593 4249 pugnaret.

344 4278 461 4333 Sed
506 4277 647 4347 quod
686 4276 873 4330 eodem
908 4272 1086 4342 capite
1132 4286 1230 4341 pro
1265 4270 1547 4340 apostasis,
1597 4268 1863 4336 apostolos
1908 4268 2261 4343 haberemus;
2296 4266 2423 4321 item
2456 4265 2597 4334 quod
2637 4279 2734 4334 pro
2779 4282 2845 4320 ea;
2888 4266 3024 4335 ipso,
3059 4266 3320 4336 scriptum
3354 4278 3501 4323 esset
3530 4283 3597 4322 ea:

345 4364 623 4437 Egypto;
655 4363 797 4418 unde
830 4362 994 4417 etiam
1024 4360 1270 4428 suspicor
1298 4360 1471 4412 locum
1505 4358 1639 4412 mire
1672 4356 1839 4412 fuisse
1866 4364 2201 4423 corruptum,
2239 4353 2326 4408 ubi
2372 4351 2442 4407 de
2481 4353 2642 4409 malis
2675 4353 2984 4421 pastoribus
3012 4363 3066 4408 et
3103 4354 3282 4407 avaris
3322 4354 3593 4422 quereba-

348 4465 443 4507 tur
479 4469 497 4506 :
536 4450 654 4505 Non
681 4453 839 4516 enim,
892 4448 1085 4517 inquit,
1119 4445 1416 4516 qua'rebant
1465 4444 1736 4498 utilitatem
1780 4460 1844 4497 ex
1873 4441 2123 4512 1Egypto,
2164 4443 2253 4495 sed
2286 4451 2433 4507 turpe
2481 4442 2723 4506 lucrum;
2763 4455 2881 4495 cum
2925 4439 3024 4511 legi
3063 4439 3280 4506 debeat,
3322 4457 3423 4494 non
3461 4442 3597 4495 enim

349 4540 661 4611 quwrcbant
702 4537 884 4607 populi
910 4535 1224 4611 utilitatem,
1256 4534 1346 4587 sed
1375 4532 1574 4599 exipso
1605 4541 1753 4599 turpe
1781 4532 2006 4584 lucrum.
2041 4528 2170 4597 ista,
2200 4530 2443 4598 inquam,
2475 4537 2531 4584 et
2557 4529 2826 4598 ejusmodi
2859 4527 3116 4597 pleraque
3148 4528 3249 4582 alia
3278 4529 3593 4597 irupressori

346 4610 540 4699 potius
570 4642 726 4695 quam
761 4610 1038 4694 interpreti
1066 4620 1263 4677 ascribi
1300 4628 1539 4689 possent.
1572 4618 1724 4684 Quod
1755 4627 1932 4687 autem
1963 4617 2235 4688 plerisque
2261 4617 2314 4670 in
2353 4616 2487 4671 locis
2516 4616 2784 4687 permulta
2820 4614 3022 4670 fuerint
3054 4617 3279 4680 omissa,
3314 4631 3377 4670 ex
3401 4616 3597 4686 quibus

348 4716 638 4786 sequentia
671 4713 1001 4784 pendebant,
1037 4726 1142 4765 non
1185 4716 1390 4762 tantum
1422 4707 1688 4761 dictiones
1727 4706 1932 4775 aliquot
1965 4706 2106 4769 dico,
2139 4707 2232 4759 sed
2262 4717 2451 4758 versus
2480 4703 2796 4772 permultos,
2826 4713 2987 4771 atque
3016 4703 3150 4757 adeo
3179 4703 3403 4773 paginas
3435 4712 3593 4765 totas,

348 4804 609 4874 quodque
643 4800 963 4872 stepiuscule
1003 4795 1218 4868 negatio
1258 4806 1447 4849 contra
1487 4793 1725 4848 auctoris
1765 4789 2000 4847 mentem
2035 4802 2127 4845 aut
2155 4790 2379 4857 omissa,
2407 4799 2499 4845 aut
2534 4790 2728 4857 injecta
2760 4790 3090 4844 contrariam
3122 4790 3344 4844 inducat
3374 4801 3594 4845 senten-

352 4896 525 4957 tiam;
564 4890 845 4954 scrib.ene,
886 4884 1374 4956 aut’typographo,
1403 4898 1469 4935 an
1504 4882 1808 4950 interpreti,
1850 4878 2107 4934 mutilove
2141 4877 2309 4933 codici
2346 4878 2719 4947 imputandum
2766 4879 2859 4944 sit,
2889 4877 3117 4934 aliorum
3159 4886 3276 4932 esto
3309 4876 3593 4945 judicium.

351 4981 489 5037 Mihi
515 4980 728 5035 abunde
751 4980 882 5034 satis
912 4976 1096 5041 luerit,
1130 4974 1175 5029 si
1209 4972 1425 5027 favente
1445 4969 1725 5025 Altissimo
1756 4966 2025 5038 publicam
2066 4966 2369 5022 studiorum
2410 4965 2698 5021 utilitatem
2728 4979 2828 5035 pro
2854 4968 3038 5021 nostra
3075 4964 3437 5036 qualicunque
3475 4979 3590 5019 me-

354 5069 647 5127 diocritate
697 5065 944 5123 nonnihil
987 5062 1379 5135 adjuverimus.
1415 5057 1692 5128 lnterpres
1726 5056 1943 5126 quidem
1984 5063 2133 5109 certe
2167 5051 2393 5109 Joannis
2443 5052 2636 5108 ultimo
2673 5054 2912 5109 codicem
2943 5066 3103 5107 suum
3150 5051 3395 5106 mutilum
3426 5051 3595 5107 fuisse

354 5157 650 5214 conﬁtetur
680 5174 694 5211 :
729 5155 845 5210 lleri
879 5162 1060 5209 tamen
1096 5159 1297 5223 potest,
1328 5154 1387 5203 ut
1413 5147 1575 5203 etiam
1606 5144 1695 5199 ille
1726 5143 2048 5214 quibusdam
2068 5142 2120 5196 in
2142 5140 2276 5196 locis
2301 5150 2495 5196 nostro
2509 5140 2846 5196 emendatior
2872 5138 3036 5194 fuerit
3064 5139 3330 5210 :ideoque
3348 5141 3592 5208 quaedam

358 5247 564 5301 intacta
597 5245 936 5314 reliquimus,
971 5243 1087 5298 sive
1110 5242 1253 5310 quod
1284 5237 1350 5292 ad
1384 5249 1604 5292 sensum
1639 5234 1777 5289 bene
1800 5232 2159 5303 quadrarent,
2189 5230 2305 5286 sive
2337 5229 2482 5301 quod
2505 5242 2609 5285 non
2649 5228 2829 5300 magni
2855 5236 3038 5283 essent
3068 5229 3351 5293 momenti,
3374 5229 3594 5285 etiamsi

360 5336 431 5391 ad
457 5333 705 5390 Graecum
736 5340 978 5386 nostrum
1013 5327 1267 5385 Codicem
1299 5338 1405 5380 non
1435 5323 1657 5380 omnino
1695 5318 2078 5392 respondeant.
2101 5318 2496 5388 Nonnunquam
2535 5326 2717 5371 autem
2754 5315 2981 5386 margini
3011 5315 3278 5371 diversam
3309 5316 3594 5372 lectionem

360 5423 681 5492 adjecimus,
711 5420 871 5490 idque
910 5416 1249 5490 potissimum
1275 5428 1396 5468 cum
1424 5419 1653 5481 utraque
1683 5407 1898 5464 defendi
1926 5416 2109 5477 posset
2138 5423 2152 5461 :
2196 5407 2376 5476 priore
2407 5405 2622 5475 quidem
2647 5403 2718 5492 in
2756 5412 3016 5492 contentu
3045 5403 3255 5492 relicta,
3284 5404 3380 5460 sed
3402 5406 3601 5473 hujus-

360 5487 506 5566 ιιιὸᾱὶ
538 5487 1036 5581 notis-l-l‘incl'usa,
1069 5517 1235 5573 penes
1264 5502 1519 5558 lectorem
1571 5498 1834 5570 judicium
1870 5496 2257 5565 relinquentes,
2292 5502 2473 5549 utrum
2508 5489 2661 5581 sequi
2702 5489 2873 5581 malit.
2913 5487 3021 5581 Sed
3039 5491 3161 5581 haec
3185 5491 3438 5555 fortasse,
3467 5494 3594 5544 dum

362 5598 597 5654 morosis
629 5576 918 5651 occurrere
953 5593 1257 5655 studemus,
1289 5588 1429 5660 apud
1474 5598 1617 5642 tuam
1654 5586 1974 5640 facilitatem
2014 5583 2240 5639 nimium
2284 5581 2471 5634 multa.
2506 5579 2650 5634 Bene
2689 5579 2828 5645 vale,
2859 5578 3088 5634 candide
3119 5576 3334 5644 Lector,
3379 5584 3434 5632 et
3476 5590 3597 5646 qua

363 5701 462 5757 pro
494 5695 680 5742 nostra
712 5684 1077 5755 qualicunque
1109 5677 1480 5736 mediocritate
1507 5677 1560 5732 in
1592 5675 1862 5745 publicam
1891 5672 2177 5729 utilitatem
2210 5666 2563 5740 proferimus,
2593 5668 2741 5737 boni,
2766 5682 2971 5738 quaeso,
3002 5667 3241 5725 consule.
3278 5665 3503 5721 Lutetiae
3525 5678 3597 5720 ex

364 5790 552 5832 musco
586 5783 773 5832 nostro
808 5768 1133 5827 Toruacensi
1179 5766 1336 5824 1545.
1368 5766 1437 5821 Ει
1468 5779 1680 5820 rursum
1717 5762 1875 5819 1552.

2166 5884 2173 5891 '
2213 5895 2228 5921 \
