4058 6470
487 384 590 450 135
1868 377 2089 437 ΑΙ)ΜΟῘ

2141 375 2296 434 lTlt)
3634 369 3733 436 136

1354 611 1789 678 STUDIOSIS
1828 608 2290 674 SACRARUM
2308 604 2886 685 LITTERARUM.

556 1046 797 1124 [LXXII]
829 1047 962 1103 Cum
999 1045 1177 1100 multa:
1203 1062 1289 1100 res
1320 1047 1453 1112 sint,
1481 1060 1710 1114 quarum
1745 1043 2113 1098 csusutilitati
2140 1053 2301 1113 alque
2327 1044 2486 1098 etiam
2519 1049 2837 1099 ornamento
2869 1040 3019 1094 nobis
3045 1053 3166 1094 esse
3191 1038 3380 1107 soleat,
3408 1038 3521 1096 fieri
3550 1046 3733 1097 tamen

479 1140 748 1200 videmus,
786 1146 845 1189 nt
883 1150 1068 1189 earum
1106 1149 1285 1188 rerum
1320 1133 1564 1201 quaedam
1597 1132 1840 1202 jaceam,
1875 1132 2121 1201 quaedam
2150 1134 2313 1186 etiam
2351 1146 2577 1200 prorsus
2610 1131 2900 1184 intereant.
2936 1128 3253 1197 llujusmodi
3286 1138 3414 1182 sunt
3447 1129 3685 1183 humana
3715 1142 3731 1182 :

486 1225 684 1280 mutari
720 1222 898 1276 omnia
942 1231 1176 1285 constat,
1212 1219 1343 1274 nihil
1376 1220 1512 1273 idem
1560 1235 1774 1289 semper
1800 1228 1901 1276 est.
1956 1219 2009 1272 lu
2042 1219 2239 1273 litteris
2272 1220 2490 1284 quidem
2537 1216 2824 1271 maximam
2861 1214 3127 1285 iacturam
3163 1214 3422 1281 fecimus;
3458 1216 3528 1270 ita
3562 1215 3734 1269 multa

482 1327 726 1369 veterum
760 1312 965 1380 scripta
1018 1320 1318 1380 temporum
1352 1310 1665 1364 calamitate
1700 1311 1999 1378 perierunt.
2044 1306 2172 1373 Sed,
2195 1323 2227 1361 o
2273 1308 2592 1375 praeclarum
2631 1305 2827 1369 virum,
2862 1303 2951 1373 qui
2989 1318 3181 1357 novam
3219 1303 3356 1358 hanc
3391 1304 3727 1359 edendorum

482 1403 742 1457 librorum
787 1400 1054 1453 rationem
1094 1398 1328 1458 invenit!
1372 1397 1506 1450 Cum
1547 1396 1690 1449 enim
1731 1410 2011 1450 sacrarum
2054 1392 2382 1449 Litterarum
2408 1392 2608 1453 studia,
2644 1390 2828 1446 multis
2855 1391 2905 1445 in
2943 1389 3116 1445 lucem
3149 1392 3512 1461 scriptoribus
3545 1393 3726 1456 editis,

485 1489 574 1558 qui
605 1489 864 1543 hactenus
892 1488 943 1541 in
975 1486 1216 1541 tenebris
1261 1485 1604 1549 delituerant,
1637 1485 1691 1538 in
1738 1485 1851 1539 dies
1882 1484 2053 1552 magis
2080 1499 2144 1539 ac
2177 1482 2348 1554 magis
2381 1497 2409 1534 a
2444 1479 2777 1536 doctissimis
2808 1479 2943 1534 viris
2989 1480 3331 1546 excolantur,
3360 1491 3416 1534 et
3466 1480 3732 1550 praeclara

481 1576 818 1632 eruditorum
858 1574 1133 1627 hominum
1167 1573 1379 1642 ingenia
1410 1573 1462 1626 in
1490 1572 1572 1627 his
1600 1587 1723 1627 sese
1751 1583 2066 1638 exerceant,
2092 1582 2352 1642 quantam
2382 1566 2563 1626 animo
2598 1585 2837 1640 possum,
2865 1570 3155 1624 maximam
3184 1573 3338 1641 capio
3371 1570 3730 1640 voluptatem,

483 1673 773 1735 prOpterca
802 1661 944 1730 quod
973 1661 1156 1715 divino
1184 1661 1419 1729 quodam
1459 1674 1683 1713 munere
1718 1657 1772 1714 id
1822 1658 2026 1713 factum
2056 1660 2290 1723 videtur,
2327 1668 2387 1713 ut
2430 1658 2717 1713 excellenti
2759 1658 2978 1728 ingenio
3022 1673 3088 1713 ac
3140 1660 3385 1713 doctrina
3416 1658 3514 1712 viri
3549 1659 3633 1713 his
3669 1673 3730 1713 se

479 1755 671 1808 studiis
701 1753 1030 1815 dediderint,
1063 1750 1261 1817 quibus
1292 1766 1400 1805 non
1449 1750 1667 1803 inanem
1699 1749 1987 1818 quamdam
2020 1748 2160 1819 apud
2194 1748 2443 1803 homines
2489 1746 2773 1817 gloriolam
2805 1760 3163 1814 aucupamur,
3194 1748 3288 1801 sed
3327 1747 3481 1801 nobis
3519 1748 3584 1801 ad
3622 1747 3730 1802 im-

482 1841 866 1896 mortalitatem
898 1840 1041 1893 viam
1077 1837 1497 1903 communitnus,
1538 1847 1618 1901 ut,
1654 1837 1911 1906 despecta
1951 1840 2164 1905 penitus
2199 1851 2376 1889 rerum
2413 1835 2768 1889 humanarum
2800 1833 3189 1911 imbecillitate,
3226 1833 3469 1888 animum
3503 1833 3567 1886 ad
3608 1847 3733 1888 etB-

482 1929 638 1983 iestia
664 1929 963 1997 erigamus,
988 1938 1369 1992 summumque
1402 1924 1553 1977 illum
1584 1939 1647 1976 ac
1680 1934 2065 1993 praepotentem
2091 1923 2257 1977 Deum
2281 1932 2396 1976 toto
2426 1930 2643 1991 pectore
2668 1922 3060 1991 amplexemur,
3091 1921 3163 1975 ita
3189 1934 3247 1975 ut.
3279 1935 3440 1990 quam
3476 1921 3728 1988 minima,

428 2028 433 2037 '
482 2018 606 2071 dum
642 2016 695 2068 in
732 2016 832 2067 hac
865 2013 985 2065 vita:
1017 2012 1174 2080 quasi
1220 2010 1659 2079 peregrinatione
1699 2025 1909 2074 sumus,
1947 2010 2102 2065 nobis
2144 2026 2266 2066 cum
2304 2012 2629 2080 corporibus
2668 2010 2743 2064 sit
2772 2009 3043 2077 contagio,
3088 2010 3181 2064 sed
3223 2022 3289 2064 ea
3332 2010 3486 2064 nobis
3529 2025 3636 2065 una
3675 2019 3727 2066 et

480 2101 750 2170 praecipua
776 2114 927 2162 cura,
959 2109 1018 2154 ut
1053 2099 1137 2152 his
1168 2098 1330 2153 soluti
1362 2096 1596 2151 vinculis
1635 2097 1687 2151 itt
1727 2096 2006 2152 ctelestem
2040 2096 2185 2153 illam
2229 2098 2480 2164 patriam,
2516 2098 2655 2153 unde
2685 2096 2875 2167 paucis
2903 2105 3031 2152 ante
3059 2098 3218 2151 anuis
3246 2097 3469 2153 demissi
3503 2097 3732 2166 fuimus,

479 2189 854 2257 remigremus.
890 2183 1090 2241 Verum
1133 2186 1210 2256 (a)
1242 2200 1366 2239 cum
1405 2184 1548 2238 nulla
1593 2199 1652 2238 re
1691 2184 1864 2248 magis
1911 2200 2073 2254 quam
2112 2185 2388 2255 Evangelii
2436 2185 2670 2240 lectione
2709 2185 3046 2255 adjuvemur,
3086 2199 3193 2255 qua
3235 2186 3301 2240 ad
3327 2185 3568 2243 caelestis
3600 2189 3733 2243 vita:

479 2275 835 2330 imitationem
870 2274 1226 2336 instituimur,
1254 2287 1358 2326 non
1386 2271 1628 2325 inutilem
1663 2281 1903 2327 nostram
1931 2287 2149 2341 operam
2180 2273 2297 2327 fore
2323 2273 2711 2340 judicavimus,
2743 2273 2788 2328 si
2811 2270 3055 2328 Griecam
3087 2280 3142 2328 et
3173 2286 3204 2326 e
3226 2274 3446 2344 regione
3470 2273 3729 2330 Latinam

480 2376 626 2416 nunc
660 2360 893 2432 primum
938 2358 1328 2431 Theophylaeti
1356 2359 1409 2412 in
1445 2357 1734 2428 Evangelia
1770 2360 2298 2429 interpretationem,
2335 2362 2602 2415 summam
2641 2359 2894 2415 videlicet
2941 2358 3232 2430 quamdam
3271 2360 3386 2416 fere
3422 2376 3453 2417 e
3489 2361 3735 2435 Chryso-

481 2450 641 2505 stomi
689 2448 1095 2503 commentariis
1121 2448 1452 2516 decerptam,
1485 2447 1700 2515 publice
1731 2446 2014 2516 legendam
2051 2447 2433 2503 emitteremus
2468 2461 2484 2501 :
2524 2447 2821 2516 praesertim
2850 2461 2972 2501 cum
3004 2448 3058 2502 in
3094 2463 3181 2510 ea,
3213 2463 3333 2519 quae
3375 2449 3428 2503 in
3470 2449 3726 2506 Latinum

481 2536 851 2606 superioribus
881 2534 1039 2591 annis
1071 2548 1225 2589 versa
1263 2543 1367 2597 est,
1400 2533 1565 2588 multa
1617 2533 1815 2596 desint,
1849 2533 2001 2602 plura
2032 2549 2169 2589 vero
2213 2550 2495 2604 perperam
2545 2535 2812 2604 legantur,
2849 2535 2963 2590 sive
2996 2535 3198 2590 veteris
3230 2537 3580 2608 exemplaris,
3610 2541 3733 2594 sive

482 2623 815 2693 interpretis,
851 2621 1249 2691 0Ecolampadii
1290 2623 1597 2690 prescrtitn,
1633 2636 1696 2675 ea
1737 2620 1892 2690 culpa
1929 2622 2110 2676 fuerit.
2146 2621 2314 2678 Plane
2370 2624 2473 2677 hoc
2524 2622 2870 2684 beneficium,
2920 2632 3403 2692 quantumcunque
3442 2635 3546 2691 est,
3583 2626 3731 2695 quod

483 2721 631 2767 certe
660 2710 955 2766 maximum
991 2719 1092 2774 est,
1126 2708 1468 2763 Morellornm
1505 2709 1688 2762 virtuti
1724 2708 1970 2764 debetur.
2006 2709 2117 2766 Viri
2150 2711 2346 2781 quippe
2378 2711 2713 2780 benignitate
2748 2710 3010 2780 insignes,
3058 2711 3126 2765 ad
3165 2710 3473 2780 reipublicae
3516 2714 3735 2769 utilita-

483 2809 590 2854 tem
620 2807 676 2854 et
706 2797 988 2854 commoda
1022 2796 1157 2860 nali,
1190 2806 1424 2851 veterem
1454 2797 1902 2851 censuetudinem
1938 2808 2178 2866 servant,
2220 2798 2460 2854 excitant
2500 2800 2670 2854 bonas
2700 2809 2843 2852 artes
2873 2800 3064 2868 quovis
3093 2811 3333 2868 sumptu,
3366 2804 3560 2871 quovis
3587 2818 3734 2874 pra:-

481 2889 610 2955 tuio,
641 2886 864 2949 faciunt,
898 2895 956 2939 ut
989 2901 1104 2955 qua:
1134 2896 1375 2941 veterum
1401 2883 1623 2938 Grzeeize
1651 2882 1876 2938 Patrum
1898 2896 2245 2940 monumenta
2274 2885 2641 2952 celebrantur,
2669 2901 2732 2940 ea
2761 2887 2861 2940 hac
2892 2895 3052 2940 aetate
3083 2888 3307 2943 minime
3337 2889 3732 2947 desideremus.

478 2973 669 3046 Itaque
695 2982 948 3030 nostrum
981 2981 1085 3039 est,
1123 2984 1181 3026 ut
1210 2973 1288 3027 eis
1320 2986 1424 3026 non
1462 2971 1619 3026 modo
1665 2986 1764 3041 pro
1790 2971 2216 3043 Theophylacto,
2248 2988 2405 3042 quem
2450 2973 2735 3040 habemus,
2771 2973 2864 3027 sed
2881 2955 3044 3028 etiam
3074 2989 3172 3045 pro
3200 2975 3265 3031 iis
3292 2992 3414 3047 quae
3442 2990 3737 3048 exspecta-

481 3076 626 3131 mus,
664 3073 721 3118 et
748 3063 872 3117 vitae
905 3059 1343 3124 diuturnitatem,
1391 3070 1445 3112 et
1483 3073 1604 3128 qua:
1639 3060 1844 3127 r.ptin.a
1877 3059 2143 3114 habentur
2173 3059 2225 3113 iu
2248 3060 2381 3124 vita,
2411 3075 2439 3112 a
2475 3055 2583 3113 Deo
2613 3074 2917 3129 precemur.
2954 3059 3163 3116 Valete.

556 3217 635 3290 (a)
681 3216 752 3273 Ut
780 3217 977 3295 habeat
1004 3216 1211 3295 Lector
1238 3216 1380 3295 unde
1424 3224 1615 3295 noscat
1654 3231 1822 3295 quam
1865 3215 2104 3295 ridicule
2150 3218 2290 3295 hanc
2326 3216 2695 3295 praefationem
2736 3217 3139 3295 interpolaverit
3172 3222 3347 3295 editor
3379 3222 3733 3295 Parisiensis,

477 3285 641 3358 legat,
660 3304 780 3358 qua:
805 3288 1429 3362 hicsistimus,_genuina
1443 3285 1910 3362 Romanieditoris
1927 3290 2085 3362 verba
2116 3305 2133 3343 ε
2164 3305 2185 3339 ι
2214 3285 2411 3362 Verum
2439 3304 2560 3362 cum
2586 3289 2726 3342 nulla
2747 3303 2805 3342 re
2833 3285 3004 3360 tti'agis
3020 3307 3179 3359 quam
3205 3293 3474 3362 Evangelii
3502 3285 3736 3362 lectione

478 3351 826 3434 atﬁpveinur,
855 3373 965 3434 qua
992 3361 1058 3434 ad
1079 3351 1317 3434 ccclestis
1346 3370 1469 3434 vitae
1497 3357 1853 3434 imitationem
1878 3358 2230 3434 instituimur,
2259 3374 2368 3412 non
2403 3359 2647 3434 inutilem
2677 3351 3314 3434 nostram'operam‘fore
3337 3351 3730 3434 indicavimus,

482 3373 826 3427 adiuventur,
854 3373 965 3480 qua
992 3373 1058 3410 ao
1079 3373 1317 3436 cteIeStts
1346 3373 1469 3409 vitae
1497 3373 1853 3435 ttmtauouem
1878 3373 2230 3425 tusututmur,
2259 3374 2368 3412 non
2403 3373 2647 3411 inutilem
2677 3373 2918 3413 uosnram
2946 3377 3162 3427 operam
3199 3373 3314 3417 tore
3337 3373 3730 3434 judicavimus,

482 3433 529 3484 si
560 3426 806 3484 Graecam
828 3497 858 3503 __
903 3427 1241 3503 beophylacti
1273 3442 1325 3479 ιιι
1356 3425 1643 3503 Evangelia
1677 3428 2201 3503 interpretationem,
2247 3443 2512 3482 summam
2540 3428 2798 3503 _videlicet
2826 3433 3126 3503 quamdam
3160 3430 3327 3503 ferere
3354 3434 3735 3503 Cltt‘ysostomi

479 3497 894 3576 commentariis
931 3497 1266 3562 decerptam,
1296 3497 1506 3576 publice
1537 3498 1814 3576 legendam
1848 3497 2259 3563 emitteremus;
2307 3499 2609 3576 przcsertim
2657 3513 2777 3576 eum
2823 3501 2874 3551 in
2911 3516 2996 3576 ea,
3030 3517 3150 3568 qua:
3182 3503 3240 3576 in_
3273 3497 3522 3576 Latinum
3566 3523 3735 3576 supe-

479 3567 724 3639 rioribus
757 3568 915 3639 annis
945 3580 1095 3639 versa
1132 3577 1236 3639 est,
1272 3565 1431 3618 inulta
1460 3566 1658 3639 desint,
1688 3565 1840 3633 plura
1877 3580 2005 3619 vero
2037 3565 2320 3636 perperam
2355 3568 2626 3634 legantur,
2661 3568 2774 3619 sive
2808 3572 3003 3624 veteris
3032 3565 3383 3639 exemplaris,
3416 3576 3532 3629 sive
3563 3565 3736 3631 inter-

478 3637 650 3706 pretis
674 3652 733 3691 ea
767 3637 921 3703 culpa
953 3633 1325 3706 fuerital’lane
1354 3639 1453 3688 hoc
1484 3634 1830 3706 beneficium,
1863 3633 2349 3704 quantumcunque
2379 3633 2484 3700 est,
2517 3640 2659 3705 quod
2684 3648 2830 3691 certe
2852 3633 3257 3703 tnaximumest,
3286 3642 3438 3697 Pauli
3460 3644 3736 3703 llldivinte
3825 3678 3831 3683 -

477 3702 666 3760 virtuti
698 3702 942 3759 debetur.
970 3702 1217 3758 Pontifex
1248 3706 1579 3773 benignitate
1610 3705 1855 3774 insignis,
1884 3702 2041 3761 italus
2069 3708 2133 3759 ad
2176 3708 2409 3760 tollenda
2448 3702 2666 3759 humani
2701 3709 2913 3774 generis
2938 3702 3298 3772 incommoda,
3335 3726 3575 3769 veterem
3603 3702 3736 3771 con-1

480 3776 1063 3849 suetudinemservat,
1093 3776 1495 3849 excitatlmnas
1526 3776 1898 3849 artesquovis
1927 3786 2168 3849 suniptu,
2206 3778 2400 3849 quovis
2426 3777 2670 3844 prmmio,
2705 3778 2853 3841 facit,
2892 3791 2948 3832 ut
2977 3781 3067 3849 qui
3099 3784 3386 3849 pontiﬁces
3418 3785 3733 3840 beneﬁce"-

483 3848 572 3920 tiae
595 3844 753 3920 laude
775 3845 1137 3920 celebrantur,
1172 3859 1267 3899 eos
1304 3847 1409 3920 hac
1437 3856 1597 3920 aetate
1625 3845 1855 3920 minime
1871 3844 2273 3911 desideremus;
2308 3848 2485 3913 itaque
2510 3856 2753 3920 nostrum
2784 3857 2887 3920 est,
2930 3844 3062 3920 ιιιίεί
3099 3844 3205 3903 non
3239 3856 3400 3907 modo
3427 3867 3525 3920 pro
3554 3855 3737 3911 Theo-

481 3917 752 3996 phylacto,
780 3929 959 3996 'que'm
999 3915 1284 3996 habemus,
1321 3918 1413 3968 sed
1454 3919 1616 3996 etiam
1642 3983 1654 3996 .
1679 3929 1775 3996 pro
1820 3913 1904 3996 iis
1928 3926 2479 3996 quainexspectamus,
2515 3926 2571 3969 et
2615 3918 2742 3970 vitae
2775 3918 3209 3986 diuturnitatem,
3246 3932 3301 3978 et
3346 3913 3469 3993 quin
3524 3927 3733 3996 optima

478 3983 745 4039 habentur
778 3986 830 4039 in
866 3984 993 4052 vita,
1021 4000 1050 4038 a
1087 3984 1193 4039 Deo
1225 4000 1527 4054 precemur.
1563 3983 1764 4038 Valete.
1812 4002 1831 4035 ι
1863 3983 2028 4038 Εοιτ.
2054 3984 2228 4040 Pun.

2506 4150 2861 4168 mc

492 4147 1824 4171 ijmm
1847 4152 2490 4168 Μ

1761 4320 2468 4414 ADMONITIO

704 4522 776 4581 In
811 4518 1015 4581 varias
1044 4517 1353 4582 lectiones
1383 4534 1463 4580 ex
1491 4515 1820 4580 codicibus
1852 4515 1916 4575 S.
1950 4513 2142 4575 Marci
2170 4513 2430 4575 Venetis
2463 4521 2524 4575 et
2553 4514 2855 4579 Patavino
2888 4534 3020 4581 uno
3062 4520 3493 4601 depromptas.

2872 4155 3728 4183 ’.ν-...Μ

552 4845 731 4901 Variae
768 4846 1031 4903 lectiones
1061 4857 1179 4912 quzc
1218 4842 1270 4896 in
1329 4841 1718 4914 Theophylacti
1747 4841 2165 4898 Commentariis
2204 4843 2255 4897 iu
2300 4851 2536 4913 quatuor
2590 4842 2903 4914 Evangelia,
2936 4842 3236 4903 breviores.
3269 4843 3729 4915 prolixioresque,

476 4934 724 5005 plurimae
745 4940 1064 4997 occurrunt,
1091 4945 1159 4985 ex
1191 4927 1409 4986 Venetis
1437 4930 1716 4986 codicibus
1749 4929 2036 4985 Marcianis
2069 4930 2336 5001 quinque,
2364 4940 2421 4987 et
2451 4931 2712 4986 Patavine
2744 4946 2849 4985 uno
2882 4929 3099 4984 Sancta:
3132 4930 3361 4985 Justinz
3390 4935 3729 5000 desumptas,

477 5019 737 5085 benevolo
766 5018 1121 5086 studiosoque
1150 5014 1368 5070 Lectori
1400 5014 1645 5072 sistimus
1678 5030 1890 5085 omnes,
1914 5031 2034 5087 quae
2058 5019 2208 5075 bonae
2230 5020 2460 5090 alicujus
2490 5020 2661 5092 frugis
2686 5019 2816 5074 visae
2838 5029 2984 5073 sunt.
3015 5017 3198 5074 Primo
3226 5010 3395 5074 simul
3421 5019 3734 5076 oﬂeruntur

477 5108 619 5175 loco,
649 5122 785 5177 quas
810 5096 1378 5160 Veneti'bibliotbecze
1407 5104 1581 5159 sancti
1624 5103 1788 5160 Marci
1819 5107 2034 5161 codices
2062 5116 2345 5174 praestant,
2377 5106 2466 5171 26,
2495 5105 2588 5170 29,
2631 5106 2722 5169 '50,
2764 5104 2827 5158 5i
2871 5114 2924 5157 et
2958 5103 3050 5170 52,
3079 5114 3133 5158 et
3164 5105 3263 5158 has
3289 5106 3569 5174 excipiunt
3610 5108 3735 5162 alia:

477 5196 749 5264 decerpta!
778 5210 845 5249 ex
879 5193 1166 5247 Patavine.
1200 5193 1540 5260 Ejuseemodi
1574 5208 1704 5249 vero
1734 5193 2024 5249 lectionum
2054 5202 2148 5248 aut
2173 5205 2320 5248 certe
2354 5194 2635 5263 perspicua
2666 5192 2860 5246 alicubi
2895 5193 3121 5258 veritas,
3154 5203 3247 5246 aut
3274 5195 3475 5260 passim
3501 5195 3731 5260 utilitas,

476 5295 641 5353 atque
670 5282 904 5352 plurium
946 5284 1182 5337 fortasse
1228 5282 1581 5336 redundantia
1629 5290 1688 5338 ut.
1730 5285 2093 5345 innotescunt,
2136 5281 2328 5335 sedulo
2358 5279 2896 5334 animadvertendum
2937 5287 3043 5343 est,
3080 5287 3287 5332 textum
3318 5280 3591 5347 Grtreum,
3636 5286 3732 5352 qui

477 5383 588 5425 tum
620 5371 672 5424 in
699 5371 937 5425 editione
961 5368 1255 5424 Parisiensi
1290 5384 1433 5424 anno
1469 5370 1601 5424 i631
1636 5380 1847 5438 curata,
1878 5383 1987 5425 tum
2020 5369 2186 5424 etiam
2222 5370 2274 5425 in
2319 5367 2524 5424 Veneta
2567 5377 2747 5423 nostra
2792 5377 3020 5437 prostat,
3065 5366 3214 5421 illum
3263 5382 3388 5423 esse
3429 5371 3520 5438 qui
3555 5373 3732 5437 prima

475 5461 594 5515 vice
618 5473 759 5513 anno
786 5457 927 5513 1542
957 5458 1098 5530 typis
1138 5456 1395 5514 Romanis
1425 5457 1646 5528 prodiit,
1679 5474 1748 5513 ex
1777 5459 1962 5513 codice
1998 5457 2259 5512 Vaticano
2282 5465 2529 5524 sumptus
2558 5472 2572 5508 :
2607 5453 2963 5522 Latinumque
2988 5468 3019 5508 e
3050 5455 3270 5523 regione
3292 5456 3532 5521 positam
3556 5458 3735 5511 inter-

476 5544 836 5610 pretationem
882 5546 1109 5600 minime
1152 5559 1220 5600 ex
1271 5547 1461 5600 eodem
1498 5559 1808 5615 expressam
1840 5547 2050 5600 censeri
2091 5543 2315 5607 debere,
2340 5557 2461 5597 cum
2511 5556 2573 5596 ea
2612 5543 2687 5595 sit
2736 5555 2894 5608 quam
2954 5539 3190 5594 Joannes
3246 5540 3732 5612 (Eeolampadius,

474 5630 721 5686 Graecum
746 5632 904 5688 alium
935 5642 991 5689 et
1027 5631 1224 5689 alicubi
1259 5633 1662 5704 discrepantem
1710 5640 1915 5686 textum
1952 5633 2050 5685 sub
2089 5631 2277 5686 oculos
2307 5632 2512 5685 habens
2543 5630 2850 5694 adornavit,
2884 5642 2912 5680 a
2951 5627 3203 5697 Philippo
3233 5626 3491 5683 Montano
3534 5639 3732 5700 postea

475 5717 778 5774 Romanum
810 5729 1012 5776 textum
1039 5720 1353 5777 conferente
1375 5720 1689 5776 emendata.
1720 5717 1857 5773 Hinc
1883 5731 2010 5773 vero
2034 5717 2098 5770 ad
2132 5720 2311 5772 varias
2338 5717 2480 5786 quod
2509 5716 2704 5769 attinet
2746 5715 3025 5777 lectiones,
3071 5729 3205 5781 quas
3231 5730 3298 5769 ex
3329 5713 3550 5771 Venetis
3583 5715 3729 5772 Mar-

469 5805 642 5865 cianis
699 5806 978 5866 codicibus
1009 5807 1286 5881 diligentia
1321 5823 1536 5867 summa
1569 5807 1712 5864 eruit
1740 5805 2005 5876 Georgius
2033 5801 2402 5872 Constantini,
2432 5801 2653 5858 natione
2681 5799 2924 5866 Graecus,
2960 5813 3023 5854 ex
3050 5797 3319 5869 Joannina
3351 5805 3484 5860 urbe
3525 5804 3676 5877 Epiri
3706 5821 3726 5861 :
