4058 6470
349 416 446 481 137
1506 415 1585 477 IN
1626 414 1905 478 VARIAS
1935 409 2375 475 LECTIONES.
3491 409 3589 473 133

344 527 498 581 facile
533 541 597 582 ac
634 536 748 581 tuto
782 524 1027 596 quisquis
1061 540 1154 582 eas
1187 524 1447 581 attentius
1474 526 1768 597 expendat,
1806 522 2053 596 judicare
2084 524 2306 595 poterit,
2358 520 2637 577 abundare
2690 520 2849 587 alias,
2881 521 3201 592 plerumque
3234 522 3586 593 prolixiores,

341 629 515 682 neque
553 616 607 668 in
636 615 823 669 codice
853 613 1263 686 OEcola’mpadii
1294 619 1542 685 repertas
1568 629 1689 670 esse
1724 632 1737 670 :
1768 611 2036 685 aliasque,
2074 613 2326 668 videlicet
2352 609 2648 677 breviores,
2698 617 2945 667 exstasse
2989 609 3280 682 plerasque
3317 609 3373 667 in
3404 610 3593 666 eodem

336 700 746 772 (Ecolampadii
773 702 985 769 codice,
1020 712 1207 770 utpote
1234 701 1439 758 Latinae
1478 702 1648 773 ipsius
1697 700 2132 769 interpretationi
2170 698 2412 769 apprime
2455 697 2876 764 convenientes;
2921 705 2974 752 ct
3024 696 3161 753 alias
3204 699 3417 753 demum
3448 712 3593 767 esse,

337 790 491 860 queis
526 806 630 846 non
674 790 886 846 modico
920 791 1308 846 emolumento'
1331 799 1515 846 textus
1550 800 1781 860 uterque
1810 788 2107 858 corrigi'et
2138 784 2323 855 perlici
2371 785 2489 840 sine
2530 782 2699 839 dubio
2728 794 2930 855 potest.
2987 782 3127 839 Num
3153 799 3281 840 vero
3329 785 3594 842 lectiones

338 878 475 938 istas
506 877 970 950 Theophylactum
1003 879 1205 935 habere
1230 889 1536 951 parentem,
1578 878 1865 935 dicendum
1895 874 2099 932 luerit?
2128 874 2277 929 Nihil
2317 875 2518 939 obstat,
2547 873 2841 943 quominus
2872 874 3178 940 breviores,
3222 874 3339 929 fere
3380 889 3591 941 omnes,

336 980 528 1021 revera
547 966 832 1036 scripserit
857 967 943 1021 ille
973 984 987 1021 :
1019 981 1208 1021 verum
1240 982 1336 1022 nec
1364 969 1606 1021 abnuere
1633 976 1727 1021 aut
1762 966 2033 1029 volumus,
2061 970 2159 1017 aut
2205 962 2488 1029 audemus,
2533 961 2664 1032 quin
2693 960 2869 1032 ipsum
2919 960 3243 1030 prolixiores
3274 960 3469 1033 aliqua;
3495 963 3591 1018 de-

335 1062 499 1108 ceant
528 1053 693 1109 veluti
720 1063 1021 1121 auctorem,
1065 1070 1205 1126 quas
1248 1055 1436 1125 utique
1468 1065 1526 1111 et
1574 1063 1862 1110 contextus
1906 1051 2103 1109 alicubi
2135 1051 2426 1107 admittere
2450 1067 2514 1107 ac
2558 1066 2753 1108 sensus
2784 1050 3061 1122 postulare
3091 1052 3324 1107 videtur.
3363 1054 3433 1106 At
3478 1054 3596 1108 viro

334 1139 646 1195 clarissimo
674 1140 959 1210 plerasque
988 1141 1302 1196 tribuendas
1339 1158 1442 1197 non
1473 1158 1614 1208 esse,
1649 1157 1809 1197 nemo
1844 1157 1949 1196 non
1993 1140 2209 1210 colligat
2236 1156 2301 1196 ex
2330 1141 2444 1210 ipsa
2468 1138 2602 1213 styli
2634 1140 2930 1213 aliquando
2968 1140 3324 1211 discrepantis
3360 1141 3593 1207 ratione,

335 1226 426 1281 vel
449 1228 617 1282 etiam
658 1228 826 1283 nimia
861 1228 1230 1283 enarrationis
1260 1230 1573 1299 prolixitate
1611 1232 1708 1285 abs
1750 1229 1908 1300 genio
1938 1227 2332 1299 Theophylacti
2381 1228 2580 1293 aliena,
2615 1226 2699 1285 vel
2729 1227 2873 1282 nulla
2913 1227 3128 1282 demum
3161 1241 3281 1297 quae
3312 1238 3592 1295 appareat,

337 1313 633 1369 lectionum
670 1329 791 1369 cum
833 1317 1265 1386 praecedentibus
1300 1326 1354 1372 et
1395 1317 1856 1386 subsequentibus
1888 1316 2249 1371 connexione.
2299 1314 2524 1371 Fuerint
2560 1314 2735 1371 Graeci
2771 1314 3121 1387 posteriores,
3161 1316 3274 1386 qui,
3309 1315 3597 1386 Theophy-

337 1400 471 1455 laeti
500 1400 748 1464 studiosi,
782 1418 903 1456 cum
930 1417 1067 1471 opus
1096 1404 1213 1473 ejus
1259 1404 1757 1458 animadverterent
1787 1418 1857 1458 ex
1894 1401 2151 1470 aliorum,
2189 1402 2538 1473 maximeque
2587 1402 2985 1474 Cbrysostomi,
3022 1402 3179 1458 dictis
3221 1403 3596 1473 compilatum,

335 1488 614 1558 integrum
649 1488 753 1544 sibi
788 1502 910 1545 esse
943 1490 1215 1545 duxerunt
1244 1499 1303 1545 ut
1337 1490 1567 1560 margini
1599 1489 1989 1554 inscriberent,
2020 1505 2138 1560 quae
2179 1498 2369 1562 postea
2422 1490 2473 1544 in
2522 1499 2729 1544 textum
2780 1489 3069 1559 irrepsere,
3116 1488 3199 1544 vel
3236 1490 3477 1560 propria,
3516 1490 3600 1544 vel

335 1576 561 1632 aliunde
599 1587 810 1648 sumpta
838 1578 1208 1635 additamenta
1244 1598 1259 1633 :
1294 1580 1514 1649 quibus,
1545 1594 1665 1651 qum
1696 1581 1876 1636 minus
1905 1579 2075 1643 clara,
2107 1588 2198 1633 aut
2230 1586 2382 1633 certe
2409 1576 2674 1633 diminuta
2706 1575 3024 1639 videbantur
3069 1578 3126 1633 in
3157 1576 3599 1642 Commentariis,

334 1663 770 1720 illustrarentur.
804 1664 935 1732 Quae
960 1665 1087 1721 licet
1114 1666 1269 1723 nobis
1312 1668 1550 1723 arrideat
1594 1667 1888 1734 sententia,
1920 1668 2151 1734 pretium
2197 1675 2436 1721 attamen
2467 1679 2646 1736 Opera:
2687 1664 2815 1729 fuit,
2852 1674 2911 1720 ut
2951 1664 3225 1721 variantes
3261 1664 3598 1735 huiusmodi.

335 1751 459 1805 sive
488 1751 703 1817 breves,
735 1753 851 1808 sive
875 1751 1169 1823 longiores,
1203 1753 1325 1811 luce
1364 1754 1577 1825 publica
1609 1756 1959 1820 donaremus,
1992 1753 2220 1809 eruditis
2266 1752 2565 1809 lectoribus
2608 1751 2997 1821 relinquentes,
3034 1760 3089 1806 ut
3126 1766 3284 1808 suum
3316 1762 3371 1807 et
3402 1752 3504 1823 ipsi
3533 1753 3603 1807 de

338 1836 783 1906 hiscejudicium
818 1839 1017 1905 ferant,
1051 1856 1119 1895 ex
1146 1841 1462 1911 eisdemque
1490 1857 1828 1912 quaecunque
1857 1842 2073 1896 demum
2107 1846 2235 1906 sint,
2272 1841 2651 1912 qualecunque
2685 1855 2881 1911 capere
2912 1839 3338 1896 emolumentum
3364 1841 3602 1896 valeant.

337 1922 541 1979 Varias
580 1925 845 1991 lectiones
879 1940 943 1981 ex
985 1928 1173 1983 codice
1205 1928 1464 1984 Patavino
1491 1928 1909 1999 diligentissime
1956 1929 2303 1999 maximaque
2349 1930 2568 1984 solertia
2625 1928 2842 1998 collegit
2876 1942 3068 1984 omnes
3107 1928 3191 1982 vir
3242 1928 3603 1996 clarissimus,

333 2028 509 2082 quem
553 2015 776 2070 honoris
804 2030 969 2071 causa
1010 2018 1379 2083 nominamus,
1423 2017 1484 2071 D.
1522 2019 1849 2073 Athanasius
1886 2016 2247 2082 Peristianus,
2281 2015 2523 2087 ejusdem
2564 2026 2768 2072 sancta:
2808 2014 3034 2073 Justinzc
3067 2015 3367 2071 monachus
3395 2015 3604 2071 ordinis

345 2102 544 2157 Sancti
576 2100 879 2166 Benedicti,
912 2114 965 2160 et
1004 2105 1343 2160 bibliothecae
1382 2115 1570 2161 custos
1602 2122 1617 2159 :
1644 2120 1834 2160 earum
1867 2120 2016 2174 vero,
2050 2121 2184 2176 quas
2215 2106 2304 2162 hic
2333 2105 2547 2170 damus,
2600 2105 2868 2161 delectum
2921 2103 3048 2159 fecit
3078 2103 3141 2160 P.
3177 2103 3485 2160 Bonifacius
3513 2103 3605 2159 Fi-

336 2190 484 2245 netti
532 2191 711 2246 ordin.
754 2189 983 2247 Pmdic.
1020 2192 1094 2247 De
1124 2192 1330 2248 codicis
1375 2191 1533 2261 hujus
1562 2194 1897 2262 praestantia,
1946 2207 2107 2263 quam
2141 2193 2509 2263 peritissimus
2536 2195 2849 2249 Bernardus
2895 2192 3353 2258 llontl'auconius,
3395 2192 3606 2248 ordinis

334 2279 404 2333 S.
441 2277 722 2334 Benedicti
754 2290 936 2335 asceta
984 2278 1390 2350 Sanmauraeus,
1425 2281 1479 2337 in
1520 2280 1709 2337 Diario
1743 2280 1939 2337 Italico
1985 2288 2215 2338 testatus
2243 2288 2346 2346 est,
2386 2280 2502 2352 lege
2531 2296 2650 2352 ψιιε
2679 2280 2876 2352 praevia
2927 2280 2982 2335 in
3030 2278 3426 2336 Dissertatione
3459 2281 3605 2336 dicta

335 2377 476 2421 sunt
517 2382 668 2422 num.
708 2366 781 2423 52
819 2366 917 2439 (a).
958 2368 1129 2423 Porro
1175 2367 1293 2436 ejus
1322 2369 1505 2424 varias
1553 2369 1814 2425 lectiones
1866 2369 1937 2424 ita
1968 2367 2175 2424 Latina:
2206 2368 2615 2439 Olicolampadii
2651 2369 2913 2437 versioni,
2954 2368 3044 2424 ubi
3092 2368 3353 2424 intactam
3387 2368 3610 2438 reliquit

332 2468 468 2509 eam
506 2453 815 2521 Montanus,
848 2456 1050 2526 passim
1072 2457 1429 2523 conveniunt,
1454 2465 1516 2512 ut
1541 2458 1712 2512 codici
1742 2458 1957 2524 Graeco,
1993 2473 2100 2527 quo
2132 2473 2263 2514 usus
2295 2468 2381 2513 est
2406 2459 2615 2528 primus
2644 2458 2934 2527 interpres,
2970 2457 3075 2514 dici
3107 2456 3401 2512 Patavinus
3424 2458 3608 2513 multis

335 2543 405 2598 in
457 2542 595 2598 locis
639 2543 833 2599 debeat
880 2544 1225 2611 simillimus;
1253 2561 1442 2601 verum
1474 2554 1530 2601 et
1559 2545 1734 2616 ipsum
1773 2545 1969 2601 alicubi
2009 2545 2233 2617 corrigit
2269 2555 2325 2600 et
2364 2544 2601 2615 perlicit.
2644 2545 2824 2601 Unum
2859 2552 3129 2615 superest,
3169 2543 3234 2598 de
3267 2557 3375 2613 quo
3414 2542 3609 2598 Lector

337 2629 649 2686 benevolus
678 2640 951 2701 postremo
989 2632 1109 2686 loco
1139 2632 1515 2688 admonendus
1546 2640 1631 2687 est
1664 2648 1680 2689 :
1719 2634 2097 2689 adnotationes
2126 2648 2221 2689 eas
2242 2647 2458 2704 nempe,
2479 2639 2574 2687 aut
2595 2632 3027 2696 emendationes,
3065 2646 3201 2702 quas
3237 2630 3290 2686 in
3320 2630 3611 2686 Commen-

339 2719 509 2774 tariis
547 2720 613 2774 ad
665 2720 963 2792 marginem
1005 2721 1319 2778 inferiorem
1358 2722 1639 2792 appositas
1670 2722 1893 2793 exhibet
1923 2724 2088 2778 editio
2129 2719 2358 2786 Veneta,
2398 2722 2546 2776 edito
2594 2719 2845 2775 Romano
2886 2720 3056 2774 textui
3111 2718 3303 2774 Graeco
3338 2733 3611 2774 consonas

336 2822 474 2862 csse
509 2820 855 2878 :earumqne
894 2823 1000 2863 non
1035 2824 1234 2878 paucas
1286 2808 1630 2879 praetermitti
1661 2809 1927 2878 potuisse,
1973 2824 2097 2866 cum
2143 2808 2334 2864 Latina
2375 2811 2526 2880 prior
2557 2808 2962 2878 interpretatio,
3013 2821 3176 2877 quam
3202 2806 3479 2861 emendari
3517 2814 3616 2861 aut

342 2895 634 2951 meliorem
676 2895 792 2950 lieri
833 2898 1091 2952 censebat
1122 2898 1434 2962 adnotatur,
1473 2898 1688 2952 tametsi
1714 2913 1743 2952 a
1769 2897 2015 2953 Romano
2042 2907 2191 2955 textu
2232 2895 2470 2962 diﬁ'erat,
2519 2895 2854 2954 variantibus
2886 2904 3065 2952 tamen
3095 2894 3439 2962 lectionibus,
3475 2906 3613 2966 quas

346 2984 483 3041 aliis
510 3000 579 3043 ex
621 2985 904 3043 codicibus
926 2984 1131 3043 Graecis
1159 2987 1371 3055 damus,
1402 2986 1722 3058 plerumque
1749 2986 2057 3043 conveniat.

428 3186 513 3260 (α)
546 3185 815 3245 Versiculi
834 3197 1122 3260 sequentes
1154 3189 1208 3246 in
1242 3190 1342 3247 hoc
1377 3190 1562 3247 codice
1594 3200 1814 3248 exstant
1852 3198 1979 3247 ante
2000 3188 2464 3248 Commentarium
2495 3189 2548 3245 in
2573 3187 2835 3244 Joannem
2871 3207 2884 3241 :

1257 3319 1581 3385 Εὔληπτον
1609 3317 1884 3385 ἑξήγημα
1922 3313 2027 3369 τοῦ
2061 3307 2437 3385 Royal-raptae

1262 3384 1654 3458 Elian-c.1ng
1684 3384 1809 3443 τῶν
1835 3388 1985 3442 κατὰ
2035 3384 2327 3458 Ἰῳᾴτῖνηις
2355 3392 2371 3458 ς

1266 3462 1334 3530 ’ᾩ
1370 3449 1585 3531 εἰάτρὶς
1614 3454 1693 3531 ἦν
1722 3460 1972 3531 Εὐϐοίᾳ,
2002 3455 2099 3531 acui
2124 3449 2472 3531 ,ΒίρςηιργθιἸ

1266 3525 1435 3598 Θεῖος
1465 3530 1535 3583 δὲ
1564 3525 1807 3600 κλῆρος,
1839 3528 1939 3585 καὶ
1966 3526 2157 3597 τάφος
2187 3525 2550 3590 Βούλγαρία.

1265 3643 1577 3704 Ρητειατιιε
1607 3645 2035 3702 Commentarius
2062 3636 2442 3708 archiepiscopi
2478 3629 2749 3704 Bulgaria

1272 3715 1545 3790 Evangelii
1578 3719 1863 3790 secundum
1894 3714 2155 3790 Joannem
2179 3731 2199 3769 :

1266 3788 1368 3859 Qui
1391 3786 1566 3858 patria
1600 3789 1700 3859 fuit
1736 3787 1950 3859 Eubaza,
1979 3788 2085 3859 vita
2110 3786 2320 3859 litteris,

1268 3855 1400 3913 sm
1421 3855 1617 3925 dit-ina,
1646 3866 1692 3910 et
1718 3857 2013 3927 sepulcrum
2041 3855 2318 3926 Bulgaria.

432 3968 573 4026 Cum
605 3970 838 4026 dubitari
867 3971 953 4025 vix
985 3971 1176 4039 possit,
1202 3983 1300 4039 pro
1322 3967 1492 4024 Εὗοια
1510 3969 1795 4041 legendum
1824 3967 2027 4023 Εὔϐοια

2016 3988 2051 4034 ι,
2080 3967 2300 4035 Εαὸωα,
2328 3977 2384 4024 ut
2411 3969 2462 4024 in
2494 3968 2969 4041 Latinaversione
2990 3979 3363 4041 positumest;
3396 3971 3521 4028 hinc
3550 3986 3618 4029 ex

361 4041 473 4095 hoc
497 4041 688 4096 codice
738 4041 1140 4113 (praesertim_si
1175 4050 1339 4113 tanta;
1369 4042 1440 4095 sit
1466 4040 1831 4113 antiquitatis,
1864 4050 2083 4113 quanta:
2133 4040 2282 4094 illum
2319 4039 3186 4113 esseputavitMontl‘auconius),
3219 4041 3396 4113 valide
3418 4044 3622 4096 contir-

360 4122 547 4165 matur
576 4110 787 4166 sentent
800 4111 872 4176 ia,
910 4126 1030 4181 qua:
1055 4110 1522 4182 Theophylactum
1552 4110 1805 4182 Chalcide
1861 4110 2171 4182 ingEubwa,
2197 4125 2317 4182 seu_
2339 4111 2392 4165 in
2423 4110 2541 4182 alio
2567 4112 2822 4181 qu0piam
2849 4126 3013 4181 prope
3049 4110 3314 4179 Euripum
3342 4110 3619 4167 Chalcidi-

359 4197 486 4252 cum
519 4182 658 4246 loco,
697 4192 881 4252 ortum
910 4179 1031 4236 esse
1064 4179 1225 4236 tradit
1259 4179 1566 4251 {perquam
1593 4181 1741 4236 enim
1772 4179 2072 4252 verisimile
2098 4190 2201 4245 est,
2230 4179 2388 4248 hujus
2414 4179 2632 4236 Codicis
2659 4179 3005 4247 scriptorem,
3024 4196 3119 4238 seu
3148 4184 3458 4252 quicunque
3481 4184 3622 4239 alius

364 4251 997 4322 horumversiculorutng
1026 4262 1214 4307 auctor
1241 4253 1530 4317 exstiterit,
1558 4251 1831 4322 memoria:
1883 4251 2238 4322 consignasse
2296 4252 2349 4305 id
2408 4252 2548 4322 quod
2601 4251 2976 4322 pervulgatum
3023 4251 3180 4322 ierat’
3212 4266 3313 4307 suo
3361 4262 3620 4320 tempore,

357 4337 476 4402 quo
532 4320 1111 4445 veran'l'heopbylucti
1174 4323 1348 4391 patria
1402 4330 1529 4378 nota
1583 4320 1805 4377 cuilibet
1850 4334 1973 4377 esse
2006 4319 2165 4379 facile
2199 4328 2427 4393 poterat.
2457 4319 2571 4379 Hac
2602 4319 2691 4378 ’de
2747 4319 2820 4378 re'
2847 4322 2969 4379 vide
3009 4321 3454 4381 Dissertationem
3475 4319 3622 4395 prae-

365 4405 508 4445 νιίιιιι
552 4406 607 4445 η.
718 4429 735 4445 .
1384 4444 1389 4445 ,
3226 4430 3237 4445 ι

365 4405 508 4446 vtam
552 4406 607 4445 ΙΙ-
648 4405 673 4445 ι
691 4405 735 4448 Ι.

580 5937 855 5999 Panos.
889 5935 1010 5998 (in.
1045 5935 1316 5998 CXXIII.
3308 5933 3345 5993 ὖ
