4058 6470
477 369 587 438 «143

1364 371 1946 464 THEOPIIYLACTI
1990 372 2406 434 BULGARIE
2445 373 2799 436 ARCHIEP.

3635 376 3741 441 144

479 493 570 546 2|.
599 491 673 546 De
709 491 861 546 asina
904 499 952 544 et
992 489 1158 560 pullo.
1187 490 1260 545 De
1291 490 1498 546 claudis
1538 500 1586 546 et
1621 492 1794 548 ca’cis.
1834 491 1908 546 De
1952 491 2018 560 βι-

2161 486 2266 546 ua'.
2311 491 2450 559 Περὶ
2485 488 2594 559 τῆς
2625 489 2772 544 ὄνου
2800 487 2901 543 καὶ
2930 487 3038 544 τοῦ
3063 489 3294 546 πώλου.
3327 487 3468 560 Περὶ
3497 488 3619 545 τῶν
3648 511 3762 561 κω-

551 585 811 653 arefacta.
833 583 910 638 De
941 584 1265 652 principibus
1299 586 1634 637 sacerdotum
1662 594 1709 638 et
1740 584 2058 653 presbyteris

547 675 834 731 Dominum
889 673 1074 728 Iesum
1135 675 1606 745 interrogantibus.
1661 674 1928 730 Parabola
1994 677 2058 731 de

544 769 745 823 duobus
773 769 924 839 ﬁliis.
944 765 1215 822 Parabola
1245 768 1307 822 de
1337 769 1508 823 vinea.

473 953 564 1008 22.
587 953 664 1008 De
711 953 949 1008 inritatis
1000 953 1070 1006 ad
1115 952 1351 1021 nuptias.
1392 949 1468 1007 De
1498 953 1942 1024 interrogantibus
1991 953 2054 1006 ob

531 1063 775 1101 censum.
803 1045 875 1104 De
908 1045 1245 1101 S'adducwis.
1271 1044 1351 1100 De
1368 1046 1701 1115 jurisperito.
1725 1044 1798 1101 De
1831 1045 1987 1115 factis
2023 1061 2054 1100 a

537 1139 770 1194 Domino
796 1137 1324 1210 interrogationibus.

466 1319 559 1373 23.
592 1318 665 1374 De
687 1321 899 1377 miseria
934 1319 1350 1377 Pharisa'orum.

465 1410 557 1466 24.
593 1412 664 1466 De
686 1414 1152 1480 consummatione,
1172 1413 1259 1467 die
1287 1423 1332 1465 et
1360 1413 1510 1466 hora.

467 1501 563 1558 25.
599 1504 677 1559 De
704 1505 877 1560 decem
902 1503 1208 1575 uirginibus.
1232 1502 1498 1558 Parabola
1523 1517 1705 1557 eorum
1732 1503 1822 1572 qui
1853 1500 2049 1555 talenta

535 1605 859 1662 acceperunt.
886 1594 963 1650 De
984 1597 1207 1649 adventu
1236 1593 1454 1648 Christi.

461 1687 548 1742 26.
576 1687 656 1741 De
681 1687 992 1758 Magdalena
1019 1687 1297 1741 Dominum
1317 1695 1561 1758 ungeute.
1583 1685 1662 1741 De
1676 1684 1956 1740 Paschate.
1977 1685 2051 1739 De

531 1780 751 1849 mystica
785 1795 952 1835 ctena.
988 1778 1064 1834 De
1094 1780 1379 1836 traditione
1421 1778 1640 1834 Christi.
1666 1778 1742 1833 De
1771 1779 2046 1848 negatione

532 1869 707 1925 Petri.

459 2047 547 2104 27.
582 2048 658 2103 De
691 2048 879 2105 Pontio
909 2050 1085 2106 Pilato
1112 2051 1356 2122 praeside.
1378 2051 1452 2106 De
1476 2051 1834 2120 resipiscentia
1862 2050 2043 2108 ludar.

535 2137 611 2192 De
631 2140 1013 2211 [lagellatione,
1032 2143 1196 2212 ptenis
1217 2151 1266 2197 et
1290 2143 1629 2212 cruciﬁxione
1663 2141 1883 2198 Christi.
1898 2140 2045 2210 Quo-

533 2234 688 2286 modo
715 2233 938 2300 petitum
962 2234 1125 2303 fuerit
1166 2251 1353 2304 corpus
1387 2235 1598 2290 Domini
1630 2243 1686 2290 ut
1713 2236 2042 2306 sepeliretur,

527 2335 576 2378 et
599 2325 663 2378 tle
690 2325 930 2378 custodia
961 2326 1074 2396 ejus
1097 2326 1335 2396 sepulcro
1362 2327 1669 2382 constituta.

453 2501 548 2560 28.
576 2503 652 2559 De
669 2505 1050 2562 resurrectione
1075 2506 1308 2564 Domini.
1350 2509 1428 2564 De
1464 2509 1770 2566 custodibus
1789 2511 2038 2582 sepulcri,

526 2596 814 2670 iisdemque
850 2600 1248 2655 resurrectionis
1293 2603 1536 2660 testibus.
1570 2601 1648 2657 De
1707 2604 2040 2673 apparitione

527 2689 726 2748 Christi
753 2689 902 2760 facta
931 2693 1189 2763 apostolis
1217 2703 1266 2750 et
1295 2695 1605 2752 mulieribus
1635 2696 1690 2752 in
1715 2693 1960 2753 Galiltea.

462 2966 735 3002 ξ’

2244 583 2371 638 λῶν
2392 584 2490 637 καὶ
2516 582 2784 652 τυφλῶν.
2811 582 2953 652 Περὶ
2975 583 3086 653 τῆς
3107 583 3509 653 ξηρανθείσης
3535 583 3758 654 συκῆς.

2237 678 2378 746 Περὶ
2423 675 2544 730 τῶν
2587 675 3020 745 ἐπερωτώντων
3057 676 3167 731 τὸν
3193 678 3415 746 Κύριον
3437 679 3764 748 ἀρχιερέων

2234 767 2332 822 καὶ
2377 766 2824 836 πρεσϐυτέρων.
2886 765 3028 834 Περὶ
3076 763 3197 820 τῶν
3240 765 3350 821 δύο
3400 765 3546 821 υιῶν
3572 783 3762 837 παρα-

2235 858 2406 926 ϐολή.
2445 858 2582 926 Περὶ
2613 858 2718 913 τοῦ
2743 857 3125 927 ἀμπελῶνος.

2162 950 2267 1023 κβν.
2311 950 2449 1021 Περὶ
2491 950 2612 1005 τῶν
2659 949 3055 1020 καλουμένων
3092 953 3180 1018 είς
3221 950 3329 1006 τὸν
3367 949 3584 1024 τάμον.
3615 953 3755 1024 Περὶ

2230 1043 2742 1114 ἐπερωτησάντων
2788 1043 2888 1099 διὰ
2949 1045 3055 1098 τὸν
3111 1043 3370 1114 κῆνσον.
3431 1045 3573 1114 Περὶ
3630 1048 3752 1101 τῶν

2232 1137 2677 1194 Σαδδουκαίων.
2727 1135 2870 1208 Περὶ
2907 1136 3012 1192 τοῦ
3054 1137 3550 1207 ἐπερωτήσαντος
3588 1158 3755 1212 νομιο

2231 1230 2362 1286 κοῦ.
2398 1229 2539 1299 Περὶ
2568 1228 2687 1284 τῶν
2711 1228 2822 1284 τοῦ
2849 1229 3075 1297 Κυρίου
3101 1229 3549 1299 ἐπερωτήσεων.

2159 1323 2266 1388 κγ’.
2305 1318 2445 1388 Περὶ
2476 1318 2582 1373 τοῦ
2609 1318 2986 1389 ταλανισμοῦ
3007 1317 3127 1372 τῶν
3157 1321 3516 1389 Φαρισαίων.

2158 1407 2256 1463 κδ’.
2299 1408 2441 1478 Περὶ
2466 1425 2578 1478 της
2605 1409 2989 1475 συντελείας,
3031 1407 3258 1480 ἡμέρας
3295 1411 3396 1465 καὶ
3431 1410 3587 1481 ὧρας

2157 1501 2253 1556 κε’.
2287 1503 2424 1570 Περὶ
2446 1501 2564 1556 τῶν
2583 1501 2728 1558 δέκα
2741 1502 3072 1572 παρθένων.
3093 1502 3228 1573 Περὶ
3254 1503 3372 1558 τῶν
3388 1504 3462 1559 τὰ
3483 1505 3752 1562 τάλαντα

2223 1591 2552 1646 λαϐόντων.
2601 1593 2740 1662 Περὶ
2775 1592 2884 1661 τῆς
2912 1593 3217 1660 ἐλεύσεως
3246 1594 3351 1649 τοῦ
3381 1596 3666 1663 Χριστοῦ.

2157 1689 2268 1748 κςη
2312 1684 2452 1752 Περὶ
2486 1683 2595 1754 τῆς
2620 1684 2966 1753 άλειψάσης
2991 1685 3102 1740 τὸν
3129 1687 3350 1755 Κύριον
3376 1689 3564 1756 μύρῳ.
3610 1687 3748 1758 Περὶ

2230 1772 2348 1829 τοῦ
2385 1773 2621 1845 Πάσχα.
2651 1776 2793 1845 Περὶ
2827 1774 2934 1830 τοῦ
2955 1776 3260 1846 μυστικοῦ
3291 1777 3563 1834 δείπνου.
3603 1780 3745 1848 Περὶ

2225 1864 2337 1934 τῆς
2362 1865 2751 1936 παραδόσεως
2783 1867 2890 1923 τοῦ
2917 1866 3200 1937 Χριστοῦ.
3233 1869 3373 1937 Περὶ
3413 1869 3525 1940 τῆς
3553 1869 3741 1942 ἀρνιξ-

2223 1975 2379 2027 σεως
2413 1960 2519 2016 τοῦ
2550 1959 2801 2030 Πέτρου.

2149 2049 2255 2115 κζ’.
2299 2051 2439 2120 Περὶ
2467 2050 2576 2106 τοῦ
2602 2053 2896 2123 ἡγεμόνος
2927 2053 3213 2111 Πιλάτου.
3237 2055 3377 2126 Περὶ
3403 2055 3516 2125 τῆς
3552 2055 3741 2111 Ἰούδα

2213 2147 2635 2214 μεταμελείας.
2668 2145 2808 2215 Περὶ
2843 2145 2952 2202 τοῦ
2981 2147 3268 2219 αἱκισμοῦ
3312 2149 3409 2204 καὶ
3448 2147 3742 2219 τιμωριῶν

2221 2235 2326 2291 τοῦ
2365 2237 2648 2306 Χριστοῦ,
2685 2238 2784 2292 καὶ
2814 2239 3236 2308 σταυρώσεως.
3267 2241 3409 2312 Περὶ
3437 2241 3549 2311 τῆς
3578 2243 3743 2309 alni-

2213 2343 2375 2396 σεως
2423 2329 2532 2385 τοῦ
2567 2328 2844 2402 σώματος
2877 2331 2984 2387 τοῦ
3014 2334 3266 2404 Κυρίου,
3317 2334 3416 2389 καὶ
3449 2334 3742 2406 φυλάκων

2216 2417 2325 2474 τοῦ
2365 2419 2579 2491 τάφου.

2145 2518 2253 2586 κη’.
2291 2515 2430 2584 Περὶ
2473 2513 2583 2584 τῆς
2605 2513 2714 2570 τοῦ
2744 2515 2969 2586 Κυρίου
3003 2516 3419 2587 ἀναστάσεως.
3448 2517 3590 2589 Περὶ
3618 2517 3740 2576 τῶν

2212 2607 2508 2677 φυλάκων
2547 2609 2656 2666 τοῦ
2702 2609 2917 2680 τάφου,
2965 2612 3286 2682 μαρτύρων
3315 2611 3426 2683 τῆς
3470 2613 3737 2669 ἀναστά-

2211 2713 2385 2766 σεως.
2431 2700 2572 2770 Περὶ
2597 2699 2711 2770 τῆς
2739 2701 3123 2773 ἐμφανίσεως
3148 2702 3257 2758 τοῦ
3305 2703 3563 2773 Χριστοῦ
3608 2703 3734 2771 τοῖς

2221 2791 2595 2860 ἀποστόλοις
2622 2793 2723 2848 καὶ
2749 2793 3034 2864 γυναιξὶν
3064 2793 3135 2848 ἐν
3167 2796 3485 2864 Γαλιλαίᾳ.
3521 2785 3534 2795 ⁸

758 2973 3700 3022 mm:

976 3418 1152 3507 ΕΙΣ
1229 3421 1378 3508 ΤΟ
1432 3422 1734 3512 ΚΑΤΑ
1805 3427 2395 3520 ΜΑΤΘΑΙΟΝ
2467 3426 3206 3523 ΕΥΑΓΓΕΛΙΟΝ.

1134 3937 1138 3940 _
1277 3850 1282 3854 -
1667 3783 2504 3907 ENARRATIO
3135 3793 3173 3830 κ

1217 4019 1347 4110 ΙΝ
1422 4020 2027 4118 EVANGELI
2057 4028 2219 4118 UM
2291 4021 2922 4126 MATTHIEI.

999 4377 1045 4448 ι
1082 4377 1469 4438 PRASFATIO.

507 4487 683 4557 Magni
703 4488 913 4560 quidem
939 4489 1034 4558 illi,
1062 4501 1220 4565 atque
1236 4493 1404 4550 divini
1434 4495 1560 4565 viri,
1588 4497 1678 4568 qui
1699 4509 1822 4556 ante
1838 4501 2018 4557 datam

435 4580 574 4635 Mosi
599 4579 768 4651 legem
787 4580 994 4648 vixere,
1014 4599 1119 4639 non
1148 4601 1213 4640 ex
1245 4585 1438 4642 litteris
1459 4597 1512 4642 et
1544 4587 1695 4644 libris
1716 4591 2017 4660 discebant,

433 4672 530 4726 sed
566 4673 761 4727 munda
790 4675 1226 4744 praeditheute
1278 4679 1455 4734 sancti
1507 4679 1743 4750 Spiritus
1789 4683 2017 4739 illustrao

419 4765 580 4820 »tione
620 4765 1086 4834 illuminabaulur,
1131 4779 1294 4839 atque
1340 4770 1394 4826 in
1434 4772 1580 4827 hunc
1619 4775 1859 4840 modum,
1906 4777 2017 4832 Deo

415 4857 567 4928 ipsis
601 4873 694 4914 ore
721 4859 788 4914 ad
816 4875 878 4916 os
911 4860 1274 4932 colloquente.
1304 4879 1425 4934 quae
1449 4863 1561 4922 Deo
1604 4865 1801 4937 placita
1835 4879 2011 4937 erant,

431 4954 845 5021 cognoscebant.
895 4954 1053 5010 Tales
1098 4965 1256 5010 erant
1303 4955 1443 5024 Noe,
1510 4958 1810 5027 Abraham,
1883 4961 2009 5030 Job,

431 5045 627 5100 Moses.
655 5049 722 5099 At
755 5058 1043 5118 postquam
1073 5048 1375 5106 deteriores
1417 5049 1543 5106 facti
1581 5062 1707 5108 sunt
1738 5055 2008 5123 homines,

429 5147 485 5193 et
522 5138 722 5206 indigni
764 5139 856 5210 qui
905 5156 933 5195 a
991 5141 1200 5207 Spiritu
1255 5153 1444 5200 sancto
1499 5144 1906 5202 illustrarentur
1956 5159 2012 5204 et

430 5233 772 5294 docerentur,
842 5236 1113 5290 concessit
1186 5235 1402 5292 tandem
1479 5240 1792 5296 misericors
1866 5241 2009 5297 Deus

426 5323 759 5393 Scripturas,
788 5336 843 5380 ut
873 5329 953 5381 vel
987 5343 1082 5398 per
1134 5327 1255 5383 illas
1284 5330 1480 5386 divina:
1507 5331 1804 5387 voluntatis
1826 5343 2006 5388 essent

426 5431 714 5472 memores.
754 5416 828 5470 Ita
860 5426 913 5471 et
941 5417 1188 5474 Christus
1244 5421 1505 5488 apostolis
1559 5437 1744 5477 coram
1799 5423 1854 5478 in
1906 5437 2005 5478 sua

422 5522 649 5578 persona
715 5508 923 5564 locutus
977 5519 1083 5575 est,
1129 5518 1181 5566 et
1233 5512 1467 5581 Spiritus
1523 5515 1696 5569 sancti
1776 5516 2004 5585 gratiam

2713 4403 3116 4461 HPOOIMION.

2193 4510 2255 4563 Ol
2293 4509 2390 4582 μὲν
2421 4513 2527 4586 πρὸ
2555 4515 2648 4570 τοῦ
2677 4518 2843 4589 νόμου
2878 4520 3078 4577 ἐκεῖνοι
3114 4522 3247 4578 Θεῖοι
3278 4525 3491 4596 ἄνδρες,
3522 4528 3584 4582 οὐ
3617 4528 3707 4583 διὰ

2120 4601 2463 4671 γραμμάτων
2494 4606 2588 4660 καὶ
2622 4605 2843 4677 βιόλέων
2875 4612 3215 4668 ἐδιδάσκοντο
3236 4632 3249 4646 ’
3283 4617 3420 4672 ἀλλὰ
3451 4619 3703 4691 καθαράν

2118 4691 2334 4762 ἔχοντες
2371 4694 2470 4766 τὴν
2513 4697 2775 4768 διάνοιαν,
2819 4705 2886 4774 τῇ
2929 4704 3026 4758 τοῦ
3070 4708 3339 4776 παναγίου
3386 4710 3703 4781 Πνεῦματος

2116 4783 2443 4851 ὲφωτίζοντο
2478 4786 2742 4860 ἐλλάμψει
2763 4809 2776 4822 ·
2811 4794 2904 4846 καὶ
2941 4794 3084 4850 οὕτω
3111 4798 3182 4851 τὰ
3211 4798 3305 4851 τοῦ
3341 4799 3474 4853 Θεοῦ
3508 4802 3704 4870 ἐγίνω-

2117 4891 2245 4928 σκον
2293 4875 2610 4949 θελήματα,
2657 4883 2827 4938 αὑτοῦ
2883 4887 3096 4940 ἐκείνου
3151 4889 3470 4960 ὁμιλοῦντος
3513 4895 3704 4960 αὐτοῖς

2115 4970 2291 5040 στόμα
2325 4972 2464 5027 κατὰ
2495 4976 2671 5046 στόμα
2695 4991 2711 5007 ο
2743 4975 3081 5051 τοιοῦτος.ἦν
3109 4983 3138 5035 6
3167 4981 3314 5051 Νῶε,
3346 4986 3375 5038 6
3407 4985 3698 5058 Ἀϐραὰμ,

2109 5063 2138 5115 6
2168 5061 2316 5128 Ἰὼϐ,
2346 5067 2374 5118 6
2402 5066 2662 5136 Μωῦσῆς.
2699 5069 2856 5124 Ἐπεὶ
2881 5070 2936 5124 δὲ
2967 5073 3276 5146 ἡσθένησαν
3308 5077 3356 5130 oi
3385 5078 3697 5150 ἄνθρωποι,

2111 5151 2205 5205 καὶ
2246 5153 2455 5220 ἀνάξιοι
2496 5150 2636 5226 ἦσαν
2676 5159 3010 5227 φωτίζεσθαι
3057 5165 3153 5218 καὶ
3195 5166 3545 5223 διδάσκεσθαι
3592 5172 3697 5226 ὑπὸ

2107 5243 2202 5298 τοῦ
2237 5245 2394 5314 ἁγίου
2428 5247 2745 5318 Πνεῦματος
2766 5291 2781 5316 ,
2813 5252 3052 5308 δέδωκεν
3081 5257 3109 5309 6
3144 5258 3530 5332 φιλάνθρωπος
3561 5263 3696 5328 Θεὸς

2107 5335 2203 5401 τὰς
2241 5337 2462 5407 Γραφὰς
2483 5378 2498 5402 ,
2536 5339 2623 5393 ἵνα
2660 5341 2763 5395 κᾶν
2796 5342 2884 5396 διὰ
2918 5345 3126 5402 τούτων
3159 5349 3691 5424 ὑπομιμνήσκωνται

2105 5427 2215 5481 τῶν
2242 5427 2335 5481 τοῦ
2365 5428 2500 5482 Θεοῦ
2534 5430 2858 5503 θελημάτων
2882 5454 2896 5469 ο
2927 5438 3071 5492 οὕτω
3102 5442 3196 5495 καὶ
3224 5444 3252 5496 6
3282 5444 3550 5516 Χριστὸς,
3578 5450 3695 5512 τοῖς

2109 5518 2208 5589 μὲν
2253 5520 2573 5586 ἀποστόλοις
2619 5524 3066 5598 αὑτοπροσώπως
3124 5531 3400 5604 ὡμίλησε,
3453 5537 3545 5590 καὶ
3590 5537 3691 5609 τὴν

422 5600 570 5656 misit
615 5601 694 5656 eis
731 5600 1042 5670 magistram
1078 5601 1175 5672 (α).
1217 5600 1438 5670 Verum,
1469 5606 1724 5674 quoniam
1771 5606 2005 5663 bmreses

2158 5610 2196 5662 ιῦ
2243 5610 2562 5682 Πνεύμοιτος
2609 5615 2771 5687 χάριν
2816 5617 3141 5674 διδάσκαλον
3177 5600 3686 5696 αὐτοῖς-επεμψεν.

417 5692 758 5763 pullulatura:
782 5702 960 5763 erant,
987 5703 1043 5750 et
1071 5708 1255 5751 mores
1286 5699 1461 5752 nostri
1487 5697 1877 5769 corrumpendi
1897 5697 1999 5772 (ὁ),

489 5849 566 5922 (ιι)
596 5849 656 5906 ln
694 5849 834 5908 Edit.
878 5849 1186 5924 Lutetiana,
1215 5855 1444 5926 gratiam
1465 5855 1610 5912 misit
1638 5857 1895 5914 doctoris.

2117 5700 2270 5755 Ἐπεὶ
2293 5703 2350 5756 δὲ
2380 5703 2520 5774 μετὰ
2541 5704 2717 5761 ταῦτα
2739 5707 2966 5779 ἔμελλον
2987 5711 3230 5783 αἱρέσεις
3252 5715 3686 5788 ἀναϐλαστῆσαι,

2194 5859 2267 5930 (b)
2309 5859 2447 5918 ibid.
2476 5878 2594 5934 qua:
2621 5879 2790 5922 mores
2824 5877 3030 5925 nostros
3053 5869 3484 5941 depascerentur.
