  <div class='ocr_page' id='page_1' title='image "/cluster/home/n/w/nwhite01/storage/ocr_20150623/123/hvd.32044019208198/080.png"; bbox 0 0 4058 6470; ppageno 0'>
   <div class='ocr_carea' id='block_1_1' title="bbox 1381 276 1514 288">
    <p class='ocr_par' dir='ltr' id='par_1_1' title="bbox 1381 276 1514 288">
     <span class='ocr_line' id='line_1_1' title="bbox 1381 276 1514 288; baseline 0.008 -1"><span class='ocrx_word' id='word_1_1' title='bbox 1381 276 1514 288; x_wconf 51' lang='grc' dir='ltr'><strong>’θ’θ’</strong></span> 
     </span>
    </p>
   </div>
   <div class='ocr_carea' id='block_1_2' title="bbox 279 386 369 451">
    <p class='ocr_par' dir='ltr' id='par_1_2' title="bbox 279 386 369 451">
     <span class='ocr_line' id='line_1_2' title="bbox 279 386 369 451; baseline -0.011 0"><span class='ocrx_word' id='word_1_2' title='bbox 279 386 369 451; x_wconf 78' lang='grc'><strong>145</strong></span> 
     </span>
    </p>
   </div>
   <div class='ocr_carea' id='block_1_3' title="bbox 925 379 1866 446">
    <p class='ocr_par' dir='ltr' id='par_1_3' title="bbox 925 381 1866 446">
     <span class='ocr_line' id='line_1_3' title="bbox 925 381 1866 446; baseline -0.001 -4"><span class='ocrx_word' id='word_1_3' title='bbox 925 383 1285 444; x_wconf 72' lang='lat' dir='ltr'><strong>ENARRAT</strong></span> <span class='ocrx_word' id='word_1_4' title='bbox 1297 383 1372 444; x_wconf 84' lang='lat'><strong>[0</strong></span> <span class='ocrx_word' id='word_1_5' title='bbox 1415 383 1495 444; x_wconf 79' lang='grc' dir='ltr'>ΙΝ</span> <span class='ocrx_word' id='word_1_6' title='bbox 1538 381 1866 446; x_wconf 84' lang='lat' dir='ltr'><strong>EVANGE]</strong></span> 
     </span>
    </p>
   </div>
   <div class='ocr_carea' id='block_1_4' title="bbox 1971 379 2867 446">
    <p class='ocr_par' dir='ltr' id='par_1_4' title="bbox 1971 379 2867 443">
     <span class='ocr_line' id='line_1_4' title="bbox 1971 379 2867 443; baseline 0 -4"><span class='ocrx_word' id='word_1_7' title='bbox 1971 379 2046 440; x_wconf 78' lang='grc' dir='ltr'>[Μ</span> <span class='ocrx_word' id='word_1_8' title='bbox 2082 382 2472 442; x_wconf 67' lang='grc' dir='ltr'><strong>ΜΛΤἹἭΕΙ.</strong></span> <span class='ocrx_word' id='word_1_9' title='bbox 2517 406 2584 414; x_wconf 93' lang='grc'><strong><em>--</em></strong></span> <span class='ocrx_word' id='word_1_10' title='bbox 2623 381 2782 443; x_wconf 76' lang='lat' dir='ltr'><strong>CAP.</strong></span> <span class='ocrx_word' id='word_1_11' title='bbox 2819 381 2867 440; x_wconf 89' lang='grc' dir='ltr'>Ι.</span> 
     </span>
    </p>
   </div>
   <div class='ocr_carea' id='block_1_5' title="bbox 3419 379 3524 442">
    <p class='ocr_par' dir='ltr' id='par_1_5' title="bbox 3419 379 3524 442">
     <span class='ocr_line' id='line_1_5' title="bbox 3419 379 3524 442; baseline -0.019 0"><span class='ocrx_word' id='word_1_12' title='bbox 3419 379 3524 442; x_wconf 62' lang='grc'><strong>156</strong></span> 
     </span>
    </p>
   </div>
   <div class='ocr_carea' id='block_1_6' title="bbox 271 488 1866 567">
    <p class='ocr_par' dir='ltr' id='par_1_6' title="bbox 271 491 1866 567">
     <span class='ocr_line' id='line_1_6' title="bbox 271 491 1866 567; baseline -0.007 -13"><span class='ocrx_word' id='word_1_13' title='bbox 271 500 355 555; x_wconf 78' lang='grc' dir='ltr'>καὶ</span> <span class='ocrx_word' id='word_1_14' title='bbox 382 496 445 550; x_wconf 79' lang='grc' dir='ltr'><strong>τά</strong></span> <span class='ocrx_word' id='word_1_15' title='bbox 475 494 580 567; x_wconf 69' lang='grc' dir='ltr'>ἢθη</span> <span class='ocrx_word' id='word_1_16' title='bbox 616 491 770 565; x_wconf 75' lang='grc' dir='ltr'>ἡμῶν</span> <span class='ocrx_word' id='word_1_17' title='bbox 800 492 1167 564; x_wconf 64' lang='grc' dir='ltr'>διαφθαρῆναι</span> <span class='ocrx_word' id='word_1_18' title='bbox 1239 492 1504 562; x_wconf 79' lang='grc' dir='ltr'>εὐδόκησε</span> <span class='ocrx_word' id='word_1_19' title='bbox 1539 491 1820 565; x_wconf 79' lang='grc' dir='ltr'>γραφῆναι</span> <span class='ocrx_word' id='word_1_20' title='bbox 1849 498 1866 551; x_wconf 70' lang='lat'><strong>1</strong></span> 
     </span>
    </p>
   </div>
   <div class='ocr_carea' id='block_1_7' title="bbox 1971 488 3518 567">
    <p class='ocr_par' dir='ltr' id='par_1_7' title="bbox 1971 488 3518 561">
     <span class='ocr_line' id='line_1_7' title="bbox 1971 488 3518 561; baseline 0.001 -16"><span class='ocrx_word' id='word_1_21' title='bbox 1971 504 2102 557; x_wconf 70' lang='lat' dir='ltr'><strong>pera:</strong></span> <span class='ocrx_word' id='word_1_22' title='bbox 2141 488 2372 561; x_wconf 91' lang='lat' dir='ltr'><strong>pretium</strong></span> <span class='ocrx_word' id='word_1_23' title='bbox 2428 491 2604 546; x_wconf 87' lang='lat' dir='ltr'><strong>visum</strong></span> <span class='ocrx_word' id='word_1_24' title='bbox 2661 500 2784 556; x_wconf 92' lang='lat' dir='ltr'><strong>est,</strong></span> <span class='ocrx_word' id='word_1_25' title='bbox 2836 491 2888 560; x_wconf 76' lang='lat'><strong>2</strong></span> <span class='ocrx_word' id='word_1_26' title='bbox 2929 497 2988 546; x_wconf 84' lang='grc' dir='ltr'><strong>ιιι</strong></span> <span class='ocrx_word' id='word_1_27' title='bbox 3016 489 3386 546; x_wconf 85' lang='lat' dir='ltr'><strong>scriberentur</strong></span> <span class='ocrx_word' id='word_1_28' title='bbox 3462 502 3518 546; x_wconf 89' lang='lat' dir='ltr'><strong>et</strong></span> 
     </span>
    </p>
   </div>
   <div class='ocr_carea' id='block_1_8' title="bbox 270 583 1832 656">
    <p class='ocr_par' dir='ltr' id='par_1_8' title="bbox 270 583 1832 656">
     <span class='ocr_line' id='line_1_8' title="bbox 270 583 1832 656; baseline -0.007 -10"><span class='ocrx_word' id='word_1_29' title='bbox 270 593 330 646; x_wconf 75' lang='grc' dir='ltr'><strong>τά</strong></span> <span class='ocrx_word' id='word_1_30' title='bbox 356 587 654 656; x_wconf 81' lang='grc' dir='ltr'>Εὐαγγέλια</span> <span class='ocrx_word' id='word_1_31' title='bbox 676 625 691 650; x_wconf 92' lang='grc'><strong>,</strong></span> <span class='ocrx_word' id='word_1_32' title='bbox 722 585 813 638; x_wconf 79' lang='grc' dir='ltr'>ἵνα</span> <span class='ocrx_word' id='word_1_33' title='bbox 841 585 905 636; x_wconf 81' lang='grc' dir='ltr'>ὲκ</span> <span class='ocrx_word' id='word_1_34' title='bbox 931 583 1137 637; x_wconf 86' lang='grc' dir='ltr'>τούτων</span> <span class='ocrx_word' id='word_1_35' title='bbox 1162 583 1545 655; x_wconf 80' lang='grc' dir='ltr'><strong>διδασκόμενοι</strong></span> <span class='ocrx_word' id='word_1_36' title='bbox 1571 585 1672 652; x_wconf 79' lang='grc' dir='ltr'>τὴν</span> <span class='ocrx_word' id='word_1_37' title='bbox 1698 583 1832 654; x_wconf 80' lang='grc' dir='ltr'>ἀλή-</span> 
     </span>
    </p>
   </div>
   <div class='ocr_carea' id='block_1_9' title="bbox 271 665 1830 752">
    <p class='ocr_par' dir='ltr' id='par_1_9' title="bbox 271 665 1830 752">
     <span class='ocr_line' id='line_1_9' title="bbox 271 665 1830 752; baseline -0.007 -13"><span class='ocrx_word' id='word_1_38' title='bbox 271 665 438 748; x_wconf 76' lang='grc' dir='ltr'>θειαν,</span> <span class='ocrx_word' id='word_1_39' title='bbox 471 679 546 752; x_wconf 78' lang='grc' dir='ltr'>μὴ</span> <span class='ocrx_word' id='word_1_40' title='bbox 579 676 989 750; x_wconf 85' lang='grc' dir='ltr'>παρασυρῶμεν</span> <span class='ocrx_word' id='word_1_41' title='bbox 1019 676 1126 731; x_wconf 76' lang='grc' dir='ltr'><strong>ὑπὸ</strong></span> <span class='ocrx_word' id='word_1_42' title='bbox 1151 676 1246 730; x_wconf 83' lang='grc' dir='ltr'>τοῦ</span> <span class='ocrx_word' id='word_1_43' title='bbox 1279 675 1512 747; x_wconf 83' lang='grc' dir='ltr'>ψεύδους</span> <span class='ocrx_word' id='word_1_44' title='bbox 1537 677 1648 730; x_wconf 85' lang='grc' dir='ltr'><strong>τῶν</strong></span> <span class='ocrx_word' id='word_1_45' title='bbox 1675 674 1830 746; x_wconf 82' lang='grc' dir='ltr'>αἱρέ-</span> 
     </span>
    </p>
   </div>
   <div class='ocr_carea' id='block_1_10' title="bbox 271 768 1836 845">
    <p class='ocr_par' dir='ltr' id='par_1_10' title="bbox 271 768 1836 845">
     <span class='ocr_line' id='line_1_10' title="bbox 271 768 1836 845; baseline -0.012 -14"><span class='ocrx_word' id='word_1_46' title='bbox 271 794 414 839; x_wconf 84' lang='grc' dir='ltr'>σεων,</span> <span class='ocrx_word' id='word_1_47' title='bbox 441 772 573 845; x_wconf 79' lang='grc' dir='ltr'>μηδὲ</span> <span class='ocrx_word' id='word_1_48' title='bbox 600 769 880 831; x_wconf 79' lang='grc' dir='ltr'><strong>παντελῶς</strong></span> <span class='ocrx_word' id='word_1_49' title='bbox 903 769 1246 841; x_wconf 76' lang='grc' dir='ltr'><strong>διαφθαρῶσι</strong></span> <span class='ocrx_word' id='word_1_50' title='bbox 1269 768 1337 823; x_wconf 90' lang='grc' dir='ltr'><strong>τά</strong></span> <span class='ocrx_word' id='word_1_51' title='bbox 1362 769 1468 841; x_wconf 67' lang='grc' dir='ltr'>ἤθη</span> <span class='ocrx_word' id='word_1_52' title='bbox 1497 771 1676 841; x_wconf 77' lang='grc' dir='ltr'>ἡμῶν.</span> <span class='ocrx_word' id='word_1_53' title='bbox 1701 769 1836 822; x_wconf 82' lang='grc' dir='ltr'>Τέσ-</span> 
     </span>
    </p>
   </div>
   <div class='ocr_carea' id='block_1_11' title="bbox 271 859 1836 940">
    <p class='ocr_par' dir='ltr' id='par_1_11' title="bbox 271 859 1836 940">
     <span class='ocr_line' id='line_1_11' title="bbox 271 859 1836 940; baseline -0.011 -10"><span class='ocrx_word' id='word_1_54' title='bbox 271 885 396 940; x_wconf 63' lang='lat' dir='ltr'><strong>cap-1</strong></span> <span class='ocrx_word' id='word_1_55' title='bbox 429 865 485 919; x_wconf 75' lang='grc' dir='ltr'>δὲ</span> <span class='ocrx_word' id='word_1_56' title='bbox 519 863 749 918; x_wconf 73' lang='grc' dir='ltr'>δέδωκεν</span> <span class='ocrx_word' id='word_1_57' title='bbox 783 862 918 932; x_wconf 79' lang='grc' dir='ltr'>ἡμῖν</span> <span class='ocrx_word' id='word_1_58' title='bbox 952 859 1267 930; x_wconf 82' lang='grc' dir='ltr'>Εὑαγγέλια</span> <span class='ocrx_word' id='word_1_59' title='bbox 1287 899 1304 925; x_wconf 87' lang='grc'><strong>,</strong></span> <span class='ocrx_word' id='word_1_60' title='bbox 1338 861 1533 932; x_wconf 70' lang='grc' dir='ltr'>τυχὸν,</span> <span class='ocrx_word' id='word_1_61' title='bbox 1569 860 1705 914; x_wconf 81' lang='grc' dir='ltr'>διότι</span> <span class='ocrx_word' id='word_1_62' title='bbox 1736 861 1836 925; x_wconf 83' lang='grc' dir='ltr'><strong>τάς</strong></span> 
     </span>
    </p>
   </div>
   <div class='ocr_carea' id='block_1_12' title="bbox 271 951 1835 1026">
    <p class='ocr_par' dir='ltr' id='par_1_12' title="bbox 271 951 1835 1026">
     <span class='ocr_line' id='line_1_12' title="bbox 271 951 1835 1026; baseline -0.008 -10"><span class='ocrx_word' id='word_1_63' title='bbox 271 957 548 1020; x_wconf 61' lang='grc' dir='ltr'>ωθολικάς</span> <span class='ocrx_word' id='word_1_64' title='bbox 578 955 853 1026; x_wconf 83' lang='grc' dir='ltr'>τέσσαρας</span> <span class='ocrx_word' id='word_1_65' title='bbox 889 951 1090 1023; x_wconf 72' lang='grc' dir='ltr'>ἀρετὰς</span> <span class='ocrx_word' id='word_1_66' title='bbox 1126 954 1192 1006; x_wconf 83' lang='grc' dir='ltr'>ὲκ</span> <span class='ocrx_word' id='word_1_67' title='bbox 1221 951 1430 1006; x_wconf 89' lang='grc' dir='ltr'>τούτων</span> <span class='ocrx_word' id='word_1_68' title='bbox 1465 951 1835 1023; x_wconf 88' lang='grc' dir='ltr'>μανθάνομεν,</span> 
     </span>
    </p>
   </div>
   <div class='ocr_carea' id='block_1_13' title="bbox 269 1043 1838 1126">
    <p class='ocr_par' dir='ltr' id='par_1_13' title="bbox 269 1043 1838 1126">
     <span class='ocr_line' id='line_1_13' title="bbox 269 1043 1838 1126; baseline -0.008 -17"><span class='ocrx_word' id='word_1_69' title='bbox 269 1054 358 1126; x_wconf 75' lang='grc' dir='ltr'>τὴν</span> <span class='ocrx_word' id='word_1_70' title='bbox 379 1049 654 1122; x_wconf 74' lang='grc' dir='ltr'><strong>ἀνδρείαν,</strong></span> <span class='ocrx_word' id='word_1_71' title='bbox 677 1047 778 1120; x_wconf 81' lang='grc' dir='ltr'>τὴν</span> <span class='ocrx_word' id='word_1_72' title='bbox 802 1046 1081 1118; x_wconf 84' lang='grc' dir='ltr'>φρόνησιν,</span> <span class='ocrx_word' id='word_1_73' title='bbox 1109 1044 1208 1115; x_wconf 79' lang='grc' dir='ltr'>τὴν</span> <span class='ocrx_word' id='word_1_74' title='bbox 1231 1043 1594 1115; x_wconf 80' lang='grc' dir='ltr'>δικαιοσύνην,</span> <span class='ocrx_word' id='word_1_75' title='bbox 1619 1043 1715 1098; x_wconf 78' lang='grc' dir='ltr'>καὶ</span> <span class='ocrx_word' id='word_1_76' title='bbox 1737 1043 1838 1115; x_wconf 81' lang='grc' dir='ltr'>τὴν</span> 
     </span>
    </p>
   </div>
   <div class='ocr_carea' id='block_1_14' title="bbox 273 1135 1836 1218">
    <p class='ocr_par' dir='ltr' id='par_1_14' title="bbox 273 1135 1836 1218">
     <span class='ocr_line' id='line_1_14' title="bbox 273 1135 1836 1218; baseline -0.009 -15"><span class='ocrx_word' id='word_1_77' title='bbox 273 1143 633 1218; x_wconf 77' lang='grc' dir='ltr'>σωφροσύνην.</span> <span class='ocrx_word' id='word_1_78' title='bbox 659 1141 772 1211; x_wconf 84' lang='grc' dir='ltr'><strong>Τὴν</strong></span> <span class='ocrx_word' id='word_1_79' title='bbox 796 1138 894 1211; x_wconf 81' lang='grc' dir='ltr'>μὲν</span> <span class='ocrx_word' id='word_1_80' title='bbox 921 1137 1192 1211; x_wconf 73' lang='grc' dir='ltr'><strong>ἀνδρείαν,</strong></span> <span class='ocrx_word' id='word_1_81' title='bbox 1222 1138 1351 1192; x_wconf 83' lang='grc' dir='ltr'>ὅταν</span> <span class='ocrx_word' id='word_1_82' title='bbox 1381 1137 1516 1210; x_wconf 77' lang='grc' dir='ltr'>λέγῃ</span> <span class='ocrx_word' id='word_1_83' title='bbox 1534 1140 1563 1192; x_wconf 85' lang='grc' dir='ltr'><strong>ό</strong></span> <span class='ocrx_word' id='word_1_84' title='bbox 1593 1135 1796 1210; x_wconf 83' lang='grc' dir='ltr'>Κύριος</span> <span class='ocrx_word' id='word_1_85' title='bbox 1821 1153 1836 1168; x_wconf 91' lang='grc'><strong>·</strong></span> 
     </span>
    </p>
   </div>
   <div class='ocr_carea' id='block_1_15' title="bbox 277 1227 1839 1310">
    <p class='ocr_par' dir='ltr' id='par_1_15' title="bbox 277 1227 1839 1310">
     <span class='ocr_line' id='line_1_15' title="bbox 277 1227 1839 1310; baseline -0.008 -16"><span class='ocrx_word' id='word_1_86' title='bbox 277 1259 293 1294; x_wconf 84' lang='grc' dir='ltr'><strong>ι</strong></span> <span class='ocrx_word' id='word_1_87' title='bbox 322 1238 408 1310; x_wconf 79' lang='grc' dir='ltr'><strong>Μὴ</strong></span> <span class='ocrx_word' id='word_1_88' title='bbox 432 1234 685 1308; x_wconf 81' lang='grc' dir='ltr'>φοϐεῖσθε</span> <span class='ocrx_word' id='word_1_89' title='bbox 715 1231 826 1288; x_wconf 78' lang='grc' dir='ltr'><strong>ἀπὸ</strong></span> <span class='ocrx_word' id='word_1_90' title='bbox 849 1230 958 1286; x_wconf 88' lang='grc' dir='ltr'><strong>τῶν</strong></span> <span class='ocrx_word' id='word_1_91' title='bbox 983 1229 1414 1285; x_wconf 81' lang='grc' dir='ltr'><strong>ἀποκτεινόντων</strong></span> <span class='ocrx_word' id='word_1_92' title='bbox 1438 1229 1500 1282; x_wconf 75' lang='grc' dir='ltr'><strong>τὸ</strong></span> <span class='ocrx_word' id='word_1_93' title='bbox 1533 1227 1716 1299; x_wconf 86' lang='grc' dir='ltr'>σῶμα,</span> <span class='ocrx_word' id='word_1_94' title='bbox 1741 1229 1839 1299; x_wconf 84' lang='grc' dir='ltr'>τὴν</span> 
     </span>
    </p>
   </div>
   <div class='ocr_carea' id='block_1_16' title="bbox 271 1319 1840 1401">
    <p class='ocr_par' dir='ltr' id='par_1_16' title="bbox 271 1319 1840 1401">
     <span class='ocr_line' id='line_1_16' title="bbox 271 1319 1840 1401; baseline -0.009 -15"><span class='ocrx_word' id='word_1_95' title='bbox 271 1334 321 1386; x_wconf 81' lang='grc' dir='ltr'>δὲ</span> <span class='ocrx_word' id='word_1_96' title='bbox 349 1329 519 1401; x_wconf 73' lang='grc' dir='ltr'>ψυχὴν</span> <span class='ocrx_word' id='word_1_97' title='bbox 555 1327 632 1398; x_wconf 79' lang='grc' dir='ltr'>μὴ</span> <span class='ocrx_word' id='word_1_98' title='bbox 666 1324 982 1396; x_wconf 78' lang='grc' dir='ltr'>δυναμένων</span> <span class='ocrx_word' id='word_1_99' title='bbox 1012 1323 1354 1376; x_wconf 80' lang='grc' dir='ltr'>ἀποκτείναι.</span> <span class='ocrx_word' id='word_1_100' title='bbox 1397 1341 1415 1373; x_wconf 78' lang='grc' dir='ltr'><strong>ι</strong></span> <span class='ocrx_word' id='word_1_101' title='bbox 1455 1321 1566 1390; x_wconf 78' lang='grc' dir='ltr'><strong>Τὴν</strong></span> <span class='ocrx_word' id='word_1_102' title='bbox 1604 1321 1667 1374; x_wconf 70' lang='grc' dir='ltr'>δὲ</span> <span class='ocrx_word' id='word_1_103' title='bbox 1705 1319 1840 1393; x_wconf 82' lang='grc' dir='ltr'>φρό-</span> 
     </span>
    </p>
   </div>
   <div class='ocr_carea' id='block_1_17' title="bbox 274 1412 1841 1496">
    <p class='ocr_par' dir='ltr' id='par_1_17' title="bbox 274 1412 1841 1496">
     <span class='ocr_line' id='line_1_17' title="bbox 274 1412 1841 1496; baseline -0.009 -17"><span class='ocrx_word' id='word_1_104' title='bbox 274 1442 431 1496; x_wconf 81' lang='grc' dir='ltr'>νησιν,</span> <span class='ocrx_word' id='word_1_105' title='bbox 478 1423 608 1476; x_wconf 84' lang='grc' dir='ltr'>ὅταν</span> <span class='ocrx_word' id='word_1_106' title='bbox 657 1420 941 1490; x_wconf 72' lang='grc' dir='ltr'>παραινῇο</span> <span class='ocrx_word' id='word_1_107' title='bbox 999 1435 1017 1468; x_wconf 85' lang='grc' dir='ltr'><strong>ι</strong></span> <span class='ocrx_word' id='word_1_108' title='bbox 1057 1415 1278 1469; x_wconf 82' lang='grc' dir='ltr'><strong>Γίνεσθε</strong></span> <span class='ocrx_word' id='word_1_109' title='bbox 1333 1414 1613 1485; x_wconf 83' lang='grc' dir='ltr'>φρόνιμοι,</span> <span class='ocrx_word' id='word_1_110' title='bbox 1665 1412 1741 1476; x_wconf 84' lang='grc' dir='ltr'>ὡς</span> <span class='ocrx_word' id='word_1_111' title='bbox 1793 1414 1841 1466; x_wconf 73' lang='lat' dir='ltr'><strong>oi</strong></span> 
     </span>
    </p>
   </div>
   <div class='ocr_carea' id='block_1_18' title="bbox 275 1501 1844 1581">
    <p class='ocr_par' dir='ltr' id='par_1_18' title="bbox 275 1501 1844 1581">
     <span class='ocr_line' id='line_1_18' title="bbox 275 1501 1844 1581; baseline -0.009 -13"><span class='ocrx_word' id='word_1_112' title='bbox 275 1515 435 1579; x_wconf 63' lang='grc' dir='ltr'>ὄψεις.</span> <span class='ocrx_word' id='word_1_113' title='bbox 469 1530 487 1562; x_wconf 78' lang='grc' dir='ltr'><strong>ι</strong></span> <span class='ocrx_word' id='word_1_114' title='bbox 517 1511 561 1563; x_wconf 87' lang='grc' dir='ltr'><strong>Τ</strong></span> <span class='ocrx_word' id='word_1_115' title='bbox 564 1511 632 1581; x_wconf 80' lang='grc' dir='ltr'>ὴν</span> <span class='ocrx_word' id='word_1_116' title='bbox 655 1509 715 1562; x_wconf 75' lang='grc' dir='ltr'>δὲ</span> <span class='ocrx_word' id='word_1_117' title='bbox 744 1505 1116 1575; x_wconf 86' lang='grc' dir='ltr'>δικαιοσύνην,</span> <span class='ocrx_word' id='word_1_118' title='bbox 1145 1505 1272 1558; x_wconf 83' lang='grc' dir='ltr'>ὅταν</span> <span class='ocrx_word' id='word_1_119' title='bbox 1296 1503 1560 1575; x_wconf 69' lang='grc' dir='ltr'>διδάσκῃ*</span> <span class='ocrx_word' id='word_1_120' title='bbox 1596 1521 1614 1555; x_wconf 77' lang='grc' dir='ltr'><strong>ι</strong></span> <span class='ocrx_word' id='word_1_121' title='bbox 1646 1501 1844 1564; x_wconf 81' lang='grc' dir='ltr'><strong>Καθὼς</strong></span> 
     </span>
    </p>
   </div>
   <div class='ocr_carea' id='block_1_19' title="bbox 283 1594 1842 1667">
    <p class='ocr_par' dir='ltr' id='par_1_19' title="bbox 283 1594 1842 1667">
     <span class='ocr_line' id='line_1_19' title="bbox 283 1594 1842 1667; baseline -0.006 -12"><span class='ocrx_word' id='word_1_122' title='bbox 283 1602 450 1656; x_wconf 81' lang='grc' dir='ltr'>θέλετε</span> <span class='ocrx_word' id='word_1_123' title='bbox 479 1600 566 1653; x_wconf 83' lang='grc' dir='ltr'><strong>ἴνα</strong></span> <span class='ocrx_word' id='word_1_124' title='bbox 595 1599 827 1652; x_wconf 75' lang='grc' dir='ltr'>ποιῶσιν</span> <span class='ocrx_word' id='word_1_125' title='bbox 853 1598 982 1667; x_wconf 87' lang='grc' dir='ltr'>ύμῖν</span> <span class='ocrx_word' id='word_1_126' title='bbox 1006 1597 1054 1648; x_wconf 77' lang='grc' dir='ltr'>οἱ</span> <span class='ocrx_word' id='word_1_127' title='bbox 1083 1595 1381 1667; x_wconf 76' lang='grc' dir='ltr'>ἄνθρωποι,</span> <span class='ocrx_word' id='word_1_128' title='bbox 1411 1594 1504 1647; x_wconf 75' lang='grc' dir='ltr'>καὶ</span> <span class='ocrx_word' id='word_1_129' title='bbox 1529 1594 1690 1664; x_wconf 83' lang='grc' dir='ltr'>ὑμεῖς</span> <span class='ocrx_word' id='word_1_130' title='bbox 1719 1611 1842 1647; x_wconf 84' lang='grc' dir='ltr'>ποι-</span> 
     </span>
    </p>
   </div>
   <div class='ocr_carea' id='block_1_20' title="bbox 275 1686 1843 1762">
    <p class='ocr_par' dir='ltr' id='par_1_20' title="bbox 275 1686 1843 1762">
     <span class='ocr_line' id='line_1_20' title="bbox 275 1686 1843 1762; baseline -0.004 -15"><span class='ocrx_word' id='word_1_131' title='bbox 275 1696 373 1748; x_wconf 83' lang='grc' dir='ltr'>εἴτε</span> <span class='ocrx_word' id='word_1_132' title='bbox 401 1694 583 1755; x_wconf 73' lang='grc' dir='ltr'>αὐτοῖς</span> <span class='ocrx_word' id='word_1_133' title='bbox 609 1691 835 1762; x_wconf 82' lang='grc' dir='ltr'>ὁμοίως.</span> <span class='ocrx_word' id='word_1_134' title='bbox 871 1708 890 1741; x_wconf 77' lang='grc' dir='ltr'><strong>ι</strong></span> <span class='ocrx_word' id='word_1_135' title='bbox 920 1689 1032 1760; x_wconf 82' lang='grc' dir='ltr'><strong>Τὴν</strong></span> <span class='ocrx_word' id='word_1_136' title='bbox 1054 1687 1112 1742; x_wconf 82' lang='grc' dir='ltr'>δὲ</span> <span class='ocrx_word' id='word_1_137' title='bbox 1143 1686 1526 1758; x_wconf 81' lang='grc' dir='ltr'>σωφροσύνην,</span> <span class='ocrx_word' id='word_1_138' title='bbox 1551 1687 1680 1740; x_wconf 83' lang='grc' dir='ltr'>ὅταν</span> <span class='ocrx_word' id='word_1_139' title='bbox 1702 1687 1843 1741; x_wconf 81' lang='grc' dir='ltr'>ἀπο·</span> 
     </span>
    </p>
   </div>
   <div class='ocr_carea' id='block_1_21' title="bbox 278 1779 1846 1860">
    <p class='ocr_par' dir='ltr' id='par_1_21' title="bbox 278 1779 1846 1860">
     <span class='ocr_line' id='line_1_21' title="bbox 278 1779 1846 1860; baseline -0.007 -17"><span class='ocrx_word' id='word_1_140' title='bbox 278 1789 547 1860; x_wconf 70' lang='grc' dir='ltr'>φαίνηται·</span> <span class='ocrx_word' id='word_1_141' title='bbox 574 1804 594 1839; x_wconf 77' lang='grc' dir='ltr'><strong>ι</strong></span> <span class='ocrx_word' id='word_1_142' title='bbox 619 1787 680 1840; x_wconf 82' lang='lat' dir='ltr'><strong>&#39;O</strong></span> <span class='ocrx_word' id='word_1_143' title='bbox 707 1783 984 1857; x_wconf 74' lang='grc' dir='ltr'>ἐμϐλέψας</span> <span class='ocrx_word' id='word_1_144' title='bbox 1006 1783 1236 1854; x_wconf 79' lang='grc' dir='ltr'>γυκαικὶ</span> <span class='ocrx_word' id='word_1_145' title='bbox 1260 1782 1397 1853; x_wconf 76' lang='grc' dir='ltr'>πρὸς</span> <span class='ocrx_word' id='word_1_146' title='bbox 1419 1780 1481 1834; x_wconf 83' lang='grc' dir='ltr'>τὸ</span> <span class='ocrx_word' id='word_1_147' title='bbox 1505 1779 1846 1849; x_wconf 69' lang='grc' dir='ltr'>ἐπιθυμῆσαι</span> 
     </span>
    </p>
   </div>
   <div class='ocr_carea' id='block_1_22' title="bbox 281 1871 1840 1953">
    <p class='ocr_par' dir='ltr' id='par_1_22' title="bbox 281 1871 1840 1953">
     <span class='ocr_line' id='line_1_22' title="bbox 281 1871 1840 1953; baseline -0.008 -17"><span class='ocrx_word' id='word_1_148' title='bbox 281 1884 462 1953; x_wconf 75' lang='grc' dir='ltr'>αὐτῆς,</span> <span class='ocrx_word' id='word_1_149' title='bbox 491 1881 595 1952; x_wconf 72' lang='grc' dir='ltr'>ήδη</span> <span class='ocrx_word' id='word_1_150' title='bbox 629 1879 952 1951; x_wconf 75' lang='grc' dir='ltr'>ἐμοίχευσεν</span> <span class='ocrx_word' id='word_1_151' title='bbox 982 1875 1153 1947; x_wconf 79' lang='grc' dir='ltr'>αὐτὴν</span> <span class='ocrx_word' id='word_1_152' title='bbox 1182 1876 1240 1929; x_wconf 80' lang='grc' dir='ltr'>ὲν</span> <span class='ocrx_word' id='word_1_153' title='bbox 1270 1878 1336 1948; x_wconf 79' lang='grc' dir='ltr'>τῇ</span> <span class='ocrx_word' id='word_1_154' title='bbox 1367 1874 1565 1946; x_wconf 72' lang='grc' dir='ltr'>καρδία</span> <span class='ocrx_word' id='word_1_155' title='bbox 1594 1871 1783 1928; x_wconf 81' lang='grc' dir='ltr'>αὐτοῦ.</span> <span class='ocrx_word' id='word_1_156' title='bbox 1823 1890 1840 1924; x_wconf 82' lang='grc' dir='ltr'><strong>ι</strong></span> 
     </span>
    </p>
   </div>
   <div class='ocr_carea' id='block_1_23' title="bbox 280 1964 1852 2042">
    <p class='ocr_par' dir='ltr' id='par_1_23' title="bbox 280 1964 1852 2042">
     <span class='ocr_line' id='line_1_23' title="bbox 280 1964 1852 2042; baseline -0.007 -14"><span class='ocrx_word' id='word_1_157' title='bbox 280 1975 378 2028; x_wconf 69' lang='grc' dir='ltr'><strong>Καὶ</strong></span> <span class='ocrx_word' id='word_1_158' title='bbox 402 1973 574 2036; x_wconf 81' lang='grc' dir='ltr'>άλλως</span> <span class='ocrx_word' id='word_1_159' title='bbox 603 1971 664 2025; x_wconf 83' lang='grc' dir='ltr'>δὲ</span> <span class='ocrx_word' id='word_1_160' title='bbox 690 1989 704 2004; x_wconf 75' lang='grc' dir='ltr'><strong>ο</strong></span> <span class='ocrx_word' id='word_1_161' title='bbox 749 1969 1008 2042; x_wconf 88' lang='grc' dir='ltr'>Τέσσαρά</span> <span class='ocrx_word' id='word_1_162' title='bbox 1029 1969 1168 2023; x_wconf 90' lang='grc' dir='ltr'>είσιν</span> <span class='ocrx_word' id='word_1_163' title='bbox 1202 1967 1537 2038; x_wconf 83' lang='grc' dir='ltr'>Εύαγγέλια,</span> <span class='ocrx_word' id='word_1_164' title='bbox 1562 1967 1696 2021; x_wconf 81' lang='grc' dir='ltr'>διότι</span> <span class='ocrx_word' id='word_1_165' title='bbox 1724 1964 1852 2019; x_wconf 88' lang='grc' dir='ltr'>στύ-</span> 
     </span>
    </p>
   </div>
   <div class='ocr_carea' id='block_1_24' title="bbox 281 2059 1851 2135">
    <p class='ocr_par' dir='ltr' id='par_1_24' title="bbox 281 2059 1851 2135">
     <span class='ocr_line' id='line_1_24' title="bbox 281 2059 1851 2135; baseline -0.007 -14"><span class='ocrx_word' id='word_1_166' title='bbox 281 2067 354 2121; x_wconf 82' lang='grc' dir='ltr'><strong>λοι</strong></span> <span class='ocrx_word' id='word_1_167' title='bbox 383 2066 488 2120; x_wconf 68' lang='lat' dir='ltr'><strong>elei.</strong></span> <span class='ocrx_word' id='word_1_168' title='bbox 517 2065 700 2121; x_wconf 82' lang='grc' dir='ltr'>ταῦτα</span> <span class='ocrx_word' id='word_1_169' title='bbox 733 2062 829 2118; x_wconf 79' lang='grc' dir='ltr'>τοῦ</span> <span class='ocrx_word' id='word_1_170' title='bbox 867 2063 1097 2135; x_wconf 82' lang='grc' dir='ltr'>κόσμου.</span> <span class='ocrx_word' id='word_1_171' title='bbox 1130 2060 1239 2116; x_wconf 84' lang='grc' dir='ltr'>Τοῦ</span> <span class='ocrx_word' id='word_1_172' title='bbox 1272 2059 1329 2114; x_wconf 78' lang='grc' dir='ltr'>δὲ</span> <span class='ocrx_word' id='word_1_173' title='bbox 1364 2059 1573 2133; x_wconf 81' lang='grc' dir='ltr'>κόσμου</span> <span class='ocrx_word' id='word_1_174' title='bbox 1606 2059 1851 2130; x_wconf 84' lang='grc' dir='ltr'>τέσσαρα</span> 
     </span>
    </p>
   </div>
   <div class='ocr_carea' id='block_1_25' title="bbox 284 2149 1853 2232">
    <p class='ocr_par' dir='ltr' id='par_1_25' title="bbox 284 2149 1853 2232">
     <span class='ocr_line' id='line_1_25' title="bbox 284 2149 1853 2232; baseline -0.006 -21"><span class='ocrx_word' id='word_1_175' title='bbox 284 2160 411 2232; x_wconf 74' lang='grc' dir='ltr'>μέρη</span> <span class='ocrx_word' id='word_1_176' title='bbox 441 2157 690 2229; x_wconf 72' lang='grc' dir='ltr'>ἔχοντος,</span> <span class='ocrx_word' id='word_1_177' title='bbox 728 2154 1018 2226; x_wconf 80' lang='grc' dir='ltr'>Ἀνατολὴν</span> <span class='ocrx_word' id='word_1_178' title='bbox 1037 2194 1052 2218; x_wconf 90' lang='grc'><strong>,</strong></span> <span class='ocrx_word' id='word_1_179' title='bbox 1084 2151 1280 2218; x_wconf 89' lang='grc' dir='ltr'>Δύσιν,</span> <span class='ocrx_word' id='word_1_180' title='bbox 1307 2153 1545 2224; x_wconf 75' lang='grc' dir='ltr'>’Ἄρκτον</span> <span class='ocrx_word' id='word_1_181' title='bbox 1584 2151 1680 2204; x_wconf 74' lang='grc' dir='ltr'>καὶ</span> <span class='ocrx_word' id='word_1_182' title='bbox 1736 2149 1853 2204; x_wconf 86' lang='grc' dir='ltr'><strong>Με-</strong></span> 
     </span>
    </p>
   </div>
   <div class='ocr_carea' id='block_1_26' title="bbox 285 2243 1852 2322">
    <p class='ocr_par' dir='ltr' id='par_1_26' title="bbox 285 2243 1852 2322">
     <span class='ocr_line' id='line_1_26' title="bbox 285 2243 1852 2322; baseline -0.004 -18"><span class='ocrx_word' id='word_1_183' title='bbox 285 2251 564 2322; x_wconf 83' lang='grc' dir='ltr'>σημϐρίαν,</span> <span class='ocrx_word' id='word_1_184' title='bbox 597 2249 838 2318; x_wconf 72' lang='grc' dir='ltr'>ἔπρεπεν</span> <span class='ocrx_word' id='word_1_185' title='bbox 867 2243 1006 2301; x_wconf 72' lang='grc' dir='ltr'>εἶναι</span> <span class='ocrx_word' id='word_1_186' title='bbox 1034 2246 1129 2301; x_wconf 78' lang='grc' dir='ltr'>καὶ</span> <span class='ocrx_word' id='word_1_187' title='bbox 1150 2246 1279 2309; x_wconf 71' lang='grc' dir='ltr'>τοὺς</span> <span class='ocrx_word' id='word_1_188' title='bbox 1307 2244 1532 2308; x_wconf 76' lang='grc' dir='ltr'>στύλους</span> <span class='ocrx_word' id='word_1_189' title='bbox 1557 2244 1852 2315; x_wconf 84' lang='grc' dir='ltr'>τέσσαρας.</span> 
     </span>
    </p>
   </div>
   <div class='ocr_carea' id='block_1_27' title="bbox 223 2335 1857 2412">
    <p class='ocr_par' dir='ltr' id='par_1_27' title="bbox 223 2335 1857 2412">
     <span class='ocr_line' id='line_1_27' title="bbox 223 2335 1857 2412; baseline -0.009 -10"><span class='ocrx_word' id='word_1_190' title='bbox 223 2399 228 2402; x_wconf 83' lang='grc'><strong>.</strong></span> <span class='ocrx_word' id='word_1_191' title='bbox 283 2344 380 2399; x_wconf 74' lang='grc' dir='ltr'><strong>Καὶ</strong></span> <span class='ocrx_word' id='word_1_192' title='bbox 410 2340 591 2406; x_wconf 82' lang='grc' dir='ltr'>ἄλλως</span> <span class='ocrx_word' id='word_1_193' title='bbox 623 2341 682 2394; x_wconf 85' lang='grc' dir='ltr'><strong>δέ</strong></span> <span class='ocrx_word' id='word_1_194' title='bbox 707 2357 724 2374; x_wconf 80' lang='grc' dir='ltr'><strong>ο</strong></span> <span class='ocrx_word' id='word_1_195' title='bbox 756 2339 1008 2412; x_wconf 85' lang='grc' dir='ltr'>Τέσσαρά</span> <span class='ocrx_word' id='word_1_196' title='bbox 1047 2341 1184 2392; x_wconf 91' lang='grc' dir='ltr'>εἰσιν</span> <span class='ocrx_word' id='word_1_197' title='bbox 1215 2338 1526 2407; x_wconf 82' lang='grc' dir='ltr'>Εὑαγγέλια</span> <span class='ocrx_word' id='word_1_198' title='bbox 1548 2376 1562 2401; x_wconf 88' lang='grc'><strong>,</strong></span> <span class='ocrx_word' id='word_1_199' title='bbox 1593 2336 1726 2390; x_wconf 81' lang='grc' dir='ltr'>διότι</span> <span class='ocrx_word' id='word_1_200' title='bbox 1761 2335 1857 2388; x_wconf 73' lang='grc' dir='ltr'><strong>καὶ</strong></span> 
     </span>
    </p>
   </div>
   <div class='ocr_carea' id='block_1_28' title="bbox 283 2427 1858 2506">
    <p class='ocr_par' dir='ltr' id='par_1_28' title="bbox 283 2427 1858 2506">
     <span class='ocr_line' id='line_1_28' title="bbox 283 2427 1858 2506; baseline -0.006 -18"><span class='ocrx_word' id='word_1_201' title='bbox 283 2435 507 2506; x_wconf 85' lang='grc' dir='ltr'>τέσσαρα</span> <span class='ocrx_word' id='word_1_202' title='bbox 571 2431 755 2487; x_wconf 72' lang='grc' dir='ltr'><strong>⁶’ταῦτα</strong></span> <span class='ocrx_word' id='word_1_203' title='bbox 799 2431 1040 2504; x_wconf 82' lang='grc' dir='ltr'>περιέχει</span> <span class='ocrx_word' id='word_1_204' title='bbox 1064 2447 1077 2460; x_wconf 81' lang='grc'><strong>’</strong></span> <span class='ocrx_word' id='word_1_205' title='bbox 1115 2431 1282 2502; x_wconf 70' lang='grc' dir='ltr'>ἤγουν</span> <span class='ocrx_word' id='word_1_206' title='bbox 1314 2431 1579 2501; x_wconf 76' lang='grc' dir='ltr'>δόγματα,</span> <span class='ocrx_word' id='word_1_207' title='bbox 1615 2427 1858 2495; x_wconf 73' lang='grc' dir='ltr'>ἐντολὰς,</span> 
     </span>
    </p>
   </div>
   <div class='ocr_carea' id='block_1_29' title="bbox 283 2519 1858 2593">
    <p class='ocr_par' dir='ltr' id='par_1_29' title="bbox 283 2519 1858 2593">
     <span class='ocr_line' id='line_1_29' title="bbox 283 2519 1858 2593; baseline -0.004 -12"><span class='ocrx_word' id='word_1_208' title='bbox 283 2526 532 2592; x_wconf 81' lang='grc' dir='ltr'>ἀπειλάς,</span> <span class='ocrx_word' id='word_1_209' title='bbox 570 2524 676 2579; x_wconf 75' lang='grc' dir='ltr'>καὶ</span> <span class='ocrx_word' id='word_1_210' title='bbox 709 2523 1045 2593; x_wconf 76' lang='grc' dir='ltr'>ἐπαγγελίας</span> <span class='ocrx_word' id='word_1_211' title='bbox 1065 2541 1080 2556; x_wconf 81' lang='lat'><strong><em>°</em></strong></span> <span class='ocrx_word' id='word_1_212' title='bbox 1119 2524 1214 2580; x_wconf 74' lang='grc' dir='ltr'>καὶ</span> <span class='ocrx_word' id='word_1_213' title='bbox 1244 2525 1360 2587; x_wconf 77' lang='grc' dir='ltr'>τοῖς</span> <span class='ocrx_word' id='word_1_214' title='bbox 1398 2523 1496 2593; x_wconf 82' lang='grc' dir='ltr'>μὲν</span> <span class='ocrx_word' id='word_1_215' title='bbox 1530 2519 1858 2574; x_wconf 77' lang='grc' dir='ltr'>πιστεύσασι</span> 
     </span>
    </p>
   </div>
   <div class='ocr_carea' id='block_1_30' title="bbox 285 2613 1862 2688">
    <p class='ocr_par' dir='ltr' id='par_1_30' title="bbox 285 2613 1862 2688">
     <span class='ocr_line' id='line_1_30' title="bbox 285 2613 1862 2688; baseline -0.002 -18"><span class='ocrx_word' id='word_1_216' title='bbox 285 2621 386 2682; x_wconf 83' lang='grc' dir='ltr'>τοῖς</span> <span class='ocrx_word' id='word_1_217' title='bbox 405 2618 672 2687; x_wconf 80' lang='grc' dir='ltr'>δόγμασι,</span> <span class='ocrx_word' id='word_1_218' title='bbox 697 2617 793 2670; x_wconf 74' lang='grc' dir='ltr'>καὶ</span> <span class='ocrx_word' id='word_1_219' title='bbox 816 2617 914 2681; x_wconf 89' lang='grc' dir='ltr'><strong>τάς</strong></span> <span class='ocrx_word' id='word_1_220' title='bbox 941 2615 1162 2680; x_wconf 82' lang='grc' dir='ltr'>ὲντολάς</span> <span class='ocrx_word' id='word_1_221' title='bbox 1187 2617 1477 2688; x_wconf 82' lang='grc' dir='ltr'>τηρήσασι,</span> <span class='ocrx_word' id='word_1_222' title='bbox 1504 2614 1571 2667; x_wconf 84' lang='grc' dir='ltr'><strong>τά</strong></span> <span class='ocrx_word' id='word_1_223' title='bbox 1599 2613 1862 2686; x_wconf 88' lang='grc' dir='ltr'>μέλλοντα</span> 
     </span>
    </p>
   </div>
   <div class='ocr_carea' id='block_1_31' title="bbox 287 2705 1864 2780">
    <p class='ocr_par' dir='ltr' id='par_1_31' title="bbox 287 2705 1864 2780">
     <span class='ocr_line' id='line_1_31' title="bbox 287 2705 1864 2780; baseline -0.003 -16"><span class='ocrx_word' id='word_1_224' title='bbox 287 2710 452 2778; x_wconf 79' lang='grc' dir='ltr'>ἀγαθὰ</span> <span class='ocrx_word' id='word_1_225' title='bbox 492 2707 970 2778; x_wconf 74' lang='grc' dir='ltr'>ἐπαγγέλλονταιο</span> <span class='ocrx_word' id='word_1_226' title='bbox 1011 2711 1126 2773; x_wconf 85' lang='grc' dir='ltr'>τοῖς</span> <span class='ocrx_word' id='word_1_227' title='bbox 1167 2709 1226 2763; x_wconf 76' lang='grc' dir='ltr'>δὲ</span> <span class='ocrx_word' id='word_1_228' title='bbox 1270 2707 1346 2780; x_wconf 79' lang='grc' dir='ltr'>μὴ</span> <span class='ocrx_word' id='word_1_229' title='bbox 1387 2705 1712 2762; x_wconf 83' lang='grc' dir='ltr'>πιστεύσασι</span> <span class='ocrx_word' id='word_1_230' title='bbox 1751 2708 1864 2772; x_wconf 82' lang='grc' dir='ltr'>τοῖς</span> 
     </span>
    </p>
   </div>
   <div class='ocr_carea' id='block_1_32' title="bbox 288 2799 1864 2874">
    <p class='ocr_par' dir='ltr' id='par_1_32' title="bbox 288 2799 1864 2874">
     <span class='ocr_line' id='line_1_32' title="bbox 288 2799 1864 2874; baseline -0.003 -16"><span class='ocrx_word' id='word_1_231' title='bbox 288 2805 559 2874; x_wconf 82' lang='grc' dir='ltr'>δόγμασιν,</span> <span class='ocrx_word' id='word_1_232' title='bbox 593 2802 626 2874; x_wconf 83' lang='grc' dir='ltr'>ἢ</span> <span class='ocrx_word' id='word_1_233' title='bbox 653 2803 752 2866; x_wconf 86' lang='grc' dir='ltr'><strong>τάς</strong></span> <span class='ocrx_word' id='word_1_234' title='bbox 781 2801 1001 2867; x_wconf 77' lang='grc' dir='ltr'>ὲντολάς</span> <span class='ocrx_word' id='word_1_235' title='bbox 1030 2803 1107 2874; x_wconf 83' lang='grc' dir='ltr'>μὴ</span> <span class='ocrx_word' id='word_1_236' title='bbox 1133 2801 1455 2872; x_wconf 82' lang='grc' dir='ltr'>φυλάξασιν.</span> <span class='ocrx_word' id='word_1_237' title='bbox 1481 2800 1540 2854; x_wconf 84' lang='grc' dir='ltr'><strong>αί</strong></span> <span class='ocrx_word' id='word_1_238' title='bbox 1574 2799 1864 2872; x_wconf 82' lang='grc' dir='ltr'>μέλλουσαι</span> 
     </span>
    </p>
   </div>
   <div class='ocr_carea' id='block_1_33' title="bbox 291 2891 1868 2963">
    <p class='ocr_par' dir='ltr' id='par_1_33' title="bbox 291 2891 1868 2963">
     <span class='ocr_line' id='line_1_33' title="bbox 291 2891 1868 2963; baseline -0.004 -12"><span class='ocrx_word' id='word_1_239' title='bbox 291 2896 635 2951; x_wconf 82' lang='grc' dir='ltr'>ἀπειλοῦνται</span> <span class='ocrx_word' id='word_1_240' title='bbox 665 2893 938 2958; x_wconf 87' lang='grc' dir='ltr'>κολάσεις.</span> <span class='ocrx_word' id='word_1_241' title='bbox 997 2894 1328 2963; x_wconf 85' lang='grc' dir='ltr'>Εὐαγγέλιον</span> <span class='ocrx_word' id='word_1_242' title='bbox 1357 2891 1414 2946; x_wconf 79' lang='grc' dir='ltr'>δὲ</span> <span class='ocrx_word' id='word_1_243' title='bbox 1443 2891 1700 2962; x_wconf 79' lang='grc' dir='ltr'>λέγεται,</span> <span class='ocrx_word' id='word_1_244' title='bbox 1731 2891 1868 2946; x_wconf 82' lang='grc' dir='ltr'>διότι</span> 
     </span>
    </p>
   </div>
   <div class='ocr_carea' id='block_1_34' title="bbox 291 2982 1868 3060">
    <p class='ocr_par' dir='ltr' id='par_1_34' title="bbox 291 2982 1868 3060">
     <span class='ocr_line' id='line_1_34' title="bbox 291 2982 1868 3060; baseline -0.005 -14"><span class='ocrx_word' id='word_1_245' title='bbox 291 2990 528 3060; x_wconf 78' lang='grc' dir='ltr'>ἀγγέλλει</span> <span class='ocrx_word' id='word_1_246' title='bbox 561 2990 701 3060; x_wconf 76' lang='grc' dir='ltr'>ἡμῖν</span> <span class='ocrx_word' id='word_1_247' title='bbox 730 2989 1033 3060; x_wconf 83' lang='grc' dir='ltr'>πράγματα</span> <span class='ocrx_word' id='word_1_248' title='bbox 1061 2982 1122 3042; x_wconf 79' lang='grc' dir='ltr'>εὖ</span> <span class='ocrx_word' id='word_1_249' title='bbox 1141 2987 1235 3041; x_wconf 74' lang='grc' dir='ltr'>καὶ</span> <span class='ocrx_word' id='word_1_250' title='bbox 1257 2986 1439 3052; x_wconf 88' lang='grc' dir='ltr'>καλῶς</span> <span class='ocrx_word' id='word_1_251' title='bbox 1468 2985 1681 3057; x_wconf 72' lang='grc' dir='ltr'>ἔχοντα,</span> <span class='ocrx_word' id='word_1_252' title='bbox 1710 3001 1836 3039; x_wconf 66' lang='grc' dir='ltr'>τοττ</span> <span class='ocrx_word' id='word_1_253' title='bbox 1853 3013 1868 3023; x_wconf 91' lang='grc'><strong><em>-</em></strong></span> 
     </span>
    </p>
   </div>
   <div class='ocr_carea' id='block_1_35' title="bbox 295 3078 1870 3152">
    <p class='ocr_par' dir='ltr' id='par_1_35' title="bbox 295 3078 1870 3152">
     <span class='ocr_line' id='line_1_35' title="bbox 295 3078 1870 3152; baseline -0.003 -16"><span class='ocrx_word' id='word_1_254' title='bbox 295 3083 428 3137; x_wconf 77' lang='grc' dir='ltr'>ἐστιν</span> <span class='ocrx_word' id='word_1_255' title='bbox 457 3081 650 3152; x_wconf 81' lang='grc' dir='ltr'>ἀγαθά</span> <span class='ocrx_word' id='word_1_256' title='bbox 669 3122 686 3148; x_wconf 96' lang='grc'><strong>,</strong></span> <span class='ocrx_word' id='word_1_257' title='bbox 753 3081 950 3152; x_wconf 75' lang='grc' dir='ltr'>ἄφεσιν</span> <span class='ocrx_word' id='word_1_258' title='bbox 981 3080 1300 3152; x_wconf 82' lang='grc' dir='ltr'>ἁμαρτιῶν,</span> <span class='ocrx_word' id='word_1_259' title='bbox 1330 3079 1615 3135; x_wconf 83' lang='grc' dir='ltr'>δικαίωσιν</span> <span class='ocrx_word' id='word_1_260' title='bbox 1634 3119 1648 3145; x_wconf 89' lang='grc'><strong>,</strong></span> <span class='ocrx_word' id='word_1_261' title='bbox 1685 3078 1870 3134; x_wconf 79' lang='grc' dir='ltr'>ἄνοδον</span> 
     </span>
    </p>
   </div>
   <div class='ocr_carea' id='block_1_36' title="bbox 1936 581 3517 653">
    <p class='ocr_par' dir='ltr' id='par_1_36' title="bbox 1936 581 3517 653">
     <span class='ocr_line' id='line_1_36' title="bbox 1936 581 3517 653; baseline 0 -16"><span class='ocrx_word' id='word_1_262' title='bbox 1936 582 2249 653; x_wconf 81' lang='lat' dir='ltr'><strong>Evangelia,</strong></span> <span class='ocrx_word' id='word_1_263' title='bbox 2295 598 2402 652; x_wconf 84' lang='lat' dir='ltr'><strong>quo</strong></span> <span class='ocrx_word' id='word_1_264' title='bbox 2453 581 2731 638; x_wconf 72' lang='lat' dir='ltr'><strong>discentes</strong></span> <span class='ocrx_word' id='word_1_265' title='bbox 2780 596 2847 636; x_wconf 80' lang='lat' dir='ltr'><strong>ex</strong></span> <span class='ocrx_word' id='word_1_266' title='bbox 2897 581 3003 637; x_wconf 85' lang='lat' dir='ltr'><strong>illis</strong></span> <span class='ocrx_word' id='word_1_267' title='bbox 3051 582 3356 648; x_wconf 77' lang='lat' dir='ltr'><strong>veritatem,</strong></span> <span class='ocrx_word' id='word_1_268' title='bbox 3406 598 3517 637; x_wconf 87' lang='lat' dir='ltr'><strong>non</strong></span> 
     </span>
    </p>
   </div>
   <div class='ocr_carea' id='block_1_37' title="bbox 1936 675 3520 746">
    <p class='ocr_par' dir='ltr' id='par_1_37' title="bbox 1936 675 3520 746">
     <span class='ocr_line' id='line_1_37' title="bbox 1936 675 3520 746; baseline 0.001 -15"><span class='ocrx_word' id='word_1_269' title='bbox 1936 675 2216 731; x_wconf 67' lang='lat' dir='ltr'><strong>itareseon</strong></span> <span class='ocrx_word' id='word_1_270' title='bbox 2252 675 2552 731; x_wconf 79' lang='lat' dir='ltr'><strong>mendaciis</strong></span> <span class='ocrx_word' id='word_1_271' title='bbox 2587 675 2980 745; x_wconf 88' lang='lat' dir='ltr'><strong>deciperemur,</strong></span> <span class='ocrx_word' id='word_1_272' title='bbox 3011 691 3301 746; x_wconf 82' lang='lat' dir='ltr'><strong>moresque</strong></span> <span class='ocrx_word' id='word_1_273' title='bbox 3349 677 3520 732; x_wconf 78' lang='lat' dir='ltr'><strong>nostri</strong></span> 
     </span>
    </p>
   </div>
   <div class='ocr_carea' id='block_1_38' title="bbox 1936 765 3528 838">
    <p class='ocr_par' dir='ltr' id='par_1_38' title="bbox 1936 765 3528 838">
     <span class='ocr_line' id='line_1_38' title="bbox 1936 765 3528 838; baseline 0 -16"><span class='ocrx_word' id='word_1_274' title='bbox 1936 781 2042 822; x_wconf 91' lang='lat' dir='ltr'><strong>non</strong></span> <span class='ocrx_word' id='word_1_275' title='bbox 2076 783 2296 838; x_wconf 86' lang='lat' dir='ltr'><strong>prorsus</strong></span> <span class='ocrx_word' id='word_1_276' title='bbox 2328 768 2810 835; x_wconf 84' lang='lat' dir='ltr'><strong>pcssundarentur.</strong></span> <span class='ocrx_word' id='word_1_277' title='bbox 2847 765 3092 833; x_wconf 90' lang='lat' dir='ltr'><strong>Quatuor</strong></span> <span class='ocrx_word' id='word_1_278' title='bbox 3123 777 3305 823; x_wconf 87' lang='lat' dir='ltr'><strong>autem</strong></span> <span class='ocrx_word' id='word_1_279' title='bbox 3353 767 3528 822; x_wconf 86' lang='lat' dir='ltr'><strong>Evan-</strong></span> 
     </span>
    </p>
   </div>
   <div class='ocr_carea' id='block_1_39' title="bbox 1939 859 3526 931">
    <p class='ocr_par' dir='ltr' id='par_1_39' title="bbox 1939 859 3526 931">
     <span class='ocr_line' id='line_1_39' title="bbox 1939 859 3526 931; baseline 0.001 -15"><span class='ocrx_word' id='word_1_280' title='bbox 1939 860 2078 930; x_wconf 77' lang='lat' dir='ltr'><strong>gelia</strong></span> <span class='ocrx_word' id='word_1_281' title='bbox 2107 860 2262 916; x_wconf 86' lang='lat' dir='ltr'><strong>nobis</strong></span> <span class='ocrx_word' id='word_1_282' title='bbox 2295 859 2466 926; x_wconf 93' lang='lat' dir='ltr'><strong>dedit,</strong></span> <span class='ocrx_word' id='word_1_283' title='bbox 2490 859 2738 916; x_wconf 73' lang='lat' dir='ltr'><strong>fortassis</strong></span> <span class='ocrx_word' id='word_1_284' title='bbox 2774 859 2915 924; x_wconf 89' lang='lat' dir='ltr'><strong>ideo,</strong></span> <span class='ocrx_word' id='word_1_285' title='bbox 2940 861 3067 930; x_wconf 88' lang='lat' dir='ltr'><strong>quia</strong></span> <span class='ocrx_word' id='word_1_286' title='bbox 3091 870 3327 931; x_wconf 84' lang='lat' dir='ltr'><strong>quatuor</strong></span> <span class='ocrx_word' id='word_1_287' title='bbox 3355 861 3526 918; x_wconf 82' lang='lat' dir='ltr'><strong>virtu-</strong></span> 
     </span>
    </p>
   </div>
   <div class='ocr_carea' id='block_1_40' title="bbox 1941 955 3527 1030">
    <p class='ocr_par' dir='ltr' id='par_1_40' title="bbox 1941 955 3527 1030">
     <span class='ocr_line' id='line_1_40' title="bbox 1941 955 3527 1030; baseline -0.002 -13"><span class='ocrx_word' id='word_1_288' title='bbox 1941 969 2021 1017; x_wconf 87' lang='lat' dir='ltr'><strong>tes</strong></span> <span class='ocrx_word' id='word_1_289' title='bbox 2051 960 2386 1015; x_wconf 85' lang='lat' dir='ltr'><strong>universales</strong></span> <span class='ocrx_word' id='word_1_290' title='bbox 2419 975 2486 1015; x_wconf 81' lang='lat' dir='ltr'><strong>ex</strong></span> <span class='ocrx_word' id='word_1_291' title='bbox 2520 959 2600 1016; x_wconf 91' lang='lat' dir='ltr'><strong>eis</strong></span> <span class='ocrx_word' id='word_1_292' title='bbox 2631 959 2913 1022; x_wconf 72' lang='lat' dir='ltr'><strong>discimus,</strong></span> <span class='ocrx_word' id='word_1_293' title='bbox 2945 955 3348 1024; x_wconf 79' lang='lat' dir='ltr'><strong>fortitudinem,</strong></span> <span class='ocrx_word' id='word_1_294' title='bbox 3389 976 3527 1030; x_wconf 83' lang='lat' dir='ltr'><strong>pru-</strong></span> 
     </span>
    </p>
   </div>
   <div class='ocr_carea' id='block_1_41' title="bbox 1941 1050 3528 1123">
    <p class='ocr_par' dir='ltr' id='par_1_41' title="bbox 1941 1050 3528 1123">
     <span class='ocr_line' id='line_1_41' title="bbox 1941 1050 3528 1123; baseline 0.001 -16"><span class='ocrx_word' id='word_1_295' title='bbox 1941 1052 2202 1118; x_wconf 88' lang='lat' dir='ltr'><strong>dentiam,</strong></span> <span class='ocrx_word' id='word_1_296' title='bbox 2234 1051 2502 1123; x_wconf 86' lang='lat' dir='ltr'><strong>justitiam</strong></span> <span class='ocrx_word' id='word_1_297' title='bbox 2546 1063 2600 1108; x_wconf 83' lang='lat' dir='ltr'><strong>et</strong></span> <span class='ocrx_word' id='word_1_298' title='bbox 2648 1051 3086 1120; x_wconf 85' lang='lat' dir='ltr'><strong>temperantiam.</strong></span> <span class='ocrx_word' id='word_1_299' title='bbox 3135 1050 3528 1108; x_wconf 84' lang='lat' dir='ltr'><strong>Fortitudinem</strong></span> 
     </span>
    </p>
   </div>
   <div class='ocr_carea' id='block_1_42' title="bbox 1944 1145 3532 1216">
    <p class='ocr_par' dir='ltr' id='par_1_42' title="bbox 1944 1145 3532 1216">
     <span class='ocr_line' id='line_1_42' title="bbox 1944 1145 3532 1216; baseline 0.001 -17"><span class='ocrx_word' id='word_1_300' title='bbox 1944 1145 2185 1216; x_wconf 82' lang='lat' dir='ltr'><strong>quidem,</strong></span> <span class='ocrx_word' id='word_1_301' title='bbox 2224 1161 2347 1200; x_wconf 88' lang='lat' dir='ltr'><strong>cum</strong></span> <span class='ocrx_word' id='word_1_302' title='bbox 2379 1146 2510 1200; x_wconf 87' lang='lat' dir='ltr'><strong>dicit</strong></span> <span class='ocrx_word' id='word_1_303' title='bbox 2543 1146 2801 1203; x_wconf 84' lang='lat' dir='ltr'><strong>Dominus</strong></span> <span class='ocrx_word' id='word_1_304' title='bbox 2850 1164 2866 1202; x_wconf 86' lang='lat'><strong>:</strong></span> <span class='ocrx_word' id='word_1_305' title='bbox 2904 1163 2924 1198; x_wconf 79' lang='grc' dir='ltr'><strong>ι</strong></span> <span class='ocrx_word' id='word_1_306' title='bbox 2952 1145 3032 1202; x_wconf 87' lang='lat' dir='ltr'><strong>Ne</strong></span> <span class='ocrx_word' id='word_1_307' title='bbox 3093 1145 3390 1202; x_wconf 85' lang='lat' dir='ltr'><strong>timueritis</strong></span> <span class='ocrx_word' id='word_1_308' title='bbox 3435 1160 3532 1201; x_wconf 84' lang='lat' dir='ltr'><strong>eos</strong></span> 
     </span>
    </p>
   </div>
   <div class='ocr_carea' id='block_1_43' title="bbox 1946 1232 3532 1306">
    <p class='ocr_par' dir='ltr' id='par_1_43' title="bbox 1946 1232 3532 1306">
     <span class='ocr_line' id='line_1_43' title="bbox 1946 1232 3532 1306; baseline -0.001 -17"><span class='ocrx_word' id='word_1_309' title='bbox 1946 1235 2038 1306; x_wconf 86' lang='lat' dir='ltr'><strong>qui</strong></span> <span class='ocrx_word' id='word_1_310' title='bbox 2097 1234 2356 1291; x_wconf 88' lang='lat' dir='ltr'><strong>occidunt</strong></span> <span class='ocrx_word' id='word_1_311' title='bbox 2410 1250 2628 1306; x_wconf 90' lang='lat' dir='ltr'><strong>corpus,</strong></span> <span class='ocrx_word' id='word_1_312' title='bbox 2701 1234 2937 1289; x_wconf 85' lang='lat' dir='ltr'><strong>animam</strong></span> <span class='ocrx_word' id='word_1_313' title='bbox 3011 1242 3192 1289; x_wconf 89' lang='lat' dir='ltr'><strong>autem</strong></span> <span class='ocrx_word' id='word_1_314' title='bbox 3283 1232 3532 1288; x_wconf 90' lang='lat' dir='ltr'><strong>occidere</strong></span> 
     </span>
    </p>
   </div>
   <div class='ocr_carea' id='block_1_44' title="bbox 1947 1323 3528 1396">
    <p class='ocr_par' dir='ltr' id='par_1_44' title="bbox 1947 1323 3528 1396">
     <span class='ocr_line' id='line_1_44' title="bbox 1947 1323 3528 1396; baseline -0.003 -16"><span class='ocrx_word' id='word_1_315' title='bbox 1947 1341 2053 1380; x_wconf 92' lang='lat' dir='ltr'><strong>non</strong></span> <span class='ocrx_word' id='word_1_316' title='bbox 2100 1327 2365 1396; x_wconf 71' lang='lat' dir='ltr'><strong>possunt‘</strong></span> <span class='ocrx_word' id='word_1_317' title='bbox 2417 1342 2431 1378; x_wconf 88' lang='lat'><strong>:</strong></span> <span class='ocrx_word' id='word_1_318' title='bbox 2487 1345 2506 1378; x_wconf 77' lang='grc' dir='ltr'><strong>ι</strong></span> <span class='ocrx_word' id='word_1_319' title='bbox 2558 1326 2900 1396; x_wconf 90' lang='lat' dir='ltr'><strong>prudentiam</strong></span> <span class='ocrx_word' id='word_1_320' title='bbox 2954 1341 3106 1388; x_wconf 88' lang='lat' dir='ltr'><strong>vero,</strong></span> <span class='ocrx_word' id='word_1_321' title='bbox 3160 1324 3379 1394; x_wconf 89' lang='lat' dir='ltr'><strong>quando</strong></span> <span class='ocrx_word' id='word_1_322' title='bbox 3432 1323 3528 1377; x_wconf 83' lang='lat' dir='ltr'><strong>ad-</strong></span> 
     </span>
    </p>
   </div>
   <div class='ocr_carea' id='block_1_45' title="bbox 1947 1415 3534 1490">
    <p class='ocr_par' dir='ltr' id='par_1_45' title="bbox 1947 1415 3534 1490">
     <span class='ocr_line' id='line_1_45' title="bbox 1947 1415 3534 1490; baseline -0.003 -16"><span class='ocrx_word' id='word_1_323' title='bbox 1947 1428 2130 1475; x_wconf 84' lang='lat' dir='ltr'><strong>monet</strong></span> <span class='ocrx_word' id='word_1_324' title='bbox 2161 1437 2174 1475; x_wconf 89' lang='lat'><strong>:</strong></span> <span class='ocrx_word' id='word_1_325' title='bbox 2207 1439 2226 1472; x_wconf 80' lang='grc' dir='ltr'><strong>ι</strong></span> <span class='ocrx_word' id='word_1_326' title='bbox 2257 1420 2445 1475; x_wconf 82' lang='lat' dir='ltr'><strong>Estote</strong></span> <span class='ocrx_word' id='word_1_327' title='bbox 2472 1418 2792 1490; x_wconf 88' lang='lat' dir='ltr'><strong>prudentes,</strong></span> <span class='ocrx_word' id='word_1_328' title='bbox 2827 1428 2886 1472; x_wconf 90' lang='lat' dir='ltr'><strong>ut</strong></span> <span class='ocrx_word' id='word_1_329' title='bbox 2919 1427 3198 1489; x_wconf 82' lang='lat' dir='ltr'><strong>serpentes</strong></span> <span class='ocrx_word' id='word_1_330' title='bbox 3219 1419 3239 1448; x_wconf 83' lang='lat'>&#39;</span> <span class='ocrx_word' id='word_1_331' title='bbox 3275 1435 3290 1471; x_wconf 92' lang='lat'><strong>:</strong></span> <span class='ocrx_word' id='word_1_332' title='bbox 3323 1435 3343 1469; x_wconf 78' lang='grc' dir='ltr'><strong>ι</strong></span> <span class='ocrx_word' id='word_1_333' title='bbox 3368 1415 3534 1484; x_wconf 85' lang='lat' dir='ltr'><strong>justi-</strong></span> 
     </span>
    </p>
   </div>
   <div class='ocr_carea' id='block_1_46' title="bbox 1949 1509 3538 1583">
    <p class='ocr_par' dir='ltr' id='par_1_46' title="bbox 1949 1509 3538 1583">
     <span class='ocr_line' id='line_1_46' title="bbox 1949 1509 3538 1583; baseline -0.003 -15"><span class='ocrx_word' id='word_1_334' title='bbox 1949 1515 2076 1569; x_wconf 89' lang='lat' dir='ltr'><strong>tiam</strong></span> <span class='ocrx_word' id='word_1_335' title='bbox 2114 1526 2317 1580; x_wconf 90' lang='lat' dir='ltr'><strong>autem,</strong></span> <span class='ocrx_word' id='word_1_336' title='bbox 2361 1511 2581 1583; x_wconf 86' lang='lat' dir='ltr'><strong>quando</strong></span> <span class='ocrx_word' id='word_1_337' title='bbox 2598 1513 2757 1568; x_wconf 88' lang='lat' dir='ltr'><strong>docet</strong></span> <span class='ocrx_word' id='word_1_338' title='bbox 2783 1531 2796 1566; x_wconf 91' lang='lat'><strong>:</strong></span> <span class='ocrx_word' id='word_1_339' title='bbox 2827 1530 2846 1564; x_wconf 81' lang='grc' dir='ltr'><strong>ι</strong></span> <span class='ocrx_word' id='word_1_340' title='bbox 2879 1510 3031 1567; x_wconf 89' lang='lat' dir='ltr'><strong>Sicut</strong></span> <span class='ocrx_word' id='word_1_341' title='bbox 3055 1512 3218 1566; x_wconf 84' lang='lat' dir='ltr'><strong>vultis</strong></span> <span class='ocrx_word' id='word_1_342' title='bbox 3241 1519 3296 1566; x_wconf 86' lang='lat' dir='ltr'><strong>ul</strong></span> <span class='ocrx_word' id='word_1_343' title='bbox 3335 1509 3538 1566; x_wconf 86' lang='lat' dir='ltr'><strong>faciant</strong></span> 
     </span>
    </p>
   </div>
   <div class='ocr_carea' id='block_1_47' title="bbox 1949 1602 3538 1671">
    <p class='ocr_par' dir='ltr' id='par_1_47' title="bbox 1949 1602 3538 1671">
     <span class='ocr_line' id='line_1_47' title="bbox 1949 1602 3538 1671; baseline -0.004 -12"><span class='ocrx_word' id='word_1_344' title='bbox 1949 1605 2102 1660; x_wconf 83' lang='lat' dir='ltr'><strong>vobis</strong></span> <span class='ocrx_word' id='word_1_345' title='bbox 2135 1603 2401 1668; x_wconf 84' lang='lat' dir='ltr'><strong>homines,</strong></span> <span class='ocrx_word' id='word_1_346' title='bbox 2445 1602 2517 1657; x_wconf 88' lang='lat' dir='ltr'><strong>ita</strong></span> <span class='ocrx_word' id='word_1_347' title='bbox 2546 1611 2600 1658; x_wconf 91' lang='lat' dir='ltr'><strong>et</strong></span> <span class='ocrx_word' id='word_1_348' title='bbox 2634 1618 2728 1658; x_wconf 91' lang='lat' dir='ltr'><strong>vos</strong></span> <span class='ocrx_word' id='word_1_349' title='bbox 2773 1603 2937 1658; x_wconf 88' lang='lat' dir='ltr'><strong>facile</strong></span> <span class='ocrx_word' id='word_1_350' title='bbox 2963 1603 3043 1658; x_wconf 91' lang='lat' dir='ltr'><strong>eis</strong></span> <span class='ocrx_word' id='word_1_351' title='bbox 3073 1604 3094 1636; x_wconf 85' lang='grc'>⁸</span> <span class='ocrx_word' id='word_1_352' title='bbox 3124 1620 3140 1660; x_wconf 87' lang='grc'>;</span> <span class='ocrx_word' id='word_1_353' title='bbox 3177 1622 3194 1654; x_wconf 82' lang='grc' dir='ltr'><strong>ι</strong></span> <span class='ocrx_word' id='word_1_354' title='bbox 3228 1611 3538 1671; x_wconf 80' lang='lat' dir='ltr'><strong>temperan-</strong></span> 
     </span>
    </p>
   </div>
   <div class='ocr_carea' id='block_1_48' title="bbox 1951 1692 3534 1768">
    <p class='ocr_par' dir='ltr' id='par_1_48' title="bbox 1951 1692 3534 1768">
     <span class='ocr_line' id='line_1_48' title="bbox 1951 1692 3534 1768; baseline -0.003 -16"><span class='ocrx_word' id='word_1_355' title='bbox 1951 1699 2080 1753; x_wconf 86' lang='lat' dir='ltr'><strong>tiam</strong></span> <span class='ocrx_word' id='word_1_356' title='bbox 2111 1711 2347 1768; x_wconf 91' lang='lat' dir='ltr'><strong>quoque,</strong></span> <span class='ocrx_word' id='word_1_357' title='bbox 2378 1695 2593 1765; x_wconf 85' lang='lat' dir='ltr'><strong>quando</strong></span> <span class='ocrx_word' id='word_1_358' title='bbox 2621 1693 2855 1750; x_wconf 74' lang='lat' dir='ltr'><strong>afﬁrmat</strong></span> <span class='ocrx_word' id='word_1_359' title='bbox 2904 1714 2919 1751; x_wconf 90' lang='lat'><strong>:</strong></span> <span class='ocrx_word' id='word_1_360' title='bbox 2961 1714 2979 1748; x_wconf 82' lang='grc' dir='ltr'><strong>ι</strong></span> <span class='ocrx_word' id='word_1_361' title='bbox 3009 1692 3201 1750; x_wconf 87' lang='lat' dir='ltr'><strong>Omnis</strong></span> <span class='ocrx_word' id='word_1_362' title='bbox 3222 1694 3312 1764; x_wconf 91' lang='lat' dir='ltr'><strong>qui</strong></span> <span class='ocrx_word' id='word_1_363' title='bbox 3371 1707 3534 1761; x_wconf 85' lang='lat' dir='ltr'><strong>aspc-</strong></span> 
     </span>
    </p>
   </div>
   <div class='ocr_carea' id='block_1_49' title="bbox 1951 1786 3537 1859">
    <p class='ocr_par' dir='ltr' id='par_1_49' title="bbox 1951 1786 3537 1859">
     <span class='ocr_line' id='line_1_49' title="bbox 1951 1786 3537 1859; baseline -0.001 -16"><span class='ocrx_word' id='word_1_364' title='bbox 1951 1787 2093 1843; x_wconf 77' lang='lat' dir='ltr'><strong>xerit</strong></span> <span class='ocrx_word' id='word_1_365' title='bbox 2124 1786 2431 1852; x_wconf 77' lang='lat' dir='ltr'><strong>mulierem,</strong></span> <span class='ocrx_word' id='word_1_366' title='bbox 2463 1799 2520 1842; x_wconf 92' lang='lat' dir='ltr'><strong>ut</strong></span> <span class='ocrx_word' id='word_1_367' title='bbox 2549 1787 2900 1859; x_wconf 86' lang='lat' dir='ltr'><strong>concupiscat</strong></span> <span class='ocrx_word' id='word_1_368' title='bbox 2928 1787 3195 1856; x_wconf 81' lang='lat' dir='ltr'><strong>eam,jam</strong></span> <span class='ocrx_word' id='word_1_369' title='bbox 3233 1787 3537 1843; x_wconf 74' lang='lat' dir='ltr'><strong>tricechatus</strong></span> 
     </span>
    </p>
   </div>
   <div class='ocr_carea' id='block_1_50' title="bbox 1953 1879 3538 1950">
    <p class='ocr_par' dir='ltr' id='par_1_50' title="bbox 1953 1879 3538 1950">
     <span class='ocr_line' id='line_1_50' title="bbox 1953 1879 3538 1950; baseline -0.003 -14"><span class='ocrx_word' id='word_1_370' title='bbox 1953 1886 2037 1936; x_wconf 89' lang='lat' dir='ltr'><strong>est</strong></span> <span class='ocrx_word' id='word_1_371' title='bbox 2104 1894 2224 1934; x_wconf 89' lang='lat' dir='ltr'><strong>eam</strong></span> <span class='ocrx_word' id='word_1_372' title='bbox 2280 1879 2333 1934; x_wconf 92' lang='lat' dir='ltr'><strong>in</strong></span> <span class='ocrx_word' id='word_1_373' title='bbox 2383 1879 2544 1935; x_wconf 90' lang='lat' dir='ltr'><strong>corde</strong></span> <span class='ocrx_word' id='word_1_374' title='bbox 2584 1879 2748 1936; x_wconf 67' lang='lat' dir='ltr'><strong>suo‘.</strong></span> <span class='ocrx_word' id='word_1_375' title='bbox 2819 1899 2839 1932; x_wconf 78' lang='grc' dir='ltr'><strong>ι</strong></span> <span class='ocrx_word' id='word_1_376' title='bbox 2906 1880 3026 1936; x_wconf 89' lang='lat' dir='ltr'><strong>Alio</strong></span> <span class='ocrx_word' id='word_1_377' title='bbox 3087 1893 3307 1950; x_wconf 79' lang='lat' dir='ltr'><strong>quoque</strong></span> <span class='ocrx_word' id='word_1_378' title='bbox 3359 1879 3538 1934; x_wconf 88' lang='lat' dir='ltr'><strong>modo.</strong></span> 
     </span>
    </p>
   </div>
   <div class='ocr_carea' id='block_1_51' title="bbox 1954 1969 3546 2042">
    <p class='ocr_par' dir='ltr' id='par_1_51' title="bbox 1954 1969 3546 2042">
     <span class='ocr_line' id='line_1_51' title="bbox 1954 1969 3546 2042; baseline -0.001 -18"><span class='ocrx_word' id='word_1_379' title='bbox 1954 1969 2199 2038; x_wconf 85' lang='lat' dir='ltr'><strong>Quatuor</strong></span> <span class='ocrx_word' id='word_1_380' title='bbox 2229 1977 2354 2026; x_wconf 88' lang='lat' dir='ltr'><strong>sunt</strong></span> <span class='ocrx_word' id='word_1_381' title='bbox 2383 1969 2695 2042; x_wconf 80' lang='lat' dir='ltr'><strong>Evangelia,</strong></span> <span class='ocrx_word' id='word_1_382' title='bbox 2752 1972 2878 2042; x_wconf 87' lang='lat' dir='ltr'><strong>quia</strong></span> <span class='ocrx_word' id='word_1_383' title='bbox 2931 1973 3046 2042; x_wconf 83' lang='lat' dir='ltr'><strong>ipsa</strong></span> <span class='ocrx_word' id='word_1_384' title='bbox 3100 1981 3227 2027; x_wconf 87' lang='lat' dir='ltr'><strong>sunt</strong></span> <span class='ocrx_word' id='word_1_385' title='bbox 3275 1971 3546 2027; x_wconf 71' lang='lat' dir='ltr'><strong>columna:</strong></span> 
     </span>
    </p>
   </div>
   <div class='ocr_carea' id='block_1_52' title="bbox 1956 2061 3537 2137">
    <p class='ocr_par' dir='ltr' id='par_1_52' title="bbox 1956 2061 3537 2137">
     <span class='ocr_line' id='line_1_52' title="bbox 1956 2061 3537 2137; baseline -0.001 -20"><span class='ocrx_word' id='word_1_386' title='bbox 1956 2063 2165 2125; x_wconf 88' lang='lat' dir='ltr'><strong>mundi,</strong></span> <span class='ocrx_word' id='word_1_387' title='bbox 2192 2061 2329 2118; x_wconf 88' lang='lat' dir='ltr'><strong>Cum</strong></span> <span class='ocrx_word' id='word_1_388' title='bbox 2361 2071 2542 2119; x_wconf 88' lang='lat' dir='ltr'><strong>autem</strong></span> <span class='ocrx_word' id='word_1_389' title='bbox 2571 2067 2804 2120; x_wconf 85' lang='lat' dir='ltr'><strong>mundus</strong></span> <span class='ocrx_word' id='word_1_390' title='bbox 2837 2072 3280 2137; x_wconf 68' lang='lat' dir='ltr'><strong>quamne-partes</strong></span> <span class='ocrx_word' id='word_1_391' title='bbox 3313 2064 3537 2124; x_wconf 85' lang='lat' dir='ltr'><strong>habeat,</strong></span> 
     </span>
    </p>
   </div>
   <div class='ocr_carea' id='block_1_53' title="bbox 1957 2145 3546 2229">
    <p class='ocr_par' dir='ltr' id='par_1_53' title="bbox 1957 2145 3546 2229">
     <span class='ocr_line' id='line_1_53' title="bbox 1957 2145 3546 2229; baseline -0.001 -16"><span class='ocrx_word' id='word_1_392' title='bbox 1957 2157 2256 2224; x_wconf 85' lang='lat' dir='ltr'><strong>Orientem,</strong></span> <span class='ocrx_word' id='word_1_393' title='bbox 2320 2155 2692 2225; x_wconf 87' lang='lat' dir='ltr'><strong>Occidentem,</strong></span> <span class='ocrx_word' id='word_1_394' title='bbox 2746 2145 3206 2229; x_wconf 76' lang='lat' dir='ltr'><strong>Septentrionem,</strong></span> <span class='ocrx_word' id='word_1_395' title='bbox 3269 2166 3336 2214; x_wconf 26' lang='lat' dir='ltr'><strong>et.</strong></span> <span class='ocrx_word' id='word_1_396' title='bbox 3383 2156 3546 2212; x_wconf 77' lang='lat' dir='ltr'><strong>Meri-</strong></span> 
     </span>
    </p>
   </div>
   <div class='ocr_carea' id='block_1_54' title="bbox 1958 2248 3548 2322">
    <p class='ocr_par' dir='ltr' id='par_1_54' title="bbox 1958 2248 3548 2322">
     <span class='ocr_line' id='line_1_54' title="bbox 1958 2248 3548 2322; baseline 0 -18"><span class='ocrx_word' id='word_1_397' title='bbox 1958 2248 2100 2304; x_wconf 91' lang='lat' dir='ltr'><strong>diem</strong></span> <span class='ocrx_word' id='word_1_398' title='bbox 2128 2249 2227 2321; x_wconf 89' lang='lat' dir='ltr'><strong>(a),</strong></span> <span class='ocrx_word' id='word_1_399' title='bbox 2245 2249 2536 2306; x_wconf 88' lang='lat' dir='ltr'><strong>decebatet</strong></span> <span class='ocrx_word' id='word_1_400' title='bbox 2563 2251 2844 2306; x_wconf 85' lang='lat' dir='ltr'><strong>columnas</strong></span> <span class='ocrx_word' id='word_1_401' title='bbox 2865 2261 3099 2322; x_wconf 85' lang='lat' dir='ltr'><strong>quatuor</strong></span> <span class='ocrx_word' id='word_1_402' title='bbox 3135 2266 3277 2308; x_wconf 90' lang='lat' dir='ltr'><strong>esse.</strong></span> <span class='ocrx_word' id='word_1_403' title='bbox 3307 2249 3426 2304; x_wconf 85' lang='lat' dir='ltr'><strong>Alio</strong></span> <span class='ocrx_word' id='word_1_404' title='bbox 3451 2251 3548 2304; x_wconf 84' lang='lat' dir='ltr'><strong>de-</strong></span> 
     </span>
    </p>
   </div>
   <div class='ocr_carea' id='block_1_55' title="bbox 1962 2343 3553 2415">
    <p class='ocr_par' dir='ltr' id='par_1_55' title="bbox 1962 2343 3553 2415">
     <span class='ocr_line' id='line_1_55' title="bbox 1962 2343 3553 2415; baseline -0.003 -15"><span class='ocrx_word' id='word_1_405' title='bbox 1962 2345 2122 2414; x_wconf 87' lang='lat' dir='ltr'><strong>nique</strong></span> <span class='ocrx_word' id='word_1_406' title='bbox 2145 2345 2328 2401; x_wconf 90' lang='lat' dir='ltr'><strong>modo.</strong></span> <span class='ocrx_word' id='word_1_407' title='bbox 2355 2345 2597 2413; x_wconf 85' lang='lat' dir='ltr'><strong>Quatuor</strong></span> <span class='ocrx_word' id='word_1_408' title='bbox 2614 2355 2737 2400; x_wconf 88' lang='lat' dir='ltr'><strong>sunt</strong></span> <span class='ocrx_word' id='word_1_409' title='bbox 2755 2343 3065 2415; x_wconf 80' lang='lat' dir='ltr'><strong>Evangelia,</strong></span> <span class='ocrx_word' id='word_1_410' title='bbox 3087 2343 3337 2414; x_wconf 89' lang='lat' dir='ltr'><strong>quoniam</strong></span> <span class='ocrx_word' id='word_1_411' title='bbox 3362 2352 3412 2398; x_wconf 91' lang='lat' dir='ltr'><strong>et</strong></span> <span class='ocrx_word' id='word_1_412' title='bbox 3435 2343 3553 2398; x_wconf 71' lang='lat' dir='ltr'><strong>haec</strong></span> 
     </span>
    </p>
   </div>
   <div class='ocr_carea' id='block_1_56' title="bbox 1961 2433 3548 2502">
    <p class='ocr_par' dir='ltr' id='par_1_56' title="bbox 1961 2433 3548 2502">
     <span class='ocr_line' id='line_1_56' title="bbox 1961 2433 3548 2502; baseline -0.002 -15"><span class='ocrx_word' id='word_1_413' title='bbox 1961 2442 2195 2502; x_wconf 86' lang='lat' dir='ltr'><strong>quatuor</strong></span> <span class='ocrx_word' id='word_1_414' title='bbox 2222 2433 2540 2490; x_wconf 89' lang='lat' dir='ltr'><strong>continent:</strong></span> <span class='ocrx_word' id='word_1_415' title='bbox 2587 2433 2860 2497; x_wconf 80' lang='lat' dir='ltr'><strong>videlicet,</strong></span> <span class='ocrx_word' id='word_1_416' title='bbox 2889 2435 3216 2499; x_wconf 86' lang='lat' dir='ltr'><strong>doctrinam,</strong></span> <span class='ocrx_word' id='word_1_417' title='bbox 3269 2433 3548 2496; x_wconf 76' lang='lat' dir='ltr'><strong>mandata,</strong></span> 
     </span>
    </p>
   </div>
   <div class='ocr_carea' id='block_1_57' title="bbox 1963 2524 3552 2596">
    <p class='ocr_par' dir='ltr' id='par_1_57' title="bbox 1963 2524 3552 2596">
     <span class='ocr_line' id='line_1_57' title="bbox 1963 2524 3552 2596; baseline 0 -18"><span class='ocrx_word' id='word_1_418' title='bbox 1963 2524 2163 2591; x_wconf 90' lang='lat' dir='ltr'><strong>minas,</strong></span> <span class='ocrx_word' id='word_1_419' title='bbox 2196 2533 2251 2578; x_wconf 89' lang='lat' dir='ltr'><strong>et</strong></span> <span class='ocrx_word' id='word_1_420' title='bbox 2284 2524 2706 2594; x_wconf 87' lang='lat' dir='ltr'><strong>promissiones;</strong></span> <span class='ocrx_word' id='word_1_421' title='bbox 2735 2535 2788 2581; x_wconf 91' lang='lat' dir='ltr'><strong>et</strong></span> <span class='ocrx_word' id='word_1_422' title='bbox 2819 2525 2886 2582; x_wconf 91' lang='lat' dir='ltr'><strong>iis</strong></span> <span class='ocrx_word' id='word_1_423' title='bbox 2915 2527 3130 2596; x_wconf 88' lang='lat' dir='ltr'><strong>quidem</strong></span> <span class='ocrx_word' id='word_1_424' title='bbox 3170 2527 3259 2596; x_wconf 90' lang='lat' dir='ltr'><strong>qui</strong></span> <span class='ocrx_word' id='word_1_425' title='bbox 3292 2526 3552 2581; x_wconf 67' lang='lat' dir='ltr'><strong>doctrinae</strong></span> 
     </span>
    </p>
   </div>
   <div class='ocr_carea' id='block_1_58' title="bbox 1967 2615 3553 2687">
    <p class='ocr_par' dir='ltr' id='par_1_58' title="bbox 1967 2615 3553 2687">
     <span class='ocr_line' id='line_1_58' title="bbox 1967 2615 3553 2687; baseline -0.001 -16"><span class='ocrx_word' id='word_1_426' title='bbox 1967 2615 2124 2671; x_wconf 80' lang='lat' dir='ltr'><strong>ﬁdem</strong></span> <span class='ocrx_word' id='word_1_427' title='bbox 2187 2615 2554 2683; x_wconf 74' lang='lat' dir='ltr'><strong>adhibuerim,</strong></span> <span class='ocrx_word' id='word_1_428' title='bbox 2611 2618 2812 2687; x_wconf 86' lang='lat' dir='ltr'><strong>quique</strong></span> <span class='ocrx_word' id='word_1_429' title='bbox 2883 2620 3132 2674; x_wconf 84' lang='lat' dir='ltr'><strong>mandata</strong></span> <span class='ocrx_word' id='word_1_430' title='bbox 3193 2617 3553 2679; x_wconf 77' lang='lat' dir='ltr'><strong>servaverint,</strong></span> 
     </span>
    </p>
   </div>
   <div class='ocr_carea' id='block_1_59' title="bbox 1966 2706 3556 2780">
    <p class='ocr_par' dir='ltr' id='par_1_59' title="bbox 1966 2706 3556 2780">
     <span class='ocr_line' id='line_1_59' title="bbox 1966 2706 3556 2780; baseline 0.001 -18"><span class='ocrx_word' id='word_1_431' title='bbox 1966 2706 2146 2762; x_wconf 89' lang='lat' dir='ltr'><strong>futura</strong></span> <span class='ocrx_word' id='word_1_432' title='bbox 2205 2707 2343 2763; x_wconf 88' lang='lat' dir='ltr'><strong>bona</strong></span> <span class='ocrx_word' id='word_1_433' title='bbox 2386 2709 2816 2780; x_wconf 86' lang='lat' dir='ltr'><strong>promittuntur:</strong></span> <span class='ocrx_word' id='word_1_434' title='bbox 2860 2711 2926 2766; x_wconf 83' lang='lat' dir='ltr'><strong>iis</strong></span> <span class='ocrx_word' id='word_1_435' title='bbox 2963 2726 3091 2766; x_wconf 84' lang='lat' dir='ltr'><strong>vero</strong></span> <span class='ocrx_word' id='word_1_436' title='bbox 3145 2712 3234 2780; x_wconf 88' lang='lat' dir='ltr'><strong>qui</strong></span> <span class='ocrx_word' id='word_1_437' title='bbox 3292 2710 3556 2773; x_wconf 67' lang='lat' dir='ltr'><strong>doctrina:</strong></span> 
     </span>
    </p>
   </div>
   <div class='ocr_carea' id='block_1_60' title="bbox 1969 2797 3555 2865">
    <p class='ocr_par' dir='ltr' id='par_1_60' title="bbox 1969 2797 3555 2865">
     <span class='ocr_line' id='line_1_60' title="bbox 1969 2797 3555 2865; baseline -0.001 -12"><span class='ocrx_word' id='word_1_438' title='bbox 1969 2813 2072 2854; x_wconf 92' lang='lat' dir='ltr'><strong>non</strong></span> <span class='ocrx_word' id='word_1_439' title='bbox 2105 2797 2464 2864; x_wconf 71' lang='lat' dir='ltr'><strong>crediderint,~</strong></span> <span class='ocrx_word' id='word_1_440' title='bbox 2499 2813 2599 2853; x_wconf 84' lang='lat' dir='ltr'><strong>nec</strong></span> <span class='ocrx_word' id='word_1_441' title='bbox 2648 2800 2900 2854; x_wconf 84' lang='lat' dir='ltr'><strong>mandata</strong></span> <span class='ocrx_word' id='word_1_442' title='bbox 2950 2801 3312 2865; x_wconf 72' lang='lat' dir='ltr'><strong>servaverint,</strong></span> <span class='ocrx_word' id='word_1_443' title='bbox 3372 2799 3555 2854; x_wconf 83' lang='lat' dir='ltr'><strong>futura</strong></span> 
     </span>
    </p>
   </div>
   <div class='ocr_carea' id='block_1_61' title="bbox 1975 2893 3554 2966">
    <p class='ocr_par' dir='ltr' id='par_1_61' title="bbox 1975 2893 3554 2966">
     <span class='ocr_line' id='line_1_61' title="bbox 1975 2893 3554 2966; baseline -0.003 -17"><span class='ocrx_word' id='word_1_444' title='bbox 1975 2894 2320 2949; x_wconf 89' lang='lat' dir='ltr'><strong>intentantur</strong></span> <span class='ocrx_word' id='word_1_445' title='bbox 2360 2893 2646 2964; x_wconf 76' lang='lat' dir='ltr'><strong>supplicia.</strong></span> <span class='ocrx_word' id='word_1_446' title='bbox 2685 2895 2754 2948; x_wconf 81' lang='lat' dir='ltr'><strong>At</strong></span> <span class='ocrx_word' id='word_1_447' title='bbox 2788 2909 2918 2948; x_wconf 87' lang='lat' dir='ltr'><strong>vero</strong></span> <span class='ocrx_word' id='word_1_448' title='bbox 2942 2893 3293 2966; x_wconf 81' lang='lat' dir='ltr'><strong>Evangelium</strong></span> <span class='ocrx_word' id='word_1_449' title='bbox 3332 2893 3554 2957; x_wconf 90' lang='lat' dir='ltr'><strong>dicitur,</strong></span> 
     </span>
    </p>
   </div>
   <div class='ocr_carea' id='block_1_62' title="bbox 1972 2987 3552 3059">
    <p class='ocr_par' dir='ltr' id='par_1_62' title="bbox 1972 2987 3552 3059">
     <span class='ocr_line' id='line_1_62' title="bbox 1972 2987 3552 3059; baseline -0.003 -17"><span class='ocrx_word' id='word_1_450' title='bbox 1972 3003 2037 3042; x_wconf 91' lang='lat' dir='ltr'><strong>eo</strong></span> <span class='ocrx_word' id='word_1_451' title='bbox 2064 2987 2206 3059; x_wconf 89' lang='lat' dir='ltr'><strong>quod</strong></span> <span class='ocrx_word' id='word_1_452' title='bbox 2234 2987 2448 3042; x_wconf 84' lang='lat' dir='ltr'><strong>nuntiet</strong></span> <span class='ocrx_word' id='word_1_453' title='bbox 2502 2987 2664 3043; x_wconf 87' lang='lat' dir='ltr'><strong>nobis</strong></span> <span class='ocrx_word' id='word_1_454' title='bbox 2716 3002 2804 3042; x_wconf 84' lang='lat' dir='ltr'><strong>res</strong></span> <span class='ocrx_word' id='word_1_455' title='bbox 2849 3001 3159 3057; x_wconf 80' lang='lat' dir='ltr'><strong>prosperas,</strong></span> <span class='ocrx_word' id='word_1_456' title='bbox 3207 2994 3265 3040; x_wconf 86' lang='lat' dir='ltr'><strong>et</strong></span> <span class='ocrx_word' id='word_1_457' title='bbox 3310 2987 3446 3039; x_wconf 88' lang='lat' dir='ltr'><strong>bene</strong></span> <span class='ocrx_word' id='word_1_458' title='bbox 3491 2999 3552 3038; x_wconf 83' lang='lat' dir='ltr'><strong>se</strong></span> 
     </span>
    </p>
   </div>
   <div class='ocr_carea' id='block_1_63' title="bbox 1972 3078 3563 3150">
    <p class='ocr_par' dir='ltr' id='par_1_63' title="bbox 1972 3078 3563 3150">
     <span class='ocr_line' id='line_1_63' title="bbox 1972 3078 3563 3150; baseline -0.005 -15"><span class='ocrx_word' id='word_1_459' title='bbox 1972 3079 2256 3147; x_wconf 83' lang='lat' dir='ltr'><strong>habentes,</strong></span> <span class='ocrx_word' id='word_1_460' title='bbox 2292 3079 2396 3135; x_wconf 85' lang='lat' dir='ltr'><strong>hoc</strong></span> <span class='ocrx_word' id='word_1_461' title='bbox 2423 3087 2506 3135; x_wconf 91' lang='lat' dir='ltr'><strong>est</strong></span> <span class='ocrx_word' id='word_1_462' title='bbox 2535 3079 2710 3135; x_wconf 87' lang='lat' dir='ltr'><strong>bona:</strong></span> <span class='ocrx_word' id='word_1_463' title='bbox 2746 3093 2939 3150; x_wconf 90' lang='lat' dir='ltr'><strong>nempe</strong></span> <span class='ocrx_word' id='word_1_464' title='bbox 2967 3078 3339 3134; x_wconf 81' lang='lat' dir='ltr'><strong>remissionem</strong></span> <span class='ocrx_word' id='word_1_465' title='bbox 3377 3089 3563 3145; x_wconf 87' lang='lat' dir='ltr'><strong>pecca-</strong></span> 
     </span>
    </p>
   </div>
   <div class='ocr_carea' id='block_1_64' title="bbox 297 3167 1866 3249">
    <p class='ocr_par' dir='ltr' id='par_1_64' title="bbox 297 3171 1866 3246">
     <span class='ocr_line' id='line_1_64' title="bbox 297 3171 1866 3246; baseline -0.001 -19"><span class='ocrx_word' id='word_1_466' title='bbox 297 3175 369 3240; x_wconf 82' lang='grc' dir='ltr'><strong>είς</strong></span> <span class='ocrx_word' id='word_1_467' title='bbox 401 3175 672 3246; x_wconf 78' lang='grc' dir='ltr'>οὐρανοὺς</span> <span class='ocrx_word' id='word_1_468' title='bbox 692 3211 708 3238; x_wconf 92' lang='grc'><strong>,</strong></span> <span class='ocrx_word' id='word_1_469' title='bbox 743 3173 1018 3227; x_wconf 82' lang='grc' dir='ltr'>υἱοθεσίαν</span> <span class='ocrx_word' id='word_1_470' title='bbox 1050 3172 1210 3230; x_wconf 80' lang='grc' dir='ltr'>Θεοῦ.</span> <span class='ocrx_word' id='word_1_471' title='bbox 1245 3172 1528 3243; x_wconf 85' lang='grc' dir='ltr'>Ἀγγέλλει</span> <span class='ocrx_word' id='word_1_472' title='bbox 1560 3171 1617 3227; x_wconf 78' lang='grc' dir='ltr'>δὲ</span> <span class='ocrx_word' id='word_1_473' title='bbox 1653 3172 1750 3226; x_wconf 73' lang='grc' dir='ltr'>καὶ</span> <span class='ocrx_word' id='word_1_474' title='bbox 1786 3172 1866 3225; x_wconf 85' lang='grc' dir='ltr'>ὃτι</span> 
     </span>
    </p>
   </div>
   <div class='ocr_carea' id='block_1_65' title="bbox 1971 3167 3562 3249">
    <p class='ocr_par' dir='ltr' id='par_1_65' title="bbox 1975 3167 3562 3245">
     <span class='ocr_line' id='line_1_65' title="bbox 1975 3167 3562 3245; baseline -0.006 -16"><span class='ocrx_word' id='word_1_475' title='bbox 1975 3184 2175 3240; x_wconf 86' lang='lat' dir='ltr'><strong>torum,</strong></span> <span class='ocrx_word' id='word_1_476' title='bbox 2204 3173 2496 3245; x_wconf 80' lang='lat' dir='ltr'><strong>justitiam,</strong></span> <span class='ocrx_word' id='word_1_477' title='bbox 2533 3173 2763 3228; x_wconf 86' lang='lat' dir='ltr'><strong>reditum</strong></span> <span class='ocrx_word' id='word_1_478' title='bbox 2795 3172 2848 3227; x_wconf 94' lang='lat' dir='ltr'><strong>in</strong></span> <span class='ocrx_word' id='word_1_479' title='bbox 2875 3170 3068 3237; x_wconf 64' lang='lat' dir='ltr'><strong>caelos,</strong></span> <span class='ocrx_word' id='word_1_480' title='bbox 3121 3170 3467 3240; x_wconf 86' lang='lat' dir='ltr'><strong>adoptionem</strong></span> <span class='ocrx_word' id='word_1_481' title='bbox 3507 3167 3562 3220; x_wconf 90' lang='lat' dir='ltr'><strong>iu</strong></span> 
     </span>
    </p>
   </div>
   <div class='ocr_carea' id='block_1_66' title="bbox 298 3264 1877 3338">
    <p class='ocr_par' dir='ltr' id='par_1_66' title="bbox 298 3264 1877 3338">
     <span class='ocr_line' id='line_1_66' title="bbox 298 3264 1877 3338; baseline -0.004 -15"><span class='ocrx_word' id='word_1_482' title='bbox 298 3266 521 3332; x_wconf 81' lang='grc' dir='ltr'>εὐκόλως</span> <span class='ocrx_word' id='word_1_483' title='bbox 569 3266 750 3323; x_wconf 77' lang='grc' dir='ltr'>ταῦτα</span> <span class='ocrx_word' id='word_1_484' title='bbox 792 3265 1164 3338; x_wconf 85' lang='grc' dir='ltr'>λαμϐάνομεν.</span> <span class='ocrx_word' id='word_1_485' title='bbox 1207 3266 1300 3338; x_wconf 84' lang='grc' dir='ltr'><strong>Μὴ</strong></span> <span class='ocrx_word' id='word_1_486' title='bbox 1346 3264 1457 3338; x_wconf 85' lang='grc' dir='ltr'><strong>γὰρ</strong></span> <span class='ocrx_word' id='word_1_487' title='bbox 1499 3265 1877 3334; x_wconf 70' lang='grc' dir='ltr'>ἑκοπιάσαμεν</span> 
     </span>
    </p>
   </div>
   <div class='ocr_carea' id='block_1_67' title="bbox 298 3355 1878 3434">
    <p class='ocr_par' dir='ltr' id='par_1_67' title="bbox 298 3355 1878 3434">
     <span class='ocr_line' id='line_1_67' title="bbox 298 3355 1878 3434; baseline -0.003 -19"><span class='ocrx_word' id='word_1_488' title='bbox 298 3362 448 3434; x_wconf 69' lang='grc' dir='ltr'>ἡμεῖς</span> <span class='ocrx_word' id='word_1_489' title='bbox 477 3360 582 3414; x_wconf 71' lang='grc' dir='ltr'><strong>ἐπὶ</strong></span> <span class='ocrx_word' id='word_1_490' title='bbox 610 3361 677 3432; x_wconf 81' lang='grc' dir='ltr'>τῇ</span> <span class='ocrx_word' id='word_1_491' title='bbox 708 3359 899 3430; x_wconf 84' lang='grc' dir='ltr'>κτήσει</span> <span class='ocrx_word' id='word_1_492' title='bbox 924 3357 1132 3413; x_wconf 86' lang='grc' dir='ltr'>τούτων</span> <span class='ocrx_word' id='word_1_493' title='bbox 1161 3357 1270 3412; x_wconf 91' lang='grc' dir='ltr'><strong>τῶν</strong></span> <span class='ocrx_word' id='word_1_494' title='bbox 1300 3356 1542 3427; x_wconf 82' lang='grc' dir='ltr'>ἀγαθῶν,</span> <span class='ocrx_word' id='word_1_495' title='bbox 1574 3356 1608 3429; x_wconf 80' lang='grc' dir='ltr'>ἢ</span> <span class='ocrx_word' id='word_1_496' title='bbox 1637 3355 1699 3422; x_wconf 72' lang='grc' dir='ltr'>ἐξ</span> <span class='ocrx_word' id='word_1_497' title='bbox 1731 3355 1878 3410; x_wconf 85' lang='grc' dir='ltr'>ίδίων</span> 
     </span>
    </p>
   </div>
   <div class='ocr_carea' id='block_1_68' title="bbox 302 3449 1877 3527">
    <p class='ocr_par' dir='ltr' id='par_1_68' title="bbox 302 3449 1877 3527">
     <span class='ocr_line' id='line_1_68' title="bbox 302 3449 1877 3527; baseline -0.004 -19"><span class='ocrx_word' id='word_1_498' title='bbox 302 3452 746 3527; x_wconf 80' lang='grc' dir='ltr'>κατορθωμάτων</span> <span class='ocrx_word' id='word_1_499' title='bbox 771 3451 945 3504; x_wconf 74' lang='grc' dir='ltr'>ταῦτα</span> <span class='ocrx_word' id='word_1_500' title='bbox 971 3449 1259 3520; x_wconf 67' lang='grc' dir='ltr'>ἐλάϐομεν,</span> <span class='ocrx_word' id='word_1_501' title='bbox 1287 3449 1423 3505; x_wconf 87' lang='grc' dir='ltr'><strong>ἀλλά</strong></span> <span class='ocrx_word' id='word_1_502' title='bbox 1451 3449 1637 3521; x_wconf 87' lang='grc' dir='ltr'>χάριτι</span> <span class='ocrx_word' id='word_1_503' title='bbox 1665 3449 1762 3502; x_wconf 72' lang='grc' dir='ltr'>καὶ</span> <span class='ocrx_word' id='word_1_504' title='bbox 1789 3466 1877 3519; x_wconf 85' lang='grc' dir='ltr'>φι-</span> 
     </span>
    </p>
   </div>
   <div class='ocr_carea' id='block_1_69' title="bbox 302 3539 1803 3618">
    <p class='ocr_par' dir='ltr' id='par_1_69' title="bbox 302 3539 1803 3618">
     <span class='ocr_line' id='line_1_69' title="bbox 302 3539 1803 3618; baseline -0.002 -20"><span class='ocrx_word' id='word_1_505' title='bbox 302 3543 617 3618; x_wconf 71' lang='grc' dir='ltr'>λανθρωπίᾳ.</span> <span class='ocrx_word' id='word_1_506' title='bbox 645 3540 812 3611; x_wconf 80' lang='grc' dir='ltr'>Θεοῦ,</span> <span class='ocrx_word' id='word_1_507' title='bbox 843 3541 1183 3614; x_wconf 82' lang='grc' dir='ltr'>τηλικούτων</span> <span class='ocrx_word' id='word_1_508' title='bbox 1210 3539 1434 3611; x_wconf 86' lang='grc' dir='ltr'>ἀγαθῶν</span> <span class='ocrx_word' id='word_1_509' title='bbox 1464 3539 1673 3612; x_wconf 72' lang='grc' dir='ltr'>ἠξιώθη</span> <span class='ocrx_word' id='word_1_510' title='bbox 1682 3557 1803 3611; x_wconf 85' lang='grc' dir='ltr'>μεν.</span> 
     </span>
    </p>
   </div>
   <div class='ocr_carea' id='block_1_70' title="bbox 368 3718 1883 3792">
    <p class='ocr_par' dir='ltr' id='par_1_70' title="bbox 368 3718 1883 3792">
     <span class='ocr_line' id='line_1_70' title="bbox 368 3718 1883 3792; baseline -0.006 -12"><span class='ocrx_word' id='word_1_511' title='bbox 368 3724 526 3780; x_wconf 80' lang='grc' dir='ltr'>Κατὰ</span> <span class='ocrx_word' id='word_1_512' title='bbox 567 3719 896 3779; x_wconf 81' lang='grc' dir='ltr'>Ματθαῖον.</span> <span class='ocrx_word' id='word_1_513' title='bbox 933 3719 1211 3792; x_wconf 87' lang='grc' dir='ltr'>Τέσσαρες</span> <span class='ocrx_word' id='word_1_514' title='bbox 1249 3719 1348 3791; x_wconf 86' lang='grc' dir='ltr'><strong>μέν</strong></span> <span class='ocrx_word' id='word_1_515' title='bbox 1380 3719 1520 3774; x_wconf 85' lang='grc' dir='ltr'>είσιν</span> <span class='ocrx_word' id='word_1_516' title='bbox 1565 3718 1616 3773; x_wconf 78' lang='lat' dir='ltr'><strong>oi</strong></span> <span class='ocrx_word' id='word_1_517' title='bbox 1652 3719 1883 3790; x_wconf 76' lang='grc' dir='ltr'>εὐαγγε-</span> 
     </span>
    </p>
   </div>
   <div class='ocr_carea' id='block_1_71' title="bbox 307 3812 1883 3884">
    <p class='ocr_par' dir='ltr' id='par_1_71' title="bbox 307 3812 1883 3884">
     <span class='ocr_line' id='line_1_71' title="bbox 307 3812 1883 3884; baseline -0.003 -13"><span class='ocrx_word' id='word_1_518' title='bbox 307 3817 477 3873; x_wconf 85' lang='grc' dir='ltr'>λισταί</span> <span class='ocrx_word' id='word_1_519' title='bbox 497 3833 514 3850; x_wconf 79' lang='grc'><strong><em>⁸</em></strong></span> <span class='ocrx_word' id='word_1_520' title='bbox 552 3815 762 3871; x_wconf 87' lang='grc' dir='ltr'>τούτων</span> <span class='ocrx_word' id='word_1_521' title='bbox 795 3813 853 3868; x_wconf 75' lang='grc' dir='ltr'>δὲ</span> <span class='ocrx_word' id='word_1_522' title='bbox 883 3815 932 3868; x_wconf 76' lang='lat' dir='ltr'><strong>oi</strong></span> <span class='ocrx_word' id='word_1_523' title='bbox 968 3813 1069 3884; x_wconf 81' lang='grc' dir='ltr'>μὲν</span> <span class='ocrx_word' id='word_1_524' title='bbox 1097 3813 1222 3878; x_wconf 89' lang='grc' dir='ltr'>δύο,</span> <span class='ocrx_word' id='word_1_525' title='bbox 1255 3812 1534 3877; x_wconf 85' lang='grc' dir='ltr'>Ματθαϊος</span> <span class='ocrx_word' id='word_1_526' title='bbox 1571 3812 1666 3869; x_wconf 70' lang='grc' dir='ltr'>καὶ</span> <span class='ocrx_word' id='word_1_527' title='bbox 1701 3812 1883 3868; x_wconf 88' lang='grc' dir='ltr'>Ἰωάν-</span> 
     </span>
    </p>
   </div>
   <div class='ocr_carea' id='block_1_72' title="bbox 306 3902 1887 3982">
    <p class='ocr_par' dir='ltr' id='par_1_72' title="bbox 306 3902 1887 3982">
     <span class='ocr_line' id='line_1_72' title="bbox 306 3902 1887 3982; baseline -0.011 -18"><span class='ocrx_word' id='word_1_528' title='bbox 306 3927 419 3981; x_wconf 90' lang='grc' dir='ltr'>νης,</span> <span class='ocrx_word' id='word_1_529' title='bbox 445 3905 593 3982; x_wconf 73' lang='grc' dir='ltr'>ἦσαν</span> <span class='ocrx_word' id='word_1_530' title='bbox 618 3909 683 3962; x_wconf 73' lang='grc' dir='ltr'>ἑκ</span> <span class='ocrx_word' id='word_1_531' title='bbox 706 3906 801 3961; x_wconf 83' lang='grc' dir='ltr'>τοῦ</span> <span class='ocrx_word' id='word_1_532' title='bbox 831 3905 995 3979; x_wconf 80' lang='grc' dir='ltr'>χοροῦ</span> <span class='ocrx_word' id='word_1_533' title='bbox 1021 3904 1130 3959; x_wconf 89' lang='grc' dir='ltr'><strong>τῶν</strong></span> <span class='ocrx_word' id='word_1_534' title='bbox 1154 3903 1385 3976; x_wconf 83' lang='grc' dir='ltr'>δώδεκα.</span> <span class='ocrx_word' id='word_1_535' title='bbox 1414 3905 1480 3958; x_wconf 80' lang='grc' dir='ltr'><strong>Οἱ</strong></span> <span class='ocrx_word' id='word_1_536' title='bbox 1507 3903 1563 3959; x_wconf 83' lang='grc' dir='ltr'>δὲ</span> <span class='ocrx_word' id='word_1_537' title='bbox 1588 3902 1702 3970; x_wconf 91' lang='grc' dir='ltr'>δύο,</span> <span class='ocrx_word' id='word_1_538' title='bbox 1728 3903 1887 3976; x_wconf 63' lang='lat' dir='ltr'><strong>Mdg-</strong></span> 
     </span>
    </p>
   </div>
   <div class='ocr_carea' id='block_1_73' title="bbox 308 3992 1888 4074">
    <p class='ocr_par' dir='ltr' id='par_1_73' title="bbox 308 3992 1888 4074">
     <span class='ocr_line' id='line_1_73' title="bbox 308 3992 1888 4074; baseline -0.003 -19"><span class='ocrx_word' id='word_1_539' title='bbox 308 4017 399 4066; x_wconf 87' lang='grc' dir='ltr'><strong>κος</strong></span> <span class='ocrx_word' id='word_1_540' title='bbox 425 4001 576 4074; x_wconf 70' lang='grc' dir='ltr'>φημὶ</span> <span class='ocrx_word' id='word_1_541' title='bbox 607 4000 703 4055; x_wconf 67' lang='grc' dir='ltr'>καὶ</span> <span class='ocrx_word' id='word_1_542' title='bbox 730 4000 969 4066; x_wconf 80' lang='grc' dir='ltr'>Λουκᾶς,</span> <span class='ocrx_word' id='word_1_543' title='bbox 1001 3999 1067 4052; x_wconf 77' lang='grc' dir='ltr'>ὲκ</span> <span class='ocrx_word' id='word_1_544' title='bbox 1093 3996 1203 4052; x_wconf 90' lang='grc' dir='ltr'><strong>τῶν</strong></span> <span class='ocrx_word' id='word_1_545' title='bbox 1234 3992 1748 4068; x_wconf 81' lang='grc' dir='ltr'>έϐδομήκοντα.Ἧν</span> <span class='ocrx_word' id='word_1_546' title='bbox 1773 3997 1831 4052; x_wconf 83' lang='grc' dir='ltr'>δὲ</span> <span class='ocrx_word' id='word_1_547' title='bbox 1859 3997 1888 4050; x_wconf 82' lang='grc' dir='ltr'><strong>ό</strong></span> 
     </span>
    </p>
   </div>
   <div class='ocr_carea' id='block_1_74' title="bbox 312 4089 1890 4164">
    <p class='ocr_par' dir='ltr' id='par_1_74' title="bbox 312 4089 1890 4164">
     <span class='ocr_line' id='line_1_74' title="bbox 312 4089 1890 4164; baseline -0.001 -18"><span class='ocrx_word' id='word_1_548' title='bbox 312 4093 405 4163; x_wconf 82' lang='grc' dir='ltr'>μὲν</span> <span class='ocrx_word' id='word_1_549' title='bbox 436 4093 670 4164; x_wconf 82' lang='grc' dir='ltr'>Μάρκος</span> <span class='ocrx_word' id='word_1_550' title='bbox 704 4091 995 4156; x_wconf 82' lang='grc' dir='ltr'>ἀκόλουθος</span> <span class='ocrx_word' id='word_1_551' title='bbox 1028 4091 1124 4145; x_wconf 77' lang='grc' dir='ltr'>καὶ</span> <span class='ocrx_word' id='word_1_552' title='bbox 1163 4089 1412 4162; x_wconf 82' lang='grc' dir='ltr'>μαθητὴς</span> <span class='ocrx_word' id='word_1_553' title='bbox 1451 4090 1659 4162; x_wconf 85' lang='grc' dir='ltr'>Πέτρου</span> <span class='ocrx_word' id='word_1_554' title='bbox 1685 4107 1699 4124; x_wconf 87' lang='grc'><strong>·</strong></span> <span class='ocrx_word' id='word_1_555' title='bbox 1765 4090 1794 4144; x_wconf 81' lang='grc' dir='ltr'><strong>ό</strong></span> <span class='ocrx_word' id='word_1_556' title='bbox 1829 4089 1890 4144; x_wconf 72' lang='grc' dir='ltr'>δὲ</span> 
     </span>
    </p>
   </div>
   <div class='ocr_carea' id='block_1_75' title="bbox 311 4181 1887 4254">
    <p class='ocr_par' dir='ltr' id='par_1_75' title="bbox 311 4181 1887 4254">
     <span class='ocr_line' id='line_1_75' title="bbox 311 4181 1887 4254; baseline 0 -17"><span class='ocrx_word' id='word_1_557' title='bbox 311 4182 548 4249; x_wconf 78' lang='grc' dir='ltr'>Λουκᾶς,</span> <span class='ocrx_word' id='word_1_558' title='bbox 582 4182 818 4238; x_wconf 87' lang='grc' dir='ltr'>Παύλου.</span> <span class='ocrx_word' id='word_1_559' title='bbox 848 4182 914 4237; x_wconf 88' lang='lat'><strong>&#39;0</strong></span> <span class='ocrx_word' id='word_1_560' title='bbox 940 4181 1118 4236; x_wconf 86' lang='grc' dir='ltr'>τοίνυν</span> <span class='ocrx_word' id='word_1_561' title='bbox 1149 4181 1431 4246; x_wconf 84' lang='grc' dir='ltr'>Ματθαῖος</span> <span class='ocrx_word' id='word_1_562' title='bbox 1451 4221 1466 4248; x_wconf 91' lang='grc'><strong>,</strong></span> <span class='ocrx_word' id='word_1_563' title='bbox 1499 4181 1717 4254; x_wconf 89' lang='grc' dir='ltr'>πρῶτος</span> <span class='ocrx_word' id='word_1_564' title='bbox 1748 4182 1887 4237; x_wconf 89' lang='grc' dir='ltr'>πάν-</span> 
     </span>
    </p>
   </div>
   <div class='ocr_carea' id='block_1_76' title="bbox 311 4272 1890 4347">
    <p class='ocr_par' dir='ltr' id='par_1_76' title="bbox 311 4272 1890 4347">
     <span class='ocr_line' id='line_1_76' title="bbox 311 4272 1890 4347; baseline 0.001 -20"><span class='ocrx_word' id='word_1_565' title='bbox 311 4290 413 4327; x_wconf 90' lang='grc' dir='ltr'><strong>των</strong></span> <span class='ocrx_word' id='word_1_566' title='bbox 435 4273 646 4347; x_wconf 72' lang='grc' dir='ltr'>ἔγραψε</span> <span class='ocrx_word' id='word_1_567' title='bbox 671 4275 732 4326; x_wconf 82' lang='grc' dir='ltr'>τὸ</span> <span class='ocrx_word' id='word_1_568' title='bbox 765 4273 1100 4344; x_wconf 85' lang='grc' dir='ltr'>Εύαγγέλιον</span> <span class='ocrx_word' id='word_1_569' title='bbox 1121 4272 1360 4344; x_wconf 79' lang='grc' dir='ltr'>Ἐϐραΐδι</span> <span class='ocrx_word' id='word_1_570' title='bbox 1388 4275 1540 4345; x_wconf 78' lang='grc' dir='ltr'>φωνῇ</span> <span class='ocrx_word' id='word_1_571' title='bbox 1564 4314 1580 4341; x_wconf 93' lang='grc'><strong>,</strong></span> <span class='ocrx_word' id='word_1_572' title='bbox 1604 4273 1741 4345; x_wconf 81' lang='grc' dir='ltr'>πρὸς</span> <span class='ocrx_word' id='word_1_573' title='bbox 1763 4275 1890 4340; x_wconf 80' lang='grc' dir='ltr'>τοὺς</span> 
     </span>
    </p>
   </div>
   <div class='ocr_carea' id='block_1_77' title="bbox 314 4363 1891 4437">
    <p class='ocr_par' dir='ltr' id='par_1_77' title="bbox 314 4363 1891 4437">
     <span class='ocr_line' id='line_1_77' title="bbox 314 4363 1891 4437; baseline 0.002 -20"><span class='ocrx_word' id='word_1_574' title='bbox 314 4363 371 4430; x_wconf 66' lang='grc' dir='ltr'><strong>ἐξ</strong></span> <span class='ocrx_word' id='word_1_575' title='bbox 399 4365 674 4435; x_wconf 78' lang='grc' dir='ltr'>Ἐϐραίων</span> <span class='ocrx_word' id='word_1_576' title='bbox 709 4364 1132 4432; x_wconf 84' lang='grc' dir='ltr'>πιστεύσαντας,</span> <span class='ocrx_word' id='word_1_577' title='bbox 1172 4364 1311 4437; x_wconf 82' lang='grc' dir='ltr'><strong>μετά</strong></span> <span class='ocrx_word' id='word_1_578' title='bbox 1347 4364 1492 4419; x_wconf 84' lang='grc' dir='ltr'>ὀκτὼ</span> <span class='ocrx_word' id='word_1_579' title='bbox 1528 4364 1626 4436; x_wconf 75' lang='grc' dir='ltr'>ἐτη</span> <span class='ocrx_word' id='word_1_580' title='bbox 1662 4368 1763 4434; x_wconf 84' lang='grc' dir='ltr'>τῆς</span> <span class='ocrx_word' id='word_1_581' title='bbox 1796 4365 1891 4420; x_wconf 80' lang='grc' dir='ltr'>τοῦ</span> 
     </span>
    </p>
   </div>
   <div class='ocr_carea' id='block_1_78' title="bbox 1983 3260 3560 3335">
    <p class='ocr_par' dir='ltr' id='par_1_78' title="bbox 1983 3260 3560 3335">
     <span class='ocr_line' id='line_1_78' title="bbox 1983 3260 3560 3335; baseline -0.006 -12"><span class='ocrx_word' id='word_1_582' title='bbox 1983 3267 2122 3323; x_wconf 86' lang='lat' dir='ltr'><strong>filios</strong></span> <span class='ocrx_word' id='word_1_583' title='bbox 2153 3265 2269 3322; x_wconf 91' lang='lat' dir='ltr'><strong>Dei.</strong></span> <span class='ocrx_word' id='word_1_584' title='bbox 2304 3265 2533 3322; x_wconf 87' lang='lat' dir='ltr'><strong>Nuntiat</strong></span> <span class='ocrx_word' id='word_1_585' title='bbox 2559 3275 2766 3329; x_wconf 84' lang='lat' dir='ltr'><strong>autent,</strong></span> <span class='ocrx_word' id='word_1_586' title='bbox 2795 3265 2941 3335; x_wconf 88' lang='lat' dir='ltr'><strong>quod</strong></span> <span class='ocrx_word' id='word_1_587' title='bbox 2978 3262 3137 3319; x_wconf 80' lang='lat' dir='ltr'><strong>facile</strong></span> <span class='ocrx_word' id='word_1_588' title='bbox 3168 3271 3222 3318; x_wconf 87' lang='lat' dir='ltr'><strong>et</strong></span> <span class='ocrx_word' id='word_1_589' title='bbox 3245 3262 3414 3333; x_wconf 75' lang='lat' dir='ltr'><strong>gratis</strong></span> <span class='ocrx_word' id='word_1_590' title='bbox 3441 3260 3560 3316; x_wconf 66' lang='lat' dir='ltr'><strong>la:</strong></span> 
     </span>
    </p>
   </div>
   <div class='ocr_carea' id='block_1_79' title="bbox 1981 3355 3566 3432">
    <p class='ocr_par' dir='ltr' id='par_1_79' title="bbox 1981 3355 3566 3432">
     <span class='ocr_line' id='line_1_79' title="bbox 1981 3355 3566 3432; baseline -0.006 -16"><span class='ocrx_word' id='word_1_591' title='bbox 1981 3359 2314 3432; x_wconf 86' lang='lat' dir='ltr'><strong>accepimus,</strong></span> <span class='ocrx_word' id='word_1_592' title='bbox 2339 3371 2512 3429; x_wconf 90' lang='lat' dir='ltr'><strong>neqne</strong></span> <span class='ocrx_word' id='word_1_593' title='bbox 2546 3367 2733 3414; x_wconf 84' lang='lat' dir='ltr'><strong>nostro</strong></span> <span class='ocrx_word' id='word_1_594' title='bbox 2766 3356 2957 3413; x_wconf 88' lang='lat' dir='ltr'><strong>labore</strong></span> <span class='ocrx_word' id='word_1_595' title='bbox 2987 3355 3218 3413; x_wconf 88' lang='lat' dir='ltr'><strong>assecuti</strong></span> <span class='ocrx_word' id='word_1_596' title='bbox 3245 3356 3417 3412; x_wconf 87' lang='lat' dir='ltr'><strong>simus</strong></span> <span class='ocrx_word' id='word_1_597' title='bbox 3448 3355 3566 3408; x_wconf 71' lang='lat' dir='ltr'><strong>haec</strong></span> 
     </span>
    </p>
   </div>
   <div class='ocr_carea' id='block_1_80' title="bbox 1982 3445 3563 3521">
    <p class='ocr_par' dir='ltr' id='par_1_80' title="bbox 1982 3445 3563 3521">
     <span class='ocr_line' id='line_1_80' title="bbox 1982 3445 3563 3521; baseline -0.005 -15"><span class='ocrx_word' id='word_1_598' title='bbox 1982 3451 2145 3519; x_wconf 87' lang='lat' dir='ltr'><strong>bona,</strong></span> <span class='ocrx_word' id='word_1_599' title='bbox 2173 3465 2351 3521; x_wconf 90' lang='lat' dir='ltr'><strong>neque</strong></span> <span class='ocrx_word' id='word_1_600' title='bbox 2373 3463 2439 3506; x_wconf 88' lang='lat' dir='ltr'><strong>ea</strong></span> <span class='ocrx_word' id='word_1_601' title='bbox 2468 3463 2533 3505; x_wconf 77' lang='lat' dir='ltr'><strong>ex</strong></span> <span class='ocrx_word' id='word_1_602' title='bbox 2567 3449 2768 3505; x_wconf 89' lang='lat' dir='ltr'><strong>nostris</strong></span> <span class='ocrx_word' id='word_1_603' title='bbox 2821 3447 3194 3518; x_wconf 87' lang='lat' dir='ltr'><strong>acceperimus</strong></span> <span class='ocrx_word' id='word_1_604' title='bbox 3246 3445 3402 3502; x_wconf 86' lang='lat' dir='ltr'><strong>bonis</strong></span> <span class='ocrx_word' id='word_1_605' title='bbox 3427 3460 3563 3514; x_wconf 89' lang='lat' dir='ltr'><strong>ope-</strong></span> 
     </span>
    </p>
   </div>
   <div class='ocr_carea' id='block_1_81' title="bbox 1982 3538 3571 3614">
    <p class='ocr_par' dir='ltr' id='par_1_81' title="bbox 1982 3538 3571 3614">
     <span class='ocr_line' id='line_1_81' title="bbox 1982 3538 3571 3614; baseline -0.006 -14"><span class='ocrx_word' id='word_1_606' title='bbox 1982 3544 2154 3613; x_wconf 81' lang='lat' dir='ltr'><strong>ribus,</strong></span> <span class='ocrx_word' id='word_1_607' title='bbox 2184 3543 2280 3600; x_wconf 86' lang='lat' dir='ltr'><strong>sed</strong></span> <span class='ocrx_word' id='word_1_608' title='bbox 2317 3543 2489 3614; x_wconf 75' lang='lat' dir='ltr'><strong>gratia</strong></span> <span class='ocrx_word' id='word_1_609' title='bbox 2548 3551 2605 3598; x_wconf 90' lang='lat' dir='ltr'><strong>et</strong></span> <span class='ocrx_word' id='word_1_610' title='bbox 2649 3541 3024 3598; x_wconf 85' lang='lat' dir='ltr'><strong>misericordia</strong></span> <span class='ocrx_word' id='word_1_611' title='bbox 3086 3539 3182 3596; x_wconf 84' lang='lat' dir='ltr'><strong>Dei</strong></span> <span class='ocrx_word' id='word_1_612' title='bbox 3237 3539 3363 3594; x_wconf 89' lang='lat' dir='ltr'><strong>talia</strong></span> <span class='ocrx_word' id='word_1_613' title='bbox 3430 3538 3571 3593; x_wconf 88' lang='lat' dir='ltr'><strong>bona</strong></span> 
     </span>
    </p>
   </div>
   <div class='ocr_carea' id='block_1_82' title="bbox 1984 3634 2488 3692">
    <p class='ocr_par' dir='ltr' id='par_1_82' title="bbox 1984 3634 2488 3692">
     <span class='ocr_line' id='line_1_82' title="bbox 1984 3634 2488 3692; baseline -0.006 0"><span class='ocrx_word' id='word_1_614' title='bbox 1984 3635 2262 3692; x_wconf 89' lang='lat' dir='ltr'><strong>consecuti</strong></span> <span class='ocrx_word' id='word_1_615' title='bbox 2295 3634 2488 3691; x_wconf 91' lang='lat' dir='ltr'><strong>simus.</strong></span> 
     </span>
    </p>
   </div>
   <div class='ocr_carea' id='block_1_83' title="bbox 2055 3724 3571 3797">
    <p class='ocr_par' dir='ltr' id='par_1_83' title="bbox 2055 3724 3571 3797">
     <span class='ocr_line' id='line_1_83' title="bbox 2055 3724 3571 3797; baseline -0.002 -14"><span class='ocrx_word' id='word_1_616' title='bbox 2055 3726 2352 3784; x_wconf 82' lang='lat' dir='ltr'><strong>Secundum</strong></span> <span class='ocrx_word' id='word_1_617' title='bbox 2385 3726 2716 3783; x_wconf 77' lang='lat' dir='ltr'><strong>Matthreuut.</strong></span> <span class='ocrx_word' id='word_1_618' title='bbox 2756 3726 3000 3794; x_wconf 86' lang='lat' dir='ltr'><strong>Quatuor</strong></span> <span class='ocrx_word' id='word_1_619' title='bbox 3038 3738 3162 3782; x_wconf 88' lang='lat' dir='ltr'><strong>sunt</strong></span> <span class='ocrx_word' id='word_1_620' title='bbox 3209 3724 3571 3797; x_wconf 67' lang='lat' dir='ltr'><strong>evangelista).</strong></span> 
     </span>
    </p>
   </div>
   <div class='ocr_carea' id='block_1_84' title="bbox 1987 3818 3578 3893">
    <p class='ocr_par' dir='ltr' id='par_1_84' title="bbox 1987 3818 3578 3893">
     <span class='ocr_line' id='line_1_84' title="bbox 1987 3818 3578 3893; baseline -0.003 -17"><span class='ocrx_word' id='word_1_621' title='bbox 1987 3836 2218 3893; x_wconf 87' lang='lat' dir='ltr'><strong>quorum</strong></span> <span class='ocrx_word' id='word_1_622' title='bbox 2247 3822 2378 3886; x_wconf 89' lang='lat' dir='ltr'><strong>duo,</strong></span> <span class='ocrx_word' id='word_1_623' title='bbox 2409 3819 2698 3876; x_wconf 77' lang='lat' dir='ltr'><strong>Mattlueus</strong></span> <span class='ocrx_word' id='word_1_624' title='bbox 2736 3831 2790 3874; x_wconf 88' lang='lat' dir='ltr'><strong>et</strong></span> <span class='ocrx_word' id='word_1_625' title='bbox 2834 3818 3095 3883; x_wconf 84' lang='lat' dir='ltr'><strong>Joannes,</strong></span> <span class='ocrx_word' id='word_1_626' title='bbox 3141 3834 3205 3874; x_wconf 81' lang='lat' dir='ltr'><strong>ex</strong></span> <span class='ocrx_word' id='word_1_627' title='bbox 3251 3832 3480 3873; x_wconf 88' lang='lat' dir='ltr'><strong>nmnero</strong></span> <span class='ocrx_word' id='word_1_628' title='bbox 3521 3826 3578 3871; x_wconf 79' lang='lat' dir='ltr'><strong>et</strong></span> 
     </span>
    </p>
   </div>
   <div class='ocr_carea' id='block_1_85' title="bbox 1989 3910 3578 3974">
    <p class='ocr_par' dir='ltr' id='par_1_85' title="bbox 1989 3910 3578 3974">
     <span class='ocr_line' id='line_1_85' title="bbox 1989 3910 3578 3974; baseline -0.007 -2"><span class='ocrx_word' id='word_1_629' title='bbox 1989 3915 2156 3972; x_wconf 86' lang='lat' dir='ltr'><strong>choro</strong></span> <span class='ocrx_word' id='word_1_630' title='bbox 2212 3913 2494 3970; x_wconf 88' lang='lat' dir='ltr'><strong>duodecim</strong></span> <span class='ocrx_word' id='word_1_631' title='bbox 2542 3922 2714 3968; x_wconf 90' lang='lat' dir='ltr'><strong>sunt:</strong></span> <span class='ocrx_word' id='word_1_632' title='bbox 2757 3913 2846 3967; x_wconf 87' lang='lat' dir='ltr'><strong>alii</strong></span> <span class='ocrx_word' id='word_1_633' title='bbox 2905 3927 3035 3968; x_wconf 86' lang='lat' dir='ltr'><strong>vero</strong></span> <span class='ocrx_word' id='word_1_634' title='bbox 3091 3914 3222 3974; x_wconf 85' lang='lat' dir='ltr'><strong>duo,</strong></span> <span class='ocrx_word' id='word_1_635' title='bbox 3260 3910 3472 3964; x_wconf 76' lang='lat' dir='ltr'><strong>Marcus</strong></span> <span class='ocrx_word' id='word_1_636' title='bbox 3523 3918 3578 3962; x_wconf 85' lang='lat' dir='ltr'><strong>et</strong></span> 
     </span>
    </p>
   </div>
   <div class='ocr_carea' id='block_1_86' title="bbox 1991 4001 3577 4077">
    <p class='ocr_par' dir='ltr' id='par_1_86' title="bbox 1991 4001 3577 4077">
     <span class='ocr_line' id='line_1_86' title="bbox 1991 4001 3577 4077; baseline -0.008 -13"><span class='ocrx_word' id='word_1_637' title='bbox 1991 4005 2184 4073; x_wconf 82' lang='lat' dir='ltr'><strong>Lucas,</strong></span> <span class='ocrx_word' id='word_1_638' title='bbox 2213 4020 2278 4061; x_wconf 78' lang='lat' dir='ltr'><strong>ex</strong></span> <span class='ocrx_word' id='word_1_639' title='bbox 2301 4005 2665 4077; x_wconf 81' lang='lat' dir='ltr'><strong>septuaginta.</strong></span> <span class='ocrx_word' id='word_1_640' title='bbox 2698 4004 2832 4060; x_wconf 81' lang='lat' dir='ltr'><strong>Erat</strong></span> <span class='ocrx_word' id='word_1_641' title='bbox 2863 4013 3055 4060; x_wconf 76' lang='lat' dir='ltr'><strong>autem</strong></span> <span class='ocrx_word' id='word_1_642' title='bbox 3083 4002 3308 4058; x_wconf 84' lang='lat' dir='ltr'><strong>Marcus</strong></span> <span class='ocrx_word' id='word_1_643' title='bbox 3338 4001 3577 4069; x_wconf 88' lang='lat' dir='ltr'><strong>discipu-</strong></span> 
     </span>
    </p>
   </div>
   <div class='ocr_carea' id='block_1_87' title="bbox 1994 4091 3581 4165">
    <p class='ocr_par' dir='ltr' id='par_1_87' title="bbox 1994 4091 3581 4165">
     <span class='ocr_line' id='line_1_87' title="bbox 1994 4091 3581 4165; baseline -0.007 -10"><span class='ocrx_word' id='word_1_644' title='bbox 1994 4101 2078 4155; x_wconf 88' lang='lat' dir='ltr'><strong>lus</strong></span> <span class='ocrx_word' id='word_1_645' title='bbox 2111 4109 2167 4156; x_wconf 91' lang='lat' dir='ltr'><strong>et</strong></span> <span class='ocrx_word' id='word_1_646' title='bbox 2200 4112 2382 4154; x_wconf 88' lang='lat' dir='ltr'><strong>comes</strong></span> <span class='ocrx_word' id='word_1_647' title='bbox 2416 4096 2587 4165; x_wconf 83' lang='lat' dir='ltr'><strong>Petri,</strong></span> <span class='ocrx_word' id='word_1_648' title='bbox 2631 4096 2808 4153; x_wconf 76' lang='lat' dir='ltr'><strong>lateas</strong></span> <span class='ocrx_word' id='word_1_649' title='bbox 2857 4111 2986 4152; x_wconf 86' lang='lat' dir='ltr'><strong>vero</strong></span> <span class='ocrx_word' id='word_1_650' title='bbox 3021 4095 3190 4151; x_wconf 83' lang='lat' dir='ltr'><strong>Pauli.</strong></span> <span class='ocrx_word' id='word_1_651' title='bbox 3231 4093 3400 4164; x_wconf 82' lang='lat' dir='ltr'><strong>igitur</strong></span> <span class='ocrx_word' id='word_1_652' title='bbox 3445 4091 3581 4146; x_wconf 78' lang='lat' dir='ltr'><strong>Mat-</strong></span> 
     </span>
    </p>
   </div>
   <div class='ocr_carea' id='block_1_88' title="bbox 1993 4182 3580 4260">
    <p class='ocr_par' dir='ltr' id='par_1_88' title="bbox 1993 4182 3580 4260">
     <span class='ocr_line' id='line_1_88' title="bbox 1993 4182 3580 4260; baseline -0.006 -14"><span class='ocrx_word' id='word_1_653' title='bbox 1993 4191 2164 4247; x_wconf 76' lang='lat' dir='ltr'><strong>tliaeus</strong></span> <span class='ocrx_word' id='word_1_654' title='bbox 2183 4189 2424 4247; x_wconf 90' lang='lat' dir='ltr'><strong>omnium</strong></span> <span class='ocrx_word' id='word_1_655' title='bbox 2455 4187 2660 4260; x_wconf 88' lang='lat' dir='ltr'><strong>primus</strong></span> <span class='ocrx_word' id='word_1_656' title='bbox 2681 4189 2902 4258; x_wconf 84' lang='lat' dir='ltr'><strong>scripsit</strong></span> <span class='ocrx_word' id='word_1_657' title='bbox 2928 4185 3278 4258; x_wconf 83' lang='lat' dir='ltr'><strong>Evangelium</strong></span> <span class='ocrx_word' id='word_1_658' title='bbox 3310 4182 3580 4239; x_wconf 80' lang='lat' dir='ltr'><strong>Hebraico</strong></span> 
     </span>
    </p>
   </div>
   <div class='ocr_carea' id='block_1_89' title="bbox 1996 4278 3582 4353">
    <p class='ocr_par' dir='ltr' id='par_1_89' title="bbox 1996 4278 3582 4353">
     <span class='ocr_line' id='line_1_89' title="bbox 1996 4278 3582 4353; baseline -0.006 -14"><span class='ocrx_word' id='word_1_659' title='bbox 1996 4284 2250 4340; x_wconf 84' lang='lat' dir='ltr'><strong>idiomate</strong></span> <span class='ocrx_word' id='word_1_660' title='bbox 2274 4282 2341 4338; x_wconf 87' lang='lat' dir='ltr'><strong>ad</strong></span> <span class='ocrx_word' id='word_1_661' title='bbox 2369 4297 2462 4339; x_wconf 86' lang='lat' dir='ltr'><strong>eos</strong></span> <span class='ocrx_word' id='word_1_662' title='bbox 2489 4281 2585 4353; x_wconf 88' lang='lat' dir='ltr'><strong>qui</strong></span> <span class='ocrx_word' id='word_1_663' title='bbox 2645 4297 2712 4338; x_wconf 78' lang='lat' dir='ltr'><strong>ex</strong></span> <span class='ocrx_word' id='word_1_664' title='bbox 2763 4281 3005 4337; x_wconf 69' lang='lat' dir='ltr'><strong>Hebraeis</strong></span> <span class='ocrx_word' id='word_1_665' title='bbox 3042 4278 3406 4343; x_wconf 87' lang='lat' dir='ltr'><strong>crediderant,</strong></span> <span class='ocrx_word' id='word_1_666' title='bbox 3459 4284 3582 4331; x_wconf 84' lang='lat' dir='ltr'><strong>octo</strong></span> 
     </span>
    </p>
   </div>
   <div class='ocr_carea' id='block_1_90' title="bbox 1997 4366 3582 4447">
    <p class='ocr_par' dir='ltr' id='par_1_90' title="bbox 1997 4366 3582 4447">
     <span class='ocr_line' id='line_1_90' title="bbox 1997 4366 3582 4447; baseline -0.007 -16"><span class='ocrx_word' id='word_1_667' title='bbox 1997 4376 2154 4432; x_wconf 88' lang='lat' dir='ltr'><strong>annis</strong></span> <span class='ocrx_word' id='word_1_668' title='bbox 2186 4384 2307 4447; x_wconf 91' lang='lat' dir='ltr'><strong>post</strong></span> <span class='ocrx_word' id='word_1_669' title='bbox 2361 4385 2693 4445; x_wconf 86' lang='lat' dir='ltr'><strong>assumptum</strong></span> <span class='ocrx_word' id='word_1_670' title='bbox 2733 4373 2787 4429; x_wconf 92' lang='lat' dir='ltr'><strong>in</strong></span> <span class='ocrx_word' id='word_1_671' title='bbox 2833 4372 3000 4429; x_wconf 74' lang='lat' dir='ltr'><strong>cmlos</strong></span> <span class='ocrx_word' id='word_1_672' title='bbox 3056 4370 3356 4427; x_wconf 85' lang='lat' dir='ltr'><strong>Christum.</strong></span> <span class='ocrx_word' id='word_1_673' title='bbox 3411 4366 3582 4422; x_wconf 87' lang='lat' dir='ltr'><strong>Porro</strong></span> 
     </span>
    </p>
   </div>
   <div class='ocr_carea' id='block_1_91' title="bbox 314 4455 1866 4534">
    <p class='ocr_par' dir='ltr' id='par_1_91' title="bbox 314 4455 1859 4529">
     <span class='ocr_line' id='line_1_91' title="bbox 314 4455 1859 4529; baseline 0.001 -20"><span class='ocrx_word' id='word_1_674' title='bbox 314 4455 548 4527; x_wconf 80' lang='grc' dir='ltr'>Χριστοῦ</span> <span class='ocrx_word' id='word_1_675' title='bbox 583 4456 903 4528; x_wconf 77' lang='grc' dir='ltr'>ἀναλήψεως</span> <span class='ocrx_word' id='word_1_676' title='bbox 929 4473 942 4488; x_wconf 79' lang='grc' dir='ltr'><strong>ο</strong></span> <span class='ocrx_word' id='word_1_677' title='bbox 983 4457 1288 4529; x_wconf 85' lang='grc' dir='ltr'>μετέφρασε</span> <span class='ocrx_word' id='word_1_678' title='bbox 1321 4457 1416 4512; x_wconf 70' lang='grc' dir='ltr'>καὶ</span> <span class='ocrx_word' id='word_1_679' title='bbox 1445 4457 1605 4512; x_wconf 79' lang='grc' dir='ltr'>τοῦτο</span> <span class='ocrx_word' id='word_1_680' title='bbox 1639 4457 1859 4529; x_wconf 83' lang='grc' dir='ltr'>Ἰωάννη</span> 
     </span>
    </p>
   </div>
   <div class='ocr_carea' id='block_1_92' title="bbox 1971 4455 3583 4534">
    <p class='ocr_par' dir='ltr' id='par_1_92' title="bbox 1998 4459 3583 4534">
     <span class='ocr_line' id='line_1_92' title="bbox 1998 4459 3583 4534; baseline -0.009 -12"><span class='ocrx_word' id='word_1_681' title='bbox 1998 4465 2234 4523; x_wconf 83' lang='lat' dir='ltr'><strong>Joannes</strong></span> <span class='ocrx_word' id='word_1_682' title='bbox 2265 4465 2370 4524; x_wconf 88' lang='lat' dir='ltr'><strong>hoc</strong></span> <span class='ocrx_word' id='word_1_683' title='bbox 2417 4481 2491 4523; x_wconf 77' lang='lat' dir='ltr'><strong>ex</strong></span> <span class='ocrx_word' id='word_1_684' title='bbox 2545 4464 2810 4523; x_wconf 81' lang='lat' dir='ltr'><strong>Hebraica</strong></span> <span class='ocrx_word' id='word_1_685' title='bbox 2866 4463 3048 4534; x_wconf 80' lang='lat' dir='ltr'><strong>lingua</strong></span> <span class='ocrx_word' id='word_1_686' title='bbox 3099 4462 3154 4517; x_wconf 93' lang='lat' dir='ltr'><strong>in</strong></span> <span class='ocrx_word' id='word_1_687' title='bbox 3207 4459 3474 4523; x_wconf 78' lang='lat' dir='ltr'><strong>Graecam,</strong></span> <span class='ocrx_word' id='word_1_688' title='bbox 3527 4465 3583 4509; x_wconf 90' lang='grc' dir='ltr'><strong>ιιι</strong></span> 
     </span>
    </p>
   </div>
   <div class='ocr_carea' id='block_1_93' title="bbox 317 4541 1866 4626">
    <p class='ocr_par' dir='ltr' id='par_1_93' title="bbox 317 4545 1866 4620">
     <span class='ocr_line' id='line_1_93' title="bbox 317 4545 1866 4620; baseline 0.001 -20"><span class='ocrx_word' id='word_1_689' title='bbox 317 4548 421 4600; x_wconf 78' lang='grc' dir='ltr'>ἀπὸ</span> <span class='ocrx_word' id='word_1_690' title='bbox 457 4549 563 4619; x_wconf 79' lang='grc' dir='ltr'>τῆς</span> <span class='ocrx_word' id='word_1_691' title='bbox 595 4547 878 4620; x_wconf 76' lang='grc' dir='ltr'>Ἕϐραῒδος</span> <span class='ocrx_word' id='word_1_692' title='bbox 923 4546 1173 4619; x_wconf 83' lang='grc' dir='ltr'>γλώττης</span> <span class='ocrx_word' id='word_1_693' title='bbox 1217 4549 1298 4612; x_wconf 88' lang='grc' dir='ltr'><strong>είς</strong></span> <span class='ocrx_word' id='word_1_694' title='bbox 1342 4545 1441 4620; x_wconf 78' lang='grc' dir='ltr'>τὴν</span> <span class='ocrx_word' id='word_1_695' title='bbox 1475 4547 1778 4620; x_wconf 82' lang='grc' dir='ltr'>Ἑλληνίδα,</span> <span class='ocrx_word' id='word_1_696' title='bbox 1823 4548 1866 4602; x_wconf 83' lang='grc' dir='ltr'><strong>ὠ</strong></span> 
     </span>
    </p>
   </div>
   <div class='ocr_carea' id='block_1_94' title="bbox 1971 4541 3585 4626">
    <p class='ocr_par' dir='ltr' id='par_1_94' title="bbox 1971 4550 3585 4626">
     <span class='ocr_line' id='line_1_94' title="bbox 1971 4550 3585 4626; baseline -0.009 -14"><span class='ocrx_word' id='word_1_697' title='bbox 1971 4553 1976 4587; x_wconf 88' lang='grc'><em>’</em></span> <span class='ocrx_word' id='word_1_698' title='bbox 2007 4557 2209 4620; x_wconf 87' lang='lat' dir='ltr'><strong>ferunt,</strong></span> <span class='ocrx_word' id='word_1_699' title='bbox 2239 4556 2642 4626; x_wconf 75' lang='lat' dir='ltr'><strong>interpretatus</strong></span> <span class='ocrx_word' id='word_1_700' title='bbox 2659 4563 2763 4612; x_wconf 86' lang='lat' dir='ltr'><strong>est.</strong></span> <span class='ocrx_word' id='word_1_701' title='bbox 2794 4551 2864 4608; x_wconf 83' lang='lat' dir='ltr'><strong>At</strong></span> <span class='ocrx_word' id='word_1_702' title='bbox 2886 4551 3102 4609; x_wconf 82' lang='lat' dir='ltr'><strong>Marcus</strong></span> <span class='ocrx_word' id='word_1_703' title='bbox 3129 4561 3250 4622; x_wconf 84' lang='lat' dir='ltr'><strong>post</strong></span> <span class='ocrx_word' id='word_1_704' title='bbox 3275 4550 3465 4605; x_wconf 87' lang='lat' dir='ltr'><strong>decem</strong></span> <span class='ocrx_word' id='word_1_705' title='bbox 3484 4562 3585 4600; x_wconf 84' lang='lat' dir='ltr'><strong>an-</strong></span> 
     </span>
    </p>
   </div>
   <div class='ocr_carea' id='block_1_95' title="bbox 321 4637 1900 4713">
    <p class='ocr_par' dir='ltr' id='par_1_95' title="bbox 321 4637 1900 4713">
     <span class='ocr_line' id='line_1_95' title="bbox 321 4637 1900 4713; baseline 0.001 -21"><span class='ocrx_word' id='word_1_706' title='bbox 321 4640 564 4708; x_wconf 76' lang='grc' dir='ltr'>λέγουσι.</span> <span class='ocrx_word' id='word_1_707' title='bbox 598 4642 826 4713; x_wconf 79' lang='grc' dir='ltr'>Μάρκος</span> <span class='ocrx_word' id='word_1_708' title='bbox 857 4639 915 4694; x_wconf 77' lang='grc' dir='ltr'>δὲ</span> <span class='ocrx_word' id='word_1_709' title='bbox 934 4681 948 4705; x_wconf 91' lang='grc'><strong>,</strong></span> <span class='ocrx_word' id='word_1_710' title='bbox 985 4641 1124 4711; x_wconf 87' lang='grc' dir='ltr'>μετὰ</span> <span class='ocrx_word' id='word_1_711' title='bbox 1155 4639 1290 4694; x_wconf 85' lang='grc' dir='ltr'>δέκα</span> <span class='ocrx_word' id='word_1_712' title='bbox 1321 4637 1418 4710; x_wconf 76' lang='grc' dir='ltr'>ἔτη</span> <span class='ocrx_word' id='word_1_713' title='bbox 1447 4641 1546 4712; x_wconf 83' lang='grc' dir='ltr'>τῆς</span> <span class='ocrx_word' id='word_1_714' title='bbox 1579 4638 1900 4712; x_wconf 73' lang='grc' dir='ltr'>ἀναλήψεως</span> 
     </span>
    </p>
   </div>
   <div class='ocr_carea' id='block_1_96' title="bbox 321 4732 1897 4806">
    <p class='ocr_par' dir='ltr' id='par_1_96' title="bbox 321 4732 1897 4806">
     <span class='ocr_line' id='line_1_96' title="bbox 321 4732 1897 4806; baseline 0.001 -21"><span class='ocrx_word' id='word_1_715' title='bbox 321 4732 554 4805; x_wconf 73' lang='grc' dir='ltr'>ἔγραψε,</span> <span class='ocrx_word' id='word_1_716' title='bbox 607 4735 759 4806; x_wconf 80' lang='grc' dir='ltr'>παρᾶ</span> <span class='ocrx_word' id='word_1_717' title='bbox 801 4733 896 4788; x_wconf 73' lang='grc' dir='ltr'><strong>τοῦ</strong></span> <span class='ocrx_word' id='word_1_718' title='bbox 945 4733 1154 4806; x_wconf 78' lang='grc' dir='ltr'>Πέτρου</span> <span class='ocrx_word' id='word_1_719' title='bbox 1199 4732 1492 4805; x_wconf 84' lang='grc' dir='ltr'>διδαχθείς.</span> <span class='ocrx_word' id='word_1_720' title='bbox 1543 4733 1760 4798; x_wconf 79' lang='grc' dir='ltr'>Λουκᾶς</span> <span class='ocrx_word' id='word_1_721' title='bbox 1809 4732 1897 4800; x_wconf 82' lang='grc' dir='ltr'>δὲ,</span> 
     </span>
    </p>
   </div>
   <div class='ocr_carea' id='block_1_97' title="bbox 324 4825 1900 4897">
    <p class='ocr_par' dir='ltr' id='par_1_97' title="bbox 324 4825 1900 4897">
     <span class='ocr_line' id='line_1_97' title="bbox 324 4825 1900 4897; baseline 0 -18"><span class='ocrx_word' id='word_1_722' title='bbox 324 4827 460 4896; x_wconf 72' lang='grc' dir='ltr'>μετὰ</span> <span class='ocrx_word' id='word_1_723' title='bbox 498 4827 910 4882; x_wconf 84' lang='grc' dir='ltr'>πεντεκαίδεκα.</span> <span class='ocrx_word' id='word_1_724' title='bbox 950 4825 1201 4897; x_wconf 79' lang='grc' dir='ltr'>Ἰωάννης</span> <span class='ocrx_word' id='word_1_725' title='bbox 1238 4825 1296 4880; x_wconf 80' lang='grc' dir='ltr'>δὲ</span> <span class='ocrx_word' id='word_1_726' title='bbox 1333 4827 1362 4880; x_wconf 83' lang='grc' dir='ltr'>ὁ</span> <span class='ocrx_word' id='word_1_727' title='bbox 1403 4825 1861 4896; x_wconf 84' lang='grc' dir='ltr'>θεολογικὼτατος</span> <span class='ocrx_word' id='word_1_728' title='bbox 1883 4865 1900 4892; x_wconf 91' lang='grc'><strong>,</strong></span> 
     </span>
    </p>
   </div>
   <div class='ocr_carea' id='block_1_98' title="bbox 325 4917 1902 4991">
    <p class='ocr_par' dir='ltr' id='par_1_98' title="bbox 325 4917 1902 4991">
     <span class='ocr_line' id='line_1_98' title="bbox 325 4917 1902 4991; baseline -0.001 -19"><span class='ocrx_word' id='word_1_729' title='bbox 325 4921 460 4988; x_wconf 86' lang='grc' dir='ltr'><strong>μετά</strong></span> <span class='ocrx_word' id='word_1_730' title='bbox 483 4921 782 4990; x_wconf 82' lang='grc' dir='ltr'>τριάκοντα</span> <span class='ocrx_word' id='word_1_731' title='bbox 808 4919 903 4974; x_wconf 87' lang='grc' dir='ltr'><strong>δύο</strong></span> <span class='ocrx_word' id='word_1_732' title='bbox 921 4936 935 4951; x_wconf 89' lang='grc'><strong>·</strong></span> <span class='ocrx_word' id='word_1_733' title='bbox 967 4920 1184 4989; x_wconf 86' lang='grc' dir='ltr'>λέγουσι</span> <span class='ocrx_word' id='word_1_734' title='bbox 1214 4918 1323 4989; x_wconf 77' lang='grc' dir='ltr'>γὰρ</span> <span class='ocrx_word' id='word_1_735' title='bbox 1348 4919 1430 4972; x_wconf 80' lang='grc' dir='ltr'>ὃτι</span> <span class='ocrx_word' id='word_1_736' title='bbox 1463 4917 1601 4991; x_wconf 86' lang='grc' dir='ltr'><strong>μετά</strong></span> <span class='ocrx_word' id='word_1_737' title='bbox 1624 4918 1716 4972; x_wconf 81' lang='grc' dir='ltr'>τὸν</span> <span class='ocrx_word' id='word_1_738' title='bbox 1739 4917 1902 4972; x_wconf 84' lang='grc' dir='ltr'>θάνα-</span> 
     </span>
    </p>
   </div>
   <div class='ocr_carea' id='block_1_99' title="bbox 321 5011 1901 5086">
    <p class='ocr_par' dir='ltr' id='par_1_99' title="bbox 321 5011 1901 5086">
     <span class='ocr_line' id='line_1_99' title="bbox 321 5011 1901 5086; baseline 0.001 -22"><span class='ocrx_word' id='word_1_739' title='bbox 321 5028 410 5064; x_wconf 88' lang='grc' dir='ltr'><strong>τον</strong></span> <span class='ocrx_word' id='word_1_740' title='bbox 443 5013 669 5067; x_wconf 68' lang='grc' dir='ltr'>ἐκείνων</span> <span class='ocrx_word' id='word_1_741' title='bbox 703 5013 1027 5086; x_wconf 79' lang='grc' dir='ltr'>ὲπιζήσαντι</span> <span class='ocrx_word' id='word_1_742' title='bbox 1063 5012 1214 5084; x_wconf 87' lang='grc' dir='ltr'><strong>αύτῷ</strong></span> <span class='ocrx_word' id='word_1_743' title='bbox 1235 5052 1250 5078; x_wconf 90' lang='grc'><strong>,</strong></span> <span class='ocrx_word' id='word_1_744' title='bbox 1286 5012 1635 5084; x_wconf 77' lang='grc' dir='ltr'>προσηνέχθη</span> <span class='ocrx_word' id='word_1_745' title='bbox 1671 5011 1739 5065; x_wconf 83' lang='grc' dir='ltr'><strong>τά</strong></span> <span class='ocrx_word' id='word_1_746' title='bbox 1771 5011 1901 5084; x_wconf 88' lang='grc' dir='ltr'>τρία</span> 
     </span>
    </p>
   </div>
   <div class='ocr_carea' id='block_1_100' title="bbox 325 5102 1897 5180">
    <p class='ocr_par' dir='ltr' id='par_1_100' title="bbox 325 5102 1897 5180">
     <span class='ocr_line' id='line_1_100' title="bbox 325 5102 1897 5180; baseline 0.002 -24"><span class='ocrx_word' id='word_1_747' title='bbox 325 5102 652 5174; x_wconf 77' lang='grc' dir='ltr'>Εὐαγγέλια,</span> <span class='ocrx_word' id='word_1_748' title='bbox 688 5105 776 5158; x_wconf 79' lang='grc' dir='ltr'>ἵνα</span> <span class='ocrx_word' id='word_1_749' title='bbox 809 5107 898 5180; x_wconf 83' lang='grc' dir='ltr'>ίδῃ</span> <span class='ocrx_word' id='word_1_750' title='bbox 933 5104 1074 5160; x_wconf 88' lang='grc' dir='ltr'><strong>αύτά</strong></span> <span class='ocrx_word' id='word_1_751' title='bbox 1103 5106 1197 5160; x_wconf 74' lang='grc' dir='ltr'><strong>καὶ</strong></span> <span class='ocrx_word' id='word_1_752' title='bbox 1232 5105 1414 5177; x_wconf 82' lang='grc' dir='ltr'>κρίνῃ,</span> <span class='ocrx_word' id='word_1_753' title='bbox 1449 5106 1498 5158; x_wconf 86' lang='grc' dir='ltr'>εἱ</span> <span class='ocrx_word' id='word_1_754' title='bbox 1530 5105 1747 5176; x_wconf 87' lang='grc' dir='ltr'>ἀληθῶς</span> <span class='ocrx_word' id='word_1_755' title='bbox 1778 5122 1897 5160; x_wconf 80' lang='grc' dir='ltr'>συνο</span> 
     </span>
    </p>
   </div>
   <div class='ocr_carea' id='block_1_101' title="bbox 328 5197 1906 5270">
    <p class='ocr_par' dir='ltr' id='par_1_101' title="bbox 328 5197 1906 5270">
     <span class='ocr_line' id='line_1_101' title="bbox 328 5197 1906 5270; baseline 0.003 -22"><span class='ocrx_word' id='word_1_756' title='bbox 328 5197 683 5268; x_wconf 79' lang='grc' dir='ltr'>εγράφησανο</span> <span class='ocrx_word' id='word_1_757' title='bbox 715 5200 743 5253; x_wconf 86' lang='grc' dir='ltr'>ὁ</span> <span class='ocrx_word' id='word_1_758' title='bbox 769 5198 826 5252; x_wconf 80' lang='grc' dir='ltr'>δὲ</span> <span class='ocrx_word' id='word_1_759' title='bbox 854 5199 1108 5268; x_wconf 81' lang='grc' dir='ltr'>Ἰωάννης</span> <span class='ocrx_word' id='word_1_760' title='bbox 1145 5197 1270 5253; x_wconf 86' lang='grc' dir='ltr'>ίδὼν</span> <span class='ocrx_word' id='word_1_761' title='bbox 1302 5198 1463 5263; x_wconf 78' lang='grc' dir='ltr'>αὐτὰ,</span> <span class='ocrx_word' id='word_1_762' title='bbox 1523 5197 1618 5252; x_wconf 80' lang='grc' dir='ltr'>καὶ</span> <span class='ocrx_word' id='word_1_763' title='bbox 1646 5199 1743 5270; x_wconf 80' lang='grc' dir='ltr'>τῆς</span> <span class='ocrx_word' id='word_1_764' title='bbox 1772 5198 1906 5270; x_wconf 85' lang='grc' dir='ltr'>ἁλη-</span> 
     </span>
    </p>
   </div>
   <div class='ocr_carea' id='block_1_102' title="bbox 2007 4637 3583 4715">
    <p class='ocr_par' dir='ltr' id='par_1_102' title="bbox 2007 4637 3583 4715">
     <span class='ocr_line' id='line_1_102' title="bbox 2007 4637 3583 4715; baseline -0.01 -13"><span class='ocrx_word' id='word_1_765' title='bbox 2007 4661 2106 4702; x_wconf 92' lang='lat' dir='ltr'><strong>nos</strong></span> <span class='ocrx_word' id='word_1_766' title='bbox 2125 4645 2387 4715; x_wconf 84' lang='lat' dir='ltr'><strong>assumpti</strong></span> <span class='ocrx_word' id='word_1_767' title='bbox 2405 4644 2631 4712; x_wconf 82' lang='lat' dir='ltr'><strong>Christi,</strong></span> <span class='ocrx_word' id='word_1_768' title='bbox 2659 4660 2724 4699; x_wconf 83' lang='lat' dir='ltr'><strong>ex</strong></span> <span class='ocrx_word' id='word_1_769' title='bbox 2749 4659 2845 4700; x_wconf 91' lang='lat' dir='ltr'><strong>ore</strong></span> <span class='ocrx_word' id='word_1_770' title='bbox 2876 4643 3024 4699; x_wconf 86' lang='lat' dir='ltr'><strong>Petri</strong></span> <span class='ocrx_word' id='word_1_771' title='bbox 3049 4643 3296 4707; x_wconf 87' lang='lat' dir='ltr'><strong>edoctus,</strong></span> <span class='ocrx_word' id='word_1_772' title='bbox 3328 4637 3583 4705; x_wconf 85' lang='lat' dir='ltr'><strong>scripsit:</strong></span> 
     </span>
    </p>
   </div>
   <div class='ocr_carea' id='block_1_103' title="bbox 2006 4730 3583 4809">
    <p class='ocr_par' dir='ltr' id='par_1_103' title="bbox 2006 4730 3583 4809">
     <span class='ocr_line' id='line_1_103' title="bbox 2006 4730 3583 4809; baseline -0.01 -13"><span class='ocrx_word' id='word_1_773' title='bbox 2006 4738 2180 4796; x_wconf 85' lang='lat' dir='ltr'><strong>Lucas</strong></span> <span class='ocrx_word' id='word_1_774' title='bbox 2204 4749 2381 4794; x_wconf 88' lang='lat' dir='ltr'><strong>autem</strong></span> <span class='ocrx_word' id='word_1_775' title='bbox 2407 4749 2528 4809; x_wconf 89' lang='lat' dir='ltr'><strong>post</strong></span> <span class='ocrx_word' id='word_1_776' title='bbox 2552 4753 2622 4793; x_wconf 81' lang='lat' dir='ltr'><strong>xv</strong></span> <span class='ocrx_word' id='word_1_777' title='bbox 2647 4753 2843 4795; x_wconf 91' lang='lat' dir='ltr'><strong>annos.</strong></span> <span class='ocrx_word' id='word_1_778' title='bbox 2879 4737 3119 4806; x_wconf 85' lang='lat' dir='ltr'><strong>Denique</strong></span> <span class='ocrx_word' id='word_1_779' title='bbox 3141 4732 3380 4790; x_wconf 78' lang='lat' dir='ltr'><strong>Joannes</strong></span> <span class='ocrx_word' id='word_1_780' title='bbox 3403 4730 3583 4783; x_wconf 83' lang='lat' dir='ltr'><strong>Theo-</strong></span> 
     </span>
    </p>
   </div>
   <div class='ocr_carea' id='block_1_104' title="bbox 2010 4819 3585 4904">
    <p class='ocr_par' dir='ltr' id='par_1_104' title="bbox 2010 4819 3585 4904">
     <span class='ocr_line' id='line_1_104' title="bbox 2010 4819 3585 4904; baseline -0.014 -8"><span class='ocrx_word' id='word_1_781' title='bbox 2010 4831 2164 4904; x_wconf 72' lang='lat' dir='ltr'><strong>logus</strong></span> <span class='ocrx_word' id='word_1_782' title='bbox 2201 4839 2323 4903; x_wconf 83' lang='lat' dir='ltr'><strong>post</strong></span> <span class='ocrx_word' id='word_1_783' title='bbox 2359 4831 2580 4903; x_wconf 81' lang='lat' dir='ltr'><strong>triginta</strong></span> <span class='ocrx_word' id='word_1_784' title='bbox 2603 4831 2740 4889; x_wconf 89' lang='lat' dir='ltr'><strong>duos</strong></span> <span class='ocrx_word' id='word_1_785' title='bbox 2758 4828 3232 4886; x_wconf 77' lang='lat' dir='ltr'><strong>annos..Referunt</strong></span> <span class='ocrx_word' id='word_1_786' title='bbox 3251 4823 3418 4886; x_wconf 88' lang='lat' dir='ltr'><strong>enim,</strong></span> <span class='ocrx_word' id='word_1_787' title='bbox 3440 4819 3585 4890; x_wconf 61' lang='lat' dir='ltr'><strong>quod</strong></span> 
     </span>
    </p>
   </div>
   <div class='ocr_carea' id='block_1_105' title="bbox 2009 4915 3588 4993">
    <p class='ocr_par' dir='ltr' id='par_1_105' title="bbox 2009 4915 3588 4993">
     <span class='ocr_line' id='line_1_105' title="bbox 2009 4915 3588 4993; baseline -0.006 -16"><span class='ocrx_word' id='word_1_788' title='bbox 2009 4923 2084 4978; x_wconf 91' lang='lat' dir='ltr'><strong>illi</strong></span> <span class='ocrx_word' id='word_1_789' title='bbox 2114 4930 2236 4992; x_wconf 85' lang='lat' dir='ltr'><strong>post</strong></span> <span class='ocrx_word' id='word_1_790' title='bbox 2258 4931 2486 4979; x_wconf 87' lang='lat' dir='ltr'><strong>mortem</strong></span> <span class='ocrx_word' id='word_1_791' title='bbox 2513 4923 2730 4980; x_wconf 89' lang='lat' dir='ltr'><strong>illorum</strong></span> <span class='ocrx_word' id='word_1_792' title='bbox 2753 4922 3030 4993; x_wconf 84' lang='lat' dir='ltr'><strong>superstiti</strong></span> <span class='ocrx_word' id='word_1_793' title='bbox 3060 4919 3220 4973; x_wconf 89' lang='lat' dir='ltr'><strong>allata</strong></span> <span class='ocrx_word' id='word_1_794' title='bbox 3250 4915 3450 4972; x_wconf 87' lang='lat' dir='ltr'><strong>fuerint</strong></span> <span class='ocrx_word' id='word_1_795' title='bbox 3484 4915 3588 4968; x_wconf 85' lang='lat' dir='ltr'><strong>tria</strong></span> 
     </span>
    </p>
   </div>
   <div class='ocr_carea' id='block_1_106' title="bbox 2010 5007 3592 5084">
    <p class='ocr_par' dir='ltr' id='par_1_106' title="bbox 2010 5007 3592 5084">
     <span class='ocr_line' id='line_1_106' title="bbox 2010 5007 3592 5084; baseline -0.006 -14"><span class='ocrx_word' id='word_1_796' title='bbox 2010 5013 2412 5084; x_wconf 77' lang='lat' dir='ltr'><strong>Evangelia,.ut</strong></span> <span class='ocrx_word' id='word_1_797' title='bbox 2447 5013 2658 5071; x_wconf 81' lang='lat' dir='ltr'><strong>videret</strong></span> <span class='ocrx_word' id='word_1_798' title='bbox 2681 5029 2744 5071; x_wconf 89' lang='lat' dir='ltr'><strong>ea</strong></span> <span class='ocrx_word' id='word_1_799' title='bbox 2782 5024 2945 5084; x_wconf 84' lang='lat' dir='ltr'><strong>atque</strong></span> <span class='ocrx_word' id='word_1_800' title='bbox 2974 5011 3267 5081; x_wconf 78' lang='lat' dir='ltr'><strong>iudicaret,</strong></span> <span class='ocrx_word' id='word_1_801' title='bbox 3321 5023 3452 5064; x_wconf 88' lang='lat' dir='ltr'><strong>num</strong></span> <span class='ocrx_word' id='word_1_802' title='bbox 3501 5007 3592 5062; x_wconf 84' lang='lat' dir='ltr'><strong>illa</strong></span> 
     </span>
    </p>
   </div>
   <div class='ocr_carea' id='block_1_107' title="bbox 2013 5100 3593 5178">
    <p class='ocr_par' dir='ltr' id='par_1_107' title="bbox 2013 5100 3593 5178">
     <span class='ocr_line' id='line_1_107' title="bbox 2013 5100 3593 5178; baseline -0.006 -16"><span class='ocrx_word' id='word_1_803' title='bbox 2013 5122 2141 5164; x_wconf 86' lang='lat' dir='ltr'><strong>vere</strong></span> <span class='ocrx_word' id='word_1_804' title='bbox 2173 5109 2477 5178; x_wconf 87' lang='lat' dir='ltr'><strong>conscripta</strong></span> <span class='ocrx_word' id='word_1_805' title='bbox 2533 5106 2782 5162; x_wconf 82' lang='lat' dir='ltr'><strong>fuissent.</strong></span> <span class='ocrx_word' id='word_1_806' title='bbox 2825 5105 3060 5162; x_wconf 83' lang='lat' dir='ltr'><strong>Joannes</strong></span> <span class='ocrx_word' id='word_1_807' title='bbox 3085 5114 3288 5169; x_wconf 88' lang='lat' dir='ltr'><strong>autem,</strong></span> <span class='ocrx_word' id='word_1_808' title='bbox 3316 5116 3439 5156; x_wconf 89' lang='lat' dir='ltr'><strong>cum</strong></span> <span class='ocrx_word' id='word_1_809' title='bbox 3477 5100 3593 5155; x_wconf 69' lang='lat' dir='ltr'><strong>haec</strong></span> 
     </span>
    </p>
   </div>
   <div class='ocr_carea' id='block_1_108' title="bbox 2016 5193 3593 5270">
    <p class='ocr_par' dir='ltr' id='par_1_108' title="bbox 2016 5193 3593 5270">
     <span class='ocr_line' id='line_1_108' title="bbox 2016 5193 3593 5270; baseline -0.006 -16"><span class='ocrx_word' id='word_1_810' title='bbox 2016 5201 2259 5270; x_wconf 85' lang='lat' dir='ltr'><strong>vidisset,</strong></span> <span class='ocrx_word' id='word_1_811' title='bbox 2301 5211 2366 5256; x_wconf 86' lang='lat' dir='ltr'><strong>ut</strong></span> <span class='ocrx_word' id='word_1_812' title='bbox 2404 5210 2520 5255; x_wconf 90' lang='lat' dir='ltr'><strong>erat</strong></span> <span class='ocrx_word' id='word_1_813' title='bbox 2549 5199 2865 5270; x_wconf 86' lang='lat' dir='ltr'><strong>ampliorem</strong></span> <span class='ocrx_word' id='word_1_814' title='bbox 2896 5196 3141 5252; x_wconf 88' lang='lat' dir='ltr'><strong>veritatis</strong></span> <span class='ocrx_word' id='word_1_815' title='bbox 3164 5194 3396 5266; x_wconf 80' lang='lat' dir='ltr'><strong>gratiam</strong></span> <span class='ocrx_word' id='word_1_816' title='bbox 3428 5193 3593 5249; x_wconf 85' lang='lat' dir='ltr'><strong>sorti-</strong></span> 
     </span>
    </p>
   </div>
   <div class='ocr_carea' id='block_1_109' title="bbox 329 5285 1866 5364">
    <p class='ocr_par' dir='ltr' id='par_1_109' title="bbox 329 5287 1866 5364">
     <span class='ocr_line' id='line_1_109' title="bbox 329 5287 1866 5364; baseline 0.003 -24"><span class='ocrx_word' id='word_1_817' title='bbox 329 5287 477 5353; x_wconf 88' lang='grc' dir='ltr'>θείας</span> <span class='ocrx_word' id='word_1_818' title='bbox 506 5290 667 5364; x_wconf 82' lang='grc' dir='ltr'>χάριν</span> <span class='ocrx_word' id='word_1_819' title='bbox 698 5290 1266 5364; x_wconf 83' lang='grc' dir='ltr'>ύπεραποδεξάμενος,</span> <span class='ocrx_word' id='word_1_820' title='bbox 1297 5291 1398 5344; x_wconf 84' lang='grc' dir='ltr'>ὅσα</span> <span class='ocrx_word' id='word_1_821' title='bbox 1426 5292 1623 5344; x_wconf 80' lang='grc' dir='ltr'>ἐκεῖνοι</span> <span class='ocrx_word' id='word_1_822' title='bbox 1649 5291 1866 5362; x_wconf 86' lang='grc' dir='ltr'>παρέλει</span> 
     </span>
    </p>
   </div>
   <div class='ocr_carea' id='block_1_110' title="bbox 1971 5285 3595 5364">
    <p class='ocr_par' dir='ltr' id='par_1_110' title="bbox 2019 5285 3595 5361">
     <span class='ocr_line' id='line_1_110' title="bbox 2019 5285 3595 5361; baseline -0.006 -15"><span class='ocrx_word' id='word_1_823' title='bbox 2019 5301 2126 5360; x_wconf 89' lang='lat' dir='ltr'><strong>tus,</strong></span> <span class='ocrx_word' id='word_1_824' title='bbox 2178 5290 2488 5361; x_wconf 86' lang='lat' dir='ltr'><strong>adimplevit</strong></span> <span class='ocrx_word' id='word_1_825' title='bbox 2525 5303 2878 5360; x_wconf 71' lang='lat' dir='ltr'><strong>quaecumque</strong></span> <span class='ocrx_word' id='word_1_826' title='bbox 2931 5287 3014 5342; x_wconf 92' lang='lat' dir='ltr'><strong>ab.</strong></span> <span class='ocrx_word' id='word_1_827' title='bbox 3052 5286 3173 5341; x_wconf 90' lang='lat' dir='ltr'><strong>aliis</strong></span> <span class='ocrx_word' id='word_1_828' title='bbox 3227 5285 3595 5354; x_wconf 66' lang='lat' dir='ltr'><strong>praatertnissa</strong></span> 
     </span>
    </p>
   </div>
   <div class='ocr_carea' id='block_1_111' title="bbox 329 5377 1866 5456">
    <p class='ocr_par' dir='ltr' id='par_1_111' title="bbox 329 5379 1866 5456">
     <span class='ocr_line' id='line_1_111' title="bbox 329 5379 1866 5456; baseline 0.003 -22"><span class='ocrx_word' id='word_1_829' title='bbox 329 5380 437 5451; x_wconf 77' lang='grc' dir='ltr'>ψαν</span> <span class='ocrx_word' id='word_1_830' title='bbox 458 5424 474 5451; x_wconf 94' lang='grc'><strong>,</strong></span> <span class='ocrx_word' id='word_1_831' title='bbox 522 5384 688 5449; x_wconf 84' lang='grc' dir='ltr'>αύτδς</span> <span class='ocrx_word' id='word_1_832' title='bbox 735 5383 1143 5456; x_wconf 83' lang='grc' dir='ltr'>ἀνεπλήρωσεν.</span> <span class='ocrx_word' id='word_1_833' title='bbox 1167 5386 1307 5439; x_wconf 84' lang='grc' dir='ltr'>Ὅσα.</span> <span class='ocrx_word' id='word_1_834' title='bbox 1329 5400 1387 5437; x_wconf 86' lang='grc' dir='ltr'><strong>τε</strong></span> <span class='ocrx_word' id='word_1_835' title='bbox 1420 5384 1700 5455; x_wconf 80' lang='grc' dir='ltr'>συντόμως</span> <span class='ocrx_word' id='word_1_836' title='bbox 1748 5379 1866 5439; x_wconf 65' lang='lat' dir='ltr'><strong>sine</strong></span> 
     </span>
    </p>
   </div>
   <div class='ocr_carea' id='block_1_112' title="bbox 1971 5377 3598 5456">
    <p class='ocr_par' dir='ltr' id='par_1_112' title="bbox 2020 5377 3598 5454">
     <span class='ocr_line' id='line_1_112' title="bbox 2020 5377 3598 5454; baseline -0.006 -14"><span class='ocrx_word' id='word_1_837' title='bbox 2020 5384 2255 5454; x_wconf 88' lang='lat' dir='ltr'><strong>fuerant,</strong></span> <span class='ocrx_word' id='word_1_838' title='bbox 2289 5397 2340 5440; x_wconf 88' lang='lat' dir='ltr'><strong>et</strong></span> <span class='ocrx_word' id='word_1_839' title='bbox 2372 5399 2491 5454; x_wconf 74' lang='lat' dir='ltr'><strong>qua:</strong></span> <span class='ocrx_word' id='word_1_840' title='bbox 2513 5383 2841 5440; x_wconf 87' lang='lat' dir='ltr'><strong>succinctius</strong></span> <span class='ocrx_word' id='word_1_841' title='bbox 2860 5381 2951 5437; x_wconf 91' lang='lat' dir='ltr'><strong>alii</strong></span> <span class='ocrx_word' id='word_1_842' title='bbox 2978 5379 3391 5450; x_wconf 82' lang='lat' dir='ltr'><strong>dixerant,.ipse</strong></span> <span class='ocrx_word' id='word_1_843' title='bbox 3424 5377 3598 5432; x_wconf 85' lang='lat' dir='ltr'><strong>fusius</strong></span> 
     </span>
    </p>
   </div>
   <div class='ocr_carea' id='block_1_113' title="bbox 409 5540 1866 5610">
    <p class='ocr_par' dir='ltr' id='par_1_113' title="bbox 409 5540 1791 5610">
     <span class='ocr_line' id='line_1_113' title="bbox 409 5540 1791 5610; baseline -0.001 -12"><span class='ocrx_word' id='word_1_844' title='bbox 409 5541 844 5610; x_wconf 62' lang='lat' dir='ltr'><strong>’L’lattlt.x,28.</strong></span> <span class='ocrx_word' id='word_1_845' title='bbox 923 5542 1222 5597; x_wconf 75' lang='lat' dir='ltr'><strong>&#39;lhid.l6.</strong></span> <span class='ocrx_word' id='word_1_846' title='bbox 1299 5540 1791 5604; x_wconf 70' lang='lat' dir='ltr'><strong>&#39;t\latt|t.&#39;vtt,l&#39;2.</strong></span> 
     </span>
    </p>
   </div>
   <div class='ocr_carea' id='block_1_114' title="bbox 1971 5540 2320 5610">
    <p class='ocr_par' dir='ltr' id='par_1_114' title="bbox 1979 5541 2320 5608">
     <span class='ocr_line' id='line_1_114' title="bbox 1979 5541 2320 5608; baseline -0.003 -12"><span class='ocrx_word' id='word_1_847' title='bbox 1979 5545 2112 5598; x_wconf 74' lang='lat' dir='ltr'><strong>ztlllt.</strong></span> <span class='ocrx_word' id='word_1_848' title='bbox 2143 5559 2197 5608; x_wconf 71' lang='grc' dir='ltr'><strong>ν,</strong></span> <span class='ocrx_word' id='word_1_849' title='bbox 2227 5541 2320 5596; x_wconf 63' lang='grc' dir='ltr'><strong>ἓ8.</strong></span> 
     </span>
    </p>
   </div>
   <div class='ocr_carea' id='block_1_115' title="bbox 1793 5627 1825 5647">
    <p class='ocr_par' dir='ltr' id='par_1_115' title="bbox 1793 5627 1825 5647">
     <span class='ocr_line' id='line_1_115' title="bbox 1793 5627 1825 5647; baseline 0 0"><span class='ocrx_word' id='word_1_850' title='bbox 1793 5627 1825 5647; x_wconf 68' lang='grc' dir='ltr'><strong>ρ</strong></span> 
     </span>
    </p>
   </div>
   <div class='ocr_carea' id='block_1_116' title="bbox 409 5685 1916 5772">
    <p class='ocr_par' dir='ltr' id='par_1_116' title="bbox 409 5685 1916 5772">
     <span class='ocr_line' id='line_1_116' title="bbox 409 5685 1916 5772; baseline 0.001 -18"><span class='ocrx_word' id='word_1_851' title='bbox 409 5701 488 5772; x_wconf 77' lang='lat' dir='ltr'><strong>(a)</strong></span> <span class='ocrx_word' id='word_1_852' title='bbox 537 5699 677 5756; x_wconf 80' lang='lat' dir='ltr'><strong>Edit.</strong></span> <span class='ocrx_word' id='word_1_853' title='bbox 726 5701 851 5757; x_wconf 88' lang='lat' dir='ltr'><strong>Lut.</strong></span> <span class='ocrx_word' id='word_1_854' title='bbox 885 5685 1034 5768; x_wconf 22' lang='lat' dir='ltr'><strong>’Qnia</strong></span> <span class='ocrx_word' id='word_1_855' title='bbox 1076 5703 1292 5757; x_wconf 80' lang='lat' dir='ltr'><strong>totidem</strong></span> <span class='ocrx_word' id='word_1_856' title='bbox 1340 5711 1461 5757; x_wconf 80' lang='lat' dir='ltr'><strong>sunt</strong></span> <span class='ocrx_word' id='word_1_857' title='bbox 1503 5701 1684 5755; x_wconf 81' lang='lat' dir='ltr'><strong>mundi</strong></span> <span class='ocrx_word' id='word_1_858' title='bbox 1712 5709 1916 5772; x_wconf 78' lang='lat' dir='ltr'><strong>partes,</strong></span> 
     </span>
    </p>
   </div>
   <div class='ocr_carea' id='block_1_117' title="bbox 342 5771 1915 5842">
    <p class='ocr_par' dir='ltr' id='par_1_117' title="bbox 342 5771 1915 5842">
     <span class='ocr_line' id='line_1_117' title="bbox 342 5771 1915 5842; baseline 0 -18"><span class='ocrx_word' id='word_1_859' title='bbox 342 5782 388 5825; x_wconf 73' lang='lat' dir='ltr'><strong>et</strong></span> <span class='ocrx_word' id='word_1_860' title='bbox 424 5771 706 5836; x_wconf 69' lang='lat' dir='ltr'><strong>Colnnmw,</strong></span> <span class='ocrx_word' id='word_1_861' title='bbox 740 5774 922 5826; x_wconf 82' lang='lat' dir='ltr'><strong>mundi</strong></span> <span class='ocrx_word' id='word_1_862' title='bbox 958 5782 1131 5827; x_wconf 87' lang='lat' dir='ltr'><strong>autem</strong></span> <span class='ocrx_word' id='word_1_863' title='bbox 1167 5784 1399 5840; x_wconf 74' lang='lat' dir='ltr'><strong>quatuor</strong></span> <span class='ocrx_word' id='word_1_864' title='bbox 1434 5775 1620 5842; x_wconf 74' lang='lat' dir='ltr'><strong>plagas</strong></span> <span class='ocrx_word' id='word_1_865' title='bbox 1652 5771 1915 5835; x_wconf 70' lang='lat' dir='ltr'><strong>habentis,</strong></span> 
     </span>
    </p>
   </div>
   <div class='ocr_carea' id='block_1_118' title="bbox 344 5843 1913 5915">
    <p class='ocr_par' dir='ltr' id='par_1_118' title="bbox 344 5843 1913 5915">
     <span class='ocr_line' id='line_1_118' title="bbox 344 5843 1913 5915; baseline -0.001 -19"><span class='ocrx_word' id='word_1_866' title='bbox 344 5853 568 5912; x_wconf 79' lang='lat' dir='ltr'><strong>quatuor</strong></span> <span class='ocrx_word' id='word_1_867' title='bbox 632 5859 836 5915; x_wconf 82' lang='lat' dir='ltr'><strong>quoque</strong></span> <span class='ocrx_word' id='word_1_868' title='bbox 881 5861 990 5898; x_wconf 61' lang='lat' dir='ltr'><strong>esse</strong></span> <span class='ocrx_word' id='word_1_869' title='bbox 1050 5843 1320 5898; x_wconf 70' lang='lat' dir='ltr'><strong>coluimus</strong></span> <span class='ocrx_word' id='word_1_870' title='bbox 1381 5843 1614 5909; x_wconf 69' lang='lat' dir='ltr'><strong>decebat,</strong></span> <span class='ocrx_word' id='word_1_871' title='bbox 1663 5843 1913 5896; x_wconf 77' lang='lat' dir='ltr'><strong>nimirum</strong></span> 
     </span>
    </p>
   </div>
   <div class='ocr_carea' id='block_1_119' title="bbox 2025 5691 3596 5826">
    <p class='ocr_par' dir='ltr' id='par_1_119' title="bbox 2025 5691 3596 5826">
     <span class='ocr_line' id='line_1_119' title="bbox 2025 5691 3596 5826; baseline -0.006 -71"><span class='ocrx_word' id='word_1_872' title='bbox 2025 5701 2340 5826; x_wconf 53' lang='lat' dir='ltr'><strong>(’Jrienlem,</strong></span> <span class='ocrx_word' id='word_1_873' title='bbox 2404 5700 2774 5767; x_wconf 68' lang='lat' dir='ltr'><strong>Orciilentem,</strong></span> <span class='ocrx_word' id='word_1_874' title='bbox 2845 5701 3256 5773; x_wconf 78' lang='lat' dir='ltr'><strong>Septentrionem</strong></span> <span class='ocrx_word' id='word_1_875' title='bbox 3309 5704 3356 5749; x_wconf 82' lang='lat' dir='ltr'><strong>el</strong></span> <span class='ocrx_word' id='word_1_876' title='bbox 3427 5691 3596 5748; x_wconf 76' lang='lat' dir='ltr'><strong>Meri-</strong></span> 
     </span>
     <span class='ocr_line' id='line_1_120' title="bbox 2025 5790 2178 5826; baseline 0.013 -2"><span class='ocrx_word' id='word_1_877' title='bbox 2025 5790 2178 5826; x_wconf 69' lang='lat' dir='ltr'><strong>item.</strong></span> 
     </span>
    </p>
   </div>
   <div class='ocr_carea' id='block_1_120' title="bbox 2022 5790 2178 5827">
    <p class='ocr_par' dir='ltr' id='par_1_120' title="bbox 2022 5790 2178 5827">
     <span class='ocr_line' id='line_1_121' title="bbox 2022 5790 2178 5827; baseline 0.019 -3"><span class='ocrx_word' id='word_1_878' title='bbox 2022 5790 2178 5827; x_wconf 68' lang='lat' dir='ltr'><strong>“lem.</strong></span> 
     </span>
    </p>
   </div>
  </div>
