4058 6470
468 366 563 431 ιιι

1344 351 1929 415 THEOPHYLACTI
1970 351 2385 415 BULGARIAZ
2423 350 2779 413 ARCHIEP.

3611 346 3718 412 1&8

457 472 511 545 3
547 472 599 527 in
631 486 730 526 suo
760 465 1054 538 Evangelio
1116 464 1356 520 tradidit.
1415 463 1682 534 Quocirca
1740 479 1769 517 a
1820 461 2034 522 sublimi

2145 462 2365 530 ἐκεῖνοι,
2397 460 2560 527 αὐτὸς
2592 459 2891 519 ἐπλάτυνεν
2919 458 2977 514 ἐν
3005 456 3083 529 τῷ
3116 459 3234 531 ἰδίῳ
3265 457 3602 531 Εύαγγελίῳ.
3631 460 3726 513 Aio

458 563 727 633 theologia
759 559 971 616 initium
1006 559 1171 627 fecit;
1205 558 1469 627 siquidem
1511 557 1655 612 enim
1689 556 1779 615 alii
1829 556 2030 615 nullam

459 657 703 713 fecerant
742 653 1067 707 mentionem
1127 652 1269 724 quod
1334 652 1570 707 Verbum
1634 650 1725 706 Dei
1765 652 2033 709 exstiterit

433 745 583 805 ante
632 747 849 812 saecula,
883 746 997 816 ipse
1020 746 1120 800 hac
1140 745 1208 800 de
1236 760 1294 799 re
1344 744 1525 799 divine
1587 744 1841 810 prodidit,
1879 751 1930 796 ut
1963 758 2034 801 ne

458 826 677 917 pttletttr
700 842 936 900 Verbum
967 842 1058 897 Dei
1090 856 1257 913 purus
1283 842 1466 909 homo,
1503 840 1606 895 hoc
1669 848 1772 905 est,
1828 838 2033 909 absque

428 936 660 991 ‘deitate
715 950 861 990 esse.
916 932 1199 988 Matthzeus
1248 931 1389 986 enim
1449 931 1516 985 de
1568 929 1678 985 sola
1728 927 2031 993 substantia

459 1026 665 1082 Christi
694 1026 745 1080 in
793 1037 958 1081 carne
992 1025 1268 1078 disserens
1295 1024 1361 1078 ad
1423 1020 1676 1077 llebrmos
1736 1021 2029 1087 scribebat,

456 1118 654 1187 quibus
693 1115 987 1173 sumciebat
1014 1116 1221 1171 discere
1250 1116 1475 1184 quodex
1492 1113 1761 1167 Abraham
1785 1121 1839 1167 et
1863 1110 2031 1167 David

460 1218 620 1264 natus
644 1218 791 1264 esset
815 1206 1085 1264 Christus.
1109 1207 1241 1261 Nam
1263 1206 1353 1276 qui
1378 1221 1441 1261 ex
1463 1205 1701 1260 llehraais
1715 1204 2028 1271 crediderit,

456 1310 741 1355 contentus
791 1309 896 1365 est,
930 1301 974 1355 si
1013 1300 1213 1356 certior
1239 1298 1328 1353 iiat
1361 1313 1425 1351 e-x
1462 1296 1734 1351 Abraham
1766 1307 1819 1351 et
1865 1296 2031 1351 David

458 1401 642 1446 natum
680 1401 827 1446 esset
849 1390 1151 1445 Christum.
1182 1390 1419 1454 Atcnim,
1446 1388 1701 1458 numquid
1734 1388 2032 1443 suiliciebat

458 1498 600 1539 unus
631 1482 959 1553 evangelista
986 1483 1010 1537 ?
1039 1482 1201 1548 Audi,
1237 1482 1531 1537 suiliciebat
1563 1481 1800 1551 quidem,
1834 1480 1928 1536 sed
1970 1488 2030 1534 ut

458 1574 680 1630 uberius
713 1574 918 1631 veritas
956 1584 1371 1638 monstraretur,
1408 1583 1643 1643 quatuor
1688 1573 2031 1629 conscribere

456 1667 709 1735 permissi
757 1676 906 1723 sunt.
929 1666 1061 1721 Nam
1090 1682 1211 1721 cum
1267 1667 1468 1721 videris
1518 1666 1617 1721 hos
1651 1676 1903 1738 quatuor,
1936 1666 2027 1735 qui

458 1773 564 1813 non
595 1759 648 1813 in
672 1775 836 1814 unum
854 1760 1029 1815 locum
1053 1767 1443 1824 convenerunt,
1468 1770 1643 1826 neque
1667 1758 2029 1813 consederunt

457 1850 641 1918 simul,
670 1850 791 1905 aliis
817 1858 873 1905 et
889 1850 1013 1905 aliis
1036 1849 1090 1905 in
1107 1848 1242 1905 iocis
1267 1849 1430 1903 vitam
1451 1848 1650 1917 egisse,
1672 1855 1726 1903 et
1742 1847 1807 1902 de
1830 1848 2032 1904 eisdem

460 1943 625 1998 rebus
659 1941 812 2010 quasi
846 1956 912 1997 ex
946 1956 1056 1997 uno
1086 1957 1179 1995 ore
1205 1940 1508 2008 scripsisse,
1545 1955 1649 1997 non
1669 1939 2033 1998 admiraberis

458 2026 739 2097 Evangelii
764 2028 1072 2091 veritatem,
1106 2028 1199 2084 sed
1244 2027 1523 2096 fateberis,
1555 2028 1700 2101 quod
1725 2044 1793 2091 ex
1827 2028 2034 2099 Spiritu

456 2129 647 2175 sancto
678 2119 840 2175 locuti
878 2120 1096 2175 iuerint.
1134 2120 1199 2176 Et
1226 2135 1293 2176 ne
1334 2121 1465 2176 mihi
1527 2122 1677 2179 dicas
1734 2123 1876 2195 quod
1928 2138 2033 2180 non

455 2222 759 2268 consonent
796 2212 851 2267 in
881 2212 1155 2269 omnibus.
1190 2213 1324 2269 Vide
1341 2214 1505 2282 enim,
1541 2214 1592 2269 in
1617 2215 1816 2285 quibus
1844 2213 2035 2273 disso—

457 2314 592 2361 nent
620 2324 634 2361 :
665 2322 791 2361 num
828 2306 917 2363 ille
953 2307 1107 2370 dixit,
1138 2306 1308 2363 Natus
1331 2316 1413 2363 est
1450 2307 1722 2375 Christus,
1766 2310 1907 2365 alius
1939 2326 2035 2364 auo

456 2408 571 2471 ptem
598 2399 751 2465 dicit,
786 2400 938 2454 non?
963 2401 1067 2454 Aut
1089 2400 1226 2455 alius
1245 2401 1459 2469 quidem
1488 2402 1631 2472 quod
1652 2404 2032 2473 resurrexerit,

459 2490 597 2545 alius
627 2505 783 2557 vero,
812 2492 965 2547 non?
987 2492 1162 2548 Absit.
1196 2491 1505 2550 Concordes
1533 2496 1675 2549 cnim
1706 2505 1832 2557 sunt
1862 2496 1915 2554 iu
1950 2496 2034 2553 his

456 2597 581 2652 qua:
635 2585 806 2656 magis
850 2586 1153 2640 necessaria
1183 2594 1237 2640 et
1296 2586 1586 2658 prmcipua.
1658 2588 1826 2658 igitur
1874 2588 1921 2649 si
1980 2589 2033 2647 in

458 2677 747 2746 praecipuis
774 2692 878 2733 non
916 2688 1045 2733 sunt
1076 2678 1259 2744 divisi,
1295 2678 1425 2747 quid
1458 2679 1699 2745 miraris,
1730 2680 1773 2735 si
1796 2680 1846 2734 in
1867 2679 2032 2739 mini-

428 2784 431 2787 λ
463 2769 566 2825 mis
593 2770 879 2825 videantur
898 2774 1110 2825 variare
1132 2772 1158 2825 ῖ
1189 2786 1315 2829 nam
1346 2771 1447 2825 hac
1473 2771 1537 2826 de
1563 2785 1725 2833 causa
1753 2773 1895 2843 quod
1926 2786 2031 2831 non

460 2861 517 2915 in
557 2861 811 2916 omnibus
839 2871 1162 2928 consonant,
1190 2861 1361 2933 magis
1381 2876 1508 2916 vera
1532 2862 1861 2933 loquuntur:
1890 2861 2035 2918 alio.

461 2952 555 3021 qui
586 2953 825 3024 suspecti
855 2954 1038 3008 haberi
1071 2954 1395 3024 potuissent,
1447 2954 1589 3025 quod
1642 2970 1747 3011 non
1800 2956 1940 3011 inter
1976 2970 2036 3015 se

460 3044 860 3109 consedissent,
887 3054 941 3099 et
972 3046 1159 3101 habito
1191 3046 1417 3101 consilio
1444 3057 1628 3107 mutuo
1646 3045 1992 3115 scripsissent
2016 3062 2032 3103 ς

460 3147 609 3189 nunc
642 3144 820 3188 autem
853 3149 975 3189 cum
1011 3135 1153 3206 quod
1178 3134 1530 3205 praetermisit
1554 3135 1663 3201 hic,
1684 3135 1901 3209 scripsit
1924 3134 2034 3203 ille,

462 3227 577 3281 haec
612 3226 725 3282 sola
751 3237 835 3282 est
882 3240 1045 3282 causa
1102 3241 1269 3297 quare
1328 3226 1380 3280 in
1443 3226 1764 3296 quihusdam
1823 3226 2039 3283 variare

462 3318 768 3373 videantur.
805 3317 872 3372 Et
916 3317 1031 3372 htec
1054 3317 1269 3386 quidem
1296 3317 1376 3372 sic
1400 3330 1458 3371 se
1479 3316 1695 3373 habent.
1722 3313 1833 3373 Nos
1857 3325 2037 3375 autem

461 3409 655 3465 seriem
695 3416 981 3465 centextus
1012 3408 1406 3479 aggrediamur.
1509 3445 1521 3455 -

1097 3543 1327 3609 CAPUT
1359 3545 1401 3608 Ι.

886 3658 965 3715 De
991 3659 1295 3730 genealogia
1325 3660 1545 3715 Christi.

536 3770 705 3829 Vsus.
738 3772 790 3827 Ι.
824 3790 842 3823 ι
876 3769 1039 3825 Liber
1063 3770 1450 3842 generationis.
1500 3790 1519 3825 ι
1551 3770 1723 3847 Quam
1782 3773 1853 3829 ob
1910 3789 2042 3829 cau-

467 3877 581 3915 sam
635 3876 740 3917 non
770 3861 926 3928 dixit,
962 3861 1122 3929 visio,
1153 3862 1234 3916 vel
1289 3877 1493 3928 sermo,
1550 3864 1695 3919 sicut
1767 3864 2040 3935 prophetae

464 3948 558 4018 qui
592 3963 718 4004 suos
756 3949 919 4005 libros
940 3950 1020 4007 sic
1048 3950 1650 4021 inscripserunt?Visio
1698 3969 1859 4023 quam
1906 3954 2040 4018 vidit

468 4041 640 4097 Isaias
666 4041 708 4107 ⁸,
736 4052 812 4105 et,
846 4044 1039 4098 Sermo
1065 4044 1156 4113 qui
1175 4047 1347 4100 factus
1372 4054 1458 4101 est
1490 4047 1555 4101 ad
1585 4043 1798 4103 lsaiam.
1830 4046 2039 4115 Quatris

463 4144 521 4187 ut
556 4132 771 4188 discas?
799 4132 1084 4201 Propheta:
1118 4135 1483 4205 loquebantur
1507 4136 1573 4191 ad
1609 4136 1774 4193 duros
1796 4139 1957 4193 corde
1984 4148 2040 4193 et

462 4224 863 4291 inobsdieutes,
888 4236 945 4280 et
972 4226 1094 4282 ideo
1127 4226 1399 4293 dicebant,
1434 4227 1616 4282 divina
1649 4238 1732 4284 cst
1773 4230 1932 4298 visio,
1983 4241 2041 4291 et

463 4332 646 4373 sermo
681 4326 763 4373 est
791 4332 857 4373 ex
894 4317 1025 4385 Deo,
1054 4326 1114 4372 ut
1146 4317 1364 4374 timeret
1402 4320 1660 4390 papulus,
1695 4333 1871 4378 etnon
1905 4339 2037 4380 con-

465 4419 732 4464 temneret
757 4410 924 4466 dicta.
951 4410 1235 4466 Matthaaus
1255 4419 1456 4480 autem,
1482 4428 1783 4471 sermonem
1807 4416 2039 4476 habebat

2140 553 2234 611 καὶ
2272 552 2380 607 ἀπὸ
2423 552 2701 621 θεολογίας
2740 552 2966 623 ἤρξατο.
3002 550 3157 606 Ἐπεὶ
3196 551 3305 625 γὰρ
3345 554 3394 606 οῖ
3433 554 3583 608 ἄλλοι
3624 554 3727 607 οὐκ

2139 648 2493 719 ιμνήσθησαν
2521 649 2620 718 τῆς
2651 648 2757 719 πρὸ
2781 647 2993 705 αἰώνων
3017 646 3305 718 ὑπάρξεως
3330 645 3425 705 τοῦ
3455 646 3592 701 Θεοῦ
3622 649 3728 701 Λόο

2138 759 2256 814 γου,
2282 740 2443 804 αὑτός
2471 739 2791 809 ἐθεολόγησε
2816 740 2946 810 περὶ
2972 739 3197 810 ταύτης,
3226 740 3312 792 ἵνα
3338 740 3413 810 μὴ
3440 741 3725 812 νομισθείη

2137 835 2166 888 6
2202 832 2296 886 τοῦ
2338 831 2472 886 Θεοῦ
2517 832 2711 900 Λόγος,
2750 831 2903 900 ψιλὸς
2942 831 3231 903 ἄνθρωπος
3271 827 3432 897 εἶναι,
3475 834 3727 891 τουτέστι

2136 926 2258 997 δίχα
2292 925 2564 995 θεότητος.
2622 922 2901 986 Ματθαῑος
2929 923 3039 993 γὰρ
3068 924 3197 994 περὶ
3227 922 3327 993 τῆς
3358 924 3501 978 κατὰ
3540 926 3725 995 σάρκα

2140 1024 2309 1094 μόνης
2348 1020 2638 1091 ὑπάρξεως
2666 1020 2762 1077 τοῦ
2795 1020 3035 1092 Χριστοῦ
3065 1019 3375 1088 διαλέγεται
3400 1036 3414 1050 ·
3449 1020 3584 1091 πρὸς
3613 1023 3726 1092 γὰρ

2148 1115 2433 1186 Ἐϐραίους
2478 1115 2739 1186 ἔγραφεν,
2784 1107 2868 1176 οἷς
2913 1112 3147 1184 ἀρκετὸν
3187 1108 3257 1183 ῆν
3301 1112 3361 1166 τὸ
3405 1114 3595 1183 μαθεῖν
3639 1114 3725 1167 ὅτι

2138 1209 2247 1262 ἀπὺ
2284 1208 2535 1279 Ἀϐραὰμ
2570 1208 2666 1261 καὶ⁵
2702 1206 2867 1259 Δαυῖδ
2905 1205 3170 1276 ἐγεννήθη
3209 1206 3237 1258 6
3276 1205 3529 1275 Χριστός.
3568 1207 3726 1259 Ἀνα-

2139 1302 2372 1356 παύεται
2406 1302 2513 1372 γὰρ
2539 1301 2567 1356 6
2597 1299 2655 1365 ἐξ
2689 1300 2958 1370 Ἐϐραίων
2986 1298 3285 1362 πιστεύσας
3304 1340 3318 1363 ,
3350 1299 3481 1352 ὅταν
3511 1300 3723 1369 πληρο⁴

2138 1391 2349 1463 φορηθῇ
2381 1392 2461 1445 ὅτι
2498 1390 2605 1448 ἀπὸ
2634 1390 2798 1445 Δαυῖδ
2832 1390 2983 1443 ἐστιν
3010 1390 3038 1442 6
3072 1388 3306 1459 Χριστός
3333 1406 3346 1420 α
3379 1389 3514 1442 ἀλλὰ
3544 1389 3727 1456 λέγεις

2140 1504 2253 1557 μοι,
2280 1487 2381 1549 ὅτι,
2408 1486 2506 1539 ούκ
2533 1486 2693 1556 ἤρκει
2733 1479 2813 1546 εἷς
2843 1481 3271 1553 εύαγγελιστήςς
3295 1483 3494 1537 Ἀκουε
3519 1482 3722 1546 τοίνυν,

2135 1580 2217 1633 ὅτι
2244 1580 2405 1649 ῆρκει
2439 1578 2558 1647 μὲν,
2587 1577 2703 1633 ἀλλ’
2725 1577 2813 1630 ἴνα
2839 1576 3025 1648 δειχθῇ
3061 1575 3260 1646 μᾶλλον
3284 1577 3317 1646 ἡ
3350 1574 3599 1646 ἀλήθεια,
3628 1576 3719 1628 διὰ

2135 1671 2292 1724 τοῦτο
2331 1669 2597 1745 τέσσαρες
2637 1667 3090 1739 συνεχωρήθησαν
3128 1667 3354 1736 γράψαι.
3404 1667 3573 1720 Ὅταν
3614 1667 3725 1736 γὰρ

2137 1760 2253 1834 ἴδῃς
2287 1760 2510 1824 τούτους
2543 1760 2669 1824 τοὺς
2704 1759 3010 1830 τέσσαρας,
3049 1759 3125 1829 μὴ
3162 1757 3547 1823 συνελθόντας,
3588 1759 3725 1829 μηδὲ

2067 1832 2107 1887 Β
2140 1832 2587 1921 συγκαθίσαντας
2632 1842 2904 1919 ἀλλήλοις,
2948 1848 3243 1903 ἀλλ’ἄλλον
3290 1848 3522 1917 ἀλλαχοῦ
3568 1848 3723 1912 ὄντα,

2134 1943 2257 2005 εἶτα
2285 1945 2603 2015 γράψαντας
2631 1945 2758 2015 περὶ
2786 1945 2892 1999 τῶν
2918 1943 3098 1998 αὐτῶν
3123 1942 3312 2013 ὥσπερ
3341 1942 3432 2011 ἀφ’
3454 1941 3573 2005 ἑνὸς
3605 1943 3727 1994 στό-

2137 2055 2331 2109 ματος,
2364 2039 2469 2095 ούκ
2503 2037 2570 2091 ἂν
2606 2036 2916 2105 θαυμάσαις
2949 2035 3051 2104 τὴν
3084 2033 3179 2087 ⁴τοῦ
3218 2033 3553 2103 Εύαγγελίου
3588 2032 3725 2102 ἀλήο

2136 2130 2309 2192 θειαν,
2340 2131 2436 2185 καὶ
2463 2131 2641 2191 εἴποις
2668 2128 2743 2191 ὡς
2776 2130 2843 2185 ἐκ
2877 2126 3193 2197 Πνεύματος
3226 2125 3380 2193 ἁγίου
3414 2123 3721 2195 ἐλάλησανς

2137 2222 2231 2275 καὶ
2265 2221 2339 2291 μή
2378 2237 2471 2287 μοι
2504 2219 2630 2287 λέγε
2662 2220 2747 2273 ὅτι
2777 2219 2878 2288 οὐχ
2906 2216 3283 2287 ὁμοφωνοῦσιν
3314 2216 3372 2268 ὲν
3405 2216 3572 2269 πᾶσιν
3596 2230 3609 2245 ο
3644 2214 3723 2266 ἴδε

2136 2314 2246 2385 γὰρ
2277 2315 2335 2368 ἐν
2363 2312 2503 2365 τίσιν
2530 2312 2631 2385 οὐχ
2659 2309 3060 2381 ὁμοφωνοῦσιν.
3096 2303 3243 2378 ’Δρα
3271 2309 3298 2360 6
3332 2307 3428 2377 μὲν
3456 2301 3611 2359 εἶπεν
3639 2306 3724 2359 ὅτι

2137 2404 2400 2475 ἐγεννήθη
2422 2405 2449 2457 6
2481 2402 2735 2474 Χριστὸς,
2766 2402 2795 2455 6
2826 2402 2881 2459 δὲ
2912 2401 3055 2469 λέγει
3089 2400 3169 2453 ὅτι
3199 2397 3293 2465 ob;
3327 2400 3399 2452 Ἦ
3429 2399 3457 2451 6
3492 2399 3609 2469 μὲν,
3641 2399 3727 2452 ὅτι

2135 2499 2357 2569 ἀνέστη,
2391 2500 2419 2551 6
2449 2497 2529 2563 δὲ,
2557 2497 2637 2552 ὅτι
2666 2494 2763 2562 ob;
2796 2493 2887 2565 Μὴ
2921 2494 3152 2563 γένοιτο.
3189 2489 3280 2543 Ἐν
3309 2492 3420 2561 γὰρ
3448 2492 3558 2552 τοῖς
3592 2490 3729 2543 ἀνα-

2136 2590 2476 2661 γκαιοτέροις
2513 2590 2606 2644 καὶ
2640 2587 2993 2658 κυριωτέροις
3023 2585 3419 2657 ὁμοφωνοῦσιν.
3452 2585 3513 2639 Et
3540 2584 3724 2637 τοίνυν
3750 2596 3753 2599 ·

2136 2683 2197 2735 ὲν
2218 2684 2330 2747 τοῖς
2358 2679 2714 2750 κυριωτέροις
2737 2679 2797 2735 ού
2819 2678 3201 2749 διηνέχθησαν,
3226 2678 3277 2731 τί
3301 2675 3602 2747 θαυμάζεις
3626 2675 3723 2733 ἐὰν

2136 2776 2193 2828 ὲν
2227 2774 2337 2836 τοῖς
2374 2771 2676 2841 ἐλαχίστοις
2710 2769 2909 2825 δοκῶσι
2947 2769 3311 2833 διαλλάττεινς
3345 2770 3422 2821 Δι’
3450 2767 3583 2821 αὐτὸ
3613 2767 3723 2837 γὰρ

2135 2865 2293 2922 τοῦτο
2329 2864 2529 2935 μᾶλλον
2556 2863 2938 2934 ἀληθεύουσιν,
2966 2862 3050 2916 δτι
3083 2860 3159 2933 μὴ
3189 2861 3332 2914 κατὰ
3362 2861 3540 2913 πάντα
3569 2858 3724 2929 ὼμο.

2137 2956 2417 3028 φώνησαν.
2456 2954 2852 3026 Ἐνομίσθησαν
2891 2953 3001 3023 γὰρ
3040 2951 3127 3017 ἂν,
3173 2952 3255 3007 ὃτι
3295 2948 3725 3018 συγκαθίσαντες

2134 3048 2387 3118 ἀλλήλοις
2417 3048 2514 3101 καὶ
2572 3044 3109 3116 συμϐουλευσάμενοι
3147 3041 3426 3114 ἔγραψανι
3458 3040 3551 3097 νῦν
3580 3038 3667 3104 δὲ,
3697 3039 3726 3092 6

2060 3162 2105 3225 Ο
2138 3138 2466 3209 παρέλειψεν
2492 3132 2668 3203 οὗτος,
2694 3135 2933 3207 ἔγραψεν
2957 3136 3187 3201 ἐκεῖνος,
3215 3134 3311 3193 καὶ
3339 3129 3613 3225 διὰᾲτοῦτο
3637 3129 3724 3187 8o-

2139 3230 2327 3293 κοῦσιν
2346 3233 2404 3287 ὲν
2424 3229 2891 3286 τισὶδιαλλάττειν
2910 3243 2923 3256 ·
2952 3227 3047 3285 καὶ
3070 3227 3243 3289 ταῦτα
3270 3225 3368 3298 μὲν
3389 3222 3582 3289 οὕτως.
3602 3223 3652 3278 ’Δ
3667 3238 3727 3294 p-

2141 3324 2361 3399 ξώμεθα
2388 3324 2445 3379 δὲ
2474 3324 2574 3395 ῆδη
2601 3323 2694 3377 τοῦ
2724 3321 2912 3392 ὕφους.

2748 3546 2997 3602 ΚΕΦΑΛ.
3040 3542 3119 3600 A'.

2420 3661 2563 3731 Περὶ
2596 3660 2988 3735 γενεαλογίας
3020 3656 3129 3712 τοῦ
3164 3656 3445 3727 Χριστοῦ.

2218 3797 2237 3832 ι
2268 3776 2460 3843 Βίϐλος
2484 3775 2771 3845 γενέσεως.
2809 3792 2826 3824 ι
2854 3771 3012 3839 Τίνος
3033 3770 3221 3824 ἓνεκεν
3244 3770 3344 3825 οὐκ
3369 3765 3543 3834 εἶπεν,
3588 3767 3722 3838 ερας

2143 3886 2229 3934 σις
2260 3870 2491 3943 ἢλόγος,
2525 3867 2712 3940 ὥσπερ
2743 3868 2791 3919 0i
2824 3864 3140 3935 προφῆται;
3178 3862 3413 3917 Ἐκεῖνοι
3444 3860 3550 3930 γὰρ
3581 3860 3725 3917 οὕτω

2141 3961 2519 4035 προέγραφονο
2571 3959 2759 4029 ὅρασις
2787 3956 2856 4027 ἢν
2883 3951 3024 4009 εἶδεν
3046 3954 3294 4019 Ἡσαΐας,
3323 3954 3420 4007 καὶ
3448 3954 3477 4007 6
3505 3952 3662 4025 λόγος
3694 3953 3724 4009 6

2140 4053 2431 4124 γενόμενος
2473 4052 2609 4128 πρὸς
2644 4050 2890 4106 Ἠσαίαν.
2940 4048 3097 4113 Τίνος
3141 4048 3349 4110 ἕνεκεν,
3392 4044 3572 4117 ζητεῖς
3616 4061 3723 4114 μα·

2140 4145 2283 4211 θεῖν;
2326 4142 2469 4202 Διότι
2516 4143 2566 4199 οἱ
2618 4141 2715 4217 μὲν
2759 4141 3037 4215 προφῆται
3085 4140 3220 4210 πρὸς
3264 4136 3723 4209 σκληροκαρδίους

2138 4234 2441 4303 διελέγοντο
2480 4234 2576 4288 καί
2616 4232 2882 4301 ἀπειθεῖς,
2926 4234 3023 4289 καὶ
3064 4233 3153 4287 διὰ
3190 4230 3349 4286 τοῦτο
3393 4230 3595 4299 ελεγον,
3641 4229 3723 4284 ὅτι

2140 4327 2330 4400 ὅρασίς
2368 4327 2483 4383 ἐστι
2525 4323 2677 4391 θεία,
2711 4326 2806 4379 καὶ
2837 4325 2919 4378 ὃτι
2953 4323 3111 4392 λόγος
3145 4323 3291 4377 ἐστὶν
3325 4324 3389 4377 ὲκ
3421 4320 3556 4376 Θεοῦ
3585 4338 3597 4352 ·
3635 4319 3725 4373 ἵνα

2142 4417 2353 4490 φοϐηθῇ
2378 4419 2406 4470 6
2431 4416 2559 4480 λαὸς
2576 4455 2592 4480 ,
2620 4417 2714 4473 καὶ
2742 4416 2817 4488 μὴ
2843 4414 3230 4486 καταφρονῶσι
3258 4413 3364 4469 τῶν
3388 4415 3446 4468 λε
3459 4412 3718 4483 γομένων.

467 4501 539 4557 ad
566 4502 839 4569 credulos,
898 4514 1083 4575 gratos
1135 4515 1194 4561 et
1251 4506 1589 4570 obedienles,
1652 4517 1707 4564 et
1756 4520 2034 4583 propterea

2157 4511 2213 4565 Ὀ
2241 4511 2298 4564 δὲ
2329 4510 2627 4577 Ματθαῖος,
2656 4509 2793 4579 πρὸς
2817 4506 3138 4578 ἀνθρώπους
3163 4502 3276 4577 εἶχε
3304 4506 3718 4567 πιστεύσαντας.

467 4594 603 4650 nihil
633 4594 739 4650 tale
770 4595 1040 4664 praedixit,
1066 4598 1225 4667 quale
1265 4598 1558 4667 prophetat.
1589 4598 1810 4657 Possem
1860 4611 2038 4659 autem

466 4694 521 4740 et
536 4685 677 4741 aliud
700 4685 901 4751 dicere,
917 4688 1062 4759 quod
1081 4690 1354 4759 prophetae
1374 4702 1552 4747 mente
1574 4693 1826 4751 videbant
1846 4710 1907 4750 ea
1919 4711 2039 4773 qua:

463 4778 741 4845 videbant,
781 4779 984 4849 Spiritu
1023 4789 1214 4835 sancto
1250 4782 1638 4852 apparitionem
1694 4784 1944 4854 faciente,
1985 4795 2042 4853 et.

465 4880 753 4942 propterea
815 4873 1054 4929 visiones
1083 4874 1373 4929 vocabant.
1406 4874 1690 4932 Matthmus
1719 4888 1897 4935 autem
1930 4896 2036 4939 non

466 4963 799 5033 mentaliter,
838 4973 893 5020 et
962 4980 1058 5035 per
1102 4964 1492 5035 apparitionem
1546 4968 1820 5035 Christum
1880 4972 2035 5041 vidit,

465 5056 560 5111 sed
603 5056 961 5126 corporaliter
987 5070 1111 5112 cum
1143 5071 1209 5113 eo
1240 5056 1359 5122 i'uit,
1390 5068 1442 5113 et
1489 5059 1820 5115 sensibiliter
1868 5063 2042 5118 audiit

463 5164 614 5215 cum,
635 5149 826 5204 videns
840 5164 964 5205 eum
990 5148 1042 5204 in
1066 5163 1231 5205 carne
1260 5166 1275 5204 :
1300 5159 1353 5205 et
1370 5149 1572 5207 idcirco
1597 5166 1704 5207 non
1726 5151 1878 5220 dicit,
1901 5154 2036 5209 visio

467 5256 630 5312 quam
668 5240 727 5313 Α
756 5242 887 5307 vidi,
921 5243 1023 5298 hoc
1045 5251 1151 5309 est,
1173 5242 1459 5313 apparitio,
1502 5245 1619 5310 sed,
1649 5262 1667 5296 ι
1690 5242 1852 5301 Liber
1872 5262 2039 5318 gene-

467 5333 700 5388 rationis
726 5331 877 5391 lesu.
921 5352 943 5389 ι
986 5332 1193 5390 Nomen
1234 5332 1361 5390 Jesu
1392 5349 1497 5389 non
1522 5343 1605 5390 est
1635 5334 1907 5401 Grazcum,
1944 5337 2039 5397 sed

467 5417 825 5488 iiehraicum,
845 5431 900 5476 et
926 5422 1340 5492 interpretatur,
1375 5421 1647 5479 Salvator.
1687 5422 1851 5480 Jesua
1896 5426 2040 5480 enim

468 5510 617 5568 salus
676 5514 819 5584 apud
876 5512 1134 5571 Hebraeos
1188 5515 1406 5571 dicitur.
1441 5534 1461 5568 ι
1505 5516 1728 5573 Christi.
1760 5535 1779 5570 ι
1838 5517 2041 5573 Christi

471 5602 791 5661 dicebautur
815 5619 969 5678 reges
999 5609 1409 5667 etsacerdotes.
1454 5609 1857 5682 inungebantur
1895 5612 2040 5667 enim

539 5812 705 5871 διεδ.
738 5818 903 5886 ν,9.ῑ.

2147 4604 2241 4663 καὶ
2276 4601 2628 4678 εὐγνώμονας
2661 4602 2756 4656 καὶ
2787 4601 3081 4665 εὐπειθεῖς.
3116 4600 3227 4655 Καὶ
3257 4600 3345 4657 διὰ
3376 4598 3535 4655 τοῦτο
3570 4596 3720 4651 οὐδὲν

2144 4696 2384 4755 τοιοῦτον
2409 4697 2692 4766 προεῖπεν,
2717 4688 2829 4748 οἷον
2849 4696 2900 4747 0i
2926 4695 3205 4765 προφῆται
3226 4709 3239 4729 ε
3277 4692 3384 4763 ἔχω
3407 4692 3462 4749 δὲ
3489 4692 3581 4747 καὶ
3604 4690 3722 4743 ἰτε-

2147 4789 2239 4861 ρόν
2270 4806 2323 4845 τι
2362 4790 2560 4851 εἰπεῖν,
2592 4788 2673 4842 ὅτι
2713 4788 2764 4841 oi
2807 4787 2907 4857 μὲν
2943 4787 3220 4857 προφῆται
3254 4784 3459 4855 νοητῶς
3499 4782 3723 4837 ἔϐλεπον

2143 4880 2287 4952 ἅπερ
2329 4880 2595 4945 ἔϐλεπον,
2640 4880 3039 4951 φανταζόμενοι
3078 4876 3255 4935 ταῦτα
3301 4875 3390 4929 διὰ
3427 4873 3520 4928 τοῦ
3563 4872 3720 4941 ἁγίου

2143 4972 2459 5045 Πνεύματος
2481 4989 2495 5004 ⁶
2526 4971 2608 5027 διὸ
2632 4971 2725 5025 καὶ
2746 4970 2963 5041 ὁράσεις
2987 4969 3157 5024 ταῦτα
3185 4968 3372 5037 ἔλεγον
3393 4982 3406 4997 ·
3433 4968 3461 5020 6
3486 4964 3540 5019 δὲ
3569 4964 3723 5021 Ματ-

2142 5064 2314 5130 θαίος,
2354 5063 2414 5116 ού
2458 5062 2665 5133 ωητῶς
2703 5056 2810 5114 εἶδε
2850 5059 2942 5114 τὶν
2981 5059 3236 5132 Χριστὸν,
3274 5056 3367 5112 καὶ
3408 5052 3718 5123 ὲφαντάσθη

2141 5155 2337 5221 αὑτὸν,
2390 5152 2504 5208 ἀλλ’
2530 5150 2801 5221 αἰσθητῶς
2850 5149 2999 5221 αύτῷ
3051 5149 3251 5219 συνῆν,
3302 5146 3397 5202 καὶ
3446 5142 3719 5213 αἰσθητῶς

2142 5248 2340 5327 ῆκουεν
2366 5242 2792 5312 αὑτοῦ,.βλέπων
2818 5241 2981 5298 αὐτὸν
3012 5242 3070 5293 ὲν
3097 5239 3279 5311 σαρκί.
3307 5238 3406 5291 Διὰ
3432 5236 3589 5290 τοῦτο
3611 5235 3721 5288 τοί-

2142 5356 2233 5392 νυν
2259 5338 2359 5391 οὐκ
2386 5331 2561 5402 εἶπεν,
2592 5336 2781 5411 ὅρασις
2833 5334 2900 5406 ῆν
2935 5329 3095 5398 είδον,
3114 5332 3229 5403 ῆτοι
3252 5327 3716 5400 φαντασία,ἀλλὰ,

2149 5449 2168 5482 ι
2204 5430 2393 5493 Βίϐλος
2410 5428 2676 5498 γενέσεως
2708 5446 2727 5479 ι
2750 5425 2946 5497 Ἰησοῦ.
2967 5427 3041 5479 Τὸ
3056 5423 3258 5495 Ἰησοῦς
3273 5424 3463 5493 ὄνομα,
3488 5419 3717 5490 ούχἝλ-

2141 5521 2360 5592 ληνικόν
2390 5522 2557 5586 ἐστιν,
2586 5518 2701 5575 ἀλλ’
2734 5517 3025 5588 Ἐϐραῖκόν
3050 5533 3063 5547 ·
3097 5515 3461 5589 ἑρμηνεύεται
3488 5513 3565 5577 δὲ,
3598 5511 3715 5563 Σω-

2144 5615 2270 5687 τήρ.
2306 5612 2431 5668 Ἰαὼ
2458 5612 2567 5685 γὰρ
2596 5613 2628 5684 ἡ
2659 5611 2903 5684 σωτηρία
2937 5612 3085 5684 παρὰ
3113 5613 3224 5675 τοῖς
3258 5606 3527 5680 Ἑϐραίοις
3553 5604 3711 5673 λέγεο
