4058 6470
361 296 473 364 Ῑίθ

1045 297 1495 360 ENARRATIO
1531 296 1612 357 IN
1654 296 1962 358 EVANGE

2072 298 2160 358 JM
2196 295 2590 358 ΜΑΤΤΗΑΠ.
2626 317 2687 330 ⁸-
2732 297 2890 358 CAP.
2929 296 2977 355 Ι.

3529 287 3634 354 150

353 423 475 465 ται.
499 424 520 458 ι
543 405 779 478 Χριστοῦ
801 423 813 436 ·
852 423 872 457 ι
894 406 1122 475 Χριστοὶ
1155 407 1406 477 ἐλέγοντο
1439 409 1487 460 οἱ
1528 406 1766 471 βασιλεῖς
1790 405 1885 460 καὶ
1906 406 1954 460 οἱ

2072 406 2180 461 oleo
2216 413 2406 461 sancto
2435 421 2464 461 a
2495 420 2664 462 cornu
2697 405 2841 476 quod
2873 403 3340 476 superponebatnr
3390 402 3552 472 capiti
3585 410 3641 456 et

357 498 553 568 Lami}.
586 498 861 569 Ἐχρίοντο
885 498 994 570 γὰρ
1023 499 1102 570 τῷ
1130 499 1270 570 ἁγίῳ
1300 500 1463 571 ἐλαίῳ
1494 500 1572 570 τῷ
1599 499 1705 553 ἀπὸ
1733 498 1828 552 τοῦ
1861 499 1951 553 κὲο

359 607 528 661 garo;
555 589 649 642 τοῦ
682 590 1064 660 ἐπιτιθεμένου
1095 593 1161 663 τῇ
1193 592 1404 663 κεφαλῇ
1437 592 1816 657 ἁναϐλύζοντι.
1847 592 1951 646 Λέ-

358 701 523 752 γεται
552 683 644 737 οὖν
671 683 700 736 6
729 682 956 756 Κύριος,
985 685 1240 752 Χριστὸς,
1269 684 1367 739 καὶ
1395 685 1471 750 ὡς
1502 685 1755 756 βασιλεύς
1774 701 1790 718 ⁸
1821 685 1950 740 ἐδα-

363 776 583 828 σξλευσε
626 774 736 846 γὰρ
781 775 923 828 κατὰ
964 777 1063 845 τῆς
1105 776 1418 847 ἁμαρτίας·
1466 780 1560 832 καὶ
1602 777 1678 840 ὡς
1724 777 1903 848 ἱερεύς
1934 792 1947 806 ⁸

361 865 688 937 προσήγαγε
717 867 825 938 γὰρ
853 867 1048 922 ἑαυτὸν
1075 867 1222 939 θῦμα
1253 868 1394 940 ύπέρ
1423 871 1455 939 ἡ
1466 869 1581 940 μῶν
1600 886 1612 900 ·
1643 869 1869 942 ἐχρίσθη
1896 869 1952 922 δέ

364 961 462 1012 καὶ¹
494 959 657 1023 αὐτὸς
688 960 894 1031 κυρίως
920 961 1000 1034 τῷ
1025 960 1268 1032 ἀληθινῷ
1293 962 1479 1033 ἐλαίῳ,
1507 961 1585 1032 τῷ
1617 963 1757 1033 ἁγίῳ
1786 962 1954 1016 Πνεύ-

368 1071 525 1123 ματι.
549 1053 646 1117 Τίς
672 1052 781 1124 γὰρ
808 1054 965 1118 ἄλλος
990 1049 1102 1125 εἶχε
1119 1055 1180 1108 τὸ
1193 1055 1436 1127 πνεῦμα,
1457 1055 1534 1119 ὡς
1556 1055 1803 1126 ὀΚύριος
1825 1075 1838 1125 ;
1863 1057 1956 1110 Ἐν

368 1144 469 1212 μὲν
503 1143 612 1215 γὰρ
647 1145 759 1208 τοῖς
796 1145 1006 1214 ἁγίοις,
1043 1147 1077 1216 ἡ
1117 1146 1277 1218 χάρις
1313 1145 1409 1200 τοῦ
1449 1148 1605 1217 ἁγίου
1641 1146 1957 1220 Πνεύματος

364 1236 596 1306 ἐνήργει
619 1252 632 1266 ’
665 1238 722 1290 ἐν
750 1237 809 1291 δὲ
837 1237 916 1309 τῷ
944 1238 1195 1309 Χριστῷ,
1225 1239 1326 1293 οὐκ
1355 1241 1576 1312 ἐνήργει
1607 1241 1642 1312 ἡ
1674 1243 1833 1312 χάρις
1862 1240 1957 1296 τοῦ

365 1327 715 1396 Πνεύματος,
750 1328 867 1382 ἀλλ’
889 1331 916 1383 6
945 1330 1177 1401 Χριστὸς
1210 1332 1308 1386 σὺν
1337 1331 1414 1402 τῷ
1448 1333 1728 1403 Πνεύματι
1758 1336 1952 1403 ὀμοουσ

368 1420 470 1488 σίῳ
497 1420 610 1474 ὄντι
638 1422 864 1492 ἐνήργει
893 1422 962 1476 τὰ
987 1420 1262 1494 θαύματα.
1293 1443 1312 1477 ι
1337 1425 1469 1479 Υίοῦ
1496 1427 1658 1480 Δαυῖδ
1681 1442 1694 1457 ·
1729 1451 1747 1478 ι
1774 1428 1960 1499 ἐπειδὴ

367 1507 523 1564 εἶπεν
559 1511 769 1583 Ἰησοῦ,
803 1511 893 1568 ἵνα
928 1515 1003 1585 μὴ
1033 1515 1266 1589 νομίσῃς
1296 1517 1378 1570 ὅτι
1412 1517 1543 1588 περὶ
1575 1517 1737 1572 ἄλλου
1775 1518 1957 1588 Ἰησοῦ

363 1604 553 1672 λέγει,
589 1606 929 1678 προσέθηκεν
949 1649 964 1672 ,
999 1606 1118 1663 υἱοῦ
1151 1610 1335 1664 Δαυῖδ.
1359 1606 1470 1664 Ἦν
1504 1610 1614 1682 γὰρ
1647 1611 1740 1665 καὶ
1771 1610 1858 1663 ἒτε
1869 1628 1962 1682 ρος

379 1695 588 1767 Ἰησοῦς
639 1698 990 1770 περιϐόητος,
1037 1701 1066 1754 6
1108 1701 1257 1781 μετὰ
1304 1703 1507 1757 Μωσέα
1554 1702 1960 1774 στρατηγήσας·

366 1790 488 1842 ἀλλ’
511 1791 744 1855 ἐκεῖνος,
772 1792 867 1846 τοῦ
899 1793 1053 1861 Ναυῆ
1083 1794 1322 1863 ἐλέγετο,
1356 1795 1450 1850 καὶ
1477 1794 1601 1865 οὐχὶ
1631 1794 1725 1849 τοῦ
1757 1795 1923 1850 Δαυῒδ
1947 1811 1962 1827 ο

367 1881 475 1950 πρὸ
507 1881 618 1952 γὰρ
646 1881 744 1935 τοῦ
777 1881 940 1935 Δαυῖδ
971 1876 1040 1955 ἦν
1075 1884 1297 1948 πολλαῖς
1329 1887 1580 1953 γενεαῖς,
1615 1886 1708 1938 καὶ
1742 1884 1862 1938 οὐδὲ
1898 1885 1962 1937 ἐκ

366 1975 466 2044 τῆς
499 1974 676 2043 φυλῆς
705 1975 802 2031 τοῦ
841 1975 1010 2030 Ἰούδα
1039 1972 1108 2049 ἦν
1132 1992 1146 2008 ο
1181 1974 1275 2048 ἀφ’
1297 1972 1364 2050 ἦς
1397 1978 1672 2050 κατήγετο
1703 1978 1733 2030 6
1764 1977 1926 2032 Δαυῖδ
1945 2018 1960 2044 ,

368 2067 484 2119 ἀλλ’
505 2066 617 2121 ἀπὸ
632 2067 843 2139 ἐτέρας.
865 2085 888 2122 ι
913 2069 1045 2123 Υίοῦ
1080 2069 1350 2142 Ἀϐραάμ.
1377 2090 1396 2123 ι
1418 2070 1574 2136 Τίνος
1591 2070 1778 2125 ἕνεκεν
1796 2069 1962 2140 προὲο

366 2159 498 2224 ταξε
522 2159 613 2213 τὸν
638 2161 800 2215 Δαυῒδ
824 2161 917 2214 τοῦ
934 2162 1216 2234 ’Δϐραάμ;
1244 2165 1367 2217 Ὀτι
1393 2164 1544 2235 παρὰ
1567 2166 1677 2228 τοῖς
1695 2161 1966 2235 Ἑϐραίοις

373 2254 576 2322 μᾶλλον
605 2251 907 2326 ἑφημίζετο
934 2257 964 2310 6
996 2256 1162 2310 Δαυῖδ
1187 2299 1204 2320 ,
1234 2257 1330 2311 καὶ⁹
1364 2258 1441 2322 ὡς
1467 2257 1732 2328 νεώτερος
1765 2256 1841 2311 ὢν
1869 2255 1964 2312 τοῦ

383 2347 638 2419 Ἀϐραὰμ
659 2387 674 2415 ,
707 2349 805 2402 καὶ
835 2349 912 2414 ὡς
945 2350 1054 2404 ἀπὸ
1083 2350 1184 2420 τῆς
1220 2349 1504 2420 βασιλείας
1537 2349 1965 2422 ἐπιφανέστερος

369 2441 662 2508 γενόμενος
689 2455 704 2472 ·
751 2441 811 2494 ἐν
855 2440 965 2512 γὰρ
1001 2444 1114 2506 τοῖς
1162 2441 1509 2512 βασιλεῦσιν,
1550 2434 1708 2506 οὗτος
1751 2441 1968 2513 πρῶτος

369 2530 715 2601 εύηρέστησε
750 2533 828 2604 τῷ
861 2533 981 2606 Θεῷ
1007 2551 1020 2566 ⁸
1058 2535 1151 2589 καὶ
1184 2533 1524 2604 ἐπαγγελίαν
1558 2533 1778 2602 ἐδέξατο
1812 2533 1966 2606 παρᾶ

373 2623 545 2690 Θεοῦ,
586 2627 669 2680 ὅτι
712 2628 776 2680 ἐκ
812 2626 910 2681 τοῦ
957 2628 1274 2700 σπέρματος
1313 2627 1482 2682 αὑτοῦ
1526 2627 1897 2697 ἀναστήσεται
1942 2629 1970 2681 6

372 2715 634 2785 Χριστός.
655 2715 821 2771 Ὅθεν
856 2717 953 2771 καὶ
989 2717 1190 2782 πάντες
1222 2719 1316 2770 τὸν
1349 2719 1618 2788 Χριστὸν,
1652 2716 1772 2770 υἱὸν
1805 2715 1972 2770 Δαυῒδ

373 2807 565 2876 ἔλεγον
590 2823 604 2838 ο
646 2810 740 2862 καὶ
777 2810 887 2881 γὰρ
924 2812 1022 2865 καὶ
1052 2810 1227 2864 τύπον
1264 2809 1437 2876 ἔσωζε
1470 2809 1549 2881 τῷ
1587 2808 1701 2864 ὄντι
1743 2811 1772 2863 6
1807 2808 1972 2864 Δαυῖδ

372 2900 470 2951 τοῦ
515 2899 1010 2973 Χριστοῢ.Ὦσπερ
1051 2901 1162 2974 γὰρ
1205 2902 1432 2967 ἐκεῖνος,
1481 2900 1620 2972 μετὰ
1665 2901 1758 2954 τὸν
1799 2899 1973 2954 Σαοὺλ

2057 498 2376 554 distillabat.
2410 497 2620 552 Dicitur
2649 497 2816 568 igitur
2841 496 3119 563 dominus,
3169 494 3444 560 Christus,
3482 503 3535 550 et
3583 503 3641 549 ιιι

2060 606 2178 656 rex,
2212 589 2338 658 quia
2358 598 2546 645 contra
2565 598 2846 658 peccatum
2874 591 3118 660 regnavit
3145 605 3160 643 :
3193 595 3251 643 et
3278 594 3337 641 ut
3357 588 3641 648 sacerdos,

2064 683 2263 741 nbtnlit
2313 685 2458 738 enim
2508 682 2858 754 semetipsum
2919 682 3248 738 sacriﬁcium
3313 696 3413 752 pro
3466 678 3640 734 nobis.

2058 775 2322 830 lnunctus
2345 785 2527 829 autem
2551 784 2630 829 est
2652 784 2704 829 et
2721 775 2838 844 ipse
2865 774 2986 829 oleo
3010 773 3097 828 illo
3114 785 3242 828 vero
3259 783 3314 828 et
3346 772 3644 842 praecipuo,

2059 880 2272 936 nempe
2292 865 2497 936 Spiritu
2520 874 2732 920 sancto.
2764 864 2898 931 Quis
2928 864 3074 919 enim
3107 863 3246 919 alius
3267 863 3458 918 habuit
3485 860 3648 931 spiri-

2061 969 2194 1024 tum,
2227 966 2284 1011 ut
2316 956 2690 1012 Dominuan
2749 957 2954 1012 sanctis
2994 954 3136 1011 enim
3185 954 3358 1026 gratia
3407 951 3649 1022 Spiritus

2063 1051 2242 1105 sancti
2274 1048 2376 1104 em.
2398 1066 2463 1105 ax
2496 1049 2616 1114 fuit,
2645 1050 2697 1105 in
2726 1048 2949 1105 Christo
2974 1063 3156 1104 autem
3187 1063 3292 1103 non
3321 1048 3648 1118 operabatur

2059 1144 2232 1216 gratia
2252 1142 2509 1214 Spiritus,
2535 1143 2628 1200 sed
2651 1143 2900 1200 Christus
2925 1159 3040 1198 cum
3067 1141 3272 1212 Spiritu
3291 1140 3650 1198 consubstan-

2064 1238 2178 1293 tiali
2203 1239 2533 1307 operabatur
2549 1235 2831 1292 miracula.
2860 1255 2878 1288 ι
2905 1235 3027 1291 Filii
3053 1235 3243 1290 David.
3273 1255 3292 1286 ι
3319 1233 3458 1301 Quia
3489 1233 3648 1288 dixe-

2064 1338 2170 1396 rat,
2199 1329 2352 1394 Jesn,
2378 1331 2500 1384 ideo
2532 1345 2598 1384 ne
2627 1337 2782 1396 putes
2809 1331 2953 1400 quod
2986 1331 3053 1384 de
3106 1329 3214 1384 alio
3275 1326 3406 1384 Jesu
3476 1327 3646 1393 dicat,

2065 1422 2278 1491 adjecit,
2303 1423 2608 1478 ﬁliiDavid.
2635 1423 2766 1478 Erat
2783 1423 2926 1476 enim
2959 1433 3011 1476 et
3035 1423 3174 1478 alius
3195 1421 3357 1478 Jesus
3384 1420 3638 1483 celebris,

2064 1515 2152 1584 qui
2183 1524 2305 1584 post
2337 1512 2554 1586 Moysen
2589 1515 2845 1568 ducatum
2876 1514 3056 1584 populi
3087 1513 3250 1569 israel
3299 1512 3545 1582 suscepit.
3597 1521 3653 1566 et

2068 1608 2342 1674 militavit,
2369 1609 2463 1664 sed
2508 1609 2552 1662 is
2583 1609 2726 1663 ﬁlius
2765 1607 2913 1664 Nave
2946 1608 3246 1672 dicebatur,
3297 1623 3404 1663 non
3463 1606 3652 1670 David,

2069 1700 2276 1771 fuitque
2305 1713 2434 1757 ante
2462 1702 2629 1756 David
2652 1700 2836 1756 multis
2869 1699 3087 1756 saeculis
3119 1717 3135 1756 :
3165 1714 3270 1754 nec
3286 1697 3384 1753 fuit
3409 1713 3474 1752 cx
3501 1697 3643 1750 tribu

1998 1777 2040 1835 Β
2069 1793 2232 1860 Juda,
2263 1791 2332 1848 de
2359 1808 2465 1863 qua
2501 1793 2786 1849 descendit
2817 1792 3007 1860 David,
3041 1793 3134 1849 sed
3166 1807 3233 1848 ex
3297 1790 3424 1847 alia.
3495 1807 3513 1840 ι
3535 1787 3653 1843 rnn

2026 1887 2034 1898 '
2065 1886 2319 1943 Abrahae.
2353 1907 2372 1940 ι
2411 1887 2592 1954 Quare
2624 1889 2802 1960 ipsum
2836 1886 3001 1944 David
3057 1885 3287 1942 Abrabte
3317 1881 3659 1955 praeposuit?

2073 1978 2213 2046 Quia
2243 1981 2385 2050 apud
2413 1978 2634 2037 Judaeos
2655 1980 2925 2037 celebrior
2953 1989 3071 2034 erat
3093 1977 3283 2044 David,
3306 1987 3361 2032 et
3385 1974 3657 2046 posterior

2071 2071 2174 2128 fuit
2214 2072 2545 2140 Abrabamo,
2583 2089 2856 2146 regnoque
2883 2072 3102 2130 clarior.
3132 2069 3269 2127 Nam
3304 2069 3448 2124 inter
3504 2082 3658 2138 reges

2075 2167 2196 2238 ipse
2229 2167 2442 2238 primus
2478 2167 2589 2224 Deo
2625 2169 2850 2239 placuit,
2887 2179 2942 2225 et
2995 2166 3410 2239 promissionem
3449 2163 3662 2232 accepit

2066 2275 2097 2316 a
2120 2259 2252 2329 Deo,
2288 2261 2432 2332 quod
2463 2277 2526 2317 ex
2564 2263 2771 2319 semine
2801 2263 2923 2334 ejus
2946 2269 3299 2317 surrecturus
3322 2265 3469 2314 esset
3497 2255 3658 2310 Chri-

2070 2358 2213 2418 stus,
2249 2361 2536 2424 eapropter
2568 2369 2761 2409 onmes
2795 2353 3072 2409 Christum
3107 2351 3274 2406 ﬁlium
3307 2349 3476 2404 David
3502 2347 3657 2402 dice-

2076 2443 2208 2500 bant
2252 2463 2265 2500 :
2318 2443 2385 2500 Et
2417 2445 2673 2501 servabat
2728 2443 2901 2499 David
2957 2457 3145 2499 verum
3203 2451 3386 2514 typum
3434 2438 3659 2495 Christi.

2077 2534 2231 2592 Sicut
2252 2536 2400 2592 enim
2430 2539 2544 2608 ipse
2568 2546 2689 2608 post
2710 2537 2838 2593 Saul
2867 2521 3218 2608 reprobatum
3247 2549 3276 2589 a
3310 2533 3421 2588 Deo
3444 2540 3500 2587 et
3541 2531 3660 2586 odi-

2078 2628 2266 2695 bilem,
2303 2632 2566 2701 regnavit,
2606 2632 2676 2684 ita
2711 2639 2765 2686 et
2807 2627 3388 2698 Cbristus,postqnam
3416 2624 3659 2694 privatus

2078 2730 2160 2778 est
2188 2723 2360 2778 Adam
2422 2739 2586 2794 regno
2646 2733 2703 2780 et
2751 2723 3082 2795 principatu,
3131 2720 3282 2791 quod
3337 2715 3661 2773 habebatin

2052 2812 2264 2868 .omnia
2289 2813 2588 2868 animantia
2622 2823 2788 2884 atque
2813 2812 3100 2879 daemonia,
3127 2811 3444 2866 incarnatus
3490 2807 3660 2870 venit,

2081 2912 2137 2960 et
2167 2906 2410 2976 regnavit
2438 2921 2601 2977 super
2627 2922 2747 2961 nos.

373 2994 470 3046 τὶν
507 2990 814 3064 ἀπόϐλητον
851 2991 961 3046 ἀπὸ
999 2992 1138 3046 Θεοῦ
1181 2993 1276 3048 καὶ
1317 2990 1547 3064 μισητὸν
1586 2991 1961 3059 ἐϐασίλευσεν,
2001 2993 2146 3050 οὕτω
2175 2997 2270 3052 καὶ
2336 2999 2365 3052 ὁ
2395 2998 2633 3070 Χριστὸς
2655 3039 2670 3061 ,
2707 2998 2845 3068 μετὰ
2910 2999 2973 3052 τὸ
3002 2996 3332 3069 στερηθῆναι
3363 2993 3453 3048 τὸν
3489 2991 3664 3062 Ἀδὰμ

374 3084 479 3152 τῆς
519 3081 799 3152 βασιλείας
836 3085 932 3137 καὶ
969 3083 1072 3154 τῆς
1105 3085 1301 3157 ἀρχῆς,
1355 3077 1426 3156 ἧς
1459 3079 1574 3156 εἶχε
1607 3085 1748 3141 κατὰ
1786 3085 2007 3140 πάντων
2047 3089 2143 3142 καὶ
2179 3087 2287 3144 τῶν
2313 3089 2477 3156 ζώων
2507 3092 2602 3147 καὶ
2633 3091 2740 3146 τῶν
2771 3091 3043 3163 δαιμόνων
3065 3131 3078 3151 ,
3114 3085 3248 3162 ἦλθε
3319 3086 3664 3161 σαρκωθεὶςο

377 3180 475 3232 καὶ
506 3177 856 3233 ἐϐασίλευσεν
885 3176 1064 3250 ήμῶν.

458 3295 477 3328 ι
501 3275 759 3346 Ἀϐρααμ
784 3233 1041 3347 ἐγέννησε
1063 3273 1375 3330 τὺνἸσαάκ.
1413 3294 1432 3328 ›
1451 3233 1586 3330 Ἀπὸ
1605 3276 1700 3330 τοῦ
1714 3275 1966 3349 Ἀϐραὰμ

2151 3272 2308 3330 Vers.
2365 3273 2419 3328 2.
2457 3291 2476 3326 ι
2529 3272 2803 3328 Abraham
2855 3271 3045 3343 genuit
3093 3272 3267 3326 Isaac.
3307 3268 3438 3326 sAb
3485 3268 3662 3324 Abra-

378 3368 615 3438 ἄρχεται
645 3368 743 3440 τῆς
779 3366 1150 3438 γενεαλογίας,
1180 3367 1316 3422 διότι
1351 3369 1516 3433 αὐτὸς
1551 3364 1621 3441 ἦν
1651 3370 1832 3442 πατὴρ
1863 3370 1973 3424 τῶν

399 3460 674 3532 Ἐϐραίων
697 3500 712 3528 ,
745 3463 837 3514 καὶ
866 3462 951 3516 ὃτι
983 3461 1148 3526 αὐτὸς
1176 3460 1394 3533 πρῶτος
1425 3461 1640 3527 ἐδέξατο
1667 3463 1768 3528 τὰς
1799 3466 1972 3534 ἐπαγ-

380 3552 591 3619 γελίας,
637 3553 720 3607 ὅτι
769 3555 825 3606 ἐν
867 3553 946 3622 τῷ
995 3552 1272 3624 σπέρματι
1319 3552 1488 3606 αὐτοῦ
1540 3554 1973 3627 εύλογηθήσεται

383 3644 566 3698 πάντα
594 3644 663 3698 τὰ
699 3643 847 3716 ἔθνη.
879 3643 1210 3715 Πρεπόντως
1242 3640 1335 3699 οὖν
1364 3644 1473 3700 ἀπὸ
1500 3646 1694 3702 τούτου
1723 3649 1975 3718 γενεαλο-

379 3738 471 3802 γεῖ
500 3739 593 3790 τὸν
621 3737 856 3808 Χριστόν
875 3751 890 3768 °
921 3737 950 3789 6
978 3735 1090 3807 γὰρ
1118 3737 1356 3808 Χριστός
1387 3737 1504 3792 ἐστι
1529 3737 1589 3791 τὸ
1622 3738 1846 3810 σπέρμα
1877 3738 1972 3793 τοῦ

395 3828 670 3899 Ἀϐραὰμ,
700 3831 757 3882 ἐν
782 3820 827 3897 ᾧ
855 3827 1241 3900 εύλογήϐημεν
1267 3827 1508 3894 ἅπαντες
1537 3831 1587 3884 oi
1616 3831 1676 3898 ἐξ
1705 3831 1898 3896 ἐθνῶν,
1925 3833 1976 3886 οί

385 3922 582 3992 πρώην
618 3921 918 3992 κατάρατοι
949 3937 962 3952 ·
1009 3920 1264 3994 Ἀϐραὰμ
1297 3921 1354 3975 δὲ
1388 3922 1754 3994 ἑρμηνεύεται
1789 3925 1975 3996 πατὴρ

383 4011 558 4064 ἐθνῶν
586 4027 600 4042 ο
639 4011 824 4066 Ἰσαὰκ
851 4011 934 4078 δὲ,
964 4013 1132 4084 χαρὰ,
1162 4013 1338 4079 γέλως
1361 4030 1374 4044 ·
1407 4015 1467 4068 ού
1502 4015 1835 4086 μνημονεύει
1865 4017 1922 4072 δέ
1950 4021 1978 4072 ὁ

388 4103 798 4176 ἒίύαγγελιστὴς
825 4103 934 4158 τῶν
963 4105 1134 4160 νόθων
1163 4106 1374 4161 παίδων
1403 4106 1498 4162 τοῦ
1537 4109 1791 4182 Ἀϐραάμ
1817 4125 1830 4140 ’
1865 4106 1978 4167 οἷον

383 4192 482 4246 τοῦ
517 4193 741 4266 Ἰσμαὴλ
783 4195 880 4248 καὶ
914 4195 1023 4250 τῶν
1064 4196 1291 4262 λοιπῶν,
1335 4199 1470 4253 διότι
1511 4202 1560 4254 οἱ
1593 4201 1835 4258 Ἰουδαῖοι
1881 4203 1980 4258 ούκ

385 4286 495 4340 ἀπὸ
522 4289 729 4341 τούτων
743 4289 1067 4360 κατήγοντο,
1095 4289 1232 4344 ἀλλὰ
1248 4291 1467 4346 ἀπὸτοῦ
1501 4295 1706 4352 Ἰσαάκ.
1743 4317 1761 4349 ι
1788 4298 1974 4352 Ἰσαὰκ

388 4377 443 4429 δὲ
473 4377 728 4448 ἐγέννησε
755 4379 845 4432 τὸν
874 4377 1069 4433 Ἰακώϐ
1089 4396 1102 4410 ⁸
1137 4381 1331 4436 Ἰακὼϐ
1359 4384 1415 4437 δέ
1445 4385 1702 4457 ἐγέννησε
1726 4388 1818 4442 τὸν
1847 4391 1973 4443 Ἰού-

387 4470 481 4522 δαν
515 4472 759 4536 καὶτοὺς
782 4472 1046 4542 ἀδελφοὺς
1070 4474 1258 4528 αὐτοῦ.
1292 4495 1312 4529 ‹
1347 4476 1514 4550 Ὁρᾷς
1558 4481 1640 4534 ὅτι
1690 4480 1781 4537 διὰ
1821 4483 1979 4538 τοῦτο

389 4561 641 4635 ἐμνήσθη
672 4563 766 4624 τοῦ
801 4564 970 4620 Ἰούδα
1004 4566 1099 4620 καὶ
1157 4568 1267 4622 τῶν
1321 4569 1567 4641 ἀδελφῶν
1611 4572 1775 4628 αὑτοῦ
1797 4615 1812 4640 ,
1844 4575 1977 4630 διότι

386 4654 486 4707 ἀπ’
519 4655 698 4708 αὐτῶν
726 4650 866 4728 ἦσαν
898 4657 952 4711 αι
981 4656 1189 4712 δώδεκα
1220 4658 1402 4726 φυλαί.
1439 4679 1458 4711 ι

470 4765 489 4797 ι
531 4727 757 4811 Ἰούδας
790 4747 847 4801 δέ
899 4749 1158 4821 ἐγέννησε
1205 4750 1298 4804 τὸν
1316 4752 1494 4822 Φαρὲς
1523 4754 1615 4806 καὶ
1661 4754 1752 4806 τδν
1791 4727 1970 4826 ἷαρὰ,

389 4840 456 4891 ἐκ
507 4839 607 4909 τῆς
659 4839 879 4912 Θάμαρ.
942 4859 960 4894 t
1017 4842 1128 4912 Τὴν
1182 4839 1381 4915 Θάμαρ
1429 4845 1459 4896 6
1497 4844 1696 4910 Ἰούδας
1750 4845 1973 4917 νύμφην

390 4930 550 4999 ἔσχεν
592 4931 686 4986 ἐπὶ
718 4933 846 5004 Ἦρ,
898 4932 981 4986 ἐνὶ
1023 4935 1131 4986 τῶν
1180 4935 1387 4990 παίδων
1433 4936 1619 4991 αὐτοῦ.
1667 4938 1871 4992 Τούτου
1913 4939 1972 4993 δέ

388 5023 755 5090 ἀποθανόντος
803 5026 1052 5089 ἄπαιδος,
1101 5025 1385 5093 συνέξευξε
1428 5029 1636 5101 ταύτην
1675 5030 1754 5101 τῷ
1790 5031 1971 5103 Ἀννᾷ,

391 5117 488 5170 καὶ
546 5115 722 5187 τούτῳ
783 5116 937 5172 παιδὶ
997 5118 1111 5173 ὄντι
1171 5119 1336 5174 αὐτοῦ
1369 5136 1384 5150 ο
1447 5119 1858 5192 ἐκθερισθέντος
1915 5125 1972 5179 δὲ

391 5208 490 5262 καὶ
524 5209 720 5263 τούτου
775 5211 874 5282 τῆς
929 5210 1075 5281 ζωῆς
1103 5212 1192 5266 διὰ
1242 5211 1342 5283 τὴν
1392 5214 1663 5286 πονηρίαν
1715 5215 1904 5282 αὑτοῦ,
1936 5217 1965 5269 6

404 5298 610 5363 Ἰούδας
641 5301 745 5355 οὐκ
796 5301 877 5355 ἐτι
934 5303 1108 5373 αὐτὴν
1163 5302 1403 5368 συνῆπτὲ
1433 5319 1563 5357 τινι·
1596 5305 1630 5376 ἡ
1661 5305 1740 5372 δὲ,
1781 5305 1976 5360 ἐπιθυ-

395 5389 573 5460 μοῦσα
631 5393 697 5445 ἐκ
745 5391 842 5446 τοῦ
897 5395 1216 5465 σπέρματος
1264 5393 1519 5466 ’Δϐραὰμ
1568 5397 1977 5468 παιδοποιῆσαι,

389 5479 632 5534 ἀπέθετο
680 5481 779 5552 μὲν
826 5483 892 5536 τὰ
921 5487 1020 5554 τῆς
1045 5487 1294 5557 χηρείαςο
1328 5488 1792 5560 σχηματισαμένη
1821 5489 1879 5542 δὲ
1902 5489 1979 5553 ὼς

393 5573 591 5643 πόρνη,
617 5575 784 5646 ἐμίγη
825 5571 901 5648 τῷ
938 5579 1184 5650 πενθερῷ
1237 5581 1434 5650 αὐτῆς,
1465 5582 1560 5635 καὶ
1596 5582 1888 5636 συνέλαϐεν
1914 5582 1974 5649 ἐξ

397 5666 564 5721 αὑτοῦ
611 5668 706 5730 δύο
755 5673 952 5734 παῖδας
976 5672 1229 5744 διδύμους
1258 5691 1270 5705 ·
1304 5678 1362 5730 ἐν
1398 5677 1476 5748 τῷ
1506 5677 1710 5731 τίκτειν
1748 5677 1804 5730 δὲ
1846 5679 1961 5731 τού-

395 5774 541 5828 τους,
572 5760 840 5833 προέϐαλε
871 5762 968 5836 τὴν
992 5767 1146 5837 χεῖρα
1181 5768 1208 5818 ὁ
1250 5767 1464 5839 πρῶτος
1494 5768 1605 5822 τῶν
1633 5768 1835 5822 παίδων
1867 5769 1975 5823 ἀπὸ

2083 3371 2208 3426 bam
2249 3367 2439 3438 incipit
2463 3365 2854 3436 genealogiam,
2887 3379 2952 3419 eo
3011 3363 3154 3434 quod
3191 3362 3308 3433 ipse
3363 3370 3516 3433 pater
3555 3359 3664 3415 ﬂeo

2081 3465 2351 3520 brxnorum
2403 3459 2588 3526 fuerit,
2632 3468 2689 3514 et
2738 3458 2881 3528 quod
2948 3457 3064 3526 ipse
3112 3455 3320 3526 primus
3393 3453 3667 3524 acceperit

2077 3553 2467 3624 promissione:
2532 3569 2548 3606 :
2596 3549 2852 3621 quoniam
2934 3550 2988 3604 in
3068 3547 3278 3603 semine
3331 3545 3450 3616 ejus
3499 3543 3667 3600 bene-

2078 3645 2321 3703 dicendte
2372 3654 2557 3700 essent
2621 3657 2812 3699 omnes
2865 3649 3075 3713 gentes.
3146 3638 3413 3696 Decenter
3483 3647 3663 3694 autem

2087 3738 2156 3794 ab
2222 3740 2326 3794 hoc
2385 3735 2589 3795 Christi
2640 3734 3046 3806 generationem
3109 3740 3378 3790 recenset.
3417 3729 3667 3788 Christus

2079 3835 2222 3888 enim
2255 3840 2340 3888 est
2376 3845 2566 3886 semen
2598 3828 2852 3892 Abrabm,
2892 3829 2946 3883 in
2974 3843 3082 3898 quo
3143 3826 3415 3882 benedicti
3477 3839 3668 3880 sumus

2083 3941 2275 3982 omnes
2298 3924 2387 3994 qui
2417 3936 2482 3979 ex
2511 3922 2784 3992 gentibus,
2817 3923 3018 3991 quique
3051 3920 3205 3990 prius
3241 3932 3463 3975 eramus
3494 3914 3667 3970 maie-

2082 4018 2234 4074 dlcti.
2257 4017 2534 4072 Abraham
2562 4023 2744 4070 autem
2766 4012 3184 4083 interpretatur,
3206 4017 3363 4082 pater
3387 4007 3664 4079 gentium:

2082 4111 2236 4165 Isaac
2289 4121 2420 4162 vero
2463 4107 2628 4172 risus,
2677 4105 2956 4176 gaudium.
3006 4101 3126 4158 Non
3185 4101 3433 4158 meminit
3486 4109 3666 4156 autem

2082 4200 2422 4271 evangelista
2464 4197 2950 4253 ﬁliornmAbraha:
2979 4211 3044 4250 ex
3088 4194 3433 4260 concubinis,
3475 4202 3666 4264 utpnta

2082 4292 2328 4348 ismaelis
2357 4300 2412 4347 et
2442 4291 2696 4357 aliorum,
2720 4304 2785 4346 eo
2811 4290 2956 4360 quod
2977 4287 3147 4343 Judaei
3178 4303 3285 4343 non
3336 4288 3404 4345 ab
3429 4287 3537 4342 illis
3572 4287 3670 4342 de-

2083 4383 2435 4449 scenderunt,
2461 4383 2554 4439 sed
2579 4382 2647 4437 ab
2674 4381 2844 4436 Isaac.
2870 4382 3056 4436 «Isaac
3071 4389 3252 4436 autem
3272 4380 3454 4451 genuit
3475 4377 3667 4444 Iacob,

2080 4475 2249 4531 Jacob
2309 4484 2486 4531 autem
2519 4472 2916 4546 genuitJudam
2948 4483 3003 4529 et
3030 4473 3228 4529 fratres
3275 4473 3413 4544 ejus.
3446 4490 3465 4524 ι
3502 4471 3669 4527 Vides

2084 4570 2228 4640 quod
2257 4577 2479 4638 propter
2501 4568 2604 4623 hoc
2629 4565 2961 4622 mentionem
2984 4566 3177 4621 fecerit
3196 4564 3348 4620 Judae
3365 4574 3419 4618 et
3438 4563 3665 4618 fratrum

2083 4661 2220 4731 ejus,
2251 4661 2392 4729 quod
2425 4661 2492 4714 ab
2522 4659 2657 4730 ipsis
2682 4657 2966 4713 duodecim
3000 4657 3180 4712 tribus
3233 4655 3618 4713 descenderint
3643 4657 3666 4708 ?

2158 4755 2320 4810 Vens.
2361 4755 2416 4808 5.
2461 4771 2477 4804 ι
2515 4751 2880 4808 Judasnutem
2914 4751 3098 4820 genuit
3127 4749 3333 4804 Phares
3362 4757 3418 4802 et
3471 4746 3664 4813 larum

2083 4847 2148 4902 de
2195 4847 2449 4901 Thamar.
2489 4863 2510 4897 ι
2550 4845 2874 4899 Thamarem
2928 4842 3094 4900 ludas
3141 4842 3502 4912 desponderat
3559 4840 3670 4897 Her.

2083 4939 2173 4994 uni
2197 4937 2429 4992 ﬁliorum
2465 4953 2686 4992 suorum
2723 4935 2850 4992 :iilo
2871 4943 3051 4990 autem
3081 4935 3199 4989 sine
3221 4933 3402 4989 liberis
3429 4945 3664 4998 mortuo,

2081 5031 2312 5087 sociavit
2332 5044 2454 5086 eam
2479 5030 2776 5100 Annae,qni
2798 5043 2852 5084 et
2875 5029 2990 5097 ipse
3023 5026 3163 5082 ﬁlius
3203 5027 3322 5097 ejus
3351 5045 3364 5082 :
3389 5027 3665 5083 exstincto

2082 5121 2134 5194 5
2165 5131 2344 5178 autem
2371 5133 2425 5176 et
2465 5124 2568 5178 hoc
2588 5131 2811 5193 propter
2836 5121 3098 5176 malitiam
3126 5133 3301 5184 suam,
3333 5119 3502 5176 ludas
3530 5121 3662 5176 nulli

2081 5213 2317 5284 amplius
2351 5229 2469 5267 eam
2523 5212 2817 5283 copulavit.
2862 5213 2932 5266 At
2975 5212 3090 5282 ipsa
3119 5211 3444 5269 desiderans
3481 5227 3550 5274 ex
3579 5225 3665 5268 se-

2081 5304 2228 5359 mine
2287 5302 2522 5358 Abrabm
2586 5302 2789 5371 prolem
2844 5299 3047 5367 edere,
3105 5301 3368 5372 depositis
3419 5303 3664 5358 vestibus

2081 5396 2378 5461 viduitatis,
2417 5407 2620 5449 vestem
2658 5395 2891 5465 sumpsit
2919 5396 3122 5465 scortif,
3151 5405 3206 5451 et
3238 5397 3393 5467 quasi
3423 5407 3662 5452 scortum

2079 5496 2245 5552 esset,
2283 5504 2397 5544 rem
2430 5487 2620 5543 habuit
2655 5501 2776 5542 cum
2819 5504 3015 5544 socero
3048 5503 3168 5556 suo,
3210 5490 3566 5561 concepitque
3595 5505 3662 5544 ex

2081 5597 2148 5637 eo
2182 5581 2318 5636 duos
2355 5593 2550 5650 pueros
2585 5581 2866 5651 gemellos.
2899 5581 3071 5638 Porro
3116 5599 3236 5638 cum
3273 5591 3505 5653 pareret,
3553 5582 3662 5651 pri-

2085 5690 2204 5731 Inus
2229 5690 2447 5728 mnuum
2478 5674 2741 5743 praemisit
2778 5690 2842 5730 ex
2888 5686 3062 5740 utero,
3095 5677 3247 5744 quasi
3272 5676 3509 5746 primum
3539 5690 3662 5742 pro-

2087 5766 2324 5844 diturus,
2376 5777 2428 5821 et
2483 5767 2751 5822 obstetrix
2804 5769 3061 5823 coccineo
3122 5765 3364 5821 finiti-nlo
3415 5765 3662 5838 proditus
