4058 6470
455 284 552 351 151

1340 286 1926 350 'I‘HEOPHYLACTI
1961 287 2377 350 BULGABIIE
2417 289 2777 350 ARCHIEP.

3602 286 3703 355 152

449 410 722 457 extentam
749 399 900 470 pueri
931 413 1146 454 manum
1178 397 1436 471 signavit,
1476 411 1586 470 quo
1620 398 1864 470 dignosci
1899 414 1994 471 pos

2124 399 2226 468 τῆς
2271 403 2508 472 μήτρας,
2541 400 2616 465 ὡς
2655 400 2815 472 δῆθεν
2870 399 3084 471 πρῶτος
3127 398 3566 471 τεχθησόμενος·
3609 402 3702 456 καὶ

445 505 533 549 set
559 500 618 547 ut
643 489 1036 562 primogenitus
1066 492 1101 550 τ’
1122 488 1218 545 sed
1259 504 1394 560 puer
1423 505 1640 545 manum
1673 491 1858 545 Statim
1892 505 2026 546 con-

446 585 618 641 traxit
645 584 788 641 intra
816 593 1050 648 uterum,
1077 591 1134 639 et
1163 581 1302 639 alius
1325 582 1475 653 prior
1503 594 1664 638 natus
1692 590 1794 646 est,
1828 581 2022 638 deinde

445 677 534 733 ille
570 676 663 748 qui
700 691 920 731 manum
962 675 1320 747 prremiserat.
1353 672 1589 731 Vocatus
1619 682 1704 730 est
1741 673 1904 743 igitur
1928 672 2019 745 qui

441 755 594 838 prior
629 778 789 825 natus
829 767 1032 834 fuerat,
1078 767 1303 833 Phares,
1351 767 1497 839 quod
1547 776 1656 830 est,
1701 764 2016 822 Dissectio:

442 859 706 917 dissecuit
738 859 882 917 enim
918 859 1220 916 naturalem
1248 859 1515 916 ordinem.
1545 857 1646 926 Qui
1676 866 1856 914 autem
1887 871 2021 914 con-

442 953 608 1007 traxit
644 967 885 1021 manum,
918 952 1058 1008 Zara
1091 953 1334 1009 dicturus
1374 961 1480 1008 est.
1516 949 1799 1020 Signiﬁcat
1834 959 2015 1008 autem

441 1044 555 1100 haec
609 1044 837 1100 historia
888 1054 1292 1101 sacramentum
1342 1042 1632 1115 quoddam.
1690 1041 1824 1098 Nam
1875 1042 2019 1100 sicut

438 1134 578 1192 Zara
601 1137 838 1193 ostendit
872 1136 1091 1208 quidem
1120 1138 1354 1208 primum
1395 1151 1612 1192 manum
1667 1146 1722 1192 et
1744 1137 1970 1193 retraxit
1999 1151 2012 1191 :

435 1227 512 1283 ita
558 1225 612 1281 in
657 1225 864 1282 sanctis
910 1228 1001 1297 qui
1051 1235 1212 1283 erant
1255 1235 1384 1282 ante
1415 1225 1589 1297 legem
1627 1235 1684 1283 et
1726 1225 2016 1283 circumci-

437 1319 675 1384 sionem.
707 1321 962 1391 apparuit
997 1321 1104 1375 vita
1135 1319 1476 1376 Christiana.
1510 1318 1710 1377 Omnes
1739 1320 1884 1376 enim
1909 1335 2012 1375 non

436 1428 504 1468 ex
560 1411 1037 1470 observationibus
1091 1421 1150 1469 et
1207 1412 1480 1468 mandatis
1543 1411 1677 1484 legis
1733 1411 2012 1483 iustiﬁcati

435 1503 676 1571 fuerunt,
707 1503 805 1560 sed
854 1504 978 1574 quia
1012 1502 1390 1576 Evangelicam
1425 1504 1591 1560 vitam
1636 1504 1911 1560 vixerunt.
1949 1503 2014 1558 Et

434 1595 666 1651 observa
697 1597 971 1666 quomodo
996 1595 1268 1652 Abraham
1303 1605 1512 1668 patrem
1541 1604 1596 1650 et
1617 1594 1836 1650 domum
1871 1610 2012 1666 pro-

431 1694 550 1756 pter
579 1687 746 1743 Deum
766 1687 1067 1758 reliquerit,
1093 1698 1148 1744 et
1163 1697 1411 1743 naturam
1429 1685 1798 1758 abnegaverit.
1818 1687 2011 1743 Consi-

427 1777 560 1834 dera
595 1777 719 1846 Job,
761 1777 1182 1836 Melchisedech.
1223 1780 1324 1837 Ubi
1352 1789 1530 1836 autem
1563 1778 1650 1834 lex
1683 1779 1848 1844 venit,
1877 1793 2002 1834 con-

427 1879 602 1925 tracta
655 1880 740 1927 est
789 1869 912 1928 talis
943 1871 1072 1926 vita.
1127 1869 1594 1938 Quemadmodum
1646 1877 1824 1924 autem
1891 1868 2005 1924 illic

425 1973 555 2018 nato
585 1961 816 2030 Phares,
861 1966 1131 2034 posterior
1163 1967 1357 2020 iterum
1388 1962 1520 2019 exiit
1559 1961 1697 2016 Zara
1737 1980 1750 2017 :
1781 1959 1857 2016 ita
1889 1959 2007 2030 lege

424 2054 574 2120 data,
615 2054 815 2111 iterum
862 2057 1115 2128 apparuit
1149 2056 1256 2111 vita
1291 2055 1634 2125 Evangelica,
1672 2069 1792 2124 qua:
1828 2053 2007 2109 cocci-

425 2161 530 2202 neo
560 2145 819 2214 funiculo,
855 2163 1051 2220 nempe
1110 2149 1374 2218 sanguine
1401 2147 1604 2204 Christi
1632 2145 1842 2219 signata
1875 2145 1997 2202 fuit.

423 2233 683 2306 Proptera
730 2249 785 2294 et
826 2235 1173 2309 Evangelista
1211 2238 1538 2293 mentionem
1577 2235 1708 2292 fecit
1741 2236 1999 2302 duorum,

421 2328 579 2398 quasi
632 2329 918 2386 declamas
967 2329 1302 2385 nativitatem
1363 2328 1581 2385 illorum
1636 2325 2003 2382 sacramentis

418 2419 654 2491 plenam.
705 2421 772 2476 Et
812 2420 972 2476 aliter
1015 2419 1197 2476 dicere
1239 2428 1418 2490 potes,
1477 2418 1809 2474 mentionem
1867 2415 1999 2472 facit

419 2513 676 2579 Thamar,
711 2513 927 2570 tametsi
965 2528 1070 2568 non
1113 2513 1380 2568 laudanda
1429 2512 1712 2576 videatur,
1744 2525 1811 2566 eo
1855 2510 1998 2581 quod

417 2605 736 2661 dormiret-it
760 2620 884 2662 cum
913 2621 1104 2662 socero
1141 2625 1153 2662 :
1189 2614 1246 2661 ut
1273 2605 1547 2670 ostendat,
1576 2605 1720 2676 quod
1747 2602 1999 2660 Christus

416 2713 539 2756 cum
573 2700 872 2769 susceperit
914 2699 1098 2756 omnia
1130 2706 1350 2770 propter
1385 2714 1487 2756 nos
1530 2717 1545 2755 :
1577 2707 1632 2753 et
1662 2697 1766 2753 hoc
1805 2712 1997 2753 susce-

414 2791 518 2862 pit,
552 2797 611 2847 ut
641 2792 776 2849 tales
815 2791 1014 2849 habeat
1061 2794 1435 2864 progenitores
1474 2811 1489 2848 :
1541 2791 1651 2846 imo
1678 2799 1736 2845 ut
1764 2804 1861 2860 per
1895 2789 1998 2845 hoc

415 2884 588 2952 ipsum
621 2885 767 2956 quod
795 2900 860 2942 ex
891 2886 972 2942 eis
1001 2895 1160 2942 natus
1185 2893 1270 2942 est
1323 2899 1417 2940 eos
1442 2882 1807 2940 sanetilicaret
1845 2899 1859 2936 :
1891 2897 1994 2936 non

413 2980 559 3034 enim
589 2978 737 3036 venit
770 2993 967 3037 vocare
1001 2979 1201 3051 justos,
1241 2979 1338 3036 sed
1364 2988 1701 3049 peceatores.

2125 493 2159 562 ἡ
2198 494 2334 562 μαῖα
2383 493 2621 564 κοκκίνῳ
2657 491 2906 565 σπαρτίῳ
2949 490 3250 564 ἐσφράγισε
3295 491 3575 561 συντόμως
3607 490 3703 566 τὴν

2126 585 2449 653 ἐξελθοῦσαν
2483 583 2577 639 τοῦ
2614 584 2805 649 παιδὸς
2853 585 3032 656 χεῖρα,
3064 586 3141 648 ώς
3177 583 3244 639 ἂν
3289 582 3630 656 γνωρίζηται
3675 585 3704 638 6

2125 673 2343 746 πρῶτος
2371 673 2616 746 τεχθείς·
2659 673 2800 728 ἀλλὰ
2847 673 3157 728 συνέστειλε
3194 671 3294 745 τὴν
3325 674 3482 744 χεῖρα
3517 675 3545 727 6
3573 675 3704 736 παῖς

2125 765 2233 822 ἐσω
2294 767 2395 838 τῆς
2455 767 2692 838 μήτρας,
2730 765 2828 820 καὶ
2881 765 3079 838 ἐτέχθη
3127 765 3394 837 πρότερον
3434 765 3463 818 6
3516 765 3704 836 ἕτερος

2126 861 2277 924 παῖς,
2309 855 2409 914 εἷθ’
2449 858 2623 924 οὕτως
2647 859 2854 922 ἐκεῖνος
2887 860 2917 914 6
2948 860 3048 932 τὴν
3075 861 3239 931 χεῖρα
3268 858 3700 931 προϐαλόμενος·

2122 949 2329 1022 ἐκλήθη
2355 945 2448 1004 οὖν
2478 949 2508 1004 6
2563 949 2664 1020 μέν
2713 950 2979 1022 πρότερον
3016 949 3250 1021 τεχθεὶς,
3271 948 3470 1020 Φαρὲς,
3510 950 3540 1004 ὃ
3587 949 3704 1002 ἐστι

2120 1040 2376 1112 διακοπή·
2413 1040 2634 1112 διέκοψε
2688 1040 2799 1114 γάρ
2841 1041 2942 1114 τὴν
3009 1042 3246 1112 φυσικὴν
3300 1041 3497 1109 τάξιν·
3555 1043 3585 1096 6
3645 1041 3703 1097 δέ

2123 1134 2413 1200 συστείλας
2456 1136 2558 1204 τὴν
2596 1137 2776 1208 χεῖρα,
2815 1135 3008 1206 Ζαρά·
3062 1134 3323 1206 σημαίνει
3369 1135 3427 1190 δέ
3473 1135 3613 1206 αῦτη
3665 1136 3701 1205 ἠ

2121 1228 2333 1300 ἱστορία
2385 1230 2686 1300 μυστήριόν
2730 1247 2783 1284 τι
2815 1246 2830 1262 ·
2867 1227 3058 1300 ῶσπερ
3113 1228 3224 1300 γάρ
3261 1229 3290 1282 6
3319 1227 3488 1300 ,Ζαρᾶ
3532 1227 3702 1296 ἐδειξε

2123 1319 2224 1390 μέν
2267 1320 2485 1391 πρῶτον
2528 1320 2631 1393 τὴν
2660 1323 2840 1393 χεῖρα,
2873 1319 3175 1392 συνεστάλη
3228 1319 3286 1374 δέ
3331 1320 3516 1386 πάλιν,
3555 1318 3703 1373 οὕτω

2118 1411 2213 1466 καὶ
2259 1411 2293 1484 ἠ
2341 1411 2488 1467 κατὰ
2531 1413 2771 1485 Χριστὸν
2797 1412 3068 1478 πολιτεία,
3126 1412 3299 1484 ἐφάνη
3364 1412 3464 1484 μὲν
3498 1414 3558 1466 ἐν
3584 1415 3701 1477 τοῖς

2119 1502 2227 1574 πρὸ
2277 1503 2375 1558 τοῦ
2421 1503 2589 1575 νόμου
2623 1505 2721 1560 καὶ
2754 1507 2858 1580 τῆς
2889 1504 3197 1579 περιτομῆς
3241 1504 3417 1575 ἁγίοις
3444 1523 3459 1538 ·
3495 1506 3699 1569 πάντες

2117 1593 2226 1664 γάρ
2249 1583 2421 1659 οὗτοι,
2451 1593 2554 1649 οὐκ
2594 1594 2660 1650 ἐκ
2706 1593 2816 1650 τῶν
2842 1594 2937 1650 τοῦ
2984 1594 3150 1666 νόμον
3199 1596 3700 1668 παρατηρημάτων

2124 1684 2223 1737 καὶ
2275 1683 2509 1738 ἐντολῶν
2548 1683 2970 1757 ἐδικαιώθησαν,
3003 1683 3120 1740 ἀλλ’
3175 1685 3241 1739 ἐκ
3286 1682 3383 1738 τοῦ
3428 1684 3571 1740 κατὰ
3595 1687 3723 1773 τὴν⁴

2115 1773 2482 1848 εύαγγελικὴν
2540 1774 2820 1831 πολιτείαν
2900 1775 3065 1848 ζῆσαι
3105 1792 3122 1810 ·
3196 1775 3292 1830 καὶ
3346 1776 3539 1830 σκόπει
3602 1775 3700 1830 τὸν

2113 1865 2386 1938 Ἁϐραάμ,
2420 1866 2513 1922 τὸν
2539 1867 2749 1939 ἀφέντα
2783 1867 2998 1939 πατέρα
3044 1867 3142 1924 καὶ
3168 1868 3349 1924 οἰκίαν
3380 1868 3568 1924 ἕνεκεν
3599 1867 3697 1922 τοῦ

2113 1956 2273 2026 Θεοῦ,
2324 1959 2421 2014 καὶ
2475 1960 2942 2034 ἀπαρνησάμενον
2995 1960 3094 2016 καὶ
3137 1958 3239 2034 τὴν
3273 1960 3457 2032 φύσιν·
3499 1962 3697 2016 σκόπει

2112 2049 2205 2104 τὸν
2251 2050 2396 2118 Ἰὼϐ,
2434 2053 2530 2106 τὸν
2575 2052 2934 2124 Μελχισεδέκ·
2986 2051 3082 2108 τοῦ
3115 2053 3283 2124 νόμου
3318 2053 3376 2109 δέ
3419 2053 3698 2119 ἐλθόντος,

2109 2142 2413 2215 συνεστάλη
2453 2144 2488 2216 ἡ
2531 2144 2757 2215 τοιαύτη
2808 2144 3076 2201 πολιτεία·
3113 2143 3302 2220 ῶσπερ
3345 2145 3402 2202 δέ
3436 2145 3554 2200 ἐκεῖ
3595 2144 3697 2199 τοῦ

2113 2235 2292 2307 Φαρὲς
2321 2236 2698 2306 γεννηθέντος,
2733 2236 2962 2310 ὕστερον
2991 2237 3156 2295 πάλιν
3184 2237 3409 2306 ἐξῆλθεν
3443 2239 3472 2293 6
3510 2238 3693 2310 Ζαρὰ,

2113 2326 2260 2383 οὕτω
2285 2329 2379 2384 τοῦ
2407 2329 2576 2401 νόμου
2599 2330 2869 2397 δοθέντος,
2911 2330 3140 2404 ὕστερον
3181 2331 3424 2404 ἔλαμψεν
3451 2332 3483 2402 ἡ
3518 2332 3692 2400 εύαγ-

2113 2417 2308 2491 γελικῆ
2347 2419 2614 2486 πολιτεία,
2646 2420 2681 2491 ἡ
2733 2419 2813 2492 τῷ
2848 2421 3089 2494 κοκκίνῳ
3128 2421 3400 2494 σπαρτίῳ,
3433 2422 3554 2493 ἦτοι
3608 2420 3693 2494 τῷ

2107 2511 2303 2582 αἵματι
2361 2510 2457 2565 τοῦ
2513 2511 2751 2584 Χριστοῦ
2805 2513 3226 2586 σφραγισθεῖσα·
3276 2513 3366 2569 διὰ
3393 2513 3554 2569 τοῦτο
3574 2513 3692 2585 γάρ

2103 2619 2186 2657 τοι
2218 2602 2312 2657 καὶ
2338 2604 2366 2657 6
2391 2603 2800 2676 Εύαγγελιστὴς
2831 2606 3207 2677 ἐμνημόνευσε
3226 2605 3334 2661 τῶν
3361 2606 3455 2661 δύο
3479 2606 3690 2660 τούτων

2103 2695 2331 2760 παίδων,
2365 2695 2441 2759 ώς
2481 2696 2837 2769 μυστηριώδη
2868 2699 2993 2753 τινὰ
3035 2698 3304 2770 δηλούσης
3355 2700 3456 2771 τῆς
3486 2699 3690 2770 γεννή-

2098 2804 2240 2851 σεως
2273 2787 2476 2842 αὐτῶν·
2509 2789 2606 2843 καὶ
2650 2789 2829 2856 ἄλλως
2856 2788 2937 2858 δέ,
2969 2791 3302 2864 μνημονεύει
3331 2792 3431 2863 τῆς
3457 2791 3684 2864 Θάμαρ,

2099 2881 2280 2935 καίτοι
2317 2880 2418 2935 οὐκ
2451 2881 2746 2955 ἐπαινετῆς
2795 2883 3084 2956 δοκούσης,
3107 2885 3198 2941 διὰ
3246 2884 3307 2940 τὸ
3344 2885 3573 2958 μιγῆναι
3602 2884 3686 2956 τῷ

2095 2971 2371 3046 πενθερῷ,
2427 2973 2518 3028 ἵνα
2560 2973 2710 3048 δείξῃ
2741 2975 2824 3030 ὅτι
2857 2977 2887 3032 6
2939 2976 3176 3049 Χριστὸς
3210 2980 3391 3034 πάντα
3432 2978 3498 3032 δι’
3530 2979 3686 3052 ἡμᾶς

415 3073 895 3146 καταδεξάμενος,
954 3072 1284 3140 κατεδέξατο
1341 3073 1436 3128 καὶ
1485 3071 1764 3136 τοιούτους
1828 3069 1976 3142 ἐχειν
2017 3065 2340 3139 προγόνους.
2407 3065 2627 3120 Μᾶλλον
2677 3067 2766 3122 ἵνα
2818 3069 2918 3123 καὶ
2962 3069 3034 3124 δι’
3071 3070 3239 3126 αὐτοῦ
3301 3069 3502 3126 τούτου
3578 3071 3684 3133 τοῦ

412 3170 509 3226 ἀπ’
535 3169 714 3225 αὐτῶν
735 3169 1084 3243 γεννηθῆναι,
1123 3170 1323 3242 ἁγιάσῃ
1357 3167 1554 3232 αύτούς
1576 3185 1590 3199 ·
1617 3169 1679 3222 οῦ
1707 3168 1816 3240 γὰρ
1850 3159 1984 3239 ἦλθε
2023 3161 2252 3218 καλέσαι
2284 3160 2546 3230 δικαίους,
2578 3161 2712 3218 ἀλλὰ
2744 3161 3129 3236 ἁμαρτωλούς.

482 3265 648 3322 Vens.
678 3265 803 3322 5-5.
835 3283 855 3319 ι
885 3266 1090 3322 Phares
1119 3276 1300 3322 autem
1330 3265 1518 3338 genuit
1549 3266 1766 3330 Esrom,
1798 3263 1986 3319 Esrom

2172 3274 2191 3307 ι
2251 3257 2422 3329 Φαρὲς
2471 3256 2528 3311 δὲ
2579 3257 2840 3330 ἐγέννησε
2888 3258 2981 3312 τὸν
3035 3255 3256 3330 Ἑσρώμ
3285 3273 3300 3288 ·
3353 3255 3574 3329 Ἑσρώμ
3615 3258 3678 3313 δέ

409 3365 590 3414 autem
611 3358 798 3430 genuit
827 3359 1014 3426 Aram,
1044 3357 1209 3415 Aram
1247 3368 1429 3415 autem
1457 3360 1643 3432 genuit
1662 3359 1988 3425 Aminadah,

405 3449 710 3505 Amiuadab
760 3457 940 3504 autem
991 3451 1180 3520 genuit
1226 3447 1441 3506 Naason
1491 3449 1755 3523 :Naason
1809 3462 1988 3506 autem

407 3541 595 3614 genuit
622 3536 868 3612 Salmon,
902 3541 1126 3599 Salmon
1162 3552 1342 3600 autem
1390 3543 1578 3615 genuit
1606 3543 1751 3600 Booz
1783 3559 1851 3600 ex
1883 3543 1988 3598 Ra-

407 3636 571 3692 chab.
605 3655 625 3688 ι
662 3634 886 3692 Rachab
912 3644 1106 3708 putant
1141 3635 1359 3708 quidam
1387 3636 1542 3692 Raab
1575 3646 1840 3701 scortum,
1868 3649 1988 3707 quae

404 3727 780 3799 exploratores
808 3724 936 3782 Jesu
973 3724 1122 3784 Nave
1163 3727 1432 3798 suscepit,
1480 3728 1828 3797 servavitque
1869 3739 1984 3794 eos,

405 3829 460 3876 et
484 3825 704 3874 servata
737 3825 821 3873 est
858 3816 1024 3874 etiam
1065 3817 1203 3889 ipsa.
1247 3816 1577 3874 Mentionem
1624 3827 1806 3872 autem
1852 3815 1985 3872 fecit

401 3909 540 3980 ejus.
571 3915 634 3964 ut
663 3906 968 3967 declararet
996 3909 1140 3979 quod
1163 3908 1301 3965 sicut
1326 3908 1442 3980 ipsa
1475 3918 1719 3966 scortum
1752 3908 1875 3977 fuit,
1910 3911 1982 3966 ita

401 4009 456 4054 et
486 3999 728 4070 gentium
755 3997 1126 4071 congregatio.
1153 3999 1590 4056 P‘ornicabantur
1611 4001 1757 4056 enim
1785 4001 1840 4056 in
1867 4009 1982 4057 stu-

401 4093 506 4147 diis
537 4092 673 4158 suis,
710 4092 806 4148 sed
851 4091 1120 4162 susceptis
1167 4091 1601 4164 exploratoribus
1645 4091 1811 4158 Jesu,
1852 4107 1985 4163 apo.

399 4183 554 4238 stolis
583 4182 829 4254 inquam,
859 4197 927 4238 ex
959 4183 1213 4254 gentibus
1250 4196 1441 4239 omnes
1475 4183 1568 4253 qui
1600 4164 1815 4238 illorum
1859 4197 1983 4238 cre-

397 4273 653 4330 diderunt
699 4273 1063 4340 sermonibus,
1108 4273 1322 4330 salvati'
1354 4281 1506 4330 sunt.
1551 4291 1569 4325 ι
1619 4273 1764 4328 Booz
1797 4283 1979 4329 autem

397 4364 584 4435 genuit
611 4361 762 4419 Ohed
789 4377 856 4418 ex
898 4360 1066 4418 Ruth.
1101 4380 1122 4414 ι
1162 4359 1306 4418 Ruth
1350 4363 1487 4429 haec,
1521 4362 1822 4433 alienigena
1854 4361 1977 4430 fuit,

393 4456 686 4528 conjuncta
714 4465 1000 4513 esttamen
1032 4455 1176 4512 Boos
1209 4474 1225 4514 :
1257 4456 1334 4512 ita
1354 4464 1410 4513 et
1436 4453 1678 4511 Ecclesia
1707 4471 1772 4512 ex
1799 4457 1978 4529 genti-

391 4553 519 4619 bus,
539 4550 841 4622 alienigena
877 4551 1173 4617 exsistens,
1206 4558 1310 4607 eta
1348 4549 1692 4606 testamentis
1714 4553 1974 4621 extraria,

2095 3348 2354 3421 ἐγέννησε
2403 3348 2494 3404 τὸν
2538 3350 2737 3423 Ἀράμ·
2783 3349 2962 3422 Ἀρὰμ
3011 3349 3070 3404 δὲ
3099 3349 3360 3421 ἐγέννησε
3393 3350 3486 3404 τὸν
3516 3350 3692 3422 ’Δμιο-

2092 3441 2282 3496 ναδάϐ·
2313 3441 2616 3513 Ἀμιναδάὸ
2644 3442 2704 3497 δὲ
2735 3443 2996 3516 ἐγέννησε
3026 3441 3118 3497 τὸν
3145 3442 3405 3500 Ναασών·
3437 3443 3678 3498 Ναασὼν

2089 3533 2146 3587 δὲ
2165 3533 2427 3608 ἐγέννησε
2473 3535 2568 3592 τὸν
2607 3536 2860 3608 Σαλμών·
2906 3535 3142 3609 Σαλμὼν
3169 3535 3227 3590 δὲ
3273 3536 3561 3609 ἐγέννησί
3581 3538 3676 3591 τὸν

2090 3622 2226 3689 Βοδζ
2268 3626 2334 3680 ἐκ
2360 3625 2459 3696 τῆς
2494 3625 2723 3698 Ῥαχάσ.
2763 3644 2784 3680 ι
2819 3627 3027 3698 Ῥαχὰὸ
3054 3625 3335 3698 νομίζουσί
3363 3644 3509 3692 τινες
3533 3625 3677 3684 εἶναι

2087 3715 2186 3788 τὴν
2220 3715 2392 3771 Ῥαάδ
2426 3717 2644 3790 ἐκείνην
2669 3719 2768 3786 τὴν
2807 3717 3038 3790 πόρνην,
3073 3719 3201 3790 ἥτις
3237 3720 3364 3784 τοὺς
3395 3719 3674 3774 κατασκό-

2088 3825 2226 3873 πους
2275 3807 2498 3875 ἐδέξατο
2530 3808 2630 3865 τοῦ
2671 3809 2848 3882 Ἰησοῦ
2905 3810 3003 3865 τοῦ
3050 3810 3231 3881 Ναυῆ.
3262 3813 3374 3866 Καὶ
3413 3812 3673 3868 διέσωσεν

2087 3901 2307 3966 αὐτοὺς,
2346 3903 2444 3957 καὶ
2482 3901 2718 3973 διεσώθη
2752 3904 2847 3957 καὶ
2885 3903 3049 3975 αὐτή·
3073 3903 3324 3976 ἐμνήσθη
3344 3903 3402 3956 δὲ
3435 3904 3670 3973 ταύτης,

2087 3987 2172 4040 ἵνα
2203 3985 2422 4060 δηλώσῃ
2449 3988 2531 4042 ὅτι
2562 3987 2754 4062 ῶσπερ
2789 3989 2929 4063 αὕτη
2967 3991 3144 4064 πόρνη
3194 3989 3284 4064 ἦν,
3329 3993 3475 4048 οὕτω
3506 3994 3603 4048 καὶ
3635 3996 3669 4066 η

2083 4076 2195 4132 τῶν
2255 4075 2428 4132 ἐθνῶν
2475 4081 2797 4154 συναγωγή·
2851 4081 3252 4153 ἐξεπόρνευσαν
3299 4083 3410 4157 γάρ
3451 4085 3511 4139 ἐν
3555 4087 3667 4149 τοῖς

2083 4167 2514 4240 ἐπιτηδεύμασιν
2570 4171 2772 4226 αὐτῶν.
2841 4173 3006 4228 Ἀλλά
3053 4174 3341 4248 δεξάμενοι
3393 4177 3521 4242 τοὺς
3569 4177 3666 4232 τοῦ

2095 4256 2271 4329 Ἰησοῦ
2327 4262 2735 4332 κατασκόπους,
2795 4265 2918 4337 ἦτοι
2967 4267 3096 4332 τοὺς
3159 4269 3518 4335 ἀποστόλους,
3571 4271 3669 4324 καὶ

2083 4352 2400 4420 πεισθέντες
2431 4359 2543 4422 τοῖς
2568 4356 2746 4428 λόγοις
2768 4359 3014 4427 ἐκείνων,
3053 4360 3346 4434 ἐσώθησαν
3386 4363 3587 4428 πάντες
3615 4365 3668 4419 οι

2079 4445 2142 4511 ἐξ
2199 4445 2389 4502 ἐθνῶν.
2449 4466 2468 4502 ι
2527 4447 2664 4516 Βοὸζ
2690 4450 2747 4505 δὲ
2798 4451 3058 4524 ἐγέννησε
3109 4454 3202 4509 τὸν
3259 4453 3419 4526 Ὢόὴδ
3462 4457 3526 4510 ἐκ
3565 4459 3668 4528 τῆς

2089 4539 2272 4595 Ῥούθ.
2313 4559 2333 4594 ι
2382 4540 2447 4595 Ἦ
2500 4541 2656 4598 Ῥοὺθ
2694 4543 2835 4616 αὕτη
2886 4543 3184 4615 ἀλλόφυλος
3241 4542 3332 4620 ἦν,
3375 4548 3666 4621 amant»;

390 4643 557 4700 oblita
585 4653 668 4700 est
703 4643 883 4716 populi
914 4643 1024 4710 sui,
1059 4653 1116 4699 et
1149 4642 1328 4700 cultus
1358 4641 1798 4712 simulacrorum,
1830 4644 1888 4716 6
1921 4654 1978 4700 et

2100 4635 2362 4710 ςυνεζύγη
2396 4638 2474 4709 τῷ
2504 4637 2661 4704 Βοόζ·
2695 4640 2841 4697 οὕτω
2892 4642 2989 4697 καὶ
3042 4644 3076 4714 η
3111 4643 3170 4710 ἐξ
3224 4643 3399 4700 ἐθνῶν
3431 4645 3665 4717 Ἐκκλη-

389 4736 593 4794 diaboli
637 4738 813 4810 patris
851 4737 960 4804 sui,
1009 4735 1097 4793 cui
1124 4736 1313 4806 juncta
1359 4745 1508 4802 erat,
1551 4743 1608 4792 et
1649 4738 1830 4808 nupsit
1859 4737 1973 4794 tilio

389 4830 506 4890 Dei.

458 5095 628 5154 Vens.
652 5096 773 5154 5-6.
808 5116 827 5151 ι
861 5095 1014 5156 Obed
1044 5105 1226 5155 autem
1257 5101 1444 5171 genuit
1471 5099 1646 5166 Iesse,
1677 5099 1836 5158 Jesse
1866 5116 1966 5156 au-

385 5195 493 5243 tem
529 5187 721 5258 genuit
763 5187 932 5244 David
985 5203 1191 5260 regem,
1231 5190 1396 5246 David
1434 5200 1612 5247 autem
1640 5207 1735 5248 rex
1777 5193 1965 5263 genuit

380 5274 730 5337 Solomouem
759 5291 827 5334 ex
857 5292 919 5333 ea
943 5292 1065 5349 quas
1086 5277 1188 5334 l‘uit
1218 5277 1380 5336 Uriae.
1421 5299 1441 5333 ι
1479 5279 1583 5336 llic
1608 5297 1821 5352 quoque
1847 5280 1966 5351 ejus

380 5383 502 5439 quas
549 5366 653 5424 fuit
712 5367 854 5425 Uriae
901 5372 1230 5429 mentionem
1275 5373 1427 5442 facit,
1474 5384 1532 5430 ut
1587 5375 1779 5431 doceat
1818 5376 1964 5446 quod

379 5477 542 5522 nemo
567 5462 762 5518 debeat
805 5463 1130 5520 erubescere
1170 5475 1391 5537 propter
1432 5468 1829 5540 progenitores,
1865 5469 1961 5524 sed

379 5554 510 5612 dare
556 5554 730 5622 magis
761 5567 983 5625 operam
1015 5556 1214 5614 virtute
1259 5573 1356 5614 sua
1390 5559 1512 5616 illos
1552 5560 1815 5618 clariores
1841 5561 1957 5617 elli-

377 5659 522 5710 cere,
539 5654 593 5700 et
616 5645 761 5715 quod
786 5661 976 5703 omnes
1003 5649 1208 5718 accepti
1233 5649 1344 5707 sint
1369 5650 1504 5722 Deo,
1535 5652 1698 5710 etiam
1727 5668 1758 5710 e
1776 5663 1959 5712 scorto

373 5735 509 5811 nati,
547 5736 710 5798 modo
743 5736 938 5800 virtute
973 5739 1077 5799 sint
1106 5741 1337 5816 praediti.

2085 4731 2200 4798 σία,
2231 4729 2534 4801 ἀλλόφυλος
2564 4728 2724 4800 οὖσα,
2758 4735 2853 4791 καὶ
2875 4735 2981 4803 ἔξω
3006 4736 3114 4791 τῶν
3136 4736 3438 4810 διαθηκῶν,
3460 4740 3664 4795 ἐπελά-

1961 4890 1965 4894 1
2079 4821 2204 4877 θετο
2247 4823 2341 4877 τοῦ
2385 4824 2513 4878 λαοῦ
2549 4825 2744 4897 αὐτῆς,
2781 4828 2877 4882 καὶ
2908 4828 3018 4884 τῶν
3049 4829 3348 4886 εἰδωλικῶν
3376 4832 3663 4904 σεϐασμά·

2077 4933 2209 4983 των,
2237 4917 2450 4972 καὶτοῦ
2482 4919 2688 4992 πατρὸς
2738 4921 2908 4992 αὐτῆς
2954 4922 3051 4978 τοῦ
3089 4924 3360 4982 διαϐόλου.
3393 4927 3505 4982 Kal
3534 4927 3663 5000 ἐλή-

2077 5009 2186 5080 φθη
2221 5011 2302 5075 είς
2329 5012 2508 5083 γάμον
2538 5012 2618 5085 τῷ
2648 5013 2748 5086 υῑῷ
2769 5015 2864 5069 τοῦ
2896 5015 3057 5074 Θεοῦ.

2159 5098 2322 5171 Ὠὁὴδ
2357 5101 2416 5155 δὲ
2454 5103 2717 5174 ἐγέννησε
2745 5104 2838 5158 τὸν
2886 5105 3108 5160 Ἰεσσαί·
3147 5108 3353 5163 Ἰεσσαὶ
3405 5109 3463 5162 δέ
3491 5110 3654 5177 ἐγέν-

2071 5206 2202 5260 νησε
2261 5193 2354 5247 τὸν
2395 5194 2562 5249 Δαυῒδ
2601 5196 2696 5251 τὸν
2758 5196 3007 5268 βασιλέα·
3041 5198 3204 5252 Δαυῒδ
3249 5199 3308 5254 δὲ
3341 5199 3369 5252 6
3400 5194 3658 5271 βασιλέὺς

2072 5283 2332 5355 ἐγέννησε
2395 5285 2490 5341 τὸν
2549 5289 2872 5360 Σολομῶντα
2921 5291 2986 5344 ἐκ
3015 5290 3114 5359 τῆς
3144 5291 3240 5346 τοῦ
3285 5293 3506 5363 Οὐρίου.
3542 5294 3655 5348 Καὶ

2070 5375 2237 5431 πάλιν
2264 5380 2364 5450 τῆς
2398 5377 2494 5434 τοῦ
2532 5380 2731 5452 Οὐρίου
2765 5381 3124 5453 μνημονεύει,
3157 5384 3242 5438 ἵνα
3278 5385 3532 5458 ὑποδείξῃ
3567 5387 3651 5440 ὅτι

2065 5468 2127 5522 ού
2154 5468 2236 5524 δεῖ
2263 5472 2692 5544 ἐπαισχύνεσθαι
2724 5476 2851 5539 τοὺς
2883 5476 3265 5551 προπάτορας·
3290 5479 3426 5532 ἀλλὰ
3447 5479 3651 5550 μᾶλλον

2065 5563 2393 5628 σπουδάζειν
2436 5567 2525 5622 διὰ
2570 5567 2668 5653 τῆς
2699 5568 2906 5633 οἰκείας
2950 5569 3153 5640 ἀρετῆς
3182 5569 3526 5644 λαμπρύνειν
3553 5574 3650 5626 κὰ-

2064 5655 2301 5717 κείνους·
2343 5659 2437 5712 καὶ
2458 5660 2541 5714 ὅτι
2580 5659 2783 5723 πάντες
2815 5661 2997 5717 δεκτοί
3022 5663 3129 5715 εἰσι
3162 5663 3239 5734 τῷ
3273 5663 3415 5736 Θεῷ,
3443 5663 3547 5720 κᾶν
3578 5665 3646 5720 ἐκ

2067 5748 2272 5821 πόρνης
2306 5752 2628 5824 γεννηθῶσι,
2665 5754 2826 5828 μόνον
2851 5756 2946 5811 ἐὰν
2977 5755 3176 5830 ἀρετὴν
3210 5757 3426 5830 ἔχωσιν.
