4058 6470
282 336 380 402 Πιῖ

944 349 1399 414 ENARRATIO
1434 354 1516 415 IN
1555 356 2062 422 EVANGELIUM
2098 363 2462 426 MATTILEI
2515 390 2579 400 ·-
2620 366 2779 428 CAP.
2821 369 2848 428 I

3427 371 3528 438 154

349 467 369 554 'c
398 447 656 520 Σολομῶν
699 451 754 506 δέ
785 452 1047 526 ἐγέννησε
1074 458 1164 512 τὸν
1210 459 1473 533 Ῥοϐοάμ·
1509 463 1754 535 Ῥοϐοάμ
1787 466 1833 519 δὲ

2025 470 2189 529 Vens.
2235 474 2385 530 7-H.
2426 495 2445 530 ι
2497 475 2757 532 Solomon
2804 489 2982 536 autem
3033 483 3218 554 genuit
3262 482 3528 550 Boboam,

277 539 526 611 ἐγέννησε
571 543 664 597 τὸν
693 544 872 600 Ἀϐιά·
908 548 1067 604 Ἀϐιά
1104 550 1162 604 δὲ
1223 552 1486 625 ἐγέννησε
1543 557 1636 610 τὸν
1686 557 1840 612 Ἀσόι·

277 630 402 684 Ἀσὰ
431 631 488 686 δὲ
538 634 796 706 ἐγέννησε
824 637 917 690 τὸν
943 639 1234 710 Ἰωσαφάτ·
1279 643 1552 714 Ἰωσαφὰτ
1582 646 1638 699 δὲ
1689 647 1846 715 ἐγέν-

274 740 397 794 νησε
426 722 518 776 τὸν
553 726 780 799 Ἰωράμ·
810 728 1019 800 Ἰωρὰμ
1068 732 1126 785 δὲ
1171 733 1430 803 ἐγέννησε
1479 734 1570 789 τὸν
1610 734 1794 802 Ὀζίαν
1827 755 1843 771 ·

274 811 448 878 Ὀζίας
484 815 544 869 δὲ
590 819 846 891 ἐγέννησε
888 821 980 875 τὸν
1013 823 1276 896 Ἰωόιθαμ·
1316 827 1561 898 Ἰωάθαμ
1599 828 1656 882 δὲ
1689 831 1844 899 ἐγέν-

273 923 391 974 νησε
421 907 512 961 τὸν
559 910 770 981 Ἀχαζ·
805 913 982 983 ’Δχαξ
1018 913 1075 968 δὲ
1128 915 1386 986 ἐγέννησε
1445 919 1537 973 τὸν
1565 918 1840 985 Ἐζεκίαν·

273 996 512 1063 Ἐζεκίας
551 999 608 1054 δέ
641 1003 896 1075 ἐγέννησε
951 1005 1044 1060 τὸν
1076 1007 1401 1081 Μανασσῆν·
1430 1013 1734 1082 Μανασσῆς
1785 1014 1843 1069 δέ

271 1090 520 1163 ἐγέννησε
545 1094 642 1148 τὸν
675 1095 881 1166 Ἀμών·
913 1099 1102 1169 Ἀμὼν
1129 1099 1184 1153 δὲ
1207 1101 1466 1174 ἐγέννησε
1487 1104 1581 1158 τὸν
1607 1105 1840 1160 Ἰωσίαν·

270 1180 473 1247 Ἰωσίας
504 1183 565 1237 δέ
591 1185 852 1258 ἐγέννησε
882 1188 974 1243 τὸν
1006 1189 1268 1261 Ἰεχονίαν
1292 1194 1386 1246 καὶ
1429 1195 1556 1259 τοὺς
1581 1196 1844 1266 ἀδελφοὺς

271 1275 447 1339 αὐτοῦ,
475 1277 571 1331 ἐπὶ
599 1280 700 1350 τῆς
743 1283 1095 1352 μετοικεσίας
1136 1284 1476 1350 Βαϐυλῶνος.
1517 1307 1538 1342 ι
1571 1290 1843 1344 Μετοικε-

271 1367 380 1422 σίαν
407 1368 729 1438 Βαϐυλῶνος
765 1376 936 1445 λέγει,
970 1379 1070 1452 τὴν
1109 1381 1490 1452 αἰχμαλωσίαν
1522 1385 1588 1456 ἢν
1615 1383 1842 1456 ὕστερον

271 1459 600 1532 ὑπέστησαν,
631 1467 713 1530 είς
744 1468 1042 1526 Βαϐυλῶνα
1073 1474 1414 1546 ἀπαχθέντες
1450 1476 1652 1540 πάντες
1679 1477 1836 1548 ὁμοῦ.

269 1551 370 1641 καὶ
403 1553 598 1610 ἄλλοτε
646 1560 748 1630 μέν
795 1562 904 1634 γάρ
945 1565 1316 1637 ἐστράτευσαν
1369 1571 1418 1624 oi
1486 1571 1838 1641 Βαϐυλώνιοι,

269 1640 390 1695 ἀλλὰ
419 1647 794 1722 μετριώτερον
815 1656 1013 1720 αὐτοὺς
1052 1658 1364 1715 ἐκάκωσαν·
1402 1662 1527 1716 τότε
1556 1664 1614 1717 δὲ
1639 1640 1841 1731 τελέως

268 1734 455 1800 αὐτοὺς
481 1741 802 1810 μετώκισαν
830 1747 940 1801 άπὸ
974 1749 1076 1819 τῆς
1108 1752 1388 1823 πατρίδος.

334 1851 353 1885 ι
394 1830 548 1888 Μετὰ
577 1835 640 1890 δὲ
684 1837 782 1908 τὴν
827 1842 1174 1910 μετοικεσίαν
1211 1844 1556 1913 Βαϐυλῶνος,
1581 1850 1839 1920 Ἰεχονίας

173 1944 177 1946 ⁷
270 1927 514 1998 ἐγέννησε
562 1927 661 1980 τὸν
697 1929 990 2002 Σαλαθιήλ·
1023 1933 1300 2007 Σαλαοιὴλ
1348 1937 1405 1991 δὲ
1456 1939 1720 2009 ἐγέννησε
1745 1943 1836 1997 τὸν

267 2017 597 2086 Ζοροϐάϐελ·
657 2021 962 2089 Ζοροϐάϐελ
1010 2025 1067 2079 δὲ
1117 2027 1380 2101 ἐγέννησε
1436 2033 1528 2087 τὸν
1581 2034 1834 2090 Ἀϐιούδ·

267 2107 468 2162 Ἀϐιοὺδ
527 2107 590 2162 δὲ
641 2111 901 2184 ἐγέννησε
951 2116 1046 2170 τὸν
1096 2118 1401 2194 Ἐλιακείμ·
1446 2123 1739 2197 Ἐλιακεὶμ
1781 2127 1838 2183 δὲ

267 2200 512 2270 ἐγέννησε
548 2201 648 2256 τὸν
670 2203 868 2275 Ἀζώρ·
911 2205 1091 2280 Ἀζὼρ
1129 2210 1185 2264 δὲ
1227 2213 1484 2284 ἐγέννησε
1510 2217 1600 2269 τὸν
1626 2218 1835 2274 Σαδώκ·

271 2290 447 2347 Σαδὼκ
479 2294 537 2348 δὲ
572 2296 835 2364 ἐγέννησε
874 2301 965 2353 τὸν
989 2302 1203 2374 Ἀχείμ·
1236 2306 1432 2378 Ἀχεὶμ
1478 2308 1535 2361 δὲ
1581 2309 1836 2382 ἐγέννησε

272 2384 353 2438 τὸν
383 2383 623 2440 Ἐλιούδ·
657 2388 869 2444 Ἐλιοὺδ
929 2391 986 2444 δὲ
1053 2395 1315 2466 ἐγέννησε
1373 2397 1466 2450 τὸν
1532 2399 1835 2472 Ἐλεάζαρ·

267 2473 519 2547 Ἐλεάζαρ
549 2476 616 2529 δὲ
644 2479 900 2551 ἐγέννησε
923 2484 1014 2535 τὸν
1043 2485 1293 2539 Ματθάν·
1321 2488 1552 2544 Ματθὰν
1589 2491 1645 2545 δὲ
1687 2493 1840 2561 ἐγέν-

268 2581 383 2634 νησε
405 2566 492 2619 τὸν
530 2568 755 2622 Ἰακώϐ·
786 2571 982 2626 Ἰακὼϐ
1015 2575 1071 2628 δὲ
1102 2577 1360 2648 ἐγέννησε
1390 2581 1482 2634 τὸν
1509 2583 1708 2653 Ἰωσὴφ
1743 2583 1837 2637 τὸν

267 2656 420 2724 ἄνδρα
449 2659 703 2732 Μαρίας,
755 2662 814 2728 ἐξ
849 2656 916 2735 ἦς
950 2667 1217 2738 ἐγεννήθη
1249 2669 1462 2740 Ἰησοῦς
1489 2673 1517 2725 6
1540 2673 1838 2744 λεγόμενος

266 2749 503 2818 Χριστός.
540 2771 562 2803 ι
619 2752 775 2816 Τίνος
807 2755 994 2809 ἕνεκεν
1031 2759 1350 2829 γενεαλογεί
1379 2763 1472 2817 τὸν
1493 2764 1716 2836 Ἰωσὴφ,
1745 2771 1836 2823 καὶ

265 2843 317 2896 ού
338 2844 429 2915 τὴν
467 2845 774 2912 Θεοτόκον;
802 2849 898 2914 Τίς
930 2851 1037 2921 γάρ
1071 2855 1333 2922 μετουσία
1362 2857 1440 2930 τῷ
1470 2860 1669 2932 Ἰωσὴφ
1701 2863 1838 2932 πρὸς

267 2933 348 3026 τὸν
375 2935 623 3006 ἄσπορον
651 2939 860 2992 ἐκεῖνον
889 2941 1048 2994 τόκον
1075 2960 1090 3008 ;
1116 2945 1207 3015 Μὴ
1248 2947 1356 3018 γὰρ
1396 2949 1611 3022 άληθῶς
1650 2955 1836 3026 πατὴρ

264 3021 322 3095 ἦν
350 3026 436 3080 τοῦ
464 3028 716 3100 Χριστοῦ
745 3033 772 3084 6
795 3029 1018 3103 Ἰωσὴφ,
1041 3035 1130 3090 ἵνα
1159 3038 1267 3091 ἀπὸ
1291 3040 1388 3094 τοῦ
1418 3041 1614 3114 Ἰωσὴφ
1647 3021 1838 3114 γενεαλ-

266 3117 384 3189 λογῇ
434 3120 525 3172 τὸν
568 3120 828 3190 Χριστόν·
865 3123 1032 3178 ἄκουε
1073 3128 1276 3196 τοίνυν,
1307 3132 1390 3185 ὃτι
1430 3133 1648 3204 ἀληθῶς
1684 3137 1832 3190 οὐδε-

268 3207 382 3275 μίαν
413 3209 714 3277 μετουσίαν
743 3207 856 3280 ἔχει
882 3212 910 3264 6
932 3211 1131 3284 Ἰωσὴφ
1162 3215 1298 3285 πρὸς
1329 3219 1428 3288 τὴν
1453 3221 1707 3295 γέννησιν
1736 3224 1830 3278 τοῦ

265 3295 504 3368 Χριστοῦ·
540 3300 660 3354 Καὶ
693 3299 800 3356 ἔδει
839 3302 928 3357 διὰ
965 3305 1124 3359 τοῦτο
1151 3308 1252 3378 τὴν
1281 3308 1544 3368 Θεοτόκον
1577 3315 1832 3383 γενεαλο-

264 3389 484 3460 γηθῆναι
509 3409 523 3422 ο
567 3391 687 3445 ἀλλ’
722 3394 912 3476 ἐπειδη
950 3397 1115 3466 νόμος
1147 3394 1217 3470 ἦν
1271 3402 1345 3472 μὴ
1381 3406 1830 3475 γενεαλογεῖσθαι

263 3483 529 3548 γυναῖκας,
574 3483 663 3538 διὰ
693 3484 854 3540 τοῦτο
880 3488 981 3542 ούκ
1039 3491 1435 3566 ἐγενεαλόγησε
1475 3495 1575 3566 τὴν
1621 3501 1834 3572 Παρθέ-

263 3589 341 3627 νον
365 3588 379 3606 ·
411 3575 579 3644 πλὴν,
638 3575 731 3630 τὸν
757 3579 958 3650 Ἰωσὴφ
988 3583 1412 3656 γενεαλογήσας,
1473 3590 1568 3643 καὶ
1626 3591 1830 3664 ταύτην

263 3668 701 3740 ἐγενεαλόγησεν.
733 3665 842 3725 Ἢν
865 3673 974 3744 γὰρ
1003 3674 1166 3746 νόμος
1187 3677 1262 3748 μὴ
1294 3679 1400 3731 ἀπὸ
1430 3681 1623 3754 ἐτέρας
1655 3684 1832 3757 φυλῆς

261 3757 546 3830 λαμϐάνειν
601 3764 888 3832 γυναῖκας,
949 3765 1086 3837 μηδὲ
1147 3769 1255 3823 ἀπὸ
1310 3771 1508 3843 ἐτέρας
1563 3779 1827 3845 πατριᾶς,

261 3852 366 3923 ἦτοι
395 3855 740 3926 συγγενείας,
791 3857 907 3911 ἀλλ’
949 3861 1059 3914 ἀπὸ
1084 3861 1184 3934 τῆς
1212 3864 1380 3934 αὐτῆς
1406 3867 1500 3921 καὶ
1535 3868 1705 3940 φυλῆς
1736 3872 1830 3924 καὶ

262 3946 477 4013 πατριᾶς
499 3963 516 3979 ο
583 3945 723 4001 ὥστε
790 3948 913 4004 ἐπεὶ
969 3951 1211 4018 τοιοῦτος
1243 3951 1314 4025 ῆν
1343 3957 1530 4028 νόμος,
1562 3960 1829 4031 πρόδηλον

260 4033 333 4089 ὅτι
379 4040 472 4092 καὶ
529 4040 562 4094 6
590 4040 790 4111 Ἰωσὴφ
821 4043 1335 4118 γενεαλογούμενος,
1373 4053 1683 4121 συνεισάγει
1731 4053 1830 4123 τὴν

261 4129 608 4199 γενεαλογίαν
629 4133 726 4204 τῆς
750 4132 1042 4189 Θεοτόκου·
1079 4139 1302 4204 πάντως
1320 4142 1389 4209 γά
1398 4159 1429 4214 ρ
1455 4144 1518 4197 ἐκ
1539 4146 1638 4216 τῆς
1659 4147 1829 4216 αὐτῆς

262 4219 421 4291 φυλῆς
473 4219 566 4311 ἦν·
601 4225 634 4293 ὴ
690 4224 956 4311 Θεοτόκος
985 4229 1080 4282 καὶ
1117 4231 1216 4300 τῆς
1253 4233 1427 4304 αὐτῆς
1473 4239 1727 4307 πατριᾶς.
1763 4237 1828 4292 El

262 4311 360 4383 γὰρ
413 4315 489 4386 μὴ
523 4309 614 4385 ἦν,
645 4309 780 4378 πῶς
814 4317 882 4371 ἂν
943 4319 1289 4396 ἐμνηστεύθη
1339 4326 1537 4398 αύτῷ;
1601 4329 1762 4384 Ὥστε
1799 4332 1828 4385 6

258 4401 645 4477 εύσγγελιστὴς
683 4407 917 4478 ἐφύλαξε
964 4413 1058 4466 καὶ
1086 4412 1178 4467 τὸν
1217 4416 1384 4486 νόμον
1411 4419 1506 4472 τὸν
1534 4420 1827 4478 κελεύοντα

1951 567 2186 622 Boboam
2240 578 2418 625 autem
2467 572 2653 641 genuit
2703 570 2874 636 Abia,
2928 574 3063 631 Abia
3111 587 3292 634 autem
3341 579 3528 648 genuit

1945 661 2075 724 Asa,
2123 661 2230 718 Asa
2292 672 2471 717 autem
2521 664 2707 734 genuit
2753 663 3049 734 Josaphat,
3111 666 3374 738 Josaphat
3427 686 3526 725 au-

1947 761 2053 807 tem
2115 754 2300 825 genuit
2355 753 2570 819 loram,
2605 755 2788 810 Joram
2855 768 3033 813 autem
3083 761 3268 830 genuit
3314 761 3523 826 Oziam,

1945 842 2107 900 Ozias
2169 856 2350 901 autem
2439 848 2624 918 genuit
2683 847 2960 915 Jnathan,
3039 847 3270 905 Joathan
3336 863 3518 907 autem

1944 938 2129 1007 genuit
2194 941 2415 1005 Arhaz,
2485 941 2669 995 Achaz
2731 952 2908 995 autem
2967 943 3151 1012 genuit
3206 943 3520 1011 Ezechiam,

1945 1030 2207 1085 Ezechias
2257 1040 2436 1086 autem
2483 1033 2667 1103 genuit
2710 1032 3036 1098 Manassen,
3093 1033 3370 1090 Manasses
3421 1052 3520 1090 auo
3609 1087 3612 1090 .

1944 1130 2052 1176 tem
2094 1121 2279 1191 genuit
2331 1123 2542 1184 Amon,
2594 1122 2768 1177 Amon
2816 1131 2995 1178 autem
3053 1125 3238 1194 genuit
3289 1123 3516 1190 Josiam,

1941 1209 2119 1266 .Iosias
2180 1221 2360 1268 autem
2418 1213 2603 1280 genuit
2653 1210 2968 1268 Jeehuniam
3031 1223 3086 1269 et
3135 1213 3335 1271 fratres
3399 1216 3521 1284 ejus

1945 1303 1998 1356 in
2061 1303 2539 1374 transmigratione
2615 1303 2924 1375 Babylonis.
2963 1322 2982 1357 ι
3036 1303 3412 1374 Migrationem
3465 1308 3520 1362 in

1943 1393 2293 1464 Babylonem,
2347 1405 2502 1450 vocat
2549 1396 2912 1462 captivitatem
2962 1412 3124 1466 quam
3176 1407 3356 1467 postea
3399 1413 3519 1452 om-

1942 1500 2040 1542 nes
2089 1485 2284 1550 tulere,
2342 1487 2559 1542 abdueti
2613 1488 2774 1542 simul
2826 1503 3016 1544 omnes
3067 1489 3117 1543 in
3167 1489 3514 1562 Babylonem.

1939 1576 2007 1631 Et
2037 1579 2175 1633 alias
2205 1589 2418 1648 quoque
2454 1578 2751 1650 belligerati
2795 1589 2922 1635 sunt
2954 1579 3254 1653 Babylonii,
3282 1582 3373 1636 sed
3406 1597 3519 1635 me-

1941 1671 2199 1726 diocriter
2225 1685 2321 1726 eos
2357 1671 2667 1726 afﬂixerunt
2699 1689 2714 1726 :
2750 1680 2879 1727 tunc
2906 1681 3090 1728 autem
3124 1674 3339 1744 penitus
3373 1675 3516 1744 ipsus

1942 1778 1969 1814 a
2005 1763 2178 1831 patria
2209 1778 2305 1818 sua
2341 1764 2576 1835 migrare
2601 1764 2868 1819 fecerunt.

2014 1853 2178 1910 Vens.
2216 1855 2403 1910 12-l6.
2444 1873 2464 1907 ι
2507 1856 2576 1910 At
2608 1865 2726 1925 post
2768 1856 3296 1924 transmigratiouem
3335 1857 3513 1928 Baby-

1939 1948 2099 2014 lonis,
2140 1947 2431 2003 Jechonias
2466 1948 2652 2016 genuit
2688 1947 2948 2003 Salathiel
2989 1989 3004 2015 ,
3043 1949 3298 2004 Salathiel
3335 1961 3513 2004 autem

1939 2042 2126 2111 genuit
2169 2040 2488 2108 Zorohabel,
2534 2041 2832 2097 Zorobabel
2869 2051 3046 2097 autem
3090 2043 3275 2112 genuit
3317 2043 3513 2108 Abiud,

1938 2134 2117 2188 Abiud
2155 2143 2332 2188 autem
2365 2137 2549 2204 genuit
2592 2135 2879 2201 Eliachim,
2921 2133 3184 2189 Eliachim
3223 2146 3401 2190 autem
3432 2151 3517 2205 ge-

1941 2226 2058 2280 nuit
2095 2226 2255 2289 Azor,
2295 2224 2438 2280 Azor
2462 2235 2640 2281 autem
2672 2227 2856 2298 genuit
2891 2227 3087 2289 Sadoc,
3125 2225 3300 2281 Sadoc
3331 2235 3512 2280 autem

1941 2319 2127 2388 genuit
2165 2319 2360 2384 Achin,
2389 2319 2564 2374 Aehin
2595 2329 2770 2374 autem
2805 2319 2990 2390 genuit
3023 2318 3202 2384 Eliud,
3229 2318 3386 2373 Eliud
3418 2334 3516 2372 au-

1941 2420 2046 2464 tem
2083 2410 2267 2480 genuit
2293 2410 2539 2477 Eleazar,
2570 2411 2796 2466 Eleazar
2820 2423 3001 2466 autem
3035 2413 3222 2484 genuit
3249 2412 3512 2477 Matthan,

1937 2501 2176 2556 Matthan
2219 2512 2397 2558 autem
2442 2502 2629 2570 genuit
2673 2502 2864 2566 Jacob,
2904 2502 3072 2559 Jacob
3110 2513 3289 2558 autem
3329 2505 3516 2575 genuit

1935 2594 2133 2664 Ioseph
2181 2595 2357 2649 virum
2401 2594 2612 2661 Mariae,
2651 2612 2714 2650 ex
2751 2612 2855 2666 qua
2891 2606 3048 2652 natus
3081 2603 3164 2651 est
3192 2594 3381 2661 Jesus,
3419 2598 3512 2667 qui

1936 2697 2163 2743 vocatur
2220 2686 2489 2742 Christus.
2543 2705 2564 2740 ι
2621 2687 2802 2753 Quare
2861 2689 3230 2758 genealogiam
3285 2687 3511 2757 Josephi

1937 2787 2124 2834 narrat
2156 2786 2208 2831 et
2241 2792 2343 2832 non
2378 2775 2666 2847 Deiparte?
2694 2792 2813 2847 qum
2844 2777 2982 2831 enim
3016 2780 3324 2832 communio
3353 2775 3512 2832 Jose-

1938 2869 2030 2938 phi
2082 2878 2134 2923 et
2182 2879 2369 2939 partus
2401 2868 2521 2924 sine
2563 2868 2774 2923 semine
2810 2869 2964 2923 nati?
2995 2883 3169 2939 neque
3210 2869 3355 2924 enim
3389 2884 3513 2926 vere

1937 2968 2056 3016 erat
2089 2969 2240 3028 pater
2281 2959 2481 3016 Christi
2514 2957 2710 3028 Ioseph
2735 3001 2749 3024 ,
2782 2971 2840 3014 ut
2871 2976 2900 3014 a
2941 2959 3140 3029 Joseph
3178 2960 3379 3016 Christi
3421 2975 3512 3030 ge-

1939 3051 2180 3122 nealogia
2213 3061 2522 3106 censeatur.
2559 3051 2703 3104 Audi
2741 3051 2927 3119 igitur,
2957 3055 3100 3122 quod
3141 3067 3270 3107 vere
3307 3052 3510 3106 nullam

1939 3146 2372 3200 communionem
2407 3144 2562 3198 habet
2591 3141 2793 3214 .loseph
2821 3159 2942 3198 cum
2975 3145 3256 3199 nativitate
3284 3142 3509 3208 Christi,

1936 3239 2030 3294 sed
2062 3237 2344 3306 oportebat
2372 3251 2492 3290 eam
2532 3244 2750 3305 propter
2792 3236 3161 3306 genealogiam
3195 3236 3386 3292 Matris
3413 3236 3509 3291 Dei

1932 3330 2162 3386 censeri.
2203 3329 2398 3384 Verum
2430 3327 2555 3396 quia
2601 3327 2684 3382 lex
2726 3336 2863 3391 erat,
2921 3329 3202 3382 mulierum
3254 3327 3510 3396 genealo-

1932 3417 2072 3486 giam
2109 3431 2214 3470 non
2253 3428 2454 3485 ponere
2485 3413 2526 3478 ⁸,
2555 3425 2841 3484 propterea
2870 3415 3108 3483 Virginis
3138 3418 3507 3484 geneaIOgiam

1931 3524 2042 3564 non
2076 3507 2273 3578 posuit,
2300 3509 2392 3563 sed
2425 3509 2596 3579 posita
2632 3509 2944 3580 genealogia
2979 3507 3228 3578 Josephi,
3263 3519 3318 3563 et
3348 3509 3507 3577 hujus

1931 3601 2299 3670 genealogiam
2341 3600 2542 3668 posuit.
2583 3601 2710 3655 Erat
2741 3601 2884 3654 enim
2929 3603 3012 3656 lex
3070 3616 3175 3656 non
3210 3602 3508 3656 ducendam

1933 3708 2154 3748 uxorem
2181 3707 2247 3747 ex
2283 3691 2458 3747 aliena
2494 3693 2659 3759 tribu,
2690 3707 2866 3763 neque
2894 3686 3170 3747 ex’aliena
3206 3691 3415 3747 familia
3453 3695 3507 3748 in

1930 3785 2267 3856 cognatione,
2297 3785 2414 3850 sed,
2445 3800 2510 3839 ex
2553 3799 2647 3840 sua
2692 3795 2747 3840 et
2788 3785 3108 3855 cognatione
3156 3796 3212 3840 et
3255 3785 3506 3840 familia:

1929 3887 2090 3948 atque
2123 3877 2256 3932 adeo
2284 3879 2408 3946 quia
2443 3876 2563 3932 talis
2593 3889 2710 3932 erat
2753 3877 2859 3942 lex,
2903 3876 3248 3932 manifestum
3280 3879 3421 3946 quod
3455 3884 3509 3931 et

1928 3966 2150 4035 Josephi
2180 3967 2491 4037 genealogis
2519 3969 2716 4037 posita,
2749 3968 3114 4038 genealogiam
3145 3967 3362 4035 colligat
3393 3967 3504 4020 Ma-

1931 4059 2028 4113 tris
2059 4058 2176 4113 Dei.
2201 4059 2334 4114 Nam
2371 4073 2436 4113 ex
2475 4059 2660 4115 eadem
2698 4059 2855 4128 plane
2892 4059 3032 4114 tribu
3058 4068 3113 4114 et
3146 4058 3350 4113 familia
3386 4067 3504 4112 erat

1931 4151 2103 4207 Mater
2136 4152 2252 4208 Dei.
2297 4151 2432 4206 Nam
2473 4152 2518 4207 si
2547 4167 2651 4207 non
2681 4152 2892 4216 fuisset,
2931 4152 3202 4223 quomodo
3233 4149 3420 4205 luisset
3453 4151 3502 4206 ei

1929 4244 2250 4313 deSponsala
2273 4242 2296 4296 ?
2319 4245 2497 4314 Atque
2525 4243 2597 4297 ita
2625 4244 2936 4300 observavit
2967 4243 3292 4314 evangelista
3333 4244 3502 4313 legem

1930 4337 2331 4408 praecipientem
2357 4352 2460 4391 non
2486 4339 2786 4408 ponendam
2810 4339 3090 4393 mulierum
3116 4338 3501 4409 genealogiam,

1925 4437 1983 4484 et
2015 4427 2364 4483 nihilominus
2391 4429 2563 4495 posita
2587 4412 2806 4496 Iosephi
2825 4429 3155 4498 genealogia,
3182 4426 3232 4500 ’1
3255 4429 3506 4499 genealo-

263 4492 804 4594 μὴγενεαλογείσθαι
840 4505 1132 4571 γυναῖκας,
1180 4508 1276 4560 καὶ
1309 4508 1462 4563 οὐδὲν
1494 4507 1660 4582 ἦττον
1699 4516 1822 4583 ἐγε-

1936 4521 2072 4594 giam
2098 4520 2288 4574 Matris
2307 4492 2408 4574 Dei
2432 4520 2632 4589 posuit.
2660 4492 2852 4587 Virum
2892 4492 3075 4574 autem
3107 4492 3290 4574 Maria:
3329 4520 3505 4572 notui-

260 4584 546 4675 νεαλόγησε
575 4590 674 4660 τὴν
709 4592 994 4661 Θεοτόκον,
1023 4595 1117 4650 τὸν
1158 4598 1357 4671 Ἰωσὴφ
1393 4603 1822 4675 γενεαλογήσας·

261 4673 415 4749 ἄνδρα
444 4681 502 4734 δὲ
553 4681 768 4751 Μαρίας
797 4685 1082 4757 ὠνόμασεν
1113 4689 1298 4754 αὐτὸν,
1341 4693 1483 4748 κατὰ
1511 4695 1610 4766 τὴν
1639 4673 1826 4769 κοινὴν

1928 4611 2077 4667 navit
2095 4624 2240 4674 eum,
2255 4611 2408 4676 juxta
2431 4624 2776 4665 communem
2800 4603 3267 4665 εοηειιέιυιιίιιέιη.
3287 4607 3500 4662 Etenim

1929 4717 2049 4757 mos
2096 4710 2180 4758 est
2209 4716 2464 4772 sponsum
2512 4702 2692 4757 adhuc
2736 4715 2959 4772 procum
3005 4713 3277 4772 agentem,
3327 4702 3500 4752 virum

262 4769 575 4866 συνήθειαν·
627 4775 721 4828 καὶ
781 4777 891 4850 γὰρ
931 4777 1024 4832 τὸν
1091 4781 1401 4853 μνηστῆρα,
1469 4785 1665 4859 ἔχομεν
1704 4789 1824 4854 ἔθος

1936 4795 2107 4852 dicere
2127 4769 2359 4866 sponsae,
2395 4791 2610 4850 etiamsi
2638 4769 2876 4850 non—dum
2914 4769 3111 4848 habitae
3142 4793 3253 4849 sint
3280 4792 3500 4862 nuptiae.

259 4857 416 5007 ἄνδέἓ
448 4863 632 4932 λέγειν
664 4865 762 4938 τῆς
819 4869 1276 4943 μνηστευθείσης,
1308 4873 1412 4930 κᾶν
1446 4857 1618 4948 pani»
1644 4879 1823 4950 γάμος

259 4967 355 5007 προ
417 4974 474 5007 τι.

259 4967 474 5010 προέϐη.

359 4969 416 5007 ευ
459 4997 474 5010 .

300 4969 355 5096 9:
383 4974 560 5101 [Ιτέσαι
589 5044 682 5103 οὖν
725 5054 780 5106 αἱ
831 5054 1018 5123 γενεαὶ
1053 5056 1162 5110 ἀπὸ
1189 5056 1446 5132 ’Δϐραὰμ
1478 5061 1583 5126 ἕως
1612 5063 1800 5130 Δαυῒδ,

258 5137 432 5201 γενεαὶ
459 5139 882 5215 δεκατέσσαρες·
910 5147 1003 5199 καὶ
1025 5148 1134 5202 ἀπὸ
1153 5149 1339 5214 Δαυῒδ,
1367 5153 1470 5216 ἕως
1504 5155 1602 5225 τῆς
1632 5171 1814 5225 μετοι-

1996 5069 2158 5124 Vens.
2194 5069 2279 5125 17.
2319 5088 2337 5122 ι
2378 5069 2577 5126 Omnes
2606 5069 2771 5140 igitur
2802 5067 3179 5140 generationes
3212 5068 3278 5122 ab
3313 5068 3491 5124 Abra-

1918 5163 2042 5219 bam
2085 5178 2256 5232 usque
2294 5164 2360 5216 ad
2393 5162 2583 5228 David,
2618 5161 3004 5232 generationes
3041 5160 3449 5227 quatuordecim
3482 5178 3496 5215 :

259 5228 431 5325 κεσίας
484 5232 824 5303 Βαϐυλῶνος,
863 5243 1052 5307 γενεαὶ
1106 5241 1505 5314 δεκατέσσαρες
1530 5262 1546 5276 ·
1579 5249 1674 5301 καὶ
1707 5247 1816 5302 ἀπὸ

1936 5264 1974 5309 :t
2013 5271 2042 5309 a
2079 5228 2248 5310 Dauid
2288 5270 2459 5325 usque
2501 5255 2568 5308 ad
2616 5228 2991 5323 migrationem
3029 5251 3090 5304 in
3138 5249 3496 5322 Babylonem,

257 5317 343 5388 τῆς
370 5328 710 5392 μετοικεσίας
767 5331 1083 5397 Βαϐυλῶνος
1137 5335 1242 5400 ἕως
1290 5338 1387 5391 τοῦ
1419 5339 1679 5409 Χριστοῦ,
1713 5359 1810 5409 γε-

1917 5347 2297 5418 generationes
2331 5345 2742 5416 quatuordecim
2770 5362 2783 5397 :
2813 5354 2866 5397 et
2888 5359 2916 5396 a
2960 5343 3282 5412 migratione
3312 5343 3362 5396 in
3395 5343 3498 5396 Ba-

257 5412 362 5510 νεαὶ
400 5416 823 5491 δεκατέσσαρες.
863 5442 884 5476 ι
924 5425 1015 5490 Εἰς
1055 5430 1203 5498 τρεῖς
1235 5432 1600 5497 καταστάσεις
1650 5435 1811 5488 διεῖλε

1936 5412 2166 5509 iylonem
2202 5412 2374 5510 usque
2406 5440 2473 5492 ad
2511 5438 2783 5492 Christum
2833 5438 3210 5507 generationes
3239 5445 3496 5504 qua-tuor-
3536 5500 3546 5510 .

255 5499 344 5565 τὰς
371 5508 582 5574 γενεὰς,
616 5511 704 5565 ἵνα
733 5513 882 5587 δείξῃ
915 5518 1042 5581 τοὺς
1089 5519 1379 5587 Ἰουδαίους
1431 5525 1513 5580 ὅτι
1563 5527 1658 5580 καὶ
1705 5527 1811 5582 ὑπὸ

1936 5499 2110 5586 Iecim.
2165 5547 2185 5581 ι
2231 5499 2301 5584 In.
2321 5539 2432 5583 tres
2451 5528 2671 5582 ordines
2692 5499 2970 5581 distribuit
3001 5499 3403 5595 generationes,
3438 5531 3496 5576 ut

257 5595 446 5661 κριτῶν
475 5600 786 5672 ἀρχόμενοι,
834 5605 911 5671 ὡς
959 5609 1010 5662 οί
1053 5610 1179 5683 άχρι
1213 5612 1308 5668 τοῦ
1348 5616 1532 5673 Δαυῖδ.
1563 5618 1673 5673 Καὶ
1703 5619 1809 5674 ὑπὸ

1936 5628 2247 5680 noustraret
2287 5619 2429 5693 quod
2480 5617 2650 5675 Judzei
2699 5617 2814 5674 sive
2853 5633 2881 5673 a
2909 5616 3185 5690 iudicibus
3225 5615 3497 5686 guberna-

319 5773 337 5804 ⁸
374 5775 527 5836 Num.
597 5797 799 5854 xxnft,
857 5783 907 5842 Ι.
