3984 6570
503 391 612 460 155

1391 392 1975 457 THEOPHYLACTI
2012 399 2424 460 BULGA'lle
2461 397 2812 458 ARCIIIEP.

3645 397 3748 462 155

496 517 716 567 rentur,
763 509 821 556 ιιι
849 501 938 570 qui
973 513 1144 570 usque
1173 500 1240 554 ad
1286 498 1496 555 David:
1528 501 1646 555 sive
1678 517 1706 556 a
1751 504 1986 574 regibus,
2021 513 2080 558 nt

2198 508 2474 572 Ξασιλέων,
2519 506 2596 570 ὡς
2647 508 2697 558 οἱ
2750 506 2878 578 ἄχρι
2927 506 3027 576 τῆς
3078 509 3452 578 μετοικεσίας.
3509 511 3619 562 Καὶ
3651 511 3753 565 ὑπὸ

497 598 590 668 qui
630 609 802 665 usque
833 596 901 648 ad
937 594 1507 662 transmigrationem:
1553 594 1666 649 sive
1700 609 1728 648 a
1782 597 2076 651 sacerd0ti-

496 693 629 756 bus,
689 687 870 758 utqui
909 701 1079 756 usque
1115 687 1180 741 ad
1225 687 1503 743 Christum
1549 709 1561 742 :
1609 688 1740 742 nihil
1793 698 1971 744 tamen
2021 690 2074 744 in

496 786 752 836 virtutem
789 781 1156 848 profecerunt,
1192 787 1246 834 et
1277 782 1416 849 quod
1461 797 1596 851 opus
1632 781 1921 835 habuerint
1949 795 2077 838 vero

491 875 669 942 jlllliCt‘
701 883 757 926 et
793 887 915 939 rege
949 889 1011 925 ac
1043 873 1355 936 Sacerdote,
1394 873 1483 940 qui
1529 882 1612 925 est
1643 872 1912 928 Christus.
1943 872 2076 928 Nam

497 971 784 1031 postquam
823 961 1138 1016 defecerunt
1179 978 1363 1031 reges,
1403 963 1546 1016 venit
1589 962 1845 1019 Christus
1882 944 2079 1019 sec/un-

499 1057 626 1108 tlum
678 1057 1015 1123 prophetiam
1068 1055 1255 1111 Jacob.
1307 1055 1406 1110 Ubi
1449 1066 1630 1110 autem
1671 1068 1797 1112 sunt
1836 1073 1864 1110 a
1904 1058 2080 1113 demi-

497 1148 746 1215 gratione
771 1147 1096 1218 Babylonica
1117 1161 1290 1216 usque
1312 1147 1378 1200 ad
1401 1147 1678 1202 Christum
1705 1150 2082 1218 generationes

499 1238 940 1302 quatuordecim,
989 1253 1110 1291 cum
1148 1236 1407 1291 tredecim
1457 1245 1666 1291 tantum
1707 1253 1952 1308 persona:
1992 1254 2083 1294 re-

501 1325 826 1394 periantur?
857 1325 993 1381 Nam
1025 1327 1070 1380 si
1105 1327 1157 1380 in
1191 1327 1507 1397 genealogia
1543 1327 1736 1383 mulier
1767 1344 2084 1386 recensere-

503 1429 614 1482 tur,
643 1435 928 1488 possemns
951 1429 1004 1473 et
1032 1419 1257 1474 Mariam
1289 1435 1710 1489 connumerare,
1738 1431 1791 1477 et
1813 1423 2086 1494 complere

502 1525 826 1565 numerum:
862 1527 1004 1568 nunc
1037 1522 1217 1566 autem
1258 1513 1536 1570 mulierem
1576 1516 1813 1570 diximus
1861 1517 1926 1570 ad
1995 1535 2088 1589 ge-

503 1603 805 1667 nealogiam
842 1617 946 1656 non
980 1605 1288 1672 pertinere,
1325 1606 1594 1674 quomodo
1655 1607 1815 1675 igitur
1865 1607 2090 1662 solvitur

505 1695 642 1748 hoc?
668 1697 862 1750 Dicunt
879 1697 1099 1766 quidam
1123 1698 1266 1767 quod
1294 1707 1349 1752 et
1368 1699 1817 1768 demigrationem
1844 1702 2088 1772 posuerit

505 1800 600 1838 ceu
637 1801 880 1854 personte
910 1788 1154 1843 ordinem
1183 1801 1564 1859 occupantem.

579 1877 746 1934 Vens.
780 1881 868 1935 l8.
907 1899 926 1933 ι
962 1880 1094 1936 Jesu
1125 1898 1254 1938 vero
1284 1885 1488 1940 Christi
1517 1887 1770 1943 nativitas
1805 1899 1923 1942 erat
1949 1888 2084 1946 haec.
2116 1859 2162 1916 Β

506 1971 639 2026 Nam
669 1983 726 2026 ut
751 1973 1079 2043 desponsata
1111 1984 1196 2030 est
1226 1987 1406 2032 mater
1432 1977 1548 2046 ejus
1577 1980 1742 2033 Maria
1771 1979 2030 2050 Josepho.
2060 2001 2079 2034 ι

506 2062 688 2130 Quare
726 2065 864 2121 Dens
895 2067 1141 2134 permisit
1171 2078 1226 2121 ut
1256 2071 1369 2138 ipsa
1403 2071 1851 2140 desponsaretur,
1881 2082 1936 2126 et
1968 2087 2089 2128 om~

511 2155 640 2211 nino
661 2157 1024 2224 suspicionem
1046 2157 1110 2211 da
1123 2169 1200 2212 ret
1224 2159 1530 2214 hominibus
1550 2163 1704 2230 quasi
1727 2173 2083 2232 cognosceret

507 2264 626 2300 eam
673 2247 916 2317 Juseph?
964 2261 1021 2304 ut
1075 2252 1300 2307 haberet
1355 2255 1406 2307 in
1456 2255 1702 2309 adversis
1749 2265 2087 2313 curatorem:

511 2359 634 2394 nam
660 2342 748 2397 hic
775 2345 826 2396 in
862 2343 984 2411 fuga
1019 2346 1070 2398 in
1103 2345 1394 2417 Egyptnm
1428 2362 1612 2402 curam
1648 2347 1762 2414 ejus
1792 2348 1999 2415 habuit,
2039 2356 2093 2404 et

511 2435 747 2490 servavit
771 2451 912 2490 eam.
942 2438 1031 2490 Est
1053 2447 1107 2491 et
1137 2439 1237 2492 alia
1267 2455 1453 2501 causa,
1489 2449 1544 2494 ut
1565 2443 1756 2496 lateret
1783 2443 2087 2510 diabolumf:

507 2535 794 2596 propterea
821 2528 1145 2593 despuasata
1169 2537 1270 2583 est.
1299 2530 1552 2585 Diabolus
1582 2533 1724 2585 enim
1750 2547 1872 2586 cum
1905 2534 2089 2587 audis-

508 2628 594 2672 set
635 2620 777 2688 quod
825 2619 987 2689 Virgo
1019 2621 1070 2674 in
1106 2631 1263 2675 utero
1308 2621 1563 2687 haberet,
1607 2623 1931 2677 ohservahat
1966 2623 2091 2680 Vir-

510 2712 737 2780 ginem:
780 2720 836 2765 ut
887 2713 1050 2781 igitur
1092 2714 1352 2781 deceptor
1408 2714 1748 2784 decipiatur,
1801 2717 2094 2784 desponsat

505 2801 702 2872 Ioseph
737 2819 952 2874 semper
980 2806 1261 2876 Virginem
1289 2805 1514 2861 Mariam
1547 2825 1560 2862 :
1593 2817 1645 2862 et
1677 2809 1845 2876 figura
1877 2811 2090 2890 quidem

509 2895 568 2948 ﬁt
595 2895 851 2964 cunjngii,
883 2912 989 2948 non
1027 2908 1204 2950 autem
1241 2913 1328 2953 res
1365 2898 1502 2968 ipsa.
1539 2918 1558 2951 ι
1605 2899 1930 2972 Priusquam
1959 2919 2094 2959 con-

508 2987 754 3039 venirent
788 2985 910 3050 ipsi,
940 2987 1152 3040 inventa
1181 2998 1262 3042 est
1289 2989 1338 3042 in
1372 3002 1528 3043 utero
1560 2991 1764 3046 habens
1787 3007 1854 3045 ex
1885 2993 2091 3061 Spiritu

509 3086 718 3130 sancto.
784 3095 804 3130 ι
867 3077 1175 3132 Cunvenire
1236 3080 1325 3134 hic
1385 3080 1656 3151 signiﬁcat
1717 3099 2092 3153 congressum.

2181 600 2393 670 ἱερέων,
2430 598 2506 661 ὡς
2547 600 2596 651 οῖ
2647 598 2774 668 ἄχρι
2821 597 2915 651 τοῦ
2944 599 3206 669 Χριστοῦ,
3253 602 3402 670 ὅμως
3435 601 3588 654 οὐδὲν
3619 603 3756 671 πρὸς

2179 691 2380 761 ἀρετὴν
2410 689 2793 760 ὠφελήθησαν·
2829 691 2922 744 καὶ
2974 691 3056 744 ὅτι
3087 691 3295 744 ἐδέοντο
3337 691 3432 746 τοῦ
3499 693 3755 763 ἀληθινοῦ

2182 785 2276 836 καὶ
2312 782 2501 851 κριτοῦ
2553 782 2649 836 καὶ⁵
2705 781 2970 852 βασιλέως
3025 783 3121 836 καὶ
3170 783 3383 854 ίερέως,
3437 785 3494 847 ὃς
3533 787 3682 839 ἐστιν
3721 785 3749 839 6

2181 873 2436 944 Χριστὸς’
2471 873 2868 942 ἐπιλειψάντων
2899 874 3008 946 γὰρ
3042 873 3150 926 τῶν
3185 875 3486 944 ἀρχόντων,
3539 871 3702 947 ἦλθεν
3729 877 3758 929 6

2179 965 2416 1034 Χριστὸς
2450 965 2593 1017 κατὰ
2625 963 2721 1036 τὴν
2770 964 2864 1018 τοῦ
2897 966 3094 1019 Ἰακὼϐ
3143 969 3482 1038 προφητείαν
3509 983 3522 998 ⁸
3561 968 3679 1032 πῶς
3701 969 3759 1023 δέ

2181 1057 2318 1109 εἰσιν
2345 1057 2452 1110 άπὸ
2477 1056 2578 1126 τῆς
2611 1057 2959 1124 μετοικεσίας
3014 1058 3333 1123 Βαϐυλῶνος
3360 1059 3466 1123 ἕως
3505 1059 3601 1112 τοῦ
3630 1061 3765 1130 Χρι-

2185 1147 2314 1202 στοῦ
2351 1149 2539 1214 γενεαὶ
2575 1147 2996 1218 δεκατέσσαρες,
3029 1149 3166 1202 ὅπου
3201 1149 3460 1221 δεκατρία
3489 1149 3761 1221 πρόσωπα

2185 1238 2576 1309 εὐρίσκονται;
2609 1238 2672 1290 Ei
2706 1237 2806 1306 μὲν
2841 1240 2951 1309 γὰρ
2987 1240 3394 1310 ἐγενεαλογεῖτο
3421 1241 3580 1312 γυνὴ,
3616 1241 3763 1311 είχο-

2189 1345 2290 1398 μεν
2321 1328 2388 1382 ἂν
2413 1328 2733 1383 συντάττειν
2777 1329 2874 1382 καὶ
2927 1329 3023 1396 τὴν
3053 1331 3297 1400 Μαρίαν,
3322 1331 3416 1385 καὶ
3447 1331 3764 1400 συμποσοῦν

2184 1420 2276 1472 τὸν
2333 1419 2586 1490 ἀριθμόνο
2629 1419 2724 1474 νῦν
2748 1420 2825 1483 δὲ,
2859 1420 2918 1473 οὐ
2978 1422 3380 1490 γενεαλογεῖται
3411 1423 3545 1492 γυνή
3584 1439 3596 1450 ·
3643 1421 3763 1483 πῶς

2186 1507 2278 1567 οῦν
2305 1512 2492 1566 λύεται
2525 1513 2722 1578 τοῦτος
2761 1513 2902 1565 Φασί
2943 1531 3084 1577 τινες
3115 1516 3197 1566 ὅτι
3233 1514 3325 1566 καὶ
3375 1514 3472 1584 τὴν
3507 1530 3762 1585 μετοικε-

2191 1605 2311 1660 σίαν
2357 1608 2432 1669 ὼς
2479 1603 2773 1676 προσώπου
2802 1606 2956 1673 τάξιν
3001 1606 3231 1678 ἔχουσαν
3261 1605 3479 1675 ἔθηκεν.

2270 1901 2289 1935 ι
2333 1880 2438 1937 Τοῦ
2495 1881 2552 1936 δὲ
2595 1880 2771 1952 Ἰησοῦ
2805 1881 3042 1952 Χριστοῦ
3077 1883 3111 1952 ὴ
3144 1881 3396 1952 γέννησις
3458 1880 3633 1947 οὕτως
3675 1879 3768 1955 ἦν.

2190 1972 2640 2044 Μνηστευθείσης
2677 1973 2784 2044 γάρ
2823 1973 2922 2043 τῆς
2977 1973 3184 2045 μητρὸς
3232 1973 3398 2026 αὐτοῦ
3431 1975 3652 2045 Μαρίας
3686 1975 3766 2047 τῷ

2191 2067 2416 2138 Ἰωσήφ.
2463 2084 2481 2118 ι
2525 2065 2679 2128 Τίνος
2729 2064 2918 2119 ἕνεκεν
2960 2065 3342 2137 συνεχώρησεν
3394 2067 3422 2119 6
3466 2065 3599 2131 θεὸς
3629 2084 3771 2138 μνη-

2203 2159 2494 2228 στευθῆναι
2546 2157 2772 2227 ταύτην,
2803 2158 2897 2210 καὶ
2945 2157 3080 2220 ὅλως
3114 2157 3301 2210 δοῦναι
3355 2157 3617 2211 ὑπόνοιαν
3654 2162 3772 2224 τοῖς

2193 2251 2525 2322 ἀνθρώποις,
2547 2249 2628 2303 δτι
2665 2248 2982 2316 συνεγένετο
3003 2247 3140 2319 αὐτῇ
3168 2250 3195 2301 6
3231 2249 3430 2320 Ἰωσήφ
3459 2267 3472 2316 ;
3512 2249 3632 2303 Ἷνα
3661 2249 3765 2323 ἔχῃ

2192 2345 2287 2400 τὸν
2321 2344 2595 2414 κηδεμόνα
2628 2344 2685 2396 ἐν
2734 2345 2854 2406 ταῖς
2883 2345 3192 2412 συμφοραῖς
3221 2343 3319 2412 (1)·
3351 2339 3507 2408 οὗτος
3535 2347 3643 2416 γὰρ
3677 2348 3775 2399 καὶ

2193 2441 2250 2494 ἐν
2295 2439 2360 2507 τῇ
2397 2436 2478 2500 είς
2517 2436 2788 2503 Αἴγυπτον
2841 2436 2985 2506 φυγῇ
3037 2434 3352 2505 ἐπεμελήθη
3397 2435 3608 2505 αὐτῆς·
3650 2437 3764 2490 Καὶ

2191 2531 2448 2585 διέσωσεν
2487 2528 2839 2598 αὐτήν.”Αμα
2865 2527 2922 2580 δὲ
2968 2526 3059 2580 καὶ
3092 2527 3178 2580 ἵνα
3207 2525 3345 2598 λάθῃ
3379 2527 3470 2581 τὸν
3500 2527 3773 2596 διάϐολον,

2196 2621 2287 2675 διὰ
2323 2620 2483 2675 τοῦτο
2527 2618 2897 2689 ἐμνηστεύθη·
2927 2618 2955 2670 ό
2994 2617 3103 2688 γὰρ
3141 2617 3387 2680 διάϐολος
3417 2618 3658 2682 ἀκούσας
3692 2620 3776 2674 ὅτι

2191 2716 2225 2785 ἡ
2257 2713 2533 2785 Παρθένος
2559 2713 2618 2766 ὲν
2648 2711 2848 2781 γαστρὶ
2892 2709 3026 2776 ἕξει,
3059 2711 3315 2781 ἐπετήρει
3337 2710 3437 2781 τὴν
3465 2711 3771 2781 Παρθένονο

2196 2806 2281 2859 ἴνα
2336 2805 2520 2859 τοίνυν
2577 2802 2832 2874 ἀπατηθῇ
2875 2804 2903 2855 6
2943 2801 3222 2868 ἀπατεὼν,
3278 2803 3644 2875 μνηστεύεται
3673 2804 3775 2876 τὴν

2199 2895 2559 2967 ἀειπάρθενον
2616 2897 2645 2949 6
2686 2896 2906 2964 Ἰωσήφ⁶
2940 2894 3034 2948 καὶ
3102 2895 3286 2965 σχῆμα
3341 2899 3503 2965 μόνον
3561 2896 3776 2965 γίνεται

2197 2988 2480 3055 συζυγίας,
2507 2989 2742 3058 πρᾶγμα
2769 2987 2824 3040 δέ
2853 2987 2936 3041 οῦ.
2973 3005 2991 3038 ι
3025 2987 3219 3058 Πρὶνῆ
3249 2987 3521 3041 συνελθεῖν
3554 2989 3780 3054 αὐτοὺς,

2201 3077 2402 3148 εὑρέθη
2433 3079 2492 3130 ἐν
2522 3079 2721 3147 γαστρὶ
2749 3077 2947 3147 ἔχουσα
2975 3077 3039 3130 ἐκ
3073 3075 3390 3146 Πνεῦματος
3421 3077 3602 3144 ἀγίου.
3643 3096 3663 3129 ι
3712 3078 3784 3130 Τδ

509 3163 836 3233 Priusquam
869 3167 1014 3221 enim
1048 3170 1530 3237 congrederentur,
1568 3173 1837 3242 concepit.
1868 3173 2017 3230 Unde
2043 3187 2091 3229 et

2209 3169 2482 3223 συνελθεῖν
2517 3169 2750 3223 ἐνταῦθα
2776 3169 2875 3238 τὴν
2912 3168 3059 3238 μίξιν
3093 3167 3262 3237 δηλοῖ·
3296 3169 3429 3237 πρὶν
3459 3168 3570 3238 γὰρ
3608 3168 3784 3238 μιγῆ-

508 3257 840 3324 erangelista
894 3259 1260 3328 obstupescit,
1321 3273 1376 3315 et
1430 3262 1666 3318 clamat:
1718 3267 1938 3321 Inventa
1987 3278 2091 3332 est,

505 3350 666 3418 quasi
699 3351 765 3405 de
795 3366 853 3405 re
883 3351 1118 3420 quadam
1154 3353 1465 3410 admirabili
1497 3357 1704 3413 dicens.
1735 3393 1740 3396 -

588 3521 753 3579 Vens.
789 3523 876 3578 19.
914 3543 934 3576 ι
969 3523 1169 3595 Ioseph
1205 3537 1384 3583 autem
1416 3528 1501 3583 vir
1523 3529 1660 3597 ejus,
1693 3545 1813 3586 cum
1849 3531 2099 3600 essetju-

510 3626 652 3680 stus,
677 3625 732 3670 et
770 3616 937 3672 nollet
962 3632 1082 3672 eam
1123 3619 1426 3681 traducere,
1456 3623 1626 3675 voluit
1656 3623 1792 3676 clam
1825 3623 2100 3680 dimittere

511 3725 658 3763 carri.
694 3729 712 3762 ι
749 3708 1030 3775 Quomodo
1061 3720 1178 3765 erat
1204 3711 1381 3778 justus
1405 3712 1603 3782 Joseph
1627 3755 1642 3778 ,
1687 3731 1808 3769 cum
1850 3716 1930 3770 lex
1965 3731 2100 3785 prae-

514 3801 725 3868 ceperit
749 3801 1052 3855 adulteram
1093 3802 1401 3869 traducere,
1433 3805 1534 3859 hoc
1560 3816 1664 3872 est,
1699 3807 2022 3860 denuntiare
2045 3816 2100 3861 et

516 3895 747 3962 punire,
797 3895 911 3962 ipse
961 3905 1139 3950 autem
1204 3895 1626 3952 adumbraturus
1684 3907 2001 3966 peccatum,
2047 3908 2101 3954 et.

517 3986 977 4054 prtevarieaturus
1009 3986 1204 4056 legem,
1231 4002 1349 4042 eam
1382 3988 1659 4044 dimittere
1691 3991 1958 4045 voluerit?
1983 3991 2102 4045 Sol-

513 4077 663 4132 vitur
685 4089 864 4134 autem
894 4081 1019 4144 hoc,
1047 4082 1280 4150 primum
1316 4082 1557 4150 quidem,
1584 4083 1725 4150 quod
1753 4093 1973 4152 propter
2001 4085 2101 4139 hoc

517 4169 693 4239 ipsum
725 4171 904 4238 justus
937 4181 1090 4237 erat,
1131 4171 1348 4226 nolebat
1389 4173 1532 4228 enim
1566 4174 1803 4230 crudelis
1831 4190 1971 4242 esse,
2007 4177 2099 4230 sed

518 4279 632 4331 pra:
666 4267 832 4317 multa
856 4262 1211 4332 benignitate,
1245 4267 1620 4321 misericordia
1651 4279 1769 4320 eam
1804 4283 2101 4338 proseque-

520 4353 712 4418 batur,
749 4357 1042 4410 ostendens
1073 4369 1130 4412 se
1171 4360 1506 4426 superiorem
1545 4357 1683 4426 lege,
1715 4369 1768 4412 et
1801 4359 1911 4426 jam
1941 4375 2104 4430 super

519 4445 712 4515 legalia
745 4451 996 4502 mandata
1035 4451 1332 4505 viventem.
1369 4449 1574 4505 Deinde
1603 4453 1731 4521 quia
1771 4463 1824 4508 et
1855 4454 1970 4522 ipse
2007 4469 2102 4509 co-

521 4540 710 4607 gnovit
733 4539 802 4594 de
824 4538 1027 4606 Spiritu
1047 4551 1233 4595 sancto
1251 4541 1307 4610 ε
1326 4555 1444 4596 eam
1465 4545 1798 4613 concepisse,
1817 4557 2091 4614 propterea

2206 4543 2280 4605 ὡς
2338 4543 2445 4596 ἀπὸ
2478 4543 2795 4611 Πνεύματος
2829 4542 2984 4608 ἁγίου
3014 4539 3273 4594 συνέλαϐε
3299 4581 3313 4603 ,

2198 3281 2307 3329 ναι,
2360 3262 2649 3316 συνέλαϐεν
2677 3278 2689 3292 ο
2725 3261 2848 3314 ὅθεν
2899 3261 2994 3314 καὶ
3037 3260 3066 3312 6
3097 3260 3491 3330 εύαγγελιστὴς
3532 3259 3781 3330 ἐκπλήτ-

2197 3371 2370 3419 τεται,
2401 3354 2498 3406 καὶ
2541 3353 2671 3424 βοᾷ·
2721 3351 2957 3424 ΕὑρέΟη,
3005 3350 3079 3414 ὡς
3128 3350 3259 3420 περὶ
3302 3350 3610 3421 παραδόξου
3635 3353 3786 3416 τινῖς

2199 3444 2394 3512 λέγων.

2280 3537 2480 3607 Ἰωσὴφ
2504 3537 2558 3590 δὲ
2589 3539 2617 3590 6
2650 3536 2790 3608 ἀνὴρ
2824 3536 3015 3606 αὐτῆς,
3039 3537 3248 3600 δίκαιος
3267 3535 3362 3599 ὣν,
3393 3535 3489 3589 καὶ
3515 3537 3589 3604 μὴ
3610 3535 3786 3589 θέλων

2201 3629 2372 3699 αὐτὴν
2409 3629 2924 3698 παραδειγματίσαι,
2961 3629 3240 3699 ἠϐουλήθη
3293 3627 3470 3698 λάθρα
3511 3627 3788 3682 ἀπολύσαι

2201 3722 2392 3790 αὐτὴν.
2431 3740 2449 3773 ι
2484 3721 2607 3784 Πῶς
2643 3717 2711 3792 ἦν
2745 3721 2954 3784 δίκαιος
2985 3721 3011 3773 6
3045 3719 3270 3790 Ἰωσὴφ,
3304 3720 3442 3772 ὅπου
3494 3719 3584 3771 τοῦ
3611 3720 3785 3788 νόμου

2203 3813 2514 3876 κελεύοντος
2533 3813 2629 3882 τὴν
2657 3813 2941 3883 μοιχαλίδα
2969 3810 3604 3882 παραδειγματίζεσθαι,
3625 3829 3792 3865 τουτ-

2204 3908 2339 3968 έστι,
2390 3903 2758 3976 φανεροῦσθαι
2817 3905 2912 3957 καὶ
2964 3904 3314 3968 κολάζεσθαι,
3368 3903 3530 3966 αὐτὸς
3589 3903 3789 3972 ἔμελλε

2207 3999 2504 4053 συσκιάσαι
2534 3999 2593 4050 τὸ
2627 3998 2952 4068 ἁμάρτημα,
2984 3999 3079 4050 καὶ¹
3114 3995 3430 4067 παραϐῆναι
3456 3996 3546 4048 τὸν
3579 3995 3790 4065 νόμον;

2201 4089 2405 4143 Λύεται
2444 4087 2501 4140 δὲ
2528 4087 2704 4152 τοῦτο,
2740 4085 2955 4155 πρῶτον
2985 4084 3083 4154 μὲν
3115 4085 3194 4137 ὅτι
3240 4083 3308 4135 δι’
3339 4083 3470 4135 αὐτὸ
3514 4080 3681 4133 τοῦτο
3711 4081 3792 4132 δί-

2203 4197 2351 4241 καιος
2381 4174 2468 4248 ἦν.
2495 4178 2570 4232 Οὐ
2606 4180 2715 4246 γὰρ
2747 4176 2996 4230 ἐϐούλετο
3040 4175 3256 4244 ἀπηνὴς
3286 4170 3447 4238 εἶναι,
3480 4173 3594 4225 ἀλλ’
3625 4171 3794 4242 ἐφιλ-

2211 4267 2591 4340 ανθρωπεύετο
2648 4267 2756 4319 άπὸ
2810 4265 3010 4335 πολλῆς
3078 4266 3468 4335 χρηστότητος,
3511 4263 3794 4332 ἀνώτερον

2203 4359 2298 4412 τοῦ
2333 4359 2500 4428 νόμου
2536 4358 2728 4411 ἑαυτὸν
2779 4357 3060 4420 δεικνύων,
3115 4358 3209 4410 καὶ
3253 4357 3354 4428 ήδη
3401 4357 3542 4424 ὑπὲρ
3587 4355 3660 4406 τά
3705 4372 3794 4407 νο-

2220 4451 2354 4520 μικά
2382 4450 2695 4519 ἐντάλματα
2727 4448 2854 4511 ζῶν.
2895 4449 3144 4511 Ἔπειτα,
3180 4449 3262 4501 ὅτι
3310 4450 3404 4501 καὶ
3444 4447 3612 4508 αὐτὸς
3648 4446 3795 4514 ἔγνω

3362 4539 3456 4592 καὶ
3505 4538 3596 4591 διὰ
3627 4537 3797 4590 τοῦτο

525 4631 696 4686 noluit
736 4632 1020 4686 traducere
1062 4643 1117 4687 et
1156 4631 1393 4702 aﬂligere
1434 4649 1591 4700 eam,
1637 4651 1756 4702 qua
1799 4637 1865 4690 de
1896 4637 2091 4706 Spiritu

2206 4635 2306 4687 οὒκ
2333 4632 2564 4703 ἠθέλησε
2593 4631 2692 4703 τὴν
2732 4631 2840 4684 ἀπὸ
2874 4631 2969 4684 τοῦ
2996 4631 3154 4698 ἁγίου
3189 4631 3326 4684 Πνεύ
3337 4647 3525 4698 ματος,
3558 4629 3658 4682 καὶ
3693 4630 3799 4682 οὐκ

522 4734 748 4787 sancto,
800 4739 907 4778 non
961 4739 1026 4778 ex
1075 4725 1350 4790 adultero,
1401 4737 1744 4797 conceperat.
1784 4728 1916 4783 Vide
1955 4731 2091 4784 enim

2209 4723 2319 4777 άπδ
2362 4722 2576 4793 μοιχοῦ,
2609 4721 2984 4776 συλλαϐοῦσαν
3017 4725 3520 4793 παραδειγματίσαι
3551 4724 3652 4776 καὶ
3699 4739 3801 4775 κα-

523 4817 652 4886 quid
672 4817 838 4882 dicat,
859 4817 1114 4886 quoniam
1152 4835 1170 4870 ι
1195 4817 1418 4872 Inventa
1440 4827 1522 4872 est
1554 4819 1606 4886 in
1644 4829 1800 4874 utero
1825 4819 2047 4876 habens.
2075 4841 2091 4875 ι

2209 4816 2405 4880 κῶσαι,
2433 4817 2534 4887 ὅρα
2559 4815 2668 4887 γάρ
2689 4815 2742 4868 τί
2769 4833 2934 4885 φησιν
2954 4831 2969 4847 ·
3012 4835 3031 4868 ι
3062 4816 3272 4884 Εὑρὲθη
3304 4818 3362 4868 ἐν
3398 4817 3598 4885 γαστρὶ
3633 4815 3802 4886 ἔχου-

526 4913 567 4964 Α
595 4927 700 4978 quo
727 4911 945 4964 inventa
973 4910 1093 4964 eat?
1120 4925 1149 4964 a
1173 4909 1395 4979 Joseph;
1431 4912 1532 4965 hoc
1558 4920 1660 4976 est,
1695 4911 1928 4967 innomit
1955 4915 2091 4982 quod

2211 4927 2298 4963 σα.
2335 4927 2352 4960 ι
2387 4909 2505 4961 Τίνι
2537 4907 2770 4978 εὑρέθης
2805 4907 2897 4976 Τῷ
2924 4908 3150 4978 Ἰωσὴφ,
3189 4909 3456 4971 τουτέστι,
3483 4908 3801 4978 διεγνώσθη

523 5020 590 5057 ex
627 5004 829 5072 Spiritu
869 5011 1058 5057 sancto
1088 5003 1352 5072 concepit.
1402 5002 1555 5058 Unde
1595 5003 1734 5057 clam
1772 5004 1943 5060 voluit
1981 5020 2091 5061 eam

2206 5004 2289 5055 ὅτι
2320 5005 2382 5054 ἐκ
2424 5000 2743 5070 Πνεύματος
2788 5000 2948 5068 ἁγίου
2995 4999 3458 5053 συνέλαϐενθὸθεν
3507 5000 3801 5071 ἠϐουλήθη

524 5095 820 5158 dimittere,
854 5094 1007 5164 quasi
1049 5111 1155 5148 non
1190 5097 1414 5151 auderet
1454 5094 1652 5150 habere
1683 5111 1907 5152 uxorem
1930 5137 1946 5164 ,
1983 5112 2091 5168 qua

2206 5093 2383 5164 λάθρα
2413 5092 2682 5145 ἀπολῦσαι
2712 5092 2905 5161 αὐτὴν,
2933 5093 3009 5154 ὡς
3037 5093 3098 5144 ού
3149 5091 3364 5162 τολμῶν
3417 5090 3496 5144 ἐτι
3549 5095 3804 5158 γυναῖκα

527 5195 734 5240 tantam
774 5186 1010 5241 habebat
1039 5189 1289 5258 gratiam.

2209 5186 2380 5257 ἔχειν,
2409 5184 2507 5255 τὴν
2557 5185 2814 5238 τοσούτου
2845 5184 3277 5252 καταξιωθεῖσαν
3311 5183 3688 5255 χαρίσματος.

608 5279 766 5334 linus.
821 5279 912 5336 20.
973 5297 993 5332 ι
1059 5279 1184 5334 llaec
1229 5290 1406 5335 autem
1453 5279 1571 5352 ipso
1626 5280 1928 5352 cogitante,
1983 5295 2091 5336 ecct

2283 5297 2301 5331 ι
2335 5277 2521 5332 Ταῦτα
2571 5279 2627 5332 δέ
2681 5277 2848 5332 αὑτοῦ
2909 5277 3330 5348 ἐνθυμηθέντος,
3401 5275 3512 5329 ίδοὺ
3561 5276 3808 5345 ἄγγελος

530 5371 767 5442 Angelus
803 5373 1032 5428 Dominll
1064 5373 1117 5427 itt
1162 5387 1352 5427 somno
1385 5374 1635 5441 apparuit
1678 5373 1726 5428 ei
1754 5414 1770 5440 ,
1829 5373 2038 5428 dicens.
2081 5392 2091 5426 ι

2209 5371 2420 5442 Κυρίου
2467 5372 2586 5424 κατ’
2619 5370 2752 5439 δναρ
2790 5370 2961 5440 ἐφάνη
2998 5370 3169 5440 αὐτῷ,
3199 5369 3394 5437 λέγων’
3435 5385 3456 5420 ι
3490 5367 3624 5420 Ὅτε
3660 5368 3808 5437 ἡπό-

529 5465 664 5521 Cum
721 5477 1010 5537 angeretur
1045 5465 1243 5536 justus,
1299 5465 1520 5534 angelus
1551 5465 1601 5519 ei
1652 5465 1862 5528 astitit,
1903 5467 2091 5518 docent

2211 5481 2292 5532 ρει
2325 5464 2353 5516 6
2401 5463 2629 5524 δίκαιος,
2683 5461 2804 5514 τότε
2842 5463 2871 5514 6
2922 5461 3150 5528 ἄγγελος
3217 5461 3446 5530 ἐπέστη,
3505 5460 3797 5512 διδάσκων

528 5570 655 5613 eum
707 5559 837 5628 quid
893 5557 1192 5612 faciendum
1242 5567 1406 5612 esset.
1458 5557 1514 5612 In
1564 5571 1755 5613 somno
1805 5567 1983 5611 autem
2015 5573 2091 5627 apt

2207 5555 2371 5610 αὑτὸν
2392 5556 2445 5608 τί
2470 5555 2713 5626 ποιήσοι.
2747 5555 2884 5608 Κατ’
2909 5553 3044 5626 δναρ
3064 5552 3122 5606 δέ
3151 5553 3404 5623 φαίνεται
3432 5551 3608 5622 αὐτῷ,
3649 5550 3799 5605 διότι

1493 5716 1586 5776 Ex
1619 5711 1966 5776 collatione
2005 5711 2198 5775 codd.
2229 5712 2457 5774 Venet.
2501 5710 2563 5773 S.
2603 5709 2820 5772 Marci.

611 5859 691 5931 (1)
724 5859 858 5917 Cod.
894 5858 962 5919 29
991 5860 1156 5928 addit,
1193 5861 1285 5917 καὶ
1320 5861 1430 5927 τοῖς
1479 5861 1833 5932 συμϐαίνουσι
1886 5876 2090 5932 πειρασ

2198 5876 2235 5928 ς,
2269 5877 2286 5912 ι
2320 5868 2370 5915 et
2401 5855 2810 5929 superventuris
2841 5853 3248 5912 mutationibus.
3280 5871 3300 5908 ι
