4058 6470
338 342 442 408 157

1015 344 1463 408 ENARRATIO
1496 347 1580 409 IN
1619 345 2122 409 EVANGELIUM
2162 351 2548 414 MATTHAZI.
2587 378 2658 388 —
2695 351 2854 413 CAP.
2893 350 2947 412 Ι.

3493 349 3598 416 158

329 455 550 529 σςόδρα
581 443 772 520 πιστὸς
824 467 903 526 ην
963 456 1075 520 τοῖς
1105 457 1204 527 μὲν
1245 456 1355 527 γὰρ
1405 457 1629 527 ποιμέσι
1668 457 1918 529 φανερῶς

2025 470 2180 529 paret
2217 461 2290 526 ei,
2333 461 2473 530 quod
2525 460 2575 520 in
2610 460 2714 514 tide
2757 459 2984 519 multum
3019 466 3160 518 esset
3208 459 3414 520 firmus.
3463 461 3598 516 Nam

326 551 613 622 ὡμίλησεν
662 549 690 601 6
744 547 995 617 ἄγγελος,
1041 548 1118 613 ὡς
1167 547 1465 619 ἀγροίκοιςο
1495 547 1670 618 τούτῳ
1713 549 1789 612 δὲ,
1844 547 1919 608 ὡς

327 646 529 714 δικαίῳ
567 643 662 697 καὶ
696 641 893 713 πιστῷ,
925 641 1048 698 καθ’
1080 640 1250 694 ὕπνου
1271 657 1286 670 ·
1320 643 1438 704 πῶς
1478 627 1533 694 δὲ
1581 641 1681 694 οὐκ
1725 639 1918 712 ἔμελλε

330 736 654 799 πιστεῦσαι,
685 736 815 788 ὃταν
847 736 875 787 6
919 732 1150 802 ἄγγελος
1180 733 1459 787 ἐδίδασκεν
1493 734 1656 788 αὑτὸν
1685 735 1814 803 περὶ
1843 728 1919 788 ὧν

330 829 502 891 αὐτὸς
559 828 702 886 κατὰ
755 826 996 884 διάνοιαν
1049 821 1183 896 εἶχε,
1213 825 1306 878 καὶ
1339 827 1470 896 περὶ
1494 820 1569 880 ὧν
1613 828 1713 884 ούκ
1739 828 1919 893 ὲξεῖπέ

328 937 481 984 τινι;
525 917 957 986 Ἐνθυμηθέντος
1003 914 1113 986 γὰρ
1144 915 1332 980 αὑτοῦ,
1379 916 1494 970 ἀλλ’
1539 919 1639 971 οὐκ
1693 917 1920 990 ἐκλαλή-

332 1029 552 1077 σαντος,
603 1011 892 1078 ὲςςίσταται
957 1007 1106 1077 αύτῷ
1157 1009 1186 1060 6
1224 1009 1476 1077 ἄγγελος·
1531 1009 1760 1072 εἰκότως
1823 1006 1918 1062 οὖν

331 1104 658 1161 ἔπεστευσεν
697 1102 780 1161 ὅτι
810 1101 873 1154 ὲκ
895 1099 1032 1153 Θεοῦ
1064 1101 1202 1152 ἐστι·
1235 1099 1372 1153 Θεοῦ
1404 1102 1514 1172 γὰρ
1552 1102 1612 1154 τὸ
1644 1103 1712 1154 τὰ
1746 1101 1918 1174 ἀπόῤ-

332 1197 478 1266 ρητα
529 1193 752 1248 εἰδέναι.
789 1210 809 1243 ι
875 1191 1074 1261 Ἰωσὴφ
1122 1190 1237 1253 υἱὸς
1282 1191 1467 1244 Δαυῖδ.
1509 1209 1528 1242 ι
1587 1191 1715 1244 Υίὸν
1756 1189 1918 1244 Δαυῖδ

332 1284 492 1346 εἶπεν
513 1284 696 1350 αὑτὸν,
730 1283 1167 1354 ἀναμιμνήσκων
1195 1282 1380 1348 αὐτὸν,
1414 1283 1498 1340 ὃτι
1521 1285 1584 1336 ὲκ
1616 1283 1711 1343 τοῦ
1746 1285 1916 1354 σπέρ-

335 1397 513 1450 ματος
563 1376 729 1435 Δαυῒδ
783 1376 1196 1449 προεφητεύετο
1228 1377 1256 1428 6
1288 1376 1522 1446 Χριστὸς
1554 1375 1795 1432 ἔσεσθαι·
1824 1377 1918 1430 καὶ

329 1471 561 1528 τοιαῦτα
625 1469 821 1537 λέγων,
881 1468 986 1533 ὅτι,
1033 1466 1108 1538 μὴ
1163 1465 1406 1534 ἀπίστει,
1433 1465 1764 1538 ἐνθυμηθεὶς
1819 1467 1916 1520 τοῦ

328 1560 520 1624 Δαυῒδ,
546 1561 604 1625 ὃς
632 1559 960 1628 ἐπαγγελίαν
978 1557 1194 1624 ἐδέξατο
1222 1560 1352 1631 περὶ
1381 1559 1474 1613 τοῦ
1492 1559 1752 1630 Χριστοῦ.
1781 1578 1799 1611 ι
1825 1560 1916 1631 Μὴ

329 1651 577 1722 φοϐηθῇς
615 1650 978 1721 παραλαϐεῖν.
1025 1667 1044 1701 ›
1075 1648 1361 1705 Δείκνυσιν
1379 1651 1652 1715 ἐντεῦθεν,
1676 1652 1757 1705 ὃτι
1790 1654 1918 1722 ὲφοο

329 1743 484 1796 σεῖτο
513 1741 685 1814 αὐτὴν
717 1741 884 1812 ἔχειν,
919 1742 994 1810 μή
1035 1757 1152 1804 πως
1181 1743 1534 1815 προσκρούσῃ
1561 1743 1637 1813 τῷ
1672 1742 1810 1813 Θεῷ,
1839 1744 1915 1807 ὡς

2021 551 2242 622 angelus
2267 552 2479 620 quidem
2513 550 2846 619 pastoribus.
2872 559 2928 604 ut
2951 552 3282 618 agresnbns,
3311 550 3600 610 manifeste

2021 642 2234 698 loculus
2259 651 2344 699 est
2375 661 2388 698 :
2428 643 2553 700 huic
2579 651 2758 697 autem
2793 651 2851 695 nt
2879 641 3025 712 justo
3049 651 3103 697 et
3132 642 3298 706 iideli,
3331 657 3428 712 per
3454 658 3602 700 som-

2021 752 2169 790 num.
2219 734 2500 800 Quomodo
2529 741 2708 788 autem
2746 748 2855 786 non
2897 733 3204 789 crediturus
3255 742 3434 798 esset,
3473 751 3596 790 cum

2019 827 2242 897 angelus
2267 827 2484 880 doceret
2525 841 2646 880 eum
2682 827 2748 879 de
2782 825 2848 880 iis
2887 841 3006 894 quin
3042 826 3152 893 ipse
3193 828 3374 880 animo
3415 842 3601 882 versa-

2019 919 2142 984 bat,
2188 929 2242 973 et
2291 919 2356 972 de
2399 918 2626 986 iisquae
2674 916 2802 970 nulli
2846 915 3104 971 dixerat?
3142 915 3275 969 Nam
3319 934 3439 972 eum
3486 920 3602 988 ipse

2019 1012 2285 1081 cogitaret
2325 1019 2375 1064 et
2429 1024 2531 1062 non
2565 1009 2896 1079 loqueretur,
2932 1009 3100 1063 astitit
3137 1008 3380 1078 angelus.
3408 1008 3600 1065 Merito

2021 1103 2184 1172 igitur
2213 1101 2440 1156 credidit
2473 1116 2535 1155 ex
2571 1099 2679 1154 Deo
2713 1115 2852 1156 esse.
2891 1099 2981 1154 Dei
3017 1101 3160 1174 enim
3193 1113 3274 1155 est
3304 1102 3444 1155 seire
3477 1118 3599 1172 quae

2021 1211 2123 1248 non
2149 1193 2392 1250 et'famur.
2420 1213 2438 1246 ι
2470 1193 2668 1262 Joseph
2700 1194 2768 1247 tiii
2793 1194 2977 1249 David.
3014 1212 3032 1245 ι
3062 1193 3252 1250 Filium
3283 1194 3447 1248 David
3475 1211 3598 1250 eum

2019 1283 2175 1349 dixit,
2202 1283 2254 1338 in
2285 1284 2598 1338 memoriam
2631 1283 2893 1338 reducens
2925 1283 3066 1352 quod
3099 1299 3129 1354 p
3151 1286 3428 1339 ra'dictum
3459 1296 3599 1351 erat.

2018 1374 2257 1428 futurum
2292 1373 2566 1430 Christum
2595 1390 2660 1429 ex
2687 1374 2894 1430 semine
2919 1376 3110 1430 David.
3150 1377 3216 1430 Et
3244 1377 3358 1434 lucc
3387 1377 3594 1441 dicens,

2017 1466 2295 1520 admonuit
2329 1475 2388 1520 ut
2421 1481 2526 1520 non
2563 1467 2914 1533 discredcret,
2976 1466 3070 1523 sed
3104 1469 3364 1537 cogitaret
3409 1469 3599 1534 David,

2016 1557 2108 1630 qui
2137 1557 2550 1628 promissionem
2583 1568 2869 1628 acceperat
2889 1559 2954 1613 de
2979 1559 3219 1616 Christo.
3250 1579 3267 1616 ι
3299 1561 3378 1616 Ne
3409 1563 3602 1618 timeas

2017 1652 2284 1722 accipere.
2331 1669 2349 1702 ι
2379 1649 2626 1706 Ostendit
2652 1651 2736 1705 hic
2765 1651 2906 1721 quod
2943 1655 3196 1708 metuerit
3225 1653 3422 1708 habere
3452 1669 3598 1720 eam,

2020 1759 2085 1797 ne
2120 1740 2258 1796 forte
2282 1740 2576 1798 oﬂ‘enderet
2601 1741 2794 1804 Deum.
2821 1743 2897 1796 uti
2929 1742 3232 1798 adulteram
3269 1743 3478 1808 fovens,
3508 1754 3601 1798 aut

333 1835 623 1906 μοιχαλίδα
648 1835 807 1905 ἔχων.
844 1835 917 1888 Ἢ
948 1834 1042 1886 καὶ
1070 1833 1246 1898 άλλως
1267 1873 1283 1900 ,
1325 1835 1400 1907 μὴ
1443 1836 1712 1907 φοϐηθῇς,
1755 1855 1913 1890 τουτο

2021 1833 2194 1888 aliter.
2226 1832 2302 1888 Ne
2333 1833 2549 1899 timeas,
2578 1833 2679 1887 hoc
2711 1842 2815 1897 est,
2848 1843 2902 1886 tu
2935 1833 3150 1902 quidem
3185 1834 3342 1889 times
3373 1833 3593 1903 adjungi

329 1928 472 1992 ἐστι,
506 1928 571 1986 σὺ
600 1927 699 1996 μὲν
730 1925 868 1999 φοϐῇ
907 1925 1295 1997 προσάψασθαι
1320 1927 1517 1998 αὐτῆς,
1548 1927 1624 1990 ὡς
1651 1930 1715 1983 ὲκ
1739 1927 1912 1982 Πνεύ-

333 2036 510 2088 ματος
551 2019 708 2088 ἁγίου
758 2017 1146 2086 συλλαϐούσης*
1173 2017 1314 2071 ἁλλὰ
1345 2020 1422 2090 μὴ
1453 2018 1622 2089 φοϐοῦ
1654 2021 1908 2091 παραλα-

329 2113 471 2176 ϐεῖν,
514 2111 819 2176 τουτέστιν,
849 2111 996 2166 ἔνδον
1030 2112 1304 2182 κατέχειν·
1335 2115 1402 2184 τῇ
1437 2112 1543 2185 γὰρ
1567 2113 1779 2184 διανοίᾳ
1811 2111 1910 2167 καὶ

328 2208 400 2275 τῇ
430 2203 728 2274 ένθυμήσει
783 2203 882 2276 ἤδη
924 2204 1193 2258 ἀπέλυσεν
1233 2205 1428 2278 αὑτήν.
1484 2224 1503 2258 ι
1544 2206 1777 2277 Μαριὰμ
1818 2205 1916 2278 τὴν

327 2295 572 2362 γυναῖκα
599 2311 716 2350 σου.
757 2311 777 2345 ι
837 2293 1009 2348 Τοῦτο
1051 2293 1326 2363 λέγειὸτι,
1371 2295 1445 2348 Σὺ
1499 2295 1598 2366 μὲν
1652 2297 1782 2360 ἴσως
1831 2313 1917 2349 νο-

336 2384 516 2456 μίζεις
557 2386 642 2445 ὅτι
685 2385 933 2456 μοιχαλίς
988 2387 1161 2441 ἐστιν.
1207 2385 1351 2454 Ἐγὼ
1408 2387 1465 2441 δὲ
1519 2387 1665 2458 λέγω
1707 2405 1789 2444 σοι
1828 2389 1910 2442 ὅτι

330 2478 470 2546 γυνή
503 2477 598 2529 σού
633 2478 769 2532 ἐστι.
805 2477 1118 2542 Τουτέστιν,
1163 2479 1262 2550 ούχ
1315 2479 1420 2532 ὑπό
1451 2496 1596 2542 τινος
1623 2479 1913 2552 διεφθάρη,

332 2566 473 2620 ἁ).λὰ
496 2567 563 2638 σή
593 2569 709 2624 ἐστι
741 2567 975 2639 μνηστή.
1011 2586 1030 2619 ι
1067 2568 1140 2621 T6
1173 2570 1283 2640 γάρ
1327 2569 1385 2621 ὲν
1444 2569 1588 2640 αὐτῇ
1623 2570 1907 2640 γεννηθὲν,

333 2663 400 2714 ὲκ
428 2660 748 2732 ΙΙνεύματός
776 2662 924 2715 ἐστιν
963 2661 1142 2731 ἁγίου.
1181 2680 1200 2714 ι
1238 2662 1312 2714 Οὐ
1346 2661 1456 2738 γὰρ
1489 2663 1647 2732 μόνον
1667 2663 1916 2735 ἀπήλλα-

334 2771 461 2807 κται
505 2753 826 2824 παρανόμου
867 2751 1092 2824 μίξεως,
1126 2752 1262 2806 ἀλλὰ
1287 2753 1379 2806 καὶ
1423 2755 1564 2808 κατά
1601 2771 1722 2814 τινα
1777 2753 1917 2806 θειό-

332 2861 496 2915 τερον
529 2844 729 2916 τρόπον
767 2843 1083 2914 συνέλαϐεν,
1119 2844 1260 2899 ὥστε
1291 2845 1384 2899 καὶ
1415 2847 1573 2918 χαῖρε
1619 2846 1710 2900 διὰ
1754 2845 1916 2900 τοῦτο

338 2934 567 3005 μᾶλλον.

415 3045 434 3078 ι
470 3025 694 3091 Τέξεται
726 3025 783 3079 δὲ
815 3025 951 3082 υἱόν.
989 3045 1008 3078 ι
1044 3026 1163 3082 Ἵνα
1200 3028 1276 3099 μή
1301 3045 1385 3092 τις
1419 3027 1587 3092 εἴποι,
1627 3027 1724 3081 καὶ
1749 3027 1914 3082 πόθεν

2016 1925 2118 1991 illi,
2151 1925 2276 1996 quia
2307 1940 2372 1980 ex
2404 1923 2612 1995 Spiritu
2646 1934 2833 1979 saneto
2864 1925 3133 1995 concepit,
3172 1924 3267 1980 sed
3294 1941 3360 1980 ne
3401 1926 3598 1982 timeas

2017 2019 2287 2088 accipere,
2318 2017 2420 2072 hoc
2444 2025 2546 2082 est,
2582 2016 2723 2070 domi
2753 2026 2804 2072 et
2845 2017 2990 2071 intus
3023 2027 3230 2076 tenere.
3257 2015 3602 2086 Cogitatione

2016 2111 2159 2165 enim
2201 2119 2256 2164 et
2297 2120 2478 2164 mente
2518 2109 2630 2178 jam
2679 2109 3063 2164 amandaverat
3111 2124 3253 2165 eam.
3297 2128 3316 2160 ι
3375 2109 3600 2167 Marium

2017 2215 2242 2255 uxorem
2271 2209 2439 2265 tuam,
2472 2217 2490 2252 ι
2520 2199 2630 2254 lloc
2653 2200 2803 2256 dicit.
2829 2200 2907 2254 Tn
2933 2200 3148 2268 quidem
3178 2199 3412 2254 fortasse
3437 2212 3599 2268 putas

2018 2290 2322 2346 adulteram
2357 2304 2476 2345 esse
2509 2306 2521 2343 :
2555 2304 2655 2357 ego
2705 2299 2887 2344 autem
2937 2288 3027 2343 tibi
3067 2289 3226 2357 dico,
3279 2290 3421 2360 quod
3467 2305 3607 2346 uxor

2025 2390 2116 2442 tua
2154 2381 2227 2436 sit
2257 2400 2269 2436 :
2304 2381 2407 2438 hoc
2437 2391 2540 2444 est,
2578 2380 2720 2450 quod
2758 2395 2787 2434 a
2825 2379 2971 2435 nullo
3007 2381 3192 2437 vitiata
3217 2420 3231 2446 ,
3267 2383 3360 2436 sed
3399 2393 3488 2437 tua
3530 2383 3604 2438 sit

2018 2487 2217 2543 sponsa
2243 2491 2257 2527 :
2290 2491 2308 2525 ι
2340 2473 2491 2542 Quod
2521 2474 2663 2527 enim
2689 2473 2740 2527 in
2763 2487 2826 2527 ea
2851 2481 3057 2538 natum,
3080 2487 3145 2526 ex
3182 2472 3383 2540 Spiritu
3410 2483 3606 2528 sancto

2019 2576 2124 2623 est.
2165 2587 2184 2620 ι
2230 2565 2346 2620 Νοη
2388 2567 2534 2621 enim
2567 2566 2739 2620 solum
2783 2565 2951 2619 libera
2983 2572 3069 2620 est
3108 2565 3175 2619 2b
3212 2565 3401 2620 lilicito
3429 2565 3600 2631 coitu,

2018 2657 2109 2714 sed
2145 2667 2201 2712 et
2234 2657 2500 2712 diviniore
2531 2656 2766 2725 quodam
2832 2656 2993 2710 modo
3042 2657 3309 2725 concepit,
3360 2664 3416 2711 et
3444 2670 3603 2727 prop-

2025 2759 2179 2806 terea
2217 2748 2417 2804 rectius
2455 2747 2690 2817 gaudere
2719 2745 2912 2802 debes.

2089 3025 2255 3082 Vens.
2316 3025 2407 3083 2|.
2457 3045 2475 3078 ι
2516 3025 2698 3082 Pariet
2731 3034 2910 3080 autem
2961 3023 3151 3080 tilium.
3201 3044 3218 3078 ι
3261 3023 3330 3082 Ut
3377 3042 3444 3082 ne
3481 3029 3606 3098 quis

340 3133 424 3169 σοι
485 3115 782 3182 πιστεύσω,
813 3118 896 3171 ὅτι
950 3118 1014 3170 ὲκ
1062 3119 1379 3190 Πνεύματός
1431 3122 1548 3174 ἐστι
1576 3137 1590 3187 ;
1621 3121 1761 3192 Φησὶ
1789 3122 1916 3191 περὶ

2022 3117 2188 3184 dicat,
2229 3127 2281 3172 et
2322 3117 2464 3172 unde
2504 3117 2596 3172 tibi
2627 3117 2846 3172 credam
2880 3118 3022 3188 quod
3067 3132 3133 3172 ex
3169 3115 3373 3186 Spiritu
3409 3130 3603 3176 sancto

339 3208 432 3262 τοῦ
459 3207 763 3279 μέλλοντος,
795 3209 876 3262 ὅτι
902 3208 1112 3277 τέξεται
1137 3209 1274 3264 υίόν.
1311 3211 1374 3265 Εἰ
1410 3211 1518 3282 γὰρ
1552 3211 1680 3284 περὶ
1720 3211 1914 3266 τούτου

2021 3214 2145 3269 est?
2191 3211 2322 3267 dicit
2353 3211 2417 3267 de
2450 3209 2630 3268 futuro
2671 3211 2813 3282 quod
2839 3212 3080 3283 paritura
3106 3213 3178 3266 sit
3205 3211 3423 3268 Filium.
3460 3214 3594 3268 Nam

340 3299 650 3372 ἀληθεύσω,
687 3297 908 3371 εὔδηλον
933 3300 1018 3354 ὅτι
1048 3302 1142 3354 καὶ
1177 3302 1260 3369 :6,
1287 3303 1352 3355 ὲκ
1390 3303 1707 3374 Πνεύματος
1735 3303 1915 3373 ἁγίου,

347 3391 549 3462 ἀληθές
583 3395 751 3446 ἐστιν⁸
782 3393 884 3446 οὐκ
924 3388 1044 3446 εἷπε
1073 3393 1150 3458 δὲ,
1173 3393 1389 3460 τέξεταί
1422 3412 1526 3462 σοι,
1558 3394 1674 3447 ἁλλ’
1705 3394 1916 3462 ἁπλῶς,

339 3485 574 3550 τέξεταν
615 3484 674 3537 06
709 3484 818 3556 γάρ
852 3484 1042 3556 ἐκείνῳ
1087 3485 1321 3554 ἔτικτεν,
1357 3485 1492 3540 ἀλλὰ
1521 3488 1586 3558 τῇ
1616 3487 1919 3560 οἰκουμένῃ

340 3576 512 3646 πάσῃ·
552 3573 673 3628 οὐδὲ
720 3575 800 3638 εἰς
836 3575 1045 3629 ἐκεῖνον
1087 3577 1248 3648 μόνον
1294 3578 1329 3648 ή
1373 3577 1535 3648 χάρις
1579 3579 1916 3650 περιΐστατο,

339 3667 456 3724 ἀλλ’
491 3669 571 3732 εἰς
597 3667 808 3732 πάντας
847 3667 1107 3738 ἐξεχεῖτο.
1141 3688 1161 3719 ι
1211 3669 1323 3722 Καὶ
1367 3669 1620 3734 καλέσεις
1656 3669 1716 3723 :6
1745 3670 1918 3740 ὄνομα

341 3759 530 3824 αὐτοῦ,
575 3757 799 3830 Ἰησοῦν.
829 3777 847 3811 ι
884 3759 955 3812 Σὺ
991 3757 1268 3824 καλέσεις,
1309 3759 1384 3823 ὡς
1415 3759 1572 3830 δῆθεν
1598 3761 1799 3830 πατὴρ,
1825 3763 1920 3814 καὶ

340 3854 419 3917 ὡς
463 3850 719 3923 κηδεμὼν
774 3852 892 3924 τῆς,
927 3852 1227 3923 Παρθένου·
1279 3851 1354 3923 μὴ
1384 3853 1519 3921 γὰρ
1569 3851 1918 3923 ὑπολάμϐανε

354 3944 572 4015 Ἰωσὴφ,
603 3945 685 3997 ὅτι
730 3945 852 3996 ἐπεὶ
887 3944 998 3998 ἁπδ
1046 3942 1361 4013 Πνεύματός
1394 3945 1542 3998 ἐστιν
1573 3944 1606 4014 ἡ
1636 3941 1918 4013 σύλληψις,

345 4036 583 4105 ὰςήσεις
613 4034 711 4106 τὴν
736 4034 1012 4106 Παρθένον
1033 4033 1358 4104 ἁὸοήθητον.
1377 4031 1518 4086 Ἀλλ’
1545 4034 1919 4105 ὑπουργήσεις

341 4128 403 4179 ἠν
434 4127 661 4180 ἅπασιν.
702 4143 721 4176 ι
753 4125 926 4188 Αὐτὸς
955 4123 1065 4195 γάρ
1115 4123 1281 4177 σώσει
1322 4123 1416 4176 τὸν
1465 4123 1591 4176 λαὸν
1620 4123 1784 4176 αὐτοῦ
1813 4123 1921 4176 ἀπὸ

338 4218 450 4276 τῶν
485 4219 771 4289 ἁμαρτιῶν
831 4218 1037 4271 αὐτῶν.
1097 4235 1117 4269 ι
1157 4215 1424 4270 Ἑνταῦοα
1487 4213 1780 4286 ἑρμηνεύει
1809 4256 1823 4280 ,
1861 4213 1922 4268 :6

354 4310 564 4374 Ἰησοῦς
623 4310 677 4363 τί
728 4310 900 4382 δηλοῖ,
948 4310 1030 4363 ὅτι
1069 4310 1282 4382 Σωτήρ.
1343 4308 1515 4372 Αὐτὸς
1567 4309 1696 4380 γὰρ,
1763 4309 1946 4380 φησὶ,-

343 4403 511 4458 σὼσει
536 4403 630 4457 τὸν
654 4403 782 4459 λαὸν
816 4402 978 4458 αὐτοῦ
1009 4419 1023 4434 ο
1046 4402 1107 4456 06
1144 4402 1304 4472 μόνον
1325 4401 1417 4454 τὸν
1439 4400 1752 4467 Ἰουδαϊκὸν,
1783 4399 1922 4455 ἁλλὰ

2018 3305 2065 3359 si
2107 3306 2171 3358 de
2203 3305 2305 3358 hoc
2343 3319 2532 3362 verum
2583 3304 2771 3359 dixero
2796 3341 2812 3368 ,
2847 3302 3197 3358 manifestum
3240 3313 3322 3358 est
3357 3305 3500 3374 quod
3549 3313 3606 3358 et

2018 3398 2142 3461 hoc,
2174 3396 2316 3466 quod
2346 3411 2410 3450 ex
2443 3393 2648 3464 Spiritu
2683 3403 2873 3451 sancto
2897 3433 2911 3457 ,
2948 3409 3136 3448 verum
3178 3405 3277 3449 est.
3318 3394 3432 3448 Non
3465 3397 3604 3449 dixit

2019 3498 2233 3555 autem,
2280 3489 2457 3559 pariet
2509 3488 2644 3553 tibi,
2690 3487 2784 3542 sed
2833 3485 3187 3556 simpliciter,
3238 3488 3434 3556 pariet.
3483 3487 3604 3542 Non

2018 3583 2163 3640 enim
2196 3582 2408 3651 peperit
2444 3581 2539 3644 illi,
2572 3580 2669 3636 sed
2700 3581 2794 3634 toti
2826 3579 2942 3634 orbi
2978 3597 2990 3633 :
3030 3593 3204 3648 neque
3232 3579 3305 3632 illi
3335 3579 3437 3634 soli
3472 3597 3600 3649 gra-

2020 3675 2093 3731 tia
2136 3674 2274 3730 facta
2308 3682 2412 3738 est,
2443 3673 2534 3730 sed
2572 3673 2624 3726 in
2654 3687 2846 3727 omnes
2875 3671 3044 3726 etfusa
3077 3681 3183 3726 est.
3223 3690 3241 3722 ι
3281 3672 3348 3726 Ει
3381 3674 3600 3728 vocabis

2019 3781 2216 3826 nomen
2263 3766 2381 3836 ejus
2403 3805 2418 3831 ,
2451 3765 2657 3821 Jesum.
2700 3783 2719 3819 ›
2761 3763 2842 3822 Τιι
2866 3765 3108 3829 vocabis,
3139 3771 3321 3834 utpote
3352 3757 3525 3834 pater,
3549 3776 3604 3819 et

2022 3871 2206 3910 curam
2255 3869 2449 3925 gerens
2489 3853 2770 3925 Virginis,
2830 3869 3003 3924 neque
3058 3855 3356 3921 suspiceris
3402 3853 3598 3922 Juseph

2019 3947 2159 4018 quod
2199 3946 2322 4016 quia
2359 3961 2387 3998 a
2426 3944 2632 4014 Spiritu
2677 3954 2758 3999 est
2796 3948 3100 4012 c0nceptio,
3159 3944 3434 4014 Virginem
3481 3947 3602 3999 ideo

2021 4039 2296 4094 dimittere
2319 4037 2518 4093 debeas
2541 4033 2807 4101 adjutorio
2837 4035 3174 4100 destitutam,
3208 4037 3300 4088 sed
3328 4035 3603 4090 ministra-

2020 4136 2103 4191 bis
2131 4135 2180 4190 ei
2209 4134 2262 4194 in
2289 4131 2562 4190 omnibus.
2594 4149 2612 4185 ι
2642 4131 2692 4186 [s
2722 4132 2864 4186 enim
2892 4131 3122 4187 Salvabit
3158 4129 3412 4202 populum
3440 4145 3598 4184 suum

2023 4243 2055 4282 a
2083 4225 2324 4298 peccatis
2349 4226 2483 4282 suis.
2515 4242 2533 4276 ι
2568 4222 2682 4279 Hoc
2717 4224 2831 4279 loco
2858 4223 3248 4292 interpretatur
3279 4223 3404 4291 quid
3435 4223 3602 4291 signi-

2022 4321 2146 4378 ﬁcet
2168 4320 2340 4382 Jesus.
2373 4335 2563 4389 nempe
2596 4319 2954 4374 Salvatorem.
2986 4316 3104 4388 Ipse
3128 4318 3296 4378 enim,
3326 4317 3523 4385 inquii,
3546 4317 3602 4386 9

2024 4415 2254 4472 salvabit
2290 4414 2545 4484 populum
2575 4427 2727 4466 suum
2764 4429 2776 4462 :
2816 4424 2922 4464 non
2960 4411 3132 4462 solum
3163 4409 3470 4472 Judaicum,
3508 4413 3604 4463 sed

341 4497 440 4550 καὶ
495 4495 589 4548 τὸν
637 4494 868 4558 ὲθνικδν,
919 4493 1010 4547 τὸν
1055 4491 1439 4546 σπουδάσαντα
1481 4490 1772 4544 πιστεῦσαι
1825 4491 1918 4548 καὶ

2025 4516 2080 4564 et
2112 4505 2376 4563 Gentilem
2400 4547 2414 4576 ,
2455 4505 2546 4576 qni
2583 4503 2810 4558 credere
2843 4511 2898 4557 et
2926 4501 3040 4556 ﬁeri
3084 4502 3312 4571 populus
3343 4502 3462 4571 ejus
3499 4517 3602 4555 non

343 4586 598 4658 γενέσθαι
643 4587 775 4640 λαὸν
833 4582 1020 4640 αὐτοῦ.
1079 4583 1247 4637 Πόθεν
1296 4583 1354 4636 δὲ
1380 4582 1580 4650 σώσεις
1623 4577 1769 4655 *Δρα
1815 4580 1923 4636 ἀπὸ

343 4679 638 4750 πολέμων;
674 4679 831 4748 Οὐχὶ,
891 4677 1029 4732 άλλὰ
1079 4676 1188 4731 ἀπὸ
1240 4673 1348 4728 τῶν
1398 4675 1682 4747 ἁμαρτιῶν
1722 4673 1918 4728 αὐτῶν·

341 4774 466 4830 ὅθεν
501 4772 659 4843 δῆλον
692 4773 775 4826 ὅτι
800 4771 935 4835 Θεός
957 4771 1103 4822 ἐστιν
1129 4771 1157 4822 ὁ
1180 4768 1600 4842 τεχθησόμενος,
1633 4767 1770 4820 θεοῦ
1815 4766 1922 4838 γὰρ

346 4867 514 4942 μόνου
546 4864 610 4922 :6
639 4865 945 4934 συγχωρεῖν
977 4861 1274 4934 ἁμαρτίας.

425 4978 443 5014 ι
480 4959 652 5015 Τοῦτο
673 4959 730 5015 δὲ
759 4958 879 5012 ὅλον
905 4959 1154 5027 γέγονεν,
1209 4955 1296 5010 ἴνα
1333 4953 1597 5026 πληρωθῇ
1645 4952 1707 5006 :6
1760 4951 1924 5026 ῥηθὲν

343 5053 454 5108 ὑπὸ
469 5053 564 5106 τοῦ
593 5055 798 5124 Κυρίου
829 5051 917 5108 διὰ
949 5050 1044 5106 τοῦ
1075 5051 1382 5122 προφήτου,
1421 5050 1672 5118 λέγοντος
1695 5065 1709 5081 ⁶
1753 5068 1772 5104 ι
1829 5050 1926 5118 Μὴ

343 5149 573 5221 νομίσῃς
596 5149 680 5203 ὅτι
707 5147 900 5200 νεωστὶ
928 5145 1102 5201 ταῦτα
1127 5145 1270 5210 ἔδοξε
1287 5145 1365 5218 τῷ
1387 5145 1526 5217 Θεῷ,
1553 5144 1688 5199 άλλὰ
1717 5143 1923 5200 ἄνωθεν

345 5241 442 5292 καὶ
474 5238 536 5304 ἐξ
562 5240 758 5310 ἀρχῆς.
788 5234 946 5302 Οἶδας
975 5237 1104 5308 γὰρ,
1137 5234 1182 5290 ὦ
1209 5237 1428 5308 Ἰωσὴφ,
1455 5238 1581 5302 τοὺς
1614 5238 1918 5310 προφήτας,

343 5328 422 5392 ὡς
454 5330 793 5400 νομομαθής.
825 5330 942 5391 Καὶ,
981 5329 1318 5400 ἐνθυμήθητι
1370 5327 1433 5381 :6
1475 5329 1638 5401 ῥηθὲν
1673 5329 1780 5382 61:6
1827 5329 1919 5382 :06

347 5421 586 5491 Κυρίου’
623 5422 723 5474 οὐκ
747 5417 870 5475 εἷπε
911 5421 973 5474 :6
1025 5420 1188 5491 ῥηθὲν
1221 5413 1328 5474 61:6
1375 5418 1622 5485 Ἡσαΐου,
1655 5418 1771 5473 ἁλλ’
1819 5420 1923 5473 61:6

339 5511 440 5566 τοῦ
472 5513 702 5584 Κυρίου.
733 5513 809 5567 Οὐ
835 5513 942 5586 γὰρ
965 5513 1252 5584 ἄνθρωπος
1285 5512 1567 5584 ἐλάλησεν.
1601 5514 1716 5569 ἁλλ’
1742 5516 1769 5569 6
1788 5514 1921 5579 Θεὸς

344 5602 433 5656 διὰ
462 5604 729 5677 στόματος
750 5607 845 5660 :06
871 5605 1162 5679 ἀνθρώπου
1183 5622 1196 5636 ο
1226 5598 1365 5660 ὥστε
1392 5605 1705 5673 ἀξιόπιστος
1725 5608 1754 5661 ὁ
1784 5626 1920 5680 χρη·

350 5695 507 5764 σμός.

429 5807 449 5842 ι
495 5791 630 5845 Ἰδοὺ
662 5792 696 5864 ἡ
734 5789 1006 5864 Παρθένος
1051 5793 1110 5847 έν
1162 5795 1362 5867 γαστρὶ
1403 5795 1534 5864 ἕξει.
1576 5812 1595 5848 ι
1659 5794 1826 5849 Φασὶν
1875 5794 1923 5848 0i

2024 4599 2442 4655 addubitaverit.
2484 4597 2767 4665 Quomodo
2813 4606 2995 4650 autem
3046 4595 3317 4649 salvabit?
3367 4611 3493 4652 mnu
3538 4595 3606 4648 ab

2027 4690 2310 4748 hostibus?
2345 4689 2589 4754 minime,
2615 4687 2709 4743 sed
2737 4702 2765 4742 a
2796 4686 3031 4756 peccatis
3061 4687 3174 4741 suis
3207 4703 3221 4741 :
3259 4688 3398 4740 unde
3429 4687 3608 4740 mani-

2024 4782 2246 4847 festum,
2282 4778 2449 4834 Deum
2491 4792 2611 4832 esse
2656 4779 2748 4848 qui
2798 4788 3075 4833 nascetur.
3127 4775 3308 4832 Solius
3340 4778 3482 4831 enim
3511 4758 3610 4831 Dei

2025 4883 2109 4931 est
2143 4873 2454 4928 condonare
2481 4881 2724 4944 peccata.

2098 4965 2380 5023 Vans.22.
2421 4984 2440 5019 ι
2510 4963 2622 5020 lloc
2676 4973 2854 5018 autem
2910 4973 3078 5019 totum
3130 4961 3334 5016 factum
3383 4969 3497 5024 est,
3548 4968 3608 5014 ut

2027 5059 2384 5127 adimpleatur
2413 5056 2556 5128 quod
2581 5055 2787 5112 dictum
2819 5065 2901 5110 est
2925 5071 2954 5108 a
2988 5054 3215 5109 Domino
3248 5068 3343 5121 per
3370 5051 3618 5121 prophe-

2029 5165 2160 5219 tam,
2193 5152 2482 5214 dicentem,
2537 5168 2555 5201 ι
2593 5148 2672 5204 Ne
2709 5159 2901 5217 putes,
2946 5146 3088 5216 quod
3125 5161 3297 5214 nuper
3338 5146 3450 5200 haec
3487 5145 3604 5215 pla-

2027 5259 2151 5302 cere
2184 5243 2508 5314 incmperint
2549 5241 2692 5304 Deo,
2725 5239 2820 5294 sed
2855 5238 3228 5308 superioribus
3260 5237 3473 5293 saeculis
3495 5278 3510 5300 ,
3551 5249 3613 5294 et

2027 5340 2094 5392 ab
2127 5337 2306 5392 initio.
2347 5335 2468 5391 Seis
2503 5334 2676 5397 ollim,
2708 5347 2741 5387 ο
2770 5330 3006 5402 Ioseph,
3044 5331 3379 5403 pr0phetas:
3419 5341 3617 5400 utpote-

2028 5429 2083 5484 in
2113 5431 2230 5504 lege
2270 5429 2482 5484 doctus.
2517 5425 2580 5482 Et
2617 5425 2990 5480 animadverte
3036 5424 3178 5494 quod
3224 5425 3424 5478 dictum
3455 5438 3538 5480 est
3573 5439 3610 5478 ο

2030 5521 2280 5577 Domino.
2325 5516 2442 5572 Non
2485 5525 2663 5570 autem
2697 5517 2871 5580 dixit,
2899 5515 3106 5572 dictum
3133 5517 3200 5572 ab
3231 5515 3367 5571 Isaia
3396 5558 3410 5583 ,
3447 5517 3539 5570 sed
3572 5532 3610 5569 ιι

2031 5612 2276 5668 Domino.
2311 5610 2428 5666 Non
2459 5609 2603 5664 enim
2634 5609 2799 5665 homo
2822 5610 3036 5667 locutus
3067 5619 3172 5675 est,
3208 5611 3302 5666 sed
3337 5609 3476 5666 Deus
3507 5623 3610 5678 per

2029 5719 2090 5761 os
2123 5701 2356 5757 hominis
2385 5717 2400 5757 ε
2434 5699 2576 5757 unde
2605 5699 2708 5756 [ide
2739 5701 2960 5772 dignum
2989 5699 3268 5757 oraculum
3293 5708 3400 5754 est.

2101 5792 2265 5850 Vens.
2296 5791 2386 5850 ‘25.
2423 5809 2441 5844 ι
2470 5790 2605 5850 Ecce
2631 5789 2795 5862 Virgo
2825 5789 2876 5846 in
2907 5797 3060 5847 utero
3086 5787 3325 5846 habebit.
3347 5806 3367 5840 ι
3409 5787 3611 5844 Dicunt:
