4058 6470
434 393 540 462 159

1322 395 1905 459 THEOPHYLACTI
1944 396 2359 459 BULGARIE
2394 396 2760 460 ARCHIEP.

3599 389 3707 450 160

433 502 668 570 Hebmi,
718 502 859 572 quod
885 516 993 559 non
1036 500 1309 558 habeatur
1361 502 1415 558 in
1476 505 1775 574 propheta,
1820 501 2010 576 Virgo,

2128 504 2391 577 Ἑϐραῖοι,
2436 502 2603 559 ὅτιού
2640 504 2817 557 κεῖται
2851 501 2910 555 έν
2955 500 3033 573 τῷ
3076 500 3358 573 προφήτῃ,
3409 496 3704 569 παρθένος,

434 590 530 648 sed
583 590 1006 648 adolescentula.
1062 591 1144 647 Ad
1204 590 1346 662 quod
1401 591 1694 649 dicendum
1752 593 1897 665 quod
1958 596 2015 648 in

434 681 715 753 Scriptura
752 680 894 738 idem
941 683 1014 739 sit
1054 682 1459 739 adolescentula
1508 693 1564 741 et
1609 686 1781 756 virgo.
1823 685 2017 742 Adole—

432 774 732 831 scentulam
768 776 916 829 enim
951 775 1196 830 nominat
1226 776 1619 846 incorruptam,
1655 777 1869 846 deinde,
1914 778 2015 835 nisi

434 867 734 938 peperisset
761 863 927 938 Virgo
959 884 974 921 :
1007 869 1275 937 quomodo
1305 867 1543 925 futurum
1574 879 1693 926 erat
1722 871 1933 942 signum
1964 879 2021 927 ct

434 959 789 1014 admirabile?
819 960 955 1015 Audi
988 961 1133 1016 enim
1163 960 1356 1016 lsaiam
1387 964 1695 1019 dicentem:
1740 982 1759 1016 ι
1791 964 2019 1035 Propter

437 1052 541 1106 hoc
579 1052 731 1106 dabit
763 1051 1021 1107 Dominus
1057 1053 1175 1125 ipse
1208 1055 1362 1110 vobis
1396 1055 1636 1125 signum.
1673 1074 1693 1109 ι
1732 1056 1798 1112 Et
1832 1059 2016 1113 statim

437 1143 619 1210 addit,
662 1162 682 1197 ι
718 1142 859 1200 Ecce
901 1145 1090 1212 Virgo,
1134 1164 1153 1198 ι
1190 1157 1296 1203 etc.
1326 1147 1537 1219 Alioqui
1573 1150 1618 1204 si
1652 1165 1760 1206 non
1804 1158 2019 1219 pareret

443 1233 641 1306 Virgo,
685 1236 898 1307 signum
932 1253 1037 1293 non
1069 1248 1237 1294 esset.
1270 1240 1580 1311 Depravant
1612 1241 1778 1312 igitur
1801 1243 2017 1299 Hebraei

437 1340 533 1381 sua
570 1324 774 1380 malitia
810 1326 1180 1397 Scripturam,
1212 1339 1268 1385 et
1299 1345 1397 1403 pro
1430 1330 1674 1403 Virgine,
1706 1331 2019 1389 adolescen-

437 1418 603 1473 tulam
654 1429 883 1488 ponunt.
929 1421 1100 1493 igitur
1147 1423 1263 1480 sive
1312 1425 1714 1482 adolescentula
1770 1438 2014 1494 voretur,

438 1509 554 1565 sive
587 1508 767 1581 Virgo,
795 1513 1018 1567 omnino
1039 1513 1319 1584 Virginem
1345 1516 1643 1588 intelligere
1665 1528 1877 1589 oportet
1897 1535 2017 1574 eam

439 1616 561 1671 quae
600 1603 842 1673 paritura
873 1617 1039 1672 esset,
1076 1616 1135 1661 ut
1167 1615 1221 1661 et
1259 1608 1363 1663 hoc
1392 1607 1464 1663 sit
1500 1609 1843 1665 miraculum.
1891 1627 1911 1663 ι
1952 1609 2018 1664 Et

440 1694 614 1763 pariet
656 1694 824 1749 illium
849 1736 865 1763 ,
912 1705 968 1752 ct
992 1697 1274 1761 {vocabunt
1308 1714 1502 1754 nomen
1532 1700 1648 1772 ejus
1674 1701 2015 1768 Emmanuel,

440 1785 582 1854 quod
626 1785 1038 1859 interpretatur,
1064 1789 1379 1859 ‘Nobiscum
1427 1790 1588 1849 Deus.
1630 1812 1649 1846 ι
1678 1795 1872 1850 Dicunt
1916 1796 2017 1852 He-

438 1874 593 1941 bta’i,
624 1875 905 1943 Quomodo
949 1882 1113 1951 igitur
1158 1899 1264 1939 non
1297 1898 1525 1943 vocatus
1558 1897 1641 1942 est
1678 1887 2017 1955 Emmanuel,

438 1969 533 2023 sed
580 1967 740 2026 Jesus
789 1972 1092 2029 Christus?
1143 1976 1437 2031 Dicendum
1488 1980 1671 2050 itaque
1716 1980 1859 2050 quod
1914 1997 2020 2036 non

440 2061 579 2116 dixit
607 2060 864 2130 Vocabis,
897 2067 993 2121 sed
1027 2064 1327 2133 Vocabunt,
1366 2069 1420 2125 id
1445 2079 1546 2138 est,
1577 2086 1744 2142 opera
1777 2071 1895 2142 ejus
1927 2076 2021 2129 de-

441 2156 828 2210 monstrabunt
861 2172 985 2212 eum
1018 2158 1187 2215 Deum
1211 2176 1357 2227 esse,
1392 2172 1447 2217 et
1480 2164 1760 2220 nobiscum
1793 2181 2022 2222 conver-

442 2245 572 2299 sari.
621 2245 811 2300 Divina
857 2248 1001 2302 enim
1057 2249 1345 2322 Scriptura
1386 2268 1454 2308 ex
1499 2255 1754 2324 operibus
1796 2255 2025 2324 imponit

445 2333 684 2398 nomina,
713 2336 856 2390 sicut
886 2352 1007 2392 cum
1035 2338 1165 2393 dicit
1195 2356 1210 2393 :
1248 2340 1389 2397 Voca
1418 2358 1612 2398 nomen
1639 2345 1778 2415 ejus,
1815 2343 2027 2402 Veloci-

361 2434 385 2455 '
448 2435 529 2480 ter
565 2427 828 2496 prmtlare.
862 2426 926 2482 Et
964 2428 1053 2483 ubi
1088 2442 1312 2487 vocatus
1358 2441 1441 2488 est
1477 2436 1600 2504 quis
1643 2437 1732 2491 tali
1767 2439 2026 2494 nOtnine?

448 2516 584 2582 Quia
617 2518 780 2573 simul
811 2529 870 2574 ut
896 2530 1056 2575 natus
1076 2532 1162 2577 est
1190 2521 1477 2592 Dominus,
1506 2527 1748 2596 direptus
1773 2539 1829 2584 et
1858 2529 2029 2599 capti-

446 2624 547 2666 vus
585 2609 847 2666 adductus
877 2622 962 2668 est
995 2626 1172 2679 error,
1216 2615 1295 2669 sic
1327 2617 1529 2673 dicitur
1563 2620 1872 2676 nominatus
1903 2637 2027 2679 esse

445 2702 861 2773 appellationem
894 2702 963 2759 ab
987 2718 1152 2775 Opere
1191 2717 1410 2763 nactus.

516 2878 683 2935 Vens.
724 2877 815 2934 94.
855 2897 876 2932 ι
929 2879 1213 2936 Excitatus
1252 2892 1431 2939 autem
1474 2882 1679 2957 Joseph
1730 2902 1759 2941 a
1810 2902 2025 2954 somno,

448 2965 575 3021 fecit
602 2979 662 3022 ut
694 2967 1004 3036 iniunxerat
1029 2970 1133 3024 sibi
1161 2970 1404 3041 Angelus
1436 2972 1671 3031 Domini.
1702 2995 1722 3029 ι
1757 2976 1887 3031 Vide
1910 2978 2030 3033 ani-

447 3074 597 3113 mum
638 3059 895 3124 alacrem,
924 3063 1199 3129 quomodo
1231 3065 1413 3121 statim
1447 3067 1735 3127 obedierit.
1781 3089 1801 3124 ι
1844 3070 1910 3126 Ει
1942 3087 2030 3129 ac-

2117 598 2276 663 aut,
2300 599 2514 662 νεᾶνιςο
2544 595 2683 669 πρὸς
2713 593 2808 660 οὓς
2832 593 3057 649 λεκτέον
3087 593 3169 649 ὅτι
3201 592 3262 647 τδ
3286 593 3470 655 νεᾶνις
3503 590 3601 645 καὶ
3642 589 3708 643 τὸ

2119 689 2394 762 παρθένος
2434 690 2629 744 ταυτόν
2660 691 2777 742 ἐστι
2809 686 2961 755 παρὰ
2992 688 3059 758 τῇ
3087 685 3282 758 Γραφῇ
3313 700 3328 716 ’
3353 683 3572 738 νεάνιδα
3596 681 3709 755 γὰρ

2118 780 2375 851 ὀνομάζει
2397 774 2494 853 τὴν
2518 779 2881 850 ἀδιάφθορον*
2915 777 3130 842 ἔπειτα,
3166 777 3216 830 εί
3265 775 3341 848 μὴ
3374 774 3528 829 ἔτεκε
3565 790 3713 844 παρ-

2120 869 2294 935 θένος,
2325 868 2444 933 πῶς
2473 867 2699 940 ἔμελλεν
2741 860 2881 923 εἶναι
2928 866 3154 938 σημεῖον
3198 863 3296 918 καὶ
3350 859 3707 933 παράδοξονς

2124 962 2321 1015 ’Δκουε
2360 960 2468 1030 γὰρ
2500 959 2595 1014 τοῦ
2635 959 2858 1014 Ἡσαΐου
2910 958 3161 1026 λέγοντος
3184 972 3202 988 ο
3243 974 3263 1008 t
3290 954 3392 1008 Διά
3417 951 3578 1008 τοῦτο
3601 950 3710 1004 δὼ-

2123 1070 2205 1108 σει
2235 1053 2440 1126 Κύριος
2472 1052 2633 1118 αὐτὸς
2657 1052 2786 1124 ὑμῖν
2810 1051 3064 1124 σημεῖον·
3101 1069 3122 1102 ι
3160 1049 3254 1102 καὶ
3282 1046 3445 1111 εὐθὺς
3467 1045 3713 1113 ἐπάγον-

2120 1162 2211 1210 τος
2235 1161 2250 1176 ⁶
2292 1164 2312 1198 ι
2345 1143 2476 1199 ’ἰδοὺ
2500 1145 2534 1215 ἠ
2572 1142 2872 1216 Παρθένος,
2911 1160 2930 1195 ι
2973 1140 3068 1196 καὶ
3092 1139 3163 1195 τά
3189 1139 3312 1211 ἑξῆς
3330 1153 3351 1169 '
3379 1136 3523 1192 ὥστε
3551 1136 3600 1188 εί
3631 1134 3709 1206 μὴ

2122 1236 2314 1308 ἔμελλε
2342 1236 2612 1306 παρθένος
2640 1236 2842 1300 τεκεῖν,
2870 1234 2971 1289 οὒκ
2996 1233 3062 1287 ἂν
3114 1233 3343 1303 σημεῖον
3392 1225 3480 1301 ἦν.
3512 1229 3709 1298 Παρα·

2122 1326 2485 1398 χαράττουσιν
2536 1322 2630 1379 οὖν
2668 1325 2719 1377 oi
2786 1322 3030 1396 Ἑϐραῖοι
3081 1317 3557 1382 έθελοκακοῦντες,
3604 1316 3712 1385 τὴν

2123 1420 2368 1491 Γραφήν,
2410 1417 2507 1472 καὶ
2557 1415 2680 1472 ἀντὶ
2708 1416 2804 1471 τοῦ
2852 1415 3147 1487 παρθένος,
3182 1414 3372 1475 νεᾶνις
3427 1410 3709 1465 τιθέασιν·

2123 1515 2231 1568 εἴτε
2255 1513 2311 1568 δὲ
2343 1514 2521 1577 νεᾶνις
2551 1514 2745 1579 κεῖται,
2800 1511 2911 1566 εἴτε
2944 1509 3208 1581 παρθένος
3229 1548 3244 1573 ,
3290 1507 3511 1571 πάντως
3562 1521 3635 1558 ππ
3648 1520 3710 1573 ρ·

2124 1606 2277 1662 θένον
2299 1605 2381 1659 δεῖ
2406 1604 2668 1676 νοηθῆναι
2698 1604 2797 1676 τὴν
2829 1603 3126 1674 μέλλουσαν
3154 1602 3355 1666 τεκεῖν,
3389 1600 3479 1653 ἵνα
3523 1598 3589 1668 δὴ
3614 1597 3713 1651 καὶ

2122 1699 2405 1770 τεράστιον
2434 1698 2520 1768 εἴη
2541 1696 2721 1751 τοῦτο.
2753 1694 2893 1750 «Καὶ
2912 1694 3124 1762 τέξεται
3148 1691 3282 1758 υἱὸν,
3299 1690 3394 1746 καὶ
3415 1687 3710 1743 καλέσουσι

2122 1790 2385 1862 ἰδ’δνομα
2426 1787 2591 1844 αὐτοῦ
2630 1787 3001 1859 Ἐμμανουὴλ,
3031 1787 3059 1841 δ
3086 1788 3200 1840 ἐστι
3229 1780 3713 1854 μεθερμηνευόμε-

2055 1848 2093 1903 B
2122 1899 2233 1942 νον,
2253 1848 2389 1935 Μεθ’
2410 1879 2567 1951 ἡμῶν
2590 1880 2619 1934 ὁ
2838 1848 3004 1933 Φασὶν
3046 1876 3097 1930 oi
3140 1848 3422 1946 Ἐέραϊοιί
3462 1848 3586 1934 DG);
3614 1848 3712 1922 οὖν

2123 1973 2223 2045 οὐκ
2250 1969 2835 2043 ὲκλήθηἙμμανουηλ,
2865 1969 3002 2024 ἀλλὰ
3036 1965 3246 2040 Ἰησοῦς
3277 1963 3550 2035 Χριστὸςς
3582 1962 3715 2031 Ῥη-

2124 2063 2244 2116 τέον
2278 2060 2371 2116 οὖν
2411 2063 2514 2127 δτι,
2568 2062 2670 2118 οὐκ
2698 2058 2820 2116 εἶπε
2868 2060 3157 2125 Καλέσεις,
3205 2058 3341 2113 ἀλλὰ
3374 2056 3710 2118 Καλέσουσι,

2127 2155 2426 2221 τουτέστιν,
2457 2153 2598 2208 αὐτὰ
2645 2153 2716 2208 τὰ
2750 2154 3052 2225 πράγματα
3086 2149 3354 2216 δείξουσιν
3384 2145 3549 2202 αὑτὸν
3574 2145 3713 2198 Θεὸν

2124 2246 2276 2311 ὄντα,
2316 2246 2411 2301 καὶ
2462 2246 2580 2317 μεθ’
2602 2245 2759 2319 ἡμῶν
2806 2242 3319 2314 ἁναστρεφόμενον’
3355 2241 3390 2312 ἡ
3434 2238 3544 2309 γὰρ
3589 2235 3714 2290 θεία

2126 2337 2317 2409 Γραφὴ
2374 2337 2482 2393 ἀπὸ
2506 2336 2615 2391 τῶν
2648 2337 2825 2408 ἔργων
2876 2335 3060 2406 τίθησι
3090 2335 3158 2389 τὰ
3190 2333 3454 2404 ὀνόματα,
3501 2331 3580 2395 ὡς
3614 2329 3708 2396 τὸ,

2128 2431 2374 2483 Κάλεσον
2403 2429 2465 2483 τδ
2492 2431 2664 2501 ὄνομα
2697 2427 2883 2493 αὐτοῦ,
2911 2426 3121 2499 ταχέως
3168 2425 3459 2480 σκυλευσον
3480 2440 3495 2454 '
3530 2422 3710 2476 καίτοι

2127 2521 2232 2575 ποῦ
2262 2521 2468 2592 ἐκλήθη
2515 2538 2600 2585 τις
2620 2521 2846 2591 τοιούτῳ
2874 2519 3136 2590 ὀνόματις
3196 2517 3339 2572 Ἀλλ’
3372 2515 3562 2587 ἐπειδὴ
3592 2515 3715 2583 ἅμα

2126 2613 2204 2683 τῷ
2225 2612 2550 2683 γεννηθῆναι
2578 2613 2668 2667 τὸν
2707 2611 2931 2684 Κύριον,
2977 2609 3277 2681 ὲσκυλεύθη
3324 2610 3419 2662 καὶ
3447 2606 3715 2680 ᾐχμαλω-

2127 2705 2286 2778 τίσθη
2320 2706 2354 2777 ἡ
2391 2705 2590 2776 πλάνη,
2625 2704 2771 2759 οὕτω
2808 2705 3024 2774 λέγεται
3059 2701 3429 2774 ὀνομασθῆναι
3477 2699 3589 2755 ἀπὸ
3618 2698 3714 2753 τοῦ

2130 2799 2455 2871 πράγματος
2478 2799 2577 2868 τὴν
2599 2798 2793 2868 κλῆσιν
2822 2796 3144 2869 εὑράμενος.

2208 2909 2226 2942 ι
2257 2889 2564 2958 Διεγερθεὶς
2592 2888 2648 2942 δὲ
2675 2890 2702 2941 ὁ
2742 2889 2940 2961 Ἰωσὴφ
2967 2888 3075 2943 άπὸ
3094 2886 3189 2942 τοῦ
3217 2887 3409 2949 ὕπνου,
3452 2882 3717 2954 ἐποίησεν

2128 2982 2204 3046 ὼς
2235 2982 2566 3054 προσέταξεν
2594 2981 2763 3054 αὐτῷ
2805 2983 2832 3035 ὁ
2862 2980 3094 3048 ἄγγελος
3117 2979 3344 3047 Κυρίου.
3364 2977 3506 3048 Ὅρα
3533 2975 3720 3045 ψυχέλν

2128 3074 2585 3144 διεγηγερμένην,
2621 3072 2737 3136 πῶς
2771 3071 2998 3142 ἐπείσθη
3014 3072 3244 3140 ταχέως.
3292 3068 3437 3123 «Καὶ
3464 3066 3718 3137 παρέλα-

447 3149 592 3218 cepit
608 3165 829 3206 uxorem
851 3167 1026 3207 suam.
1057 3173 1075 3207 ι
1100 3153 1369 3212 Continuo
1389 3173 1509 3214 eam
1536 3162 1781 3217 nominat
1802 3180 2024 3221 uxorem

2129 3165 2193 3218 ϐε
2217 3166 2315 3234 τὴν
2346 3169 2581 3233 γυναῖκα
2616 3163 2836 3218 αὑτοῦ.»
2876 3162 3125 3233 Συνεχῶς
3158 3161 3215 3214 δὲ
3243 3160 3501 3232 ὀνομάζει
3542 3157 3719 3228 αὐτὴν

445 3239 686 3310 Josephi,
739 3240 971 3311 eiiciens
1025 3245 1220 3301 malam
1272 3251 1674 3322 suspicionem,
1723 3264 1781 3310 et
1825 3257 2027 3316 docens

446 3335 590 3404 quod
620 3349 725 3391 non
766 3335 1012 3405 alterius,
1052 3341 1147 3395 sed
1178 3339 1320 3397 illius
1348 3343 1509 3400 fuerit
1544 3358 1704 3402 uxor.

526 3515 686 3570 \‘sns.
715 3516 806 3573 25.
847 3536 866 3571 ι
905 3517 971 3573 Et
1000 3535 1104 3576 non
1132 3523 1385 3593 cognovit
1413 3540 1556 3592 eam,
1585 3525 1758 3584 donec
1786 3531 2029 3602 peperis-

450 3618 552 3664 set.
596 3627 617 3662 ι
651 3606 763 3663 Hoc
797 3619 913 3674 est,
961 3626 1067 3665 non
1115 3614 1306 3669 habuit
1350 3632 1584 3687 unquam
1629 3636 1742 3676 rem
1783 3637 1905 3676 cum
1940 3640 2026 3682 ea.

451 3688 562 3756 Hoc
591 3702 738 3773 enim
769 3701 891 3757 loco
916 3705 1163 3770 verbum,
1194 3707 1395 3777 Donec,
1423 3725 1527 3767 non
1562 3712 1665 3768 hoc
1691 3714 2028 3784 manifestat,

448 3795 591 3865 quod
622 3810 729 3849 non
764 3798 1082 3866 cognoverit
1113 3812 1233 3855 eam
1266 3816 1437 3872 usque
1468 3805 1533 3858 ad
1567 3815 1806 3873 partum,
1842 3817 2028 3878 postea

448 3897 628 3941 autem
652 3890 987 3958 cognoverit,
1014 3891 1107 3946 sed
1128 3894 1353 3948 omnino
1380 3911 1653 3965 nunquam
1679 3914 1796 3953 eam
1825 3915 2030 3971 cogno-

446 3980 602 4033 verit.
651 3978 765 4035 lloc
814 3981 957 4036 enim
1005 3983 1167 4040 habet
1216 3984 1513 4056 Scriptura:
1564 3991 1892 4061 praprietas.
1938 3991 2032 4049 Sic

446 4084 570 4124 cum
593 4070 747 4127 dicit.
788 4090 806 4123 ι
838 4070 955 4127 Non
985 4088 1235 4129 reversus
1264 4076 1369 4146 ιο
1395 4087 1477 4132 est
1509 4093 1709 4135 corvus
1737 4081 1790 4135 in
1820 4096 2027 4148 arcam,

446 4162 618 4218 donec
654 4175 930 4218 aresceret
963 4175 1130 4233 terra,
1171 4184 1190 4218 ι
1229 4182 1406 4235 neque
1439 4168 1592 4223 enim
1625 4179 1812 4239 postea
1844 4170 2027 4225 rediit.

448 4254 541 4311 Sic
565 4264 622 4310 et
648 4256 753 4312 alio
784 4255 924 4311 loco.
956 4272 975 4306 ι
1012 4255 1309 4312 Vobiscum
1339 4274 1456 4313 sum
1483 4276 1654 4330 usque
1678 4264 1744 4317 ad
1770 4278 2028 4320 consum-

449 4348 741 4403 mationem
775 4348 958 4402 saeculi
982 4348 1044 4412 ’ς
1084 4367 1103 4401 ι
1153 4350 1321 4419 igitur
1348 4361 1470 4418 post
1505 4355 2029 4411 consummationem

448 4455 553 4494 non
581 4438 685 4493 erit
714 4436 1039 4494 vobiscum?
1067 4439 1129 4494 Et
1155 4439 1468 4510 quomodo?
1495 4441 1646 4500 Tunc
1677 4445 1825 4500 enim
1859 4447 2031 4503 multo

2130 3259 2366 3328 γυναῖκα
2417 3257 2511 3309 τοῦ
2560 3255 2777 3326 Ἰωσὴφ,
2833 3254 3111 3309 ἐκϐάλλων
3144 3255 3245 3323 τὴν
3290 3250 3536 3323 πονηρὰν
3582 3250 3721 3304 ὑπό-

2130 3367 2300 3414 νοιαν,
2328 3350 2417 3402 καὶ
2442 3348 2707 3403 διδάσκων
2735 3348 2818 3402 ὅτι
2846 3347 2947 3401 οὐκ
2968 3345 3128 3402 άλλου
3145 3344 3287 3409 τινὸς
3313 3344 3532 3414 ἐγένετο
3552 3340 3718 3412 γυνὴ,

2129 3437 2243 3492 ἀλλ’
2278 3437 2442 3492 αὐτοῦ
2465 3433 2554 3510 ἦν.

2201 3531 2313 3584 Καὶ
2341 3531 2442 3584 οὐκ
2470 3530 2769 3599 ἐγίνωσκεν
2817 3526 2989 3599 αὐτὴν
3017 3526 3126 3590 ἕως
3153 3518 3214 3580 οὗ
3249 3523 3437 3579 ἔτεκεν
3469 3540 3486 3558 ο
3516 3521 3723 3577 Τουτὲ-

2133 3639 2271 3689 cur,
2325 3623 2425 3677 οὐκ
2468 3622 2634 3693 ἐμίγη
2666 3621 2806 3690 αὐτῇ
2852 3619 3109 3674 οὐδέποτε
3132 3635 3147 3649 ·
3177 3619 3239 3673 τδ
3286 3619 3397 3687 γὰρ
3426 3617 3595 3682 Ἕως,
3631 3618 3722 3669 ὲν·

2129 3713 2303 3768 ταῦθα
2329 3714 2390 3766 οὐ
2422 3712 2582 3766 τοῦτο
2613 3711 2889 3782 ἐμφαίνει,
2926 3713 3007 3766 ὅτι
3028 3710 3157 3781 ἄχρι
3185 3710 3283 3780 μὲν
3315 3709 3408 3763 τοῦ
3428 3709 3591 3761 τόκου
3617 3707 3725 3761 οὐκ

2132 3803 2293 3873 ἔγνω,
2322 3803 2464 3873 μετὰ
2492 3803 2548 3855 δὲ
2576 3801 2750 3856 ταῦτα
2782 3800 2924 3868 ἔγνω
2945 3816 2961 3831 ο
2995 3800 3130 3854 ἀλλὰ
3162 3798 3423 3864 καθάπαξ
3453 3797 3719 3851 οὐδέποτε

2132 3895 2301 3966 αὐτὴν
2349 3894 2511 3963 ἔγνω.
2559 3893 2776 3964 ’ἰδίωμα
2802 3892 2860 3946 δὲ
2888 3893 2999 3962 ἔχει
3027 3891 3272 3946 τοιοῦτον
3304 3893 3337 3963 ἡ
3367 3891 3561 3960 Γραφή
3595 3908 3609 3920 ·
3644 3888 3723 3953 ὡς

2128 3987 2210 4051 τὸ,
2249 4005 2268 4039 ι
2292 3986 2405 4039 Οὐκ
2432 3984 2765 4055 ἐπέστρεψεν
2791 3984 2819 4036 ὁ
2861 3983 3033 4054 κόραξ
3067 3984 3147 4046 είς
3194 3982 3293 4052 τὴν
3322 3982 3575 4045 κιόωτδν,
3612 3981 3723 4042 ἕως

2132 4072 2193 4131 οὗ
2223 4076 2493 4147 ἐξηράνθη
2516 4077 2549 4147 ἡ
2580 4076 2684 4146 γῆ·
2721 4073 2842 4127 οὔτε
2871 4075 2980 4145 γὰρ
3004 4075 3145 4146 μετά
3172 4073 3346 4127 ταῦτα
3366 4072 3683 4143 ὑπέστρεψε
3707 4087 3723 4102 ο

2130 4173 2225 4225 καὶ
2256 4170 2443 4224 πάλινο
2477 4188 2494 4221 ι
2520 4167 2658 4223 Μεθ’
2689 4166 2844 4239 ὑμῶν
2874 4169 2988 4240 είμι
3020 4168 3123 4232 ἕως
3154 4168 3255 4239 τῆς
3283 4166 3598 4229 συντελείας
3624 4165 3725 4219 τοῦ

2130 4263 2353 4327 αἰῶνοςο
2389 4280 2409 4314 ι
2451 4261 2608 4316 Μετὰ
2652 4259 2707 4313 δὲ
2746 4258 2843 4330 τὴν
2874 4259 3185 4314 συντέλειαν
3229 4258 3340 4331 ἄρα
3371 4257 3472 4313 οὐκ
3524 4258 3723 4324 ἔσταις

2130 4353 2241 4409 Καὶ
2268 4352 2421 4419 πῶς;
2454 4352 2587 4406 Τότε
2617 4352 2727 4422 γὰρ
2756 4350 2955 4423 μᾶλλον
2977 4368 2993 4384 ο
3036 4349 3208 4416 οὕτως
3237 4349 3330 4404 οὖν
3362 4351 3458 4404 καὶ
3485 4349 3726 4403 ἐνταῦθα

2129 4442 2213 4507 τὸ,
2241 4442 2385 4506 Ἕως
2410 4434 2471 4496 οὗ
2524 4441 2700 4506 ἔτεκε,
2735 4442 2965 4513 νοήσεις,
3019 4441 3141 4494 ἀντὶ
3178 4440 3294 4505 τοῦ,
3326 4438 3449 4493 οὔτε
3485 4438 3593 4510 πρὸ
3627 4437 3728 4492 τοῦ

447 4532 617 4603 magis
646 4533 770 4590 erit.
801 4532 894 4587 Sic
923 4532 1091 4603 igitur
1119 4543 1171 4588 et
1199 4533 1304 4590 hoc
1331 4533 1472 4600 loco,
1503 4535 1680 4593 Donec
1702 4539 2024 4609 peperisset,

2133 4538 2318 4603 τόκου,
2348 4534 2471 4589 οὔτε
2502 4535 2641 4605 μετά
2668 4534 2760 4588 τὸν
2785 4536 2943 4588 τόκον
2973 4535 3115 4602 ἔγνω
3142 4535 3337 4604 αὐτήν.
3374 4533 3497 4596 Πῶς
3520 4532 3634 4605 γὰρ
3660 4532 3730 4586 ἃν

446 4623 739 4697 intelligas,
772 4625 876 4681 hoc
904 4635 1012 4692 est,
1058 4640 1234 4697 neque
1260 4635 1388 4681 ante
1419 4635 1664 4699 partum,
1697 4646 1870 4701 neque
1903 4641 2027 4702 post

446 4704 661 4790 partum
717 4720 974 4791 cognovit
1023 4734 1163 4775 eam.
1226 4718 1514 4786 Quamodo
1563 4724 1708 4777 enim
1760 4723 2029 4788 attigisset

446 4818 691 4866 sanctam
718 4809 888 4875 illam,
919 4817 1205 4878 postquam
1235 4807 1562 4863 ineﬂ'abilem
1587 4819 1797 4879 partum
1827 4826 2030 4883 cogno-

448 4902 660 4959 visset?
700 4920 720 4955 (
762 4900 961 4956 Filium
993 4915 1152 4955 suum
1195 4899 1641 4970 primogenitum.
1682 4920 1702 4954 ι
1734 4901 1849 4957 Non
1886 4902 2031 4972 quod

447 4995 555 5051 alio
594 4995 830 5066 quodam
879 5001 1011 5050 nato
1059 4992 1205 5047 dicat
1250 5008 1374 5048 eum
1424 4994 1884 5066 primogenitum,
1932 4996 2029 5052 sed

449 5088 774 5157 simpliciter
826 5096 886 5142 ut
923 5086 1156 5157 primum
1202 5093 1258 5140 et
1304 5086 1479 5142 solum
1527 5099 1735 5144 natum.
1778 5087 2031 5146 Christus

449 5183 595 5236 enim
624 5189 677 5233 et
711 5178 1100 5251 primogenitus
1141 5188 1247 5244 est,
1281 5185 1339 5232 ut
1367 5179 1544 5249 primo
1571 5189 1754 5245 natus,
1825 5189 1880 5235 et
1912 5181 2034 5235 uni-

450 5272 691 5344 genitus,
726 5278 787 5324 ut
819 5284 924 5325 non
946 5268 1157 5325 habens
1187 5269 1350 5325 alium
1380 5270 1627 5327 fratrem.
1668 5291 1687 5324 ι
1718 5270 1787 5328 Ει
1820 5272 2034 5328 vocavit

451 5379 651 5421 nomen
669 5364 808 5435 ejus,
836 5361 1041 5419 desum.
1072 5381 1092 5417 ι
1120 5360 1374 5420 Ostendit
1398 5365 1499 5421 hoc
1525 5365 1644 5422 loco
1665 5366 2032 5423 obedientiam

449 5456 651 5528 Joseph
673 5499 687 5522 ,
720 5455 851 5526 quia
891 5470 1227 5528 quzecunqne
1254 5457 1465 5513 dixerat
1492 5458 1542 5514 ei
1575 5459 1835 5531 angelus,
1877 5457 2028 5515 fecit.

529 5642 550 5673 ⁷
590 5640 778 5698 Matth.
820 5656 1015 5711 xxvut,
1072 5640 1163 5697 20.

2133 4628 2309 4698 ἥψατο
2338 4625 2437 4697 τῆς
2469 4625 2633 4689 ἁγίας
2659 4624 2899 4695 ἐκείνης,
2939 4624 3056 4694 μεθ’
3097 4622 3125 4677 δ
3156 4622 3395 4691 μάλιστα
3436 4623 3582 4691 ἔγνω
3627 4623 3725 4675 τὸν

2135 4721 2410 4793 ἄφραστον
2437 4720 2641 4772 ἐκεῖνον
2665 4718 2858 4784 τόκονς
2890 4737 2908 4769 ‹
2944 4719 3049 4771 Τὸν
3078 4717 3192 4772 υἱὸν
3237 4716 3407 4786 αὐτῆς
3438 4716 3533 4769 τὸν
3562 4732 3724 4786 πρω-

2135 4812 2377 4866 τᾶτοκον.
2419 4829 2438 4864 ι
2484 4808 2600 4880 Οὐχ
2627 4808 2704 4873 ὡς
2755 4809 3005 4879 δευτέρου
3052 4808 3199 4872 τινὸς
3243 4808 3529 4878 τεχθέντος
3576 4806 3732 4875 λέγει

2137 4900 2327 4955 τοῦτον
2358 4900 2723 4971 πρωτότοκον,
2749 4897 2863 4951 ἀλλ’
2885 4897 3090 4960 ἁπλῶς,
3116 4897 3193 4961 ὼς
3221 4897 3437 4969 πρῶτον
3460 4894 3733 4968 τεχθέντα

2138 4996 2234 5049 καὶ
2265 4995 2447 5065 μόνον.
2488 4994 2556 5047 '0
2587 4993 2695 5064 γὰρ
2739 4993 2995 5065 Χριστὸς,
3025 4991 3121 5046 καὶ
3164 4990 3514 5062 πρωτότοκὸς
3549 4991 3731 5057 ἐστιν,

2132 5086 2208 5150 ὡς
2238 5086 2454 5155 πρῶτος
2502 5084 2750 5155 τεχθείς’
2803 5086 2897 5138 καί
2958 5082 3272 5154 μονογενὴς,
3336 5081 3413 5145 ὡς
3450 5083 3525 5155 μὴ
3587 5081 3737 5152 ἔχων

2133 5179 2386 5249 δεύτερον
2419 5175 2667 5246 ἀδελφόν.
2724 5194 2743 5227 t
2780 5176 2890 5230 Καὶ
2928 5175 3152 5229 ἐκάλεσε
3180 5174 3241 5228 τὸ
3292 5175 3470 5244 ὄνομα
3524 5173 3730 5241 αὑτοῦ,

2147 5268 2380 5339 Ἰησοῦν.
2425 5287 2444 5321 ι
2489 5269 2742 5324 Δείκνυσι
2792 5269 3071 5323 κάνταῦθα
3123 5269 3222 5340 τὴν
3268 5268 3588 5324 εὐπείθειαν
3630 5268 3730 5322 τοῦ

2149 5363 2373 5437 Ἰωσὴςρ,
2399 5365 2481 5418 ὅτι
2507 5365 2606 5419 ὅσα
2638 5358 2792 5420 εἶπεν
2824 5363 2972 5437 αὐτῷ
2997 5365 3026 5417 ὁ
3054 5363 3306 5435 ἄγγελος,
3346 5362 3632 5434 ἐποίησεν.
