4058 6470
313 378 412 446 Ῑῦι
951 379 1405 443 ΕΝΑΒΒᾹΤΙΟ
1448 379 1531 442 ΙΝ
1566 377 1937 441 EVANGEIJ

2025 379 2070 438 Μ
2111 377 2498 438 ΜΑΤΤΗΑΕΙ.
2521 403 2572 412 -
2606 374 2763 435 C.’.'P.
2798 373 2882 435 Il.
3457 364 3559 429 16?.

900 537 1151 591 ΚΕΦΑΔ.
1197 536 1272 590 θ’.
1910 498 1937 560 λ

2604 529 2836 588 CAPUT
2874 531 2942 585 ll.

299 633 437 704 Περὶ
457 631 577 686 τῶν
616 629 857 702 Μάγων,
889 629 988 684 καὶ
1013 628 1135 684 τῶν
1161 629 1596 697 ἀναιρεθέντων
1626 626 1878 684 παίδων.

2281 626 2358 682 De
2387 624 2563 694 Magis
2593 637 2642 678 et
2673 623 2932 678 occisione
2955 637 3260 691 puerorum.

376 789 395 822 ί
428 769 535 823 Τοῦ
565 769 621 822 δὲ
663 766 838 838 Ἰησοῦ
866 765 1221 838 γεννηθέντος
1254 765 1312 820 ἐν
1336 765 1587 837 Βηθλεὲμ
1611 767 1711 838 τῆς
1746 767 1880 821 Ἰου-

2063 761 2223 827 Vens,
2257 759 2312 816 Ι.
2344 779 2361 811 ι
2401 757 2536 815 Cum
2563 765 2744 812 autem
2776 766 2932 812 natus
2953 767 3098 812 esset
3127 755 3284 813 Jesus
3314 757 3367 813 in
3405 756 3572 812 Beth-

295 860 476 925 δαίας.
515 878 534 910 ι
599 858 851 930 Βηθλεὲμ
910 857 1276 930 ἑρμηνεύεται
1329 853 1478 922 οἶκος
1516 859 1704 931 ἄρτου.
1746 859 1882 912 Ἰου-

2025 869 2119 908 rem
2168 851 2338 907 Judae.
2374 870 2393 904 ι
2464 849 2742 908 Bethleem
2793 850 3180 918 interpretatur
3227 850 3419 905 domus
3479 865 3572 920 pa-

293 954 424 1008 δαία
459 952 538 1017 δὲ,
598 951 1009 1023 ἐξομολόγησις.
1060 949 1279 1002 Γένοιτο
1309 947 1442 1018 γοῦν
1470 950 1566 1003 καὶ
1603 951 1754 1020 ἡμᾶς
1785 947 1882 1003 νῦν

2028 947 2106 1012 is;
2136 943 2321 1000 Judzea
2348 954 2564 1010 autem,
2623 942 2914 999 confessio.
2950 938 3070 997 Fiat
3133 941 3320 1015 igit‘ur,
3352 952 3412 997 ut
3468 957 3573 997 nos

293 1047 380 1099 διὰ
426 1048 527 1116 τῆς
576 1043 1038 1115 ἐξομολογήσεως,
1071 1041 1328 1111 γενέσθαι
1378 1037 1526 1095 οἶκον
1576 1040 1743 1114 ἄρτου
1787 1040 1882 1095 τοῦ

2030 1052 2135 1092 unc
2186 1053 2286 1108 per
2331 1035 2729 1093 confessionem
2761 1034 2954 1090 ﬁamus
2993 1035 3184 1089 domus
3220 1034 3374 1103 panis
3411 1035 3573 1102 spiri-

295 1135 696 1205 πνευματικοῦ.
733 1154 752 1189 ι
800 1135 887 1190 Ἐν
948 1133 1186 1208 ἡμέραις
1229 1131 1490 1206 Ἡρώδου.
1519 1152 1537 1186 ι
1589 1132 1883 1204 Μέμνηται

2030 1130 2168 1185 talis.
2207 1149 2226 1182 ι
2269 1129 2324 1186 In
2361 1130 2552 1186 diebus
2581 1127 2834 1186 Herodis.
2869 1146 2887 1181 ι
2935 1127 3180 1183 Meminit
3209 1126 3474 1192 Herodis,
3514 1137 3573 1180 ut

292 1233 388 1286 τοῦ
430 1230 694 1301 Ἡρώδου,
760 1229 848 1286 ἵνα
906 1229 972 1282 σὺ
1026 1228 1207 1300 μάθῃς
1253 1229 1336 1282 ὅτι
1399 1226 1648 1295 ἐξέλιπον
1677 1227 1727 1280 οἱ
1771 1225 1884 1282 ἀπὸ

2027 1224 2256 1280 tdiseas
2297 1224 2442 1294 quod
2495 1221 2814 1278 defecerunt
2856 1237 2886 1276 a
2938 1221 3080 1277 tribu
3131 1217 3267 1275 Juda
3318 1236 3474 1290 reges
3519 1229 3573 1275 et

297 1325 396 1394 τῆς
445 1323 618 1378 Ἰούδα
649 1321 822 1392 φυλῆς
850 1321 1108 1392 ἄρχοντες
1139 1321 1230 1374 καὶ
1269 1319 1529 1391 βασιλεῖς,
1563 1319 1658 1373 καὶ
1705 1319 1879 1386 ἀναγ-

2027 1314 2301 1385 rincipes,
2363 1322 2419 1370 et
2465 1311 2782 1369 necessario
2830 1311 2974 1372 venit
3014 1312 3285 1367 Christus.
3335 1309 3575 1366 llerodes

295 1411 470 1474 xat’m;
510 1407 673 1482 ἦλθεν
734 1413 762 1464 6
815 1409 1068 1480 Χριστός.
1134 1409 1193 1464 ’0
1243 1410 1350 1479 γάρ
1381 1409 1632 1481 Ἡρώδης
1685 1411 1786 1463 οὐκ
1817 1405 1886 1481 ἧν

2025 1409 2130 1462 nim
2162 1423 2267 1463 non
2297 1416 2416 1464 erat
2447 1405 2665 1463 Iudaeus
2714 1405 2808 1461 sed
2834 1403 3120 1468 ldumaaus,
3142 1405 3408 1474 Antipatri
3434 1405 3576 1460 filius

304 1506 587 1572 Ἰουδαῖος,
643 1505 759 1558 ἀλλ’
822 1504 1141 1574 Ἰδουμαῖος,
1199 1503 1566 1575 Ἀντιπάτρου
1624 1503 1776 1569 υἱὸς,
1822 1503 1888 1556 ἐκ

2025 1519 2056 1557 x
2098 1515 2268 1556 uxore
2302 1498 2502 1553 Arabe.
2535 1499 2669 1564 Cum
2705 1506 2884 1552 autem
2921 1495 3246 1551 defecissent
3279 1495 3573 1566 principes,

197 1651 204 1662 δ
293 1594 561 1661 γυναικὸς
616 1593 969 1664 Ἀραὸίσσης.
1026 1592 1389 1647 Ἐκλιπόντων
1438 1593 1495 1647 δὲ
1526 1593 1636 1646 τῶν
1685 1593 1888 1666 ἀρχόν-

2025 1593 2331 1664 xspcctatio
2380 1591 2623 1662 gentium
2657 1590 2828 1654 venit,
2860 1591 3002 1644 sicut
3041 1586 3212 1644 Jacob
3257 1588 3572 1658 praedixit“.

293 1705 431 1748 των,
461 1689 494 1756 ή
526 1685 823 1756 προσδοκία
852 1683 960 1737 τῶν
993 1683 1160 1736 ἐθνῶν
1190 1679 1381 1756 ἦλθεν,
1413 1683 1487 1748 ὡς
1523 1683 1718 1738 Ἰακὼϐ
1748 1701 1887 1755 προ-

2059 1688 2244 1759 Regis.
2282 1706 2301 1740 ι
2341 1687 2474 1742 Erat
2508 1685 2652 1740 enim
2688 1693 2743 1739 et
2775 1683 2914 1738 alius
2951 1681 3195 1738 llerodes
3235 1679 3573 1736 Tetrarcha:

293 1779 622 1848 εφήτευσεν.
679 1795 698 1828 ι
734 1773 841 1828 Τοῦ
894 1773 1178 1847 βασιλέως.
1220 1794 1240 1828 ι
1292 1769 1400 1828 Ἦν
1423 1776 1531 1846 γάρ
1577 1777 1671 1828 καὶ
1701 1776 1889 1846 ἔτερος

2028 1791 2356 1853 ιηρτοριυτειι
2387 1779 2533 1850 ponit
2561 1777 2876 1847 dignitatem
2909 1776 3072 1846 regis.
3111 1793 3130 1827 ι
3163 1773 3308 1829 Ecce
3337 1773 3472 1845 Magi
3505 1775 3574 1828 ab

305 1867 584 1939 Ἡρώδης,
625 1865 652 1918 6
679 1864 983 1938 τετράρχης
1006 1883 1018 1897 ·
1052 1866 1138 1921 διὰ
1167 1866 1328 1920 τοῦτο
1354 1868 1538 1939 τίθησι
1571 1867 1632 1920 τὸ
1672 1866 1889 1938 ἀξίωμα
1923 1869 1937 1925 1

2025 1875 2220 1928 triente
2261 1883 2532 1928 venerunt
2567 1869 2964 1940 Hierosolyma.
3029 1886 3049 1921 ι
3097 1867 3278 1935 Quare
3311 1867 3450 1938 Magi
3482 1883 3576 1923 ve-

294 1960 390 2012 τοῦ
422 1959 688 2030 βασιλέως
711 1975 726 1990 ·
767 1977 786 2010 ι
825 1958 959 2012 Ἰδοὺ
984 1960 1163 2028 Μάγοι
1196 1960 1303 2012 ἀπὸ
1336 1958 1636 2015 Ἀνατολῶν
1659 1959 1894 2030 παρεγέ-

2025 1966 2200 2020 iiunt?
2252 1966 2311 2018 In
2369 1963 2880 2020 condemnationem
2936 1960 3270 2016 Judazorum.
3331 1959 3467 2014 Nam
3532 1962 3576 2016 si

295 2071 458 2107 νοντο
487 2055 567 2118 εἰς
610 2051 980 2124 Ἰεροσόλυμα.
1013 2071 1031 2103 ι
1067 2053 1224 2118 Τίνος
1275 2052 1463 2106 ἕνεκεν
1491 2053 1540 2106 οἱ
1576 2054 1759 2121 Μάγοι
1803 2052 1895 2123 έρ-

2025 2059 2160 2130 lagi,
2196 2058 2443 2114 homines
2466 2055 2635 2112 cultui
2668 2054 2933 2110 idolorum
2969 2052 3175 2118 dediti,
3212 2051 3578 2114 crediderunt,

297 2162 536 2220 χονται;
570 2147 714 2218 Πρὸς
741 2148 1069 2220 κατάκρισιν
1112 2145 1223 2200 τῶν
1276 2146 1565 2200 Ἰουδαίων.
1604 2146 1667 2200 Εἰ
1705 2144 1814 2217 γάρ
1846 2146 1895 2198 οί

2025 2167 2160 2223 luam
2212 2161 2398 2222 postea
2454 2148 2831 2205 defensionem
2896 2154 3197 2216 praatexent
3251 2142 3465 2200 Judaei?
3514 2142 3583 2199 Et

299 2241 519 2309 Μάγοι,
577 2239 859 2310 ἄνθρωποι
893 2239 1303 2311 εἰδωλολάτραι,
1363 2239 1715 2305 ἐπίστευσαν,
1768 2237 1897 2292 ποία

2025 2245 2104 2300 ilia
2141 2259 2304 2300 causa
2352 2253 2472 2309 est,
2516 2251 2573 2294 ut
2615 2241 2789 2313 gloria
2822 2238 3025 2294 Christi
3068 2237 3242 2307 magis
3279 2236 3581 2308 effulgeret,

298 2331 576 2400 ἀπολογία
606 2330 794 2384 λοιπὸν
820 2334 932 2394 τοῖς
977 2319 1283 2397 Ἰουδαίοιςξ
1319 2330 1476 2400 ’Ἅμα
1508 2329 1586 2396 δὲ,
1620 2329 1713 2384 καὶ
1746 2327 1833 2382 ἴνα
1862 2329 1895 2397 ὴ

2025 2336 2374 2393 estimonium
2413 2333 2827 2407 perhibentibus
2864 2331 3056 2401 Magis,
3091 2330 3185 2401 qui
3216 2330 3451 2384 maxime
3485 2331 3581 2383 ad-

299 2423 438 2488 δόξα
465 2422 560 2476 τοῦ
591 2422 826 2492 Χριστοῦ
850 2422 1008 2476 πλέον
1039 2421 1316 2493 ἐκλάμψῃ,
1339 2421 1762 2495 μαρτυρούντων
1789 2419 1899 2474 τῶν

2025 2429 2231 2486 ret-sarii
2280 2437 2437 2483 erant
2487 2427 2636 2492 Deo,
2679 2435 2732 2481 et
2765 2425 2984 2480 obnoxii
3035 2423 3392 2478 dmmonihus.
3441 2438 3462 2473 ι
3502 2423 3584 2475 Ab

299 2519 542 2586 Μάγων,
599 2516 711 2569 τῶν
747 2515 982 2587 μάλιστα
1035 2517 1148 2578 τοῖς
1191 2514 1442 2585 δαίμοσιν
1495 2513 1899 2585 ὑποκειμένων,

2025 2520 2244 2576 )riente.
2285 2539 2304 2574 ι
2343 2519 2404 2574 Et
2441 2519 2546 2574 hoc
2577 2519 2644 2572 ad
2680 2513 3187 2572 condemnationem
3231 2511 3583 2568 Hebraeorum

302 2611 406 2664 καὶ
440 2607 650 2680 ἐχθρῶν
681 2610 775 2663 τοῦ
808 2607 962 2663 Θεοῦ.
1006 2625 1025 2660 t
1048 2608 1180 2662 Ἀπὸ
1224 2607 1574 2662 Ἀνατολῶν.ι
1604 2608 1716 2662 Καὶ
1741 2607 1902 2661 τοῦτο

2025 2616 2259 2668 pertinet.
2303 2613 2380 2667 Illi
2421 2611 2564 2668 enim
2605 2625 2702 2680 per
2741 2617 2948 2663 tantum
2999 2606 3238 2676 spatium
3281 2616 3580 2661 venerunt:

303 2700 452 2770 πρὸς
507 2701 832 2771 κατάκρισιν
887 2699 995 2754 τῶν
1059 2698 1351 2771 Ἑϐραίων.
1388 2698 1453 2753 Οἳ
1487 2698 1587 2770 μὲν
1632 2699 1742 2769 γὰρ
1791 2700 1900 2755 ἀπὸ

2029 2705 2217 2762 ἰθὺτωί
2263 2720 2394 2760 vero
2437 2703 2750 2767 Christum,
2795 2715 2956 2770 quem
2999 2701 3140 2770 apud
3187 2713 3246 2754 se
3291 2698 3583 2763 habebant,

302 2789 569 2842 τοσούτου
600 2789 966 2860 διαστήματος
1011 2785 1198 2862 ἦλθον,
1242 2789 1293 2843 οἱ
1343 2789 1400 2842 δὲ
1443 2787 1684 2861 Ἑϐραῖοι
1722 2789 1892 2844 αὑτοῦ

2025 2797 2285 2854 )crsecuti
2318 2805 2467 2853 sunt.

306 2881 536 2954 ἔχοντες
562 2884 654 2936 τὸν
680 2883 938 2955 Χριστὸν,
973 2883 1223 2938 ἐδίωκον.
1503 2943 1505 2950 ι

386 2975 679 3043 Λέγοντες,
715 2974 826 3029 Ποῦ
859 2979 1008 3030 ἐστιν
1039 2977 1066 3029 6
1092 2974 1310 3046 τεχθεὶς
1343 2973 1597 3045 βασιλεὺς
1622 2975 1730 3030 τῶν
1769 2977 1903 3030 Ἰου-

2078 2978 2326 3035 Vena-2.
2358 2997 2377 3032 ι
2419 2977 2702 3040 Dieentes,
2740 2971 2842 3028 Ubi
2870 2979 2984 3038 est,
3015 2969 3108 3041 qui
3149 2977 3306 3024 natus
3349 2977 3432 3024 est
3473 2967 3584 3023 Rex

306 3065 520 3131 δαίων;
549 3083 570 3117 ι
594 3065 826 3133 Λέγουσι
849 3065 1068 3130 τούτους
1095 3067 1220 3130 τοὺς
1246 3067 1494 3135 Μάγους,
1527 3065 1620 3119 τοῦ
1674 3066 1906 3138 Βαλαὰμ

2025 3071 2361 3130 Iudaeorum?
2399 3089 2418 3123 ι
2459 3069 2661 3125 Ferunt
2687 3067 2808 3121 illos
2854 3064 3038 3134 Magos
3077 3063 3238 3117 fuisse
3267 3077 3331 3116 ex
3373 3060 3588 3116 Balaam

309 3158 626 3225 ἀπογόνους
657 3152 798 3210 εἶναι
825 3155 917 3210 τοῦ
947 3157 1196 3228 μάντεως
1220 3173 1234 3187 ’
1269 3157 1535 3229 εὑρόντας
1554 3156 1612 3211 δὲ
1645 3157 1736 3212 τὸν
1759 3157 1906 3214 ὲκεί-

2025 3166 2319 3234 :onjectore
2347 3161 2676 3233 progenitos.
2712 3158 2847 3214 Nam
2876 3168 2932 3212 ut
2958 3158 3280 3212 invenerunt
3307 3153 3586 3210 oraculum

312 3265 419 3302 νου
445 3245 714 3319 χρησμὸν,
746 3247 828 3315 τὸ,
866 3225 1145 3301 Ἀνατελεϊ
1175 3225 1376 3320 ἄστρον
1401 3247 1688 3314 ἐξἸακὼϐ,
1715 3240 1905 3322 νοῆσαι
1929 3237 1937 3280 ⁴

2031 3225 2174 3322 llids,
2203 3225 2429 3312 Ot-ictur
2448 3225 2606 3311 stella
2643 3267 2708 3310 ex
2739 3251 2928 3318 Jacob,
2968 3249 3355 3306 intellexerunt
3384 3257 3592 3319 myste-

310 3341 378 3394 τὸ
419 3339 559 3394 κατὰ
589 3340 824 3411 Χριστὸν
875 3343 1196 3412 μυστήριον,
1248 3342 1346 3396 καὶ
1374 3341 1464 3395 διὰ
1499 3342 1662 3396 τοῦτο
1705 3343 1902 3410 ἐλθεῖν,

2025 3352 2151 3405 rium
2189 3347 2428 3413 Christi,
2485 3357 2540 3402 et
2589 3348 2792 3402 idcirco
2835 3353 3020 3400 natum
3089 3344 3242 3399 adire
3283 3342 3593 3399 voluerunt.

314 3432 580 3495 θελοντας
612 3432 739 3486 ἰδεῖν
787 3431 848 3485 τὸ
872 3432 1085 3503 τεχθέν.
1138 3452 1157 3486 ι
1199 3433 1427 3503 Εἵδομεν
1468 3432 1579 3506 γὰρ
1615 3433 1784 3488 αὐτοῦ
1815 3433 1908 3489 τὸν

2025 3463 2033 3497 ι
2069 3442 2312 3499 Vidimus
2357 3441 2502 3495 enim
2547 3439 2755 3495 stellam
2785 3438 2904 3509 ejus
2943 3438 2997 3492 in
3031 3433 3276 3492 Oriente.
3313 3453 3332 3488 ι
3368 3435 3595 3502 Quando

315 3526 533 3595 ἀστέρα
564 3528 620 3578 ὲν
670 3527 737 3597 τῇ
783 3523 1061 3597 Ἀνατολῇ.
1099 3544 1119 3578 ι
1171 3526 1340 3579 Ὅταν
1384 3525 1630 3600 ἀκούσης
1680 3527 1904 3599 ἀστέρα,

2025 3537 2166 3592 ludis
2217 3535 2454 3598 stellam,
2499 3547 2568 3590 ne
2615 3533 2775 3588 talem
2809 3542 2968 3603 putes
3004 3530 3149 3586 illam
3173 3573 3188 3598 ,
3229 3529 3417 3598 quales
3445 3531 3596 3584 vide-

319 3618 408 3689 μὴ
455 3618 686 3689 νομίσης
735 3618 973 3672 τοιοῦτον
1032 3613 1172 3672 εἶναι
1201 3619 1434 3685 ἐκεῖνον,
1483 3619 1630 3684 οἴους
1666 3621 1904 3692 δρῶμεν,

2025 3645 2150 3695 nus,
2167 3629 2262 3684 sed
2280 3627 2517 3683 divinam
2543 3625 2797 3680 virtutem
2820 3632 2875 3680 et
2891 3623 3191 3695 angelicam
3217 3622 3270 3676 in
3297 3622 3340 3691 ι
3354 3622 3398 3691 ι
3425 3620 3596 3693 figura

316 3711 464 3765 ἀλλὰ
489 3711 637 3765 Θείαν
662 3710 890 3782 δύναμιν
913 3711 1007 3766 καὶ
1035 3710 1356 3783 ἀγγελικὴν,
1375 3713 1456 3777 εἰς
1485 3711 1657 3767 τύπον
1678 3713 1909 3784 ἀστέρος

2025 3725 2210 3783 sideris
2247 3731 2623 3792 apparentem.
2673 3720 2811 3777 Nam
2863 3721 3120 3791 quoniam
3161 3719 3420 3790 astrologi
3455 3716 3594 3788 Magi

318 3801 683 3871 φαινομένην.
746 3801 897 3854 Ἐπεὶ
924 3801 1032 3873 γὰρ
1077 3801 1127 3854 οἱ
1167 3801 1348 3869 Μάγοι
1375 3801 1698 3875 ἀστρολόγοι
1744 3800 1907 3872 ἦσαν,

2025 3827 2203 3883 erant,
2246 3825 2535 3888 propterea
2569 3815 2828 3872 Dominus
2861 3816 3116 3870 familiari
3153 3813 3285 3885 ipsis
3313 3815 3470 3881 signo
3500 3823 3595 3864 eos

316 3890 416 3944 διά
442 3890 535 3943 τοῦ
569 3890 834 3961 συνήθους
856 3890 1040 3954 αὐτοῖς
1073 3891 1458 3963 προσηγάγετο
1487 3892 1686 3956 αὐτοὺς
1733 3893 1761 3946 6
1797 3892 1912 3945 K6-

513 3979 536 3993 η
674 3995 679 3996 ,
800 3979 813 3996 ι
895 3979 910 3996 \
982 3979 1056 3996 πο
1186 3995 1189 3996 ,
1285 3977 1329 3996 ιη
1378 3979 1392 3996 1
1471 3979 1495 3996 Ι
1665 3981 1677 3996 ο
1724 3963 1754 3996 I‘
1856 3976 1907 3996 κο

2025 3911 2278 3974 adduxit,
2313 3911 2457 3964 sicut
2487 3919 2543 3962 et
2577 3907 2797 3964 Petrum
2835 3909 3157 3978 piscatorem
3190 3923 3221 3961 a
3257 3905 3598 3961 multitudine

321 3998 468 4054 ριος,
503 3979 690 4050 ὥσπερ
729 3979 822 4033 καὶ
861 3979 950 4032 τὸν
982 3979 1214 4051 Πέτρον,
1274 3977 1431 4034 ἁλιέα
1469 3979 1622 4045 ὄντα,
1656 3979 1764 4034 ἀπὸ
1814 3977 1911 4032 τοῦ

2025 4007 2278 4079 piscium,
2322 4019 2459 4074 quos
2492 4003 2546 4059 in
2593 4004 2812 4059 nomine
2843 4004 3048 4060 Christi
3093 4011 3343 4070 ceperat,
3410 4011 3602 4068 stupe-

323 4072 576 4142 πλήθους
612 4070 725 4125 τῶν
761 4071 959 4142 ἰχθύων
993 4066 1069 4126 ὧν
1129 4073 1494 4144 ἐσαγήνευσεν
1547 4073 1641 4126 ἐπὶ
1687 4071 1764 4143 τῷ
1797 4069 1915 4125 ὀνό-

2025 4066 2172 4156 icere
2197 4099 2348 4154 fecit.
2374 4097 2529 4165 Quod
2556 4106 2736 4152 autem
2768 4096 3010 4167 angelica
3037 4096 3208 4150 virtus
3235 4093 3398 4150 fuerit
3419 4066 3596 4156 stella,

323 4181 465 4234 ματι
489 4162 584 4216 τοῦ
611 4161 868 4234 Χριστοῦ,
897 4160 1206 4231 ἐξέπληξεν.
1231 4163 1354 4216 Ὀτι
1381 4163 1438 4216 δὲ
1462 4161 1731 4232 ἀγγελικὴ
1756 4160 1916 4219 δύνα-

2025 4190 2364 4246 manifestum
2385 4160 2476 4243 wex
2503 4202 2604 4254 eo,
2636 4190 2776 4258 quod
2814 4160 2871 4243 et
2903 4187 2956 4241 in
2990 4187 3078 4243 die
3107 4184 3417 4249 refulserit,
3450 4192 3505 4237 et
3531 4182 3600 4238 ad

327 4275 426 4327 μις
453 4252 522 4329 ἦν
571 4257 600 4308 6
634 4255 830 4328 ἀστὴρ,
866 4255 1026 4326 δῆλον
1058 4256 1167 4309 ἀπὸ
1195 4255 1289 4309 τοῦ
1322 4257 1416 4310 καὶ
1438 4258 1496 4311 έν
1522 4257 1709 4328 ἡμέρᾳ.
1740 4256 1911 4326 ύπερ-

2025 4292 2221 4337 motum
2258 4280 2536 4352 Magorum
2563 4294 2624 4336 se
2657 4281 2911 4344 moverit,
2942 4290 2997 4334 et
3034 4278 3102 4332 ad
3134 4279 3375 4347 quietem
3410 4290 3598 4330 eorum

322 4350 594 4420 λάμπειν,
625 4348 720 4403 καὶ
745 4349 852 4401 άπὸ
885 4346 979 4400 τοῦ
999 4345 1264 4401 κινεῖσθαι
1295 4348 1414 4418 μὲν,
1441 4349 1777 4420 κινουμένων
1808 4347 1916 4401 τῶν

325 4441 478 4468 ὶΙΔ-..
497 4460 540 4468 η.
604 4439 848 4468 9----ιὶ...
872 4439 925 4468 υ.
1000 4441 1430 4468 Αιιηοι--ιληιημιη
1450 4456 1465 4468 .
1499 4440 1630 4468 2.33).
1661 4442 1752 4468 ...Α
1810 4440 1916 4468 ιι-λ

2025 4375 2305 4445 quieverit.
2349 4345 2490 4441 Quin
2537 4384 2592 4428 et
2634 4387 2664 4426 a
2707 4369 3116 4443 septentrionali
3149 4345 3330 4438 parte,
3372 4383 3490 4439 quas
3518 4375 3602 4422 est

325 4441 564 4512 Μάγων,
604 4439 853 4494 ἵστασθαι
872 4439 946 4502 δὲ,
998 4441 1465 4510 ἀναπαυομένων·
1497 4440 1633 4494 ἀλλὰ
1661 4442 1758 4494 καὶ
1809 4440 1917 4494 ἀπὸ

2025 4466 2288 4532 Persidis,
2321 4467 2386 4520 ad
2414 4465 2719 4529 meridiem,
2755 4465 2806 4518 in
2845 4480 2946 4533 qua
2976 4474 3060 4519 est
3093 4461 3454 4527 Hierusalem,
3483 4472 3602 4515 mo-

329 4533 429 4590 τοῦ
461 4534 674 4606 βορείου
712 4534 932 4604 μέρους,
974 4533 1002 4587 ὃ
1032 4534 1151 4586 ἐστι
1176 4532 1277 4602 τῆς
1303 4533 1583 4604 Περσίδος,
1618 4535 1696 4597 είς
1731 4532 1792 4586 τὸ
1827 4531 1919 4587 νό-

330 4647 448 4683 τιον
480 4630 735 4694 ἐκινεῖτο,
770 4627 798 4680 ὅ
829 4628 943 4680 ἐστι
987 4627 1084 4696 τῆς
1133 4625 1513 4696 Ἰερουσαλήμ.
1549 4625 1818 4679 Οὐδέποτε
1861 4623 1919 4678 δὲ
1951 4597 1995 4652 D

334 4720 517 4792 ἀστὴρ
548 4720 658 4773 ἀπὸ
691 4717 784 4772 τοῦ
817 4717 1024 4790 βορείου
1055 4717 1146 4770 ἐπὶ
1185 4717 1247 4769 τὸ
1269 4716 1443 4769 νότιον
1473 4719 1724 4771 κινεῖται.
1753 4733 1771 4766 ι
1809 4715 1920 4769 Καὶ

334 4813 576 4886 ἧλθομεν
619 4810 997 4882 προσκυνῆσαι
1054 4807 1223 4879 αύτῷ.
1261 4826 1282 4860 ›
1331 4807 1618 4862 Φαίνονται
1665 4803 1810 4862 οὗτοι
1871 4808 1920 4862 οἱ

335 4904 548 4973 Μάγοι,
609 4899 850 4972 μεγάλης
879 4897 1081 4970 ἀρετῆς
1116 4899 1291 4963 ὄντες.
1341 4896 1405 4952 Et
1451 4898 1561 4970 γὰρ
1593 4901 1650 4951 ἐν
1698 4901 1762 4970 τῇ
1795 4897 1949 4972 ξένῃ.

336 4998 500 5069 χώρα
530 4993 854 5064 προσκυνεῖν
889 4992 1100 5064 ἠθελον,
1135 4991 1251 5056 πῶς
1287 4993 1388 5046 οὐκ
1418 4991 1483 5045 ἂν
1522 4993 1580 5045 ἐν
1610 4994 1678 5064 τῇ
1703 4991 1922 5064 Περσίδι

325 5085 824 5160 ,ἐπαρρησιάσαντο
851 5085 946 5137 καὶ
975 5081 1284 5155 ἐκήρυξανς

361 5230 379 5244 ,
422 5198 443 5232 ι
489 5177 751 5242 Ἀκούσας
781 5177 838 5230 δὲ
873 5175 1119 5247 Ἡρώδης
1143 5177 1170 5229 6
1194 5174 1469 5247 βασιλεὺς,
1501 5174 1796 5247 ἐταράχθη,
1827 5175 1924 5229 καὶ⁵

2110 5191 2277 5246 Vens.
2313 5188 2367 5243 5.
2408 5206 2428 5240 ι
2472 5186 2720 5245 llerodes
2753 5192 2933 5240 autent
2983 5196 3079 5238 rex
3132 5188 3190 5236 ut
3231 5178 3456 5245 audivit,
3492 5186 3612 5232 tur-

346 5276 498 5327 πᾶσα
566 5269 915 5344 Ἰεροσόλυμα
960 5267 1074 5339 μετ’
1129 5268 1316 5323 αὐτοῦ.
1349 5287 1368 5321 ι
1439 5268 1496 5322 '0
1543 5268 1643 5340 μὲν
1680 5266 1926 5340 Ἡρώδης

2030 5281 2193 5338 batus
2240 5290 2348 5346 est,
2381 5289 2439 5335 et
2489 5279 2670 5335 omnis
2723 5275 3096 5347 Hierosolyma
3130 5287 3254 5329 cum
3303 5270 3415 5326 illo.
3449 5288 3468 5323 ι
3504 5269 3613 5325 lle-

347 5365 648 5441 ἐταράχθη,
678 5365 754 5428 ὼς
795 5364 1090 5434 ἀλλόφυλος
1124 5364 1254 5437 περὶ
1298 5365 1394 5436 τῆς
1424 5365 1705 5436 βασιλείας
1752 5365 1926 5419 δεδοι-

2029 5373 2190 5430 rodes
2223 5372 2442 5442 quidem
2503 5370 2757 5426 turbatus
2814 5375 2920 5433 est,
2972 5376 3032 5422 ut
3082 5365 3404 5434 alienigena,
3445 5375 3613 5434 regno

349 5459 462 5522 κὼς
487 5475 502 5490 ’
532 5458 800 5527 ἐγίνωσκε
856 5455 967 5528 γάρ
1009 5456 1092 5509 ὅτι
1125 5455 1344 5521 ἀνάξιος
1390 5451 1458 5528 ἦν
1518 5456 1757 5528 ταύτης·
1795 5458 1844 5510 οἱ
1870 5456 1928 5511 δὲ

2033 5479 2132 5521 suo
2177 5465 2395 5526 timens,
2427 5462 2665 5518 sciebat-
2689 5460 2834 5516 enim
2862 5459 3007 5530 quod
3047 5459 3140 5515 illo
3165 5458 3418 5528 indignus
3446 5463 3612 5510 esset.

363 5550 789 5617 Ἰουδαῖοι,τίνος
819 5549 1004 5603 ἐνεκεν
1035 5549 1432 5620 ταράττονται;
1463 5547 1569 5602 ἔδει
1595 5547 1703 5620 γὰρ
1733 5548 1929 5612 αὐτοὺς

2031 5555 2202 5613 Judtei
2257 5564 2439 5610 autem
2505 5567 2675 5623 quare
2753 5551 3076 5608 turbantur?
3126 5550 3411 5622 oportebat
3465 5546 3612 5603 enim

357 5645 556 5718 μᾶλλον
590 5641 826 5717 χαίρειν,
859 5643 939 5696 δτι
969 5641 1222 5714 βασιλεὺς
1251 5640 1435 5708 αὐτοῖς
1474 5640 1649 5711 ἔσται,
1685 5643 1790 5700 ὑπὸ
1818 5643 1929 5700 τῶν

2034 5647 2271 5719 gaudere
2308 5643 2509 5718 potius,
2540 5644 2686 5718 quod
2729 5658 2914 5716 regem
2961 5643 3062 5716 ipsi
3111 5641 3350 5699 habituri
3401 5650 3611 5703 essent,

2026 4560 2269 4615 vehatur.
2313 4557 2599 4628 Nunquam
2646 4567 2827 4610 autem
2867 4556 3022 4610 stella
3058 4571 3086 4608 a
3125 4552 3493 4623 septentrione
3537 4551 3604 4603 ad

2026 4650 2308 4705 meridiem
2363 4649 2611 4702 vertitur.
2672 4663 2692 4698 ι
2755 4646 2819 4700 Et
2869 4645 3150 4709 venimus,
3203 4652 3260 4696 ut
3317 4642 3606 4696 adoremus

2025 4757 2173 4797 eum.
2227 4759 2247 4794 ι
2291 4739 2555 4795 Videntur
2605 4738 2660 4793 hi
2713 4737 2854 4809 Magi
2898 4751 3090 4808 magna
3135 4736 3334 4789 virtute
3377 4732 3604 4802 praediti.

2023 4832 2160 4889 Nam
2191 4834 2236 4888 si
2278 4833 2330 4887 in
2373 4831 2546 4886 aliena
2593 4830 2812 4902 regione
2853 4830 3084 4884 adorare
3119 4825 3426 4885 voluerunt,
3469 4837 3608 4889 quo-

2028 4927 2189 4983 modo
2222 4942 2326 4982 non
2357 4926 2411 4981 iu
2440 4923 2664 4979 Perside
2691 4924 2809 4994 ipsa
2837 4936 3029 4992 magna
3064 4919 3318 4975 libertate
3346 4914 3609 4987 praedica-

2030 5017 2264 5074 verunt?

429 5828 450 5860 ⁸
479 5828 618 5886 Gen.
675 5841 823 5894 xm,
859 5827 894 5884 3
942 5840 1094 5897 seqq.
