4058 6470
519 412 620 478 153

1393 403 1977 469 THEOPHYLACTI
2026 403 2224 464 BULG
2235 402 2439 463 ΑΜΕ
2472 401 2836 464 ARCHIEP.

3670 401 3768 465 164

513 532 604 601 qui
643 542 670 581 a
697 523 935 581 Persicis
967 522 1184 593 regibus
1215 523 1559 584 adoraretur,
1595 520 1689 575 sed
1728 533 1917 575 revera
1949 519 2085 574 insi-

2192 515 2478 586 Περσικῶν
2541 515 2808 584 βασιλέων
2860 510 3380 585 προσκυνούμενος,
3429 510 3548 566 ἀλλ’
3602 511 3770 577 ὅντως

512 621 669 691 piens
700 633 786 674 res
823 625 909 674 est
943 616 1173 673 malitia.

584 711 747 766 Vens.
779 712 835 764 4.
897 727 917 762 ι
967 705 1035 763 Et
1065 705 1409 779 congregatis
1445 703 1700 761 omnibus
1744 699 2092 772 pontiﬁcibus

511 808 567 855 et
623 800 820 854 scribis
862 798 1068 869 populi,
1118 795 1478 868 interrogavit
1527 809 1642 862 eos,
1688 794 1779 849 ubi
1835 802 2092 848 nascatur

514 891 788 949 Christus.
832 909 850 943 ι
891 891 1097 947 Scriba:
1131 899 1288 946 erant
1332 889 1582 944 doctores
1645 886 1843 958 populi,
1905 884 2091 954 quales

515 998 644 1042 sunt
669 1002 804 1056 quos
840 999 940 1039 nos
967 984 1195 1038 dicimus
1241 980 1642 1050 grammaticos.
1690 976 1961 1049 Singulari
1991 990 2080 1027 au-

516 1092 622 1133 Iern
668 1077 764 1133 Dei
800 1077 1204 1146 dispensatione
1247 1075 1654 1142 interrogantur
1686 1067 1784 1136 illi,
1819 1079 1876 1123 ut
1916 1067 2087 1122 cunil—

513 1180 732 1224 teantur
767 1171 1078 1231 veritatem,
1119 1176 1174 1222 et
1213 1181 1277 1220 ex
1312 1164 1414 1218 hoc
1457 1163 1908 1224 condemnentur,
1944 1159 2086 1230 quod

516 1262 660 1316 illum
688 1259 1099 1324 cruciﬁxerunt,
1127 1273 1286 1328 quem
1319 1257 1468 1328 prius
1495 1253 1726 1310 cottfessi
1761 1261 1908 1307 sunt.

586 1433 751 1490 Vens.
776 1435 827 1490 5.
855 1453 872 1485 ι
908 1435 975 1488 At
998 1434 1068 1488 illi
1097 1434 1351 1488 dixerunt
1372 1431 1445 1497 ei,
1480 1431 1531 1486 in
1563 1430 1834 1486 Bethleem
1865 1427 2082 1486 Iudam.

514 1527 608 1582 Sic
639 1531 782 1581 enim
813 1529 1074 1596 scriptum
1116 1538 1198 1581 est
1226 1541 1320 1598 per
1353 1529 1694 1596 pmphetam.
1726 1541 1744 1575 ι
1789 1519 1892 1577 Per
1923 1533 2082 1594 quem

513 1619 874 1689 prophetam?
901 1617 1008 1674 Per
1025 1617 1327 1674 Michzeam.
1362 1617 1454 1672 Ille
1475 1617 1616 1672 enim
1641 1613 1804 1670 dicit:

584 1792 742 1846 Vsus.
798 1791 853 1847 4.
893 1811 912 1842 ι
962 1792 1026 1845 Et
1076 1801 1131 1846 tu
1167 1787 1446 1845 Bethleem
1495 1797 1642 1842 terra
1671 1786 1832 1850 Juda,
1875 1800 2078 1855 nequa-

2192 605 2419 678 ἀνόητον
2448 605 2643 677 χρῆμα
2688 607 2722 677 ἠ
2753 605 3006 677 πονηρία.

2269 715 2288 750 ι
2346 699 2456 751 Καὶ
2513 699 2833 766 συναγαγὼν
2897 697 3108 761 πάντας
3163 696 3289 760 τοὺς
3341 695 3622 768 ἀρχιερεῖς
3679 696 3772 752 καὶ

2191 793 2543 861 γραμματεῖς
2593 788 2688 843 τοῦ
2757 785 2888 843 λαοῦ
2918 830 2932 854 ,
2997 789 3327 844 ἐπυνθάνετο
3384 788 3516 859 παρ’
3567 789 3768 856 αὐτῶν,

2192 878 2294 934 ποῦ
2322 882 2349 931 6
2379 880 2620 952 ,Χριστὸς
2681 883 2955 950 γεννᾶται.
2982 901 3000 934 ι
3053 883 3404 953 Γραμματεῖς
3446 877 3588 952 ἦσαν
3615 883 3666 936 oi
3692 881 3770 936 δι-

2189 972 2448 1026 δάσκαλοι
2471 973 2563 1026 τοῦ
2588 972 2740 1038 λαοῦ,
2758 973 2836 1026 ὧσ
2848 989 2946 1045 περ
2991 973 3083 1037 οὓς
3107 976 3272 1043 ἡμεῖς
3331 973 3562 1045 λέγομεν
3587 987 3772 1045 γραμ-

2193 1063 2421 1134 ματικού
2432 1078 2479 1128 ς.
2504 1064 2854 1135 Οἰκονομεῖδὲ
2873 1068 2900 1118 6
2916 1064 3046 1128 θεὸς
3065 1063 3405 1136 ἐρωτηθῆναι
3424 1064 3668 1128 τούτους,
3687 1065 3773 1116 ἵνα

2189 1156 2564 1226 ὁμολογήσωσι
2591 1156 2688 1228 τὴν
2716 1157 2994 1228 ἀληθειαν,
3031 1159 3123 1210 καὶ
3149 1160 3214 1210 ἐκ
3242 1154 3434 1210 τούτου
3467 1146 3570 1209 ὦσι
3601 1169 3775 1209 κατα-

2187 1248 2524 1321 κεκριμένοι,
2574 1249 2726 1303 αὐτοὶ
2762 1249 2952 1303 τοῦτον
3002 1247 3416 1320 σταυρώσαντες
3446 1247 3505 1301 δν
3559 1246 3774 1320 ὡμολό-

2188 1354 2364 1408 γησαν
2399 1340 2685 1412 πρότερον.

2264 1447 2282 1483 ι
2341 1433 2404 1486 υἱ
2460 1433 2516 1485 δὲ
2583 1429 2738 1488 εἷπον
2809 1435 2978 1506 αύτῷ,
3034 1435 3126 1489 Ἔν
3180 1434 3427 1506 Βηθλεὲμ
3474 1433 3574 1503 τῆς
3639 1433 3772 1486 ’1ου-

2189 1519 2383 1586 δαίαςο
2415 1521 2557 1576 οὕτω
2585 1523 2695 1595 γὰρ
2746 1525 3055 1596 γέγραπται
3113 1523 3202 1577 διὰ
3257 1521 3352 1576 τοῦ
3405 1525 3708 1593 προφήτου.
3749 1542 3767 1574 ο

2189 1612 2476 1686 Προφήτου
2511 1615 2703 1682 ποίους
2765 1615 2871 1670 Τοῦ
2924 1616 3181 1688 Μιχαίου.
3249 1615 3484 1679 Ἐκεῖνος
3526 1616 3632 1687 γάρ
3666 1633 3772 1689 φη-
3854 1635 3871 1653 ⁸

2191 1718 2297 1769 σιν,

2262 1813 2283 1849 ι
2314 1798 2421 1851 Καὶ
2475 1798 2563 1865 σὺ,
2616 1797 2884 1869 Βηθλεὲμ,
2939 1799 3009 1871 γῆ
3051 1798 3241 1867 Ἰούδα,
3294 1799 3543 1874 οὐδαμῶς
3591 1802 3775 1873 ἐλαχί-

511 1899 673 1954 quam
708 1885 930 1937 minima
960 1899 1022 1937 es
1055 1885 1106 1937 in
1128 1875 1462 1952 principibus
1491 1879 1652 1936 Juda.
1704 1899 1722 1930 ι
1765 1877 2086 1968 contempta

2194 1906 2293 1958 στη
2358 1887 2409 1944 εἶ
2463 1863 2692 1956 ένέτοῖς
2741 1863 3009 1964 ἡγεμόσιν
3085 1863 3271 1950 Ἰούδα.
3313 1915 3330 1948 ι
3396 1863 3612 1968 Witred;

512 1975 656 2028 enim
686 1982 804 2028 erat
835 1981 892 2026 ut
943 1983 1070 2040 puto
1115 1987 1320 2042 parva:
1372 1985 1516 2025 nunc
1553 1978 1734 2023 autem
1769 1966 1896 2034 quia
1927 1981 1993 2020 ετ
2023 1981 2086 2018 ea

428 2065 438 2077 '
511 2065 714 2134 prodiit
765 2065 1038 2129 Christus,
1091 2065 1324 2118 celebris
1361 2071 1464 2116 est.
1503 2062 1708 2116 Omnes
1734 2059 1878 2114 enim
1923 2072 1990 2111 ex
2020 2057 2088 2110 ιι-

515 2158 674 2211 uibus
704 2167 858 2211 terra:
877 2165 1122 2220 veniunt,
1146 2166 1201 2210 et
1225 2164 1468 2210 sanctam
1498 2153 1640 2206 hanc
1665 2153 1894 2206 adorant
1923 2149 2090 2204 Beth-

515 2249 675 2304 leem.
715 2266 736 2300 ι
792 2249 870 2303 Ex
925 2259 974 2304 te
1031 2249 1174 2304 enim
1205 2262 1529 2319 egressurus
1571 2253 1654 2301 est
1683 2245 1812 2299 dux.
1857 2261 1876 2295 ι
1923 2242 2090 2297 [tecte

511 2357 833 2411 egressurus
879 2352 982 2407 est,
1014 2341 1211 2410 inquit,
1261 2349 1319 2396 et
1350 2355 1456 2395 non
1501 2341 1552 2392 in
1594 2349 1647 2392 te
1676 2337 1936 2392 manebit.
1970 2333 2087 2391 Non

510 2435 660 2487 enim
723 2436 926 2488 mansit
984 2433 1234 2489 Christus
1291 2433 1346 2487 in
1417 2428 1713 2494 Bethleem,
1765 2429 1862 2484 sed
1901 2442 1968 2483 ex
2023 2441 2089 2482 ea

515 2537 805 2596 postquam
842 2536 999 2581 natus
1033 2537 1116 2582 est
1147 2526 1300 2593 exiit,
1323 2534 1378 2581 et
1404 2526 1455 2579 in
1486 2524 1752 2577 Nazareth
1777 2522 2090 2591 frequenter

514 2627 873 2672 conversatus
920 2628 1025 2671 est.
1091 2619 1286 2671 Dicunt
1336 2625 1516 2670 autem
1565 2613 1735 2668 Judaei
1778 2613 1922 2682 quod
1985 2611 2090 2664 hoc

519 2712 840 2781 praedictum
863 2713 938 2762 sit
964 2711 1030 2763 de
1051 2707 1388 2772 Zorobahel;
1419 2705 1513 2762 sed
1550 2705 1886 2760 mentiuntur
1911 2699 2090 2754 mani-

513 2803 672 2856 l'este.
701 2800 913 2855 Etenim
943 2798 1244 2854 Zorobabel
1274 2813 1379 2853 non
1407 2798 1462 2852 in
1485 2795 1759 2850 Bethleem
1792 2803 1953 2847 natus
1982 2799 2084 2856 est,

512 2894 610 2947 sed
653 2894 705 2945 in
749 2891 1045 2962 Babylone.
1077 2889 1213 2945 Vide
1244 2891 1386 2945 enim
1418 2903 1614 2944 nomen
1659 2887 1801 2954 ejus,
1835 2883 1976 2938 Zoro
2008 2884 2087 2938 si-

513 2984 736 3053 gniﬁcat
776 2996 966 3042 semen
1000 2991 1054 3037 et
1089 2981 1427 3036 nativitatem
1459 2999 1474 3035 :
1505 2979 1668 3034 Babel
1701 2989 1884 3032 autem
1915 2977 2091 3046 Baby-

512 3078 659 3144 lona,
708 3079 813 3132 hoc
840 3088 949 3142 est,
985 3077 1078 3146 qui
1119 3087 1277 3131 natus
1315 3075 1400 3130 vel
1442 3076 1661 3145 genitus
1704 3082 1788 3128 est
1830 3073 1884 3126 in
1912 3071 2090 3141 Baby-

2191 1983 2354 2055 οὔσης
2388 1985 2589 2056 ταύτης
2621 1989 2989 2058 κατεφρόνουν
3009 2004 3022 2018 ο
3079 1987 3174 2041 νῦν
3203 1988 3257 2042 δὲ
3285 1989 3371 2041 διὰ
3399 1987 3489 2043 τὸν
3532 1991 3595 2043 ἐκ
3642 1990 3778 2046 ταύ-

2190 2088 2286 2147 της
2340 2078 2676 2148 προελθόντα
2721 2079 2977 2150 Χριστὸν,
3059 2080 3385 2152 περιϐόητός
3431 2083 3566 2138 ἐστι.
3629 2081 3776 2135 Πάν-

2189 2182 2281 2232 τες
2314 2172 2422 2241 γὰρ
2473 2172 2536 2223 ἐκ
2564 2170 2815 2241 περάτων
2848 2171 2947 2241 τῆς
2997 2171 3102 2241 γῆς
3147 2171 3419 2243 ἔρχονται,
3450 2177 3771 2246 προσκυνή-

2193 2275 2376 2326 σοντες
2405 2262 2610 2333 ταύτην
2641 2263 2740 2334 τὴν
2802 2261 2964 2332 ἁγίαν
3006 2264 3274 2335 Βηθλεέμ.
3334 2285 3353 2318 ι
3401 2265 3496 2321 Ἐκ
3533 2265 3628 2320 τοῦ
3663 2267 3774 2336 γὰρ

2191 2351 2531 2417 ἐξελεύσεται
2563 2353 2890 2426 ἡγούμενος.
2931 2374 2948 2407 ι
3003 2357 3200 2419 Καλῶς
3235 2349 3355 2410 εἷπε
3379 2358 3458 2425 τὸ,
3496 2359 3777 2424 ἐξελεύσε-

2189 2461 2300 2512 ται,
2335 2449 2427 2501 καὶ
2451 2447 2592 2518 οὐχὶ,
2624 2450 2681 2501 ὲν
2709 2449 2790 2501 σοὶ
2822 2450 2991 2516 μενεῖ.
3011 2448 3084 2503 Ού
3109 2447 3216 2521 γὰρ
3237 2449 3452 2520 ἔμεινεν
3473 2453 3502 2505 ὁ
3531 2453 3776 2524 Χριστὸς

2191 2539 2246 2590 ὲν
2278 2541 2336 2610 τῇ
2362 2539 2627 2610 Βηθλεὲμ,
2663 2539 2777 2592 ἀλλ’
2800 2543 2864 2593 ὲκ
2889 2540 3090 2610 ταύτης
3123 2541 3222 2611 μὲν
3249 2542 3462 2613 ἐξῆλθε,
3515 2547 3654 2614 μετὰ
3711 2547 3775 2600 τὸ

2190 2633 2547 2704 γεννηθῆναι,
2580 2633 2636 2684 ὲν
2665 2632 2723 2685 δὲ
2755 2634 2821 2703 τῇ
2864 2633 3116 2704 Ναζαρὲτ
3151 2633 3219 2687 τὰ
3247 2633 3474 2690 πλεῖστα
3505 2637 3770 2708 διέτριϐε.

2189 2727 2422 2795 Λέγουσι
2444 2723 2500 2778 δὲ
2525 2727 2574 2778 οἱ
2614 2721 2854 2778 Ἰουδαῖοι
2879 2725 2958 2778 ὅτι
2993 2725 3121 2796 περὶ
3147 2725 3240 2779 τοῦ
3276 2726 3583 2797 Ζοροόἀόελ
3611 2728 3776 2784 τοῦτο

2191 2814 2594 2886 προεφητεύθη.
2625 2813 2927 2868 Ψεύὸονται
2960 2813 3016 2866 δὲ
3049 2817 3366 2884 προφανῶς.
3395 2818 3506 2871 Καὶ
3534 2818 3643 2890 γὰρ
3673 2821 3776 2874 Ζο-

2195 2907 2446 2978 ροϐάϐελ,
2467 2906 2567 2960 οὐκ
2588 2907 2646 2959 ὲν
2668 2909 2732 2976 τῇ
2766 2903 3326 2980 Βηθλεὲρῗέγεννήθη,
3355 2909 3472 2964 ἀλλ’
3496 2913 3554 2964 ὲν
3575 2913 3640 2983 τῇ
3665 2913 3777 2966 Ba-

2190 2998 2409 3057 ϐυλῶνι.
2445 2997 2551 3052 Ἰδε
2596 3002 2708 3071 γὰρ
2735 3000 2795 3052 τὸ
2840 2999 3013 3070 ὄνομα
3039 2999 3206 3053 αὐτοῦ
3228 3017 3241 3031 ·
3295 3003 3451 3072 Ζορδ,
3487 3002 3642 3074 δηλοῖ
3670 3006 3774 3076 τὴν

2191 3092 2399 3162 σπορὰν
2427 3092 2520 3145 καὶ
2549 3093 2646 3163 τὴν
2683 3092 2938 3160 γέννησιν
2959 3109 2974 3126 ·
3013 3093 3187 3147 Βαὸὲλ
3217 3094 3296 3158 δὲ,
3319 3096 3418 3168 τὴν
3450 3095 3774 3165 Βαϐυλῶνα,

511 3169 655 3225 Ione.
723 3170 832 3226 Sed
902 3180 958 3224 et
1024 3169 1314 3241 prophetia
1385 3166 1674 3222 manifeste
1734 3165 1913 3234 arguit
1968 3179 2084 3227 eos,

2189 3185 2485 3251 τουτέστιν,
2513 3185 2544 3236 ὰ
2573 3187 2628 3238 ἐν
2648 3185 2926 3239 Βαϐυλῶνι
2955 3187 3184 3257 σπαρεὶς
3208 3187 3242 3260 ἢ
3274 3165 3574 3260 γεννηθείς.
3610 3189 3777 3245 Ἀλλὰ

511 3264 738 3318 dicens:
796 3282 816 3315 ι
879 3263 1146 3335 Egressus
1200 3260 1322 3330 ejus
1367 3271 1396 3314 a
1457 3257 1750 3330 principio,
1807 3271 1840 3311 a
1897 3257 2088 3312 diebus

509 3359 836 3413 aeternitatis
853 3358 896 3411 ’.
948 3375 969 3410 ι
997 3357 1168 3425 Cujus
1198 3363 1376 3409 autem
1417 3353 1646 3407 alterius
1683 3363 1940 3422 egressus
1961 3358 2088 3406 sunt

512 3453 582 3505 ab
620 3451 796 3515 initio,
833 3459 887 3503 et
910 3463 938 3502 a
969 3446 1072 3516 12
1097 3447 1286 3502 diebus
1315 3445 1634 3501 aeternitatis
1662 3457 1833 3513 quam.
1853 3441 2088 3498 Christi?

511 3544 611 3612 qui
640 3541 780 3596 duos
806 3553 1065 3610 egressus
1099 3539 1312 3604 habuit,
1341 3539 1444 3593 hoc
1473 3546 1563 3592 est
1590 3536 1926 3591 nativitates.
1949 3532 2084 3587 Nam

512 3635 692 3705 prima
718 3631 838 3705 ejus
862 3634 1141 3698 nativitas,
1173 3633 1244 3686 ab
1269 3631 1425 3687 initio
1447 3631 1546 3686 iuit
1572 3645 1601 3684 a
1634 3629 1817 3694 Patre,
1849 3627 2087 3684 secunda

514 3738 698 3782 autem
734 3728 837 3780 fuit
878 3740 909 3780 a
954 3725 1148 3781 diebus
1189 3725 1393 3790 saeculi,
1430 3723 1757 3793 principium
1803 3733 2028 3776 sumens
2054 3733 2086 3772 a

514 3818 684 3872 Matre
717 3815 837 3884 Dei,
867 3831 988 3887 quae
1019 3816 1072 3871 iu
1105 3826 1347 3886 tempore
1389 3814 1513 3870 fuit.
1556 3815 1752 3870 Dieant
1781 3813 1954 3884 igitur
1985 3809 2086 3866 Ju-

515 3911 637 3976 daei,
674 3924 805 3964 num
850 3907 1152 3985 Zgrobahel
1199 3910 1269 3964 ab
1299 3909 1456 3963 initio
1485 3907 1687 3963 fuerit?
1725 3906 1820 3961 sed
1857 3919 1966 3959 non
1991 3903 2088 3958 ha-

510 4003 642 4058 bent
687 4002 834 4072 quod
885 4001 1110 4058 dicant:
1151 4015 1174 4054 ι
1223 3999 1325 4066 Qui
1371 4010 1559 4071 pascet
1602 4000 1857 4071 populum
1905 4012 2085 4054 meum

512 4096 698 4150 lsrael.
751 4114 772 4148 ι
817 4094 1016 4152 Pascet
1049 4095 1211 4163 dixit,
1259 4110 1363 4149 non
1404 4095 1746 4161 tyrannidem
1787 4092 2083 4157 exerwbit,

508 4187 594 4242 vel
626 4188 930 4243 devorabit.
979 4187 1083 4241 Alii
1130 4187 1274 4240 enim
1341 4201 1494 4256 reges
1534 4200 1640 4241 non
1688 4195 1959 4254 pastores,
1991 4184 2085 4238 sed

513 4279 624 4348 lupi
661 4287 826 4333 sunt:
858 4278 1109 4332 Christus
1151 4287 1334 4330 autem
1357 4287 1566 4345 pastor,
1597 4278 1740 4332 sicut
1771 4277 1888 4348 ipse
1909 4276 2081 4331 dicit:

519 4389 538 4423 ι
581 4370 696 4439 Ego
717 4386 834 4424 sum
876 4383 1059 4440 pastor
1094 4368 1346 4424 bonus“.
1387 4387 1406 4422 ι
1445 4368 1710 4439 Populum
1735 4368 1901 4424 Israel
1928 4368 2081 4435 dicit,

517 4475 630 4517 tam
655 4478 749 4517 eos
773 4463 864 4532 qui
896 4477 964 4518 ex
1015 4461 1240 4526 Juda-is,
1271 4477 1432 4533 quam
1464 4463 1560 4531 qui
1587 4475 1654 4516 ex
1683 4459 1944 4516 Gentibus
1966 4475 2086 4517 cre-

2191 3276 2285 3330 καὶ
2316 3277 2350 3347 η
2390 3277 2697 3347 προφητεία
2729 3275 2978 3349 φανερῶς
3014 3278 3227 3350 ἐλέγχει
3259 3280 3478 3346 αὐτοὺς,
3511 3280 3774 3351 λέγουσαο

2196 3387 2215 3421 ι
2251 3369 2318 3421 At
2367 3367 2532 3433 ἐξοδοι
2559 3369 2725 3424 αύτοῦ
2752 3369 2846 3423 ἀπ’
2894 3370 3092 3442 ἀρχῆς,
3134 3371 3193 3436 ἐξ
3227 3372 3451 3443 ἡμερῶν
3499 3372 3718 3439 αἰῶνος.
3752 3395 3772 3428 ι

2189 3459 2343 3522 Τίνος
2373 3459 2431 3512 δὲ
2455 3459 2618 3542 ᾷλλου
2655 3462 2712 3514 αί
2739 3459 2907 3527 ἔξοδοί
2935 3465 3041 3516 εἰσι
3077 3464 3170 3516 καὶ
3203 3465 3298 3518 ἀπ’
3325 3463 3520 3537 ἀρχῆς,
3557 3467 3656 3521 καὶ
3712 3467 3776 3534 ἐξ

2188 3550 2411 3620 ἡμερῶν
2428 3551 2622 3616 αἰῶνος
2642 3552 2676 3623 ἦ
2695 3552 2788 3606 τοῦ
2813 3554 3054 3626 Χριστοῦ
3072 3571 3088 3622 ;
3113 3557 3208 3620 Ὃς
3233 3555 3328 3610 δύο
3355 3555 3566 3624 ἐξόδους
3587 3559 3774 3631 ἔσχεν,

2189 3641 2307 3712 ἦτοι
2335 3645 2650 3714 γεννήσεις⁴
2685 3643 2799 3698 ἀλλ’
2826 3647 2860 3715 ἡ
2901 3647 2996 3716 μὲν
3031 3647 3221 3718 πρώτη
3257 3647 3533 3718 γέννησις,
3554 3650 3650 3703 ἀπ’
3671 3651 3778 3723 ἁρ-

2188 3730 2289 3803 χῆς
2317 3735 2383 3786 ὲκ
2407 3734 2498 3788 τοῦ
2530 3735 2763 3807 Πατρδς,
2789 3738 2824 3807 ἡ
2854 3737 2910 3790 δὲ
2935 3737 3183 3810 δευτέρα,
3219 3739 3278 3807 ἐξ
3299 3741 3526 3812 ἡμερῶν
3545 3741 3772 3810 αἰῶνος,

2189 3829 2300 3884 ἀπὸ
2321 3828 2418 3900 τῆς
2444 3826 2706 3884 Θεοτόκου
2754 3830 3056 3902 ἀρξαμένη,
3110 3834 3208 3888 καὶ
3258 3833 3364 3888 ὑπὸ
3388 3836 3581 3907 χρόνον
3611 3832 3774 3892 οὖσα.

2188 3921 2515 3979 Ειπὰτωσαν
2567 3919 2659 3978 οὖν
2707 3924 2755 3977 οί
2816 3923 3085 3993 Ἰουδαῖοι,
3147 3924 3243 3978 ἐὰν
3276 3926 3637 4000 ὁΖοροϐἁόελ
3665 3932 3767 3985 ἀπ’

2187 4011 2366 4086 ἀρχῆς
2387 4015 2639 4084 ἐγένετο;
2666 4014 2810 4069 Ἀλλ’
2829 4016 2928 4068 οὐκ
2953 4015 3163 4088 ἔχουσιν
3183 4017 3377 4072 εἰπεῖν’
3409 4021 3627 4086 «Ὅστις
3653 4040 3779 4078 ποι.

2191 4107 2350 4177 μανεί
2375 4107 2465 4160 τὸν
2511 4106 2642 4160 λαόν
2668 4124 2768 4178 μου
2797 4107 2890 4160 τὸν
2944 4108 3184 4178 Ἰσραήλ.
3222 4127 3240 4161 ι
3297 4107 3567 4181 Ποιμανεῖ
3588 4107 3767 4178 εἶπεν,

2188 4199 2304 4252 ἀλλ’
2327 4199 2388 4252 ού
2412 4199 2758 4270 τυραννήσει,
2779 4197 2810 4271 ἦ
2836 4201 3234 4270 καταφάγεται.
3273 4202 3338 4256 Oi
3371 4203 3468 4272 μὲν
3490 4203 3598 4273 γὰρ
3620 4205 3778 4260 ἄλλοι

2189 4290 2449 4362 βασιλεῖς,
2497 4291 2557 4345 οὐ
2612 4293 2891 4361 ποιμένες,
2942 4291 3080 4346 ἀλλὰ
3108 4291 3297 4347 λύκοι·
3342 4297 3370 4349 6
3410 4291 3467 4349 δὲ
3513 4297 3774 4368 Χριστὸς,

2188 4383 2413 4454 ποιμὴν,
2441 4383 2516 4448 ὡς
2560 4385 2654 4439 καὶ
2679 4385 2842 4446 αὐτὸς
2870 4384 3054 4454 λέγει·
3090 4403 3108 4439 ι
3151 4384 3294 4456 Ἐγὼ
3321 4387 3437 4458 εἰμὶ
3465 4385 3494 4441 6
3519 4391 3726 4460 ποιμὴν
3746 4393 3776 4444 6

2187 4475 2369 4540 καλός.
2395 4495 2414 4528 ι
2450 4475 2593 4530 Λαὺν
2622 4475 2679 4531 δὲ
2708 4476 2928 4549 Ἰσραὴλ
2957 4477 3238 4547 λέγει,καὶ
3261 4479 3391 4543 τοὺς
3417 4477 3476 4547 ἐξ
3501 4476 3774 4553 Ἐϐραίων

515 4557 772 4611 diderunt
800 4573 815 4624 ;
851 4557 1017 4610 lsrael
1049 4558 1191 4612 enim
1233 4557 1638 4626 interpretatur,
1664 4553 1851 4610 videns
1886 4553 2077 4610 Deum.

2189 4568 2603 4636 πιστεύσαντας,
2634 4571 2729 4625 καὶ
2777 4539 2904 4634 τοὺς
2937 4567 2996 4636 ἐξ
3026 4539 3216 4626 ἐθνῶν.
3253 4539 3476 4645 Ἰσραὴλ
3523 4539 3632 4644 γὰρ
3673 4573 3768 4646 ἐρ·

512 4648 667 4704 Unde
697 4665 889 4705 omnes
918 4649 1082 4704 Deum
1107 4649 1374 4717 videntes,
1403 4649 1658 4705 lsraelita:
1688 4659 1836 4717 sunt,
1869 4648 2083 4706 etiamsi

2189 4661 2502 4733 μηνεύεται,
2532 4661 2675 4734 ὁρῶν
2698 4661 2852 4728 Θεὸν,
2875 4661 3016 4719 ὥστε
3047 4663 3248 4726 πάντες
3269 4665 3319 4718 0i
3347 4661 3479 4720 Θεὸν
3505 4663 3772 4737 δρῶντες,

508 4755 574 4795 ex
604 4737 875 4795 Gentibus
905 4742 1014 4794 nati
1047 4741 1179 4796 sint.

2202 4751 2533 4822 Ἰσραηλῖται
2563 4753 2688 4820 εἱσι,
2728 4751 2829 4807 κᾶν
2861 4752 2920 4818 ἐξ
2947 4751 3116 4807 ὲθνῶν
3146 4745 3298 4809 ὦσιν.

587 4833 755 4888 Vsus.
793 4835 846 4888 '1.
903 4850 922 4884 ι
955 4832 1106 4888 Tunc
1139 4831 1380 4888 Herodes
1404 4833 1541 4888 clam
1579 4833 1790 4888 vocatis
1820 4831 2012 4904 Magis.
2055 4850 2075 4886 ι

2256 4865 2276 4899 ‹
2309 4842 2445 4900 Τότε
2474 4844 2502 4898 ὀ
2540 4843 2787 4917 Ἡρώδης
2808 4844 2985 4918 λάθρα
3014 4847 3250 4912 καλέσας
3278 4844 3410 4912 τοὺς
3452 4845 3704 4916 Μάγους.
3739 4866 3760 4901 ι

510 4923 774 4982 Clanculo
818 4925 940 4982 illos
971 4925 1203 4993 vocavit,
1235 4935 1456 4996 propter
1485 4924 1721 4981 Iudaeos.
1755 4923 2081 4994 Suspicaba-

2189 4935 2369 5008 Λάθρα
2416 4936 2640 5001 τούτους
2669 4934 2916 5005 ἐκάλεσε,
2961 4937 3049 4992 διὰ
3077 4939 3203 5002 τοὺς
3241 4938 3548 5003 Ἰουδαίους.
3584 4937 3770 4993 ’Υπώ-

513 5032 600 5076 tur
655 5023 800 5076 enim
863 5023 1007 5092 quod
1067 5019 1238 5076 Judaei
1291 5020 1538 5078 fortassis
1599 5035 1831 5090 puerum
1883 5021 2080 5078 facturi

2189 5045 2352 5084 πτευε
2373 5029 2482 5101 γὰρ
2511 5031 2592 5085 ὅτι
2614 5030 2663 5083 oi
2696 5029 2942 5085 Ἰουδαῖοι
2975 5028 3102 5095 iam;
3125 5031 3255 5104 περὶ
3281 5029 3478 5085 πολλοῦ
3508 5029 3768 5102 ποιήσονα

411 5109 422 5127 ⁸
510 5122 693 5168 essent
721 5115 921 5184 magni,
955 5122 1010 5168 et
1051 5113 1291 5170 curaturi
1327 5123 1383 5168 ut
1408 5125 1692 5170 servarent
1717 5130 1862 5182 eum,
1896 5125 2083 5187 utpote

2189 5137 2273 5175 ται
2301 5119 2363 5173 τὸ
2384 5121 2614 5186 παιδίον,
2645 5121 2740 5174 καὶ
2790 5119 3137 5193 φροντίσουσι
3170 5117 3262 5176 τοῦ
3289 5119 3460 5176 σῶσαι
3503 5121 3655 5188 αὐτὸ,
3689 5122 3768 5184 ὡς

512 5205 862 5260 liberatorem
917 5221 1097 5273 suum,
1145 5215 1199 5260 et
1247 5217 1534 5277 propterea
1591 5207 1729 5263 clam
1769 5207 2078 5264 insidiatur.

2189 5212 2381 5285 μέλλον
2425 5212 2792 5283 ἐλευθερῶσαι
2825 5214 3043 5279 αὐτούς.
3091 5212 3190 5268 Διά
3242 5215 3402 5269 τοῦτο
3447 5209 3541 5270 οὖν
3587 5211 3768 5286 λάθρα

517 5315 536 5348 ι
570 5295 862 5367 Diligenter
888 5299 1138 5367 quaesivit
1171 5298 1242 5354 ab
1267 5300 1348 5354 eis
1390 5307 1604 5369 tempus
1631 5300 1802 5356 steila:
1836 5312 1956 5371 qua:
1985 5315 2082 5371 ap-

2189 5303 2545 5360 ἑπιῦουλεύει.
2603 5324 2621 5357 ι
2666 5302 2975 5377 Ἠκρίϐωσε
3025 5307 3157 5378 παρ’
3214 5306 3394 5362 αὐτῶν
3427 5307 3520 5362 τὸν
3575 5306 3767 5378 χρόνον

511 5390 711 5460 paruit.
757 5408 777 5442 ι
826 5388 940 5445 Hoc
994 5399 1101 5457 est,
1150 5399 1400 5447 accurate
1451 5392 1659 5448 didicit.
1713 5391 1880 5447 Stella
1937 5393 2078 5447 enim

2189 5397 2280 5451 τοῦ
2310 5398 2640 5469 φαινομένου
2671 5398 2919 5469 ἀστέρος.
2958 5417 2978 5452 ι
3018 5399 3330 5465 Τουτέστιν,
3383 5397 3628 5472 ἀκριϐῶς
3667 5400 3766 5453 ἁν-

513 5491 805 5550 auteqnam
843 5492 1006 5537 natus
1043 5492 1192 5538 esset
1220 5482 1502 5550 Dominus,
1532 5497 1856 5555 apparuerat
1883 5481 2078 5556 Magis,

2190 5489 2414 5560 έμαθεν.
2447 5489 2505 5542 ὐ
2539 5490 2648 5561 γὰρ
2678 5491 2876 5562 ἀστὴρ,
2912 5491 3017 5560 πρὸ
3049 5490 3141 5544 τοῦ
3176 5490 3506 5562 γεννηθῆναι
3535 5491 3631 5544 τὸν
3653 5489 3767 5544 Κύτ-

508 5570 766 5639 quoniam
791 5570 1018 5624 multum
1044 5572 1306 5642 temporis
1331 5575 1382 5627 in
1418 5576 1519 5629 iter
1546 5575 1880 5646 i‘nsumpturi
1899 5586 2078 5643 eram,

2195 5599 2328 5653 ριον,
2364 5581 2534 5653 ἐφάνη
2588 5585 2696 5647 τοῖς
2729 5581 2943 5648 Μάγοις
2972 5599 2985 5612 ·
3025 5583 3147 5636 ἐπεὶ
3190 5584 3299 5655 γὰρ
3327 5582 3550 5654 ἔμελλον
3596 5579 3765 5634 πολὺν

513 5661 635 5717 ideo
673 5663 847 5719 multo
887 5675 1021 5722 ante
1049 5665 1294 5736 apparuit
1342 5669 1520 5734 stella,
1554 5681 1612 5725 ut
1636 5669 1930 5727 adorarent
1953 5685 2077 5728 eum

2191 5672 2501 5729 ἀναλίσκειν
2531 5674 2718 5744 χρόνον
2741 5676 2882 5728 κατὰ
2927 5675 3026 5744 τὴν
3075 5674 3388 5747 ὁδοιπορίαν
3410 5714 3426 5742 ,
3482 5674 3569 5729 διὰ
3605 5671 3766 5726 τοῦτο

585 5864 796 5924 ’Mich.
833 5883 886 5937 γ,
941 5867 997 5924 2.
1076 5868 1119 5902 ‘°
1157 5866 1316 5924 Joan.
1370 5885 1424 5935 κ,
1479 5871 1566 5924 Η.
