4058 6470
322 386 433 453 165

965 394 1411 457 ENARRATIO
1441 395 1523 457 ΙΝ
1565 395 1909 459 EVANGEL

2010 399 2066 459 Μ
2099 398 2489 464 ΜΑΤΤΗᾸΞΙ.
2516 424 2583 438 -
2613 399 2774 462 CAP.
2821 399 2906 462 II.

3483 400 3586 467 166

322 509 440 581 πρὸ
483 507 677 563 πολλοῦ
705 509 877 581 ἐφάνη
910 511 938 564 6
978 509 1174 581 ἀστὴρ,
1204 510 1281 574 ὡς
1335 510 1402 565 ἂν
1455 513 1909 583 προσκυνήσωσιν

2012 513 2190 568 adhuc
2242 511 2294 567 in
2340 511 2524 570 fasciis
2576 514 2872 585 jacentem.
2923 513 3102 585 Aliqui
3148 522 3331 571 autem
3378 514 3581 580 dicunt.

322 601 491 655 αὑτὸν
516 600 596 654 ἐτι
622 602 680 653 ἐν
709 604 822 663 τοῖς
872 602 1211 673 σπαργάνοις
1253 602 1402 657 ὄντα.
1454 603 1612 666 Τινὲς
1638 601 1694 656 δὲ
1723 602 1913 672 λέγου-

325 708 440 756 σιν,
478 692 562 745 ὅτι
597 692 711 761 ἅμα
754 692 833 761 τῷ
862 691 1191 762 γεννηθῆναι
1222 692 1314 746 τὸν
1361 693 1621 764 Χριστὸν,
1658 695 1835 763 ἐφάνη
1884 694 1913 746 6

321 784 525 853 ἀστὴρ,
556 785 651 837 καὶ
683 784 734 836 οἱ
766 785 946 852 Μάγοι
972 783 1057 838 διὰ
1100 784 1194 839 δύο
1226 785 1364 838 ἐτῶν
1388 782 1575 857 ἦλθον,
1612 787 1707 843 καὶ
1727 788 1827 841 ούκ
1854 790 1911 841 ἐν

326 875 668 947 σπαργάνοις
698 868 857 947 εὖρον
888 875 980 931 τὸν
1008 877 1236 948 Κύριον,
1264 878 1383 931 ούδέ
1409 879 1467 933 ἐν
1487 881 1552 951 τῇ
1577 879 1773 954 φάτνῃ,
1795 879 1912 933 ἀλλ’

324 968 386 1019 ἐν
422 966 569 1037 οἰκίᾳ
600 967 739 1037 μετὰ
767 968 864 1037 τῆς
910 969 1139 1039 μητρὸς,
1171 968 1323 1040 διετῆ
1352 969 1503 1027 ὅντα.
1550 971 1713 1027 ’Δλλὰ
1740 974 1805 1027 σὺ
1851 972 1913 1027 τὸ

328 1056 647 1128 προρρηθὲν
670 1057 759 1128 ἔχε
794 1061 1065 1129 κρεῖττον.

407 1167 427 1197 ι
468 1149 575 1201 Καὶ
595 1148 817 1219 πέμψας
838 1151 1033 1214 αὐτοὺς
1054 1152 1135 1215 εἰς
1155 1151 1425 1223 Βηθλεέμ,
1447 1149 1589 1222 εἷπε,
1604 1155 1911 1228 Πορευθέν-

323 1256 422 1305 τες
448 1239 688 1311 ἀκριϐῶς
714 1243 1005 1307 ἐξετάσατε
1037 1246 1163 1315 περὶ
1193 1247 1286 1300 τοῦ
1313 1248 1545 1303 παιδίου.
1587 1269 1605 1302 ι
1644 1250 1757 1304 Οὐκ
1786 1246 1907 1305 εἶπε

326 1334 461 1399 περὶ
486 1330 577 1382 τοῦ
616 1328 899 1400 βασιλέως,
934 1333 1068 1386 ἀλλὰ
1092 1337 1219 1405 περὶ
1246 1336 1340 1390 τοῦ
1372 1339 1585 1392 παιδίου
1609 1354 1623 1370 ο
1650 1338 1771 1392 οὐδὲ
1800 1342 1909 1413 γὰρ

326 1424 392 1475 τὸ
422 1424 591 1493 ὄνομα
640 1423 893 1493 ἀνέχεται
917 1440 932 1455 ·
966 1425 1089 1479 ὅθεν
1120 1427 1355 1483 δεικνύει
1386 1432 1466 1484 ὅτι
1510 1430 1760 1501 μαίνεται
1790 1433 1909 1486 κατ’

327 1514 524 1567 αὐτοῦ.

409 1627 427 1657 ι
479 1607 647 1662 Ἑπάν
668 1611 724 1664 δὲ
748 1609 969 1682 εὕρητε,
1002 1612 1375 1681 ἀπαγγείλατὲ
1412 1629 1524 1685 μοι,
1571 1615 1721 1680 ὅπως
1755 1618 1911 1687 κάγὼ

324 1699 501 1753 ἐλθὼν
531 1706 895 1775 προσκυνήσω
925 1705 1095 1777 αὐτῷ.
1125 1706 1187 1757 Οἱ
1212 1705 1291 1771 δὲ,
1324 1706 1659 1772 ἀκούσαντες
1686 1710 1780 1763 τοῦ
1815 1712 1910 1781 βα-

325 1787 527 1854 σιλέως
579 1793 978 1864 ἐπορεύθησαν.
1014 1814 1033 1846 ι
1104 1795 1314 1849 ’Δδολοι
1364 1797 1473 1867 γὰρ
1517 1798 1669 1862 ὄντες
1731 1800 1905 1865 αὐτοὶ,

2014 604 2158 674 quod
2202 619 2325 660 cum
2361 604 2584 661 Christo
2624 616 2753 661 nato
2785 609 3102 677 apparuerit
3148 607 3326 672 stella,
3359 618 3415 664 et
3450 609 3585 681 Magi

2014 712 2114 768 per
2142 698 2429 791 biennium
2467 706 2755 763 venerunt,
2786 708 2840 753 et
2873 714 2976 754 non
3014 700 3069 754 in
3104 700 3341 756 fasciolis
3367 700 3587 758 invene-

2015 799 2140 843 runt
2171 805 2417 859 puerum,
2454 805 2630 861 neque
2660 792 2713 845 iu
2744 790 3029 861 praesepio,
3067 792 3164 847 sed
3190 792 3243 846 in
3278 794 3437 849 domo
3463 810 3584 847 cum

2013 889 2188 936 matre
2220 880 2448 938 bimum.
2478 881 2583 939 Sed
2612 892 2667 938 tu
2694 883 2928 953 priorem
2952 883 3277 940 sententiam
3311 893 3370 938 ut
3398 884 3587 939 melio-

2016 986 2129 1028 rem
2171 973 2328 1027 habe.

2082 1144 2250 1201 Vens.
2279 1146 2333 1201 8.
2364 1163 2385 1197 ι
2421 1147 2488 1201 Ει
2520 1144 2701 1201 missis
2722 1144 2803 1201 eis
2829 1146 2881 1201 in
2917 1145 3213 1211 Bethleem,
3244 1148 3400 1215 dixit,
3426 1149 3504 1203 [te
3533 1160 3588 1205 et

2011 1237 2305 1308 diligenter
2353 1239 2613 1308 inquirite
2651 1240 2717 1294 de
2762 1254 2935 1309 puero
2970 1239 3091 1295 hoc.
3140 1257 3159 1291 ι
3194 1239 3309 1294 Non
3358 1242 3493 1294 dixit
3522 1243 3588 1296 de

2013 1345 2159 1401 rege,
2208 1331 2303 1386 Sed
2345 1332 2410 1385 de
2437 1344 2605 1400 puero
2636 1348 2651 1389 :
2682 1347 2858 1401 neque
2908 1332 3052 1386 enim
3085 1347 3282 1388 nomen
3317 1334 3459 1388 ferre
3486 1349 3582 1404 po-

2014 1431 2187 1476 terat:
2252 1423 2631 1479 demonstrans
2698 1432 2961 1493 quantum
3038 1433 3227 1477 contra
3293 1422 3444 1477 illum
3500 1425 3584 1478 in-

2012 1516 2233 1569 saniret.

2084 1605 2244 1659 Vens.
2280 1605 2333 1669 8,
2377 1604 2431 1662 9.
2473 1624 2493 1659 ι
2559 1606 2664 1663 Ubi
2701 1623 2831 1663 vero
2883 1610 3221 1677 repereritis,
3282 1610 3587 1663 renuntiate

2012 1698 2169 1763 mihi,
2200 1708 2259 1752 ut
2288 1707 2340 1753 et
2380 1712 2481 1769 ego
2526 1700 2740 1754 veniam
2780 1711 2835 1755 et
2891 1702 3115 1755 adorem
3159 1702 3329 1755 illum.
3374 1702 3442 1754 At
3485 1703 3585 1765 illi,

2014 1788 2200 1843 audito
2251 1802 2400 1857 rege,
2454 1790 2682 1858 profecti
2714 1797 2858 1844 sunt.
2898 1808 2917 1841 ι
2969 1790 3077 1858 ipsi
3119 1806 3238 1844 cum
3274 1790 3394 1846 dolo
3435 1807 3587 1846 care-

322 1882 581 1951 ὲνόμιζον
609 1885 860 1938 κάκεῖνον
886 1884 1086 1948 ἀδόλως
1117 1886 1315 1955 λέγειν.
1354 1905 1372 1938 ι
1399 1888 1510 1941 Καὶ
1536 1889 1645 1941 ίδου
1677 1890 1707 1942 6
1732 1891 1907 1960 ἀστὴρ

2016 1890 2157 1940 rent,
2190 1881 2453 1948 putabant
2478 1892 2531 1932 et
2558 1879 2707 1933 illum
2733 1881 2938 1950 absque
2966 1882 3088 1935 dolo
3119 1882 3286 1951 loqui.
3321 1902 3338 1933 ι
3372 1883 3434 1936 Et
3460 1898 3585 1937 cere

320 1971 386 2025 6v
415 1968 561 2028 εἶδον
592 1975 647 2027 ἐν
671 1978 737 2047 τῇ
770 1978 1049 2048 Ἀνατολῇ,
1078 1979 1320 2048 προῆγεν
1340 1977 1559 2042 αὐτούς.
1582 1998 1603 2031 ι
1647 1980 1905 2052 Ἀπεκρύ-

322 2063 397 2133 6η
429 2068 571 2137 πρὸς
604 2068 802 2138 μικρὸν
833 2069 865 2121 6
890 2070 1065 2140 ἀστὴρ
1093 2070 1471 2141 οἰκονομικῶς,
1506 2069 1594 2125 ἵνα
1620 2072 1907 2143 ἐρωτήσω-

322 2173 414 2211 σιν
438 2160 596 2213 αὺτοὶ
624 2162 753 2224 τοὺς
796 2160 1102 2228 Ἰουδαίους,
1165 2164 1259 2217 καὶ
1286 2162 1535 2235 ταραχθῇ
1570 2166 1598 2217 6
1635 2164 1904 2237 Ἡρώδης,

321 2252 424 2302 καὶ
448 2250 590 2305 οὕτω
620 2254 1062 2326 περιφανεστέρα
1104 2253 1335 2324 γένηται
1362 2254 1396 2323 ἡ
1429 2253 1680 2323 ἀλήθεια.
1722 2253 1905 2318 Ἐξελ-

321 2341 483 2395 οοῦσι
509 2343 566 2396 δὲ
595 2346 779 2409 αὐτοῖς
823 2345 930 2399 ἀπὸ
958 2346 1058 2415 τῆς
1092 2344 1469 2417 Ἰερουσαλὴμ,
1503 2347 1670 2401 πάλιν
1709 2349 1905 2418 ἐφάνη,

320 2437 687 2506 χειραγωγῶν
717 2438 935 2502 αὐτούς.
970 2439 1134 2493 Ὅθεν
1180 2440 1341 2511 δῆλον
1374 2441 1457 2493 ὅτι
1514 2438 1634 2497 θεία
1676 2441 1908 2511 δύναμις

320 2523 395 2598 ἢν
419 2530 445 2579 6
474 2530 674 2600 ἀστήρ.
706 2549 723 2583 ι
750 2530 895 2593 Ἕως
925 2529 1096 2585 ἐλθὼν
1130 2530 1259 2602 ἔστη
1296 2532 1483 2586 ἐπάνω
1512 2526 1574 2586 οὗ
1592 2528 1659 2603 ἦν
1685 2532 1748 2586 τὸ
1777 2549 1906 2587 παι-

322 2618 459 2673 δίον.
505 2639 524 2672 ι
559 2622 672 2673 Καὶ
709 2622 866 2674 τοῦτο
902 2620 1071 2686 ξένον.
1115 2624 1340 2695 Κατέδη
1393 2624 1505 2693 γὰρ
1537 2626 1566 2679 6
1598 2625 1774 2696 ἀστὴρ
1800 2625 1908 2678 ἀπὸ

321 2710 423 2763 τοῦ
483 2712 670 2781 ὕψους,
734 2715 829 2767 καὶ
863 2714 1279 2787 προσγειότερος
1336 2716 1651 2788 γενόμενος,
1708 2716 1908 2782 ἔδειξεν

325 2805 515 2867 αὐτοῖς
547 2805 643 2857 τὸν
666 2806 852 2861 τόπον.
886 2809 948 2860 Ei
982 2808 1092 2878 γάρ
1124 2808 1182 2874 ἐξ
1216 2807 1384 2877 ὕψους
1416 2809 1600 2873 αὐτοῖς
1627 2809 1903 2879 ἐφαίνετο,

326 2895 451 2958 πῶς
486 2899 551 2948 ἂν
578 2896 806 2966 ἔμελλον
839 2898 1021 2962 ίδικῶς
1049 2899 1319 2970 γνωρίσαι
1374 2899 1465 2953 τὸν
1493 2900 1656 2954 τόπον
1689 2901 1818 2954 ἔνθα
1841 2899 1909 2973 ἦν

325 2990 358 3039 ὁ
388 2988 653 3058 Χριστόςς
682 2990 746 3041 0i
781 2990 890 3061 γὰρ
917 2991 1146 3061 ἀστέρες
1176 2991 1350 3045 πολὺν
1376 2991 1541 3046 τόπον
1571 2992 1913 3063 περιλαμϐά-

325 3095 533 3135 νουσιν.
574 3080 734 3133 Ὅθεν
784 3081 880 3134 καὶ
912 3084 976 3136 σὺ
1004 3082 1189 3137 ἐπάνω
1211 3084 1313 3154 τῆς
1348 3086 1448 3155 σῆς
1478 3084 1655 3148 οἰκίας
1689 3083 1911 3156 βλέπεις

325 3168 429 3270 τῆν
448 3168 677 3240 σελήνην
704 3172 885 3242 τυχὸν,
904 3173 1060 3242 κάγὼ
1085 3173 1229 3229 δοκῶ
1256 3174 1460 3247 ταύτην
1483 3176 1741 3248 ἀνωτέρω
1765 3171 1909 3230 εἶναι
1935 3212 1978 3271 C

326 3258 428 3329 τῆς
468 3262 609 3331 ἐμῆς
636 3262 814 3326 οἰκίας
836 3264 1027 3335 μόνης.
1054 3268 1163 3319 Καὶ
1191 3266 1398 3331 πάντες
1426 3268 1637 3335 ἁπλῶς,
1662 3268 1909 3325 δοκοῦσιν

325 3348 556 3414 ἕκαστος
580 3352 765 3405 ἐπάνω
793 3354 959 3408 αὑτοῦ
993 3356 1155 3425 μόνου
1188 3357 1440 3411 ἵστασθαι
1469 3360 1570 3428 τὴν
1616 3359 1847 3431 σελήνην
1874 3359 1908 3431 ἢ

325 3441 490 3493 ἄλλον
514 3444 739 3513 ἀστέρα.
775 3445 1041 3508 Κάκεῖνος
1095 3444 1188 3499 οὖν
1236 3448 1265 3498 6
1290 3446 1468 3516 ἀστὴρ
1514 3446 1616 3499 οὐκ
1648 3446 1714 3500 ἂν
1742 3445 1910 3512 ἔδειξε

326 3534 421 3585 τὸν
439 3533 695 3603 Χριστὸν,
724 3538 772 3588 εἰ
804 3536 879 3608 μὴ
910 3537 1243 3607 συγκατέέὸη,
1271 3539 1368 3593 καὶ
1405 3540 1691 3609 μονονουχὶ
1725 3538 1910 3592 ἐπάνω

326 3625 424 3695 τῆς
456 3626 700 3697 κεφαλῆς
732 3628 827 3681 τού
859 3630 1073 3683 παιδίου
1098 3630 1250 3701 ἔστη.

408 3734 429 3767 ι
482 3718 701 3782 Ἰδόντες
731 3719 787 3772 δέ
812 3720 902 3772 τὸν
952 3721 1175 3793 ἀστέρα,
1210 3721 1485 3793 ἐχάρησαν
1516 3722 1692 3794 χαρὰν
1736 3723 1911 3794 μεγά-

326 3808 432 3878 λην
462 3809 688 3879 σφόδρα.
728 3828 747 3861 ι
792 3810 876 3873 Ὠς
909 3811 970 3863 ού
998 3811 1388 3882 πλανηθέντες,
1431 3812 1547 3867 ἀλλ’
1571 3814 1826 3884 εὑρόντες
1848 3813 1909 3867 τὸ

327 3896 690 3967 ζητούμενον,
723 3900 1021 3970 ἐχάρησαν.

406 4006 427 4041 ι
464 3990 576 4042 Καὶ
605 3990 851 4055 ἐλθόντες
898 3994 977 4056 εἰς
1006 3994 1105 4065 τὴν
1151 3993 1350 4059 οίκίαν,
1408 3988 1549 4049 εἶδον
1581 3995 1646 4049 τὸ
1695 3994 1909 4050 παιδίον

332 4082 475 4151 μετὰ
515 4082 734 4153 Μαρίας
764 4084 863 4153 τῆς
904 4088 1113 4156 μητρὸς
1176 4088 1366 4143 αὑτοῦ.
1405 4105 1424 4140 s
1480 4088 1634 4158 ’Δμα
1681 4088 1779 4159 μὲν
1830 4086 1909 4159 τῷ

327 4176 680 4246 γεννηθῆναι,
718 4177 775 4228 ἐν
795 4180 860 4247 τῇ
912 4180 1088 4249 φάτνῃ
1120 4179 1434 4233 κατέκλινεν
1468 4181 1501 4249 ἡ
1528 4177 1823 4255 βαρθένος
1850 4178 1909 4232 τὸ

331 4267 570 4331 παιδίον,
597 4268 658 4320 οὐ
678 4270 786 4337 γάρ
808 4268 1066 4339 εὕρισκον
1088 4271 1209 4324 τότε
1233 4272 1411 4327 οὶκίαν
1434 4287 1450 4303 ο
1489 4271 1627 4342 μετὰ
1651 4271 1824 4325 ταῦτα
1849 4270 1908 4324 δὲ

334 4360 485 4422 εἰκός
518 4362 667 4412 ἐστιν
712 4361 894 4430 εὑρεῖν
947 4362 1144 4430 οἰκίαν,
1171 4362 1298 4417 ἔνθα
1342 4364 1437 4416 καὶ
1462 4363 1511 4416 οἱ
1543 4364 1726 4431 Μάγοι
1750 4354 1909 4434 εὗρον

331 4451 557 4512 αὐτούς.
622 4453 920 4522 ’Δνέὸησαν
958 4455 1059 4524 μὲν
1098 4454 1211 4524 γάρ
1242 4458 1320 4519 είς
1353 4454 1623 4527 Βηθλεὲμ,
1656 4456 1744 4509 ἵνα
1766 4456 1907 4508 ἀπο-

2008 1972 2187 2037 stella,
2221 1987 2383 2042 quam
2431 1972 2680 2027 viderant
2714 1974 2766 2027 in
2810 1973 3054 2039 Oriente,
3093 1974 3369 2043 praecessit
3399 1991 3511 2029 eos.
3558 1994 3576 2026 ι

2008 2061 2233 2117 Occulta
2275 2072 2397 2116 erat
2443 2061 2511 2117 ad
2561 2077 2787 2131 parvum
2841 2071 3055 2132 tempus
3104 2063 3259 2118 stella
3322 2062 3581 2131 singulari

2007 2155 2439 2227 dispensatione,
2488 2164 2546 2209 ut
2596 2156 2812 2212 Judaeos
2854 2158 3275 2227 interrogarent,
3307 2167 3361 2211 et
3395 2158 3583 2210 turba-

2008 2258 2162 2302 retur
2192 2246 2455 2314 Herodes,
2501 2258 2664 2318 atque
2695 2249 2770 2303 ita
2810 2248 3149 2304 manifestior
3178 2248 3334 2303 ﬁeret
3358 2250 3581 2303 veritas.

2009 2339 2084 2395 Ut
2130 2352 2313 2397 autem
2364 2342 2467 2411 ipsi
2510 2342 2712 2412 egressi
2764 2351 2890 2397 sunt
2930 2357 2959 2395 a
3016 2340 3342 2406 Jerusalem,
3385 2341 3581 2396 iterem

2009 2436 2276 2505 apparuit,
2337 2436 2543 2490 ducens
2599 2450 2715 2491 eos.
2816 2432 2967 2489 Unde
3034 2433 3377 2488 manifestum
3438 2433 3583 2503 quod

2010 2525 2169 2583 Stella
2197 2536 2319 2582 erat
2358 2529 2532 2582 virtus
2565 2527 2771 2581 divina.
2811 2544 2829 2577 ι
2870 2527 3053 2580 Donec
3093 2542 3378 2596 progressa
3413 2538 3584 2582 staret

2009 2632 2172 2687 supra
2220 2621 2309 2673 ubi
2368 2630 2491 2674 erat
2539 2634 2694 2688 puer.
2733 2638 2753 2673 ι
2809 2619 2876 2675 Ει
2918 2621 3019 2675 hoc
3050 2638 3260 2678 rarum.
3296 2622 3586 2679 Descendit

2010 2710 2157 2764 enim
2208 2708 2367 2765 stella
2405 2724 2435 2763 a
2486 2711 2823 2775 summitate,
2866 2721 2922 2766 et
2976 2722 3133 2768 terra:
3161 2717 3383 2786 propior
3417 2717 3584 2780 facta,

2009 2799 2245 2855 ostendit
2272 2799 2353 2854 eis
2381 2801 2584 2858 locum.
2620 2801 2758 2856 Nam
2789 2803 2833 2858 si
2862 2819 2929 2858 cx
2956 2806 3270 2861 summitate
3303 2808 3585 2876 apparuis-

2010 2900 2115 2956 set,
2162 2891 2436 2961 quomodo
2483 2892 2750 2948 certiores
2782 2892 2898 2948 lieri
2934 2896 3239 2963 potuissent
3281 2898 3352 2952 de
3382 2899 3502 2954 loco
3531 2899 3583 2954 in

2009 2998 2118 3053 quo
2170 2993 2317 3039 esset
2370 2982 2665 3039 Christus?
2723 2983 2902 3040 Stella:
2945 2987 3091 3042 enim
3131 2989 3353 3045 multum
3403 2991 3581 3046 locum

2011 3075 2495 3146 comprehendunt.
2540 3074 2697 3132 Unde
2734 3086 2787 3131 tu
2824 3094 2988 3148 supra
3026 3082 3245 3135 domum
3300 3090 3443 3138 tuam
3481 3082 3584 3154 ιθ

2011 3166 2161 3220 vides
2210 3165 2390 3221 lunam
2439 3166 2601 3232 forte,
2643 3178 2697 3223 et
2747 3183 2847 3240 ego
2896 3174 3142 3227 eamdem
3176 3174 3330 3229 video
3365 3175 3584 3230 nonnisi

2011 3272 2178 3328 supra
2230 3258 2448 3313 domum
2494 3274 2714 3316 meam:
2762 3270 2817 3317 et
2858 3263 3152 3334 unicuique
3198 3266 3411 3321 videtur
3439 3278 3586 3323 stare

2010 3365 2120 3406 non
2155 3350 2257 3405 nisi
2288 3365 2454 3420 supra
2483 3352 2702 3407 domum
2739 3368 2890 3408 suam
2924 3354 3108 3410 lunam
3141 3356 3227 3411 vel
3269 3358 3429 3412 aliam
3458 3358 3588 3415 stel-

2010 3442 2142 3499 lam.
2182 3444 2335 3499 Unde
2372 3454 2429 3499 et
2481 3445 2571 3499 illa
2604 3445 2766 3502 stella
2801 3461 2905 3501 non
2949 3449 3377 3505 demonstrasset
3428 3451 3587 3507 Chri-

2010 3545 2177 3603 stum,
2207 3536 2309 3591 nisi
2342 3537 2738 3605 descendisset,
2772 3547 2827 3595 et
2859 3548 3073 3596 tantum
3098 3557 3206 3598 non
3234 3556 3400 3613 supra
3424 3554 3588 3614 caput

2009 3629 2165 3700 pueri
2199 3629 2463 3685 stetisset.

2082 3717 2247 3774 Vens.
2286 3721 2377 3777 l0.
2414 3738 2433 3772 ι
2464 3721 2593 3777 Visa
2626 3731 2806 3777 autem
2830 3721 3008 3788 stella,
3033 3724 3205 3794 gavisi
3235 3734 3361 3781 sunt
3383 3726 3585 3796 gaudio

2008 3823 2207 3880 magno
2253 3810 2427 3866 valde.
2468 3828 2489 3862 ι
2541 3809 2698 3877 Quod
2730 3824 2839 3865 non
2883 3813 3255 3879 aberrassent,
3294 3815 3391 3894 sed
3431 3814 3585 3870 iuve-

2008 3898 2219 3955 nissent
2256 3901 2398 3968 quod
2437 3900 2771 3969 quaerebant,
2809 3900 2981 3969 gavisi
3008 3912 3156 3957 sunt.

2081 3991 2249 4048 Vens.
2280 3993 2369 4048 ll.
2398 4011 2417 4045 ι
2460 3992 2528 4049 Ει
2552 3994 2782 4065 ingressi
2807 3995 3046 4060 domum,
3078 3995 3330 4052 viderunt
3351 4013 3582 4069 puerum

2009 4101 2139 4143 eum
2175 4087 2342 4142 Maria
2390 4086 2562 4144 Matre
2598 4087 2739 4156 ejus.
2795 4105 2815 4139 ι
2870 4087 2991 4143 Mox
3044 4089 3263 4158 quidem
3314 4100 3372 4145 ut
3423 4102 3586 4149 natus

2007 4179 2132 4248 fuit,
2180 4180 2466 4235 reclinavit
2495 4179 2663 4249 Virgo
2719 4186 2949 4249 puerum
2985 4180 3042 4237 in
3091 4183 3436 4253 praesepium,
3474 4200 3584 4240 non

2007 4272 2157 4328 enim
2219 4281 2347 4327 tunc
2390 4272 2714 4327 invenerant
2756 4271 3000 4329 domum.
3046 4272 3353 4332 Verisimile
3400 4286 3583 4332 autem

2008 4379 2091 4425 est
2122 4378 2306 4439 postea
2353 4383 2448 4424 eos
2481 4367 2755 4424 invenisse
2797 4369 3044 4438 domum,
3083 4370 3176 4425 ubi
3221 4378 3274 4425 et
3313 4370 3452 4443 Magi
3499 4373 3586 4427 in-

2010 4469 2278 4517 venerunt
2323 4475 2437 4515 eos.
2493 4461 2871 4516 Ascenderant
2921 4461 3071 4516 enim
3100 4463 3151 4517 in
3202 4461 3503 4527 Bethleem,
3531 4473 3589 4519 ut

332 4543 622 4610 γραφώσιν
646 4545 783 4609 ἐκεῖ,
818 4542 962 4598 καθά
987 4546 1082 4596 καὶ
1129 4546 1344 4609 Λουκᾶς
1399 4546 1568 4615 λέγει.
1601 4545 1802 4599 [Ιολλοῦ
1850 4546 1907 4600 δὲ

2010 4563 2425 4610 recenserentur
2447 4552 2579 4621 illic,
2611 4553 2755 4608 sicut
2794 4563 2848 4607 et
2887 4551 3068 4608 Lucas
3114 4553 3264 4609 dicit.
3300 4553 3465 4608 Multa
3494 4568 3589 4607 au-

333 4632 577 4699 πληθους
604 4632 985 4704 συντρέχοντος
1007 4633 1094 4687 διὰ
1118 4634 1212 4705 τὴν
1240 4636 1589 4706 άπογραςνὴν,
1623 4638 1724 4689 οὐκ
1750 4636 1909 4708 ἐσχον

330 4724 471 4791 πρὸς
528 4723 719 4794 καιρὸν
770 4726 971 4790 οἰκίαν,
1007 4725 1122 4779 ἀλλ’
1155 4729 1216 4779 ἐν
1248 4726 1324 4797 τῷ
1359 4728 1611 4798 σπηλαίῳ
1663 4727 1861 4799 ἐτέχθη
1890 4742 1906 4758 ⁶

331 4810 454 4866 εἶτα
477 4814 676 4886 εὑρέθη
706 4816 739 4886 ὴ
770 4816 937 4881 οἰκία,
967 4815 1096 4871 ἔνθα
1122 4816 1317 4889 ὡράθη
1343 4821 1453 4882 τοῖς
1487 4820 1700 4889 Μάγοις
1732 4821 1761 4872 6
1794 4819 1910 4873 Κύ-

336 4922 473 4974 ριος.
533 4924 551 4957 ι
591 4907 704 4960 Καὶ
746 4909 1004 4973 πεσόντες
1056 4911 1471 4982 προσεκύνησαν
1528 4912 1700 4982 αὐτῷ.
1736 4930 1755 4963 ι
1804 4912 1907 4965 Ἴδε

327 5000 509 5069 ψυχῆς
541 4998 827 5070 ἐλλαμψιν.
862 5001 1080 5073 Πένητα
1112 5002 1360 5069 ἔϐλεπον,
1391 5004 1486 5057 καὶ
1516 5004 1904 5075 προσεκύνουν.

347 5090 921 5162 Ἐπληρο-ρορῆθησαν.
943 5093 1052 5164 γὰρ
1077 5093 1159 5149 ὅτι
1188 5093 1318 5157 Θεός
1349 5096 1486 5162 ἐστι,
1510 5095 1591 5147 διὸ
1614 5095 1708 5147 καὶ
1733 5112 1907 5166 προσ-

330 5184 557 5250 άγουσιν
579 5184 731 5255 αὐτῷ
756 5184 924 5255 δῶρα,
947 5184 1022 5249 ὡς
1037 5185 1156 5255 Θεῷ
1179 5186 1276 5240 καὶ
1301 5185 1375 5250 ὡς
1406 5186 1909 5257 άνθρώπῳ.”Ακουε

332 5280 462 5349 γάρ’
504 5298 522 5330 ι
548 5281 659 5333 Καὶ
684 5264 989 5343 ἀνοίξαντες
1017 5281 1141 5343 τοὺς
1173 5280 1479 5353 θησαυροὺς
1506 5282 1708 5348 αὐτῶν,
1742 5298 1909 5352 προσ-

330 5372 573 5442 ήνεγκαν
605 5371 757 5442 αὐτῷ
782 5370 950 5441 δῶρα,
980 5373 1314 5442 χρυσὸν,καὶ
1340 5373 1580 5439 λίϐανον,
1608 5374 1703 5426 καὶ
1735 5372 1911 5444 σμύρ-

326 5477 452 5517 ναν.
482 5481 501 5513 ι
550 5463 658 5516 Τὸν
702 5464 799 5533 μὲν
823 5465 1043 5534 χρυσὸν,
1080 5466 1432 5536 προσήγαγον
1478 5465 1651 5538 αὐτῷ,
1701 5465 1776 5524 ὡς
1812 5466 1909 5536 βα-

329 5554 491 5609 σιλεῖ.
514 5554 605 5625 Τῷ
644 5556 753 5624 γάρ
784 5555 994 5625 βασιλεῖ
1014 5557 1211 5627 χρυσὸν
1243 5556 1502 5627 τελοῦμεν
1532 5558 1581 5610 οἳ
1601 5557 1704 5611 ὑπὸ
1726 5560 1905 5629 χεῖρα.

326 5647 436 5700 Τὸν
456 5647 516 5700 δὲ
540 5648 780 5713 λίϐανον,
817 5650 893 5715 ὡς
921 5652 1063 5723 Θεῷ.
1118 5652 1209 5723 Τῷ
1247 5654 1357 5723 γάρ
1406 5652 1527 5724 Θεῷ
1564 5654 1783 5707 λίϐανον
1814 5654 1906 5707 θυο

328 5738 570 5810 μιῶμεν.
627 5742 738 5812 Τὴν
771 5742 827 5796 δὲ
872 5744 1140 5816 σμύρναν,
1193 5746 1269 5809 ὡς
1309 5746 1553 5816 μέλλοντι
1603 5746 1905 5815 γεύσασθαι

332 5832 592 5888 θανάτου.
650 5836 805 5890 Μετὰ
856 5838 964 5909 γάρ
994 5839 1093 5910 τῆς
1124 5838 1371 5911 σμύρνης
1412 5840 1824 5910 ἐνταφιάζουσιν
1855 5841 1904 5893 οἱ

2013 4656 2121 4701 tem
2178 4654 2542 4701 concurrente
2583 4644 2928 4701 multitudine
2973 4653 3031 4699 ut
3090 4656 3426 4711 censeretur,
3478 4662 3584 4701 non

2011 4741 2284 4797 habebant
2312 4741 2378 4795 ad
2406 4751 2619 4810 tempus
2649 4740 2894 4804 domum,
2924 4740 3021 4794 sed
3064 4739 3121 4793 in
3143 4739 3398 4808 spelunca
3426 4750 3587 4794 natus

2010 4842 2089 4888 est
2121 4848 2139 4884 :
2168 4832 2360 4887 deinde
2407 4832 2631 4886 inventa
2686 4832 2870 4895 domo,
2919 4830 3066 4886 visus
3096 4829 3169 4884 ibi
3214 4839 3298 4885 est
3336 4845 3366 4883 a
3414 4828 3586 4901 Magis

2010 4925 2291 4980 Dominus.
2353 4942 2373 4975 ι
2445 4923 2512 4979 Et
2573 4940 2701 4980 cum
2765 4922 3150 4995 procidissent,
3219 4923 3585 4976 adoraverunt

2011 5002 2183 5070 illum.
2254 5032 2276 5066 ι
2328 5013 2464 5070 Vide
2520 5016 2716 5071 animte
2774 5014 3219 5069 illustrationem.
3282 5010 3580 5080 Pauperetn

2008 5106 2270 5162 videbant
2332 5114 2383 5159 et
2453 5105 2774 5161 adorabant.
2821 5103 3003 5157 Multis
3046 5103 3193 5157 enim
3244 5105 3584 5174 argumentis

2010 5198 2313 5254 didicerant
2333 5197 2477 5269 quod
2511 5208 2655 5255 esset
2684 5195 2847 5262 Deus,
2880 5197 3001 5252 ideo
3031 5205 3086 5253 et
3109 5197 3159 5252 ei
3193 5195 3428 5252 oll‘erunt
3465 5214 3584 5261 niu-

2010 5306 2141 5346 nera
2174 5300 2234 5346 ut
2267 5292 2377 5346 Deo
2432 5300 2488 5345 et
2520 5300 2579 5343 ut
2603 5287 2833 5343 homini.
2864 5288 3001 5343 Audi
3032 5288 3199 5355 enim,
3237 5306 3257 5341 ι
3290 5280 3357 5344 Et
3382 5290 3584 5359 apertis

2013 5385 2284 5443 thesauris
2310 5384 2448 5450 suis,
2477 5383 2788 5439 obtulerunt
2843 5382 2893 5437 ei
2927 5381 3095 5448 dona,
3122 5397 3318 5439 aurum
3368 5392 3423 5439 et
3454 5383 3583 5439 thus

2008 5485 2064 5532 et
2106 5476 2405 5547 myrrham.
2460 5492 2481 5527 ι
2526 5474 2729 5528 Aurum
2777 5474 3000 5544 quidem
3054 5475 3375 5529 obtulerunt
3410 5476 3483 5540 ei,
3525 5483 3586 5528 ut

2010 5570 2147 5639 regi.
2184 5573 2390 5623 Aurum
2430 5568 2575 5623 enim
2608 5567 2812 5622 subditi
2848 5568 3063 5637 regibus
3099 5569 3406 5637 pendimus.
3434 5565 3586 5619 Thus

2010 5674 2215 5730 autem,
2242 5672 2301 5715 ut
2333 5662 2465 5715 Deo.
2492 5659 2602 5714 Dco
2634 5661 2778 5714 enim
2812 5659 2939 5715 thus
2973 5660 3272 5715 adolemus.
3307 5657 3582 5730 Myrrham

2008 5767 2161 5818 vero,
2223 5761 2280 5807 ut
2328 5752 2676 5822 degustaturo
2733 5762 2989 5807 mortem.
3046 5749 3183 5804 Nam
3239 5749 3406 5803 Judaei
3456 5764 3581 5803 cum

2010 5844 2230 5915 myrrha
2277 5855 2521 5901 mortuos
2574 5843 2868 5914 scpeliunt,
2913 5854 2971 5898 ut
3010 5857 3209 5912 corpus
3248 5849 3462 5896 maneat
3498 5842 3576 5889 in.
