3914 6598
464 433 564 499 1ιῖ

1315 428 1899 493 THEOPHYLACTI
1939 424 2355 489 BULGARl/E
2397 425 2752 486 ARCHIEP.

3630 427 3730 492 168

463 553 805 614 corruptum.
839 538 1062 613 Myrtha
1094 540 1243 596 enim
1279 555 1404 596 eum
1439 541 1584 596 sicca
1620 541 1710 606 sit,
1742 539 2034 595 aretacitet

2162 535 2428 602 Ἰουδαῖοι,
2479 535 2568 589 διὰ
2602 536 2663 588 τὸ
2695 535 2881 605 μένειν
2929 535 2988 589 τὸ
3029 535 3187 608 σῶμα
3220 536 3485 609 ἄσηπτον.
3533 539 3596 594 Ἤ
3622 547 3730 613 γὰρ

463 637 706 692 exsieeat
743 632 1147 696 humiditatem,
1179 644 1234 688 et
1265 648 1368 688 non
1404 633 1535 688 sinit
1567 631 1777 688 innasci
1811 645 2041 686 vermes.

467 731 626 785 \r'ides
647 727 926 797 Magorum
966 726 1148 792 (idem,
1181 729 1325 798 quod
1361 736 1417 781 et
1448 742 1477 780 a
1507 725 1795 796 prophetia
1824 722 2044 776 Balaam

461 820 765 875 didicerunt
806 819 1093 872 Dominum
1147 827 1200 872 et
1242 818 1410 872 Deum
1455 827 1510 871 et
1557 830 1742 886 regem
1791 829 1934 878 esse,
1981 827 2046 867 ac

460 929 558 983 pro
607 913 768 969 nobis
833 913 1179 968 moriturum.
1230 910 1371 968 Audi
1435 918 1618 964 autem
1679 906 2042 979 prephetiam,

459 1006 766 1073 Hecubaus,
798 1005 991 1076 inquit,
1022 1005 1288 1074 requievit
1318 1012 1374 1056 ut
1407 1001 1493 1056 leo
1524 1000 1604 1073 (a)
1647 1010 1710 1073 et
1732 1010 1791 1054 ut
1821 999 2036 1053 catulus

457 1097 716 1152 leonis“.
748 1096 886 1150 Ecce
914 1098 1114 1166 regium
1143 1095 1461 1166 dignitatem
1499 1108 1596 1162 per
1624 1092 1839 1148 leonem
1873 1091 2044 1162 signi-

459 1194 604 1255 ticat,
642 1189 1032 1245 mortalitatem
1072 1198 1253 1242 autc-tn
1297 1187 1560 1252 dutn'ait,
1609 1188 1898 1243 recubans.
1938 1185 2039 1250 Qui

458 1281 787 1335 benedicunt
854 1290 924 1346 te,
970 1279 1404 1334 benedicentur:
1469 1293 1599 1334 ecce
1655 1287 1709 1334 et
1759 1280 2039 1334 deitatem.

457 1372 581 1427 Sola
625 1374 771 1427 enim
805 1370 902 1427 Dei
935 1381 1130 1428 natura
1171 1373 1332 1428 hanc.
1358 1370 1756 1427 benedictionis
1786 1372 2038 1425 virtutem

457 1466 638 1519 habet.

535 1558 694 1613 \‘sns.
725 1559 811 1615 l2.
846 1579 863 1612 ι
907 1560 973 1614 Ει
1004 1559 1227 1616 oraculo
1254 1567 1481 1628 accepto
1509 1557 1562 1612 in
1595 1556 1821 1622 somnis,
1860 1570 1925 1609 ne
1953 1570 2040 1610 re-

453 1664 798 1709 verterentur
823 1656 893 1710 ad
939 1655 1231 1720 Herodem,
1258 1670 1355 1725 per
1392 1653 1554 1707 aliam
1585 1650 1730 1706 viam
1759 1651 2036 1705 redierunt

453 1747 506 1800 iu
536 1747 813 1816 regionem
843 1761 1025 1802 suam.
1067 1765 1086 1799 ι
1125 1745 1259 1800 Vide
1283 1741 1758 1813 consequentiam,
1801 1740 2034 1810 primum

453 1840 593 1894 Deus
636 1840 756 1894 illos
802 1839 871 1894 ad
920 1839 1080 1896 ﬁdem
1126 1854 1224 1910 per
1267 1838 1484 1894 stellam
1530 1836 1787 1890 adduxit:
1839 1833 2033 1888 deinde

2149 629 2392 699 σμύρνα,
2426 629 2570 700 ξηρά
2603 627 2760 691 οὖσα,
2787 629 3030 701 ξηραίνει
3060 629 3158 704 τὴν
3187 631 3484 705 ὑγρότητα,
3509 637 3604 690 καὶ
3630 638 3730 692 οὐκ

2147 723 2214 794 ἐᾷ
2231 721 2522 792 σκώληκας
2552 723 2868 790 γεννᾶσθαι.
2913 722 3078 796 Ὁρᾷς
3121 724 3232 778 τῶν
3271 727 3481 797 Μάγων
3507 730 3606 800 τήν
3635 731 3732 785 πί-

2147 832 2299 883 στιν;
2348 815 2503 869 Ἐπεὶ
2539 817 2634 870 καὶ
2665 817 2774 870 ἀπὸ
2802 817 2905 887 τῆς
2964 819 3303 891 προφητείας
3356 821 3451 876 τοῦ
3505 823 3732 897 Βαλαὰμ

2145 907 2524 978 ἐδιδάχθησαν,
2552 909 2644 962 τὸν
2692 909 2920 980 Κύριον,
2954 912 3048 965 καὶ
3087 912 3221 966 Θεὸν
3265 908 3404 968 εἶναι
3449 917 3546 970 καὶ
3572 915 3731 986 βασι-

2143 1000 2260 1065 λέα,
2295 1001 2388 1055 καί
2424 1002 2565 1075 ὑπὲρ
2594 1003 2750 1074 ἡμῶν
2779 1004 3195 1077 τεθνηξόμενον.
3235 1009 3506 1062 ’Ἄκουσον
3529 1010 3585 1064 δὲ
3632 1014 3735 1082 τῆς

2144 1092 2486 1164 προφητείας
2513 1109 2526 1123 ·
2563 1095 2980 1175 Κατακλιθεὶς,
3011 1096 3200 1167 φησὶν,
3258 1099 3606 1155 ἀνεπαύσατο
3655 1100 3733 1164 ὡς

2123 1183 2301 1248 λέων,
2337 1186 2430 1239 καὶ
2459 1185 2534 1251 ὡς
2569 1187 2830 1258 σκύμνος.
2889 1187 3021 1242 Ἰδοὺ
3052 1188 3113 1242 τὸ
3142 1188 3444 1260 βασιλικὸν,
3497 1192 3585 1246 διά
3631 1192 3728 1246 τοῦ

2143 1277 2375 1342 λέοντος,
2399 1278 2487 1333 διὰ
2517 1279 2574 1332 δέ
2605 1279 2723 1345 τοῦ,
2775 1279 3146 1344 κατακλιθεὶς,
3176 1282 3210 1352 ή
3241 1281 3529 1351 νέκρωσις.
3549 1285 3612 1337 Ol
3639 1284 3731 1337 εὐ-

2141 1370 2429 1437 λογοῦντες
2469 1388 2552 1436 σε,
2600 1370 2965 1442 εὐλόγηνταιο
2999 1372 3162 1442 ἱδοὺή
3210 1372 3422 1444 θεότης.
3465 1372 3576 1445 Τὴν
3618 1374 3732 1445 γάρ

2139 1464 2238 1534 τῆς
2269 1464 2518 1532 εὐλογίας
2554 1463 2783 1534 δύναμιν
2809 1463 2945 1534 μόνη
2971 1465 3005 1533 ή
3043 1464 3162 1517 θεία
3196 1464 3358 1534 φύσις
3379 1464 3512 1535 ἔχει.

2218 1575 2237 1608 ι
2281 1556 2390 1611 Καὶ
2438 1556 2909 1628 χρηματισθέντες
2952 1558 3071 1611 κατ’
3109 1557 3241 1630 δναρ
3277 1559 3351 1630 μὴ
3403 1558 3730 1631 ἀνακάμψαι

2138 1651 2277 1722 πρὸς
2317 1651 2588 1723 Ἡρώδην,
2633 1651 2702 1704 δι’
2735 1651 2904 1724 ἄλλης
2941 1651 3062 1706 ὀδοῦ
3105 1651 3464 1724 ἀνεχώρησαν
3496 1653 3576 1716 εἰς
3627 1653 3731 1723 τὴν

2139 1745 2321 1818 χώραν
2351 1744 2550 1801 αὐτῶν.
2587 1765 2607 1797 ι
2640 1747 2746 1799 Ἴδε
2779 1744 3134 1809 ἀκολουθίαν,
3166 1745 3384 1818 πρῶτον
3410 1745 3476 1799 δι’
3497 1746 3732 1818 ἀστέρος

2139 1836 2592 1910 ἐχειραγώγησεν
2640 1838 2892 1902 αὐτοὺςὸ
2934 1838 3068 1902 Θεὸς
3123 1839 3202 1902 είς
3224 1839 3322 1909 τὴν
3362 1838 3575 1892 πίστιν·
3608 1833 3732 1891 εἶτα

448 1947 573 1986 cum
617 1940 887 1987 venerunt
949 1932 1001 1986 in
1061 1929 1522 2002 Hierosolymam,
1581 1927 1768 1982 docuit
1795 1939 1892 1982 eos
1936 1939 2034 1994 per

2142 1900 2505 1994 ἐλθόντας
2542 1900 2915 2002 Ἰεροσόλυμα,
2970 1900 3209 1996 ἐδίδαξεν
3262 1900 3463 1994 αὐτοὺς
3491 1929 3579 1983 διά
3628 1929 3730 1983 τοῦ

449 2028 794 2097 prophetam,
819 2029 963 2098 quod
989 2028 1041 2082 in
1067 2026 1340 2083 Bethleem
1369 2033 1630 2080 nascatur
1657 2041 1672 2077 :
1702 2033 1759 2077 et
1791 2020 2030 2084 tandem,

450 2112 547 2190 per
591 2120 862 2191 angelum.
917 2121 980 2174 Et
1025 2121 1100 2174 illi
1163 2120 1430 2175 obetliunt
1481 2115 1726 2178 oraculo,
1779 2115 1881 2169 hoc
1927 2121 2031 2177 est,

450 2215 632 2269 divino
682 2214 977 2284 collaquio.
1039 2213 1274 2269 Oraculo
1321 2211 1491 2283 igitur
1521 2218 1769 2278 accepto,
1825 2205 1880 2260 id
1925 2213 2031 2270 est,

449 2308 784 2363 revelatione
835 2323 864 2361 a
919 2307 1029 2361 Deo
1060 2307 1269 2370 habita,
1303 2306 1682 2376 imposuerunt
1723 2298 1944 2365 Herodi,
1979 2305 2035 2352 et

449 2413 557 2454 nou
608 2399 906 2455 timuerunt
954 2413 1022 2454 ne
1066 2398 1206 2454 forte
1253 2397 1639 2462 insectaretur,
1701 2392 1799 2449 sed
1840 2388 2033 2446 conﬁsi

447 2500 578 2545 sunt
610 2491 812 2546 virtute
840 2491 980 2556 nati,
1005 2491 1229 2562 verique
1263 2498 1430 2546 testes
1463 2487 1704 2543 fuerunt.

520 2669 688 2727 Vsus.
718 2671 802 2726 15.
845 2687 865 2723 ι
906 2669 1178 2740 Digressis
1222 2679 1400 2724 autem
1438 2667 1566 2733 illis,
1629 2678 1760 2721 ecce
1810 2661 2033 2736 angelus

451 2763 662 2818 Domini
711 2765 764 2818 in
811 2764 1020 2819 somnis
1063 2773 1287 2834 apparet
1323 2760 1545 2833 Joseph,
1590 2761 1802 2823 dicens,
1837 2757 2030 2828 Surge,

449 2867 504 2910 et
535 2857 725 2926 accipe
773 2871 1002 2924 puerum
1032 2865 1087 2910 et
1123 2867 1353 2910 matrem
1387 2851 1529 2923 ejus.
1572 2869 1594 2907 ι
1632 2850 1825 2906 Vidisti
1867 2865 2031 2921 quam

449 2952 522 3004 ob
570 2948 677 3021 ιᾰ.
724 2964 946 3004 causam
996 2947 1305 3018 permiserit
1336 2946 1478 3002 Deus
1517 2945 1838 3016 desponsari
1869 2943 2032 3015 virgi-

457 3041 623 3096 nem?
657 3040 759 3096 Hie
791 3041 932 3096 enim
966 3049 1193 3110 apparet
1221 3039 1363 3109 quod
1395 3053 1426 3092 a
1463 3037 1572 3093 Deo
1601 3037 1803 3092 factum
1826 3046 1931 3102 est,
1975 3045 2034 3090 ut

449 3133 766 3202 diligentem
811 3131 930 3202 ejus
975 3145 1160 3186 curam
1208 3128 1408 3200 Ioseph
1449 3139 1689 3201 gereret.
1728 3127 1847 3184 Non
1898 3127 2035 3183 dixit

2141 2025 2445 2096 προφήτου,
2474 2024 2557 2077 ὅτι
2581 2024 2640 2076 ἐν
2676 2021 2926 2093 Βηθλεὲμ
2947 2024 3207 2090 γεννᾶται
3226 2038 3240 2052 ’
3270 2023 3364 2076 καί⁹
3393 2022 3730 2086 τελευταῖον,

2139 2116 2230 2170 διὰ
2254 2115 2346 2170 τοῦ
2374 2116 2630 2186 ἀγγέλου.
2681 2117 2744 2170 Oi
2774 2115 2832 2169 δὲ
2883 2115 3164 2170 πείθονται
3216 2115 3294 2187 τῷ
3328 2115 3731 2188 χρηματισμῷ,

2140 2209 2408 2276 τουτέστι,
2448 2211 2515 2280 τῇ
2551 2208 2672 2278 θείᾳ
2698 2208 2906 2279 ὁμιλίᾳ.
2927 2208 3414 2280 Χρηματισθέντες
3461 2209 3578 2276 οῦν,
3608 2200 3734 2280 ἦτοι

2141 2305 2292 2377 παρά
2329 2305 2422 2362 τοῦ
2481 2304 2616 2358 Θεοῦ
2677 2303 3021 2372 ἀποκάλυψιν
3069 2303 3376 2374 δεξάμενοι,
3433 2305 3733 2375 ἠπάτησαν

2151 2397 2399 2470 Ἡρώδην
2423 2415 2438 2430 ο
2469 2399 2562 2453 καὶ
2592 2398 2691 2454 οὐκ
2717 2397 3066 2470 ἐφοϐήθησαν
3091 2398 3286 2469 μήπως
3304 2397 3728 2468 ὲπιδιωχθῶσιν,

2140 2493 2254 2547 ἀλλ’
2301 2491 2617 2564 ἐθάρρησαν
2647 2493 2714 2562 τῇ
2739 2490 2835 2544 τοῦ
2858 2488 3214 2562 γεννηθέντος
3246 2488 3497 2559 δυνάμει,
3545 2487 3730 2548 οὕτως·

2139 2583 2278 2658 ἦσαν
2311 2585 2590 2656 μάρτυρες
2621 2583 2865 2654 ἀληθεῖς.

2217 2695 2235 2729 ι
2271 2675 2774 2747 Ἀναχωρησάντων
2794 2674 2851 2728 δὲ
2874 2673 3077 2740 αὐτῶν,
3106 2672 3214 2727 ἰδοὺ
3253 2672 3482 2741 ἄγγελος
3516 2669 3731 2742 Κυρίου

2140 2768 2261 2823 κατ’
2303 2769 2438 2839 δναρ
2467 2767 2718 2838 φαίνεται
2749 2766 2828 2838 τῷ
2890 2766 3112 2837 Ἰωσήφ,
3166 2764 3377 2832 λέγων·
3443 2763 3734 2834 Ἐγερθεὶς

2139 2862 2426 2935 παράλαϐε
2455 2862 2516 2916 τὸ
2537 2861 2750 2915 παιδίον
2783 2859 2882 2914 καὶ
2909 2859 3008 2931 τήν
3042 2858 3256 2930 μητέρα
3280 2857 3470 2914 αὐτοῦ.
3514 2875 3535 2909 ι
3574 2852 3734 2920 Εἶδες

2138 2956 2226 3012 διὰ
2251 2956 2412 3011 ποίαν
2438 2955 2618 3009 αἰτίαν
2649 2953 3027 3026 συνεχώρησεν
3055 2953 3086 3006 δ
3139 2951 3272 3015 Θεὸς
3325 2948 3734 3022 μνηστευθῆναι

2137 3049 2237 3122 τὴν
2258 3047 2533 3118 Παρθένον
2553 3063 2568 3113 ;
2609 3045 2874 3101 Ἐνταῦθα
2898 3045 3008 3117 γὰρ
3030 3042 3390 3115 προφαίνεται
3417 3059 3525 3107 σοι,
3555 3041 3649 3095 διὰ
3669 3040 3733 3094 τδ

2137 3139 2515 3211 ἐπιμελεῖσθαι
2549 3140 2754 3211 ταύτης
2776 3140 2870 3193 καὶ
2900 3137 3183 3210 κήδεσθαι.
3209 3135 3322 3190 Οὐκ
3354 3134 3478 3188 εἶπε
3497 3134 3578 3200 δὲ,
3613 3151 3728 3187 πα-

447 3235 651 3288 antem,
704 3225 892 3296 accipe
926 3238 1152 3280 uxorem
1201 3232 1373 3288 luant,
1422 3223 1519 3278 sed
1577 3232 1804 3276 matrem
1855 3221 2029 3291 pueri.

2141 3233 2339 3304 ράλαϐε
2368 3234 2468 3302 τὴν
2493 3233 2729 3302 γυναῖκά
2757 3249 2874 3298 σου,
2921 3230 3060 3284 ἀλλά
3088 3229 3188 3300 τὴν
3217 3227 3433 3300 μητέρα
3463 3226 3559 3280 τοῦ
3593 3243 3738 3281 παι-

450 3313 586 3368 Nam
633 3315 890 3383 quoniam
945 3313 1183 3383 suspicio
1213 3313 1392 3368 soluta
1445 3313 1566 3380 fuit,
1615 3324 1670 3368 et
1712 3313 1894 3384 justus
1938 3327 2033 3381 per

2141 3329 2272 3382 δίου.
2314 3327 2467 3381 Ἐπεὶ
2497 3327 2607 3399 γάρ
2633 3327 2665 3398 ή
2693 3324 2902 3396 ὑποψία
2944 3323 3134 3394 ἐλύθη.
3174 3323 3268 3376 καὶ
3292 3320 3735 3392 ἐπληροφορήθη

449 3407 716 3462 miracula
744 3407 797 3462 iu
829 3419 986 3478 partu
1028 3407 1168 3462 l‘acta
1212 3418 1545 3475 compertum
1585 3407 1774 3462 habuit
1811 3422 1874 3461 ex
1910 3404 2034 3476 Spi-

421 3501 560 3554 'ritu
593 3511 786 3555 sancto
813 3515 936 3556 esse
966 3502 1173 3566 omnia,
1216 3517 1321 3556 non
1354 3501 1493 3556 ultra
1544 3515 1766 3555 uxorem
1807 3497 1925 3564 ejus
1963 3496 2031 3551 il-

456 3592 564 3646 lam
615 3591 882 3647 nominat.
919 3610 939 3645 ι
993 3591 1060 3647 Et
1107 3592 1232 3665 fuge
1267 3595 1321 3649 in
1350 3593 1665 3665 Egyptum.
1717 3609 1736 3644 ι
1772 3590 1932 3661 Fugit
1977 3597 2034 3643 et

453 3683 744 3750 Dominus,
779 3693 838 3739 ut
876 3685 1133 3741 credatur
1163 3688 1305 3756 quod
1336 3700 1524 3742 revera
1563 3687 1728 3741 homo
1767 3684 1858 3740 sit.
1890 3681 2030 3737 Nam

450 3777 496 3831 si
547 3777 602 3830 in
640 3792 833 3832 manus
872 3777 1153 3835 incidisset
1190 3777 1438 3845 Herodis,
1477 3787 1533 3835 et
1575 3793 1686 3833 non
1715 3775 1910 3833 fuisset
1939 3790 2031 3832 oc-

448 3871 620 3936 cisus,
653 3871 861 3938 Opinati
891 3871 1122 3928 fuissent
1154 3873 1496 3928 incarnatum
1525 3885 1650 3926 eum
1681 3877 2027 3941 apparenter.

443 3955 502 4010 In
532 3955 1056 4028 {Egyptum-autem
1108 3958 1267 4030 fugit,
1313 3971 1372 4014 ut
1415 3968 1470 4014 et
1509 3958 1656 4014 illam
1701 3956 2025 4013 sanetiticet.

448 4048 576 4105 Duae
610 4053 756 4106 enim
805 4063 932 4108 sunt
963 4054 1214 4123 regiones
1255 4054 1434 4109 omnis
1480 4049 1735 4122 nequitiae
1781 4049 2028 4114 olllcinae,

446 4142 688 4214 Babylon
755 4144 1008 4199 videlicet
1055 4155 1112 4200 et
1171 4145 1461 4218 Egyptus.
1537 4143 1870 4214 Babylonem
1930 4157 2030 4212 per

447 4232 630 4303 Magos
668 4236 905 4304 suscepit
953 4236 1306 4290 adorantem:
1361 4234 1660 4307 Egyptum
1703 4241 1884 4290 autem
1929 4247 2027 4288 sua

445 4326 733 4394 praesentia
809 4326 1196 4382 sanctiﬁcavit.
1262 4344 1281 4379 ι
1323 4327 1391 4382 Et
1455 4336 1574 4383 esto
1645 4327 1788 4392 illic,
1855 4327 2028 4381 donec

445 4418 633 4472 dixero
662 4417 778 4472 tibi.
816 4435 836 4470 ι
873 4416 1003 4473 Esto
1045 4434 1143 4489 pro
1172 4419 1286 4474 eris
1332 4420 1460 4486 illic,
1489 4419 1664 4476 donec
1703 4433 1735 4472 a
1772 4418 1882 4474 Deo
1904 4417 2023 4485 jus-

447 4523 544 4564 sus
576 4507 765 4564 fueris.
813 4508 1042 4579 Oportet
1086 4511 1232 4566 enim
1265 4525 1364 4566 nos
1413 4510 1551 4566 nihil
1594 4509 1778 4566 facere
1830 4519 2030 4579 prater

2133 3423 2162 3475 ὁ
2187 3421 2396 3484 δίκαιος
2434 3419 2543 3476 ἀπὸ
2599 3419 2710 3472 τῶν
2750 3419 2810 3472 ἐν
2847 3417 2925 3490 τῷ
2973 3417 3119 3488 τόκῳ
3167 3414 3487 3485 θαυμάτων,
3548 3414 3636 3468 ὅτι
3667 3415 3735 3465 ἐκ

2133 3512 2456 3582 Πνεύματος
2487 3511 2646 3580 ἁγίου
2677 3509 2794 3564 ἐστὶ
2824 3509 3022 3575 πάντα,
3054 3509 3156 3564 οὐκ
3181 3508 3264 3562 ἔτι
3295 3509 3531 3577 γυναῖκα
3557 3506 3738 3561 αὐτοῦ

2131 3604 2387 3676 ὀνομάζει
2417 3603 2643 3675 ταύτην.
2673 3621 2692 3656 t
2717 3603 2828 3658 Καὶ
2858 3601 3027 3672 φεῦγε
3049 3603 3126 3666 είς
3142 3602 3442 3667 Αἴγυπτον.
3474 3617 3493 3652 ι
3525 3597 3738 3668 Φεύγει

2131 3697 2226 3750 καὶ
2246 3694 2515 3765 ὁΚύριος,
2539 3694 2629 3750 ἶνα
2661 3692 3026 3764 πιστώσηται,
3059 3693 3142 3746 ὅτι
3170 3692 3341 3755 δντως
3378 3691 3473 3745 καὶ
3504 3690 3738 3762 ἀνθρωο

2131 3804 2232 3853 πος
2250 3783 2339 3860 ἦν.
2373 3789 2435 3842 Et
2455 3787 2562 3860 γὰρ
2592 3789 2650 3840 ὲν
2677 3788 2796 3851 ταῖς
2821 3786 2979 3858 χερσὶ
3000 3784 3094 3840 τοῦ
3132 3783 3374 3857 Ἡρώδου
3403 3783 3677 3855 γενόμενο
3689 3803 3735 3849 ;,

2131 3880 2194 3934 οὐ
2219 3879 2522 3950 κατεκόπη,
2552 3877 2731 3943 ἔδοξεν
2758 3878 2824 3932 ἂν
2845 3876 2991 3932 κατά
3019 3876 3319 3947 φαντασίαν
3343 3876 3734 3948 σαρκωθῆναι.

2133 3973 2227 4036 Et:
2253 3975 2528 4042 Αἴγυπτον
2561 3972 2619 4027 δὲ
2672 3970 2900 4042 φεύγει,
2937 3971 3024 4024 ἵνα
3083 3973 3179 4024 καὶ
3224 3969 3439 4041 ἐκείνην
3490 3969 3736 4041 ἁγιάσῃ.

2131 4064 2237 4120 Δύο
2262 4067 2372 4136 γὰρ
2409 4061 2548 4136 ἦσαν
2582 4064 2760 4136 χῶραι
2815 4063 2997 4133 πάσης
3029 4061 3232 4127 κακίας
3283 4048 3656 4132 ἐργαστήρια,
3698 4063 3737 4132 ή

2138 4158 2398 4215 Βαϐυλὼν
2448 4159 2544 4213 καὶ
2568 4159 2866 4228 Αίγυπτος.
2899 4156 3010 4229 Τὴν
3043 4157 3142 4228 μὲν
3162 4155 3256 4210 οῦν
3287 4154 3614 4219 Βαϐυλῶνα,
3637 4154 3742 4209 διὰ

2130 4250 2239 4304 τῶν
2269 4251 2478 4318 Μάγων
2503 4248 2720 4315 ἐδέξατο
2744 4247 3159 4320 προσκυνοῦσαν
3176 4261 3195 4279 ⁸
3227 4245 3326 4317 τὴν
3350 4244 3738 4314 δὲΑῑγυπτον,

2128 4345 2195 4415 τῇ
2220 4343 2415 4396 ἑαυτοῦ
2441 4341 2716 4414 παρουσία
2746 4341 2994 4413 ήγίασεν.
3029 4357 3048 4392 ι
3086 4339 3198 4393 Καὶ
3223 4338 3332 4393 ῐσθι
3358 4339 3498 4402 ἐκεῖ,
3521 4337 3632 4402 ἕως
3663 4337 3742 4391 ἂν

2130 4440 2268 4492 είπω
2302 4454 2406 4493 σοι.
2447 4457 2466 4490 ι
2526 4436 2688 4501 Ἴσθι,
2725 4435 2848 4490 ἀντὶ
2874 4433 2968 4490 τοῦ
3019 4433 3112 4488 ἔσο
3142 4435 3282 4496 ἐκεῖ,
3311 4433 3473 4504 ἀχρις
3517 4432 3589 4486 ἂν
3615 4431 3743 4486 ἀπὸ

2128 4528 2265 4584 Θεοῦ
2295 4527 2616 4599 κελευσθῇς.
2644 4529 2736 4580 Δεῖ
2759 4529 2866 4598 γάρ
2905 4526 3054 4597 ἡμᾶς
3086 4524 3253 4597 μηδὲν
3273 4525 3450 4577 ποιεῖν
3485 4519 3596 4587 ἔξω
3621 4522 3740 4593 τῆς

447 4603 688 4657 divinam
720 4602 1078 4658 voluntatem.
1123 4621 1144 4656 ι
1189 4603 1526 4669 Quaesiturus
1554 4602 1698 4658 enim
1733 4610 1817 4658 est
1852 4601 2027 4658 Hero-

2141 4621 2284 4686 θείας
2319 4621 2535 4692 βουλῆς.
2591 4639 2610 4671 ‹
2643 4620 2841 4674 Μέλλει
2865 4618 2975 4689 γὰρ
3008 4617 3257 4688 Ἡρώδης
3279 4617 3468 4687 ζητεῖν
3499 4613 3564 4667 τὸ
3594 4630 3742 4668 παις

447 4698 818 4765 ἀεεαρυετυιιι,
852 4705 912 4752 ut
940 4697 1129 4768 perdat
1173 4697 1347 4752 illum.
1397 4713 1416 4748 ι
1451 4693 1588 4752 Vide
1620 4695 2027 4766 inc0gitantiam

447 4791 708 4858 hominis,
733 4791 827 4861 qui
867 4791 1081 4846 laborat
1109 4801 1167 4845 ut
1195 4789 1434 4846 divinam
1463 4789 1643 4844 vincat
1668 4789 2024 4843 voluntatem.

443 4883 580 4937 Nam
628 4885 672 4938 si
699 4884 920 4953 quidem
957 4897 1066 4939 non
1098 4891 1277 4939 estex
1309 4881 1444 4949 Deo,
1471 4881 1602 4952 quid
1629 4879 1823 4936 times?
1849 4880 1934 4935 sin
1959 4893 2028 4935 ex

442 4975 557 5034 Deo
574 4989 677 5045 est,
704 4976 982 5047 quomodo
1021 4977 1217 5050 perdes
1249 4975 1515 5047 puerum?

521 5069 685 5126 Vens.
717 5072 806 5137 14,
837 5071 926 5128 l5.
966 5089 986 5124 ι
1033 5070 1125 5126 llle
1150 5080 1330 5126 autem
1357 5069 1628 5126 excitatus
1656 5068 1867 5140 accepit
1893 5081 2025 5140 pue-
2091 5105 2096 5108 ν

446 5177 567 5216 rum
593 5173 651 5218 et
678 5174 905 5219 matrem
930 5163 1052 5234 ejus
1081 5173 1264 5230 nocte,
1292 5173 1348 5219 et
1373 5165 1598 5219 secessit
1622 5162 1676 5218 in
1707 5160 2027 5236 Egyptum,

445 5263 502 5310 et
530 5253 632 5310 fuit
661 5255 772 5332 illic
804 5271 975 5328 usque
1010 5259 1077 5313 ad
1101 5258 1306 5312 obitum
1339 5255 1598 5315 Herodis;
1622 5267 1682 5312 ut
1715 5260 2031 5330 impleretur

447 5349 590 5417 quod
622 5348 834 5444 dictum
875 5359 959 5405 est
1002 5363 1032 5403 a
1064 5348 1292 5444 Domino
1335 5364 1432 5420 per
1466 5351 1812 5421 prophetam,
1843 5349 2031 5406 dicen-

443 5448 594 5497 tem:
646 5441 726 5496 Ex
771 5441 1006 5514 Egypto
1054 5441 1488 5500 vocavi‘Filium
1535 5458 1736 5500 meum.
1766 5463 1785 5497 ι
1836 5444 2032 5501 Dicunt

443 5536 642 5608 Judaei,
681 5539 830 5610 quod
879 5549 1102 5613 propter
1152 5543 1406 5614 populum
1439 5542 1640 5598 dictum
1675 5542 1743 5600 sit
1778 5541 1905 5607 hoc,
1937 5542 2029 5612 qui

518 5728 562 5759 “
599 5685 764 5781 Num.
833 5742 986 5794 xxtv,
1043 5728 1097 5783 9.

2129 4716 2262 4783 δίον,
2288 4714 2382 4769 τοῦ
2411 4713 2674 4769 ἀπολέσαι
2703 4714 2856 4770 αὐτό.
2896 4732 2916 4766 ι
2949 4712 3057 4766 Ἴδε
3107 4710 3367 4780 ἀνοησίαν
3399 4706 3740 4779 ἀνθρώπου,

2129 4809 2227 4882 τὴν
2251 4809 2347 4863 τοῦ
2377 4807 2515 4863 Θεοῦ
2539 4806 2734 4879 βουλὴν
2767 4805 3059 4871 σπουδάζει
3085 4803 3328 4874 νικῆσαι.
3362 4803 3425 4856 Εί
3461 4801 3568 4872 μὲν
3609 4800 3748 4870 γὰρ

2127 4901 2229 4955 οὐκ
2258 4900 2405 4954 εστιν
2433 4903 2497 4953 ὲκ
2526 4898 2684 4963 Θεοῦ,
2710 4899 2763 4952 τί
2786 4897 2926 4969 φοϐῇ
2951 4915 2968 4966 ;
3005 4895 3071 4952 Εἰ
3092 4895 3150 4952 δέ
3181 4897 3246 4952 ἐκ
3267 4893 3403 4950 Θεοῦ
3433 4896 3578 4960 ἐστι,
3600 4893 3748 4959 πῶς

2130 4993 2364 5049 άπολέσε
2373 5011 2419 5055 ις
2451 4992 2513 5046 τὺ
2540 4991 2753 5046 παιδίον
2774 5011 2789 5059 ;

2205 5103 2224 5138 ι
2273 5085 2333 5138 'O
2366 5083 2424 5137 δὲ
2449 5122 2465 5147 ,
2495 5083 2740 5154 ἐγερθεὶς
2782 5081 3063 5153 παρέλαϐε
3109 5080 3172 5136 τὸ
3222 5078 3438 5135 παιδίον
3483 5079 3584 5134 καὶ
3617 5079 3751 5150 τὴν

2129 5177 2341 5250 μητέρα
2369 5173 2533 5229 αὐτοῦ
2565 5173 2782 5240 νυκτὸς,
2811 5173 2907 5228 καὶ
2937 5174 3286 5246 ἀνεχώρησεν
3305 5172 3385 5237 είς
3407 5172 3746 5240 Αἴγυπτον,

2125 5268 2221 5322 καὶ
2253 5263 2322 5340 ἦν
2355 5267 2474 5320 ἐκεῖ
2491 5264 2593 5329 ἕως
2616 5267 2716 5337 τῆς
2737 5263 2995 5336 τελευτῆς
3021 5263 3290 5336 Ἡρώδουο
3322 5264 3412 5318 ἵνα
3445 5262 3750 5335 πληρωθῇ

2124 5361 2187 5414 τὸ
2218 5359 2384 5432 ῥηθὲν
2407 5357 2514 5413 ὑπὸ
2543 5357 2638 5412 τοῦ
2679 5357 2888 5430 Κυρίου
2919 5357 3009 5412 διὰ
3048 5356 3146 5411 τοῦ
3185 5356 3492 5429 προφήτου,
3525 5354 3749 5424 λέγον-

2123 5466 2249 5517 τος⁶
2298 5451 2388 5518 Ἐξ
2432 5450 2712 5519 Αἰγύπτου
2742 5449 2982 5504 ἐκάλεσα
3031 5449 3122 5503 τὸν
3148 5448 3277 5502 Υίόν
3315 5464 3442 5518 μου.
3481 5464 3502 5500 ι
3547 5447 3756 5501 (tactv

2129 5550 2179 5602 ot
2217 5546 2483 5615 Ἰουδαῖοι,
2513 5545 2597 5599 ὅτι
2638 5545 2728 5600 διὰ
2758 5546 2850 5600 τὸν
2897 5543 3028 5599 λαδν
3053 5543 3254 5616 ἐρρέθη
3288 5542 3450 5598 τοῦτο
3513 5543 3609 5598 τὸν
3663 5541 3759 5597 ἐκ

516 5913 596 5984 (α)
647 5911 806 5970 Juxta
867 5914 1178 5972 versionem
1233 5914 1340 5972 τῶν
1390 5917 1470 5974 θ’.
1539 5916 1768 5991 Vulgata
1832 5917 2031 5986 habet,
2072 5918 2223 5990 quasi
2258 5918 2441 5975 (mna.
