4058 6470
625 325 735 389 175
1525 321 2099 382 ΤΠῙῖΟΡΠὶἹ.Α(ἸΤΙ
2147 321 2185 381 Π

2284 323 2560 384 ,ύΑΒΙίἙ
2600 325 2953 387 'ARCHIEP.
3771 334 3860 400 ΠΒ

627 450 733 502 ur,
761 433 1010 491 similiter
1040 440 1090 487 et
1127 431 1200 486 illi
1253 442 1452 501 patres.
1480 431 1707 495 hooest,
1740 434 2046 501 magistros,
2077 449 2171 501 pro

2300 434 2635 504 ἐξέρχονται,
2667 434 2810 489 οὕτω
2863 436 2957 489 καὶ
2989 429 3134 491 οὗτοι
3170 436 3294 501 τοὺς
3329 438 3596 509 πατέρας.
3640 440 3753 511 ἦτοι
3787 444 3855 499 ει-

625 533 812 599 phrtas
850 525 1191 583 occiderunt.
1220 525 1261 579 Α
1298 524 1477 579 futura
1524 527 1626 590 ira,
1678 525 1729 580 id
1778 538 1881 591 est,
1913 526 2185 595 gehennzc,

2298 526 2627 592 δασκάλους,
2661 528 2789 592 τοὺς
2822 528 3134 598 προφήτας,
3166 528 3420 598 ἐφόνευον
3446 544 3461 560 ·
3488 531 3600 583 ἀπὸ
3628 533 3723 602 τῆς
3748 538 3857 605 ps)?

623 621 814 687 inquit.
2299 615 2499 686 λούσης
2533 617 2590 669 δὲ
2618 617 2813 687 ὀργῆς,
2847 621 2947 689 τῆς
2971 619 3217 687 γεέννης,
3245 620 3428 690 φησίν.

692 710 858 765 Vens.
893 710 946 763 8.
987 730 1005 761 ‹
1047 708 1231 764 Facite
1265 709 1425 779 igitur
1462 709 1669 763 fructus
1705 709 1896 779 dignos
1925 707 2185 777 poeniten-

2380 726 2398 759 ι
2436 708 2709 777 Ποιήσατε
2749 705 2843 762 οὖν
2877 711 3124 778 καρποὺς
3149 708 3334 775 ἀξίους
3361 710 3460 781 τῆς
3496 714 3798 781 μετανοίας.
3833 738 3849 768 ι

622 802 725 855 tim.
771 819 787 850 ι
824 798 983 854 Vides
1011 800 1139 868 quid
1169 799 1331 861 dicat,
1361 798 1615 866 quoniam
1644 812 1749 850 non
1779 806 1992 865 oportet
2022 796 2185 849 solum

2314 799 2482 869 Ὁρᾷς
2514 800 2568 853 τί
2596 801 2763 868 λέγει,
2796 800 2877 853 ὅτι
2904 803 2965 853 ού
2995 802 3076 855 δεῖ
3098 802 3260 871 μόνον
3276 801 3502 869 φεύγειν
3519 801 3620 872 τὴν
3655 807 3851 871 κακίαν,

616 897 805 960 fugere
836 891 1118 953 malitiam,
1145 892 1238 943 sed
1265 890 1427 942 etiam
1471 889 1703 940 fructum
1741 888 1955 943 virtutis
1996 887 2185 943 facere.

2296 889 2432 942 ἀλλὰ
2467 889 2559 943 καὶ
2588 891 2832 959 καρποὺς
2858 892 3058 960 ἀρετῆς
3088 893 3281 945 ποιεῖν.
3327 910 3346 942 ί
3380 890 3671 943 Ἕκκλινον
3718 892 3816 962 γὰρ
3839 938 3850 957 ,

624 1007 642 1036 ι
684 986 896 1040 Declina
931 985 1097 1047 enim,
1130 984 1324 1051 inquit,
1352 997 1383 1035 a
1409 981 1549 1033 malo
1576 990 1627 1034 et
1658 979 1742 1034 fac
1781 981 1998 1035 bonum.
2028 1000 2046 1032 ι

2298 984 2486 1052 φησὶν,
2528 982 2637 1036 ἀπὸ
2670 981 2865 1048 κακοῦ,
2898 982 2993 1036 καὶ
3033 983 3254 1053 ποίησον
3277 983 3496 1051 ἀγαθόν.
3549 1002 3567 1034 ι

690 1077 855 1133 Vnus.
887 1076 939 1132 9.
978 1077 1099 1129 alit
1129 1090 1195 1129 ne
1222 1075 1340 1128 sitis
1380 1074 1478 1126 hac
1505 1081 1704 1137 mente,
1735 1081 1792 1125 ut
1827 1073 2018 1127 dicatis
2056 1073 2185 1142 apud

2375 1092 2393 1124 ι
2434 1075 2544 1127 Καὶ
2575 1071 2651 1143 μὴ
2679 1072 2868 1144 δόξητε
2894 1073 3075 1141 λέγειν
3093 1078 3151 1126 ὲν
3176 1076 3409 1136 ἐαυτοίςο
3437 1073 3658 1143 Πατέρα
3678 1074 3852 1144 ἔχομεν

626 1173 888 1241 rusipsos,
921 1168 1134 1223 Patrem
1169 1168 1427 1220 habemus
1465 1164 1757 1220 Abraham.
1801 1182 1820 1215 ι
1853 1163 1986 1217 llinc
2017 1167 2185 1234 perie-

2298 1166 2389 1220 τὸν
2436 1164 2707 1236 Ἀϐραάμ.
2754 1184 2772 1217 ι
2810 1165 2982 1219 Τοῦτο
3010 1160 3078 1237 ἦν
3113 1167 3295 1229 αὐτοῖς
3331 1167 3412 1228 εἰς
3460 1165 3755 1230 ἀπώλειαν,
3784 1169 3851 1221 ὅτι

618 1275 767 1327 runt,
804 1262 944 1332 quod
994 1263 1046 1315 in
1089 1248 1372 1315 nobilitate
1418 1271 1542 1310 -sua
1609 1255 1972 1310 conﬁdebant.
2010 1273 2027 1306 ι
2067 1256 2185 1309 Dice

2298 1261 2358 1312 ὲν
2391 1259 2647 1331 εὐγενείᾳ
2673 1260 2963 1332 ἐθάρρουν.
2998 1278 3018 1311 ι
3061 1260 3219 1327 Λέγω
3239 1260 3347 1331 γὰρ
3383 1261 3512 1331 ύμῖν
3542 1262 3626 1314 ὅτι
3653 1262 3850 1318 δύναται

615 1356 760 1408 enim
793 1352 968 1416 vobis,
1013 1351 1157 1420 quod
1195 1358 1371 1420 potest
1404 1346 1545 1401 Deus
1593 1348 1757 1400 etiam
1793 1360 1859 1400 cx
1895 1347 1977 1401 his
2006 1347 2185 1415 lapidi-

2296 1352 2325 1402 ὁ
2351 1350 2481 1413 Θεὸς
2512 1351 2605 1403 καὶ
2639 1351 2705 1403 ἐκ
2747 1349 2855 1404 τῶν
2901 1350 3067 1404 λίθων
3096 1350 3304 1403 τούτων
3351 1352 3567 1421 ἐγεῖραι
3602 1353 3761 1406 τέκνα
3785 1356 3850 1423 τῷ

616 1448 714 1503 bus
743 1446 1005 1501 suscitare
1058 1443 1195 1497 tilias
1235 1439 1488 1496 Abrahm.
1529 1458 1548 1492 ι
1599 1438 1696 1493 l‘er
1742 1438 1946 1508 lapides
1995 1438 2185 1492 intelli-

2310 1443 2579 1514 Ἀϐραάμ.
2621 1462 2637 1494 ι
2675 1442 2849 1506 Λίθοι,
2876 1442 3120 1497 νοοῦνται
3148 1442 3246 1513 μὲν
3274 1444 3367 1496 καὶ
3409 1444 3478 1495 τὰ
3514 1442 3665 1515 ἔθνη,
3701 1445 3757 1508 ἐξ
3784 1441 3850 1498 ὧν

612 1549 809 1609 guntur
854 1541 1017 1593 etiam
1070 1546 1281 1608 gentes,
1314 1552 1346 1589 e
1378 1537 1575 1603 quibus
1624 1537 1778 1591 multi
1820 1534 2190 1589 crediderunt.

613 1630 941 1700 Simpliciter
994 1640 1171 1682 tamen
1226 1626 1444 1679 dicebat
1496 1624 1762 1688 Joannes,
1828 1624 1974 1694 quod
2029 1624 2185 1678 etiam

2297 1628 2453 1683 τοῦτο
2481 1628 2686 1697 λέγειό
2731 1629 3004 1700 Ἰωάννης,
3052 1629 3133 1681 ὅτι
3161 1630 3255 1681 καὶ
3295 1629 3403 1683 ἀπὸ
3442 1629 3608 1682 λίοων
3648 1631 3847 1685 δύναται

610 1738 676 1775 ex
730 1720 995 1786 lapidibus
1057 1720 1223 1788 possit
1298 1717 1439 1771 Deus
1493 1715 1670 1772 facere
1730 1718 1869 1772 ﬁlios
1938 1719 2185 1770 Miratur.

2295 1720 2461 1773 τέκνα
2511 1720 2737 1790 ποιῆσαι
2778 1720 2855 1789 τῷ
2899 1709 3170 1790 Ἀϐραάμ.
3208 1721 3321 1773 Καὶ
3353 1721 3463 1790 γὰρ
3491 1720 3638 1784 λίθος
3674 1716 3737 1790 ἦν
3767 1724 3846 1773 καὶ

610 1817 735 1869 Erat
764 1814 907 1868 enim
939 1823 990 1867 et
1025 1812 1181 1865 Vulva
1209 1811 1357 1864 Sane
1384 1810 1541 1879 lapis,
1577 1818 1798 1879 prolttcr
1823 1810 2183 1871 sterilitatem,

2291 1815 2322 1881 ἡ
2362 1812 2542 1881 μήτρα
2573 1778 2669 1879 της
2697 1778 2932 1882 Σὰῥβας,
2963 1778 3051 1863 διὰ
3073 1778 3169 1881 τὴν
3201 1778 3512 1882 στείρωσιν,
3544 1778 3656 1864 ἀλλ’
3680 1778 3843 1866 έτεκεν

2299 1534 2485 1589 πολλοὶ⁸
2530 1535 2880 1592 ἐπίστευσαν.
2936 1537 3082 1607 Πλὴν
3136 1535 3273 1589 ἀλλὰ
3322 1537 3417 1590 καὶ
3465 1535 3642 1599 οὕτως
3684 1537 3847 1601 ἁπλῶς
3890 1603 3897 1609 ἦ

610 2092 856 2147 \ideutes
910 2088 1229 2142 cruciﬁxum
1261 2096 1315 2140 et
1346 2097 1531 2156 ruptas
1563 2096 1765 2157 petras,
1822 2085 2182 2137 crediderunt.

685 2182 848 2237 Vsus.
884 2163 973 2235 ιοῖ
1008 2198 1026 2233 ι
1061 2178 1179 2234 Jam
1209 2194 1335 2235 vero
1357 2189 1411 2234 et
1438 2179 1643 2234 securis
1672 2182 1736 2232 att
1769 2177 2001 2231 radicem
2026 2175 2186 2229 arbo-

610 2283 731 2329 rum
767 2274 940 2343 posita
968 2282 1071 2327 eSI.
1111 2290 1129 2324 ι
1160 2271 1409 2326 Securim
1459 2279 1617 2325 vocat
1641 2270 1902 2338 judicium
1935 2268 2139 2321 Domini
2169 2284 2181 2319 :

610 2373 833 2423 arbores
882 2376 1086 2431 autem,
1128 2364 1373 2434 singulos
1425 2370 1689 2417 nostrum.
1747 2361 1913 2430 Igitur
1958 2361 2050 2428 qui
2081 2375 2182 2412 nou

610 2458 942 2522 r-rcdiderit,
978 2458 1089 2526 jam
1138 2457 1263 2509 hinc
1321 2453 1571 2522 stirpitus
1624 2452 1984 2513 exsciuditnr,
2036 2460 2090 2503 et
2134 2451 2183 2502 in

609 2554 909 2623 gehennam
940 2549 1196 2604 mittitur.
1247 2564 1265 2598 ι
1301 2544 1685 2615 Οιιιιιὶειὶεἱιιιι-
1714 2542 1894 2597 arbor.
1933 2560 1951 2592 ι
1982 2541 2188 2596 Etiam-

610 2646 655 2701 si
686 2645 753 2698 ab
793 2643 1066 2698 Abraham
1119 2638 1437 2695 descendat.
1471 2655 1489 2687 ι
1526 2636 1641 2691 Non
1690 2634 1898 2690 faciens
1955 2634 2184 2690 fructum

609 2743 831 2792 bonum.
861 2753 880 2788 ι
905 2735 1017 2788 Non
1038 2732 1195 2798 dixit,
1216 2731 1347 2797 Quae
1369 2744 1473 2785 non
1498 2727 1645 2794 lecit,
1664 2724 1917 2794 sed,Non
1946 2726 2182 2791 faciens;

607 2839 821 2896 semper
850 2825 994 2880 enim
1033 2830 1245 2892 oportet
1279 2822 1513 2876 fructum
1548 2822 1711 2874 terre.
1744 2818 1883 2871 Nam
1920 2818 2041 2873 licet
2068 2817 2183 2871 beri

610 2914 920 2969 misericors
961 2912 1153 2976 fueris,
1205 2911 1367 2966 hodie
1411 2919 1593 2965 autem
1644 2908 1846 2975 rapias,
1875 2923 1978 2962 non
2009 2908 2184 2962 bonus

607 3002 735 3055 eris.
776 3020 795 3052 ι
829 2999 1124 3056 Exsecutur
1180 3010 1235 3056 et
1269 3002 1320 3055 in
1354 2999 1531 3071 ignem
1569 3000 1819 3054 mittitur.
1861 3020 1878 3051 ι
1915 2999 2185 3053 Gelienntc

608 3093 835 3149 scilicet.
1866 3092 1872 3097 ⁷

684 3185 845 3242 Vens.
878 3187 963 3241 Η.
1008 3204 1026 3239 ι
1072 3185 1186 3257 Ego
1211 3186 1428 3257 quidem
1478 3185 1697 3255 baptizo
1732 3199 1826 3240 vos
1867 3185 1919 3239 in
1948 3199 2085 3252 aqua
2115 3184 2183 3238 ad

606 3280 979 3349 pinnitentiam
1013 3294 1027 3333 :
1062 3279 1154 3347 qui
1206 3287 1384 3333 autem
1418 3288 1541 3347 post
1565 3291 1650 3331 me
1679 3276 1848 3339 venit,
1875 3274 2063 3329 fortior
2100 3290 2185 3328 me

606 3383 712 3427 est.
754 3388 772 3421 ι
810 3370 950 3424 Dixit
977 3369 1077 3435 eis,
1103 3367 1287 3424 Facite
1316 3366 1577 3422 fructum.
1608 3366 1855 3423 Ostendit
1890 3364 1998 3434 18
2024 3364 2185 3434 igitur

606 3463 729 3532 quis
785 3462 1016 3525 fructus,
1075 3473 1270 3528 nempe
1323 3461 1545 3513 credere
1593 3458 1647 3511 iu
1676 3471 1802 3511 cum
1844 3457 1937 3525 qui
1981 3464 2099 3523 post
2126 3469 2186 3510 se

606 3563 868 3609 venturus
897 3562 1033 3608 erat.
1080 3551 1236 3606 Venit
1260 3551 1404 3607 enim
1442 3557 1565 3621 post
1594 3564 1720 3606 cum
1745 3549 2013 3605 Christus.
2046 3549 2183 3604 Nam

608 3646 749 3700 sicut
793 3660 885 3699 sex
933 3653 1144 3699 tantum
1176 3642 1453 3699 mensibus
1506 3643 1804 3699 secundum
1845 3642 2182 3697 nativitatem

607 3738 878 3809 posterior
912 3752 978 3791 eo
1012 3746 1151 3802 erat,
1200 3737 1275 3791 ita
1303 3742 1358 3790 et
1378 3732 1531 3804 juxta
1562 3734 2054 3790 manifestatioucm
2084 3732 2186 3788 fuit

607 3829 896 3899 posterior.
927 3826 1305 3883 Manifestatus
1342 3836 1427 3882 est
1468 3827 1611 3882 enim
1649 3828 1801 3896 prius
1833 3821 2182 3879 Prmcursur:

604 3922 800 3979 deinde
825 3921 1099 3986 Christus,
1134 3919 1228 3991 qui
1262 3918 1332 3973 ab
1361 3933 1429 3975 eo
1468 3920 1838 3991 testimonium
1874 3932 2181 3987 accept-rat.

612 4036 631 4069 ι
665 4014 827 4084 Cujus
852 4029 956 4070 non
988 4028 1108 4069 sunt
1139 4014 1365 4068 idoneus
1394 4013 1764 4069 calceamenta
1793 4021 2028 4082 gestare.
2058 4027 2077 4060 ι
2107 4008 2185 4063 Nc

603 4120 911 4179 postremus
946 4106 1188 4173 quidem,
1244 4107 1457 4176 inquit,
1506 4106 1676 4175 ipsius
1722 4119 1840 4159 sum
1884 4114 2078 4157 servus
2126 4110 2184 4154 ut

606 4204 706 4253 ista
736 4208 960 4270 gestem.
984 4195 1086 4252 Per
1113 4196 1481 4253 calceamenta
1509 4208 1688 4253 autem
1723 4194 1993 4271 intelligas
2019 4200 2182 4254 etiam

605 4292 739 4343 duos
762 4288 1059 4343 descensus
1082 4286 1224 4355 ejus,
1263 4301 1456 4357 nempe
1487 4302 1609 4342 cum
1640 4290 1731 4358 qui
1761 4305 1791 4344 e
1818 4292 1971 4345 cwlis
2003 4292 2055 4345 in
2079 4302 2188 4346 ter-

603 4396 744 4446 ram,
769 4388 823 4435 et
843 4392 967 4434 eum
993 4378 1137 4450 quia
1159 4388 1305 4434 terra
1331 4379 1384 4433 in
1417 4378 1711 4434 infernum.
1743 4380 2182 4438 (iutceamentum

2206 3123 2253 3178 (Ξ

503 1963 508 1968 ,
610 1920 663 1960 et
691 1906 1042 1960 nihilominus
1089 1903 1321 1973 peperit.
1357 1900 1627 1956 Excitavit
1663 1913 1840 1955 autem
1873 1903 2010 1956 Dens
2053 1902 2185 1955 ﬁlios

2291 1904 2439 1973 ὅμως
2468 1920 2481 1932 ·
2528 1903 2715 1973 ⁸ἤγειρε
2766 1903 2824 1955 δὲ
2855 1904 2948 1957 καὶ
2981 1902 3149 1956 τέκνα
3177 1901 3256 1973 τῷ
3310 1902 3569 1973 Ἀϐραὰμ
3592 1906 3619 1955 ὁ
3664 1904 3842 1974 Κύριος

608 2000 842 2054 Abrahae
879 2012 943 2051 ex
977 1995 1243 2064 lapidibus
1274 2011 1288 2048 :
1322 1993 1607 2063 ecquando
1645 1992 1812 2048 vero?
1856 2009 1976 2045 cum
2012 1993 2184 2057 mnlti,
2234 2018 2236 2020 τ

2291 1996 2400 2048 ἀπὸ
2444 1995 2550 2049 τῶν
2603 1995 2765 2047 λίθων
2796 2011 2807 2024 ο
2849 1995 3022 2058 πότε;
3077 1993 3166 2047 ὅτε
3226 1996 3640 2065 σταυρουμένου
3674 1996 3839 2059 αὐτοῦ,

2294 2087 2492 2149 ἰδόντες
2529 2087 2713 2140 πολλοὶ
2743 2087 2837 2149 τὰς
2869 2085 3078 2157 πέτρας
3119 2088 3397 2157 ῥαγείσας.
3439 2087 3781 2140 ἐπίστευσαν.

2368 2198 2386 2229 ι
2420 2179 2565 2249 ’Ἤδη
2600 2178 2655 2231 δὲ
2685 2179 2827 2249 καὶὴ
2858 2176 3013 2247 ἀξίνη
3044 2177 3178 2248 πρὸς
3205 2176 3484 2248 τὴνιρίςαν
3507 2178 3615 2230 τῶν
3631 2177 3838 2248 δένδρων

2290 2273 2485 2325 κεῖται.
2502 2290 2519 2323 ι
2559 2271 2772 2339 ’Λξίνην
2788 2271 2936 2339 λέγει
2952 2270 3050 2339 τὴν
3066 2269 3159 2322 τοῦ
3181 2269 3417 2339 Χριστοῦ
3435 2287 3470 2322 κ
3479 2269 3641 2336 ρίσιν.
3659 2270 3838 2339 Δένδγια

2288 2364 2367 2427 δὲ,
2400 2366 2494 2417 ἕνα
2525 2365 2753 2417 ἕκαστον
2792 2364 2970 2433 ἡμῶν.
3009 2364 3067 2415 '0
3094 2359 3185 2415 οὖν
3220 2363 3294 2432 μὴ
3330 2363 3652 2429 πιστεύσας,
3680 2361 3838 2416 ὲντεῡο

2290 2457 2381 2508 Οεν
2430 2458 2531 2526 ἤδη
2584 2456 2909 2527 αύτὸρῤιζος
2941 2457 3332 2525 ἀποτέμνεται,
3379 2458 3477 2510 καὶ
3528 2456 3606 2520 είς
3638 2456 3838 2524 γέενναν

2288 2550 2638 2617 ὲμὸἀλλεται.
2680 2567 2699 2601 ι
2761 2550 2875 2603 Πᾶν
2925 2549 3019 2602 οὖν
3074 2549 3310 2619 δένδρον.
3389 2568 3406 2599 ι
3444 2549 3570 2602 Κᾶν
3611 2548 3712 2601 ἀπὸ
3757 2548 3835 2600 τοῦ

2300 2639 2550 2708 ’Δδραὰμ
2583 2639 2911 2709 κατάγηται.
2950 2655 2969 2688 ι
3013 2639 3104 2708 Μὴ
3138 2638 3324 2692 ποιοῦν
3364 2638 3579 2709 καρπὸν
3620 2637 3786 2692 καλάνι
3815 2657 3831 2687 ν

2287 2730 2400 2783 Ούκ
2432 2726 2578 2792 εἷπε,
2600 2730 2690 2799 Μὴ
2721 2729 2975 2798 ποιῆσαν,
3026 2730 3181 2796 ἀλλὰ,
3214 2729 3306 2796 Μὴ
3332 2729 3571 2784 ποιοῦν.
3615 2729 3715 2782 'Asl
3744 2729 3835 2797 γὰρ

2286 2820 2367 2873 δεῖ
2402 2823 2803 2890 καρποφορεῖν.
2838 2821 2901 2874 Εἰ
2944 2823 3051 2890 γὰρ
3082 2822 3204 2891 χθὲς
3230 2811 3492 2891 ἠλέησας,
3538 2823 3764 2892 σήμερον
3787 2820 3835 2872 δὲ

2287 2912 2575 2983 ἁρπάζεις,
2616 2915 2718 2967 οὐκ
2769 2914 3103 2985 εὐαρεστεῖς.
3143 2932 3161 2964 ι
3226 2915 3613 2978 Ἐκκότιτεται,
3661 2913 3745 2966 καὶ
3768 2916 3835 2975 εἰς

2287 3007 2399 3077 πῦρ
2429 3005 2704 3076 βάλλεται.
2748 3025 2766 3059 ι
2806 3007 2880 3061 Τὸ
2916 3006 3015 3078 τῆς
3044 3008 3286 3079 γεέννης.

2367 3208 2385 3239 ι
2429 3185 2572 3256 Ἐγὼ
2592 3187 2690 3257 μὲν
2713 3187 2962 3257 βαπτίζω
2985 3188 3129 3258 ὑμᾶς
3158 3188 3217 3241 ἐν
3241 3187 3393 3242 ὕδατι
3420 3189 3506 3252 είς
3537 3189 3832 3260 μετάνοιαν·

2286 3280 2315 3332 ὁ
2340 3278 2396 3332 δὲ
2435 3279 2611 3333 ὀπίσω
2648 3297 2751 3347 μου
2783 3281 3102 3350 ἐρχόμενος,
3124 3282 3468 3352 ἰσχυρότερός
3508 3300 3609 3354 μου
3639 3282 3788 3337 ἐστίν.
3814 3300 3829 3333 ι

2287 3369 2452 3425 Εῐπεν
2480 3371 2695 3435 αὐτοῖς’
2729 3373 2999 3443 Ποιήσατε
3029 3373 3259 3443 καρπόν.
3287 3372 3571 3427 Δείκνυσιν
3600 3371 3689 3428 οὖν
3718 3376 3789 3436 τίς
3810 3374 3835 3424 ὁ

2287 3463 2523 3535 καρπὸς,
2556 3465 2639 3517 ὅτι
2665 3464 2727 3517 τὸ
2759 3462 3051 3518 πιστεῦσαι
3080 3465 3159 3527 εἰς
3192 3463 3285 3516 τὸν
3311 3464 3489 3518 ὀπίσω
3516 3463 3675 3518 αὐτοῦ
3700 3463 3834 3534 ἐρχό-

2290 3574 2475 3627 μενον.
2531 3555 2741 3611 Ὀπίσω
2787 3556 2844 3609 δὲ
2883 3555 3048 3609 αὐτοῦ
3100 3556 3298 3626 ἦρχετο
3348 3557 3377 3608 ὁ
3414 3555 3686 3627 Χριστός·
3716 3552 3835 3607 καθὸ

2287 3651 2382 3704 καὶ
2413 3648 2640 3719 ὕστερος
2669 3647 2835 3702 αὐτοῦ
2861 3644 2930 3719 ἦν
2966 3648 3108 3701 κατὰ
3135 3647 3234 3716 τὴν
3272 3646 3550 3717 γέννησιν,
3590 3646 3647 3712 ἒξ
3673 3645 3832 3715 μόνοις

2290 3741 2478 3811 μησὶν,
2517 3741 2655 3795 ἀλλὰ
2699 3741 2793 3793 καὶ
2830 3740 2975 3793 κατά
3009 3740 3109 3810 τὴν
3136 3738 3468 3807 φανὲρωσιν.
3506 3736 3829 3808 Ἐφανερὼθη

2285 3832 2394 3904 γὰρ
2432 3832 2697 3902 πρότερον
2738 3831 2766 3882 ὁ
2815 3830 3156 3899 Πρόδρομος,
3216 3824 3338 3882 εἶτα
3394 3828 3423 3881 ὁ
3461 3829 3708 3901 Χριστὸς,
3751 3823 3833 3878 ὑπ’

2284 3923 2454 3978 αὐτοῦ
2487 3921 2881 3994 μαρτυρηθείς.
2910 3940 2928 3973 ι
2964 3914 3039 3973 Oi:
3068 3921 3169 3974 οὐκ
3201 3921 3319 3991 είμὶ
3350 3920 3536 3984 ἱκανὸς
3565 3919 3630 3973 τὰ
3658 3917 3830 3987 ὑποδή-

2289 4033 2434 4084 ματα
2465 4014 2751 4086 βαστάσαι.
2791 4031 2811 4063 ι
2839 4012 2974 4066 Οὐδὲ
3002 4011 3208 4079 δοῦλος,
3240 4014 3425 4084 φησιν,
3446 4012 3667 4084 ἔσχατος
3685 4006 3829 4065 αὐτοῦ

2244 4158 2249 4163 .
2286 4111 2427 4176 εἰμι,
2455 4105 2594 4159 ὥστε
2616 4105 2906 4176 βαστάζειν
2930 4104 3118 4158 ταῦτα.
3163 4105 3362 4176 ’Υποδή
3372 4123 3518 4172 ματα
3532 4104 3588 4156 δὲ
3619 4104 3828 4170 νοήσεις,

2286 4198 2505 4261 καὶτὰς
2542 4197 2635 4252 δύο
2666 4198 3000 4261 καταϐάσεις
3036 4195 3226 4262 αὐτοῦ,
3274 4199 3371 4264 τήν
3403 4213 3461 4250 τε
3512 4196 3574 4260 ἐξ
3623 4190 3827 4263 ούρανοῦ

2262 4292 2366 4353 εἰς
2388 4290 2512 4359 γῆν,
2549 4289 2642 4343 καὶ
2672 4290 2772 4358 τὴν
2804 4291 2870 4342 ὲκ
2904 4288 3009 4357 γῆς
3052 4291 3134 4351 είς
3171 4289 3265 4341 τὸν
3289 4287 3443 4359 ᾅδην.
3500 4285 3830 4354 ’Υποδήματα

2284 4382 2394 4453 γάρ
2418 4382 2556 4434 εἰσιν
2578 4384 2610 4451 ή
2638 4381 2937 4451 δερματίνη
2968 4379 3124 4451 σὰρξ,
3157 4381 3251 4433 καὶ
3272 4381 3305 4449 ὴ
3331 4380 3616 4448 νέκρωσις.
3636 4374 3828 4433 Ταύτας

603 4471 747 4524 enim
781 4478 861 4526 est
913 4470 1134 4542 pellicea
1189 4484 1321 4525 caro
1384 4479 1438 4525 et
1477 4470 1844 4526 mortiﬁcatio.
1881 4472 1988 4528 llos
2022 4474 2184 4543 igitur

2284 4474 2379 4527 οὖν
2428 4475 2525 4538 τὰς
2567 4474 2662 4527 δύο
2709 4472 3062 4538 καταϐάσεις,
3123 4475 3184 4526 οὐ
3235 4472 3460 4526 δύναται
3511 4471 3763 4543 βαστάσαι
3801 4466 3827 4515 ὁ

604 4563 743 4617 duos
787 4562 1079 4618 descensus
1107 4576 1213 4617 non
1254 4571 1433 4633 potest
1482 4573 1701 4631 portare
1733 4563 2066 4632 Prmcursor,
2101 4567 2183 4621 in-

603 4656 844 4727 telligere
872 4667 979 4709 non
1010 4653 1197 4710 valens
1242 4655 1516 4723 quomodo
1566 4654 1691 4710 tacti
1719 4658 1849 4713 sint.
1887 4676 1907 4710 ι
1937 4658 2059 4729 Ipse
2089 4674 2184 4714 vos

601 4748 898 4818 baptizabit
920 4749 972 4801 in
1002 4746 1207 4818 Spiritu
1230 4753 1439 4801 sancto.
1465 4764 1485 4798 ι
1522 4744 1636 4802 Hoc
1652 4756 1755 4813 est,
1780 4749 2063 4805 inundabit
2088 4765 2182 4805 vos

602 4842 826 4912 largiter
857 4840 1091 4911 Spiritus
1117 4840 1294 4896 sancti
1330 4837 1544 4907 gratiis,
1568 4840 1693 4908 quia
1733 4856 1934 4905 meum,
1984 4841 2178 4911 inquit,

602 4936 867 5004 baptisma
917 4948 1023 4990 non
1081 4934 1172 4990 dat
1213 4931 1545 5003 spiritualem
1580 4933 1968 5002 gratiampsed
2007 4949 2182 5003 neque
2247 4990 2251 4995 ,

603 5037 949 5096 peccatorum
1000 5024 1382 5082 remissionem
1423 5041 1438 5079 :
1472 5024 1589 5094 ipse
1621 5036 1803 5081 autem
1842 5037 1896 5082 et
1946 5029 2181 5083 remittet

602 5119 758 5172 vobis
786 5126 1025 5187 peccata,
1048 5128 1102 5172 et
1127 5115 1390 5186 Spiritum
1428 5116 1726 5171 liberaliter
1752 5118 1921 5173 dabit.

681 5208 841 5264 Vens.
876 5207 963 5264 12.
1004 5225 1025 5260 ι
1061 5207 1227 5279 Cujus
1274 5207 1638 5264 ventilabrum
1683 5207 1737 5263 itt
1773 5224 1929 5262 manu
1981 5208 2117 5277 ejus.
2151 5228 2170 5261 ι

603 5285 720 5357 Non
754 5299 987 5355 credatis
1036 5301 1180 5371 quod
1220 5300 1266 5355 si
1302 5300 1563 5371 baptizati
1610 5298 1823 5355 fueritis
1853 5301 1921 5357 ab
1979 5302 2090 5367 illo,
2121 5311 2177 5357 et

603 5391 802 5447 deinde
824 5392 1199 5460 peceaveritis,
1232 5391 1475 5462 ignoscat
1505 5392 1678 5448 vobis.
1711 5389 1849 5446 Nam
1873 5401 1928 5446 et
1951 5392 2178 5446 ventila-

601 5484 760 5540 brum
811 5484 990 5561 habet,
1041 5484 1145 5540 hoc
1190 5492 1297 5551 est,
1340 5483 1601 5554 judicium
1641 5494 1697 5539 et
1748 5483 2174 5553 inquisitionem.

608 5594 629 5628 ι
671 5575 736 5632 Ει
767 5578 1075 5649 repurgabit
1101 5591 1281 5633 aream
1304 5592 1483 5633 suam.
1520 5595 1541 5631 ι
1576 5576 1689 5632 Hoc
1720 5584 1820 5642 est,
1854 5574 2175 5641 Ecclesiam,

602 5681 723 5736 quas
770 5668 968 5725 multos
1016 5668 1231 5740 quidem
1272 5668 1434 5725 habet
1483 5667 1816 5738 baptizatos,
1870 5668 2009 5723 sicut
2051 5679 2176 5719 area

602 5774 762 5819 autne
796 5760 938 5834 quod
965 5762 1017 5817 in
1049 5775 1178 5838 agro
1207 5761 1411 5818 cultum
1460 5758 1559 5815 fuit
1589 5777 1602 5813 :
1639 5763 1731 5815 sed
1775 5761 1915 5815 inter
1958 5759 2055 5814 bus
2086 5756 2177 5813 alii

2286 4559 2622 4631 Πρόδρομος.
2681 4560 2756 4630 μὴ
2808 4561 3107 4632 δυνάμενος
3161 4562 3355 4630 νοῆσαι
3405 4560 3524 4623 πῶς
3579 4559 3822 4628 ἐγένοντο.

2289 4670 2308 4703 ι
2353 4651 2523 4715 Αὐτὸς
2570 4652 2713 4721 ὑμᾶς
2741 4651 2995 4722 βαπτίσει
3029 4654 3087 4705 ὲν
3116 4652 3395 4723 Πνεύματι
3426 4653 3587 4724 ἁγίῳ.
3622 4668 3640 4700 ο
3673 4647 3823 4700 Τοντο

2283 4747 2421 4809 έστι,
2479 4744 2827 4798 Κατακλύσει
2865 4744 3010 4816 ὑμᾶς
3040 4742 3285 4813 ἀφθόνως
3323 4747 3444 4809 ταῖς
3470 4745 3564 4798 τοῦ
3597 4739 3826 4809 Πνεύμα·

2280 4854 2373 4901 τος
2399 4839 2619 4911 χάρισιν
2651 4837 2807 4891 Ἐπεὶ
2837 4838 2897 4890 τὸ
2932 4836 3033 4907 μὲν
3058 4838 3209 4908 ἐμὸν,
3241 4838 3398 4909 φησι,
3437 4837 3731 4908 βάπτισμα,
3766 4828 3821 4881 οὐ

2281 4929 2463 4984 δίδωσι
2511 4926 2892 4999 πνευματικὴν
2936 4928 3125 4998 χάριν,
3179 4929 3302 4983 οὐδὲ
3350 4930 3459 4998 γὰρ
3500 4927 3598 4999 τὴν
3649 4924 3823 4992 ἄφεσιν

2281 5022 2568 5091 ἁμαρτιῶν
2588 5037 2603 5052 ο
2636 5020 2797 5084 αὐτὸς
2830 5021 2911 5088 δὲ,
2954 5021 3048 5074 καὶ
3074 5021 3274 5093 ἀφήσει
3303 5022 3451 5090 ὑμῖν,
3508 5020 3601 5074 καὶ⁵
3627 5012 3824 5082 Πνεῦμα

2279 5114 2520 5181 δαψιλῶς
2550 5114 2734 5169 δώσει.
3280 5124 3281 5127 “

2358 5225 2379 5258 ι
2413 5201 2491 5260 OB
2519 5207 2581 5260 τὸ
2615 5207 2783 5260 πτύον
2812 5208 2871 5260 ὲν
2902 5208 2967 5277 τῇ
2996 5206 3140 5278 χειρὶ
3167 5206 3356 5261 αὐτοῦ.
3396 5225 3415 5259 ι
3459 5205 3552 5276 Μὴ
3588 5201 3822 5272 νομίσητε

2277 5301 2362 5355 ὃτι
2402 5293 2501 5353 ea;
2533 5296 2869 5369 βαπτισθῆτε
2910 5298 3005 5352 ὑπ’
3044 5300 3272 5364 ἐκείνου,
3309 5295 3431 5353 εἶτα
3472 5295 3819 5369 ἁμαρτάνητεν

2280 5392 2625 5464 συγχωρήσει
2671 5390 2825 5461 ὑμῖν.
2874 5390 3040 5445 Ἀλλὰ
3084 5392 3179 5445 καὶ
3211 5391 3380 5446 πτύον
3405 5392 3541 5462 ἔχει,
3579 5382 3819 5442 τουτέστι,

2278 5484 2459 5554 κρίσιν
2484 5486 2579 5537 καὶ
2610 5483 2876 5549 ἐξέτασιν.
2928 5502 2947 5537 ι
3004 5483 3113 5536 Καὶ⁸
3160 5482 3501 5554 διακαθαριεῖ
3526 5480 3621 5551 τὴν
3663 5474 3822 5528 ἅλωνα

2280 5574 2468 5630 αὑτοῦ.
2504 5594 2524 5628 ι
2577 5574 2860 5641 Τουτέστι,
2897 5574 2997 5644 τὴν
3039 5572 3389 5644 Ἐκκλησίαν,
3442 5574 3563 5643 ἥτις
3618 5561 3822 5621 πολλοὺς

2281 5666 2381 5738 μὲν
2407 5666 2522 5736 ἔχει
2565 5665 3049 5736 βεϐαπτισμένους,
3078 5662 3266 5733 ὥσπερ
3314 5664 3467 5734 ἑν¹τῇ
3514 5660 3675 5716 ἆλωνι
3726 5650 3820 5702 πᾶν

2283 5757 2343 5810 τὸ
2375 5755 2644 5826 γεώργιον
2666 5773 2679 5787 ·
2716 5754 2832 5809 ἀλλ’
2894 5757 2951 5810 ὲν
2998 5754 3229 5822 τούτοις,
3263 5755 3313 5810 0i
3344 5754 3443 5825 μέν
3481 5754 3615 5807 εἰσιν
3642 5746 3817 5815 ἄχυρα,
