  <div class='ocr_page' id='page_1' title='image "/cluster/home/n/w/nwhite01/storage/ocr_20150623/123/hvd.32044019208198/096.png"; bbox 0 0 4058 6470; ppageno 0'>
   <div class='ocr_carea' id='block_1_1' title="bbox 221 441 330 503">
    <p class='ocr_par' dir='ltr' id='par_1_1' title="bbox 221 441 330 503">
     <span class='ocr_line' id='line_1_1' title="bbox 221 441 330 503; baseline 0.009 -1"><span class='ocrx_word' id='word_1_1' title='bbox 221 441 330 503; x_wconf 74' lang='lat'><strong>177</strong></span> 
     </span>
    </p>
   </div>
   <div class='ocr_carea' id='block_1_2' title="bbox 914 434 1841 499">
    <p class='ocr_par' dir='ltr' id='par_1_2' title="bbox 914 434 1841 499">
     <span class='ocr_line' id='line_1_2' title="bbox 914 434 1841 499; baseline -0.002 -2"><span class='ocrx_word' id='word_1_2' title='bbox 914 436 1357 499; x_wconf 74' lang='lat' dir='ltr'><strong>ENARRATIO</strong></span> <span class='ocrx_word' id='word_1_3' title='bbox 1401 435 1477 494; x_wconf 75' lang='lat' dir='ltr'><strong>1N</strong></span> <span class='ocrx_word' id='word_1_4' title='bbox 1526 434 1841 496; x_wconf 71' lang='lat' dir='ltr'><strong>EVANGE.</strong></span> 
     </span>
    </p>
   </div>
   <div class='ocr_carea' id='block_1_3' title="bbox 1946 434 2871 499">
    <p class='ocr_par' dir='ltr' id='par_1_3' title="bbox 1946 435 2871 496">
     <span class='ocr_line' id='line_1_3' title="bbox 1946 435 2871 496; baseline 0 -2"><span class='ocrx_word' id='word_1_5' title='bbox 1946 435 2027 494; x_wconf 74' lang='lat' dir='ltr'><strong>IM</strong></span> <span class='ocrx_word' id='word_1_6' title='bbox 2064 435 2217 496; x_wconf 76' lang='grc' dir='ltr'><strong>ῘιῘΑΤ</strong></span> <span class='ocrx_word' id='word_1_7' title='bbox 2235 435 2451 496; x_wconf 68' lang='grc' dir='ltr'>ΓιιΑΞῐ.</span> <span class='ocrx_word' id='word_1_8' title='bbox 2468 461 2537 471; x_wconf 89' lang='grc'><strong>·-·</strong></span> <span class='ocrx_word' id='word_1_9' title='bbox 2557 436 2715 496; x_wconf 75' lang='lat' dir='ltr'><strong>CAP.</strong></span> <span class='ocrx_word' id='word_1_10' title='bbox 2756 437 2871 496; x_wconf 85' lang='lat' dir='ltr'>III.</span> 
     </span>
    </p>
   </div>
   <div class='ocr_carea' id='block_1_4' title="bbox 3379 431 3483 496">
    <p class='ocr_par' dir='ltr' id='par_1_4' title="bbox 3379 431 3483 496">
     <span class='ocr_line' id='line_1_4' title="bbox 3379 431 3483 496; baseline 0 -1"><span class='ocrx_word' id='word_1_11' title='bbox 3379 431 3483 496; x_wconf 74' lang='grc'><strong>178</strong></span> 
     </span>
    </p>
   </div>
   <div class='ocr_carea' id='block_1_5' title="bbox 212 543 1841 618">
    <p class='ocr_par' dir='ltr' id='par_1_5' title="bbox 212 543 1841 618">
     <span class='ocr_line' id='line_1_5' title="bbox 212 543 1841 618; baseline -0.004 -16"><span class='ocrx_word' id='word_1_12' title='bbox 212 550 339 603; x_wconf 70' lang='grc' dir='ltr'>ὅσοι</span> <span class='ocrx_word' id='word_1_13' title='bbox 374 546 572 618; x_wconf 68' lang='grc' dir='ltr'>κοῦφοί</span> <span class='ocrx_word' id='word_1_14' title='bbox 603 547 711 600; x_wconf 78' lang='grc' dir='ltr'>εισι</span> <span class='ocrx_word' id='word_1_15' title='bbox 762 546 858 600; x_wconf 84' lang='grc' dir='ltr'>καὶ</span> <span class='ocrx_word' id='word_1_16' title='bbox 907 548 1017 611; x_wconf 87' lang='grc' dir='ltr'>τοῖς</span> <span class='ocrx_word' id='word_1_17' title='bbox 1053 545 1328 615; x_wconf 74' lang='grc' dir='ltr'>πνεύμασι</span> <span class='ocrx_word' id='word_1_18' title='bbox 1390 548 1489 614; x_wconf 74' lang='grc' dir='ltr'>τῆς</span> <span class='ocrx_word' id='word_1_19' title='bbox 1545 543 1841 613; x_wconf 68' lang='grc' dir='ltr'><strong>πονηρίας⁴</strong></span> 
     </span>
    </p>
   </div>
   <div class='ocr_carea' id='block_1_6' title="bbox 1946 543 3486 618">
    <p class='ocr_par' dir='ltr' id='par_1_6' title="bbox 1949 544 3486 616">
     <span class='ocr_line' id='line_1_6' title="bbox 1949 544 3486 616; baseline 0.001 -20"><span class='ocrx_word' id='word_1_20' title='bbox 1949 544 2127 599; x_wconf 83' lang='lat' dir='ltr'><strong>uident</strong></span> <span class='ocrx_word' id='word_1_21' title='bbox 2157 555 2281 600; x_wconf 87' lang='lat' dir='ltr'><strong>sunt</strong></span> <span class='ocrx_word' id='word_1_22' title='bbox 2312 546 2486 615; x_wconf 85' lang='lat' dir='ltr'><strong>palea,</strong></span> <span class='ocrx_word' id='word_1_23' title='bbox 2518 546 2568 601; x_wconf 95' lang='lat' dir='ltr'><strong>hi</strong></span> <span class='ocrx_word' id='word_1_24' title='bbox 2595 546 2803 602; x_wconf 78' lang='lat' dir='ltr'><strong>scilicet</strong></span> <span class='ocrx_word' id='word_1_25' title='bbox 2836 545 2927 616; x_wconf 90' lang='lat' dir='ltr'><strong>qui</strong></span> <span class='ocrx_word' id='word_1_26' title='bbox 2963 545 3105 601; x_wconf 73' lang='lat' dir='ltr'><strong>leves</strong></span> <span class='ocrx_word' id='word_1_27' title='bbox 3124 556 3269 609; x_wconf 85' lang='lat' dir='ltr'><strong>sunt,</strong></span> <span class='ocrx_word' id='word_1_28' title='bbox 3301 556 3353 600; x_wconf 86' lang='lat' dir='ltr'><strong>et</strong></span> <span class='ocrx_word' id='word_1_29' title='bbox 3377 548 3486 615; x_wconf 66' lang='grc' dir='ltr'>ενι.</span> 
     </span>
    </p>
   </div>
   <div class='ocr_carea' id='block_1_7' title="bbox 214 634 1807 708">
    <p class='ocr_par' dir='ltr' id='par_1_7' title="bbox 214 634 1807 708">
     <span class='ocr_line' id='line_1_7' title="bbox 214 634 1807 708; baseline -0.004 -15"><span class='ocrx_word' id='word_1_30' title='bbox 214 638 566 708; x_wconf 71' lang='grc' dir='ltr'><strong>κινούμενοι·</strong></span> <span class='ocrx_word' id='word_1_31' title='bbox 601 639 653 691; x_wconf 77' lang='grc' dir='ltr'>οἱ</span> <span class='ocrx_word' id='word_1_32' title='bbox 675 637 756 701; x_wconf 77' lang='grc' dir='ltr'><strong>δὲ,</strong></span> <span class='ocrx_word' id='word_1_33' title='bbox 796 640 963 700; x_wconf 75' lang='grc' dir='ltr'>σῖτος,</span> <span class='ocrx_word' id='word_1_34' title='bbox 1004 639 1118 691; x_wconf 78' lang='grc' dir='ltr'>ὅσοι</span> <span class='ocrx_word' id='word_1_35' title='bbox 1146 636 1243 690; x_wconf 79' lang='grc' dir='ltr'>καὶ</span> <span class='ocrx_word' id='word_1_36' title='bbox 1273 638 1491 706; x_wconf 76' lang='grc' dir='ltr'>ἐτέρους</span> <span class='ocrx_word' id='word_1_37' title='bbox 1518 634 1807 703; x_wconf 55' lang='grc' dir='ltr'>ὼρελοῦσι,</span> 
     </span>
    </p>
   </div>
   <div class='ocr_carea' id='block_1_8' title="bbox 217 725 1812 799">
    <p class='ocr_par' dir='ltr' id='par_1_8' title="bbox 217 725 1812 799">
     <span class='ocr_line' id='line_1_8' title="bbox 217 725 1812 799; baseline -0.002 -19"><span class='ocrx_word' id='word_1_38' title='bbox 217 730 324 781; x_wconf 73' lang='grc' dir='ltr'><strong>καὶ</strong></span> <span class='ocrx_word' id='word_1_39' title='bbox 372 728 640 799; x_wconf 75' lang='grc' dir='ltr'><strong>τρέφουσι</strong></span> <span class='ocrx_word' id='word_1_40' title='bbox 686 727 775 782; x_wconf 72' lang='grc' dir='ltr'><strong>διὰ</strong></span> <span class='ocrx_word' id='word_1_41' title='bbox 821 727 1173 791; x_wconf 77' lang='grc' dir='ltr'><strong>διδασκαλίας</strong></span> <span class='ocrx_word' id='word_1_42' title='bbox 1202 728 1297 779; x_wconf 80' lang='grc' dir='ltr'>καὶ</span> <span class='ocrx_word' id='word_1_43' title='bbox 1332 726 1605 798; x_wconf 79' lang='grc' dir='ltr'>πράξεως.</span> <span class='ocrx_word' id='word_1_44' title='bbox 1646 745 1663 777; x_wconf 84' lang='grc' dir='ltr'><strong>ι</strong></span> <span class='ocrx_word' id='word_1_45' title='bbox 1703 725 1812 778; x_wconf 81' lang='lat' dir='ltr'><strong>Kal.</strong></span> 
     </span>
    </p>
   </div>
   <div class='ocr_carea' id='block_1_9' title="bbox 220 817 1813 889">
    <p class='ocr_par' dir='ltr' id='par_1_9' title="bbox 220 817 1813 889">
     <span class='ocr_line' id='line_1_9' title="bbox 220 817 1813 889; baseline 0 -18"><span class='ocrx_word' id='word_1_46' title='bbox 220 820 461 883; x_wconf 77' lang='grc' dir='ltr'><strong>συνάξει</strong></span> <span class='ocrx_word' id='word_1_47' title='bbox 506 820 600 873; x_wconf 76' lang='grc' dir='ltr'>τὸν</span> <span class='ocrx_word' id='word_1_48' title='bbox 648 823 793 873; x_wconf 85' lang='grc' dir='ltr'>σῖτον</span> <span class='ocrx_word' id='word_1_49' title='bbox 839 821 920 883; x_wconf 78' lang='grc' dir='ltr'><strong>είς</strong></span> <span class='ocrx_word' id='word_1_50' title='bbox 973 819 1071 889; x_wconf 85' lang='grc' dir='ltr'><strong>τὴν</strong></span> <span class='ocrx_word' id='word_1_51' title='bbox 1100 820 1388 889; x_wconf 77' lang='grc' dir='ltr'><strong>ἀποθήκην</strong></span> <span class='ocrx_word' id='word_1_52' title='bbox 1428 818 1592 871; x_wconf 77' lang='grc' dir='ltr'>αὐτοῦ</span> <span class='ocrx_word' id='word_1_53' title='bbox 1618 836 1630 849; x_wconf 90' lang='grc'><strong>·</strong></span> <span class='ocrx_word' id='word_1_54' title='bbox 1664 817 1724 871; x_wconf 74' lang='grc' dir='ltr'>τὸ</span> <span class='ocrx_word' id='word_1_55' title='bbox 1753 817 1813 871; x_wconf 75' lang='grc' dir='ltr'><strong>δὲ</strong></span> 
     </span>
    </p>
   </div>
   <div class='ocr_carea' id='block_1_10' title="bbox 214 908 1813 979">
    <p class='ocr_par' dir='ltr' id='par_1_10' title="bbox 214 908 1813 979">
     <span class='ocr_line' id='line_1_10' title="bbox 214 908 1813 979; baseline 0.001 -19"><span class='ocrx_word' id='word_1_56' title='bbox 214 911 443 979; x_wconf 75' lang='grc' dir='ltr'>ἄχυρον</span> <span class='ocrx_word' id='word_1_57' title='bbox 473 911 814 965; x_wconf 78' lang='grc' dir='ltr'><strong>κατακαύσει</strong></span> <span class='ocrx_word' id='word_1_58' title='bbox 842 911 979 978; x_wconf 76' lang='grc' dir='ltr'>πυρὶ</span> <span class='ocrx_word' id='word_1_59' title='bbox 1003 911 1278 977; x_wconf 77' lang='grc' dir='ltr'>ἀσϐέστῳ.</span> <span class='ocrx_word' id='word_1_60' title='bbox 1307 929 1325 961; x_wconf 79' lang='grc' dir='ltr'><strong>ι</strong></span> <span class='ocrx_word' id='word_1_61' title='bbox 1364 908 1665 963; x_wconf 77' lang='grc' dir='ltr'>Ἀσὸεστόν</span> <span class='ocrx_word' id='word_1_62' title='bbox 1697 911 1813 962; x_wconf 79' lang='grc' dir='ltr'>ἐστι</span> 
     </span>
    </p>
   </div>
   <div class='ocr_carea' id='block_1_11' title="bbox 215 998 1813 1071">
    <p class='ocr_par' dir='ltr' id='par_1_11' title="bbox 215 998 1813 1071">
     <span class='ocr_line' id='line_1_11' title="bbox 215 998 1813 1071; baseline 0.001 -23"><span class='ocrx_word' id='word_1_63' title='bbox 215 1000 291 1049; x_wconf 68' lang='grc' dir='ltr'>τὸ</span> <span class='ocrx_word' id='word_1_64' title='bbox 330 998 450 1068; x_wconf 86' lang='grc' dir='ltr'><strong>πῦρ</strong></span> <span class='ocrx_word' id='word_1_65' title='bbox 482 1001 693 1052; x_wconf 82' lang='grc' dir='ltr'>ἐκεῖνο·</span> <span class='ocrx_word' id='word_1_66' title='bbox 735 1000 876 1053; x_wconf 83' lang='grc' dir='ltr'>ὥστε</span> <span class='ocrx_word' id='word_1_67' title='bbox 934 1000 1164 1071; x_wconf 81' lang='grc' dir='ltr'>φλυαρεῖ</span> <span class='ocrx_word' id='word_1_68' title='bbox 1214 1003 1243 1054; x_wconf 98' lang='lat'><strong>6</strong></span> <span class='ocrx_word' id='word_1_69' title='bbox 1288 1000 1590 1070; x_wconf 79' lang='grc' dir='ltr'>Ὦριγένης,</span> <span class='ocrx_word' id='word_1_70' title='bbox 1640 998 1813 1068; x_wconf 75' lang='grc' dir='ltr'>λέγων</span> 
     </span>
    </p>
   </div>
   <div class='ocr_carea' id='block_1_12' title="bbox 215 1093 1157 1164">
    <p class='ocr_par' dir='ltr' id='par_1_12' title="bbox 215 1093 1157 1164">
     <span class='ocr_line' id='line_1_12' title="bbox 215 1093 1157 1164; baseline 0.004 -20"><span class='ocrx_word' id='word_1_71' title='bbox 215 1094 314 1145; x_wconf 79' lang='grc' dir='ltr'>ὅτι</span> <span class='ocrx_word' id='word_1_72' title='bbox 356 1096 516 1149; x_wconf 77' lang='grc' dir='ltr'>ἔσται</span> <span class='ocrx_word' id='word_1_73' title='bbox 546 1093 698 1159; x_wconf 81' lang='grc' dir='ltr'>τέλος</span> <span class='ocrx_word' id='word_1_74' title='bbox 732 1093 830 1164; x_wconf 82' lang='grc' dir='ltr'><strong>τῆς</strong></span> <span class='ocrx_word' id='word_1_75' title='bbox 861 1093 1157 1156; x_wconf 78' lang='grc' dir='ltr'><strong>κολάσεως.</strong></span> 
     </span>
    </p>
   </div>
   <div class='ocr_carea' id='block_1_13' title="bbox 311 1182 1814 1256">
    <p class='ocr_par' dir='ltr' id='par_1_13' title="bbox 311 1182 1814 1256">
     <span class='ocr_line' id='line_1_13' title="bbox 311 1182 1814 1256; baseline -0.001 -20"><span class='ocrx_word' id='word_1_76' title='bbox 311 1206 332 1236; x_wconf 76' lang='grc' dir='ltr'><strong>ι</strong></span> <span class='ocrx_word' id='word_1_77' title='bbox 373 1187 512 1239; x_wconf 83' lang='grc' dir='ltr'>Τότε</span> <span class='ocrx_word' id='word_1_78' title='bbox 547 1185 911 1256; x_wconf 86' lang='grc' dir='ltr'>παραγίνεται</span> <span class='ocrx_word' id='word_1_79' title='bbox 937 1187 967 1239; x_wconf 96' lang='lat'><strong>6</strong></span> <span class='ocrx_word' id='word_1_80' title='bbox 1005 1184 1209 1256; x_wconf 83' lang='grc' dir='ltr'>Ἰησοῦς</span> <span class='ocrx_word' id='word_1_81' title='bbox 1245 1184 1352 1238; x_wconf 79' lang='grc' dir='ltr'>ἀπὸ</span> <span class='ocrx_word' id='word_1_82' title='bbox 1384 1185 1483 1254; x_wconf 83' lang='grc' dir='ltr'>τῆς</span> <span class='ocrx_word' id='word_1_83' title='bbox 1524 1182 1814 1245; x_wconf 77' lang='grc' dir='ltr'>Γαλιλαίας</span> 
     </span>
    </p>
   </div>
   <div class='ocr_carea' id='block_1_14' title="bbox 218 1274 1816 1349">
    <p class='ocr_par' dir='ltr' id='par_1_14' title="bbox 218 1274 1816 1349">
     <span class='ocr_line' id='line_1_14' title="bbox 218 1274 1816 1349; baseline -0.002 -19"><span class='ocrx_word' id='word_1_84' title='bbox 218 1280 329 1330; x_wconf 76' lang='grc' dir='ltr'><strong>ἐπὶ</strong></span> <span class='ocrx_word' id='word_1_85' title='bbox 360 1279 456 1331; x_wconf 64' lang='grc' dir='ltr'><strong>τὸν</strong></span> <span class='ocrx_word' id='word_1_86' title='bbox 498 1279 770 1349; x_wconf 73' lang='grc' dir='ltr'>Ἰορδάνην</span> <span class='ocrx_word' id='word_1_87' title='bbox 810 1278 946 1349; x_wconf 83' lang='grc' dir='ltr'>πρὸς</span> <span class='ocrx_word' id='word_1_88' title='bbox 970 1279 1063 1330; x_wconf 76' lang='grc' dir='ltr'>τὸν</span> <span class='ocrx_word' id='word_1_89' title='bbox 1096 1277 1369 1345; x_wconf 79' lang='grc' dir='ltr'><strong>Ἰωάννην,</strong></span> <span class='ocrx_word' id='word_1_90' title='bbox 1394 1276 1486 1329; x_wconf 91' lang='grc' dir='ltr'><strong>τοῦ</strong></span> <span class='ocrx_word' id='word_1_91' title='bbox 1513 1274 1816 1345; x_wconf 85' lang='grc' dir='ltr'>βαπτισθῆ-</span> 
     </span>
    </p>
   </div>
   <div class='ocr_carea' id='block_1_15' title="bbox 218 1366 1816 1439">
    <p class='ocr_par' dir='ltr' id='par_1_15' title="bbox 218 1366 1816 1439">
     <span class='ocr_line' id='line_1_15' title="bbox 218 1366 1816 1439; baseline -0.002 -17"><span class='ocrx_word' id='word_1_92' title='bbox 218 1389 325 1423; x_wconf 60' lang='lat' dir='ltr'><strong>sat</strong></span> <span class='ocrx_word' id='word_1_93' title='bbox 358 1372 455 1423; x_wconf 74' lang='grc' dir='ltr'>ὑπ’</span> <span class='ocrx_word' id='word_1_94' title='bbox 489 1370 655 1424; x_wconf 81' lang='grc' dir='ltr'>αὑτοῦ</span> <span class='ocrx_word' id='word_1_95' title='bbox 678 1388 691 1401; x_wconf 76' lang='grc' dir='ltr'><strong><em>ο</em></strong></span> <span class='ocrx_word' id='word_1_96' title='bbox 731 1371 760 1422; x_wconf 88' lang='lat'><strong>6</strong></span> <span class='ocrx_word' id='word_1_97' title='bbox 781 1370 838 1423; x_wconf 75' lang='grc' dir='ltr'><strong>δὲ</strong></span> <span class='ocrx_word' id='word_1_98' title='bbox 886 1370 1139 1439; x_wconf 83' lang='grc' dir='ltr'>Ἰωάννης</span> <span class='ocrx_word' id='word_1_99' title='bbox 1183 1368 1471 1423; x_wconf 80' lang='grc' dir='ltr'>διεκώλυεν</span> <span class='ocrx_word' id='word_1_100' title='bbox 1499 1368 1683 1429; x_wconf 72' lang='grc' dir='ltr'>αὐτὸν,</span> <span class='ocrx_word' id='word_1_101' title='bbox 1727 1366 1816 1420; x_wconf 80' lang='grc' dir='ltr'><strong>λέ-</strong></span> 
     </span>
    </p>
   </div>
   <div class='ocr_carea' id='block_1_16' title="bbox 219 1459 1814 1534">
    <p class='ocr_par' dir='ltr' id='par_1_16' title="bbox 219 1459 1814 1534">
     <span class='ocr_line' id='line_1_16' title="bbox 219 1459 1814 1534; baseline -0.003 -18"><span class='ocrx_word' id='word_1_102' title='bbox 219 1482 376 1530; x_wconf 50' lang='lat' dir='ltr'><strong>few.</strong></span> <span class='ocrx_word' id='word_1_103' title='bbox 409 1484 428 1516; x_wconf 77' lang='grc' dir='ltr'><strong>ι</strong></span> <span class='ocrx_word' id='word_1_104' title='bbox 454 1462 706 1534; x_wconf 78' lang='grc' dir='ltr'>Καθαρδς</span> <span class='ocrx_word' id='word_1_105' title='bbox 735 1462 810 1516; x_wconf 86' lang='grc' dir='ltr'><strong>ὣν</strong></span> <span class='ocrx_word' id='word_1_106' title='bbox 837 1462 1179 1532; x_wconf 75' lang='grc' dir='ltr'><strong>βαπτίζεται,</strong></span> <span class='ocrx_word' id='word_1_107' title='bbox 1213 1463 1298 1515; x_wconf 80' lang='grc' dir='ltr'><strong>ἵνα</strong></span> <span class='ocrx_word' id='word_1_108' title='bbox 1328 1464 1474 1532; x_wconf 80' lang='grc' dir='ltr'><strong>ἡμᾶς</strong></span> <span class='ocrx_word' id='word_1_109' title='bbox 1502 1459 1784 1530; x_wconf 81' lang='grc' dir='ltr'>άποπλύνῃ</span> <span class='ocrx_word' id='word_1_110' title='bbox 1803 1476 1814 1490; x_wconf 90' lang='grc'><strong>·</strong></span> 
     </span>
    </p>
   </div>
   <div class='ocr_carea' id='block_1_17' title="bbox 225 1551 1815 1627">
    <p class='ocr_par' dir='ltr' id='par_1_17' title="bbox 225 1551 1815 1627">
     <span class='ocr_line' id='line_1_17' title="bbox 225 1551 1815 1627; baseline -0.003 -20"><span class='ocrx_word' id='word_1_111' title='bbox 225 1559 340 1607; x_wconf 80' lang='grc' dir='ltr'>καὶ</span> <span class='ocrx_word' id='word_1_112' title='bbox 382 1556 474 1610; x_wconf 79' lang='grc' dir='ltr'>ἵνα</span> <span class='ocrx_word' id='word_1_113' title='bbox 504 1555 654 1627; x_wconf 80' lang='grc' dir='ltr'>δείξῃ</span> <span class='ocrx_word' id='word_1_114' title='bbox 683 1557 840 1626; x_wconf 78' lang='grc' dir='ltr'>ἡμῖν,</span> <span class='ocrx_word' id='word_1_115' title='bbox 875 1555 963 1607; x_wconf 71' lang='grc' dir='ltr'><strong>ἐπ’</strong></span> <span class='ocrx_word' id='word_1_116' title='bbox 996 1555 1062 1607; x_wconf 81' lang='grc' dir='ltr'>ἂν</span> <span class='ocrx_word' id='word_1_117' title='bbox 1112 1553 1395 1623; x_wconf 80' lang='grc' dir='ltr'><strong>μέλλωμεν</strong></span> <span class='ocrx_word' id='word_1_118' title='bbox 1430 1551 1815 1622; x_wconf 81' lang='grc' dir='ltr'>βαπτισθῆναι,</span> 
     </span>
    </p>
   </div>
   <div class='ocr_carea' id='block_1_18' title="bbox 224 1643 1818 1716">
    <p class='ocr_par' dir='ltr' id='par_1_18' title="bbox 224 1643 1818 1716">
     <span class='ocr_line' id='line_1_18' title="bbox 224 1643 1818 1716; baseline -0.003 -18"><span class='ocrx_word' id='word_1_119' title='bbox 224 1645 751 1716; x_wconf 79' lang='grc' dir='ltr'>προκαθαίρεσθαι·</span> <span class='ocrx_word' id='word_1_120' title='bbox 789 1646 879 1698; x_wconf 81' lang='grc' dir='ltr'>ἴνα</span> <span class='ocrx_word' id='word_1_121' title='bbox 926 1644 1002 1716; x_wconf 81' lang='grc' dir='ltr'>μὴ</span> <span class='ocrx_word' id='word_1_122' title='bbox 1048 1644 1368 1714; x_wconf 81' lang='grc' dir='ltr'>μολύνωμεν</span> <span class='ocrx_word' id='word_1_123' title='bbox 1412 1643 1473 1697; x_wconf 81' lang='grc' dir='ltr'>τὸ</span> <span class='ocrx_word' id='word_1_124' title='bbox 1514 1644 1818 1715; x_wconf 79' lang='grc' dir='ltr'>βάπτισμα,</span> 
     </span>
    </p>
   </div>
   <div class='ocr_carea' id='block_1_19' title="bbox 232 1735 1820 1808">
    <p class='ocr_par' dir='ltr' id='par_1_19' title="bbox 232 1735 1820 1808">
     <span class='ocr_line' id='line_1_19' title="bbox 232 1735 1820 1808; baseline -0.001 -19"><span class='ocrx_word' id='word_1_125' title='bbox 232 1738 388 1806; x_wconf 81' lang='grc' dir='ltr'>μετᾶ</span> <span class='ocrx_word' id='word_1_126' title='bbox 419 1736 594 1792; x_wconf 86' lang='grc' dir='ltr'>ταῦτα</span> <span class='ocrx_word' id='word_1_127' title='bbox 630 1737 869 1800; x_wconf 79' lang='grc' dir='ltr'><strong>εὐκόλως</strong></span> <span class='ocrx_word' id='word_1_128' title='bbox 891 1736 1278 1808; x_wconf 79' lang='grc' dir='ltr'>ῥυπαινόμενοι</span> <span class='ocrx_word' id='word_1_129' title='bbox 1315 1736 1405 1791; x_wconf 75' lang='grc' dir='ltr'>διὰ</span> <span class='ocrx_word' id='word_1_130' title='bbox 1436 1736 1533 1807; x_wconf 82' lang='grc' dir='ltr'>τὴν</span> <span class='ocrx_word' id='word_1_131' title='bbox 1568 1735 1820 1807; x_wconf 71' lang='grc' dir='ltr'>πονηρὰν</span> 
     </span>
    </p>
   </div>
   <div class='ocr_carea' id='block_1_20' title="bbox 234 1826 1815 1901">
    <p class='ocr_par' dir='ltr' id='par_1_20' title="bbox 234 1826 1815 1901">
     <span class='ocr_line' id='line_1_20' title="bbox 234 1826 1815 1901; baseline -0.001 -20"><span class='ocrx_word' id='word_1_132' title='bbox 234 1830 561 1901; x_wconf 76' lang='grc' dir='ltr'>συνήθειαν.</span> <span class='ocrx_word' id='word_1_133' title='bbox 597 1830 814 1885; x_wconf 70' lang='grc' dir='ltr'>κωλύει</span> <span class='ocrx_word' id='word_1_134' title='bbox 850 1830 908 1883; x_wconf 83' lang='grc' dir='ltr'><strong>δὲ</strong></span> <span class='ocrx_word' id='word_1_135' title='bbox 935 1830 1095 1883; x_wconf 78' lang='grc' dir='ltr'>αὐτὸν</span> <span class='ocrx_word' id='word_1_136' title='bbox 1128 1831 1156 1882; x_wconf 92' lang='lat'><strong>6</strong></span> <span class='ocrx_word' id='word_1_137' title='bbox 1197 1829 1471 1899; x_wconf 63' lang='grc' dir='ltr'>Ἰωάννης,</span> <span class='ocrx_word' id='word_1_138' title='bbox 1508 1829 1596 1882; x_wconf 83' lang='grc' dir='ltr'>ἵνα</span> <span class='ocrx_word' id='word_1_139' title='bbox 1628 1826 1703 1900; x_wconf 78' lang='grc' dir='ltr'>μὴ</span> <span class='ocrx_word' id='word_1_140' title='bbox 1732 1845 1815 1880; x_wconf 82' lang='grc' dir='ltr'><strong>νο-</strong></span> 
     </span>
    </p>
   </div>
   <div class='ocr_carea' id='block_1_21' title="bbox 237 1919 1825 1994">
    <p class='ocr_par' dir='ltr' id='par_1_21' title="bbox 237 1919 1825 1994">
     <span class='ocr_line' id='line_1_21' title="bbox 237 1919 1825 1994; baseline -0.003 -18"><span class='ocrx_word' id='word_1_141' title='bbox 237 1925 486 1991; x_wconf 58' lang='lat' dir='ltr'><strong>pistum)</strong></span> <span class='ocrx_word' id='word_1_142' title='bbox 520 1925 564 1976; x_wconf 82' lang='lat' dir='ltr'><strong>oi</strong></span> <span class='ocrx_word' id='word_1_143' title='bbox 599 1923 854 1994; x_wconf 84' lang='grc' dir='ltr'>ὁρῶντες,</span> <span class='ocrx_word' id='word_1_144' title='bbox 888 1924 981 1978; x_wconf 78' lang='grc' dir='ltr'><strong>καὶ</strong></span> <span class='ocrx_word' id='word_1_145' title='bbox 1026 1923 1189 1976; x_wconf 79' lang='grc' dir='ltr'>αὐτὸν</span> <span class='ocrx_word' id='word_1_146' title='bbox 1235 1922 1310 1985; x_wconf 84' lang='grc' dir='ltr'>ὡς</span> <span class='ocrx_word' id='word_1_147' title='bbox 1337 1922 1433 1974; x_wconf 73' lang='grc' dir='ltr'><strong>ἕνα</strong></span> <span class='ocrx_word' id='word_1_148' title='bbox 1480 1920 1586 1974; x_wconf 82' lang='grc' dir='ltr'><strong>τῶν</strong></span> <span class='ocrx_word' id='word_1_149' title='bbox 1616 1919 1825 1973; x_wconf 79' lang='grc' dir='ltr'>πολλῶν</span> 
     </span>
    </p>
   </div>
   <div class='ocr_carea' id='block_1_22' title="bbox 236 2008 1827 2082">
    <p class='ocr_par' dir='ltr' id='par_1_22' title="bbox 236 2008 1827 2082">
     <span class='ocr_line' id='line_1_22' title="bbox 236 2008 1827 2082; baseline -0.004 -17"><span class='ocrx_word' id='word_1_150' title='bbox 236 2016 324 2074; x_wconf 79' lang='grc' dir='ltr'>εἰς</span> <span class='ocrx_word' id='word_1_151' title='bbox 384 2012 677 2082; x_wconf 87' lang='grc' dir='ltr'>μετάνοιαν</span> <span class='ocrx_word' id='word_1_152' title='bbox 734 2012 1157 2082; x_wconf 77' lang='grc' dir='ltr'>βαπτιζόμενον.</span> <span class='ocrx_word' id='word_1_153' title='bbox 1207 2029 1225 2061; x_wconf 86' lang='grc' dir='ltr'><strong>ι</strong></span> <span class='ocrx_word' id='word_1_154' title='bbox 1281 2008 1424 2078; x_wconf 78' lang='grc' dir='ltr'><strong>Ἐγὼ</strong></span> <span class='ocrx_word' id='word_1_155' title='bbox 1478 2009 1669 2079; x_wconf 79' lang='grc' dir='ltr'>χρείαν</span> <span class='ocrx_word' id='word_1_156' title='bbox 1720 2009 1827 2078; x_wconf 74' lang='grc' dir='ltr'><strong>ἕχω</strong></span> 
     </span>
    </p>
   </div>
   <div class='ocr_carea' id='block_1_23' title="bbox 241 2094 1827 2175">
    <p class='ocr_par' dir='ltr' id='par_1_23' title="bbox 241 2094 1827 2175">
     <span class='ocr_line' id='line_1_23' title="bbox 241 2094 1827 2175; baseline -0.002 -19"><span class='ocrx_word' id='word_1_157' title='bbox 241 2106 353 2156; x_wconf 68' lang='grc' dir='ltr'>ὑπὸ</span> <span class='ocrx_word' id='word_1_158' title='bbox 388 2103 485 2157; x_wconf 86' lang='grc' dir='ltr'><strong>σοῦ</strong></span> <span class='ocrx_word' id='word_1_159' title='bbox 521 2104 908 2175; x_wconf 80' lang='grc' dir='ltr'>βαπτισθῆναι.</span> <span class='ocrx_word' id='word_1_160' title='bbox 942 2124 958 2155; x_wconf 78' lang='grc' dir='ltr'><strong>ι</strong></span> <span class='ocrx_word' id='word_1_161' title='bbox 997 2102 1200 2172; x_wconf 82' lang='grc' dir='ltr'>Χρείαν</span> <span class='ocrx_word' id='word_1_162' title='bbox 1229 2102 1338 2172; x_wconf 83' lang='grc' dir='ltr'>γὰρ</span> <span class='ocrx_word' id='word_1_163' title='bbox 1363 2094 1509 2171; x_wconf 74' lang='grc' dir='ltr'>εἶχεν</span> <span class='ocrx_word' id='word_1_164' title='bbox 1539 2103 1567 2153; x_wconf 90' lang='lat'><strong>6</strong></span> <span class='ocrx_word' id='word_1_165' title='bbox 1593 2102 1827 2171; x_wconf 69' lang='grc' dir='ltr'>Πρόδροο</span> 
     </span>
    </p>
   </div>
   <div class='ocr_carea' id='block_1_24' title="bbox 243 2190 1830 2267">
    <p class='ocr_par' dir='ltr' id='par_1_24' title="bbox 243 2190 1830 2267">
     <span class='ocr_line' id='line_1_24' title="bbox 243 2190 1830 2267; baseline -0.003 -19"><span class='ocrx_word' id='word_1_166' title='bbox 243 2216 348 2265; x_wconf 55' lang='lat' dir='ltr'><strong>eo;</strong></span> <span class='ocrx_word' id='word_1_167' title='bbox 385 2196 493 2248; x_wconf 72' lang='grc' dir='ltr'>ὑπὸ</span> <span class='ocrx_word' id='word_1_168' title='bbox 516 2195 608 2249; x_wconf 87' lang='grc' dir='ltr'><strong>τοῦ</strong></span> <span class='ocrx_word' id='word_1_169' title='bbox 643 2195 851 2267; x_wconf 75' lang='grc' dir='ltr'>Κυρίου</span> <span class='ocrx_word' id='word_1_170' title='bbox 880 2195 1301 2265; x_wconf 82' lang='grc' dir='ltr'>καθαρισθῆναι.</span> <span class='ocrx_word' id='word_1_171' title='bbox 1338 2192 1427 2256; x_wconf 86' lang='grc' dir='ltr'><strong>Ὠς</strong></span> <span class='ocrx_word' id='word_1_172' title='bbox 1456 2192 1564 2261; x_wconf 77' lang='grc' dir='ltr'>γὰρ</span> <span class='ocrx_word' id='word_1_173' title='bbox 1591 2192 1699 2245; x_wconf 72' lang='grc' dir='ltr'><strong>ἀπὸ</strong></span> <span class='ocrx_word' id='word_1_174' title='bbox 1738 2190 1830 2244; x_wconf 75' lang='grc' dir='ltr'>τοῦ</span> 
     </span>
    </p>
   </div>
   <div class='ocr_carea' id='block_1_25' title="bbox 256 2283 1834 2359">
    <p class='ocr_par' dir='ltr' id='par_1_25' title="bbox 256 2283 1834 2359">
     <span class='ocr_line' id='line_1_25' title="bbox 256 2283 1834 2359; baseline -0.003 -18"><span class='ocrx_word' id='word_1_175' title='bbox 256 2289 437 2359; x_wconf 69' lang='grc' dir='ltr'>Ἀδὰμ</span> <span class='ocrx_word' id='word_1_176' title='bbox 462 2288 857 2358; x_wconf 77' lang='grc' dir='ltr'><strong>καταγόμενος,</strong></span> <span class='ocrx_word' id='word_1_177' title='bbox 879 2290 972 2342; x_wconf 71' lang='grc' dir='ltr'><strong>καὶ</strong></span> <span class='ocrx_word' id='word_1_178' title='bbox 990 2287 1151 2350; x_wconf 74' lang='grc' dir='ltr'>αὐτὸς</span> <span class='ocrx_word' id='word_1_179' title='bbox 1171 2285 1473 2355; x_wconf 82' lang='grc' dir='ltr'>ὲπεσύρετο</span> <span class='ocrx_word' id='word_1_180' title='bbox 1499 2284 1553 2337; x_wconf 79' lang='grc' dir='ltr'>τὸ</span> <span class='ocrx_word' id='word_1_181' title='bbox 1581 2283 1834 2354; x_wconf 69' lang='grc' dir='ltr'>μόλυσμα</span> 
     </span>
    </p>
   </div>
   <div class='ocr_carea' id='block_1_26' title="bbox 242 2374 1832 2450">
    <p class='ocr_par' dir='ltr' id='par_1_26' title="bbox 242 2374 1832 2450">
     <span class='ocr_line' id='line_1_26' title="bbox 242 2374 1832 2450; baseline -0.003 -17"><span class='ocrx_word' id='word_1_182' title='bbox 242 2383 307 2433; x_wconf 66' lang='grc' dir='ltr'>τὸ</span> <span class='ocrx_word' id='word_1_183' title='bbox 343 2384 411 2434; x_wconf 74' lang='grc' dir='ltr'><strong>ἐκ</strong></span> <span class='ocrx_word' id='word_1_184' title='bbox 440 2382 540 2449; x_wconf 78' lang='grc' dir='ltr'>τῆς</span> <span class='ocrx_word' id='word_1_185' title='bbox 566 2380 850 2450; x_wconf 79' lang='grc' dir='ltr'><strong>παρακοῆς</strong></span> <span class='ocrx_word' id='word_1_186' title='bbox 875 2395 887 2408; x_wconf 89' lang='grc'><strong>·</strong></span> <span class='ocrx_word' id='word_1_187' title='bbox 922 2381 950 2433; x_wconf 94' lang='lat'><strong>6</strong></span> <span class='ocrx_word' id='word_1_188' title='bbox 979 2377 1213 2448; x_wconf 77' lang='grc' dir='ltr'>Χριστὸς</span> <span class='ocrx_word' id='word_1_189' title='bbox 1249 2377 1305 2431; x_wconf 81' lang='grc' dir='ltr'><strong>δὲ</strong></span> <span class='ocrx_word' id='word_1_190' title='bbox 1352 2374 1676 2447; x_wconf 76' lang='grc' dir='ltr'>σαρκωθεὶς,</span> <span class='ocrx_word' id='word_1_191' title='bbox 1704 2377 1832 2428; x_wconf 72' lang='grc' dir='ltr'>ἑκά·</span> 
     </span>
    </p>
   </div>
   <div class='ocr_carea' id='block_1_27' title="bbox 245 2464 1826 2540">
    <p class='ocr_par' dir='ltr' id='par_1_27' title="bbox 245 2464 1826 2540">
     <span class='ocr_line' id='line_1_27' title="bbox 245 2464 1826 2540; baseline -0.006 -17"><span class='ocrx_word' id='word_1_192' title='bbox 245 2471 448 2540; x_wconf 67' lang='lat' dir='ltr'><strong>(lipth</strong></span> <span class='ocrx_word' id='word_1_193' title='bbox 472 2469 699 2534; x_wconf 83' lang='grc' dir='ltr'>πάντας.</span> <span class='ocrx_word' id='word_1_194' title='bbox 737 2488 754 2520; x_wconf 88' lang='grc' dir='ltr'><strong>ι</strong></span> <span class='ocrx_word' id='word_1_195' title='bbox 783 2469 893 2524; x_wconf 73' lang='grc' dir='ltr'><strong>Καὶ</strong></span> <span class='ocrx_word' id='word_1_196' title='bbox 920 2469 984 2521; x_wconf 77' lang='grc' dir='ltr'><strong>σὺ</strong></span> <span class='ocrx_word' id='word_1_197' title='bbox 1019 2468 1155 2538; x_wconf 76' lang='grc' dir='ltr'><strong>ἔρχῃ</strong></span> <span class='ocrx_word' id='word_1_198' title='bbox 1185 2468 1317 2539; x_wconf 79' lang='grc' dir='ltr'>πρός</span> <span class='ocrx_word' id='word_1_199' title='bbox 1352 2483 1417 2536; x_wconf 90' lang='grc' dir='ltr'><strong>με</strong></span> <span class='ocrx_word' id='word_1_200' title='bbox 1447 2485 1459 2529; x_wconf 90' lang='grc'>;</span> <span class='ocrx_word' id='word_1_201' title='bbox 1485 2485 1503 2517; x_wconf 80' lang='grc' dir='ltr'><strong>ι</strong></span> <span class='ocrx_word' id='word_1_202' title='bbox 1537 2465 1648 2518; x_wconf 83' lang='grc' dir='ltr'>Οῦκ</span> <span class='ocrx_word' id='word_1_203' title='bbox 1677 2464 1826 2518; x_wconf 75' lang='grc' dir='ltr'>ἐτόλ-</span> 
     </span>
    </p>
   </div>
   <div class='ocr_carea' id='block_1_28' title="bbox 249 2557 1833 2631">
    <p class='ocr_par' dir='ltr' id='par_1_28' title="bbox 249 2557 1833 2631">
     <span class='ocr_line' id='line_1_28' title="bbox 249 2557 1833 2631; baseline -0.002 -18"><span class='ocrx_word' id='word_1_204' title='bbox 249 2580 430 2631; x_wconf 68' lang='grc' dir='ltr'>μησεν</span> <span class='ocrx_word' id='word_1_205' title='bbox 461 2564 656 2629; x_wconf 79' lang='grc' dir='ltr'>εἰπεῖν,</span> <span class='ocrx_word' id='word_1_206' title='bbox 705 2562 786 2615; x_wconf 79' lang='grc' dir='ltr'><strong>ὅτι</strong></span> <span class='ocrx_word' id='word_1_207' title='bbox 835 2563 945 2614; x_wconf 70' lang='grc' dir='ltr'>Καὶ</span> <span class='ocrx_word' id='word_1_208' title='bbox 990 2561 1053 2613; x_wconf 70' lang='grc' dir='ltr'><strong>σὺ</strong></span> <span class='ocrx_word' id='word_1_209' title='bbox 1088 2558 1320 2630; x_wconf 78' lang='grc' dir='ltr'>βαπτίζῃ</span> <span class='ocrx_word' id='word_1_210' title='bbox 1364 2559 1455 2611; x_wconf 82' lang='grc' dir='ltr'><strong>ὑπ’</strong></span> <span class='ocrx_word' id='word_1_211' title='bbox 1488 2557 1833 2627; x_wconf 77' lang='grc' dir='ltr'>ὲμοῦ;άλλά,</span> 
     </span>
    </p>
   </div>
   <div class='ocr_carea' id='block_1_29' title="bbox 253 2653 1303 2729">
    <p class='ocr_par' dir='ltr' id='par_1_29' title="bbox 253 2653 1303 2729">
     <span class='ocr_line' id='line_1_29' title="bbox 253 2653 1303 2729; baseline 0 -23"><span class='ocrx_word' id='word_1_212' title='bbox 253 2676 272 2706; x_wconf 74' lang='grc' dir='ltr'><strong>ι</strong></span> <span class='ocrx_word' id='word_1_213' title='bbox 300 2656 418 2709; x_wconf 73' lang='grc' dir='ltr'>Καὶ</span> <span class='ocrx_word' id='word_1_214' title='bbox 444 2656 508 2708; x_wconf 82' lang='grc' dir='ltr'><strong>σὺ</strong></span> <span class='ocrx_word' id='word_1_215' title='bbox 540 2655 709 2729; x_wconf 80' lang='grc' dir='ltr'>ἔρχῃ;</span> <span class='ocrx_word' id='word_1_216' title='bbox 747 2675 765 2706; x_wconf 72' lang='grc' dir='ltr'><strong>ι</strong></span> <span class='ocrx_word' id='word_1_217' title='bbox 798 2654 965 2716; x_wconf 71' lang='grc' dir='ltr'>οὕτως</span> <span class='ocrx_word' id='word_1_218' title='bbox 1001 2653 1303 2718; x_wconf 75' lang='grc' dir='ltr'>γ,ῦ).α6;ἰτο.</span> 
     </span>
    </p>
   </div>
   <div class='ocr_carea' id='block_1_30' title="bbox 330 2740 1834 2818">
    <p class='ocr_par' dir='ltr' id='par_1_30' title="bbox 330 2740 1834 2818">
     <span class='ocr_line' id='line_1_30' title="bbox 330 2740 1834 2818; baseline 0.001 -20"><span class='ocrx_word' id='word_1_219' title='bbox 330 2767 351 2798; x_wconf 71' lang='grc' dir='ltr'><strong>ι</strong></span> <span class='ocrx_word' id='word_1_220' title='bbox 409 2746 758 2818; x_wconf 68' lang='grc' dir='ltr'>Ἀποκριθεὶς</span> <span class='ocrx_word' id='word_1_221' title='bbox 805 2747 862 2800; x_wconf 76' lang='grc' dir='ltr'><strong>δὲ</strong></span> <span class='ocrx_word' id='word_1_222' title='bbox 921 2749 949 2800; x_wconf 89' lang='lat'><strong>6</strong></span> <span class='ocrx_word' id='word_1_223' title='bbox 1006 2747 1233 2815; x_wconf 79' lang='grc' dir='ltr'>Ἰησοῦς,</span> <span class='ocrx_word' id='word_1_224' title='bbox 1271 2740 1391 2799; x_wconf 76' lang='grc' dir='ltr'>εἶπε</span> <span class='ocrx_word' id='word_1_225' title='bbox 1448 2746 1582 2815; x_wconf 73' lang='grc' dir='ltr'>πρὸς</span> <span class='ocrx_word' id='word_1_226' title='bbox 1626 2746 1834 2800; x_wconf 81' lang='grc' dir='ltr'>αὐτόν’</span> 
     </span>
    </p>
   </div>
   <div class='ocr_carea' id='block_1_31' title="bbox 255 2837 1836 2912">
    <p class='ocr_par' dir='ltr' id='par_1_31' title="bbox 255 2837 1836 2912">
     <span class='ocr_line' id='line_1_31' title="bbox 255 2837 1836 2912; baseline -0.002 -20"><span class='ocrx_word' id='word_1_227' title='bbox 255 2843 434 2908; x_wconf 57' lang='grc' dir='ltr'>Ἄρες</span> <span class='ocrx_word' id='word_1_228' title='bbox 455 2839 601 2912; x_wconf 71' lang='grc' dir='ltr'>ἄρτι.</span> <span class='ocrx_word' id='word_1_229' title='bbox 643 2858 661 2891; x_wconf 76' lang='grc' dir='ltr'><strong>ι</strong></span> <span class='ocrx_word' id='word_1_230' title='bbox 699 2839 833 2905; x_wconf 82' lang='grc' dir='ltr'>Νῦν,</span> <span class='ocrx_word' id='word_1_231' title='bbox 879 2840 1035 2910; x_wconf 76' lang='grc' dir='ltr'>φησὶ,</span> <span class='ocrx_word' id='word_1_232' title='bbox 1090 2837 1525 2909; x_wconf 78' lang='grc' dir='ltr'>παραχώρησον·</span> <span class='ocrx_word' id='word_1_233' title='bbox 1573 2839 1725 2890; x_wconf 81' lang='grc' dir='ltr'>ἕσται</span> <span class='ocrx_word' id='word_1_234' title='bbox 1781 2838 1836 2890; x_wconf 79' lang='grc' dir='ltr'>δὲ</span> 
     </span>
    </p>
   </div>
   <div class='ocr_carea' id='block_1_32' title="bbox 257 2928 1837 3002">
    <p class='ocr_par' dir='ltr' id='par_1_32' title="bbox 257 2928 1837 3002">
     <span class='ocr_line' id='line_1_32' title="bbox 257 2928 1837 3002; baseline -0.002 -17"><span class='ocrx_word' id='word_1_235' title='bbox 257 2933 459 3002; x_wconf 70' lang='grc' dir='ltr'>καιρὸς</span> <span class='ocrx_word' id='word_1_236' title='bbox 504 2932 594 2985; x_wconf 77' lang='grc' dir='ltr'><strong>ὅτε</strong></span> <span class='ocrx_word' id='word_1_237' title='bbox 628 2931 727 3001; x_wconf 84' lang='grc' dir='ltr'>τὴν</span> <span class='ocrx_word' id='word_1_238' title='bbox 777 2930 933 2996; x_wconf 82' lang='grc' dir='ltr'>ἀξίαν</span> <span class='ocrx_word' id='word_1_239' title='bbox 967 2929 1124 2996; x_wconf 75' lang='grc' dir='ltr'>δόξαν</span> <span class='ocrx_word' id='word_1_240' title='bbox 1172 2931 1394 3001; x_wconf 69' lang='grc' dir='ltr'>ἕξομεν,</span> <span class='ocrx_word' id='word_1_241' title='bbox 1459 2931 1560 2984; x_wconf 75' lang='grc' dir='ltr'>κᾶν</span> <span class='ocrx_word' id='word_1_242' title='bbox 1614 2930 1687 2999; x_wconf 85' lang='grc' dir='ltr'>μὴ</span> <span class='ocrx_word' id='word_1_243' title='bbox 1744 2928 1837 2982; x_wconf 89' lang='grc' dir='ltr'><strong>νῦν</strong></span> 
     </span>
    </p>
   </div>
   <div class='ocr_carea' id='block_1_33' title="bbox 255 3020 1837 3094">
    <p class='ocr_par' dir='ltr' id='par_1_33' title="bbox 255 3020 1837 3094">
     <span class='ocr_line' id='line_1_33' title="bbox 255 3020 1837 3094; baseline -0.004 -17"><span class='ocrx_word' id='word_1_244' title='bbox 255 3023 612 3094; x_wconf 77' lang='grc' dir='ltr'>φαινώμεθα.</span> <span class='ocrx_word' id='word_1_245' title='bbox 655 3044 673 3075; x_wconf 87' lang='grc' dir='ltr'><strong>ι</strong></span> <span class='ocrx_word' id='word_1_246' title='bbox 708 3024 866 3077; x_wconf 73' lang='grc' dir='ltr'>Οὕτω</span> <span class='ocrx_word' id='word_1_247' title='bbox 890 3026 996 3093; x_wconf 82' lang='grc' dir='ltr'><strong>γὰρ</strong></span> <span class='ocrx_word' id='word_1_248' title='bbox 1032 3024 1240 3094; x_wconf 76' lang='grc' dir='ltr'>πρέπον</span> <span class='ocrx_word' id='word_1_249' title='bbox 1278 3024 1424 3076; x_wconf 78' lang='grc' dir='ltr'>ἐστὶν</span> <span class='ocrx_word' id='word_1_250' title='bbox 1460 3023 1590 3092; x_wconf 85' lang='grc' dir='ltr'><strong>ἡμῖν</strong></span> <span class='ocrx_word' id='word_1_251' title='bbox 1616 3020 1837 3090; x_wconf 83' lang='grc' dir='ltr'>πληρῶ-</span> 
     </span>
    </p>
   </div>
   <div class='ocr_carea' id='block_1_34' title="bbox 258 3114 1838 3187">
    <p class='ocr_par' dir='ltr' id='par_1_34' title="bbox 258 3114 1838 3187">
     <span class='ocr_line' id='line_1_34' title="bbox 258 3114 1838 3187; baseline -0.004 -16"><span class='ocrx_word' id='word_1_252' title='bbox 258 3135 356 3171; x_wconf 88' lang='grc' dir='ltr'><strong>σαι</strong></span> <span class='ocrx_word' id='word_1_253' title='bbox 380 3119 563 3170; x_wconf 75' lang='grc' dir='ltr'>πᾶσαν</span> <span class='ocrx_word' id='word_1_254' title='bbox 592 3116 966 3186; x_wconf 82' lang='grc' dir='ltr'>δικαιοσύνην.</span> <span class='ocrx_word' id='word_1_255' title='bbox 1005 3137 1023 3168; x_wconf 83' lang='grc' dir='ltr'><strong>ι</strong></span> <span class='ocrx_word' id='word_1_256' title='bbox 1057 3117 1160 3169; x_wconf 73' lang='grc' dir='ltr'><strong>Τὸν</strong></span> <span class='ocrx_word' id='word_1_257' title='bbox 1191 3116 1352 3187; x_wconf 74' lang='grc' dir='ltr'>νόμον</span> <span class='ocrx_word' id='word_1_258' title='bbox 1383 3114 1532 3183; x_wconf 88' lang='grc' dir='ltr'>λέγει</span> <span class='ocrx_word' id='word_1_259' title='bbox 1568 3114 1838 3169; x_wconf 79' lang='grc' dir='ltr'>δικαιοσύ-</span> 
     </span>
    </p>
   </div>
   <div class='ocr_carea' id='block_1_35' title="bbox 1916 635 3484 707">
    <p class='ocr_par' dir='ltr' id='par_1_35' title="bbox 1916 635 3484 707">
     <span class='ocr_line' id='line_1_35' title="bbox 1916 635 3484 707; baseline -0.001 -18"><span class='ocrx_word' id='word_1_260' title='bbox 1916 636 2111 691; x_wconf 82' lang='lat' dir='ltr'><strong>ritihus</strong></span> <span class='ocrx_word' id='word_1_261' title='bbox 2145 635 2366 691; x_wconf 84' lang='lat' dir='ltr'><strong>malitiae</strong></span> <span class='ocrx_word' id='word_1_262' title='bbox 2395 636 2672 707; x_wconf 85' lang='lat' dir='ltr'><strong>agitantur</strong></span> <span class='ocrx_word' id='word_1_263' title='bbox 2707 653 2719 687; x_wconf 91' lang='lat'><strong>:</strong></span> <span class='ocrx_word' id='word_1_264' title='bbox 2754 636 2845 692; x_wconf 84' lang='lat' dir='ltr'><strong>alii</strong></span> <span class='ocrx_word' id='word_1_265' title='bbox 2882 646 3060 692; x_wconf 85' lang='lat' dir='ltr'><strong>autem</strong></span> <span class='ocrx_word' id='word_1_266' title='bbox 3093 636 3354 700; x_wconf 86' lang='lat' dir='ltr'><strong>triticum,</strong></span> <span class='ocrx_word' id='word_1_267' title='bbox 3391 638 3484 705; x_wconf 82' lang='lat' dir='ltr'><strong>qui</strong></span> 
     </span>
    </p>
   </div>
   <div class='ocr_carea' id='block_1_36' title="bbox 1912 726 3485 798">
    <p class='ocr_par' dir='ltr' id='par_1_36' title="bbox 1912 726 3485 798">
     <span class='ocr_line' id='line_1_36' title="bbox 1912 726 3485 798; baseline 0 -17"><span class='ocrx_word' id='word_1_268' title='bbox 1912 727 2032 781; x_wconf 83' lang='lat' dir='ltr'><strong>aliis</strong></span> <span class='ocrx_word' id='word_1_269' title='bbox 2063 726 2221 783; x_wconf 83' lang='lat' dir='ltr'><strong>utiles</strong></span> <span class='ocrx_word' id='word_1_270' title='bbox 2250 735 2397 792; x_wconf 89' lang='lat' dir='ltr'><strong>sunt,</strong></span> <span class='ocrx_word' id='word_1_271' title='bbox 2429 735 2485 782; x_wconf 92' lang='lat' dir='ltr'><strong>et</strong></span> <span class='ocrx_word' id='word_1_272' title='bbox 2512 727 2649 783; x_wconf 86' lang='lat' dir='ltr'><strong>alios</strong></span> <span class='ocrx_word' id='word_1_273' title='bbox 2688 734 2920 798; x_wconf 87' lang='lat' dir='ltr'><strong>pascunt</strong></span> <span class='ocrx_word' id='word_1_274' title='bbox 2947 726 3190 783; x_wconf 72' lang='lat' dir='ltr'><strong>doctrina</strong></span> <span class='ocrx_word' id='word_1_275' title='bbox 3221 732 3275 780; x_wconf 90' lang='lat' dir='ltr'><strong>et</strong></span> <span class='ocrx_word' id='word_1_276' title='bbox 3297 740 3485 793; x_wconf 82' lang='lat' dir='ltr'><strong>opere.</strong></span> 
     </span>
    </p>
   </div>
   <div class='ocr_carea' id='block_1_37' title="bbox 1920 816 3486 888">
    <p class='ocr_par' dir='ltr' id='par_1_37' title="bbox 1920 816 3486 888">
     <span class='ocr_line' id='line_1_37' title="bbox 1920 816 3486 888; baseline -0.001 -18"><span class='ocrx_word' id='word_1_277' title='bbox 1920 838 1939 870; x_wconf 78' lang='grc' dir='ltr'><strong>ι</strong></span> <span class='ocrx_word' id='word_1_278' title='bbox 1986 820 2053 875; x_wconf 87' lang='grc' dir='ltr'>Ει</span> <span class='ocrx_word' id='word_1_279' title='bbox 2080 818 2433 888; x_wconf 79' lang='lat' dir='ltr'><strong>congregahit</strong></span> <span class='ocrx_word' id='word_1_280' title='bbox 2462 818 2701 874; x_wconf 88' lang='lat' dir='ltr'><strong>triticum</strong></span> <span class='ocrx_word' id='word_1_281' title='bbox 2732 818 2785 871; x_wconf 92' lang='lat' dir='ltr'><strong>iu</strong></span> <span class='ocrx_word' id='word_1_282' title='bbox 2818 817 3073 872; x_wconf 83' lang='lat' dir='ltr'><strong>horreum</strong></span> <span class='ocrx_word' id='word_1_283' title='bbox 3099 831 3276 881; x_wconf 88' lang='lat' dir='ltr'><strong>suum,</strong></span> <span class='ocrx_word' id='word_1_284' title='bbox 3304 816 3486 885; x_wconf 79' lang='lat' dir='ltr'><strong>paleas</strong></span> 
     </span>
    </p>
   </div>
   <div class='ocr_carea' id='block_1_38' title="bbox 1915 905 3490 980">
    <p class='ocr_par' dir='ltr' id='par_1_38' title="bbox 1915 905 3490 980">
     <span class='ocr_line' id='line_1_38' title="bbox 1915 905 3490 980; baseline -0.003 -16"><span class='ocrx_word' id='word_1_285' title='bbox 1915 919 2095 964; x_wconf 80' lang='lat' dir='ltr'><strong>autem</strong></span> <span class='ocrx_word' id='word_1_286' title='bbox 2117 909 2399 966; x_wconf 82' lang='lat' dir='ltr'><strong>comburet</strong></span> <span class='ocrx_word' id='word_1_287' title='bbox 2438 909 2544 980; x_wconf 92' lang='lat' dir='ltr'><strong>igui</strong></span> <span class='ocrx_word' id='word_1_288' title='bbox 2587 907 3033 977; x_wconf 71' lang='lat' dir='ltr'><strong>iuexstinguihili.</strong></span> <span class='ocrx_word' id='word_1_289' title='bbox 3070 926 3089 959; x_wconf 80' lang='grc' dir='ltr'><strong>ι</strong></span> <span class='ocrx_word' id='word_1_290' title='bbox 3129 905 3490 977; x_wconf 71' lang='lat' dir='ltr'><strong>luexsdngui~</strong></span> 
     </span>
    </p>
   </div>
   <div class='ocr_carea' id='block_1_39' title="bbox 1917 995 3489 1070">
    <p class='ocr_par' dir='ltr' id='par_1_39' title="bbox 1917 995 3489 1070">
     <span class='ocr_line' id='line_1_39' title="bbox 1917 995 3489 1070; baseline -0.001 -16"><span class='ocrx_word' id='word_1_291' title='bbox 1917 1002 2082 1056; x_wconf 82' lang='lat' dir='ltr'><strong>bilem</strong></span> <span class='ocrx_word' id='word_1_292' title='bbox 2108 1002 2253 1056; x_wconf 89' lang='lat' dir='ltr'><strong>illum</strong></span> <span class='ocrx_word' id='word_1_293' title='bbox 2305 1003 2483 1070; x_wconf 83' lang='lat' dir='ltr'><strong>ignem</strong></span> <span class='ocrx_word' id='word_1_294' title='bbox 2525 1009 2703 1056; x_wconf 87' lang='lat' dir='ltr'><strong>vocat.</strong></span> <span class='ocrx_word' id='word_1_295' title='bbox 2756 999 2909 1055; x_wconf 88' lang='lat' dir='ltr'><strong>Unde</strong></span> <span class='ocrx_word' id='word_1_296' title='bbox 2947 1009 3176 1070; x_wconf 88' lang='lat' dir='ltr'><strong>nugatur</strong></span> <span class='ocrx_word' id='word_1_297' title='bbox 3208 995 3489 1068; x_wconf 72' lang='lat' dir='ltr'><strong>Origenes,</strong></span> 
     </span>
    </p>
   </div>
   <div class='ocr_carea' id='block_1_40' title="bbox 1917 1090 3201 1160">
    <p class='ocr_par' dir='ltr' id='par_1_40' title="bbox 1917 1090 3201 1160">
     <span class='ocr_line' id='line_1_40' title="bbox 1917 1090 3201 1160; baseline -0.001 -14"><span class='ocrx_word' id='word_1_298' title='bbox 1917 1094 2102 1147; x_wconf 87' lang='lat' dir='ltr'><strong>dicens</strong></span> <span class='ocrx_word' id='word_1_299' title='bbox 2126 1093 2268 1160; x_wconf 83' lang='lat' dir='ltr'><strong>quod</strong></span> <span class='ocrx_word' id='word_1_300' title='bbox 2298 1091 2514 1148; x_wconf 77' lang='lat' dir='ltr'><strong>futurus</strong></span> <span class='ocrx_word' id='word_1_301' title='bbox 2542 1092 2612 1148; x_wconf 91' lang='lat' dir='ltr'><strong>sit</strong></span> <span class='ocrx_word' id='word_1_302' title='bbox 2641 1092 2766 1146; x_wconf 86' lang='lat' dir='ltr'><strong>linis</strong></span> <span class='ocrx_word' id='word_1_303' title='bbox 2793 1090 3201 1160; x_wconf 79' lang='lat' dir='ltr'><strong>suppliciorum.</strong></span> 
     </span>
    </p>
   </div>
   <div class='ocr_carea' id='block_1_41' title="bbox 1991 1182 3492 1250">
    <p class='ocr_par' dir='ltr' id='par_1_41' title="bbox 1991 1182 3492 1250">
     <span class='ocr_line' id='line_1_41' title="bbox 1991 1182 3492 1250; baseline -0.003 -9"><span class='ocrx_word' id='word_1_304' title='bbox 1991 1187 2154 1241; x_wconf 71' lang='lat' dir='ltr'><strong>Vens.</strong></span> <span class='ocrx_word' id='word_1_305' title='bbox 2190 1185 2382 1250; x_wconf 64' lang='grc'>15,14.</span> <span class='ocrx_word' id='word_1_306' title='bbox 2406 1204 2425 1235; x_wconf 79' lang='grc' dir='ltr'><strong>ι</strong></span> <span class='ocrx_word' id='word_1_307' title='bbox 2452 1184 2602 1239; x_wconf 86' lang='lat' dir='ltr'><strong>Tunc</strong></span> <span class='ocrx_word' id='word_1_308' title='bbox 2624 1185 2770 1238; x_wconf 84' lang='lat' dir='ltr'><strong>venit</strong></span> <span class='ocrx_word' id='word_1_309' title='bbox 2796 1182 2957 1239; x_wconf 81' lang='lat' dir='ltr'><strong>Jcsus</strong></span> <span class='ocrx_word' id='word_1_310' title='bbox 2984 1199 3017 1237; x_wconf 87' lang='lat' dir='ltr'><strong>a</strong></span> <span class='ocrx_word' id='word_1_311' title='bbox 3044 1182 3262 1236; x_wconf 78' lang='lat' dir='ltr'><strong>Galilaea</strong></span> <span class='ocrx_word' id='word_1_312' title='bbox 3292 1182 3344 1237; x_wconf 88' lang='lat' dir='ltr'><strong>in</strong></span> <span class='ocrx_word' id='word_1_313' title='bbox 3370 1182 3492 1237; x_wconf 81' lang='lat' dir='ltr'><strong>Jor-</strong></span> 
     </span>
    </p>
   </div>
   <div class='ocr_carea' id='block_1_42' title="bbox 1918 1275 3517 1345">
    <p class='ocr_par' dir='ltr' id='par_1_42' title="bbox 1918 1275 3517 1345">
     <span class='ocr_line' id='line_1_42' title="bbox 1918 1275 3517 1345; baseline -0.001 -13"><span class='ocrx_word' id='word_1_314' title='bbox 1918 1279 2107 1333; x_wconf 88' lang='lat' dir='ltr'><strong>danem</strong></span> <span class='ocrx_word' id='word_1_315' title='bbox 2145 1278 2210 1332; x_wconf 86' lang='lat' dir='ltr'><strong>ad</strong></span> <span class='ocrx_word' id='word_1_316' title='bbox 2242 1276 2524 1344; x_wconf 80' lang='lat' dir='ltr'><strong>Joannem,</strong></span> <span class='ocrx_word' id='word_1_317' title='bbox 2561 1287 2616 1333; x_wconf 93' lang='lat' dir='ltr'><strong>ut</strong></span> <span class='ocrx_word' id='word_1_318' title='bbox 2647 1276 3016 1345; x_wconf 75' lang='lat' dir='ltr'><strong>baptizaretur</strong></span> <span class='ocrx_word' id='word_1_319' title='bbox 3044 1275 3115 1331; x_wconf 83' lang='lat' dir='ltr'><strong>ab</strong></span> <span class='ocrx_word' id='word_1_320' title='bbox 3145 1291 3228 1330; x_wconf 83' lang='lat' dir='ltr'><strong>eo.</strong></span> <span class='ocrx_word' id='word_1_321' title='bbox 3261 1275 3517 1335; x_wconf 80' lang='lat' dir='ltr'><strong>Joannes</strong></span> 
     </span>
    </p>
   </div>
   <div class='ocr_carea' id='block_1_43' title="bbox 1920 1367 3587 1441">
    <p class='ocr_par' dir='ltr' id='par_1_43' title="bbox 1920 1367 3587 1441">
     <span class='ocr_line' id='line_1_43' title="bbox 1920 1367 3587 1441; baseline -0.004 -17"><span class='ocrx_word' id='word_1_322' title='bbox 1920 1382 2099 1424; x_wconf 88' lang='lat' dir='ltr'><strong>autem</strong></span> <span class='ocrx_word' id='word_1_323' title='bbox 2126 1369 2448 1437; x_wconf 76' lang='lat' dir='ltr'><strong>prohibebat</strong></span> <span class='ocrx_word' id='word_1_324' title='bbox 2469 1385 2616 1433; x_wconf 89' lang='lat' dir='ltr'><strong>eum,</strong></span> <span class='ocrx_word' id='word_1_325' title='bbox 2645 1370 2848 1435; x_wconf 77' lang='lat' dir='ltr'><strong>dicens.</strong></span> <span class='ocrx_word' id='word_1_326' title='bbox 2878 1387 2895 1420; x_wconf 83' lang='grc' dir='ltr'><strong>ι</strong></span> <span class='ocrx_word' id='word_1_327' title='bbox 2921 1367 3054 1422; x_wconf 85' lang='lat' dir='ltr'><strong>Cum</strong></span> <span class='ocrx_word' id='word_1_328' title='bbox 3079 1369 3308 1421; x_wconf 86' lang='lat' dir='ltr'><strong>mundus</strong></span> <span class='ocrx_word' id='word_1_329' title='bbox 3332 1378 3496 1432; x_wconf 80' lang='lat' dir='ltr'><strong>esset,</strong></span> <span class='ocrx_word' id='word_1_330' title='bbox 3580 1434 3587 1441; x_wconf 31' lang='grc'><strong><em>³</em></strong></span> 
     </span>
    </p>
   </div>
   <div class='ocr_carea' id='block_1_44' title="bbox 1921 1462 3500 1530">
    <p class='ocr_par' dir='ltr' id='par_1_44' title="bbox 1921 1462 3500 1530">
     <span class='ocr_line' id='line_1_44' title="bbox 1921 1462 3500 1530; baseline -0.003 -12"><span class='ocrx_word' id='word_1_331' title='bbox 1921 1463 2262 1530; x_wconf 71' lang='grc' dir='ltr'>Ιιειιιιὶι.ιιιιι·,</span> <span class='ocrx_word' id='word_1_332' title='bbox 2307 1472 2366 1517; x_wconf 83' lang='grc' dir='ltr'><strong>ιιι</strong></span> <span class='ocrx_word' id='word_1_333' title='bbox 2411 1477 2508 1518; x_wconf 92' lang='lat' dir='ltr'><strong>nos</strong></span> <span class='ocrx_word' id='word_1_334' title='bbox 2561 1462 2775 1527; x_wconf 86' lang='lat' dir='ltr'><strong>abluat,</strong></span> <span class='ocrx_word' id='word_1_335' title='bbox 2834 1470 2888 1516; x_wconf 90' lang='lat' dir='ltr'><strong>et</strong></span> <span class='ocrx_word' id='word_1_336' title='bbox 2936 1471 2996 1516; x_wconf 89' lang='lat' dir='ltr'><strong>ut</strong></span> <span class='ocrx_word' id='word_1_337' title='bbox 3047 1463 3293 1516; x_wconf 88' lang='lat' dir='ltr'><strong>ostendat</strong></span> <span class='ocrx_word' id='word_1_338' title='bbox 3344 1462 3500 1516; x_wconf 83' lang='lat' dir='ltr'><strong>nobis</strong></span> 
     </span>
    </p>
   </div>
   <div class='ocr_carea' id='block_1_45' title="bbox 1920 1553 3502 1624">
    <p class='ocr_par' dir='ltr' id='par_1_45' title="bbox 1920 1553 3502 1624">
     <span class='ocr_line' id='line_1_45' title="bbox 1920 1553 3502 1624; baseline -0.001 -19"><span class='ocrx_word' id='word_1_339' title='bbox 1920 1558 2060 1623; x_wconf 84' lang='lat' dir='ltr'><strong>quod</strong></span> <span class='ocrx_word' id='word_1_340' title='bbox 2096 1558 2140 1609; x_wconf 82' lang='lat' dir='ltr'><strong>si</strong></span> <span class='ocrx_word' id='word_1_341' title='bbox 2190 1555 2453 1624; x_wconf 79' lang='lat' dir='ltr'><strong>baptizari</strong></span> <span class='ocrx_word' id='word_1_342' title='bbox 2490 1554 2737 1616; x_wconf 85' lang='lat' dir='ltr'><strong>velimus,</strong></span> <span class='ocrx_word' id='word_1_343' title='bbox 2791 1554 2943 1624; x_wconf 89' lang='lat' dir='ltr'><strong>prius</strong></span> <span class='ocrx_word' id='word_1_344' title='bbox 2975 1553 3318 1615; x_wconf 89' lang='lat' dir='ltr'><strong>mundemur,</strong></span> <span class='ocrx_word' id='word_1_345' title='bbox 3350 1563 3405 1605; x_wconf 92' lang='lat' dir='ltr'><strong>ut</strong></span> <span class='ocrx_word' id='word_1_346' title='bbox 3436 1568 3502 1605; x_wconf 89' lang='lat' dir='ltr'><strong>ne</strong></span> 
     </span>
    </p>
   </div>
   <div class='ocr_carea' id='block_1_46' title="bbox 1924 1643 3498 1716">
    <p class='ocr_par' dir='ltr' id='par_1_46' title="bbox 1924 1643 3498 1716">
     <span class='ocr_line' id='line_1_46' title="bbox 1924 1643 3498 1716; baseline -0.004 -16"><span class='ocrx_word' id='word_1_347' title='bbox 1924 1647 2264 1716; x_wconf 87' lang='lat' dir='ltr'><strong>iuquittctnus</strong></span> <span class='ocrx_word' id='word_1_348' title='bbox 2295 1645 2583 1713; x_wconf 84' lang='lat' dir='ltr'><strong>baptisma,</strong></span> <span class='ocrx_word' id='word_1_349' title='bbox 2628 1654 2810 1716; x_wconf 83' lang='lat' dir='ltr'><strong>postca</strong></span> <span class='ocrx_word' id='word_1_350' title='bbox 2850 1645 3007 1700; x_wconf 82' lang='lat' dir='ltr'><strong>facile</strong></span> <span class='ocrx_word' id='word_1_351' title='bbox 3034 1645 3085 1697; x_wconf 90' lang='lat' dir='ltr'><strong>in</strong></span> <span class='ocrx_word' id='word_1_352' title='bbox 3112 1645 3303 1699; x_wconf 81' lang='lat' dir='ltr'><strong>sordes</strong></span> <span class='ocrx_word' id='word_1_353' title='bbox 3356 1643 3498 1697; x_wconf 86' lang='lat' dir='ltr'><strong>rela-</strong></span> 
     </span>
    </p>
   </div>
   <div class='ocr_carea' id='block_1_47' title="bbox 1922 1736 3499 1807">
    <p class='ocr_par' dir='ltr' id='par_1_47' title="bbox 1922 1736 3499 1807">
     <span class='ocr_line' id='line_1_47' title="bbox 1922 1736 3499 1807; baseline -0.004 -14"><span class='ocrx_word' id='word_1_354' title='bbox 1922 1739 2111 1793; x_wconf 85' lang='lat' dir='ltr'><strong>bcutes</strong></span> <span class='ocrx_word' id='word_1_355' title='bbox 2166 1748 2385 1807; x_wconf 82' lang='lat' dir='ltr'><strong>propter</strong></span> <span class='ocrx_word' id='word_1_356' title='bbox 2451 1738 2648 1792; x_wconf 85' lang='lat' dir='ltr'><strong>malam</strong></span> <span class='ocrx_word' id='word_1_357' title='bbox 2712 1737 3180 1792; x_wconf 86' lang='lat' dir='ltr'><strong>consuetudinem.</strong></span> <span class='ocrx_word' id='word_1_358' title='bbox 3238 1736 3499 1790; x_wconf 87' lang='lat' dir='ltr'><strong>Prohibet</strong></span> 
     </span>
    </p>
   </div>
   <div class='ocr_carea' id='block_1_48' title="bbox 1929 1828 3507 1897">
    <p class='ocr_par' dir='ltr' id='par_1_48' title="bbox 1929 1828 3507 1897">
     <span class='ocr_line' id='line_1_48' title="bbox 1929 1828 3507 1897; baseline -0.003 -13"><span class='ocrx_word' id='word_1_359' title='bbox 1929 1842 2106 1885; x_wconf 84' lang='lat' dir='ltr'><strong>autem</strong></span> <span class='ocrx_word' id='word_1_360' title='bbox 2150 1847 2273 1885; x_wconf 90' lang='lat' dir='ltr'><strong>eum</strong></span> <span class='ocrx_word' id='word_1_361' title='bbox 2319 1830 2593 1894; x_wconf 82' lang='lat' dir='ltr'><strong>Joannes,</strong></span> <span class='ocrx_word' id='word_1_362' title='bbox 2619 1840 2677 1884; x_wconf 91' lang='lat' dir='ltr'><strong>ut</strong></span> <span class='ocrx_word' id='word_1_363' title='bbox 2723 1844 2789 1884; x_wconf 91' lang='lat' dir='ltr'><strong>ne</strong></span> <span class='ocrx_word' id='word_1_364' title='bbox 2821 1830 3070 1883; x_wconf 81' lang='lat' dir='ltr'><strong>videntes</strong></span> <span class='ocrx_word' id='word_1_365' title='bbox 3120 1828 3270 1882; x_wconf 78' lang='lat' dir='ltr'><strong>illum</strong></span> <span class='ocrx_word' id='word_1_366' title='bbox 3314 1835 3507 1897; x_wconf 88' lang='lat' dir='ltr'><strong>putent</strong></span> 
     </span>
    </p>
   </div>
   <div class='ocr_carea' id='block_1_49' title="bbox 1928 1919 3504 1992">
    <p class='ocr_par' dir='ltr' id='par_1_49' title="bbox 1928 1919 3504 1992">
     <span class='ocr_line' id='line_1_49' title="bbox 1928 1919 3504 1992; baseline -0.002 -15"><span class='ocrx_word' id='word_1_367' title='bbox 1928 1924 2080 1992; x_wconf 81' lang='lat' dir='ltr'><strong>quasi</strong></span> <span class='ocrx_word' id='word_1_368' title='bbox 2128 1940 2292 1977; x_wconf 89' lang='lat' dir='ltr'><strong>unum</strong></span> <span class='ocrx_word' id='word_1_369' title='bbox 2328 1940 2396 1978; x_wconf 77' lang='lat' dir='ltr'><strong>ex</strong></span> <span class='ocrx_word' id='word_1_370' title='bbox 2446 1924 2629 1977; x_wconf 90' lang='lat' dir='ltr'><strong>multis</strong></span> <span class='ocrx_word' id='word_1_371' title='bbox 2685 1923 2750 1977; x_wconf 85' lang='lat' dir='ltr'><strong>ad</strong></span> <span class='ocrx_word' id='word_1_372' title='bbox 2792 1921 3166 1991; x_wconf 70' lang='lat' dir='ltr'><strong>pmnitentiam</strong></span> <span class='ocrx_word' id='word_1_373' title='bbox 3216 1919 3504 1988; x_wconf 79' lang='lat' dir='ltr'><strong>baptizari.</strong></span> 
     </span>
    </p>
   </div>
   <div class='ocr_carea' id='block_1_50' title="bbox 1937 2008 3509 2084">
    <p class='ocr_par' dir='ltr' id='par_1_50' title="bbox 1937 2008 3509 2084">
     <span class='ocr_line' id='line_1_50' title="bbox 1937 2008 3509 2084; baseline -0.006 -17"><span class='ocrx_word' id='word_1_374' title='bbox 1937 2036 1952 2067; x_wconf 83' lang='grc' dir='ltr'><strong>ι</strong></span> <span class='ocrx_word' id='word_1_375' title='bbox 2003 2015 2128 2069; x_wconf 75' lang='lat' dir='ltr'><strong>Mihi</strong></span> <span class='ocrx_word' id='word_1_376' title='bbox 2162 2030 2297 2084; x_wconf 90' lang='lat' dir='ltr'><strong>opus</strong></span> <span class='ocrx_word' id='word_1_377' title='bbox 2330 2026 2411 2069; x_wconf 90' lang='lat' dir='ltr'><strong>est</strong></span> <span class='ocrx_word' id='word_1_378' title='bbox 2437 2022 2491 2067; x_wconf 88' lang='grc' dir='ltr'><strong>ιιι</strong></span> <span class='ocrx_word' id='word_1_379' title='bbox 2528 2029 2557 2067; x_wconf 86' lang='lat' dir='ltr'><strong>a</strong></span> <span class='ocrx_word' id='word_1_380' title='bbox 2591 2020 2642 2067; x_wconf 85' lang='lat' dir='ltr'><strong>te</strong></span> <span class='ocrx_word' id='word_1_381' title='bbox 2672 2012 2934 2082; x_wconf 83' lang='lat' dir='ltr'><strong>baptizer.</strong></span> <span class='ocrx_word' id='word_1_382' title='bbox 2979 2030 2997 2061; x_wconf 82' lang='grc' dir='ltr'><strong>ι</strong></span> <span class='ocrx_word' id='word_1_383' title='bbox 3032 2009 3181 2078; x_wconf 80' lang='lat' dir='ltr'><strong>Opus</strong></span> <span class='ocrx_word' id='word_1_384' title='bbox 3216 2008 3360 2063; x_wconf 89' lang='lat' dir='ltr'><strong>enim</strong></span> <span class='ocrx_word' id='word_1_385' title='bbox 3410 2008 3509 2059; x_wconf 62' lang='lat' dir='ltr'><strong>ha-</strong></span> 
     </span>
    </p>
   </div>
   <div class='ocr_carea' id='block_1_51' title="bbox 1934 2100 3506 2171">
    <p class='ocr_par' dir='ltr' id='par_1_51' title="bbox 1934 2100 3506 2171">
     <span class='ocr_line' id='line_1_51' title="bbox 1934 2100 3506 2171; baseline -0.007 -9"><span class='ocrx_word' id='word_1_386' title='bbox 1934 2112 2092 2164; x_wconf 66' lang='lat' dir='ltr'><strong>llt‘bill</strong></span> <span class='ocrx_word' id='word_1_387' title='bbox 2117 2108 2429 2163; x_wconf 65' lang='lat' dir='ltr'><strong>Prtccursor</strong></span> <span class='ocrx_word' id='word_1_388' title='bbox 2444 2123 2472 2161; x_wconf 70' lang='grc' dir='ltr'><strong>ιι</strong></span> <span class='ocrx_word' id='word_1_389' title='bbox 2500 2107 2726 2161; x_wconf 84' lang='lat' dir='ltr'><strong>Domino</strong></span> <span class='ocrx_word' id='word_1_390' title='bbox 2750 2104 3018 2167; x_wconf 86' lang='lat' dir='ltr'><strong>mundari,</strong></span> <span class='ocrx_word' id='word_1_391' title='bbox 3043 2111 3227 2171; x_wconf 86' lang='lat' dir='ltr'><strong>utpote</strong></span> <span class='ocrx_word' id='word_1_392' title='bbox 3255 2101 3320 2155; x_wconf 85' lang='lat' dir='ltr'><strong>ab</strong></span> <span class='ocrx_word' id='word_1_393' title='bbox 3337 2100 3506 2152; x_wconf 79' lang='lat' dir='ltr'><strong>Adam</strong></span> 
     </span>
    </p>
   </div>
   <div class='ocr_carea' id='block_1_52' title="bbox 1932 2190 3509 2267">
    <p class='ocr_par' dir='ltr' id='par_1_52' title="bbox 1932 2190 3509 2267">
     <span class='ocr_line' id='line_1_52' title="bbox 1932 2190 3509 2267; baseline -0.008 -12"><span class='ocrx_word' id='word_1_394' title='bbox 1932 2202 2287 2255; x_wconf 64' lang='lat' dir='ltr'><strong>descendens.</strong></span> <span class='ocrx_word' id='word_1_395' title='bbox 2322 2199 2454 2253; x_wconf 86' lang='lat' dir='ltr'><strong>Nam</strong></span> <span class='ocrx_word' id='word_1_396' title='bbox 2489 2209 2542 2253; x_wconf 92' lang='lat' dir='ltr'><strong>et</strong></span> <span class='ocrx_word' id='word_1_397' title='bbox 2574 2200 2688 2267; x_wconf 80' lang='lat' dir='ltr'><strong>ipse</strong></span> <span class='ocrx_word' id='word_1_398' title='bbox 2714 2206 3057 2251; x_wconf 79' lang='lat' dir='ltr'><strong>contraxerat</strong></span> <span class='ocrx_word' id='word_1_399' title='bbox 3086 2205 3262 2248; x_wconf 88' lang='lat' dir='ltr'><strong>ortum</strong></span> <span class='ocrx_word' id='word_1_400' title='bbox 3296 2207 3358 2245; x_wconf 80' lang='lat' dir='ltr'><strong>ex</strong></span> <span class='ocrx_word' id='word_1_401' title='bbox 3388 2190 3509 2245; x_wconf 88' lang='lat' dir='ltr'><strong>ino-</strong></span> 
     </span>
    </p>
   </div>
   <div class='ocr_carea' id='block_1_53' title="bbox 1936 2283 3514 2359">
    <p class='ocr_par' dir='ltr' id='par_1_53' title="bbox 1936 2283 3514 2359">
     <span class='ocr_line' id='line_1_53' title="bbox 1936 2283 3514 2359; baseline -0.007 -14"><span class='ocrx_word' id='word_1_402' title='bbox 1936 2292 2206 2347; x_wconf 86' lang='lat' dir='ltr'><strong>hedieutia</strong></span> <span class='ocrx_word' id='word_1_403' title='bbox 2240 2293 2729 2359; x_wconf 86' lang='lat' dir='ltr'><strong>inquinamentum.</strong></span> <span class='ocrx_word' id='word_1_404' title='bbox 2761 2289 3010 2344; x_wconf 85' lang='lat' dir='ltr'><strong>Christus</strong></span> <span class='ocrx_word' id='word_1_405' title='bbox 3047 2297 3226 2339; x_wconf 88' lang='lat' dir='ltr'><strong>autem</strong></span> <span class='ocrx_word' id='word_1_406' title='bbox 3264 2283 3514 2338; x_wconf 73' lang='lat' dir='ltr'><strong>incarna-</strong></span> 
     </span>
    </p>
   </div>
   <div class='ocr_carea' id='block_1_54' title="bbox 1938 2375 3511 2452">
    <p class='ocr_par' dir='ltr' id='par_1_54' title="bbox 1938 2375 3511 2452">
     <span class='ocr_line' id='line_1_54' title="bbox 1938 2375 3511 2452; baseline -0.007 -15"><span class='ocrx_word' id='word_1_407' title='bbox 1938 2395 2044 2451; x_wconf 76' lang='lat' dir='ltr'><strong>tus,</strong></span> <span class='ocrx_word' id='word_1_408' title='bbox 2081 2385 2386 2452; x_wconf 77' lang='lat' dir='ltr'><strong>purilit-avit</strong></span> <span class='ocrx_word' id='word_1_409' title='bbox 2414 2398 2623 2438; x_wconf 86' lang='lat' dir='ltr'><strong>omnes.</strong></span> <span class='ocrx_word' id='word_1_410' title='bbox 2664 2402 2681 2432; x_wconf 83' lang='grc' dir='ltr'><strong>ι</strong></span> <span class='ocrx_word' id='word_1_411' title='bbox 2727 2382 2790 2436; x_wconf 78' lang='lat' dir='ltr'><strong>Et</strong></span> <span class='ocrx_word' id='word_1_412' title='bbox 2814 2390 2868 2435; x_wconf 92' lang='grc' dir='ltr'><strong>ιιι</strong></span> <span class='ocrx_word' id='word_1_413' title='bbox 2904 2381 3054 2435; x_wconf 81' lang='lat' dir='ltr'><strong>venis</strong></span> <span class='ocrx_word' id='word_1_414' title='bbox 3091 2379 3156 2434; x_wconf 84' lang='lat' dir='ltr'><strong>ad</strong></span> <span class='ocrx_word' id='word_1_415' title='bbox 3188 2377 3309 2432; x_wconf 86' lang='lat' dir='ltr'><strong>me?</strong></span> <span class='ocrx_word' id='word_1_416' title='bbox 3343 2396 3360 2426; x_wconf 81' lang='grc' dir='ltr'><strong>ι</strong></span> <span class='ocrx_word' id='word_1_417' title='bbox 3396 2375 3511 2429; x_wconf 77' lang='lat' dir='ltr'><strong>Non</strong></span> 
     </span>
    </p>
   </div>
   <div class='ocr_carea' id='block_1_55' title="bbox 1937 2467 3517 2543">
    <p class='ocr_par' dir='ltr' id='par_1_55' title="bbox 1937 2467 3517 2543">
     <span class='ocr_line' id='line_1_55' title="bbox 1937 2467 3517 2543; baseline -0.004 -15"><span class='ocrx_word' id='word_1_418' title='bbox 1937 2490 2099 2530; x_wconf 86' lang='lat' dir='ltr'><strong>ausus</strong></span> <span class='ocrx_word' id='word_1_419' title='bbox 2130 2475 2230 2530; x_wconf 82' lang='lat' dir='ltr'><strong>fuit</strong></span> <span class='ocrx_word' id='word_1_420' title='bbox 2259 2477 2461 2540; x_wconf 78' lang='lat' dir='ltr'><strong>dicere,</strong></span> <span class='ocrx_word' id='word_1_421' title='bbox 2498 2475 2559 2529; x_wconf 87' lang='lat' dir='ltr'><strong>Et</strong></span> <span class='ocrx_word' id='word_1_422' title='bbox 2594 2485 2648 2529; x_wconf 91' lang='lat' dir='ltr'><strong>tu</strong></span> <span class='ocrx_word' id='word_1_423' title='bbox 2681 2474 2976 2543; x_wconf 76' lang='lat' dir='ltr'><strong>baptizarts</strong></span> <span class='ocrx_word' id='word_1_424' title='bbox 3012 2489 3039 2526; x_wconf 89' lang='lat' dir='ltr'><strong>a</strong></span> <span class='ocrx_word' id='word_1_425' title='bbox 3069 2472 3188 2525; x_wconf 83' lang='lat' dir='ltr'><strong>me?</strong></span> <span class='ocrx_word' id='word_1_426' title='bbox 3222 2470 3338 2534; x_wconf 89' lang='lat' dir='ltr'><strong>scd,</strong></span> <span class='ocrx_word' id='word_1_427' title='bbox 3368 2467 3434 2522; x_wconf 84' lang='lat' dir='ltr'><strong>Et</strong></span> <span class='ocrx_word' id='word_1_428' title='bbox 3460 2478 3517 2520; x_wconf 89' lang='lat' dir='ltr'><strong>lu</strong></span> 
     </span>
    </p>
   </div>
   <div class='ocr_carea' id='block_1_56' title="bbox 1941 2568 2601 2636">
    <p class='ocr_par' dir='ltr' id='par_1_56' title="bbox 1941 2568 2601 2636">
     <span class='ocr_line' id='line_1_56' title="bbox 1941 2568 2601 2636; baseline 0 -14"><span class='ocrx_word' id='word_1_429' title='bbox 1941 2568 2133 2622; x_wconf 77' lang='lat' dir='ltr'><strong>venis?</strong></span> <span class='ocrx_word' id='word_1_430' title='bbox 2179 2578 2287 2622; x_wconf 82' lang='lat' dir='ltr'><strong>tatu</strong></span> <span class='ocrx_word' id='word_1_431' title='bbox 2322 2570 2440 2636; x_wconf 89' lang='lat' dir='ltr'><strong>pius</strong></span> <span class='ocrx_word' id='word_1_432' title='bbox 2464 2578 2601 2622; x_wconf 87' lang='lat' dir='ltr'><strong>erat.</strong></span> 
     </span>
    </p>
   </div>
   <div class='ocr_carea' id='block_1_57' title="bbox 2011 2739 3515 2814">
    <p class='ocr_par' dir='ltr' id='par_1_57' title="bbox 2011 2739 3515 2814">
     <span class='ocr_line' id='line_1_57' title="bbox 2011 2739 3515 2814; baseline -0.009 -13"><span class='ocrx_word' id='word_1_433' title='bbox 2011 2748 2173 2803; x_wconf 73' lang='lat' dir='ltr'><strong>Vens.</strong></span> <span class='ocrx_word' id='word_1_434' title='bbox 2218 2747 2297 2800; x_wconf 77' lang='lat' dir='ltr'><strong>l5.</strong></span> <span class='ocrx_word' id='word_1_435' title='bbox 2347 2768 2363 2798; x_wconf 82' lang='grc' dir='ltr'><strong>ι</strong></span> <span class='ocrx_word' id='word_1_436' title='bbox 2408 2746 2757 2814; x_wconf 58' lang='grc' dir='ltr'>ιὶὼιιιιιιιιιέηε</span> <span class='ocrx_word' id='word_1_437' title='bbox 2804 2753 2984 2799; x_wconf 84' lang='lat' dir='ltr'><strong>autem</strong></span> <span class='ocrx_word' id='word_1_438' title='bbox 3029 2742 3226 2804; x_wconf 73' lang='lat' dir='ltr'><strong>Jesus,</strong></span> <span class='ocrx_word' id='word_1_439' title='bbox 3280 2740 3415 2793; x_wconf 75' lang='lat' dir='ltr'><strong>dixit</strong></span> <span class='ocrx_word' id='word_1_440' title='bbox 3448 2739 3515 2789; x_wconf 80' lang='lat' dir='ltr'><strong>ad</strong></span> 
     </span>
    </p>
   </div>
   <div class='ocr_carea' id='block_1_58' title="bbox 1940 2831 3519 2905">
    <p class='ocr_par' dir='ltr' id='par_1_58' title="bbox 1940 2831 3519 2905">
     <span class='ocr_line' id='line_1_58' title="bbox 1940 2831 3519 2905; baseline -0.009 -11"><span class='ocrx_word' id='word_1_441' title='bbox 1940 2841 2109 2901; x_wconf 85' lang='lat' dir='ltr'><strong>illum,</strong></span> <span class='ocrx_word' id='word_1_442' title='bbox 2152 2839 2369 2894; x_wconf 74' lang='lat' dir='ltr'><strong>Dimitte</strong></span> <span class='ocrx_word' id='word_1_443' title='bbox 2400 2855 2563 2893; x_wconf 84' lang='lat' dir='ltr'><strong>nunc.</strong></span> <span class='ocrx_word' id='word_1_444' title='bbox 2606 2857 2623 2888; x_wconf 87' lang='grc' dir='ltr'><strong>ι</strong></span> <span class='ocrx_word' id='word_1_445' title='bbox 2666 2835 2837 2901; x_wconf 80' lang='lat' dir='ltr'><strong>Nunc,</strong></span> <span class='ocrx_word' id='word_1_446' title='bbox 2867 2836 3062 2905; x_wconf 85' lang='lat' dir='ltr'><strong>inquit,</strong></span> <span class='ocrx_word' id='word_1_447' title='bbox 3095 2833 3343 2904; x_wconf 84' lang='lat' dir='ltr'><strong>permitte</strong></span> <span class='ocrx_word' id='word_1_448' title='bbox 3378 2831 3519 2884; x_wconf 87' lang='lat' dir='ltr'><strong>:erit</strong></span> 
     </span>
    </p>
   </div>
   <div class='ocr_carea' id='block_1_59' title="bbox 1941 2920 3522 3003">
    <p class='ocr_par' dir='ltr' id='par_1_59' title="bbox 1941 2920 3522 3003">
     <span class='ocr_line' id='line_1_59' title="bbox 1941 2920 3522 3003; baseline -0.008 -18"><span class='ocrx_word' id='word_1_449' title='bbox 1941 2942 2121 2987; x_wconf 87' lang='lat' dir='ltr'><strong>autem</strong></span> <span class='ocrx_word' id='word_1_450' title='bbox 2187 2944 2419 3003; x_wconf 77' lang='lat' dir='ltr'><strong>tempus,</strong></span> <span class='ocrx_word' id='word_1_451' title='bbox 2454 2946 2560 3001; x_wconf 88' lang='lat' dir='ltr'><strong>quo</strong></span> <span class='ocrx_word' id='word_1_452' title='bbox 2605 2930 2764 3000; x_wconf 77' lang='lat' dir='ltr'><strong>digna</strong></span> <span class='ocrx_word' id='word_1_453' title='bbox 2822 2930 2976 2982; x_wconf 81' lang='lat' dir='ltr'><strong>nobis</strong></span> <span class='ocrx_word' id='word_1_454' title='bbox 3004 2929 3107 2980; x_wconf 83' lang='lat' dir='ltr'><strong>crit</strong></span> <span class='ocrx_word' id='word_1_455' title='bbox 3152 2924 3347 2995; x_wconf 80' lang='lat' dir='ltr'><strong>gloria,</strong></span> <span class='ocrx_word' id='word_1_456' title='bbox 3396 2920 3522 2975; x_wconf 67' lang='lat' dir='ltr'><strong>litct</strong></span> 
     </span>
    </p>
   </div>
   <div class='ocr_carea' id='block_1_60' title="bbox 1942 3015 3525 3092">
    <p class='ocr_par' dir='ltr' id='par_1_60' title="bbox 1942 3015 3525 3092">
     <span class='ocr_line' id='line_1_60' title="bbox 1942 3015 3525 3092; baseline -0.009 -14"><span class='ocrx_word' id='word_1_457' title='bbox 1942 3041 2082 3079; x_wconf 87' lang='lat' dir='ltr'><strong>nunc</strong></span> <span class='ocrx_word' id='word_1_458' title='bbox 2116 3040 2222 3077; x_wconf 88' lang='lat' dir='ltr'><strong>non</strong></span> <span class='ocrx_word' id='word_1_459' title='bbox 2254 3038 2631 3092; x_wconf 81' lang='lat' dir='ltr'><strong>appat&#39;eamus.</strong></span> <span class='ocrx_word' id='word_1_460' title='bbox 2665 3039 2683 3073; x_wconf 88' lang='grc' dir='ltr'><strong>ι</strong></span> <span class='ocrx_word' id='word_1_461' title='bbox 2719 3020 2809 3074; x_wconf 84' lang='lat' dir='ltr'><strong>Sic</strong></span> <span class='ocrx_word' id='word_1_462' title='bbox 2837 3020 2981 3073; x_wconf 88' lang='lat' dir='ltr'><strong>enim</strong></span> <span class='ocrx_word' id='word_1_463' title='bbox 3007 3020 3180 3079; x_wconf 78' lang='lat' dir='ltr'><strong>decet,</strong></span> <span class='ocrx_word' id='word_1_464' title='bbox 3211 3025 3268 3069; x_wconf 89' lang='lat' dir='ltr'><strong>ut</strong></span> <span class='ocrx_word' id='word_1_465' title='bbox 3298 3015 3525 3083; x_wconf 78' lang='lat' dir='ltr'><strong>implea-</strong></span> 
     </span>
    </p>
   </div>
   <div class='ocr_carea' id='block_1_61' title="bbox 1946 3106 3519 3182">
    <p class='ocr_par' dir='ltr' id='par_1_61' title="bbox 1946 3106 3519 3182">
     <span class='ocr_line' id='line_1_61' title="bbox 1946 3106 3519 3182; baseline -0.008 -14"><span class='ocrx_word' id='word_1_466' title='bbox 1946 3131 2064 3169; x_wconf 83' lang='lat' dir='ltr'><strong>mus</strong></span> <span class='ocrx_word' id='word_1_467' title='bbox 2106 3130 2321 3168; x_wconf 77' lang='lat' dir='ltr'><strong>omnem</strong></span> <span class='ocrx_word' id='word_1_468' title='bbox 2371 3113 2663 3181; x_wconf 84' lang='lat' dir='ltr'><strong>justitiam.</strong></span> <span class='ocrx_word' id='word_1_469' title='bbox 2705 3130 2723 3161; x_wconf 79' lang='grc' dir='ltr'><strong>ι</strong></span> <span class='ocrx_word' id='word_1_470' title='bbox 2758 3112 2953 3182; x_wconf 81' lang='lat' dir='ltr'><strong>Legem</strong></span> <span class='ocrx_word' id='word_1_471' title='bbox 3024 3117 3182 3163; x_wconf 83' lang='lat' dir='ltr'><strong>vocat</strong></span> <span class='ocrx_word' id='word_1_472' title='bbox 3230 3106 3519 3175; x_wconf 82' lang='lat' dir='ltr'><strong>justitiam.</strong></span> 
     </span>
    </p>
   </div>
   <div class='ocr_carea' id='block_1_62' title="bbox 256 3200 1841 3297">
    <p class='ocr_par' dir='ltr' id='par_1_62' title="bbox 256 3208 1838 3297">
     <span class='ocr_line' id='line_1_62' title="bbox 256 3208 1838 3297; baseline -0.001 -33"><span class='ocrx_word' id='word_1_473' title='bbox 256 3231 386 3283; x_wconf 85' lang='grc' dir='ltr'>νην.</span> <span class='ocrx_word' id='word_1_474' title='bbox 431 3211 894 3282; x_wconf 78' lang='grc' dir='ltr'>Ἐπικατάρατος,</span> <span class='ocrx_word' id='word_1_475' title='bbox 923 3213 1112 3282; x_wconf 76' lang='grc' dir='ltr'>φησὶν,</span> <span class='ocrx_word' id='word_1_476' title='bbox 1144 3208 1211 3283; x_wconf 80' lang='grc' dir='ltr'><strong>ἧν</strong></span> <span class='ocrx_word' id='word_1_477' title='bbox 1247 3210 1623 3283; x_wconf 81' lang='grc' dir='ltr'>ἡάνθρωπίνη</span> <span class='ocrx_word' id='word_1_478' title='bbox 1658 3209 1838 3297; x_wconf 61' lang='grc' dir='ltr'>φύσις,</span> 
     </span>
    </p>
   </div>
   <div class='ocr_carea' id='block_1_63' title="bbox 1946 3200 3590 3297">
    <p class='ocr_par' dir='ltr' id='par_1_63' title="bbox 1948 3200 3590 3277">
     <span class='ocr_line' id='line_1_63' title="bbox 1948 3200 3590 3277; baseline -0.007 -15"><span class='ocrx_word' id='word_1_479' title='bbox 1948 3208 2222 3263; x_wconf 76' lang='lat' dir='ltr'><strong>Maledicta</strong></span> <span class='ocrx_word' id='word_1_480' title='bbox 2254 3218 2393 3272; x_wconf 83' lang='lat' dir='ltr'><strong>erat,</strong></span> <span class='ocrx_word' id='word_1_481' title='bbox 2436 3206 2631 3277; x_wconf 82' lang='lat' dir='ltr'><strong>inquit,</strong></span> <span class='ocrx_word' id='word_1_482' title='bbox 2676 3206 2909 3259; x_wconf 84' lang='lat' dir='ltr'><strong>humana</strong></span> <span class='ocrx_word' id='word_1_483' title='bbox 2944 3212 3159 3267; x_wconf 88' lang='lat' dir='ltr'><strong>natura,</strong></span> <span class='ocrx_word' id='word_1_484' title='bbox 3193 3201 3317 3269; x_wconf 86' lang='lat' dir='ltr'><strong>quia</strong></span> <span class='ocrx_word' id='word_1_485' title='bbox 3353 3200 3523 3268; x_wconf 85' lang='lat' dir='ltr'><strong>legem</strong></span> <span class='ocrx_word' id='word_1_486' title='bbox 3579 3213 3590 3225; x_wconf 85' lang='grc'><strong>·</strong></span> 
     </span>
    </p>
   </div>
   <div class='ocr_carea' id='block_1_64' title="bbox 258 3303 1841 3375">
    <p class='ocr_par' dir='ltr' id='par_1_64' title="bbox 258 3303 1841 3375">
     <span class='ocr_line' id='line_1_64' title="bbox 258 3303 1841 3375; baseline 0 -19"><span class='ocrx_word' id='word_1_487' title='bbox 258 3305 350 3357; x_wconf 79' lang='grc' dir='ltr'><strong>ὅτι</strong></span> <span class='ocrx_word' id='word_1_488' title='bbox 376 3304 468 3356; x_wconf 79' lang='grc' dir='ltr'><strong>τὸν</strong></span> <span class='ocrx_word' id='word_1_489' title='bbox 500 3305 663 3375; x_wconf 87' lang='grc' dir='ltr'>νόμον</span> <span class='ocrx_word' id='word_1_490' title='bbox 698 3304 802 3359; x_wconf 80' lang='grc' dir='ltr'><strong>οὐκ</strong></span> <span class='ocrx_word' id='word_1_491' title='bbox 844 3304 1074 3375; x_wconf 72' lang='grc' dir='ltr'>ἠδύνατο</span> <span class='ocrx_word' id='word_1_492' title='bbox 1114 3305 1419 3358; x_wconf 81' lang='grc' dir='ltr'>τελειῶσαι.</span> <span class='ocrx_word' id='word_1_493' title='bbox 1477 3304 1619 3372; x_wconf 83' lang='grc' dir='ltr'><strong>Ἐγὼ</strong></span> <span class='ocrx_word' id='word_1_494' title='bbox 1663 3303 1841 3356; x_wconf 68' lang='grc' dir='ltr'>τοίνυν</span> 
     </span>
    </p>
   </div>
   <div class='ocr_carea' id='block_1_65' title="bbox 259 3397 1830 3468">
    <p class='ocr_par' dir='ltr' id='par_1_65' title="bbox 259 3397 1830 3468">
     <span class='ocr_line' id='line_1_65' title="bbox 259 3397 1830 3468; baseline -0.001 -18"><span class='ocrx_word' id='word_1_495' title='bbox 259 3398 487 3450; x_wconf 74' lang='grc' dir='ltr'>ἐτέλεσα</span> <span class='ocrx_word' id='word_1_496' title='bbox 514 3397 607 3450; x_wconf 71' lang='grc' dir='ltr'>καὶ</span> <span class='ocrx_word' id='word_1_497' title='bbox 649 3397 816 3452; x_wconf 81' lang='grc' dir='ltr'>τᾶλλα</span> <span class='ocrx_word' id='word_1_498' title='bbox 863 3397 957 3451; x_wconf 86' lang='grc' dir='ltr'><strong>τοῦ</strong></span> <span class='ocrx_word' id='word_1_499' title='bbox 988 3399 1149 3468; x_wconf 76' lang='grc' dir='ltr'>νόμου</span> <span class='ocrx_word' id='word_1_500' title='bbox 1182 3416 1193 3427; x_wconf 89' lang='grc'>·</span> <span class='ocrx_word' id='word_1_501' title='bbox 1236 3398 1409 3451; x_wconf 79' lang='grc' dir='ltr'>λείπει</span> <span class='ocrx_word' id='word_1_502' title='bbox 1444 3398 1499 3451; x_wconf 76' lang='grc' dir='ltr'><strong>δέ</strong></span> <span class='ocrx_word' id='word_1_503' title='bbox 1530 3416 1619 3464; x_wconf 85' lang='grc' dir='ltr'><strong>μοι</strong></span> <span class='ocrx_word' id='word_1_504' title='bbox 1655 3398 1830 3461; x_wconf 74' lang='grc' dir='ltr'>τοῦτο,</span> 
     </span>
    </p>
   </div>
   <div class='ocr_carea' id='block_1_66' title="bbox 258 3488 1845 3560">
    <p class='ocr_par' dir='ltr' id='par_1_66' title="bbox 258 3488 1845 3560">
     <span class='ocr_line' id='line_1_66' title="bbox 258 3488 1845 3560; baseline -0.003 -17"><span class='ocrx_word' id='word_1_505' title='bbox 258 3491 327 3543; x_wconf 74' lang='grc' dir='ltr'>τὸ</span> <span class='ocrx_word' id='word_1_506' title='bbox 375 3488 760 3560; x_wconf 77' lang='grc' dir='ltr'>βαπτισθῆναι.</span> <span class='ocrx_word' id='word_1_507' title='bbox 809 3490 980 3543; x_wconf 85' lang='grc' dir='ltr'>Τοῦτο</span> <span class='ocrx_word' id='word_1_508' title='bbox 1036 3491 1216 3543; x_wconf 83' lang='grc' dir='ltr'>τοίνυν</span> <span class='ocrx_word' id='word_1_509' title='bbox 1264 3490 1510 3551; x_wconf 80' lang='grc' dir='ltr'>τελέσας,</span> <span class='ocrx_word' id='word_1_510' title='bbox 1552 3488 1845 3552; x_wconf 62' lang='grc' dir='ltr'>ἀπαλλάξω</span> 
     </span>
    </p>
   </div>
   <div class='ocr_carea' id='block_1_67' title="bbox 260 3579 1736 3650">
    <p class='ocr_par' dir='ltr' id='par_1_67' title="bbox 260 3579 1736 3650">
     <span class='ocr_line' id='line_1_67' title="bbox 260 3579 1736 3650; baseline 0 -18"><span class='ocrx_word' id='word_1_511' title='bbox 260 3579 370 3650; x_wconf 73' lang='grc' dir='ltr'>τὴν</span> <span class='ocrx_word' id='word_1_512' title='bbox 395 3580 559 3648; x_wconf 80' lang='grc' dir='ltr'>φύσιν</span> <span class='ocrx_word' id='word_1_513' title='bbox 588 3580 684 3649; x_wconf 77' lang='grc' dir='ltr'>τῆς</span> <span class='ocrx_word' id='word_1_514' title='bbox 717 3584 962 3649; x_wconf 77' lang='grc' dir='ltr'>κατάρας</span> <span class='ocrx_word' id='word_1_515' title='bbox 982 3596 993 3609; x_wconf 82' lang='lat'><strong><em>°</em></strong></span> <span class='ocrx_word' id='word_1_516' title='bbox 1017 3580 1176 3631; x_wconf 80' lang='grc' dir='ltr'>τοῦτο</span> <span class='ocrx_word' id='word_1_517' title='bbox 1215 3579 1322 3649; x_wconf 65' lang='grc' dir='ltr'><strong>γὰρ</strong></span> <span class='ocrx_word' id='word_1_518' title='bbox 1361 3582 1483 3649; x_wconf 69' lang='grc' dir='ltr'>ἐμοὶ</span> <span class='ocrx_word' id='word_1_519' title='bbox 1516 3582 1617 3650; x_wconf 78' lang='grc' dir='ltr'>τιρέ</span> <span class='ocrx_word' id='word_1_520' title='bbox 1632 3597 1736 3632; x_wconf 77' lang='grc' dir='ltr'>πει.</span> 
     </span>
    </p>
   </div>
   <div class='ocr_carea' id='block_1_68' title="bbox 347 3669 1815 3740">
    <p class='ocr_par' dir='ltr' id='par_1_68' title="bbox 347 3669 1815 3740">
     <span class='ocr_line' id='line_1_68' title="bbox 347 3669 1815 3740; baseline 0 -18"><span class='ocrx_word' id='word_1_521' title='bbox 347 3690 364 3721; x_wconf 87' lang='grc' dir='ltr'><strong>ι</strong></span> <span class='ocrx_word' id='word_1_522' title='bbox 422 3670 558 3723; x_wconf 86' lang='grc' dir='ltr'>Τότε</span> <span class='ocrx_word' id='word_1_523' title='bbox 608 3669 834 3740; x_wconf 82' lang='grc' dir='ltr'>ἀφίησιν</span> <span class='ocrx_word' id='word_1_524' title='bbox 888 3670 1067 3723; x_wconf 81' lang='grc' dir='ltr'>αὐτόν’</span> <span class='ocrx_word' id='word_1_525' title='bbox 1122 3672 1215 3722; x_wconf 74' lang='grc' dir='ltr'><strong>καὶ</strong></span> <span class='ocrx_word' id='word_1_526' title='bbox 1272 3669 1592 3739; x_wconf 62' lang='grc' dir='ltr'>βαπτισθεὶς</span> <span class='ocrx_word' id='word_1_527' title='bbox 1647 3673 1675 3723; x_wconf 86' lang='lat'><strong>6</strong></span> <span class='ocrx_word' id='word_1_528' title='bbox 1738 3670 1815 3738; x_wconf 76' lang='grc' dir='ltr'><strong>’1η</strong></span> 
     </span>
    </p>
   </div>
   <div class='ocr_carea' id='block_1_69' title="bbox 268 3760 1846 3833">
    <p class='ocr_par' dir='ltr' id='par_1_69' title="bbox 268 3760 1846 3833">
     <span class='ocr_line' id='line_1_69' title="bbox 268 3760 1846 3833; baseline -0.002 -18"><span class='ocrx_word' id='word_1_529' title='bbox 268 3763 419 3825; x_wconf 81' lang='grc' dir='ltr'>σοῦς.</span> <span class='ocrx_word' id='word_1_530' title='bbox 462 3780 481 3812; x_wconf 72' lang='grc' dir='ltr'><strong>ι</strong></span> <span class='ocrx_word' id='word_1_531' title='bbox 517 3762 825 3833; x_wconf 86' lang='grc' dir='ltr'>Τριάκοντα</span> <span class='ocrx_word' id='word_1_532' title='bbox 844 3761 983 3815; x_wconf 78' lang='grc' dir='ltr'>ἐτῶν</span> <span class='ocrx_word' id='word_1_533' title='bbox 1004 3760 1079 3814; x_wconf 81' lang='grc' dir='ltr'><strong>ὢν</strong></span> <span class='ocrx_word' id='word_1_534' title='bbox 1112 3762 1454 3832; x_wconf 73' lang='grc' dir='ltr'>βαπτίζεται,</span> <span class='ocrx_word' id='word_1_535' title='bbox 1490 3764 1611 3815; x_wconf 68' lang='grc' dir='ltr'>ἐπεὶ</span> <span class='ocrx_word' id='word_1_536' title='bbox 1639 3762 1778 3831; x_wconf 70' lang='grc' dir='ltr'>αὖῖη</span> <span class='ocrx_word' id='word_1_537' title='bbox 1816 3764 1846 3831; x_wconf 82' lang='grc' dir='ltr'>ἡ</span> 
     </span>
    </p>
   </div>
   <div class='ocr_carea' id='block_1_70' title="bbox 268 3854 1849 3927">
    <p class='ocr_par' dir='ltr' id='par_1_70' title="bbox 268 3854 1849 3927">
     <span class='ocr_line' id='line_1_70' title="bbox 268 3854 1849 3927; baseline 0.001 -23"><span class='ocrx_word' id='word_1_538' title='bbox 268 3855 463 3927; x_wconf 72' lang='grc' dir='ltr'>ἡλικία.</span> <span class='ocrx_word' id='word_1_539' title='bbox 494 3856 709 3925; x_wconf 79' lang='grc' dir='ltr'>δέχεται</span> <span class='ocrx_word' id='word_1_540' title='bbox 745 3854 920 3908; x_wconf 78' lang='grc' dir='ltr'>πάντα</span> <span class='ocrx_word' id='word_1_541' title='bbox 954 3854 1022 3908; x_wconf 61' lang='grc' dir='ltr'>τὰ.</span> <span class='ocrx_word' id='word_1_542' title='bbox 1052 3855 1425 3924; x_wconf 82' lang='grc' dir='ltr'>ἁμαρτήματα</span> <span class='ocrx_word' id='word_1_543' title='bbox 1497 3856 1582 3906; x_wconf 82' lang='grc' dir='ltr'><strong>Ἐν</strong></span> <span class='ocrx_word' id='word_1_544' title='bbox 1612 3856 1710 3924; x_wconf 71' lang='grc' dir='ltr'><strong>μὲν</strong></span> <span class='ocrx_word' id='word_1_545' title='bbox 1744 3855 1849 3925; x_wconf 70' lang='grc' dir='ltr'><strong>γὰρ</strong></span> 
     </span>
    </p>
   </div>
   <div class='ocr_carea' id='block_1_71' title="bbox 270 3933 1881 4037">
    <p class='ocr_par' dir='ltr' id='par_1_71' title="bbox 270 3933 1881 4037">
     <span class='ocr_line' id='line_1_71' title="bbox 270 3933 1881 4037; baseline -0.002 -34"><span class='ocrx_word' id='word_1_546' title='bbox 270 3953 343 4021; x_wconf 80' lang='grc' dir='ltr'>τῇ</span> <span class='ocrx_word' id='word_1_547' title='bbox 386 3949 577 4021; x_wconf 82' lang='grc' dir='ltr'>πρώτῃ</span> <span class='ocrx_word' id='word_1_548' title='bbox 608 3948 809 4019; x_wconf 76' lang='grc' dir='ltr'>ἡλικίᾳ,</span> <span class='ocrx_word' id='word_1_549' title='bbox 847 3949 982 4001; x_wconf 83' lang='grc' dir='ltr'>πολὺ</span> <span class='ocrx_word' id='word_1_550' title='bbox 1017 3948 1077 4001; x_wconf 83' lang='grc' dir='ltr'><strong>τὸ</strong></span> <span class='ocrx_word' id='word_1_551' title='bbox 1104 3933 1331 4037; x_wconf 61' lang='grc' dir='ltr'>ἀνξητον</span> <span class='ocrx_word' id='word_1_552' title='bbox 1360 3963 1371 3975; x_wconf 83' lang='grc'><strong>”</strong></span> <span class='ocrx_word' id='word_1_553' title='bbox 1432 3949 1490 3999; x_wconf 80' lang='grc' dir='ltr'><strong>ὲν</strong></span> <span class='ocrx_word' id='word_1_554' title='bbox 1520 3947 1577 4001; x_wconf 77' lang='grc' dir='ltr'><strong>δὲ</strong></span> <span class='ocrx_word' id='word_1_555' title='bbox 1623 3951 1691 4018; x_wconf 81' lang='grc' dir='ltr'>τῇ</span> <span class='ocrx_word' id='word_1_556' title='bbox 1728 3947 1881 3999; x_wconf 66' lang='grc' dir='ltr'>δευυ⁸</span> 
     </span>
    </p>
   </div>
   <div class='ocr_carea' id='block_1_72' title="bbox 270 4038 1852 4116">
    <p class='ocr_par' dir='ltr' id='par_1_72' title="bbox 270 4038 1852 4116">
     <span class='ocr_line' id='line_1_72' title="bbox 270 4038 1852 4116; baseline -0.004 -18"><span class='ocrx_word' id='word_1_557' title='bbox 270 4045 432 4116; x_wconf 74' lang='grc' dir='ltr'>τέρᾳ,</span> <span class='ocrx_word' id='word_1_558' title='bbox 457 4045 525 4113; x_wconf 79' lang='grc' dir='ltr'>τῇ</span> <span class='ocrx_word' id='word_1_559' title='bbox 563 4041 673 4096; x_wconf 84' lang='grc' dir='ltr'>τῶν</span> <span class='ocrx_word' id='word_1_560' title='bbox 690 4039 992 4111; x_wconf 80' lang='grc' dir='ltr'>νεωτέρων,</span> <span class='ocrx_word' id='word_1_561' title='bbox 1018 4039 1189 4109; x_wconf 82' lang='grc' dir='ltr'>πολλὴ</span> <span class='ocrx_word' id='word_1_562' title='bbox 1211 4041 1242 4108; x_wconf 77' lang='grc' dir='ltr'>ἡ</span> <span class='ocrx_word' id='word_1_563' title='bbox 1274 4038 1405 4107; x_wconf 77' lang='grc' dir='ltr'>φλὸξ</span> <span class='ocrx_word' id='word_1_564' title='bbox 1435 4040 1534 4107; x_wconf 75' lang='grc' dir='ltr'>τῆς</span> <span class='ocrx_word' id='word_1_565' title='bbox 1558 4039 1852 4108; x_wconf 74' lang='grc' dir='ltr'>ἐπιθυμίας</span> 
     </span>
    </p>
   </div>
   <div class='ocr_carea' id='block_1_73' title="bbox 272 4130 1855 4204">
    <p class='ocr_par' dir='ltr' id='par_1_73' title="bbox 272 4130 1855 4204">
     <span class='ocr_line' id='line_1_73' title="bbox 272 4130 1855 4204; baseline -0.005 -14"><span class='ocrx_word' id='word_1_566' title='bbox 272 4139 376 4191; x_wconf 70' lang='grc' dir='ltr'><strong>καὶ</strong></span> <span class='ocrx_word' id='word_1_567' title='bbox 404 4134 500 4189; x_wconf 89' lang='grc' dir='ltr'><strong>τοῦ</strong></span> <span class='ocrx_word' id='word_1_568' title='bbox 532 4133 723 4204; x_wconf 75' lang='grc' dir='ltr'>θυμοῦο</span> <span class='ocrx_word' id='word_1_569' title='bbox 759 4134 818 4188; x_wconf 75' lang='grc' dir='ltr'><strong>ἐν</strong></span> <span class='ocrx_word' id='word_1_570' title='bbox 845 4133 903 4186; x_wconf 80' lang='grc' dir='ltr'>δὲ</span> <span class='ocrx_word' id='word_1_571' title='bbox 938 4131 1110 4202; x_wconf 83' lang='grc' dir='ltr'>ταύτῃ</span> <span class='ocrx_word' id='word_1_572' title='bbox 1156 4134 1223 4202; x_wconf 81' lang='grc' dir='ltr'>τῇ</span> <span class='ocrx_word' id='word_1_573' title='bbox 1263 4130 1370 4185; x_wconf 81' lang='grc' dir='ltr'>τῶν</span> <span class='ocrx_word' id='word_1_574' title='bbox 1418 4131 1648 4203; x_wconf 81' lang='grc' dir='ltr'>ἀνδρῶν,</span> <span class='ocrx_word' id='word_1_575' title='bbox 1688 4133 1855 4201; x_wconf 78' lang='grc' dir='ltr'>πολλὴ</span> 
     </span>
    </p>
   </div>
   <div class='ocr_carea' id='block_1_74' title="bbox 272 4221 1851 4300">
    <p class='ocr_par' dir='ltr' id='par_1_74' title="bbox 272 4221 1851 4300">
     <span class='ocr_line' id='line_1_74' title="bbox 272 4221 1851 4300; baseline -0.006 -15"><span class='ocrx_word' id='word_1_576' title='bbox 272 4233 312 4300; x_wconf 84' lang='grc' dir='ltr'><strong>ἡ</strong></span> <span class='ocrx_word' id='word_1_577' title='bbox 340 4226 760 4299; x_wconf 68' lang='grc' dir='ltr'>φιλοχρηματία.</span> <span class='ocrx_word' id='word_1_578' title='bbox 794 4226 1104 4295; x_wconf 84' lang='grc' dir='ltr'>’Λνέμεινεν</span> <span class='ocrx_word' id='word_1_579' title='bbox 1125 4221 1220 4280; x_wconf 84' lang='grc' dir='ltr'><strong>οῦν</strong></span> <span class='ocrx_word' id='word_1_580' title='bbox 1254 4224 1460 4295; x_wconf 81' lang='grc' dir='ltr'>ταύτην</span> <span class='ocrx_word' id='word_1_581' title='bbox 1494 4225 1593 4295; x_wconf 83' lang='grc' dir='ltr'>τὴν</span> <span class='ocrx_word' id='word_1_582' title='bbox 1618 4227 1851 4297; x_wconf 81' lang='grc' dir='ltr'>ἡλικίαν,</span> 
     </span>
    </p>
   </div>
   <div class='ocr_carea' id='block_1_75' title="bbox 277 4317 1859 4390">
    <p class='ocr_par' dir='ltr' id='par_1_75' title="bbox 277 4317 1859 4390">
     <span class='ocr_line' id='line_1_75' title="bbox 277 4317 1859 4390; baseline -0.004 -12"><span class='ocrx_word' id='word_1_583' title='bbox 277 4324 372 4378; x_wconf 75' lang='grc' dir='ltr'>ἴνα</span> <span class='ocrx_word' id='word_1_584' title='bbox 399 4322 488 4376; x_wconf 72' lang='grc' dir='ltr'><strong>διὰ</strong></span> <span class='ocrx_word' id='word_1_585' title='bbox 522 4320 712 4375; x_wconf 80' lang='grc' dir='ltr'>πασῶν</span> <span class='ocrx_word' id='word_1_586' title='bbox 749 4321 857 4373; x_wconf 86' lang='grc' dir='ltr'>τῶν</span> <span class='ocrx_word' id='word_1_587' title='bbox 880 4319 1110 4390; x_wconf 79' lang='grc' dir='ltr'>ἡλικιῶν</span> <span class='ocrx_word' id='word_1_588' title='bbox 1139 4317 1405 4390; x_wconf 82' lang='grc' dir='ltr'>πληρώσῃ</span> <span class='ocrx_word' id='word_1_589' title='bbox 1438 4317 1528 4371; x_wconf 72' lang='grc' dir='ltr'>τὸν</span> <span class='ocrx_word' id='word_1_590' title='bbox 1553 4319 1733 4387; x_wconf 89' lang='grc' dir='ltr'>νόμον,</span> <span class='ocrx_word' id='word_1_591' title='bbox 1766 4320 1859 4372; x_wconf 79' lang='grc' dir='ltr'><strong>καὶ</strong></span> 
     </span>
    </p>
   </div>
   <div class='ocr_carea' id='block_1_76' title="bbox 280 4411 1857 4489">
    <p class='ocr_par' dir='ltr' id='par_1_76' title="bbox 280 4411 1857 4489">
     <span class='ocr_line' id='line_1_76' title="bbox 280 4411 1857 4489; baseline -0.003 -18"><span class='ocrx_word' id='word_1_592' title='bbox 280 4415 492 4489; x_wconf 79' lang='grc' dir='ltr'>ἁγιάσῃ</span> <span class='ocrx_word' id='word_1_593' title='bbox 524 4415 689 4486; x_wconf 76' lang='grc' dir='ltr'>ἡμᾶς.</span> <span class='ocrx_word' id='word_1_594' title='bbox 728 4433 746 4464; x_wconf 79' lang='grc' dir='ltr'><strong>ι</strong></span> <span class='ocrx_word' id='word_1_595' title='bbox 787 4413 965 4476; x_wconf 83' lang='grc' dir='ltr'>Εὐθὺς</span> <span class='ocrx_word' id='word_1_596' title='bbox 1010 4411 1180 4482; x_wconf 80' lang='grc' dir='ltr'>ἀνέϐη</span> <span class='ocrx_word' id='word_1_597' title='bbox 1222 4413 1332 4464; x_wconf 75' lang='grc' dir='ltr'>ἀπὸ</span> <span class='ocrx_word' id='word_1_598' title='bbox 1355 4411 1447 4464; x_wconf 88' lang='grc' dir='ltr'><strong>τοῦ</strong></span> <span class='ocrx_word' id='word_1_599' title='bbox 1479 4411 1693 4475; x_wconf 74' lang='grc' dir='ltr'>ὓδατος.</span> <span class='ocrx_word' id='word_1_600' title='bbox 1735 4432 1753 4463; x_wconf 84' lang='grc'>›</span> <span class='ocrx_word' id='word_1_601' title='bbox 1796 4415 1857 4466; x_wconf 91' lang='grc' dir='ltr'>Οί</span> 
     </span>
    </p>
   </div>
   <div class='ocr_carea' id='block_1_77' title="bbox 280 4503 1856 4577">
    <p class='ocr_par' dir='ltr' id='par_1_77' title="bbox 280 4503 1856 4577">
     <span class='ocr_line' id='line_1_77' title="bbox 280 4503 1856 4577; baseline -0.004 -14"><span class='ocrx_word' id='word_1_602' title='bbox 280 4508 575 4577; x_wconf 71' lang='grc' dir='ltr'>Μανιχαῖοι</span> <span class='ocrx_word' id='word_1_603' title='bbox 604 4506 876 4574; x_wconf 80' lang='grc' dir='ltr'>λέγουσιν,</span> <span class='ocrx_word' id='word_1_604' title='bbox 920 4507 1005 4559; x_wconf 80' lang='grc' dir='ltr'>ὅτι</span> <span class='ocrx_word' id='word_1_605' title='bbox 1034 4507 1094 4557; x_wconf 88' lang='grc' dir='ltr'>τὸ</span> <span class='ocrx_word' id='word_1_606' title='bbox 1132 4506 1293 4574; x_wconf 84' lang='grc' dir='ltr'>σῶμα</span> <span class='ocrx_word' id='word_1_607' title='bbox 1329 4504 1499 4558; x_wconf 85' lang='grc' dir='ltr'>αὑτοῦ</span> <span class='ocrx_word' id='word_1_608' title='bbox 1534 4503 1771 4557; x_wconf 81' lang='grc' dir='ltr'>ἀπέθετο</span> <span class='ocrx_word' id='word_1_609' title='bbox 1800 4506 1856 4557; x_wconf 78' lang='grc' dir='ltr'>ἐν</span> 
     </span>
    </p>
   </div>
   <div class='ocr_carea' id='block_1_78' title="bbox 1945 3291 3524 3370">
    <p class='ocr_par' dir='ltr' id='par_1_78' title="bbox 1945 3291 3524 3370">
     <span class='ocr_line' id='line_1_78' title="bbox 1945 3291 3524 3370; baseline -0.007 -16"><span class='ocrx_word' id='word_1_610' title='bbox 1945 3318 2050 3355; x_wconf 83' lang='lat' dir='ltr'><strong>non</strong></span> <span class='ocrx_word' id='word_1_611' title='bbox 2090 3310 2297 3370; x_wconf 75' lang='lat' dir='ltr'><strong>potet-at</strong></span> <span class='ocrx_word' id='word_1_612' title='bbox 2335 3300 2617 3370; x_wconf 84' lang='lat' dir='ltr'><strong>perlicere.</strong></span> <span class='ocrx_word' id='word_1_613' title='bbox 2667 3298 2774 3368; x_wconf 84' lang='lat' dir='ltr'><strong>Ego</strong></span> <span class='ocrx_word' id='word_1_614' title='bbox 2827 3294 2988 3366; x_wconf 84' lang='lat' dir='ltr'><strong>igitur</strong></span> <span class='ocrx_word' id='word_1_615' title='bbox 3023 3310 3146 3347; x_wconf 87' lang='lat' dir='ltr'><strong>cum</strong></span> <span class='ocrx_word' id='word_1_616' title='bbox 3192 3291 3524 3361; x_wconf 82' lang='lat' dir='ltr'><strong>impleverim</strong></span> 
     </span>
    </p>
   </div>
   <div class='ocr_carea' id='block_1_79' title="bbox 1947 3381 3525 3461">
    <p class='ocr_par' dir='ltr' id='par_1_79' title="bbox 1947 3381 3525 3461">
     <span class='ocr_line' id='line_1_79' title="bbox 1947 3381 3525 3461; baseline -0.008 -17"><span class='ocrx_word' id='word_1_617' title='bbox 1947 3392 2051 3447; x_wconf 88' lang='lat' dir='ltr'><strong>alia</strong></span> <span class='ocrx_word' id='word_1_618' title='bbox 2076 3406 2195 3460; x_wconf 78' lang='lat' dir='ltr'><strong>quae</strong></span> <span class='ocrx_word' id='word_1_619' title='bbox 2220 3391 2273 3444; x_wconf 92' lang='lat' dir='ltr'><strong>iu</strong></span> <span class='ocrx_word' id='word_1_620' title='bbox 2302 3393 2417 3461; x_wconf 83' lang='lat' dir='ltr'><strong>lege</strong></span> <span class='ocrx_word' id='word_1_621' title='bbox 2446 3398 2590 3449; x_wconf 87' lang='lat' dir='ltr'><strong>sunt.</strong></span> <span class='ocrx_word' id='word_1_622' title='bbox 2615 3400 2670 3443; x_wconf 90' lang='lat' dir='ltr'><strong>ct</strong></span> <span class='ocrx_word' id='word_1_623' title='bbox 2697 3387 2837 3442; x_wconf 83' lang='lat' dir='ltr'><strong>desit</strong></span> <span class='ocrx_word' id='word_1_624' title='bbox 2859 3387 2959 3441; x_wconf 91' lang='lat' dir='ltr'><strong>hoc</strong></span> <span class='ocrx_word' id='word_1_625' title='bbox 2988 3400 3152 3439; x_wconf 90' lang='lat' dir='ltr'><strong>unum</strong></span> <span class='ocrx_word' id='word_1_626' title='bbox 3171 3393 3228 3437; x_wconf 92' lang='lat' dir='ltr'><strong>ut</strong></span> <span class='ocrx_word' id='word_1_627' title='bbox 3250 3381 3525 3451; x_wconf 82' lang='lat' dir='ltr'><strong>baptizer,</strong></span> 
     </span>
    </p>
   </div>
   <div class='ocr_carea' id='block_1_80' title="bbox 1946 3480 3531 3552">
    <p class='ocr_par' dir='ltr' id='par_1_80' title="bbox 1946 3480 3531 3552">
     <span class='ocr_line' id='line_1_80' title="bbox 1946 3480 3531 3552; baseline -0.006 -14"><span class='ocrx_word' id='word_1_628' title='bbox 1946 3493 2231 3552; x_wconf 79' lang='lat' dir='ltr'><strong>eaprOpter</strong></span> <span class='ocrx_word' id='word_1_629' title='bbox 2267 3498 2387 3536; x_wconf 89' lang='lat' dir='ltr'><strong>cum</strong></span> <span class='ocrx_word' id='word_1_630' title='bbox 2452 3482 2551 3536; x_wconf 89' lang='lat' dir='ltr'><strong>hoc</strong></span> <span class='ocrx_word' id='word_1_631' title='bbox 2581 3480 2781 3547; x_wconf 83' lang='lat' dir='ltr'><strong>fecero,</strong></span> <span class='ocrx_word' id='word_1_632' title='bbox 2807 3480 3049 3533; x_wconf 80' lang='lat' dir='ltr'><strong>liberabo</strong></span> <span class='ocrx_word' id='word_1_633' title='bbox 3085 3484 3332 3531; x_wconf 85' lang='lat' dir='ltr'><strong>naturam</strong></span> <span class='ocrx_word' id='word_1_634' title='bbox 3359 3491 3390 3529; x_wconf 87' lang='lat' dir='ltr'><strong>a</strong></span> <span class='ocrx_word' id='word_1_635' title='bbox 3414 3490 3531 3529; x_wconf 83' lang='lat' dir='ltr'><strong>ma-</strong></span> 
     </span>
    </p>
   </div>
   <div class='ocr_carea' id='block_1_81' title="bbox 1948 3574 2959 3645">
    <p class='ocr_par' dir='ltr' id='par_1_81' title="bbox 1948 3574 2959 3645">
     <span class='ocr_line' id='line_1_81' title="bbox 1948 3574 2959 3645; baseline -0.002 -15"><span class='ocrx_word' id='word_1_636' title='bbox 1948 3578 2161 3632; x_wconf 80' lang='lat' dir='ltr'><strong>ledicto.</strong></span> <span class='ocrx_word' id='word_1_637' title='bbox 2208 3578 2318 3630; x_wconf 83' lang='lat' dir='ltr'><strong>lloc</strong></span> <span class='ocrx_word' id='word_1_638' title='bbox 2353 3575 2459 3645; x_wconf 79' lang='lat'><strong>19</strong></span> <span class='ocrx_word' id='word_1_639' title='bbox 2485 3575 2627 3630; x_wconf 88' lang='lat' dir='ltr'><strong>enim</strong></span> <span class='ocrx_word' id='word_1_640' title='bbox 2657 3587 2741 3628; x_wconf 89' lang='lat' dir='ltr'><strong>tne</strong></span> <span class='ocrx_word' id='word_1_641' title='bbox 2778 3574 2959 3628; x_wconf 89' lang='lat' dir='ltr'><strong>decet.</strong></span> 
     </span>
    </p>
   </div>
   <div class='ocr_carea' id='block_1_82' title="bbox 2025 3660 3534 3733">
    <p class='ocr_par' dir='ltr' id='par_1_82' title="bbox 2025 3660 3534 3733">
     <span class='ocr_line' id='line_1_82' title="bbox 2025 3660 3534 3733; baseline -0.007 -12"><span class='ocrx_word' id='word_1_642' title='bbox 2025 3670 2187 3723; x_wconf 76' lang='lat' dir='ltr'><strong>Vens.</strong></span> <span class='ocrx_word' id='word_1_643' title='bbox 2232 3668 2316 3733; x_wconf 79' lang='lat' dir='ltr'><strong>l5,</strong></span> <span class='ocrx_word' id='word_1_644' title='bbox 2354 3670 2437 3724; x_wconf 82' lang='grc'>16.</span> <span class='ocrx_word' id='word_1_645' title='bbox 2475 3687 2493 3719; x_wconf 86' lang='grc' dir='ltr'><strong>ι</strong></span> <span class='ocrx_word' id='word_1_646' title='bbox 2533 3666 2685 3721; x_wconf 89' lang='lat' dir='ltr'><strong>Tunc</strong></span> <span class='ocrx_word' id='word_1_647' title='bbox 2719 3665 2922 3721; x_wconf 88' lang='lat' dir='ltr'><strong>omittit</strong></span> <span class='ocrx_word' id='word_1_648' title='bbox 2955 3664 3104 3718; x_wconf 88' lang='lat' dir='ltr'><strong>illum</strong></span> <span class='ocrx_word' id='word_1_649' title='bbox 3141 3680 3155 3716; x_wconf 87' lang='lat'><strong>:</strong></span> <span class='ocrx_word' id='word_1_650' title='bbox 3193 3673 3247 3716; x_wconf 89' lang='lat' dir='ltr'><strong>et</strong></span> <span class='ocrx_word' id='word_1_651' title='bbox 3292 3660 3534 3729; x_wconf 66' lang='lat' dir='ltr'><strong>baptiza-</strong></span> 
     </span>
    </p>
   </div>
   <div class='ocr_carea' id='block_1_83' title="bbox 1952 3758 3532 3828">
    <p class='ocr_par' dir='ltr' id='par_1_83' title="bbox 1952 3758 3532 3828">
     <span class='ocr_line' id='line_1_83' title="bbox 1952 3758 3532 3828; baseline -0.008 -11"><span class='ocrx_word' id='word_1_652' title='bbox 1952 3774 2038 3817; x_wconf 87' lang='lat' dir='ltr'><strong>tus</strong></span> <span class='ocrx_word' id='word_1_653' title='bbox 2070 3761 2249 3818; x_wconf 80' lang='lat' dir='ltr'><strong>Jesus.</strong></span> <span class='ocrx_word' id='word_1_654' title='bbox 2295 3781 2314 3813; x_wconf 81' lang='grc' dir='ltr'><strong>ι</strong></span> <span class='ocrx_word' id='word_1_655' title='bbox 2349 3762 2600 3816; x_wconf 74' lang='lat' dir='ltr'><strong>Christus</strong></span> <span class='ocrx_word' id='word_1_656' title='bbox 2630 3768 2753 3816; x_wconf 88' lang='lat' dir='ltr'><strong>cum</strong></span> <span class='ocrx_word' id='word_1_657' title='bbox 2796 3758 3018 3828; x_wconf 84' lang='lat' dir='ltr'><strong>triginta</strong></span> <span class='ocrx_word' id='word_1_658' title='bbox 3047 3770 3317 3809; x_wconf 87' lang='lat' dir='ltr'><strong>annorum</strong></span> <span class='ocrx_word' id='word_1_659' title='bbox 3347 3762 3532 3818; x_wconf 88' lang='lat' dir='ltr'><strong>esset,</strong></span> 
     </span>
    </p>
   </div>
   <div class='ocr_carea' id='block_1_84' title="bbox 1954 3845 3536 3925">
    <p class='ocr_par' dir='ltr' id='par_1_84' title="bbox 1954 3845 3536 3925">
     <span class='ocr_line' id='line_1_84' title="bbox 1954 3845 3536 3925; baseline -0.009 -16"><span class='ocrx_word' id='word_1_660' title='bbox 1954 3856 2293 3925; x_wconf 74' lang='lat' dir='ltr'><strong>baptizatur,</strong></span> <span class='ocrx_word' id='word_1_661' title='bbox 2328 3869 2393 3909; x_wconf 88' lang='lat' dir='ltr'><strong>eo</strong></span> <span class='ocrx_word' id='word_1_662' title='bbox 2438 3853 2583 3923; x_wconf 86' lang='lat' dir='ltr'><strong>quod</strong></span> <span class='ocrx_word' id='word_1_663' title='bbox 2614 3860 2746 3905; x_wconf 79' lang='lat' dir='ltr'><strong>actas</strong></span> <span class='ocrx_word' id='word_1_664' title='bbox 2778 3850 2867 3903; x_wconf 84' lang='lat' dir='ltr'><strong>illa</strong></span> <span class='ocrx_word' id='word_1_665' title='bbox 2906 3856 3129 3918; x_wconf 86' lang='lat' dir='ltr'><strong>peccata</strong></span> <span class='ocrx_word' id='word_1_666' title='bbox 3170 3846 3351 3900; x_wconf 85' lang='lat' dir='ltr'><strong>omnia</strong></span> <span class='ocrx_word' id='word_1_667' title='bbox 3392 3845 3445 3897; x_wconf 89' lang='lat' dir='ltr'><strong>iu</strong></span> <span class='ocrx_word' id='word_1_668' title='bbox 3477 3859 3536 3896; x_wconf 91' lang='lat' dir='ltr'><strong>se</strong></span> 
     </span>
    </p>
   </div>
   <div class='ocr_carea' id='block_1_85' title="bbox 1954 3934 3533 4016">
    <p class='ocr_par' dir='ltr' id='par_1_85' title="bbox 1954 3934 3533 4016">
     <span class='ocr_line' id='line_1_85' title="bbox 1954 3934 3533 4016; baseline -0.008 -16"><span class='ocrx_word' id='word_1_669' title='bbox 1954 3946 2174 4016; x_wconf 87' lang='lat' dir='ltr'><strong>accipit.</strong></span> <span class='ocrx_word' id='word_1_670' title='bbox 2211 3945 2271 3999; x_wconf 84' lang='lat' dir='ltr'><strong>In</strong></span> <span class='ocrx_word' id='word_1_671' title='bbox 2305 3946 2478 4013; x_wconf 82' lang='lat' dir='ltr'><strong>prima</strong></span> <span class='ocrx_word' id='word_1_672' title='bbox 2526 3952 2684 3998; x_wconf 83' lang='lat' dir='ltr'><strong>a:tate</strong></span> <span class='ocrx_word' id='word_1_673' title='bbox 2736 3954 2927 4009; x_wconf 83' lang='lat' dir='ltr'><strong>magna</strong></span> <span class='ocrx_word' id='word_1_674' title='bbox 2967 3946 3052 3993; x_wconf 88' lang='lat' dir='ltr'><strong>est</strong></span> <span class='ocrx_word' id='word_1_675' title='bbox 3086 3936 3420 4006; x_wconf 75' lang='lat' dir='ltr'><strong>insipientia.</strong></span> <span class='ocrx_word' id='word_1_676' title='bbox 3475 3934 3533 3988; x_wconf 86' lang='lat' dir='ltr'><strong>lu</strong></span> 
     </span>
    </p>
   </div>
   <div class='ocr_carea' id='block_1_86' title="bbox 1954 4019 3537 4106">
    <p class='ocr_par' dir='ltr' id='par_1_86' title="bbox 1954 4019 3537 4106">
     <span class='ocr_line' id='line_1_86' title="bbox 1954 4019 3537 4106; baseline -0.008 -15"><span class='ocrx_word' id='word_1_677' title='bbox 1954 4019 2215 4100; x_wconf 86' lang='lat' dir='ltr'><strong>secunda,</strong></span> <span class='ocrx_word' id='word_1_678' title='bbox 2245 4050 2366 4106; x_wconf 83' lang='lat' dir='ltr'><strong>quae</strong></span> <span class='ocrx_word' id='word_1_679' title='bbox 2401 4043 2485 4089; x_wconf 89' lang='lat' dir='ltr'><strong>est</strong></span> <span class='ocrx_word' id='word_1_680' title='bbox 2517 4032 2950 4092; x_wconf 82' lang='lat' dir='ltr'><strong>adolescentum,</strong></span> <span class='ocrx_word' id='word_1_681' title='bbox 2986 4044 3177 4099; x_wconf 85' lang='lat' dir='ltr'><strong>magna</strong></span> <span class='ocrx_word' id='word_1_682' title='bbox 3209 4036 3291 4083; x_wconf 78' lang='lat' dir='ltr'><strong>est</strong></span> <span class='ocrx_word' id='word_1_683' title='bbox 3322 4028 3537 4080; x_wconf 80' lang='lat' dir='ltr'><strong>ﬂamma</strong></span> 
     </span>
    </p>
   </div>
   <div class='ocr_carea' id='block_1_87' title="bbox 1957 4118 3536 4195">
    <p class='ocr_par' dir='ltr' id='par_1_87' title="bbox 1957 4118 3536 4195">
     <span class='ocr_line' id='line_1_87' title="bbox 1957 4118 3536 4195; baseline -0.011 -12"><span class='ocrx_word' id='word_1_684' title='bbox 1957 4126 2409 4195; x_wconf 62' lang='lat' dir='ltr'><strong>concupiscentia:</strong></span> <span class='ocrx_word' id='word_1_685' title='bbox 2449 4133 2504 4179; x_wconf 88' lang='lat' dir='ltr'><strong>et</strong></span> <span class='ocrx_word' id='word_1_686' title='bbox 2543 4124 2657 4177; x_wconf 63' lang='lat' dir='ltr'><strong>ira).</strong></span> <span class='ocrx_word' id='word_1_687' title='bbox 2689 4120 2746 4175; x_wconf 88' lang='lat' dir='ltr'><strong>lu</strong></span> <span class='ocrx_word' id='word_1_688' title='bbox 2780 4118 2921 4173; x_wconf 83' lang='lat' dir='ltr'><strong>virili</strong></span> <span class='ocrx_word' id='word_1_689' title='bbox 2954 4128 3155 4180; x_wconf 87' lang='lat' dir='ltr'><strong>autem,</strong></span> <span class='ocrx_word' id='word_1_690' title='bbox 3190 4131 3341 4170; x_wconf 85' lang='lat' dir='ltr'><strong>amor</strong></span> <span class='ocrx_word' id='word_1_691' title='bbox 3375 4131 3536 4184; x_wconf 87' lang='lat' dir='ltr'><strong>opum</strong></span> 
     </span>
    </p>
   </div>
   <div class='ocr_carea' id='block_1_88' title="bbox 1959 4209 3540 4287">
    <p class='ocr_par' dir='ltr' id='par_1_88' title="bbox 1959 4209 3540 4287">
     <span class='ocr_line' id='line_1_88' title="bbox 1959 4209 3540 4287; baseline -0.008 -17"><span class='ocrx_word' id='word_1_692' title='bbox 1959 4227 2171 4287; x_wconf 76' lang='lat' dir='ltr'><strong>regnat.</strong></span> <span class='ocrx_word' id='word_1_693' title='bbox 2230 4214 2577 4284; x_wconf 74' lang='lat' dir='ltr'><strong>Exspectavit</strong></span> <span class='ocrx_word' id='word_1_694' title='bbox 2633 4211 2792 4283; x_wconf 85' lang='lat' dir='ltr'><strong>igitur</strong></span> <span class='ocrx_word' id='word_1_695' title='bbox 2844 4209 2982 4263; x_wconf 76' lang='lat' dir='ltr'><strong>hanc</strong></span> <span class='ocrx_word' id='word_1_696' title='bbox 3029 4218 3287 4271; x_wconf 62' lang='lat' dir='ltr'><strong>aetatem,</strong></span> <span class='ocrx_word' id='word_1_697' title='bbox 3340 4218 3396 4260; x_wconf 92' lang='lat' dir='ltr'><strong>ut</strong></span> <span class='ocrx_word' id='word_1_698' title='bbox 3445 4221 3540 4274; x_wconf 85' lang='lat' dir='ltr'><strong>per</strong></span> 
     </span>
    </p>
   </div>
   <div class='ocr_carea' id='block_1_89' title="bbox 1959 4298 3538 4375">
    <p class='ocr_par' dir='ltr' id='par_1_89' title="bbox 1959 4298 3538 4375">
     <span class='ocr_line' id='line_1_89' title="bbox 1959 4298 3538 4375; baseline -0.008 -12"><span class='ocrx_word' id='word_1_699' title='bbox 1959 4323 2149 4363; x_wconf 80' lang='lat' dir='ltr'><strong>ornues</strong></span> <span class='ocrx_word' id='word_1_700' title='bbox 2189 4317 2375 4361; x_wconf 71' lang='lat' dir='ltr'><strong>cet-atus</strong></span> <span class='ocrx_word' id='word_1_701' title='bbox 2409 4305 2657 4375; x_wconf 87' lang='lat' dir='ltr'><strong>impleret</strong></span> <span class='ocrx_word' id='word_1_702' title='bbox 2685 4303 2899 4373; x_wconf 84' lang='lat' dir='ltr'><strong>legem,</strong></span> <span class='ocrx_word' id='word_1_703' title='bbox 2921 4310 2977 4355; x_wconf 90' lang='lat' dir='ltr'><strong>et</strong></span> <span class='ocrx_word' id='word_1_704' title='bbox 3017 4316 3114 4355; x_wconf 91' lang='lat' dir='ltr'><strong>nos</strong></span> <span class='ocrx_word' id='word_1_705' title='bbox 3151 4298 3538 4354; x_wconf 82' lang='lat' dir='ltr'><strong>sanctilicaret.</strong></span> 
     </span>
    </p>
   </div>
   <div class='ocr_carea' id='block_1_90' title="bbox 1969 4391 3540 4466">
    <p class='ocr_par' dir='ltr' id='par_1_90' title="bbox 1969 4391 3540 4466">
     <span class='ocr_line' id='line_1_90' title="bbox 1969 4391 3540 4466; baseline -0.009 -12"><span class='ocrx_word' id='word_1_706' title='bbox 1969 4423 1986 4454; x_wconf 84' lang='grc' dir='ltr'><strong>ι</strong></span> <span class='ocrx_word' id='word_1_707' title='bbox 2024 4400 2218 4455; x_wconf 81' lang='lat' dir='ltr'><strong>Statim</strong></span> <span class='ocrx_word' id='word_1_708' title='bbox 2248 4399 2497 4455; x_wconf 80' lang='lat' dir='ltr'><strong>ascendit</strong></span> <span class='ocrx_word' id='word_1_709' title='bbox 2527 4399 2595 4452; x_wconf 86' lang='lat' dir='ltr'><strong>ab</strong></span> <span class='ocrx_word' id='word_1_710' title='bbox 2621 4411 2783 4466; x_wconf 82' lang='lat' dir='ltr'><strong>aqua.</strong></span> <span class='ocrx_word' id='word_1_711' title='bbox 2827 4414 2845 4445; x_wconf 82' lang='grc' dir='ltr'><strong>ι</strong></span> <span class='ocrx_word' id='word_1_712' title='bbox 2878 4391 3158 4447; x_wconf 69' lang='lat' dir='ltr'><strong>Manicbtci</strong></span> <span class='ocrx_word' id='word_1_713' title='bbox 3191 4392 3375 4445; x_wconf 88' lang='lat' dir='ltr'><strong>dicunt</strong></span> <span class='ocrx_word' id='word_1_714' title='bbox 3400 4391 3540 4459; x_wconf 88' lang='lat' dir='ltr'><strong>quod</strong></span> 
     </span>
    </p>
   </div>
   <div class='ocr_carea' id='block_1_91' title="bbox 1964 4484 3543 4560">
    <p class='ocr_par' dir='ltr' id='par_1_91' title="bbox 1964 4484 3543 4560">
     <span class='ocr_line' id='line_1_91' title="bbox 1964 4484 3543 4560; baseline -0.009 -13"><span class='ocrx_word' id='word_1_715' title='bbox 1964 4508 2160 4560; x_wconf 83' lang='lat' dir='ltr'><strong>corpus</strong></span> <span class='ocrx_word' id='word_1_716' title='bbox 2190 4507 2348 4547; x_wconf 85' lang='lat' dir='ltr'><strong>suum</strong></span> <span class='ocrx_word' id='word_1_717' title='bbox 2376 4489 2689 4558; x_wconf 81' lang='lat' dir='ltr'><strong>deposuerit</strong></span> <span class='ocrx_word' id='word_1_718' title='bbox 2718 4489 2773 4543; x_wconf 86' lang='lat' dir='ltr'><strong>in</strong></span> <span class='ocrx_word' id='word_1_719' title='bbox 2805 4485 3067 4548; x_wconf 82' lang='lat' dir='ltr'><strong>Jordaue,</strong></span> <span class='ocrx_word' id='word_1_720' title='bbox 3094 4484 3247 4552; x_wconf 74' lang='lat' dir='ltr'><strong>juxta</strong></span> <span class='ocrx_word' id='word_1_721' title='bbox 3280 4498 3543 4551; x_wconf 55' lang='lat' dir='ltr'><strong>appareuo</strong></span> 
     </span>
    </p>
   </div>
   <div class='ocr_carea' id='block_1_92' title="bbox 282 4574 1841 4670">
    <p class='ocr_par' dir='ltr' id='par_1_92' title="bbox 282 4574 1841 4670">
     <span class='ocr_line' id='line_1_92' title="bbox 282 4574 1841 4670; baseline -0.001 -19"><span class='ocrx_word' id='word_1_722' title='bbox 282 4600 365 4668; x_wconf 81' lang='grc' dir='ltr'><strong>τῷ</strong></span> <span class='ocrx_word' id='word_1_723' title='bbox 409 4574 668 4670; x_wconf 79' lang='grc' dir='ltr'>Ἰορδάνῃ,</span> <span class='ocrx_word' id='word_1_724' title='bbox 695 4598 836 4651; x_wconf 79' lang='grc' dir='ltr'>κατὰ</span> <span class='ocrx_word' id='word_1_725' title='bbox 869 4598 1173 4665; x_wconf 80' lang='grc' dir='ltr'>φαντασίαν</span> <span class='ocrx_word' id='word_1_726' title='bbox 1202 4596 1258 4649; x_wconf 80' lang='grc' dir='ltr'><strong>δὲ</strong></span> <span class='ocrx_word' id='word_1_727' title='bbox 1286 4595 1415 4649; x_wconf 78' lang='grc' dir='ltr'>ἄλλο</span> <span class='ocrx_word' id='word_1_728' title='bbox 1444 4595 1603 4666; x_wconf 81' lang='grc' dir='ltr'>σῶμα</span> <span class='ocrx_word' id='word_1_729' title='bbox 1627 4594 1841 4663; x_wconf 71' lang='grc' dir='ltr'>ἔδειξεν.</span> 
     </span>
    </p>
   </div>
   <div class='ocr_carea' id='block_1_93' title="bbox 1946 4574 3545 4670">
    <p class='ocr_par' dir='ltr' id='par_1_93' title="bbox 1963 4574 3545 4648">
     <span class='ocr_line' id='line_1_93' title="bbox 1963 4574 3545 4648; baseline -0.009 -10"><span class='ocrx_word' id='word_1_730' title='bbox 1963 4584 2092 4638; x_wconf 86' lang='lat' dir='ltr'><strong>tiam</strong></span> <span class='ocrx_word' id='word_1_731' title='bbox 2124 4592 2302 4637; x_wconf 86' lang='lat' dir='ltr'><strong>autem</strong></span> <span class='ocrx_word' id='word_1_732' title='bbox 2336 4581 2483 4635; x_wconf 87' lang='lat' dir='ltr'><strong>aliud</strong></span> <span class='ocrx_word' id='word_1_733' title='bbox 2524 4595 2724 4648; x_wconf 85' lang='lat' dir='ltr'><strong>corpus</strong></span> <span class='ocrx_word' id='word_1_734' title='bbox 2774 4577 3111 4632; x_wconf 82' lang='lat' dir='ltr'><strong>nionstrarit.</strong></span> <span class='ocrx_word' id='word_1_735' title='bbox 3154 4574 3545 4630; x_wconf 88' lang='lat' dir='ltr'><strong>Obmutescuut</strong></span> 
     </span>
    </p>
   </div>
   <div class='ocr_carea' id='block_1_94' title="bbox 301 4687 1859 4762">
    <p class='ocr_par' dir='ltr' id='par_1_94' title="bbox 301 4687 1859 4762">
     <span class='ocr_line' id='line_1_94' title="bbox 301 4687 1859 4762; baseline -0.003 -17"><span class='ocrx_word' id='word_1_736' title='bbox 301 4691 770 4762; x_wconf 79' lang='grc' dir='ltr'>Ἐπιστομίζονται</span> <span class='ocrx_word' id='word_1_737' title='bbox 802 4689 1139 4744; x_wconf 78' lang='grc' dir='ltr'>δὲὲντεῦθεν.</span> <span class='ocrx_word' id='word_1_738' title='bbox 1174 4689 1232 4741; x_wconf 86' lang='lat'><strong>&#39;0</strong></span> <span class='ocrx_word' id='word_1_739' title='bbox 1278 4688 1481 4759; x_wconf 83' lang='grc' dir='ltr'>Ἰησοῦς</span> <span class='ocrx_word' id='word_1_740' title='bbox 1513 4687 1642 4759; x_wconf 83' lang='grc' dir='ltr'>γὰρ,</span> <span class='ocrx_word' id='word_1_741' title='bbox 1671 4687 1859 4758; x_wconf 70' lang='grc' dir='ltr'>φησιν,</span> 
     </span>
    </p>
   </div>
   <div class='ocr_carea' id='block_1_95' title="bbox 285 4780 1860 4856">
    <p class='ocr_par' dir='ltr' id='par_1_95' title="bbox 285 4780 1860 4856">
     <span class='ocr_line' id='line_1_95' title="bbox 285 4780 1860 4856; baseline -0.002 -17"><span class='ocrx_word' id='word_1_742' title='bbox 285 4785 477 4856; x_wconf 81' lang='grc' dir='ltr'>ἀνέϐη·</span> <span class='ocrx_word' id='word_1_743' title='bbox 501 4785 604 4838; x_wconf 78' lang='grc' dir='ltr'>οὐκ</span> <span class='ocrx_word' id='word_1_744' title='bbox 637 4784 792 4847; x_wconf 71' lang='grc' dir='ltr'>ἄλλος</span> <span class='ocrx_word' id='word_1_745' title='bbox 815 4782 1008 4854; x_wconf 80' lang='grc' dir='ltr'>ἀνέϐη,</span> <span class='ocrx_word' id='word_1_746' title='bbox 1034 4781 1149 4835; x_wconf 76' lang='grc' dir='ltr'><strong>ἀλλ’</strong></span> <span class='ocrx_word' id='word_1_747' title='bbox 1176 4782 1209 4834; x_wconf 87' lang='lat'><strong>6</strong></span> <span class='ocrx_word' id='word_1_748' title='bbox 1230 4780 1476 4843; x_wconf 77' lang='grc' dir='ltr'>καταϐὰς</span> <span class='ocrx_word' id='word_1_749' title='bbox 1503 4782 1580 4844; x_wconf 80' lang='grc' dir='ltr'><strong>εἰς</strong></span> <span class='ocrx_word' id='word_1_750' title='bbox 1605 4781 1668 4835; x_wconf 80' lang='grc' dir='ltr'>τὸ</span> <span class='ocrx_word' id='word_1_751' title='bbox 1695 4780 1860 4851; x_wconf 74' lang='grc' dir='ltr'>ὕδωρ.</span> 
     </span>
    </p>
   </div>
   <div class='ocr_carea' id='block_1_96' title="bbox 294 4869 1864 4944">
    <p class='ocr_par' dir='ltr' id='par_1_96' title="bbox 294 4869 1864 4944">
     <span class='ocr_line' id='line_1_96' title="bbox 294 4869 1864 4944; baseline -0.002 -18"><span class='ocrx_word' id='word_1_752' title='bbox 294 4895 312 4926; x_wconf 79' lang='grc' dir='ltr'><strong>ι</strong></span> <span class='ocrx_word' id='word_1_753' title='bbox 349 4876 457 4928; x_wconf 81' lang='lat' dir='ltr'><strong>Kal.</strong></span> <span class='ocrx_word' id='word_1_754' title='bbox 488 4874 599 4929; x_wconf 76' lang='grc' dir='ltr'><strong>ἰδοὺ</strong></span> <span class='ocrx_word' id='word_1_755' title='bbox 624 4873 979 4944; x_wconf 78' lang='grc' dir='ltr'>ἀνεῴχθησαν</span> <span class='ocrx_word' id='word_1_756' title='bbox 1007 4870 1157 4942; x_wconf 84' lang='grc' dir='ltr'>αὐτῷ</span> <span class='ocrx_word' id='word_1_757' title='bbox 1205 4873 1256 4925; x_wconf 79' lang='grc' dir='ltr'><strong>οἱ</strong></span> <span class='ocrx_word' id='word_1_758' title='bbox 1303 4871 1544 4941; x_wconf 80' lang='grc' dir='ltr'>οὐρανοί.</span> <span class='ocrx_word' id='word_1_759' title='bbox 1587 4890 1606 4922; x_wconf 80' lang='grc' dir='ltr'><strong>ι</strong></span> <span class='ocrx_word' id='word_1_760' title='bbox 1664 4872 1725 4924; x_wconf 85' lang='grc' dir='ltr'>ὐ</span> <span class='ocrx_word' id='word_1_761' title='bbox 1763 4869 1864 4940; x_wconf 82' lang='grc' dir='ltr'>μὲν</span> 
     </span>
    </p>
   </div>
   <div class='ocr_carea' id='block_1_97' title="bbox 302 4962 1864 5038">
    <p class='ocr_par' dir='ltr' id='par_1_97' title="bbox 302 4962 1864 5038">
     <span class='ocr_line' id='line_1_97' title="bbox 302 4962 1864 5038; baseline -0.005 -15"><span class='ocrx_word' id='word_1_762' title='bbox 302 4968 474 5038; x_wconf 76' lang='grc' dir='ltr'><strong>’Λδὰμ</strong></span> <span class='ocrx_word' id='word_1_763' title='bbox 501 4968 699 5031; x_wconf 72' lang='grc' dir='ltr'>αὐτοὺς</span> <span class='ocrx_word' id='word_1_764' title='bbox 733 4965 963 5019; x_wconf 74' lang='grc' dir='ltr'>ἔκλεισε·</span> <span class='ocrx_word' id='word_1_765' title='bbox 1019 4964 1110 5018; x_wconf 78' lang='grc' dir='ltr'><strong>διὰ</strong></span> <span class='ocrx_word' id='word_1_766' title='bbox 1149 4964 1208 5017; x_wconf 83' lang='grc' dir='ltr'><strong>δὲ</strong></span> <span class='ocrx_word' id='word_1_767' title='bbox 1237 4963 1330 5018; x_wconf 82' lang='grc' dir='ltr'>τὸν</span> <span class='ocrx_word' id='word_1_768' title='bbox 1357 4962 1593 5034; x_wconf 80' lang='grc' dir='ltr'>Χριστὸν</span> <span class='ocrx_word' id='word_1_769' title='bbox 1617 4962 1864 5030; x_wconf 78' lang='grc' dir='ltr'>ἀνοίγον-</span> 
     </span>
    </p>
   </div>
   <div class='ocr_carea' id='block_1_98' title="bbox 292 5054 1867 5133">
    <p class='ocr_par' dir='ltr' id='par_1_98' title="bbox 292 5054 1867 5133">
     <span class='ocr_line' id='line_1_98' title="bbox 292 5054 1867 5133; baseline -0.006 -18"><span class='ocrx_word' id='word_1_770' title='bbox 292 5079 401 5115; x_wconf 76' lang='grc' dir='ltr'>ταιο</span> <span class='ocrx_word' id='word_1_771' title='bbox 438 5062 526 5116; x_wconf 77' lang='grc' dir='ltr'><strong>ἵνα</strong></span> <span class='ocrx_word' id='word_1_772' title='bbox 563 5060 761 5133; x_wconf 81' lang='grc' dir='ltr'>μάθῃς,</span> <span class='ocrx_word' id='word_1_773' title='bbox 794 5060 877 5115; x_wconf 81' lang='grc' dir='ltr'>ὃτι</span> <span class='ocrx_word' id='word_1_774' title='bbox 930 5059 1023 5113; x_wconf 65' lang='grc' dir='ltr'><strong>καλ⁸</strong></span> <span class='ocrx_word' id='word_1_775' title='bbox 1062 5059 1127 5114; x_wconf 80' lang='grc' dir='ltr'><strong>σὺ</strong></span> <span class='ocrx_word' id='word_1_776' title='bbox 1157 5059 1288 5113; x_wconf 81' lang='grc' dir='ltr'>ὅταν</span> <span class='ocrx_word' id='word_1_777' title='bbox 1337 5056 1594 5128; x_wconf 74' lang='grc' dir='ltr'>βαπτίζῃ.</span> <span class='ocrx_word' id='word_1_778' title='bbox 1629 5054 1867 5124; x_wconf 84' lang='grc' dir='ltr'>ἀνοίγεις</span> 
     </span>
    </p>
   </div>
   <div class='ocr_carea' id='block_1_99' title="bbox 290 5155 509 5217">
    <p class='ocr_par' dir='ltr' id='par_1_99' title="bbox 290 5155 509 5217">
     <span class='ocr_line' id='line_1_99' title="bbox 290 5155 509 5217; baseline 0.014 -10"><span class='ocrx_word' id='word_1_779' title='bbox 290 5155 509 5217; x_wconf 77' lang='grc' dir='ltr'>αὐτούς.</span> 
     </span>
    </p>
   </div>
   <div class='ocr_carea' id='block_1_100' title="bbox 374 5240 1871 5316">
    <p class='ocr_par' dir='ltr' id='par_1_100' title="bbox 374 5240 1871 5316">
     <span class='ocr_line' id='line_1_100' title="bbox 374 5240 1871 5316; baseline -0.005 -15"><span class='ocrx_word' id='word_1_780' title='bbox 374 5268 396 5301; x_wconf 78' lang='grc' dir='ltr'><strong>ι</strong></span> <span class='ocrx_word' id='word_1_781' title='bbox 444 5250 552 5303; x_wconf 77' lang='grc' dir='ltr'><strong>Καὶ</strong></span> <span class='ocrx_word' id='word_1_782' title='bbox 581 5242 688 5302; x_wconf 73' lang='grc' dir='ltr'>εἶδε</span> <span class='ocrx_word' id='word_1_783' title='bbox 719 5247 780 5300; x_wconf 79' lang='grc' dir='ltr'><strong>τὸ</strong></span> <span class='ocrx_word' id='word_1_784' title='bbox 812 5245 1037 5316; x_wconf 84' lang='grc' dir='ltr'>Πνεῦμα</span> <span class='ocrx_word' id='word_1_785' title='bbox 1075 5241 1173 5298; x_wconf 89' lang='grc' dir='ltr'><strong>τοῦ</strong></span> <span class='ocrx_word' id='word_1_786' title='bbox 1210 5241 1348 5297; x_wconf 86' lang='grc' dir='ltr'>Θεοῦ</span> <span class='ocrx_word' id='word_1_787' title='bbox 1380 5240 1871 5297; x_wconf 59' lang='grc' dir='ltr'>καταϐαῖνονηώσεὶ</span> 
     </span>
    </p>
   </div>
   <div class='ocr_carea' id='block_1_101' title="bbox 295 5330 1871 5412">
    <p class='ocr_par' dir='ltr' id='par_1_101' title="bbox 295 5330 1871 5412">
     <span class='ocr_line' id='line_1_101' title="bbox 295 5330 1871 5412; baseline -0.007 -18"><span class='ocrx_word' id='word_1_788' title='bbox 295 5340 648 5412; x_wconf 73' lang='grc' dir='ltr'>περιστεράν,</span> <span class='ocrx_word' id='word_1_789' title='bbox 675 5340 771 5393; x_wconf 73' lang='grc' dir='ltr'>καὶ</span> <span class='ocrx_word' id='word_1_790' title='bbox 794 5339 1091 5411; x_wconf 76' lang='grc' dir='ltr'>ἐρχόμενον</span> <span class='ocrx_word' id='word_1_791' title='bbox 1120 5336 1208 5389; x_wconf 71' lang='grc' dir='ltr'><strong>ἐπ’</strong></span> <span class='ocrx_word' id='word_1_792' title='bbox 1233 5334 1421 5401; x_wconf 75' lang='grc' dir='ltr'>αὑτὸν,</span> <span class='ocrx_word' id='word_1_793' title='bbox 1452 5333 1545 5387; x_wconf 68' lang='grc' dir='ltr'>καὶ</span> <span class='ocrx_word' id='word_1_794' title='bbox 1577 5333 1689 5386; x_wconf 82' lang='grc' dir='ltr'>ίδοὺ</span> <span class='ocrx_word' id='word_1_795' title='bbox 1717 5330 1871 5401; x_wconf 73' lang='grc' dir='ltr'>φωνὴ</span> 
     </span>
    </p>
   </div>
   <div class='ocr_carea' id='block_1_102' title="bbox 292 5422 1871 5500">
    <p class='ocr_par' dir='ltr' id='par_1_102' title="bbox 292 5422 1871 5500">
     <span class='ocr_line' id='line_1_102' title="bbox 292 5422 1871 5500; baseline -0.004 -17"><span class='ocrx_word' id='word_1_796' title='bbox 292 5436 361 5485; x_wconf 71' lang='grc' dir='ltr'>ἐκ</span> <span class='ocrx_word' id='word_1_797' title='bbox 396 5430 503 5485; x_wconf 85' lang='grc' dir='ltr'>τῶν</span> <span class='ocrx_word' id='word_1_798' title='bbox 526 5429 794 5500; x_wconf 83' lang='grc' dir='ltr'>οὐρανῶν,</span> <span class='ocrx_word' id='word_1_799' title='bbox 822 5430 1078 5497; x_wconf 87' lang='grc' dir='ltr'>λέγουσα.</span> <span class='ocrx_word' id='word_1_800' title='bbox 1109 5446 1129 5479; x_wconf 77' lang='grc' dir='ltr'><strong>ι</strong></span> <span class='ocrx_word' id='word_1_801' title='bbox 1168 5427 1509 5496; x_wconf 81' lang='grc' dir='ltr'>Κατέρχεται</span> <span class='ocrx_word' id='word_1_802' title='bbox 1537 5424 1597 5478; x_wconf 80' lang='grc' dir='ltr'><strong>τὸ</strong></span> <span class='ocrx_word' id='word_1_803' title='bbox 1628 5422 1871 5494; x_wconf 84' lang='grc' dir='ltr'>Πνεῦμα,</span> 
     </span>
    </p>
   </div>
   <div class='ocr_carea' id='block_1_103' title="bbox 294 5513 1874 5593">
    <p class='ocr_par' dir='ltr' id='par_1_103' title="bbox 294 5513 1874 5593">
     <span class='ocr_line' id='line_1_103' title="bbox 294 5513 1874 5593; baseline -0.006 -16"><span class='ocrx_word' id='word_1_804' title='bbox 294 5525 385 5578; x_wconf 69' lang='lat' dir='ltr'><strong>tua</strong></span> <span class='ocrx_word' id='word_1_805' title='bbox 437 5524 793 5593; x_wconf 82' lang='grc' dir='ltr'>μαρτυρήσῃ,</span> <span class='ocrx_word' id='word_1_806' title='bbox 837 5521 922 5575; x_wconf 83' lang='grc' dir='ltr'>ὅτι</span> <span class='ocrx_word' id='word_1_807' title='bbox 979 5521 1180 5590; x_wconf 75' lang='grc' dir='ltr'>μείζων</span> <span class='ocrx_word' id='word_1_808' title='bbox 1236 5521 1265 5572; x_wconf 90' lang='lat'><strong>6</strong></span> <span class='ocrx_word' id='word_1_809' title='bbox 1321 5517 1718 5588; x_wconf 77' lang='grc' dir='ltr'>βαπτιζόμενος</span> <span class='ocrx_word' id='word_1_810' title='bbox 1769 5513 1874 5584; x_wconf 37' lang='grc' dir='ltr'>ῆλό</span> 
     </span>
    </p>
   </div>
   <div class='ocr_carea' id='block_1_104' title="bbox 297 5604 1874 5685">
    <p class='ocr_par' dir='ltr' id='par_1_104' title="bbox 297 5604 1874 5685">
     <span class='ocr_line' id='line_1_104' title="bbox 297 5604 1874 5685; baseline -0.005 -19"><span class='ocrx_word' id='word_1_811' title='bbox 297 5612 598 5685; x_wconf 75' lang='grc' dir='ltr'>βαπτίζων.</span> <span class='ocrx_word' id='word_1_812' title='bbox 638 5613 702 5665; x_wconf 80' lang='lat' dir='ltr'><strong>Oi</strong></span> <span class='ocrx_word' id='word_1_813' title='bbox 732 5610 840 5682; x_wconf 79' lang='grc' dir='ltr'><strong>γάρ</strong></span> <span class='ocrx_word' id='word_1_814' title='bbox 883 5611 1128 5664; x_wconf 83' lang='grc' dir='ltr'>Ἰουδαῖοι</span> <span class='ocrx_word' id='word_1_815' title='bbox 1161 5608 1337 5680; x_wconf 77' lang='grc' dir='ltr'>μέγαν</span> <span class='ocrx_word' id='word_1_816' title='bbox 1377 5604 1526 5677; x_wconf 75' lang='grc' dir='ltr'>εἶχον</span> <span class='ocrx_word' id='word_1_817' title='bbox 1557 5606 1648 5660; x_wconf 82' lang='grc' dir='ltr'>τὸν</span> <span class='ocrx_word' id='word_1_818' title='bbox 1690 5604 1874 5659; x_wconf 87' lang='grc' dir='ltr'>Ἰωάν-</span> 
     </span>
    </p>
   </div>
   <div class='ocr_carea' id='block_1_105' title="bbox 294 5688 1875 5772">
    <p class='ocr_par' dir='ltr' id='par_1_105' title="bbox 294 5688 1875 5772">
     <span class='ocr_line' id='line_1_105' title="bbox 294 5688 1875 5772; baseline -0.004 -18"><span class='ocrx_word' id='word_1_819' title='bbox 294 5721 420 5772; x_wconf 77' lang='grc' dir='ltr'>νην,</span> <span class='ocrx_word' id='word_1_820' title='bbox 453 5699 553 5756; x_wconf 85' lang='grc' dir='ltr'><strong>τοῦ</strong></span> <span class='ocrx_word' id='word_1_821' title='bbox 580 5700 638 5754; x_wconf 78' lang='grc' dir='ltr'>δὲ</span> <span class='ocrx_word' id='word_1_822' title='bbox 670 5700 905 5768; x_wconf 82' lang='grc' dir='ltr'>Χριστοῦ</span> <span class='ocrx_word' id='word_1_823' title='bbox 936 5699 998 5753; x_wconf 82' lang='grc' dir='ltr'>οὐ</span> <span class='ocrx_word' id='word_1_824' title='bbox 1037 5698 1293 5752; x_wconf 87' lang='grc' dir='ltr'>τοσοῦτον</span> <span class='ocrx_word' id='word_1_825' title='bbox 1332 5694 1677 5767; x_wconf 75' lang='grc' dir='ltr'>ἐφρόντιζον.</span> <span class='ocrx_word' id='word_1_826' title='bbox 1722 5688 1875 5747; x_wconf 83' lang='grc' dir='ltr'>Εἶδον</span> 
     </span>
    </p>
   </div>
   <div class='ocr_carea' id='block_1_106' title="bbox 296 5783 1876 5862">
    <p class='ocr_par' dir='ltr' id='par_1_106' title="bbox 296 5783 1876 5862">
     <span class='ocr_line' id='line_1_106' title="bbox 296 5783 1876 5862; baseline -0.005 -15"><span class='ocrx_word' id='word_1_827' title='bbox 296 5794 359 5848; x_wconf 79' lang='grc' dir='ltr'><strong>δὲ</strong></span> <span class='ocrx_word' id='word_1_828' title='bbox 383 5792 445 5846; x_wconf 71' lang='grc' dir='ltr'>τὸ</span> <span class='ocrx_word' id='word_1_829' title='bbox 472 5791 697 5862; x_wconf 83' lang='grc' dir='ltr'>Πνεῦμα</span> <span class='ocrx_word' id='word_1_830' title='bbox 726 5792 923 5856; x_wconf 87' lang='grc' dir='ltr'>πάντες</span> <span class='ocrx_word' id='word_1_831' title='bbox 951 5791 1243 5862; x_wconf 76' lang='grc' dir='ltr'>ἐρχόμενον</span> <span class='ocrx_word' id='word_1_832' title='bbox 1276 5790 1369 5842; x_wconf 72' lang='grc' dir='ltr'>ἐπὶ</span> <span class='ocrx_word' id='word_1_833' title='bbox 1407 5787 1496 5841; x_wconf 77' lang='grc' dir='ltr'><strong>τὸν</strong></span> <span class='ocrx_word' id='word_1_834' title='bbox 1534 5785 1763 5857; x_wconf 86' lang='grc' dir='ltr'>Ἰησοῦν,</span> <span class='ocrx_word' id='word_1_835' title='bbox 1801 5783 1876 5848; x_wconf 80' lang='grc' dir='ltr'>ὡς</span> 
     </span>
    </p>
   </div>
   <div class='ocr_carea' id='block_1_107' title="bbox 299 5872 1879 5957">
    <p class='ocr_par' dir='ltr' id='par_1_107' title="bbox 299 5872 1879 5957">
     <span class='ocr_line' id='line_1_107' title="bbox 299 5872 1879 5957; baseline -0.006 -18"><span class='ocrx_word' id='word_1_836' title='bbox 299 5885 371 5939; x_wconf 78' lang='grc' dir='ltr'>ἂν</span> <span class='ocrx_word' id='word_1_837' title='bbox 391 5883 466 5957; x_wconf 74' lang='grc' dir='ltr'>μὴ</span> <span class='ocrx_word' id='word_1_838' title='bbox 494 5884 785 5955; x_wconf 75' lang='grc' dir='ltr'>νομίσωσιν</span> <span class='ocrx_word' id='word_1_839' title='bbox 815 5884 894 5938; x_wconf 69' lang='grc' dir='ltr'><strong>ὅτι</strong></span> <span class='ocrx_word' id='word_1_840' title='bbox 919 5885 951 5954; x_wconf 86' lang='grc' dir='ltr'><strong>ὴ</strong></span> <span class='ocrx_word' id='word_1_841' title='bbox 977 5883 1126 5953; x_wconf 74' lang='grc' dir='ltr'>φωνὴ</span> <span class='ocrx_word' id='word_1_842' title='bbox 1158 5884 1189 5953; x_wconf 74' lang='grc' dir='ltr'><strong>ἡ</strong></span> <span class='ocrx_word' id='word_1_843' title='bbox 1220 5881 1503 5951; x_wconf 76' lang='grc' dir='ltr'>λέγουσα,ι</span> <span class='ocrx_word' id='word_1_844' title='bbox 1533 5872 1696 5941; x_wconf 70' lang='grc' dir='ltr'>Οὗτός</span> <span class='ocrx_word' id='word_1_845' title='bbox 1734 5879 1879 5932; x_wconf 70' lang='grc' dir='ltr'>ἐστιν</span> 
     </span>
    </p>
   </div>
   <div class='ocr_carea' id='block_1_108' title="bbox 1970 4666 3545 4742">
    <p class='ocr_par' dir='ltr' id='par_1_108' title="bbox 1970 4666 3545 4742">
     <span class='ocr_line' id='line_1_108' title="bbox 1970 4666 3545 4742; baseline -0.011 -9"><span class='ocrx_word' id='word_1_846' title='bbox 1970 4687 2153 4734; x_wconf 85' lang='lat' dir='ltr'><strong>autem</strong></span> <span class='ocrx_word' id='word_1_847' title='bbox 2184 4677 2310 4731; x_wconf 91' lang='lat' dir='ltr'><strong>hinc</strong></span> <span class='ocrx_word' id='word_1_848' title='bbox 2334 4693 2349 4741; x_wconf 85' lang='lat'><strong>;</strong></span> <span class='ocrx_word' id='word_1_849' title='bbox 2375 4673 2537 4729; x_wconf 82' lang='lat' dir='ltr'><strong>Jcsus</strong></span> <span class='ocrx_word' id='word_1_850' title='bbox 2565 4674 2732 4737; x_wconf 86' lang='lat' dir='ltr'><strong>enim,</strong></span> <span class='ocrx_word' id='word_1_851' title='bbox 2758 4672 2955 4742; x_wconf 89' lang='lat' dir='ltr'><strong>inquit,</strong></span> <span class='ocrx_word' id='word_1_852' title='bbox 2974 4669 3214 4724; x_wconf 82' lang='lat' dir='ltr'><strong>ascendit</strong></span> <span class='ocrx_word' id='word_1_853' title='bbox 3240 4686 3253 4721; x_wconf 90' lang='lat'><strong>:</strong></span> <span class='ocrx_word' id='word_1_854' title='bbox 3284 4683 3385 4721; x_wconf 84' lang='lat' dir='ltr'><strong>non</strong></span> <span class='ocrx_word' id='word_1_855' title='bbox 3409 4666 3545 4729; x_wconf 67' lang='lat' dir='ltr'><strong>alius</strong></span> 
     </span>
    </p>
   </div>
   <div class='ocr_carea' id='block_1_109' title="bbox 1966 4758 3545 4837">
    <p class='ocr_par' dir='ltr' id='par_1_109' title="bbox 1966 4758 3545 4837">
     <span class='ocr_line' id='line_1_109' title="bbox 1966 4758 3545 4837; baseline -0.007 -15"><span class='ocrx_word' id='word_1_856' title='bbox 1966 4770 2233 4834; x_wconf 88' lang='lat' dir='ltr'><strong>ascendit,</strong></span> <span class='ocrx_word' id='word_1_857' title='bbox 2265 4766 2359 4823; x_wconf 92' lang='lat' dir='ltr'><strong>sed</strong></span> <span class='ocrx_word' id='word_1_858' title='bbox 2386 4770 2430 4821; x_wconf 89' lang='lat' dir='ltr'><strong>is</strong></span> <span class='ocrx_word' id='word_1_859' title='bbox 2455 4766 2621 4837; x_wconf 77' lang='lat' dir='ltr'><strong>quiin</strong></span> <span class='ocrx_word' id='word_1_860' title='bbox 2649 4779 2844 4834; x_wconf 87' lang='lat' dir='ltr'><strong>aquam</strong></span> <span class='ocrx_word' id='word_1_861' title='bbox 2870 4763 3245 4817; x_wconf 86' lang='lat' dir='ltr'><strong>descenderat.</strong></span> <span class='ocrx_word' id='word_1_862' title='bbox 3274 4778 3291 4810; x_wconf 82' lang='grc' dir='ltr'><strong>ι</strong></span> <span class='ocrx_word' id='word_1_863' title='bbox 3333 4758 3393 4812; x_wconf 84' lang='grc' dir='ltr'>Ει</span> <span class='ocrx_word' id='word_1_864' title='bbox 3416 4774 3545 4811; x_wconf 79' lang='lat' dir='ltr'><strong>ecce</strong></span> 
     </span>
    </p>
   </div>
   <div class='ocr_carea' id='block_1_110' title="bbox 1966 4846 3541 4930">
    <p class='ocr_par' dir='ltr' id='par_1_110' title="bbox 1966 4846 3541 4930">
     <span class='ocr_line' id='line_1_110' title="bbox 1966 4846 3541 4930; baseline -0.011 -15"><span class='ocrx_word' id='word_1_865' title='bbox 1966 4861 2138 4930; x_wconf 78' lang='lat' dir='ltr'><strong>aperti</strong></span> <span class='ocrx_word' id='word_1_866' title='bbox 2168 4870 2292 4916; x_wconf 89' lang='lat' dir='ltr'><strong>sunt</strong></span> <span class='ocrx_word' id='word_1_867' title='bbox 2315 4858 2366 4913; x_wconf 91' lang='lat' dir='ltr'><strong>ei</strong></span> <span class='ocrx_word' id='word_1_868' title='bbox 2397 4858 2547 4914; x_wconf 71' lang='lat' dir='ltr'><strong>cmli.</strong></span> <span class='ocrx_word' id='word_1_869' title='bbox 2589 4876 2607 4909; x_wconf 73' lang='grc' dir='ltr'><strong>ι</strong></span> <span class='ocrx_word' id='word_1_870' title='bbox 2646 4854 2815 4908; x_wconf 79' lang='lat' dir='ltr'><strong>Adam</strong></span> <span class='ocrx_word' id='word_1_871' title='bbox 2848 4852 2971 4908; x_wconf 91' lang='lat' dir='ltr'><strong>illos</strong></span> <span class='ocrx_word' id='word_1_872' title='bbox 3001 4850 3221 4915; x_wconf 85' lang='lat' dir='ltr'><strong>clausit,</strong></span> <span class='ocrx_word' id='word_1_873' title='bbox 3255 4863 3349 4929; x_wconf 83' lang='lat' dir='ltr'><strong>per</strong></span> <span class='ocrx_word' id='word_1_874' title='bbox 3385 4846 3541 4900; x_wconf 82' lang='lat' dir='ltr'><strong>Clui-</strong></span> 
     </span>
    </p>
   </div>
   <div class='ocr_carea' id='block_1_111' title="bbox 1967 4939 3541 5021">
    <p class='ocr_par' dir='ltr' id='par_1_111' title="bbox 1967 4939 3541 5021">
     <span class='ocr_line' id='line_1_111' title="bbox 1967 4939 3541 5021; baseline -0.011 -12"><span class='ocrx_word' id='word_1_875' title='bbox 1967 4962 2111 5009; x_wconf 88' lang='lat' dir='ltr'><strong>stum</strong></span> <span class='ocrx_word' id='word_1_876' title='bbox 2149 4963 2329 5007; x_wconf 82' lang='lat' dir='ltr'><strong>autem</strong></span> <span class='ocrx_word' id='word_1_877' title='bbox 2366 4950 2708 5021; x_wconf 83' lang='lat' dir='ltr'><strong>aperiuntur,</strong></span> <span class='ocrx_word' id='word_1_878' title='bbox 2755 4958 2813 5003; x_wconf 84' lang='lat' dir='ltr'><strong>ut</strong></span> <span class='ocrx_word' id='word_1_879' title='bbox 2861 4948 3072 5009; x_wconf 84' lang='lat' dir='ltr'><strong>discas,</strong></span> <span class='ocrx_word' id='word_1_880' title='bbox 3123 4941 3265 5013; x_wconf 84' lang='lat' dir='ltr'><strong>quod</strong></span> <span class='ocrx_word' id='word_1_881' title='bbox 3326 4939 3541 5009; x_wconf 80' lang='lat' dir='ltr'><strong>quando</strong></span> 
     </span>
    </p>
   </div>
   <div class='ocr_carea' id='block_1_112' title="bbox 1970 5043 2645 5115">
    <p class='ocr_par' dir='ltr' id='par_1_112' title="bbox 1970 5043 2645 5115">
     <span class='ocr_line' id='line_1_112' title="bbox 1970 5043 2645 5115; baseline -0.007 -14"><span class='ocrx_word' id='word_1_882' title='bbox 1970 5044 2285 5115; x_wconf 83' lang='lat' dir='ltr'><strong>baptizaris,</strong></span> <span class='ocrx_word' id='word_1_883' title='bbox 2316 5043 2496 5115; x_wconf 85' lang='lat' dir='ltr'><strong>aperis</strong></span> <span class='ocrx_word' id='word_1_884' title='bbox 2528 5056 2645 5099; x_wconf 87' lang='lat' dir='ltr'><strong>eos.</strong></span> 
     </span>
    </p>
   </div>
   <div class='ocr_carea' id='block_1_113' title="bbox 2044 5215 3549 5290">
    <p class='ocr_par' dir='ltr' id='par_1_113' title="bbox 2044 5215 3549 5290">
     <span class='ocr_line' id='line_1_113' title="bbox 2044 5215 3549 5290; baseline -0.009 -9"><span class='ocrx_word' id='word_1_885' title='bbox 2044 5228 2208 5281; x_wconf 73' lang='lat' dir='ltr'><strong>Vens.</strong></span> <span class='ocrx_word' id='word_1_886' title='bbox 2244 5225 2332 5290; x_wconf 86' lang='grc'>16,</span> <span class='ocrx_word' id='word_1_887' title='bbox 2363 5226 2448 5279; x_wconf 85' lang='grc'>17.</span> <span class='ocrx_word' id='word_1_888' title='bbox 2486 5242 2505 5275; x_wconf 83' lang='grc' dir='ltr'><strong>ι</strong></span> <span class='ocrx_word' id='word_1_889' title='bbox 2547 5222 2613 5277; x_wconf 83' lang='lat' dir='ltr'><strong>Et</strong></span> <span class='ocrx_word' id='word_1_890' title='bbox 2643 5222 2775 5276; x_wconf 85' lang='lat' dir='ltr'><strong>vidit</strong></span> <span class='ocrx_word' id='word_1_891' title='bbox 2798 5219 3056 5288; x_wconf 86' lang='lat' dir='ltr'><strong>Spiritum</strong></span> <span class='ocrx_word' id='word_1_892' title='bbox 3090 5215 3185 5271; x_wconf 88' lang='lat' dir='ltr'><strong>Dei</strong></span> <span class='ocrx_word' id='word_1_893' title='bbox 3213 5215 3549 5270; x_wconf 70' lang='lat' dir='ltr'><strong>descenden-</strong></span> 
     </span>
    </p>
   </div>
   <div class='ocr_carea' id='block_1_114' title="bbox 1972 5311 3551 5388">
    <p class='ocr_par' dir='ltr' id='par_1_114' title="bbox 1972 5311 3551 5388">
     <span class='ocr_line' id='line_1_114' title="bbox 1972 5311 3551 5388; baseline -0.01 -15"><span class='ocrx_word' id='word_1_894' title='bbox 1972 5327 2082 5374; x_wconf 91' lang='lat' dir='ltr'><strong>tem</strong></span> <span class='ocrx_word' id='word_1_895' title='bbox 2115 5319 2268 5388; x_wconf 84' lang='lat' dir='ltr'><strong>quasi</strong></span> <span class='ocrx_word' id='word_1_896' title='bbox 2303 5317 2615 5373; x_wconf 88' lang='lat' dir='ltr'><strong>columbam</strong></span> <span class='ocrx_word' id='word_1_897' title='bbox 2638 5354 2654 5378; x_wconf 89' lang='lat'><strong>,</strong></span> <span class='ocrx_word' id='word_1_898' title='bbox 2697 5321 2751 5368; x_wconf 89' lang='lat' dir='ltr'><strong>et</strong></span> <span class='ocrx_word' id='word_1_899' title='bbox 2784 5311 3088 5373; x_wconf 86' lang='lat' dir='ltr'><strong>venientem</strong></span> <span class='ocrx_word' id='word_1_900' title='bbox 3124 5323 3285 5378; x_wconf 84' lang='lat' dir='ltr'><strong>super</strong></span> <span class='ocrx_word' id='word_1_901' title='bbox 3315 5322 3462 5372; x_wconf 89' lang='lat' dir='ltr'><strong>eum,</strong></span> <span class='ocrx_word' id='word_1_902' title='bbox 3495 5314 3551 5358; x_wconf 81' lang='lat' dir='ltr'><strong>et</strong></span> 
     </span>
    </p>
   </div>
   <div class='ocr_carea' id='block_1_115' title="bbox 1974 5398 3553 5471">
    <p class='ocr_par' dir='ltr' id='par_1_115' title="bbox 1974 5398 3553 5471">
     <span class='ocr_line' id='line_1_115' title="bbox 1974 5398 3553 5471; baseline -0.012 -4"><span class='ocrx_word' id='word_1_903' title='bbox 1974 5424 2103 5467; x_wconf 88' lang='lat' dir='ltr'><strong>ecce</strong></span> <span class='ocrx_word' id='word_1_904' title='bbox 2133 5425 2232 5464; x_wconf 76' lang='lat' dir='ltr'><strong>vox</strong></span> <span class='ocrx_word' id='word_1_905' title='bbox 2267 5424 2300 5463; x_wconf 90' lang='lat' dir='ltr'><strong>e</strong></span> <span class='ocrx_word' id='word_1_906' title='bbox 2329 5406 2511 5471; x_wconf 59' lang='lat' dir='ltr'><strong>caelis,</strong></span> <span class='ocrx_word' id='word_1_907' title='bbox 2546 5405 2754 5459; x_wconf 86' lang='lat' dir='ltr'><strong>dicens.</strong></span> <span class='ocrx_word' id='word_1_908' title='bbox 2812 5420 2831 5455; x_wconf 77' lang='grc' dir='ltr'><strong>ι</strong></span> <span class='ocrx_word' id='word_1_909' title='bbox 2873 5400 3159 5455; x_wconf 88' lang='lat' dir='ltr'><strong>Descendit</strong></span> <span class='ocrx_word' id='word_1_910' title='bbox 3191 5398 3460 5466; x_wconf 83' lang='lat' dir='ltr'><strong>Spiritus,</strong></span> <span class='ocrx_word' id='word_1_911' title='bbox 3493 5403 3553 5448; x_wconf 92' lang='lat' dir='ltr'><strong>ut</strong></span> 
     </span>
    </p>
   </div>
   <div class='ocr_carea' id='block_1_116' title="bbox 1980 5488 3553 5569">
    <p class='ocr_par' dir='ltr' id='par_1_116' title="bbox 1980 5488 3553 5569">
     <span class='ocr_line' id='line_1_116' title="bbox 1980 5488 3553 5569; baseline -0.011 -11"><span class='ocrx_word' id='word_1_912' title='bbox 1980 5501 2346 5558; x_wconf 86' lang='lat' dir='ltr'><strong>testimonium</strong></span> <span class='ocrx_word' id='word_1_913' title='bbox 2385 5496 2667 5569; x_wconf 79' lang='lat' dir='ltr'><strong>perhibent</strong></span> <span class='ocrx_word' id='word_1_914' title='bbox 2701 5495 2844 5567; x_wconf 88' lang='lat' dir='ltr'><strong>quod</strong></span> <span class='ocrx_word' id='word_1_915' title='bbox 2878 5493 3051 5564; x_wconf 81' lang='lat' dir='ltr'><strong>major</strong></span> <span class='ocrx_word' id='word_1_916' title='bbox 3085 5492 3156 5547; x_wconf 90' lang='lat' dir='ltr'><strong>sit</strong></span> <span class='ocrx_word' id='word_1_917' title='bbox 3186 5491 3276 5561; x_wconf 87' lang='lat' dir='ltr'><strong>qui</strong></span> <span class='ocrx_word' id='word_1_918' title='bbox 3308 5488 3553 5557; x_wconf 72' lang='lat' dir='ltr'><strong>baptiza-</strong></span> 
     </span>
    </p>
   </div>
   <div class='ocr_carea' id='block_1_117' title="bbox 1979 5582 3555 5664">
    <p class='ocr_par' dir='ltr' id='par_1_117' title="bbox 1979 5582 3555 5664">
     <span class='ocr_line' id='line_1_117' title="bbox 1979 5582 3555 5664; baseline -0.009 -16"><span class='ocrx_word' id='word_1_919' title='bbox 1979 5603 2104 5658; x_wconf 88' lang='lat' dir='ltr'><strong>tur,</strong></span> <span class='ocrx_word' id='word_1_920' title='bbox 2139 5606 2302 5664; x_wconf 83' lang='lat' dir='ltr'><strong>quam</strong></span> <span class='ocrx_word' id='word_1_921' title='bbox 2331 5590 2422 5660; x_wconf 91' lang='lat' dir='ltr'><strong>qui</strong></span> <span class='ocrx_word' id='word_1_922' title='bbox 2456 5588 2715 5657; x_wconf 86' lang='lat' dir='ltr'><strong>baptizat.</strong></span> <span class='ocrx_word' id='word_1_923' title='bbox 2747 5585 2918 5642; x_wconf 68' lang='lat' dir='ltr'><strong>Judaei</strong></span> <span class='ocrx_word' id='word_1_924' title='bbox 2962 5586 3105 5641; x_wconf 86' lang='lat' dir='ltr'><strong>enim</strong></span> <span class='ocrx_word' id='word_1_925' title='bbox 3136 5582 3555 5653; x_wconf 87' lang='lat' dir='ltr'><strong>tnaguilicahaut</strong></span> 
     </span>
    </p>
   </div>
   <div class='ocr_carea' id='block_1_118' title="bbox 1978 5669 3554 5748">
    <p class='ocr_par' dir='ltr' id='par_1_118' title="bbox 1978 5669 3554 5748">
     <span class='ocr_line' id='line_1_118' title="bbox 1978 5669 3554 5748; baseline -0.011 -5"><span class='ocrx_word' id='word_1_926' title='bbox 1978 5686 2264 5748; x_wconf 81' lang='lat' dir='ltr'><strong>Joatuiem,</strong></span> <span class='ocrx_word' id='word_1_927' title='bbox 2295 5692 2349 5738; x_wconf 89' lang='lat' dir='ltr'><strong>at</strong></span> <span class='ocrx_word' id='word_1_928' title='bbox 2378 5683 2653 5738; x_wconf 87' lang='lat' dir='ltr'><strong>Christum</strong></span> <span class='ocrx_word' id='word_1_929' title='bbox 2691 5697 2794 5736; x_wconf 92' lang='lat' dir='ltr'><strong>non</strong></span> <span class='ocrx_word' id='word_1_930' title='bbox 2827 5688 3034 5734; x_wconf 87' lang='lat' dir='ltr'><strong>tantum</strong></span> <span class='ocrx_word' id='word_1_931' title='bbox 3071 5674 3355 5732; x_wconf 89' lang='lat' dir='ltr'><strong>curabant.</strong></span> <span class='ocrx_word' id='word_1_932' title='bbox 3388 5669 3554 5725; x_wconf 77' lang='lat' dir='ltr'><strong>Vide-</strong></span> 
     </span>
    </p>
   </div>
   <div class='ocr_carea' id='block_1_119' title="bbox 1982 5755 3555 5844">
    <p class='ocr_par' dir='ltr' id='par_1_119' title="bbox 1982 5755 3555 5844">
     <span class='ocr_line' id='line_1_119' title="bbox 1982 5755 3555 5844; baseline -0.014 -9"><span class='ocrx_word' id='word_1_933' title='bbox 1982 5755 2107 5835; x_wconf 65' lang='lat' dir='ltr'><strong>runt</strong></span> <span class='ocrx_word' id='word_1_934' title='bbox 2153 5787 2328 5831; x_wconf 89' lang='lat' dir='ltr'><strong>autem</strong></span> <span class='ocrx_word' id='word_1_935' title='bbox 2366 5774 2629 5844; x_wconf 88' lang='lat' dir='ltr'><strong>Spiritum</strong></span> <span class='ocrx_word' id='word_1_936' title='bbox 2678 5786 2867 5828; x_wconf 86' lang='lat' dir='ltr'><strong>omnes</strong></span> <span class='ocrx_word' id='word_1_937' title='bbox 2902 5768 3207 5825; x_wconf 89' lang='lat' dir='ltr'><strong>venientem</strong></span> <span class='ocrx_word' id='word_1_938' title='bbox 3259 5776 3422 5831; x_wconf 83' lang='lat' dir='ltr'><strong>super</strong></span> <span class='ocrx_word' id='word_1_939' title='bbox 3461 5758 3555 5814; x_wconf 77' lang='lat' dir='ltr'><strong>Je-</strong></span> 
     </span>
    </p>
   </div>
   <div class='ocr_carea' id='block_1_120' title="bbox 1987 5851 3556 5940">
    <p class='ocr_par' dir='ltr' id='par_1_120' title="bbox 1987 5851 3556 5940">
     <span class='ocr_line' id='line_1_120' title="bbox 1987 5851 3556 5940; baseline -0.012 -13"><span class='ocrx_word' id='word_1_940' title='bbox 1987 5885 2127 5936; x_wconf 82' lang='lat' dir='ltr'><strong>sum,</strong></span> <span class='ocrx_word' id='word_1_941' title='bbox 2158 5877 2215 5926; x_wconf 86' lang='lat' dir='ltr'><strong>ut</strong></span> <span class='ocrx_word' id='word_1_942' title='bbox 2246 5884 2313 5924; x_wconf 87' lang='lat' dir='ltr'><strong>ne</strong></span> <span class='ocrx_word' id='word_1_943' title='bbox 2342 5873 2592 5940; x_wconf 75' lang='lat' dir='ltr'><strong>putarent</strong></span> <span class='ocrx_word' id='word_1_944' title='bbox 2624 5864 2763 5936; x_wconf 84' lang='lat' dir='ltr'><strong>quod</strong></span> <span class='ocrx_word' id='word_1_945' title='bbox 2792 5880 2890 5920; x_wconf 65' lang='lat' dir='ltr'><strong>vos</strong></span> <span class='ocrx_word' id='word_1_946' title='bbox 2921 5862 3123 5925; x_wconf 86' lang='lat' dir='ltr'><strong>dicens,</strong></span> <span class='ocrx_word' id='word_1_947' title='bbox 3151 5855 3244 5912; x_wconf 83' lang='lat' dir='ltr'><strong>llic</strong></span> <span class='ocrx_word' id='word_1_948' title='bbox 3276 5864 3357 5910; x_wconf 84' lang='lat' dir='ltr'><strong>est</strong></span> <span class='ocrx_word' id='word_1_949' title='bbox 3385 5851 3556 5908; x_wconf 80' lang='lat' dir='ltr'><strong>Filius</strong></span> 
     </span>
    </p>
   </div>
  </div>
