4058 6470
285 377 386 447 181

911 385 921 396 ’
984 382 1432 443 ΕΝΑΒΒΑΤΙΟ
1467 383 1550 442 ΙΝ
1594 379 1887 443 EVANGE

1995 379 2099 441 ΗΜ
2133 381 2519 444 ΜΑΤΤΗίΕΙ.
2547 385 2777 447 -CAP
2830 385 2926 447 IV.

3483 379 3582 454 182

276 492 389 548 Καὶ
414 491 530 564 γὰρ
566 494 668 546 καὶ
710 493 768 548 οί
803 493 1072 564 Ἑϐραῖοι,
1097 495 1176 562 τῷ
1212 496 1388 566 μάννα
1422 495 1759 566 ἐτράφησαν,
1792 494 1887 548 οὐκ

1997 506 2100 554 est.
2137 497 2268 551 Nam
2305 508 2357 554 et
2408 497 2618 554 Πρωτεῖ
2665 500 2824 553 cibati
2863 511 2986 554 sunt
3022 513 3241 564 manna,
3281 498 3422 570 quod
3475 516 3578 553 non

278 585 428 656 ἄρτῳ
464 585 619 649 ὄντι,
661 587 828 658 ἁλλςζ
846 587 935 642 διὰ
984 590 1230 659 ῥήματος
1267 589 1426 653 Θεοῦ,
1474 591 1653 644 πᾶσαν
1699 589 1888 661 χρείαν

275 676 383 734 τῶν
426 678 727 748 Ἐσραξων
775 681 1090 752 πληροῦντι,
1126 684 1219 738 καὶ
1265 683 1444 738 πάντα
1480 682 1749 756 γινομένῳ
1789 685 1890 737 ὅσα

277 776 343 829 ἂν
373 778 583 846 φαγεῖν
613 794 709 842 τις
746 777 1032 850 ἐπεθύμει.
1073 779 1197 834 Εἴτε
1224 781 1332 853 γὰρ
1379 781 1581 852 ίχθύος,
1614 783 1725 836 εἶτε
1756 782 1889 849 ὠσῦ,

275 867 383 926 εἴτε
425 869 607 940 τυροῦ
647 869 918 941 ἐπεθύμει
969 873 999 926 6
1056 872 1334 940 Ἰουδαῖος,
1391 873 1650 943 τοιαύτην
1700 873 1890 943 γεῦσιν

277 961 549 1030 παρεῖχεν
580 963 744 1034 αὐτῷ
783 965 844 1016 τὸ
874 966 1072 1034 μάννα.

347 1069 372 1103 ι
428 1052 577 1106 Τότε
635 1055 1059 1126 παραλαμϐάνει
1104 1058 1268 1114 αὐτὸν
1297 1060 1325 1113 6
1370 1059 1614 1124 διάϐολος
1665 1063 1744 1127 είς
1788 1063 1886 1133 τὴν

276 1143 438 1214 ἁγίαν
472 1145 672 1210 πόλιν,
701 1149 794 1202 καὶ
823 1149 1033 1218 ἵστησιν
1066 1151 1227 1208 αὑτὸν
1258 1152 1350 1206 ἐπὶ
1376 1153 1436 1206 τὸ
1468 1153 1764 1224 πτερύγιον
1794 1153 1888 1209 τοῦ

275 1235 444 1303 ἱεροῦ.
484 1255 510 1289 ι
551 1238 749 1310 Μέρος
772 1257 825 1293 τι
854 1239 948 1294 τοῦ
981 1241 1152 1311 ίεροῦ,
1184 1236 1273 1303 οἷα
1310 1243 1378 1300 τὰ
1413 1245 1542 1313 παρ’
1571 1246 1705 1314 ἡμῖν
1736 1245 1890 1313 λεγόο

279 1346 415 1400 μενα
445 1329 714 1403 δίρρυτα’
751 1331 942 1406 ὥσπερ
968 1334 1076 1406 γὰρ
1101 1335 1372 1407 πτέρυγες
1403 1337 1674 1394 δοκοῦσιν.

347 1439 369 1473 ι
410 1423 538 1476 Καὶ
579 1423 740 1492 λέγει
785 1427 974 1495 αὐτῷ’
1014 1428 1076 1481 Ei
1114 1429 1243 1490 Υἱὸς
1288 1425 1339 1482 εἴ
1382 1428 1476 1483 τοῦ
1527 1429 1684 1496 Θεοῦ,
1729 1429 1888 1501 βάλλε

274 1514 509 1567 σεαυτὸν
558 1516 748 1574 κάτω.
792 1519 1112 1590 Γέγραπται
1161 1521 1290 1592 γὰρ,
1342 1523 1422 1576 ὅτι
1473 1524 1585 1586 τοῖς
1633 1523 1890 1591 ἀγγέλοις

275 1607 446 1661 αὐτοῦ
480 1609 797 1664 ἐντελεῖται
849 1614 980 1684 περὶ
1013 1613 1130 1677 σοῦ,
1181 1616 1278 1668 καὶ
1319 1615 1412 1668 ὲπὶ
1445 1613 1646 1686 χειρῶν
1693 1615 1889 1686 ἁροῦσί

193 1718 195 1720 ·
277 1716 358 1763 σε,
395 1702 630 1772 μήποτε
672 1705 996 1779 προσκόψῃς
1034 1707 1174 1778 πρὸς
1217 1707 1365 1762 λίθον
1391 1708 1482 1764 τὸν
1513 1708 1648 1762 πόδα
1692 1724 1812 1763 σου.
1863 1727 1883 1761 ›

277 1793 335 1846 Et
365 1795 497 1857 Υἱὸς
531 1793 588 1850 εί
616 1798 714 1852 τοῦ
755 1798 913 1864 Θεοῦ,
948 1803 1234 1871 μονονουχὶ
1272 1801 1432 1856 τοῦτο
1463 1802 1629 1870 λέγει’
1649 1802 1788 1871 Ἐγὼ
1819 1804 1880 1857 οὐ

277 1883 527 1937 πιστεύω
573 1890 646 1957 τῇ
689 1888 750 1954 ἐξ
794 1891 1045 1961 οὐρανῶν
1095 1895 1246 1962 φωνῇ
1281 1909 1296 1924 ο
1335 1893 1486 1963 ὅμως
1530 1895 1594 1947 σὺ
1621 1934 1634 1959 ,
1676 1896 1724 1946 εί
1756 1893 1880 1959 Υίὸς

279 1973 327 2029 εί
356 1973 454 2030 τοῦ
488 1976 662 2043 Θεοῦ,
695 1979 868 2047 δεῖξόν
901 1997 1014 2052 μοι.
1050 1983 1242 2038 Καίτοι
1271 1999 1356 2052 γε,
1387 1979 1434 2040 ὦ
1462 1984 1648 2055 μιαρὲ,
1685 1987 1732 2038 εί
1762 1986 1888 2050 Υίδς

279 2061 344 2135 ἦν
380 2067 485 2120 τοῦ
531 2067 704 2134 Θεοῦ,
745 2074 1188 2144 κατεκρήμνισεν
1235 2074 1300 2129 ἂν
1342 2076 1572 2143 ἐαυτόν;
1625 2078 1736 2148 Τῆς
1789 2078 1887 2148 σῆς

281 2160 570 2231 ὠμότητος
602 2165 770 2219 τοῦτό
798 2167 935 2234 ἐστι,
965 2170 1025 2222 τὸ
1050 2171 1520 2240 κατακρημνίζειν
1545 2173 1672 2236 τοὺς
1696 2173 1888 2242 δαιμο-

278 2250 485 2315 νῶντας
512 2267 526 2281 ·
566 2253 716 2308 Θεοῦ
746 2257 822 2322 δὲ,
873 2257 934 2312 τὸ
965 2258 1180 2324 σώζειν.
1216 2261 1291 2315 Οὐ
1321 2262 1638 2332 γέγραπται
1691 2263 1746 2316 δὲ
1799 2266 1881 2329 τὸ,

288 2361 310 2394 ς
359 2343 487 2396 Ἐπὶ
517 2348 736 2416 χειρῶν
763 2351 953 2420 ἀροῦσξ
992 2369 1073 2417 σε,
1106 2372 1126 2404 ι
1155 2355 1282 2422 περὶ
1312 2353 1406 2412 τοῦ
1439 2355 1676 2425 Χριστοῦ
1704 2399 1717 2420 ,
1751 2358 1888 2412 ἀλλὰ

281 2435 409 2503 περὶ
437 2438 558 2490 τῶν
585 2441 788 2509 ἁγίων,
813 2443 920 2496 τῶν
947 2444 1214 2515 δεομένων
1270 2446 1521 2519 βοηθείας
1565 2449 1882 2522 ἀγγελικῆς.

292 2527 350 2580 '0
366 2528 424 2583 δὲ
443 2531 701 2600 Χριστὸς
728 2536 790 2586 οὐ
815 2534 1008 2602 δεῖται,
1031 2537 1163 2602 Θεὸς
1189 2537 1286 2594 ὥν.

391 2639 412 2673 ι
453 2623 616 2694 Ἔφη
670 2625 816 2696 αὐτῷ
854 2629 886 2681 6
921 2628 1150 2698 ἰησοῦςν
1182 2629 1354 2684 Πάλιν
1406 2631 1737 2703 γέγραπται³
1771 2635 1885 2689 Οὐκ

287 2713 653 2786 ὶκπειράσεις
690 2720 892 2792 Κύριον
936 2722 1026 2776 τὸν
1066 2722 1200 2777 Θεόν
1232 2740 1347 2779 σου.
1384 2742 1408 2779 ι,
1442 2723 1694 2795 Ἠιμέρως
1719 2726 1884 2780 αὑτὸν

287 2807 671 2877 ἀποκρούεται
724 2813 754 2865 6
795 2813 1068 2883 Χριστὸς,
1117 2815 1384 2873 διδάσκων
1430 2819 1577 2890 ἡμᾶς
1632 2820 1721 2873 διὰ
1788 2821 1885 2890 τῆς

289 2901 609 2972 πραότητος
655 2907 813 2977 νικᾷν
844 2907 970 2971 τοὺς
1002 2907 1284 2978 δαίμονας.

421 3080 608 3136 Πάλιν
641 3084 1068 3156 παραλαμϐάνει
1115 3087 1277 3144 αὐτὸν
1309 3092 1336 3143 ὁ
1367 3080 1612 3156 διάϐολσς
1645 3094 1724 3156 είς
1761 3094 1886 3164 ὅρος

1996 599 2113 645 erat
2144 590 2319 659 panis,
2369 591 2462 645 sed
2496 605 2590 659 per
2635 591 2856 645 verbum
2914 589 3004 644 Dei
3052 591 3310 659 implebat
3361 606 3577 645 omnem

1998 681 2345 738 Hebraeorum
2377 684 2752 752 indigentiam,
2775 693 2828 738 et
2856 682 3015 737 {iebat
3037 682 3216 736 omnia
3243 695 3580 750 (ιυιῑιειηιηιιε

1995 773 2279 828 comedere
2304 775 2592 844 quisquam
2617 773 2899 843 cupiebat:
2931 789 3053 827 nam
3080 773 3192 827 sive
3218 773 3442 841 piscem,
3465 775 3580 827 sive

1993 881 2185 930 ovum,
2238 867 2352 921 sive
2388 880 2607 922 caseum
2661 865 3083 936 concupiscebat
3131 863 3347 921 Iud-atus
3374 904 3389 928 ,
3434 865 3579 923 illius

1994 967 2210 1030 gustum
2242 975 2436 1014 manna
2469 962 2517 1014 ei
2553 959 2847 1029 praabebat.

2065 1049 2232 1106 Vens.
2267 1051 2318 1106 5.
2356 1071 2373 1103 (
2405 1050 2556 1106 Tunc
2590 1050 2814 1108 assumit
2835 1066 2960 1106 cum
2986 1049 3231 1106 diabolus
3256 1051 3307 1104 in
3337 1059 3578 1105 sanctam

1994 1142 2291 1209 civitatem,
2311 1151 2364 1196 et
2387 1143 2574 1197 statuit
2603 1157 2725 1198 eum
2753 1157 2918 1214 supra
2942 1142 3286 1212 pinnacttium
3320 1142 3517 1211 templi.
3556 1159 3576 1194 ι

1993 1235 2127 1292 Pars
2159 1238 2403 1305 quaedam
2447 1236 2628 1306 templi
2659 1247 2773 1292 erat
2801 1277 2814 1300 ,
2853 1237 2995 1293 sicut
3037 1251 3156 1307 quae
3189 1236 3328 1308 apud
3365 1253 3459 1292 nos
3495 1237 3579 1291 di-

1994 1337 2192 1382 cuntur
2219 1327 2448 1401 δίρρυτα
2482 1347 2493 1380 :
2532 1329 2784 1382 videntur
2815 1329 2960 1383 enim
2994 1329 3134 1384 sicut
3165 1329 3263 1384 alzc
3293 1345 3433 1384 esse.

2068 1418 2230 1474 Vens.
2259 1421 2310 1474 6.
2350 1440 2367 1473 ι
2418 1419 2634 1475 Etdicit
2664 1420 2734 1486 ei,
2770 1417 2824 1476 Si
2853 1420 3021 1476 Filius
3059 1420 3150 1475 Dei
3188 1421 3252 1475 es
3276 1433 3350 1484 tu.
3381 1419 3579 1476 mittito

1974 1523 2046 1567 .te
2070 1513 2340 1568 deorsum.
2373 1514 2646 1584 Scriptum
2671 1524 2751 1568 est
2774 1513 2943 1577 enim,
2971 1512 3186 1582 Angelis
3213 1513 3326 1572 suis
3355 1512 3581 1569 manda-

1992 1603 2072 1659 bit
2096 1606 2159 1660 de
2196 1616 2266 1668 te,
2302 1614 2356 1660 et
2396 1605 2447 1660 in
2483 1604 2732 1660 manibus
2765 1605 3060 1674 portabunt
3099 1615 3170 1668 te,
3208 1620 3271 1664 ne
3301 1603 3439 1658 forte
3474 1603 3580 1656 im-

1994 1698 2182 1772 pingas
2212 1697 2264 1752 itt
2297 1698 2526 1766 lapidem
2569 1698 2760 1766 pedem
2800 1706 2972 1750 tuum.
3009 1715 3027 1747 ι
3068 1695 3123 1751 Si
3163 1695 3330 1751 Filius
3382 1695 3475 1752 Dei
3519 1711 3580 1750 es

1997 1801 2073 1854 tu,
2121 1791 2276 1862 quasi
2315 1789 2417 1846 boc
2459 1791 2650 1845 dicat:
2696 1790 2808 1860 Ego
2838 1805 2942 1844 non
2993 1789 3158 1844 credo
3202 1789 3318 1844 voci
3365 1789 3581 1846 cmlitus

2000 1885 2176 1939 missa:
2209 1899 2222 1938 :
2261 1893 2496 1937 attamen
2527 1895 2602 1949 tu,
2636 1885 2680 1937 si
2717 1883 2883 1938 Filius
2915 1883 3008 1938 Dei
3035 1897 3118 1944 es,
3151 1881 3379 1937 ostende
3423 1881 3575 1936 tnilti.

1997 1979 2255 2045 Quamvis
2280 1976 2450 2033 Filius
2484 1976 2574 2032 Dei
2604 1986 2744 2040 erat,
2781 1990 2908 2029 num
2932 2017 2946 2042 ,
2980 1990 3012 2030 ο
3047 1974 3353 2040 maledicte,
3379 1977 3576 2045 οιαθοί-

1999 2072 2173 2141 pitare
2201 2070 2432 2126 debebat
2462 2067 2736 2140 seipsum‘i
2771 2066 2898 2122 Ture
2933 2067 3276 2122 crudelitatis
3305 2078 3406 2128 est,
3443 2083 3580 2135 prie-

1996 2163 2225 2234 cipitare
2278 2162 2545 2218 daemonio
2582 2171 2752 2225 actos,
2806 2159 2897 2214 Dei
2950 2169 3130 2214 autem
3177 2159 3411 2214 salvare.
3460 2158 3577 2215 Non

1995 2267 2175 2312 autem
2203 2258 2466 2324 scriptum
2496 2267 2578 2312 est
2609 2254 2772 2318 istud,
2805 2254 2861 2307 Iit
2900 2253 3150 2315 manibus
3179 2255 3469 2321 portabunt
3504 2267 3575 2317 te,

1996 2358 2214 2418 prepter
2239 2348 2540 2413 Christum,
2565 2349 2657 2404 sed
2692 2356 2912 2417 prOplet‘
2939 2357 3185 2407 sanctos.
3215 2348 3303 2415 qui
3338 2347 3579 2426 indigent

1995 2442 2238 2512 angelico
2263 2442 2531 2511 praasidio.
2551 2439 2801 2503 Christus
2825 2449 3029 2504 autem,
3049 2438 3140 2510 qui
3171 2437 3309 2494 Deus
3337 2449 3441 2506 est,
3469 2456 3575 2495 non

1995 2551 2129 2604 opus
2155 2533 2244 2586 illo
2278 2535 2461 2588 habet.

2068 2624 2229 2680 Vens.
2267 2625 2314 2677 7.
2347 2642 2364 2676 ι
2409 2625 2549 2680 Dixit
2578 2624 2652 2678 illi
2683 2623 2841 2680 Jesus
2873 2643 2885 2678 ε
2916 2625 3146 2681 Rursum
3186 2623 3445 2694 scriptum
3470 2632 3575 2690 est,

1996 2716 2108 2774 Non
2139 2718 2366 2778 tentabis
2396 2716 2676 2776 Dominum
2707 2717 2872 2774 Deum
2906 2729 3076 2780 tuum.
3119 2737 3136 2770 ι
3175 2717 3449 2772 Mansuete
3485 2734 3571 2770 re-

1994 2810 2146 2882 pellit
2192 2828 2314 2867 eum
2347 2813 2633 2875 Christus,
2677 2813 2874 2867 docens
2912 2821 2963 2864 et
3016 2825 3114 2870 nos
3161 2809 3575 2871 ntansuetudine

1995 2906 2271 2958 tltcmones
2295 2904 2528 2966 vincere.

2069 3084 2231 3141 Vens.
2268 3083 2319 3149 8,
2354 3085 2406 3143 9.
2460 3103 2478 3137 ι
2534 3085 2728 3150 lterum
2769 3087 2998 3142 assumit
3055 3101 3177 3142 eum
3226 3087 3472 3148 diabolus
3521 3088 3574 3140 iit

295 3170 495 3274 ῦψηλὸν
540 3176 694 3239 λίαν,
728 3177 822 3232 καὶ
863 3177 1135 3234 δείκνυσιν
1182 3180 1332 3253 αὐτῷ
1359 3182 1545 3248 πάσας
1583 3185 1682 3249 τὰς
1731 3186 1882 3257 βασι-

1997 3185 2231 3232 tnontent
2265 3177 2536 3234 excelsum
2581 3177 2758 3244 valde,
2799 3188 2853 3233 ct
2890 3189 3157 3242 monstrat
3183 3179 3231 3233 ei
3269 3180 3452 3234 omnia
3490 3197 3575 3234 re-

293 3261 439 3329 λείας
471 3265 578 3319 τοῦ
616 3267 847 3338 κόσμου,
878 3272 970 3324 καὶ
1013 3270 1111 3342 τὴν
1137 3272 1296 3338 δόξαν
1343 3275 1548 3339 αὐτῶν,
1596 3277 1689 3330 καὶ
1735 3279 1883 3348 λέγει

296 3357 462 3426 αὐτῷ’
499 3358 695 3418 Ταῦτα
724 3361 906 3417 πάντα
947 3381 1030 3418 σοι
1061 3363 1240 3429 δώσω,
1276 3367 1373 3424 ἐὰν
1423 3367 1606 3423 πεσὼν
1647 3387 1889 3440 προσκυ-

298 3448 466 3520 νήσῃς
500 3469 620 3520 μοι.
657 3471 676 3504 ι
729 3453 887 3518 Τινὲς
923 3458 1020 3524 μὲν
1064 3456 1379 3527 νομίζουσιν
1407 3459 1532 3532 ὄρος
1573 3461 1798 3531 ὑψηλὸν,
1829 3465 1890 3518 τὸ

298 3541 392 3608 τῆς
429 3545 882 3615 φιλοχρηματίας
913 3547 1106 3614 πάθος,
1143 3551 1224 3612 είς
1267 3550 1296 3604 6
1337 3552 1632 3619 σπουδάζει
1676 3556 1887 3625 ἀναγα-

298 3638 412 3704 γεῖν
438 3638 540 3692 τὸν
573 3639 777 3708 Ἰησοῦν
797 3640 828 3695 6
857 3640 1078 3713 ἐχθρός·
1113 3643 1229 3698 ἀλλ’
1260 3645 1322 3697 ού
1350 3645 1531 3711 καλῶς
1551 3646 1885 3717 νομίζουσιν.

300 3726 592 3798 Δίσθητῶς
620 3730 730 3801 γὰρ
769 3729 942 3802 ἐφάνη
996 3731 1148 3802 αὐτῷ
1191 3734 1218 3786 ὁ
1266 3733 1535 3800 διάϐολοςο
1587 3736 1888 3809 λογισμοὺς

302 3817 408 3888 γὰρ
438 3821 466 3873 6
500 3820 711 3890 Κύριος
760 3822 859 3876 οὐκ
899 3822 1138 3889 ἐδέξατο,
1192 3825 1266 3896 μὴ
1327 3825 1558 3894 γένοιτο.
1606 3829 1887 3894 Δίσθητώς

304 3905 394 3966 οὖν
425 3913 582 3984 αὐτῷ
619 3914 818 3982 ἔδειξεν
853 3918 909 3970 ἐν
954 3915 1032 3987 τῷ
1073 3917 1190 3987 δρει
1223 3918 1404 3983 πάσας
1451 3919 1549 3983 τὰς
1587 3920 1886 3991 βασιλείας,

305 4004 445 4058 κατὰ
497 4005 808 4074 φαντασίαν
861 4007 1175 4078 ὑποστήσας
1221 4009 1370 4081 αὐτῷ
1425 4012 1530 4081 πρὸ
1583 4013 1884 4083 ὀφθαλμῶν

305 4094 534 4162 ταύτας,
564 4097 677 4161 καὶ,
709 4116 728 4149 ι
757 4097 942 4156 Ταῦτα
971 4099 1148 4153 πάντα
1177 4115 1258 4152 σοι
1297 4100 1474 4166 δώσω,
1513 4121 1533 4154 ι
1569 4104 1754 4172 φησίν.
1798 4106 1887 4170 Ὠς

307 4184 410 4259 γὰρ
430 4188 564 4243 ίδιον
591 4188 719 4242 ὂντα
747 4190 838 4246 τὸν
882 4189 1084 4260 κόσμον
1119 4191 1416 4260 λογίζεται,
1450 4195 1554 4248 ὑπὸ
1597 4196 1880 4267 ὑπερηφα-

307 4282 441 4346 νίας·
479 4283 641 4338 τοῦτο
695 4284 752 4340 δὲ
782 4287 875 4344 καὶ
897 4285 992 4338 νῦν
1026 4286 1175 4353 λέγει
1206 4290 1318 4350 τοῖς
1353 4288 1722 4356 πὶεονέκταις,
1745 4292 1886 4350 ὥστε

310 4378 355 4428 οἱ
396 4376 830 4448 προσκυνοῦντες
856 4378 1024 4448 αὐτῷ,
1058 4381 1255 4453 sitsi-vo:
1285 4381 1458 4442 ταῦτα
1500 4382 1732 4453 ἔχουσιν.

384 4487 402 4520 ι
448 4469 585 4524 Τότε
629 4469 778 4535 λέγει
801 4468 950 4538 αὐτῷ
981 4472 1011 4524 6
1055 4469 1280 4540 Ἰησοῦς·
1309 4471 1526 4539 Ὕπαγε
1555 4474 1730 4530 ὀπξςω
1757 4493 1885 4546 μου,

1990 3284 2093 3340 gna
2139 3269 2324 3324 ntuudi
2371 3278 2425 3326 et
2471 3269 2698 3346 gloriam
2753 3271 3010 3338 illorum,
3056 3281 3112 3330 et
3143 3271 3273 3327 dicit
3319 3273 3390 3338 ei.
3446 3271 3574 3334 Haec

1991 3361 2174 3416 omnia
2210 3362 2305 3418 tibi
2337 3360 2476 3417 dabo
2498 3403 2512 3427 ,
2547 3363 2588 3417 si
2629 3363 2928 3432 procideris
2969 3372 3032 3420 el'
3060 3366 3370 3422 adoravcris
3401 3380 3504 3421 me.
3547 3385 3566 3417 ι

1992 3455 2218 3522 Quidam
2246 3467 2434 3525 putant
2461 3468 2698 3510 montem
2723 3457 2994 3510 excelsum
3025 3456 3202 3524 valde,
3233 3455 3572 3529 aﬂectiOpetu
3662 3516 3668 3522 _

1991 3557 2044 3602 et
2063 3546 2304 3602 studium
2343 3546 2398 3600 in
2424 3547 2766 3615 possidendis
2792 3547 2996 3602 divitiis
3019 3591 3030 3612 ,
3067 3547 3122 3606 in
3153 3563 3310 3617 quem
3349 3559 3574 3604 conatur

1992 3639 2243 3696 inimicus
2261 3638 2443 3694 Jesutn
2473 3641 2703 3708 ducere;
2734 3640 2827 3702 sed
2861 3655 2968 3706 non
3001 3649 3148 3702 recte
3175 3641 3484 3714 opinantur.
3517 3641 3573 3695 lu

1993 3733 2235 3796 sensibili
2271 3733 2417 3788 enim
2449 3730 2620 3786 forma
2657 3733 2907 3801 apparuit
2945 3734 2995 3788 ei
3036 3731 3300 3796 diabolus.
3341 3733 3443 3812 ει
3479 3735 3575 3786 (Zu-

1994 3825 2286 3896 gitationes
2336 3825 2481 3890 enim
2523 3827 2654 3881 tales
2691 3841 2795 3880 non
2843 3827 3030 3884 habuit
3074 3827 3364 3893 Dominus,
3410 3828 3572 3882 absit.

1992 3916 2340 3974 Sensibiliter
2369 3916 2535 3985 igitur
2558 3917 2606 3975 ei
2631 3918 2958 3972 monstravit
2990 3916 3042 3970 iu
3077 3925 3259 3970 monte
3285 3917 3464 3971 omnia
3493 3931 3576 3970 re-

1991 4026 2119 4081 gna,
2148 4018 2275 4066 ante
2304 4009 2491 4072 oculos
2515 4023 2575 4073 ea
2594 4022 2855 4081 apparere
2885 4006 3110 4074 faciens,
3137 4017 3213 4079 et,
3241 4007 3364 4066 [an
3392 4009 3574 4062 omnia

1994 4105 2089 4159 tibi
2115 4105 2274 4168 dabo,
2303 4102 2500 4172 inquit.
2532 4099 2790 4162 Muudutn
2815 4101 2968 4169 quasi
2999 4116 3130 4167 suus
3157 4099 3408 4172 proprius
3429 4108 3574 4155 esse:

1993 4196 2245 4266 proponit
2267 4236 2280 4256 ,
2326 4211 2436 4266 pra:
2471 4193 2744 4263 superbia.
2785 4193 2898 4250 Hoc
2929 4203 2983 4247 ct
3026 4209 3168 4256 nunc
3200 4193 3332 4264 dicit
3362 4193 3570 4260 avaris,

1991 4299 2051 4352 ut
2079 4290 2368 4356 adorantes
2395 4303 2520 4350 etim
2548 4287 2729 4348 otttnia
2767 4286 2880 4342 banc
2907 4285 3156 4350 habeant.

2070 4471 2230 4534 Vens.
2263 4470 2352 4530 10.
2397 4488 2415 4520 ι
2447 4466 2600 4528 Tunc
2635 4466 2765 4534 dicit
2797 4460 2846 4524 ei
2886 4463 3070 4528 Iesus,
3105 4461 3256 4522 Vade
3308 4471 3428 4532 post
3479 4475 3563 4518 nte

315 4560 549 4617 Σατανᾶο
579 4563 890 4634 γέγραπται
920 4566 1050 4634 γάρ’
1078 4562 1283 4636 Κύριον
1315 4565 1405 4624 τὸν
1432 4567 1565 4626 Θεόν
1601 4585 1692 4628 σου
1717 4585 1886 4641 προσ-ο

1996 4566 2218 4632 Satana.
2257 4561 2530 4632 Scriptum
2562 4569 2644 4622 est
2687 4559 2852 4624 enim,
2885 4555 3172 4622 Dominum
3212 4553 3377 4616 Deum
3413 4563 3564 4609 tuum

317 4658 590 4728 κυνήσεις,
635 4659 728 4711 καὶ
777 4657 927 4729 αὐτῷ
960 4659 1106 4728 μόνῳ
1139 4657 1478 4727 λατρεύσεις.
1528 4679 1546 4714 ι
1639 4662 1886 4733 Ὀργίζε-

317 4762 401 4798 ται
426 4751 453 4800 ὁ
486 4747 688 4818 Κύριος
717 4746 887 4817 αὐτῷ,
922 4749 1012 4801 ὅτε
1042 4745 1153 4804 εἶδε
1178 4749 1342 4804 αὐτὸν
1370 4750 1437 4804 τὰ
1466 4752 1560 4805 τοῦ
1588 4752 1724 4808 Θεοῦ
1760 4772 1887 4825 σφε-

319 4838 683 4910 τεριζόμενον,
712 4841 810 4898 καὶ
835 4840 1111 4908 λέγονταπ
1145 4841 1327 4896 Ταῦτα
1351 4842 1530 4906 πάντα
1566 4861 1649 4900 σοι
1667 4845 1880 4909 tithoni,»

322 4928 392 4994 ὼς
426 4932 552 4986 ἴδια.
582 4930 734 4986 Μάθε
763 4931 820 4986 δὲ
850 4932 966 4996 πῶς
1001 4932 1304 5000 ὠφελοῦσιν
1348 4936 1404 4989 αί
1440 4937 1680 5006 Γραφαίο
1717 4941 1745 4992 6
1782 4939 1889 5012 γὰρ

321 5023 520 5097 Κύριος
549 5024 644 5082 ἀπ’
673 5024 852 5080 αὐτῶν
874 5025 1201 5097 ἐπεστόμισε
1233 5027 1326 5081 τὸν
1357 5028 1568 5100 ἐχθρόν.

395 5137 414 5171 ι
451 5119 584 5172 Τότε
614 5117 837 5187 ἀφίησιν
875 5118 1036 5177 αὐτὸν
1076 5119 1104 5171 6
1130 5118 1398 5182 διάὸολος·
1429 5123 1528 5176 καὶ
1564 5121 1674 5181 laci:
1721 5121 1892 5192 ἄγγε·

325 5207 400 5262 λοι
435 5209 764 5281 προσῆλθον,
807 5210 900 5268 καὶ
947 5209 1232 5280 διηκόνουν
1281 5209 1448 5281 αὐτῷ.
1489 5229 1508 5264 ι
1565 5213 1703 5278 Τοὺς
1744 5217 1895 5285 τρεῖς

328 5302 660 5374 πιιρασμοϋς
689 5303 940 5373 ἐνίκησεν
967 5303 996 5362 6
1037 5303 1260 5373 Κύριος,
1291 5303 1383 5358 τὸν
1413 5303 1514 5375 τῆς
1544 5321 1893 5378 γαστριμαρ-

326 5396 464 5462 γίας,
489 5397 580 5450 τὴν
599 5397 697 5465 τῆς
717 5397 1044 5464 κενοδοξίας,
1073 5397 1165 5456 καὶ
1192 5396 1284 5452 τὸν
1314 5397 1411 5466 τῆς
1433 5398 1894 5471 φιλοχρηματίας,

327 5486 485 5558 ἤγουν
535 5489 943 5557 φιλοπλουτίας.
985 5485 1146 5548 οὗτοι
1193 5491 1300 5560 γάρ
1343 5493 1492 5545 εἰσιν
1539 5493 1587 5545 οι
1637 5493 1894 5564 ἄρχοντες

328 5580 430 5635 τῶν
462 5583 670 5636 παθῶν·
700 5583 921 5647 τούτους
973 5582 1067 5639 οὖν
1111 5585 1366 5654 νικήσας,
1407 5587 1500 5642 καὶ
1545 5588 1676 5651 τοὺς
1702 5587 1895 5652 ἄλλους

328 5674 497 5746 πολλῷ
533 5675 922 5747 μᾶλλον.⁶’οθεν
949 5679 978 5731 6
1009 5678 1226 5742 Λουκᾶς
1254 5680 1418 5750 φησιν
1447 5680 1530 5734 ὅτι
1565 5681 1743 5736 πάντα
1773 5697 1895 5738 πει-

333 5769 532 5839 ρασμὸν
576 5769 812 5838 ἐτέλεσε,
860 5770 958 5834 τὰς
992 5772 1236 5841 κεφαλὰς
1277 5771 1386 5826 τῶν
1433 5773 1760 5844 πειρασμῶν
1805 5789 1894 5835 τε·

331 5855 503 5926 λέσας.
553 5861 720 5917 Ὅθεν
775 5863 870 5919 καὶ
915 5861 1139 5934 ἄγγελοι
1185 5862 1526 5920 διακονοῦσιν
1575 5865 1746 5934 abaci),
1807 5866 1896 5920 ἵνα

1991 4659 2265 4728 adorabis,
2295 4665 2350 4711 et
2383 4655 2532 4710 illum
2564 4653 2739 4719 solum
2776 4652 2946 4712 coles.
2982 4669 3001 4703 ›
3048 4649 3306 4716 Irascitur
3351 4648 3425 4702 illi
3465 4648 3566 4702 Do-

1994 4754 2204 4816 minus,
2256 4750 2472 4821 quando
2517 4747 2662 4806 videt
2696 4746 2846 4810 illum
2896 4760 2958 4802 ea
2999 4759 3118 4818 qua;
3161 4743 3250 4805 Dei
3297 4751 3419 4796 sunt
3455 4740 3559 4798 sibi

1993 4844 2379 4906 vindicantem,
2405 4851 2458 4896 et
2488 4839 2790 4903 dicentem,
2827 4835 2952 4892 Hch
2977 4836 3155 4890 omnia
3187 4835 3281 4904 tibi
3305 4834 3463 4897 dabo,
3497 4845 3558 4889 ut

1996 4940 2234 5012 propria.
2279 4938 2436 4993 Disce
2465 4945 2644 4992 autem
2683 4934 2957 5006 quomodo
2991 4933 3205 5002 prosint
3253 4931 3574 5003 Scriptum,

1997 5048 2094 5106 per
2125 5046 2262 5102 quas
2293 5030 2554 5086 Dominus
2579 5044 2641 5084 os
2672 5026 2876 5082 inimici
2906 5023 3197 5090 obturavit.

2073 5125 2234 5187 Vens.
2261 5123 2348 5178 ll.
2387 5142 2405 5178 ι
2456 5121 2608 5180 Tunc
2636 5118 2838 5176 omittit
2883 5117 3030 5172 illum
3057 5116 3337 5184 diabolus,
3368 5128 3422 5174 et
3450 5133 3580 5176 ecce

1999 5217 2176 5288 angeli
2217 5217 2542 5274 accedebant
2587 5224 2639 5270 et
2671 5213 3053 5272 ministrabant
3083 5213 3154 5270 ei.
3189 5231 3208 5266 ι
3245 5215 3378 5270 Tres
3406 5224 3582 5270 tenta-

2003 5311 2178 5367 tiones
2211 5307 2486 5376 superavit
2524 5306 2821 5370 Dominus,
2857 5305 2998 5378 gula}
3023 5346 3036 5369 ,
3064 5320 3218 5364 vana:
3263 5306 3481 5380 gloriae,
3525 5319 3580 5364 et

2001 5404 2264 5460 avaritite.
2297 5402 2406 5458 Illae
2437 5400 2580 5462 enim
2618 5400 2903 5470 praecipua:
2941 5410 3068 5464 sunt
3101 5399 3435 5460 alfcctioncs.
3470 5398 3578 5456 llas

2001 5495 2166 5565 igitur
2197 5494 2290 5564 qui
2321 5491 2548 5559 vicerit,
2588 5490 2726 5556 alias
2769 5492 2939 5548 multo
2983 5493 3154 5566 magis
3193 5493 3386 5548 vincet.
3423 5491 3580 5550 Unde

2002 5587 2180 5644 Lucas
2207 5586 2341 5641 dicit
2364 5585 2508 5655 quod
2535 5598 2750 5648 omnem
2783 5586 3137 5654 tentationetn
3165 5598 3580 5650 consummave-

2006 5680 2096 5745 rit,
2126 5679 2560 5749 quandoquidem
2586 5677 2762 5751 capita
2787 5677 3147 5742 tentationum
3173 5675 3318 5735 vicit.
3347 5673 3581 5744 Proinde

2007 5772 2184 5840 angeli
2229 5771 2278 5826 ei
2313 5771 2625 5827 ministrant
2657 5787 2672 5826 :
2707 5785 2814 5842 quo
2844 5776 3305 5826 commonstratur
3339 5764 3480 5836 quod
3528 5777 3585 5821 et

2013 5863 2171 5924 nobis
2192 5871 2314 5938 post
2336 5862 2618 5923 victoriam
2647 5862 2822 5958 angeli
2855 5858 3211 5919 ministraturi
3243 5858 3375 5926 sint,
3397 5856 3580 5916 omnia
