4058 6470
471 447 572 515 183

1350 449 1930 513 THEOPHYLACTI
1972 447 2308 509 BULGARI
2321 447 2382 507 Ε
2421 449 2465 507 Α
2477 451 2626 512 RCiI
2639 454 2657 512 ι
2671 452 2777 512 ΕΡ.

3629 439 3734 505 ιιι

464 566 607 623 enim
641 573 860 636 propter
889 578 988 618 nos
1030 572 1081 619 et
1123 561 1255 619 fecit
1281 573 1338 620 et
1382 565 1705 620 monstravit
1735 565 1998 621 Dominus

2141 557 2325 629 δειχθῇ
2357 557 2443 612 ὅτι
2475 560 2570 613 καὶ
2594 560 2729 630 ἡμῖν
2760 554 2904 628 μετὰ
2935 554 3041 626 τὴν
3065 553 3228 624 νίκην
3262 550 3484 621 ἄγγελοι
3522 551 3734 623 ὑπηρε-

464 657 720 727 qunniam
754 658 802 711 ei
834 665 893 709 ut
927 655 1032 711 Deo
1064 656 1237 725 angeli
1263 670 1478 726 semper
1510 657 1843 713 ministrant.

537 923 698 980 Vens.
735 926 825 992 12,
854 927 939 982 15.
978 946 996 978 ι
1034 928 1170 982 Cum
1205 929 1449 985 audisset
1481 942 1658 985 autem
1681 929 1860 991 Iesus.
1893 930 2040 999 quod

459 1018 701 1074 Joannes
735 1021 968 1076 traditus
997 1031 1162 1086 esset,
1201 1024 1422 1079 sect‘ssil
1456 1025 1507 1077 in
1536 1024 1831 1086 Galila-am.
1870 1036 1921 1080 ct
1955 1042 2041 1083 re-

462 1110 588 1164 licta
622 1109 889 1167 Nazaretb
914 1154 929 1178 ,
962 1113 1239 1181 profectus
1282 1115 1546 1169 habitavit
1578 1116 1629 1171 in
1663 1118 2000 1186 Capernaum
2022 1163 2037 1186 ,

460 1216 582 1269 qua
612 1210 697 1256 est
732 1201 873 1271 apud
905 1218 1075 1267 mare,
1118 1205 1171 1259 iu
1204 1206 1454 1261 conliniis
1486 1207 1726 1264 Zabulon
1761 1219 1814 1264 et
1851 1208 2037 1282 Neph-

461 1289 674 1345 tbalim.
713 1310 732 1344 ι
772 1290 987 1348 Secedit
1016 1294 1195 1361 Jesns,
1221 1297 1424 1353 docens
1451 1314 1550 1355 nos
1573 1316 1642 1354 ne
1664 1311 1869 1357 temere
1893 1305 2039 1373 peri-

458 1380 599 1437 culis
639 1397 739 1438 nos
790 1382 1116 1452 injiciamus.
1171 1387 1389 1444 Secedit
1436 1398 1615 1445 autem
1651 1392 1704 1446 in
1735 1392 2033 1460 Galilzeam,

459 1474 562 1529 hoc
589 1484 694 1538 est,
721 1475 1109 1534 devolubilem.
1140 1480 1341 1536 Gentes
1363 1483 1506 1536 enim
1537 1485 1590 1537 in
1619 1485 1856 1553 peccatis
1882 1486 2034 1542 voln-

459 1578 665 1624 tantur.
703 1566 926 1627 Habitat
956 1583 1136 1628 autem
1170 1575 1223 1628 in
1256 1573 1618 1645 Capernaum,
1652 1580 1794 1646 quod
1825 1589 1908 1634 est
1936 1580 2036 1635 do-

458 1676 580 1716 mus
617 1662 1053 1721 consolationis:
1095 1676 1152 1720 ut
1197 1667 1342 1721 enim
1385 1667 1550 1723 faciat
1578 1677 1766 1739 gentes
1810 1671 2030 1727 domum

456 1751 838 1821 consolatorie,
864 1758 933 1811 ob
956 1771 1075 1810 eam
1103 1772 1323 1812 causam
1353 1759 1429 1831 (a)
1458 1762 1757 1817 descendit.
1789 1762 2029 1822 Zabulnn

456 1844 846 1915 interpretatur
866 1858 1157 1915 nocturna,
1183 1849 1526 1922 Nepbtlialim
1562 1863 1741 1909 autem
1773 1857 2018 1913 latitudo.

2146 651 2391 719 τήσουσι.
2430 652 2615 707 Πάντα
2639 652 2747 724 γὰρ
2774 649 2840 705 δι’
2863 649 3011 720 ἡμᾶς
3034 649 3130 700 καὶ
3161 647 3308 700 ποιεί
3332 646 3428 699 καὶ
3454 644 3734 699 δείκνυσιν

2146 744 2174 794 6
2220 744 2472 813 Χριστός.
2528 745 2685 799 Ἐπεὶ
2748 740 3034 813 αὐτῷ,ῶς
3085 739 3227 811 Θεῷ,
3273 738 3363 793 ἀεὶ
3414 739 3464 793 oi
3507 735 3734 807 ἄγγελοι

2149 837 2425 907 ὑπουργοῦ
2433 855 2537 894 σιν.

2226 947 2245 978 ι
2297 927 2560 993 Ἀκούσας
2603 929 2663 981 δὲ
2691 929 2721 982 6
2762 926 2975 997 Ἰησοῦς
3008 927 3096 981 ὅτι
3149 924 3403 994 Ἰωάννης
3431 919 3735 995 παρεδόθη,

2144 1020 2492 1092 ἀνεχώρησεν
2526 1024 2607 1085 είς
2635 1021 2735 1091 τὴν
2784 1017 3101 1072 Γαλιλαίανο
3138 1017 3232 1071 καὶ
3274 1013 3600 1070 καταλιπὼν
3623 1011 3729 1083 τὴν

2145 1110 2418 1183 Ναζαρὲτ,
2461 1110 2633 1166 ἐλθὼν
2681 1109 3011 1180 κατῴκησεν
3061 1109 3142 1172 είς
3190 1106 3590 1178 Καπερναοὺμ,
3623 1103 3728 1174 τὴν

2142 1203 2734 1275 παραθαλασσίαν,σὲν
2779 1202 2950 1274 ὁρίοις
3006 1197 3297 1256 Ζαϐουλὼν
3348 1200 3446 1253 καὶ
3495 1197 3732 1268 Νεφθα-

2140 1295 2285 1365 λείμ,
2331 1315 2350 1347 ι
2430 1295 2731 1365 Ἀναχωρεϊ
2761 1295 2791 1348 6
2855 1291 3085 1359 Ἰησοῦς,
3139 1289 3415 1344 παιδεύων
3442 1289 3594 1360 ἡμᾶς
3650 1284 3729 1357 μὴ

2140 1390 2494 1461 ὲπιρρίπτειν
2525 1388 2756 1451 ἑαυτοὺς
2794 1386 2911 1451 τοῖς
2959 1383 3251 1448 κινδύνοις.
3324 1383 3628 1454 ’Δναχωρεῖ
3665 1382 3729 1438 δί

2140 1483 2220 1545 εἰς
2252 1480 2350 1551 τὴν
2390 1481 2701 1547 Γαλιλαίαν,
2753 1480 2783 1533 ὃ
2812 1481 2952 1545 ἔστι,
3001 1477 3103 1551 τὴν
3149 1476 3586 1546 κατακυλιστὴν.
3637 1475 3726 1530 Τά

2138 1574 2246 1645 γὰρ
2281 1573 2410 1643 ἔθνη
2443 1575 2637 1643 είςτήν
2670 1570 2948 1643 ἁμαρτίαν
2985 1568 3391 1635 κατεκυλίοντο.
3437 1568 3551 1622 Καὶ
3588 1583 3730 1623 κατα

2143 1665 2287 1718 οικεῐ
2342 1665 2401 1719 ὲν
2431 1663 2831 1736 Καπερναοὺμ,
2865 1663 2895 1717 ὃ
2927 1663 3080 1717 ἔστιν
3110 1657 3261 1725 οἶκος
3295 1658 3727 1732 παρακλήσεως·

2133 1757 2222 1811 ἵνα
2254 1756 2364 1827 γάρ
2400 1758 2604 1826 ποιήσῃ
2634 1756 2705 1811 τά
2734 1754 2864 1828 ἔθνη
2897 1749 3049 1810 οἷκον
3082 1750 3182 1808 τοῦ
3214 1751 3600 1824 Παρακλήτου,
3635 1750 3728 1806 διά

2131 1849 2289 1902 τοῦτο
2316 1847 2571 1917 κατῆλθε.
2596 1843 2881 1901 Ζαϐουλὼν
2910 1844 2971 1900 δὲ
3001 1841 3366 1915 ἑρμηνεύεται
3395 1841 3687 1911 νυκτερίσι
3706 1856 3722 1872 ο

453 1933 656 1991 Gentes
690 1938 834 1991 enim
863 1948 917 1994 et
938 1948 1150 1995 noctem
1186 1915 1455 1995 habebant
1489 1952 1544 1995 et
1598 1942 1936 1997 latitudinem
1969 1944 2018 1999 in

2130 1915 2453 2010 [vaesana
2502 1936 2581 2003 δὲ,
2612 1935 2997 2003 πλατυσμός.
3047 1935 3129 1990 Τά
3186 1934 3369 1988 τοίνυν
3416 1933 3568 2004 ἔθνη,
3627 1931 3729 1987 καὶ

455 2026 561 2080 vita
600 2045 615 2082 :
654 2043 758 2082 nou
798 2029 941 2084 enim
992 2044 1088 2099 per
1121 2042 1403 2099 angustam
1455 2033 1595 2087 viam
1642 2035 2024 2103 ambulabant,

452 2117 546 2171 sed
581 2133 679 2188 per
707 2136 826 2175 eam
854 2135 973 2189 qua:
1007 2123 1058 2176 in
1093 2124 1452 2191 perditionem
1489 2123 1615 2181 fert.

527 2291 685 2350 Vens.
713 2296 897 2353 Ησίϐ.
928 2318 947 2351 ι
990 2299 1058 2358 Ut
1090 2300 1374 2370 impleatur
1404 2305 1548 2374 quod
1582 2306 1782 2379 dictum
1818 2317 1900 2360 est
1933 2323 2027 2374 per

452 2385 646 2440 rsaiam
692 2390 1043 2459 prophetam,
1093 2393 1361 2448 dicentem
1398 2414 1411 2450 :
1452 2396 1618 2451 Terra
1651 2395 1890 2452 Zabtdon
1915 2441 1929 2465 ,
1969 2411 2027 2456 et

450 2493 595 2537 terra
620 2481 1138 2558 Nephtbalimjuxta
1169 2491 1306 2544 viam
1341 2493 1509 2548 maris
1536 2502 1685 2547 trans
1706 2491 2021 2563 Iordanem,

450 2575 668 2633 Galilaa
701 2580 966 2647 gentium.
1006 2579 1243 2653 Populus
1279 2584 1369 2653 qui
1416 2583 1658 2655 sedebat}
1686 2588 1738 2640 in
1787 2588 2023 2646 tenebris

448 2666 583 2720 \idil
612 2666 787 2723 lucem
832 2683 1086 2739 magnam
1110 2715 1125 2738 ,
1156 2681 1208 2727 et
1252 2674 1563 2730 sedentibus
1597 2677 1649 2731 in
1703 2680 1926 2748 regione
1972 2691 2027 2737 et

446 2757 635 2812 ninbra
678 2761 901 2827 mortis,
932 2762 1024 2817 ius
1071 2772 1188 2819 Orta
1222 2774 1307 2820 est
1338 2767 1419 2821 eis
1482 2785 1502 2819 ι
1540 2765 1694 2824 Viam
1726 2774 1892 2828 maris
1927 2789 2024 2842 pro

442 2864 510 2901 eo
544 2851 692 2919 quod
722 2860 805 2907 est
834 2853 902 2907 ad
939 2855 1079 2909 viam
1112 2858 1275 2912 maris
1309 2858 1491 2914 sitam.
1528 2859 1642 2915 Lux
1690 2872 1870 2918 autem
1910 2882 2024 2919 ma-

443 2954 585 3009 gna,
622 2942 997 3014 Evangelium.
1031 2944 1141 3001 Lex
1186 2948 1331 3002 enim
1368 2950 1459 3005 lux
1492 2958 1548 3006 et
1582 2952 1697 3021 ipsa
1732 2964 1871 3019 erat,
1926 2957 2022 3011 sed

444 3046 631 3101 parva.
673 3029 874 3087 Umbra
900 3043 1083 3090 autem
1119 3036 1327 3100 mortis,
1364 3048 1643 3104 peccatum
1679 3057 1692 3094 :
1724 3041 2023 3096 similitudo

445 3121 593 3177 enim
628 3133 684 3178 et
730 3125 1075 3183 adumbratio
1130 3128 1322 3182 mortis
1377 3138 1482 3186 est.
1516 3127 1651 3185 Nam
1702 3132 1843 3187 sicut
1874 3149 2021 3189 mors

2146 2034 2316 2085 νύκτα
2351 2027 2498 2102 εἶχον
2533 2029 2628 2083 καὶ
2662 2027 2990 2098 πλατυσμδν
3018 2027 3078 2081 ιν
3108 2028 3176 2097 τῇ
3207 2025 3344 2097 ζωῇ.
3376 2025 3453 2079 Ού
3481 2025 3592 2095 γάρ
3619 2023 3728 2096 τὴν

2132 2124 2326 2191 στενὴν
2361 2121 2483 2176 666v
2520 2118 2793 2184 ἐϐάδιζον,
2839 2117 2979 2174 ἀλλὰ
3037 2116 3137 2191 τὴν
3177 2118 3259 2180 είς
3296 2114 3582 2170 ἀπώλειαν
3618 2115 3723 2185 φι-

2132 2231 2354 2285 ρουσαν.

2204 2326 2223 2357 ι
2266 2307 2386 2359 ’Ἰνα
2418 2304 2680 2377 πληρωθῇ
2711 2305 2773 2359 τὸ
2821 2301 2989 2376 ῥηθὲν
3022 2303 3111 2358 διὰ
3159 2301 3383 2356 Ἡσαΐου
3423 2303 3520 2356 τοῦ
3578 2319 3720 2373 προ-

2129 2402 2325 2472 φήτου,
2354 2398 2641 2467 λέγοντος·
2674 2397 2751 2469 Γῆ
2798 2394 3090 2452 Ζαϐουλῶν
3136 2394 3232 2449 καὶ
3256 2394 3330 2465 γῆ
3373 2390 3723 2463 Νεφθαλεὶμ,

2126 2492 2245 2545 ὁδὸν
2276 2490 2556 2563 θαλάσσης
2598 2488 2777 2561 πέραν
2806 2487 2901 2543 τοῦ
2963 2486 3259 2560 Ἰορδάνου,
3306 2484 3575 2540 Γαλιλαία
3607 2484 3723 2539 τῶν

2128 2584 2322 2639 ἐθνῶν·
2348 2586 2377 2636 6
2403 2583 2533 2647 λαὸς
2556 2582 2587 2637 6
2606 2582 2922 2652 καθήμενος
2944 2581 3004 2634 ἑν
3035 2580 3240 2644 σκύτει,
3266 2574 3378 2633 εῐδε
3407 2575 3525 2650 φῶς
3548 2576 3721 2648 μέγαο

2127 2678 2223 2732 καὶ
2262 2678 2375 2740 τοῖς
2416 2674 2752 2745 καθημένοις
2803 2675 2862 2726 ὲν
2915 2672 3070 2744 χώρᾳ
3124 2670 3220 2726 καὶ
3265 2673 3396 2727 σκιᾶ
3457 2671 3721 2738 θανάτου,

2125 2774 2240 2838 φῶς
2276 2769 2550 2825 ἀνέτειλεν
2583 2768 2785 2833 αὐτοῖς.
2827 2786 2846 2820 ι
2901 2767 3051 2822 ’θεὸν
3089 2765 3389 2838 θαλάσσης,
3421 2767 3543 2821 ἀντὶ
3574 2764 3672 2820 τοῦ
3697 2803 3718 2831 ,

2124 2869 2156 2937 ἡ
2192 2865 2330 2937 πρὸς
2376 2864 2477 2936 τὴν
2519 2863 2641 2918 ὁδὸν
2688 2863 2788 2934 τῆς
2841 2860 3121 2932 θαλάσσης
3176 2858 3433 2931 κειμένη.
3475 2857 3602 2921 Φῶς
3658 2857 3720 2911 δε

2127 2960 2292 3028 μέγα,
2324 2954 2387 3008 τὸ
2424 2953 2779 3023 Εὖαγγέλιον.
2826 2953 2887 3007 '0
2920 2952 3028 3022 γάρ
3051 2952 3237 3022 νόμος,
3272 2950 3390 3021 φῶς
3422 2950 3518 3004 καὶ
3551 2948 3721 3011 αὐτὸς

2121 3044 2210 3118 ἦν,
2266 3047 2403 3101 ἀλλὰ
2460 3045 2679 3121 μικρόν.
2735 3043 2873 3098 Σκιὰ
2919 3042 2977 3096 δὲ
3022 3042 3283 3117 θανάτου,
3336 3041 3371 3112 ἡ
3430 3040 3711 3112 ἁμαρτία·

2120 3141 2372 3210 ὁμοίωμα
2417 3138 2528 3209 γὰρ
2571 3139 2665 3193 καὶ
2713 3135 3052 3208 σκιαγραφία
3097 3135 3194 3190 τοῦ
3253 3134 3493 3189 θανάτου
3538 3132 3715 3187 ἐστίν.

441 3226 666 3282 corpus,
701 3215 776 3268 ita
810 3226 866 3271 et
898 3223 1181 3285 peccatum
1216 3219 1451 3274 animam
1484 3220 1710 3277 invadit.
1751 3222 1884 3279 Orta
1921 3241 2018 3279 au-

2134 3232 2225 3295 Ὧς
2262 3234 2370 3304 γάρ
2392 3234 2420 3287 6
2442 3232 2673 3294 θάνατος
2712 3229 2776 3283 τὺ
2806 3228 2989 3295 σῶμα,
3026 3226 3202 3291 οὕτως
3228 3224 3370 3296 αὕτη
3397 3224 3499 3297 τὴν
3528 3224 3716 3295 ψυχὴν

442 3313 547 3360 rem
574 3313 660 3362 est
682 3306 775 3362 lux
815 3306 993 3364 nobis.
1022 3307 1138 3363 Non
1167 3311 1313 3364 enim
1346 3312 1696 3381 quaesivimus
1722 3314 1870 3371 illam
1897 3332 2019 3387 nos,

439 3398 535 3454 sed
576 3397 664 3453 illa
693 3400 1158 3478 apparuit-nubis,
1194 3407 1349 3472 quasi
1379 3418 1613 3475 sequens
1641 3422 1760 3463 nos.

509 3577 678 3633 Vsus.
709 3576 797 3632 l7.
848 3596 868 3630 ι
899 3578 975 3633 Ex
1009 3580 1111 3635 hoc
1133 3580 1298 3650 coepit
1325 3579 1484 3637 Jesus
1517 3584 1812 3653 praedicare
1843 3601 1907 3641 ac
1930 3585 2018 3641 di-

440 3683 590 3723 cere.
640 3687 661 3721 ι
710 3669 789 3725 Ex
840 3686 950 3740 quo
998 3679 1237 3742 tempore
1281 3677 1529 3731 detentus
1577 3685 1658 3732 est
1694 3676 1747 3731 in
1787 3680 2018 3736 vinculis

434 3760 697 3831 Joannes,
738 3762 910 3834 coepit
944 3766 1244 3835 praedicare
1268 3766 1447 3825 Jesus.
1489 3768 1838 3839 Exspectavit
1868 3775 2015 3829 enim

434 3852 613 3923 Iesus,
646 3864 704 3912 ut
729 3855 967 3914 Joannes
993 3860 1143 3931 prius
1170 3861 1236 3915 de
1257 3876 1316 3916 se
1344 3861 1745 3929 testiﬁcaretur,
1775 3874 1826 3919 et
1854 3881 2015 3935 para-

434 3959 517 4004 ret
540 3949 650 4020 22
689 3951 791 4007 sibi
823 3952 961 4007 riam
1010 3969 1116 4025 qua
1154 3964 1415 4012 venturus
1455 3965 1576 4011 erat
1623 3973 1638 4010 :
1689 3958 1829 4012 sicut
1869 3960 2014 4014 servi

431 4052 562 4096 ante
609 4043 860 4100 dominos
908 4056 1233 4114 praeparant.
1294 4045 1545 4118 Equalis
1585 4049 1732 4104 enim
1773 4050 2014 4106 existens

430 4134 578 4188 Patri
605 4135 886 4201 Dominus,
912 4137 1143 4193 habebat
1163 4146 1218 4193 et
1246 4140 1360 4210 ipse
1381 4142 1700 4210 prophetam
1727 4140 2009 4219 Joannem,

427 4228 574 4282 sirut
608 4236 662 4283 et
702 4226 865 4284 Pater
895 4230 1016 4300 ejus
1057 4241 1113 4286 et
1153 4233 1295 4287 Deus
1335 4232 1524 4287 habuit
1551 4235 1842 4303 prophetas
1888 4247 2014 4291 ante

427 4318 718 4387 Joannem,
751 4322 862 4378 imo
883 4333 938 4379 et
969 4325 1043 4377 illi
1074 4333 1127 4379 et
1156 4322 1340 4381 Patris
1370 4335 1502 4381 sunt
1532 4335 1588 4381 et
1616 4325 1760 4381 Filii.
1802 4346 1821 4378 ι
1854 4326 2010 4383 [lesi-

430 4413 660 4481 piscite,
696 4414 749 4469 in
782 4416 1087 4488 propinquo
1114 4418 1261 4472 enim
1293 4428 1377 4473 est
1406 4433 1630 4490 regnum
1660 4420 1950 4477 cmlorum.
1984 4440 2006 4475 ι

426 4504 674 4578 Regnum
708 4508 970 4564 ctelorum
1002 4518 1163 4566 estet
1188 4508 1467 4577 Christus,
1499 4520 1585 4566 est
1611 4523 1667 4566 et
1698 4513 1805 4566 vita
1836 4512 2010 4567 virtu-

2124 3323 2367 3393 κατέχει.
2410 3321 2677 3377 ’Δνέτειλε
2720 3319 2779 3375 δὲ
2816 3320 2879 3374 τὸ
2923 3320 3041 3390 φῶς
3084 3321 3241 3389 ἡμῖν.
3287 3320 3365 3373 Οὐ
3396 3317 3510 3390 γάρ
3547 3319 3720 3390 ἡμεῖς

2122 3411 2473 3483 ἐζητήσαμεν
2496 3412 2651 3479 αὐτὸ,
2679 3412 2798 3466 ἀλλ’
2830 3413 3011 3466 ἐκεῖνο
3039 3410 3292 3481 ἐπεφάνη
3325 3410 3481 3481 ἡμῖν,
3507 3409 3719 3465 ὡσανεὶ

2120 3505 2462 3573 καταδιῶξαν
2496 3508 2665 3579 ἡμᾶς.

2197 3616 2218 3649 ι
2283 3597 2417 3651 ’Λπὸ
2465 3598 2589 3652 τότε
2643 3599 2849 3669 ἦρξα-ιο
2899 3603 2928 3653 6
2996 3598 3206 3670 Ἰησοῦς
3263 3597 3569 3669 κηρύσσειν
3615 3601 3717 3655 καὶ

2119 3690 2318 3757 λέγειν.
2359 3710 2378 3742 ι
2460 3689 2583 3758 Ἀφ’
2633 3684 2696 3744 οὗ
2746 3691 3048 3763 ὲδεσμεύθη
3079 3692 3110 3745 6
3173 3689 3450 3763 Ἰωάννης,
3504 3692 3715 3763 ἧρξατο

2119 3781 2417 3853 κηρύσσειν
2455 3783 2485 3836 6
2545 3780 2776 3853 Ἰησοῦς.
2831 3782 3087 3852 ’Δνέμενε
3142 3783 3253 3856 γάρ
3308 3784 3402 3839 τὸν
3449 3782 3714 3855 Ἰωάννην

2118 3872 2386 3945 πρότερον
2417 3875 2767 3946 μαρτυρῆσαι
2792 3877 2922 3946 περὶ
2951 3875 3146 3943 αὑτοῦ,
3173 3879 3267 3930 καὶ.
3291 3878 3711 3937 κατασκευάσαι

2115 3964 2267 4036 αὐτῷ
2296 3966 2435 4032 ὁδὸν,
2479 3966 2547 4021 δι’
2594 3960 2663 4039 ἧς
2704 3966 2931 4038 ἔμελλεν
2965 3966 3163 4035 ἐλθεῖν,
3205 3968 3396 4040 ὥσπερ
3444 3966 3544 4023 καὶ
3588 3970 3711 4033 τοῖς

2115 4059 2406 4121 δεσπόταις
2435 4059 2484 4111 oi
2518 4059 2696 4112 δοῦλοι
2749 4060 3268 4131 προετοιμάζουσιν.
3300 4056 3452 4124 Ἶσος
3479 4060 3594 4131 γὰρ
3628 4056 3717 4117 ὢν

2116 4150 2196 4220 τῷ
2231 4150 2421 4220 Πατρὶ’
2448 4153 2477 4204 6
2524 4149 2750 4221 Κύριος,
2785 4149 2901 4221 εἶχε
2935 4152 3033 4206 καὶ
3065 4153 3234 4218 αὐτὸς
3285 4154 3576 4227 προφήτην
3612 4154 3710 4207 τὸν

2117 4240 2397 4309 Ἰωάννην,
2427 4239 2620 4312 ῶσπερ
2644 4243 2674 4294 6
2708 4242 2900 4312 Πατὴρ
2929 4242 3097 4297 αὐτοῦ
3131 4245 3229 4298 καὶ
3260 4245 3397 4308 Θεὸς
3429 4239 3545 4316 εἷχε
3574 4249 3711 4310 τοὺς

2115 4332 2224 4402 πρὸ
2278 4331 2373 4385 τοῦ
2418 4333 2666 4388 Ἰωάννου
2721 4335 3036 4407 προφήτας,
3102 4337 3307 4407 μᾶλλον
3363 4338 3421 4392 δὲ
3457 4338 3709 4391 κάκεῖνοι

2113 4422 2210 4476 τοῦ
2238 4439 2299 4476 τε
2358 4424 2569 4496 Πατρδς
2610 4426 2705 4481 καὶ
2747 4425 2842 4480 τοῦ
2867 4425 3000 4481 nos
3057 4429 3216 4484 εἰσιν.
3267 4447 3288 4481 ι
3336 4428 3706 4484 Μετανοεῖτεο

2112 4514 2311 4587 ἦγγικε
2353 4515 2464 4589 γάρ
2507 4519 2542 4589 ἠ
2595 4519 2845 4588 βασιλεία
2895 4520 3006 4575 τῶν
3056 4520 3328 4593 οὐρανῶν.
3372 4541 3392 4574 ι
3445 4521 3710 4577 Βασιλεία

425 4602 574 4660 tibus
602 4604 851 4674 praedita.
884 4605 1114 4673 Quando
1137 4607 1283 4659 enim
1307 4605 1430 4675 quis
1452 4620 1619 4676 super
1644 4616 1843 4662 terram
1875 4608 2006 4663 vivit

2125 4608 2226 4661 τῶν
2283 4609 2531 4681 οὐρανῶν
2573 4611 2690 4664 ἐστὶ
2726 4611 2820 4665 καὶ
2857 4611 2888 4664 6
2924 4613 3186 4685 Χριστὸς,
3237 4612 3357 4669 ἐστι
3409 4616 3469 4669 δὲ
3518 4614 3619 4670 καὶ
3664 4617 3703 4688 ἡ

425 4697 571 4750 sicut
593 4695 842 4767 angelus,
877 4710 1059 4751 nonne
1086 4696 1333 4751 caelestis
1356 4696 1479 4750 est?
1505 4706 1667 4766 atque
1696 4698 1768 4769 ita
1798 4698 1851 4753 in
1883 4713 2012 4755 uno-

424 4807 640 4864 quoque
671 4774 921 4850 nosurum
943 4800 1027 4849 est
1057 4805 1281 4862 regnum
1308 4791 1570 4849 caelorum
1597 4833 1614 4858 ,
1641 4792 1686 4849 si
1709 4793 2008 4865 angelicam

422 4882 590 4936 vitam
619 4875 858 4955 agimus.

501 5063 664 5122 Vens.
696 5066 784 5130 18,
816 5067 903 5121 l9.
942 5082 962 5115 ι
1007 5061 1307 5118 Ambulans
1342 5073 1521 5120 autem
1558 5066 1698 5135 apud
1724 5081 1873 5122 mare
1900 5068 2008 5123 Ga-

423 5156 597 5224 lifa-az,
637 5158 768 5211 vidit
806 5156 942 5210 duos
975 5156 1205 5218 fratres,
1236 5154 1511 5212 Simonem
1545 5156 1636 5227 qui
1668 5157 1868 5213 dicitur
1901 5157 2003 5214 Pe-

424 5264 580 5312 trus,
617 5258 671 5303 et
701 5249 972 5302 Andream
1031 5247 1256 5303 fratrem
1305 5247 1443 5316 ejus,
1485 5250 1761 5307 mittentes
1803 5260 1916 5305 rete
1948 5251 2001 5304 in

421 5356 594 5395 utare.
650 5339 816 5394 Erant
854 5341 999 5395 enim
1045 5339 1381 5407 piscatores,
1419 5351 1475 5395 et
1521 5342 1650 5397 dicit
1697 5342 1819 5397 illis.
1869 5361 1888 5393 ι
1937 5339 2000 5395 Hi

423 5433 639 5487 fuerunt
697 5431 949 5503 discipuli
1000 5430 1532 5488 Joannis..Vivente
1585 5442 1766 5488 autem
1826 5433 2001 5488 adhuc

418 5521 662 5590 Joanne,
697 5535 1051 5581 accesserunt
1097 5526 1164 5580 ad
1193 5526 1490 5581 Christum.
1515 5524 1689 5580 Porro
1715 5527 1802 5581 ubi
1834 5526 2001 5581 Joan-

419 5631 545 5671 nem
570 5617 821 5673 viderunt
850 5619 1116 5683 vinctum,
1151 5618 1356 5674 reversi
1387 5626 1513 5672 sunt
1536 5618 1607 5671 ad
1629 5617 1999 5687 piscatoriam,

416 5719 473 5769 et
503 5711 583 5765 sic
610 5715 833 5768 veniens
856 5712 1109 5769 Christus
1136 5715 1375 5783 piscatur
1400 5727 1513 5777 eos,
1548 5713 1733 5767 dicens
1769 5733 1781 5766 :

478 5938 568 6014 ’(α)
601 5939 744 6000 Edit.
777 5940 896 6001 Lut.
927 5943 1136 6015 omisit,
1179 5941 1241 6000 ob
1260 5959 1376 6001 eam
1401 5954 1636 5998 causam.

2115 4701 2377 4773 ἐνάρετος
2405 4702 2543 4773 ζωή.
2577 4702 2749 4757 Ὅταν
2779 4702 2888 4773 γάρ
2917 4721 3003 4769 τις
3044 4705 3120 4770 ῶς
3148 4705 3384 4775 ἄγγελος
3416 4706 3710 4778 πολιτεύη-

2114 4814 2207 4850 ται
2234 4798 2290 4849 ὲν
2318 4798 2411 4867 γῇ,
2440 4792 2551 4866 ἆρα
2579 4798 2678 4851 οὐκ
2707 4798 2961 4869 οὐράνιός
2990 4800 3140 4855 ἐστιν
3165 4817 3182 4868 ;
3213 4800 3360 4855 ὥστε
3392 4802 3452 4856 ἐν
3483 4802 3707 4874 ἑκάστῳ

2118 4889 2276 4960 ἡμῶν
2303 4889 2454 4942 ἐστιν
2483 4889 2516 4958 ἡ
2551 4889 2796 4959 βασιλεία
2818 4890 2929 4946 τῶν
2962 4891 3231 4963 οὐρανῶν,
3261 4893 3359 4948 ἐὰν
3388 4894 3708 4965 άγγελικῶς

2118 4981 2325 5050 ζῶμεν.

2194 5093 2213 5124 ι
2262 5072 2591 5146 Περιπατῶν
2628 5072 2686 5128 δὲ
2720 5077 2873 5146 παρά
2911 5078 3012 5149 τὴν
3059 5078 3340 5135 θάλασσαν
3381 5079 3485 5150 τῆς
3535 5079 3708 5134 Γαλι-

2113 5160 2294 5226 λαίας,
2345 5156 2453 5214 εἶδε
2502 5160 2599 5215 δύο
2640 5161 2926 5233 ἀδελφοὺς,
2977 5166 3200 5238 Σίμωνα
3249 5170 3347 5223 τὸν
3403 5169 3710 5240 λεγόμενον

2119 5252 2349 5323 Πέτρον,
2382 5256 2476 5307 καὶ
2513 5254 2769 5325 Ἀνδρέαν
2800 5255 2892 5310 τὸν
2914 5254 3145 5327 ἀδελφὸν
3170 5260 3366 5330 αὐτοῦ,
3398 5259 3708 5331 βάλλοντας

2116 5343 2534 5416 ἀμφίδληστρον
2565 5347 2646 5409 εις
2673 5347 2776 5417 τὴν
2816 5348 3107 5403 θάλασσαν
3138 5346 3301 5421 (ἦσαν
3329 5353 3438 5423 γάρ
3466 5352 3699 5422 ἁλιεῖς).

2117 5438 2214 5491 καὶ
2263 5436 2412 5505 λέγει
2458 5438 2661 5501 αὐτοῖς.
2699 5458 2718 5491 ι
2775 5433 2939 5495 Οὗτοι
2988 5441 3084 5496 τοῦ
3147 5444 3397 5500 Ἰωάννου
3446 5446 3705 5515 ἐγένοντο

2117 5529 2377 5599 μαθηταί.
2428 5530 2640 5595 Ζῶντος
2675 5532 2733 5586 δὲ
2782 5533 2863 5586 ἔτι
2906 5532 3001 5588 τοῦ
3052 5536 3329 5602 Ἰωάννου,
3388 5536 3705 5609 προσῆλθον

2099 5621 2182 5692 τῷ
2215 5624 2455 5693 Χριστῷ.
2496 5623 2586 5686 Ὠς
2617 5624 2673 5677 δὲ
2706 5621 2844 5679 εἶδον
2871 5625 2966 5679 τὸν
3007 5627 3265 5700 Ἰωάννην
3297 5630 3699 5701 δημευθέντα,

2100 5713 2262 5765 πάλιν
2305 5714 2659 5785 ὑπέστρεψαν
2711 5716 2792 5778 είς
2831 5717 2933 5785 τὴν
2969 5717 3314 5791 άλιευτικὴν,
3369 5723 3467 5776 καὶ
3515 5720 3701 5787 οὕτως

2100 5804 2275 5861 ἐλθὼν
2299 5810 2326 5862 6
2356 5804 2609 5883 Χριστὸς,
2640 5810 2847 5867 ἁλιεύει
2880 5813 3102 5882 αὐτοὺς,
3142 5814 3344 5883 λέγων·
