4078 6464
366 448 461 517 191
1249 456 1827 517 ΤΙΙΕΟΡΠῩῙΑΕΤΙ
1869 458 1944 516 Bt

2047 457 2283 517 i.\lll.E
2324 455 2679 515 AllClIlEP.
3060 472 3069 479 '
3525 448 3629 513 193

366 580 416 618 tn
469 579 577 634 quo
604 563 851 632 salietur,
886 567 990 621 hoc
1031 575 1140 632 est,
1182 567 1521 638 corrigetur?
1573 567 1729 622 Tunc
1777 566 1943 637 igitur

2047 570 2106 621 ἐν
2129 569 2235 622 τίνι
2277 569 2651 638 ἁλισθήσεται,
2681 565 2951 632 τουτέστι,
2995 563 3456 635 διορθωθήσεταις
3493 562 3630 615 Ἀπὸ

369 657 517 713 foras
554 655 843 727 projicitur
869 673 899 711 a
931 658 1218 714 doctorum
1247 658 1512 729 dignitate
1536 676 1553 715 :
1582 668 1633 714 ct
1656 657 1943 713 conculca-

366 760 474 813 tur,
511 749 609 804 hoc
638 759 745 814 εει,
774 750 1093 820 despicitur.

435 838 605 895 Vsus.
637 841 727 896 14.
762 859 782 893 ι
823 840 932 897 Vos
963 842 1099 897 estis
1129 841 1218 895 lux
1264 841 1470 896 mundi.
1510 859 1530 895 ι
1569 839 1727 897 Prius
1752 842 1832 897 sal
1890 856 1947 897 et

367 945 496 988 tunc
528 933 641 988 lux.
675 934 776 1001 Qui
816 935 959 989 enim
997 934 1345 1006 reprehendit
1378 950 1501 1003 qua
1536 934 1750 990 occulte
1785 935 1942 1000 liunt,

368 1026 455 1080 ille
487 1025 574 1080 lux
608 1035 710 1082 est.
742 1025 918 1083 Omne
945 1028 1092 1082 enim
1137 1027 1281 1098 quod
1315 1026 1630 1083 manifestat
1687 1027 1774 1081 lux
1810 1037 1894 1082 est
1926 1044 1943 1082 :

370 1131 473 1170 non
525 1112 970 1188 gentem'autem
1024 1133 1187 1171 unam
1237 1117 1647 1173 illustraverunt
1695 1115 1800 1180 illi,
1850 1115 1943 1170 sed

370 1210 648 1265 mundum.
686 1230 705 1262 ι
743 1212 859 1265 Νοη
888 1220 1069 1282 potest
1099 1211 1293 1267 civitas
1318 1210 1607 1277 occultari,
1639 1224 1760 1280 quae
1783 1224 1945 1278 supra

371 1312 609 1357 montem
638 1304 741 1358 sita
785 1315 892 1359 est.
933 1323 952 1356 ι
1010 1303 1174 1359 Docet
1199 1318 1321 1372 eos,
1356 1312 1413 1357 ut
1463 1303 1656 1359 durent
1686 1304 1739 1356 in
1770 1311 1946 1357 certa-

375 1395 542 1460 mine,
577 1404 633 1450 et
667 1395 974 1467 diligentem
1006 1399 1133 1451 vita:
1158 1412 1269 1451 sua:
1300 1396 1571 1451 rationem
1604 1396 1863 1459 habeant,
1890 1405 1949 1451 ut

369 1486 404 1540 ii
458 1486 508 1540 in
550 1502 686 1556 quos
728 1502 918 1542 omnes
964 1497 1240 1558 spectant.
1292 1487 1369 1544 Ne
1408 1488 1572 1560 igitur
1604 1489 1821 1559 putetis,
1862 1490 1946 1542 in-

367 1577 518 1646 quit,
552 1578 694 1647 quod
725 1580 777 1633 in
812 1579 1019 1649 angulo
1052 1580 1258 1634 latituri
1300 1580 1421 1636 sitis
1444 1620 1458 1645 ,
1503 1582 1598 1636 sed
1628 1579 1949 1655 spectabiles

368 1668 547 1734 eritis,
582 1681 633 1724 et
666 1670 786 1725 ideo
814 1670 990 1726 videte
1019 1671 1289 1742 quomodo
1315 1673 1449 1725 citra
1479 1672 1742 1727 maculam
1774 1674 1949 1742 agatis

348 1762 555 1825 ,vitam,
595 1774 651 1816 ut
685 1778 752 1818 ne
781 1773 834 1817 et
861 1763 983 1819 aliis
1012 1763 1340 1820 offendicqu
1376 1765 1518 1821 sitis.

441 1853 606 1908 Vens.
642 1854 728 1908 l5.
757 1853 942 1924 Neque
982 1858 1289 1913 accendunt
1328 1858 1629 1922 lucernam,
1661 1865 1715 1911 et
1743 1869 1950 1927 pnntmt

365 1960 486 2000 eam
516 1948 618 2001 sub
649 1948 915 2013 modium,
948 1949 1041 2005 sed
1070 1964 1237 2019 super
1267 1951 1676 2017 candelabrum,
1725 1960 1779 2006 et
1807 1952 1947 2006 lucet
1976 1929 2024 1989 Β

366 2038 617 2093 omnibus
647 2039 737 2108 qui
768 2040 819 2093 itt
853 2042 1013 2097 domo
1037 2052 1185 2097 sunt.
1227 2063 1246 2096 ι
1304 2043 1416 2112 Ego
1449 2044 1592 2098 enim
1621 2044 1841 2099 accendi
1871 2045 1950 2098 lu-

367 2145 512 2193 men,
544 2132 709 2186 vestri
736 2142 915 2187 autem
946 2135 1017 2188 sit
1044 2124 1227 2198 otIicii,
1255 2151 1321 2189 ne
1354 2137 1529 2206 gratia
1552 2137 1949 2204 cxstinguatur,

366 2220 441 2277 ita
480 2233 538 2278 ut
592 2233 647 2281 et
695 2225 818 2280 aliis
857 2225 1035 2282 luceat
1081 2226 1256 2299 fulgor
1306 2229 1427 2284 vitae
1497 2239 1711 2285 vestrm.
1764 2228 1946 2298 lnquit

364 2328 511 2369 enim
550 2336 564 2372 :

447 2409 612 2466 \‘Bus.
655 2411 743 2467 16.
781 2432 801 2465 ι
838 2412 929 2468 Sic
960 2413 1138 2468 luceat
1166 2413 1258 2469 lux
1286 2424 1467 2469 vestra
1500 2430 1683 2471 coram
1716 2417 1950 2471 homini-

272 2542 275 2547 η
368 2507 490 2570 bus,
544 2513 601 2559 ut
634 2504 856 2559 videant
901 2518 1068 2573 opera
1104 2513 1283 2560 vestra
1328 2506 1503 2571 bona,
1540 2513 1595 2558 et
1641 2504 1949 2574 gloriﬁcent

365 2600 585 2654 Patrem
620 2606 863 2653 vestrum
898 2596 988 2667 qui
1023 2596 1078 2652 in
1113 2598 1269 2654 cmlis
1300 2608 1403 2651 est.
1446 2615 1465 2650 ι
1505 2595 1619 2651 Non
1652 2597 1811 2664 dixit,
1839 2596 1947 2652 Vos

366 2689 665 2745 ostendetis
710 2689 1000 2756 virtutem;
1033 2689 1139 2744 hoc
1188 2690 1333 2743 enim
1372 2704 1480 2743 non
1517 2700 1663 2743 esset
1714 2689 1946 2755 bOnnnt,

367 2781 485 2847 sed,
516 2780 610 2835 llla
642 2782 756 2836 sola
775 2781 978 2845 luceat,
1004 2792 1136 2835 utet
1166 2781 1371 2835 inimici
1400 2781 1562 2835 vestri
1588 2780 1945 2846 admirentur,

363 2882 422 2929 et
450 2872 774 2943 gloriﬁcent,
810 2887 919 2926 non
959 2886 1055 2927 vos
1076 2911 1092 2936 ,
1123 2873 1218 2926 sed
1251 2872 1466 2926 Patrem
1501 2882 1765 2925 vestrum.
1803 2870 1869 2925 Et
1899 2873 1945 2927 si

364 2964 440 3018 ita
474 2978 765 3032 operantur
796 2964 1077 3027 virtutem,
1121 2964 1173 3017 in
1206 2963 1434 3033 gloriam
1463 2962 1554 3018 Dei
1590 2972 1803 3033 oportet
1825 2979 1944 3019 eam

365 3055 607 3123 operari,
638 3068 743 3107 non
777 3053 830 3108 in
857 3063 1124 3108 nostram.

440 3243 602 3301 Vsus.
655 3245 744 3299 Π.
795 3265 814 3298 ι
880 3243 958 3301 Ne
1008 3242 1334 3300 existimetis
1390 3244 1533 3311 quod
1589 3244 1827 3298 venerim
1878 3246 2016 3337 ath

362 3338 749 3393 destruvndam
776 3338 947 3407 legem
980 3337 1063 3392 vel
1092 3336 1388 3406 prophetas
1422 3354 1435 3391 :
1470 3352 1574 3390 non
1611 3337 1733 3391 veni
1763 3348 1818 3391 ut
1849 3338 1944 3391 dc-

364 3440 603 3491 strnam,
635 3429 731 3483 sed
770 3437 828 3482 ut
862 3428 1211 3496 adimpleam.
1252 3446 1273 3478 ι
1322 3426 1590 3494 Quoniam
1631 3428 1744 3494 ipse
1780 3444 1948 3483 novas

361 3520 508 3589 leges
556 3519 966 3573 introducturus
998 3527 1155 3585 erat,
1184 3527 1346 3593 utne
1387 3527 1605 3586 putetur
1646 3517 1788 3585 quod
1840 3517 1948 3569 Deo

363 3628 393 3663 a
419 3611 716 3666 lversarins
746 3611 840 3689 sit,
884 3610 1021 3664 dixit
1054 3611 1202 3677 prius
1242 3624 1541 3665 occurrens
1588 3623 1767 3677 prava:
1811 3624 1948 3677 quo-

365 3704 617 3757 rumdam
660 3702 982 3772 suspicioni,
1026 3704 1168 3771 quod
1205 3718 1309 3756 non
1342 3703 1607 3767 destruat,
1639 3702 1733 3754 sed
1776 3700 1948 3769 magis

361 3796 658 3865 adimpleat
695 3795 891 3865 legem.
919 3792 1204 3862 Quomodo
1227 3803 1411 3849 autem
1448 3793 1802 3861 adimplevit?
1828 3792 1943 3847 l’rio

362 3903 510 3940 llllllll
539 3886 780 3954 quidem,
808 3888 934 3957 quia
964 3885 1193 3956 perfecit
1239 3887 1425 3941 omnia
1452 3901 1572 3956 quae
1608 3886 1672 3940 de
1712 3901 1776 3938 eo
1805 3900 1946 3954 pia:-

358 3981 615 4036 dixcrunt
640 3983 939 4052 prophetae.
971 3982 1098 4037 ldeo
1127 3992 1182 4037 et
1215 3982 1546 4054 evangelista
1589 3981 1821 4036 subinde
1857 3982 1943 4033 di-

359 4075 433 4129 cit
484 4095 499 4130 :
538 4092 575 4127 ιι
605 4072 675 4129 Ut
723 4073 1016 4145 impleatur
1066 4076 1211 4144 quod
1247 4075 1451 4129 dictum
1495 4084 1582 4128 est
1635 4073 1702 4126 de
1738 4089 1802 4127 eo
1848 4088 1944 4141 per

360 4168 705 4237 prophetam.
750 4167 1023 4241 ιφθίιιιιε
1050 4179 1108 4223 et
1135 4169 1320 4222 omnia
1367 4168 1622 4221 mandata
1658 4167 1797 4230 legis
1839 4158 1951 4219 itn-I

359 4259 545 4329 plevit.
581 4278 601 4311 ι
642 4258 928 4314 Peccatum
974 4261 1120 4312 enim
1154 4274 1259 4312 non
1312 4256 1442 4313 fecit
1474 4273 1650 4327 neque
1693 4260 1943 4312 inventus

353 4360 443 4407 est
488 4351 645 4406 dolus
683 4352 734 4404 in
786 4366 882 4405 ore
911 4351 1029 4419 cjus
1061 4352 1126 4404 ".
1183 4368 1204 4402 ι
1259 4348 1399 4416 Quin
1445 4359 1499 4403 et
1542 4349 1647 4403 alia
1694 4350 1940 4413 ratione,

358 4444 674 4513 adimp'evit
713 4443 908 4514 legem,
969 4443 1073 4497 hoc
1098 4453 1184 4497 cst
1221 4443 1399 4496 denuo
1451 4441 1741 4511 implevit:
1789 4458 1938 4508 qua:-

2045 659 2167 714 τότε
2189 654 2281 714 οὖν
2301 659 2408 726 ἔξω
2439 659 2690 728 ρίπτεται
2722 658 2818 712 τοῦ
2841 655 3230 712 διδασκαλικοῦ
3280 655 3626 725 ἀξιώματος,

2046 752 2139 806 καὶ
2170 754 2592 816 καταπατεῖταιῗ,
2626 751 2890 812 τουτέστι,
2929 750 3373 820 καταφρονεῖται.

2124 845 2353 915 ι’Υμεῖς
2374 846 2495 898 ἐστε
2512 844 2573 896 τὸ
2597 843 2715 911 φῶς
2739 842 2836 896 τοῦ
2859 843 3089 914 κόσμου.
3114 860 3133 893 ι
3167 838 3443 911 Πρότερον
3469 837 3630 901 ἅλας.

2048 938 2141 991 καὶ
2198 936 2318 990 τότε
2360 936 2497 1004 φῶς.
2539 937 2601 990 '0
2632 936 2740 1007 γὰρ
2792 936 3031 1005 ἐλέγχων
3057 933 3122 988 τὰ
3153 932 3341 1004 κρυφῆ
3384 933 3631 1002 πραττό-

2052 1047 2209 1101 μενα,
2239 1029 2446 1094 ἐκεῖνός
2477 1031 2595 1082 ἐστι
2636 1028 2773 1098 φῶς.
2813 1029 2928 1082 Πᾶν
2964 1010 3085 1098 ’γὰρ
3109 1027 3172 1080 τδ
3199 1026 3632 1097 φανερούμενον,

2050 1124 2164 1191 φῶς
2220 1124 2390 1176 ἐστιν.
2444 1123 2560 1177 Οὐκ
2615 1120 2769 1183 ἔθνος
2796 1119 2852 1174 δὲ
2878 1118 2937 1173 ἓν
2960 1118 3237 1190 ἐφώτισαν
3268 1110 3444 1181 οὗτοι,
3496 1117 3636 1171 ἀλλὰ

2050 1214 2142 1267 τὸν
2204 1212 2429 1283 κόσμον.
2459 1231 2478 1263 ι
2507 1210 2582 1264 Οὐ
2633 1211 2856 1264 δύναται
2912 1209 3069 1274 πόλις
3119 1208 3394 1279 κρυὸἧναι
3442 1207 3635 1260 ἐπάνω

2048 1308 2206 1377 ὅρους
2236 1307 2483 1376 κειμένη.
2521 1324 2540 1357 ι
2583 1303 2834 1358 Παιδεύει
2864 1302 3084 1365 αὐτοὺς,
3117 1301 3447 1370 ἐναγωνίους
3470 1295 3633 1362 εἶναι,

2052 1401 2146 1454 καὶ
2200 1399 2451 1470 ἀκριϐεῖς
2500 1399 2627 1470 περῖ⁹
2657 1398 2748 1452 τὸν
2795 1398 2931 1467 βίον,
2959 1396 3035 1460 ὡς
3070 1395 3221 1466 παρὰ
3266 1395 3487 1448 πάντων
3518 1394 3636 1465 βλέο

2051 1492 2249 1546 πεσθαι
2306 1493 2619 1564 μέλλοντας.
2650 1493 2743 1563 Μὴ
2778 1491 2887 1561 γὰρ
2914 1490 3200 1561 νομίσητε,
3245 1489 3433 1558 φησιν,
3459 1489 3543 1541 ὅτι
3574 1488 3635 1539 ἐν

2052 1588 2225 1657 γωνία
2276 1586 2641 1658 κρυϐήσεσθε,
2677 1585 2812 1640 ἀλλὰ
2852 1584 3206 1655 περίϐλεπτοι
3238 1580 3454 1643 ἔσεσθε,
3488 1580 3636 1634 ὥστε

2055 1679 2282 1749 βλέπετε
2320 1680 2435 1742 πῶς
2466 1677 2715 1750 ἁμὼμως
2759 1677 3016 1749 ζήσεσθε,
3069 1675 3155 1728 ἴνα
3192 1675 3267 1748 μὴ
3296 1674 3390 1728 καὶ
3410 1672 3637 1740 ἐτέρους

2056 1772 2466 1842 σκανδαλίζητε.

2146 1867 2309 1920 «Οὐδὲ
2341 1867 2557 1919 καίουσι
2582 1864 2798 1934 λύχνον,
2829 1863 2920 1916 καὶ
2942 1860 3306 1915 τιθέασινύπδ
3332 1859 3394 1913 τὸ
3425 1858 3637 1929 μόδιον,

2050 1959 2167 2013 ἀλλ’
2205 1958 2297 2011 ἐπὶ
2336 1960 2437 2026 τὴν
2481 1958 2723 2027 λυχνίαν,
2787 1955 2882 2009 καὶ
2926 1955 3133 2023 λάμπει
3161 1956 3295 2008 πᾶσι
3338 1955 3449 2016 τοῖς
3475 1952 3535 2004 ὲν
3564 1955 3636 2021 τῇ

2048 2052 2219 2121 οἰκία.
2259 2070 2277 2101 ι
2332 2049 2474 2119 Ἐγὼ
2525 2050 2645 2121 μὲν,
2692 2049 2879 2117 φησιν,
2936 2042 3053 2118 ἦψα
3096 2046 3156 2099 τὸ
3202 2045 3340 2114 φῶς,
3386 2044 3527 2097 τὸδὲ
3557 2045 3637 2111 μὴ

2051 2145 2341 2213 σϐεσθῆναι
2359 2143 2455 2214 τὴν
2479 2142 2658 2213 χάριν,
2684 2141 2784 2210 τῆς
2810 2140 3080 2209 ὑμετέρας
3114 2137 3255 2191 ἕττω
3282 2136 3637 2204 σπουδῆς-,ὼς

2051 2239 2118 2291 ἂν
2154 2238 2244 2291 καὶ
2268 2240 2378 2300 τοῖς
2409 2236 2588 2299 ἄλλοις
2613 2234 2807 2304 λάμπῃ
2830 2234 2862 2301 ἡ
2893 2232 3213 2302 λαμπρότης
3246 2229 3340 2283 τοῦ
3363 2228 3638 2299 ὑμετέρου

2053 2328 2188 2400 βίου.
2229 2328 2363 2398 Φησὶ
2386 2327 2514 2395 γοῦν
2556 2344 2571 2359 ο
2810 2324 2813 2327 ’

2128 2419 2319 2475 (Οὕτω
2348 2418 2620 2489 λαμψάτω
2648 2417 2707 2472 τὸ
2729 2418 2843 2490 φῶς
2869 2416 3046 2489 ὑμῶν,
3079 2416 3392 2487 ἔμπροσθεν
3415 2414 3524 2467 τῶν
3540 2414 3641 2466 άν-

2051 2515 2309 2585 θρώπων,
2369 2513 2519 2576 ὅπως
2576 2510 2759 2565 ἴδωσιν
2814 2510 2968 2581 ὑμῶν
3002 2510 3073 2563 τὰ
3122 2510 3265 2563 καλὰ
3320 2509 3481 2579 ἔργα,
3539 2504 3642 2557 καὶ

2049 2586 2313 2672 δοξάσωσι
2370 2605 2463 2657 τὸν
2518 2606 2736 2677 Πατέρα
2763 2605 2917 2674 ὑμῶν
2953 2604 3044 2671 τον
3077 2605 3134 2655 ὲν
3164 2604 3276 2665 τοῖς
3308 2601 3565 2671 οὐρανοῖς
3614 2616 3634 2650 ι

2049 2701 2165 2753 Οὐκ
2186 2696 2357 2761 εἶπεν,
2380 2697 2665 2767 ὅτιὙμεῖς
2699 2697 3068 2751 ὲπιδεικνύετε
3098 2695 3197 2767 τὴν
3225 2693 3426 2764 ἀρετὴν
3458 2691 3645 2763 (τοῦτο

2049 2792 2160 2863 γὰρ
2186 2792 2247 2846 οὐ
2277 2791 2488 2862 καλὸν),
2519 2791 2635 2845 ἀλλ’
2667 2789 2856 2860 ἐκείνη
2887 2792 3025 2860 μόνη
3053 2790 3345 2860 λαμψάτω,
3364 2786 3505 2838 ὥστε
3542 2784 3641 2836 καὶ

2046 2885 2172 2947 τοὺς
2221 2882 2449 2954 ἐχθροὺς
2511 2880 2667 2950 ὑμῶν
2728 2880 3046 2949 θαυμάζειν,
3097 2877 3190 2931 καὶ
3236 2875 3503 2941 δοξάζειν,
3539 2875 3642 2941 οὐχ

2048 2976 2215 3045 ὑμᾶς,
2247 2974 2382 3027 ἀλλὰ
2405 2974 2497 3026 τον
2524 2971 2743 3042 Πατέρα
2768 2971 2948 3040 ὑμῶν.
2979 2971 3145 3022 ’Ὥστε
3179 2968 3276 3020 ἐὰν
3302 2967 3645 3034 πράττοιμεν

2047 3068 2274 3136 ἀρετὴν,
2347 3068 2428 3130 είς
2489 3065 2649 3131 δὸξαν
2699 3065 2777 3117 δεῖ
2820 3062 2915 3117 τοῦ
2947 3061 3082 3115 Θεοῦ
3106 3060 3312 3131 ταύτην
3344 3054 3643 3128 πράττειν,

2048 3163 2149 3216 οὐκ
2177 3163 2253 3224 εἰς
2284 3160 2588 3230 ἡμετέραν.

2125 3254 2258 3324 «Mi;
2285 3252 2569 3322 νομίσητε,
2619 3250 2702 3303 ὅτι
2735 3243 2898 3318 ἦλθον
2942 3243 3251 3299 καταλῦσαι
3310 3243 3401 3295 τον
3461 3243 3635 3310 νόμον

2050 3345 2084 3415 ἢ
2111 3345 2237 3408 τοὺς
2297 3343 2599 3414 προφήτας·
2645 3341 2746 3393 οὐκ
2771 3335 2936 3409 ἦλθον
2967 3337 3293 3401 καταλῦσαι,
3346 3334 3484 3389 ἀλλὰ
3513 3336 3647 3403 πληο

2054 3437 2286 3505 ρῶσαι.ι
2366 3433 2587 3503 Ἐπειδὴ
2639 3430 2866 3501 ἔμελλεν
2925 3429 3089 3492 αὐτὸς
3146 3428 3345 3498 νόμους
3396 3427 3645 3492 εἰσάγειν

2049 3528 2293 3591 καινοὺς,
2347 3526 2435 3578 ἵνα
2468 3526 2542 3593 μὴ
2589 3522 2884 3591 νομίσωσιν
2912 3521 2993 3572 ὅτι
3013 3518 3259 3581 ἀντίθεος
3295 3520 3435 3580 ἐστι,
3462 3518 3602 3587 φησὶ
3623 3553 3641 3577 ,

2050 3617 2479 3690 προθεραπεύων
2514 3615 2612 3684 τὴν
2651 3613 2759 3665 τῶν
2791 3610 3003 3665 πολλῶν
3054 3610 3345 3678 ὑπόληψιν,
3397 3612 3480 3662 ὅτι
3507 3610 3628 3662 03x

2048 3711 2213 3780 ἦλθον
2245 3707 2548 3763 καταλῦσαι
2574 3706 2662 3759 τὸν
2693 3706 2880 3773 νόμον,
2909 3702 3045 3756 ἀλλὰ
3084 3701 3288 3772 μᾶλλον
3318 3700 3637 3772 πληρῶσαι.

2050 3806 2174 3867 Πῶς
2203 3803 2257 3855 δὲ
2299 3802 2588 3871 ἐπλήρωσε
2615 3815 2629 3863 ;
2666 3798 2882 3866 πρῶτον
2918 3796 3017 3866 μὲν
3043 3796 3151 3858 ὅτι,
3173 3796 3273 3847 ὅσα
3304 3789 3461 3846 εἷπον
3506 3794 3643 3860 περὶ

2047 3895 2215 3952 αὐτοῦ
2241 3897 2289 3948 οἱ
2323 3893 2623 3965 προᾳῆται.
2662 3890 2907 3959 ἐποίησε.
2939 3887 3031 3940 Διὸ
3056 3888 3148 3939 καὶ
3170 3889 3199 3939 ὁ
3230 3887 3368 3953 εὑαγ
3385 3886 3645 3957 γελιστὴς

2049 3988 2307 4059 συχνάκις
2379 3986 2525 4051 λέγει
2549 4001 2564 4014 ⁸
2590 4003 2608 4034 ι
2649 3984 2767 4036 Ἵνα
2817 3982 3079 4051 πληρωοῇ
3110 3982 3174 4032 τὸ
3206 3980 3370 4051 ῥηθὲν
3416 3980 3508 4032 διὰ
3545 3979 3647 4033 τοῦ

2046 4080 2348 4150 προφήτου.
2371 4098 2391 4130 ι
2441 4076 2602 4130 Ἀλλά
2636 4077 2730 4128 καὶ
2756 4075 2852 4137 τὰς
2883 4075 2974 4129 τοῦ
3005 4075 3173 4143 νόμου
3199 4072 3424 4136 ἐντολὰς
3456 4072 3642 4135 πάσας

2045 4172 2389 4241 ἐπλήρωσεν.
2457 4188 2476 4221 ι
2524 4167 2830 4238 Ἀμαρτίαν
2876 4166 2985 4238 γάρ
3028 4167 3130 4219 οὐκ
3168 4165 3453 4233 ἐποίησεν,
3514 4163 3644 4217 οὐδὲ

2042 4263 2244 4333 εὑρέθη
2304 4262 2453 4325 δόλος
2494 4261 2552 4314 ἐν
2578 4259 2656 4330 τῷ
2681 4260 2913 4329 στόματι
2940 4257 3127 4312 αὐτοῦ.
3156 4278 3173 4310 ι
3227 4260 3335 4312 Καὶ
3362 4258 3542 4321 ἄλλως
3583 4257 3646 4310 δὲ

2044 4357 2330 4427 ἐπλήρωσε
2374 4353 2466 4407 τὸν
2497 4354 2683 4423 νόμον,
2733 4351 3034 4415 τουτέστιν,
3065 4352 3458 4423 ἀνεπλήρωσεν
3482 4367 3496 4380 ⁶
3535 4351 3643 4405 ὅσα

2041 4453 2151 4521 γάρ
2181 4452 2387 4512 ἐκεῖνος
2407 4449 2755 4518 ἐσκιαγρὰφη
2767 4465 2843 4508 τε,
2877 4444 3052 4499 ταῦτα
3070 4439 3226 4508 οὗτος
3260 4445 3480 4507 τελείως
3497 4444 3639 4507 ἐζω-

355 4552 575 4606 cunque
612 4536 726 4607 26
762 4537 907 4591 enim
941 4535 1026 4589 illa
1064 4535 1426 4596 adumbravit,
1477 4549 1540 4588 ca
1581 4534 1670 4589 llic
1705 4534 1940 4602 perfecte

2047 4544 2342 4613 γράφησεν.
2378 4541 2611 4601 Ἐκεῖνος
2646 4540 2727 4602 τὸ,
2758 4557 2777 4588 ι
2820 4537 2910 4607 Μὴ
2942 4536 3210 4610 φονεύσῃς
3241 4555 3254 4566 ·
3307 4556 3325 4589 ι
3357 4530 3537 4600 οὗτος,
3581 4535 3649 4586 τὸ

355 4628 626 4699 depinxit.
683 4628 775 4683 llla
829 4628 1000 4690 dixit,
1055 4647 1074 4678 ι
1120 4625 1197 4681 Nc
1253 4626 1473 4681 occidas
1524 4645 1540 4681 :

356 4723 514 4789 dixit,
555 4722 631 4777 Ne
677 4732 880 4776 temere
934 4719 1214 4775 irascaris.
1272 4718 1426 4772 Sicut
1484 4729 1539 4774 ct
1595 4719 1774 4788 pictor
1834 4734 1939 4773 non

356 4817 656 4884 corrumpit
689 4816 1020 4869 lineamenta
1054 4812 1255 4882 prima,
1293 4810 1387 4865 sed
1418 4812 1592 4880 magis
1621 4811 1860 4866 illustrat
1887 4821 1942 4868 et

355 4908 638 4977 adimplet.

430 5000 594 5054 Vsus.
639 5000 726 5055 l8.
768 5017 789 5051 ι
836 4999 1008 5052 Amen
1042 4996 1167 5050 dico
1194 4995 1374 5051 vobis.
1427 5014 1445 5047 ι
1489 4995 1659 5049 Amen
1701 4995 1939 5048 atlirma-

353 5094 460 5146 tira
502 5092 765 5163 particula
806 5098 893 5145 est
933 5104 1067 5156 pro,
1097 5087 1274 5142 Etiam
1312 5086 1438 5140 dim
1479 5086 1651 5140 vobis.
1695 5106 1716 5138 ι
1759 5087 1936 5141 Donec

352 5193 643 5254 pt'a'teteat
670 5183 870 5236 cmlnm
896 5192 950 5232 ct
983 5188 1153 5242 terra,
1182 5179 1287 5232 iota
1317 5194 1484 5232 nnmn
1514 5190 1603 5232 aut
1634 5194 1769 5247 apex
1798 5194 1938 5234 unus

348 5291 458 5329 non
484 5275 785 5344 pneteribit
808 5289 874 5327 ex
903 5272 1044 5341 lege,
1071 5272 1252 5341 quoad
1275 5271 1458 5326 omnia
1483 5270 1621 5325 facta
1655 5272 1875 5327 Inc-rint.
1909 5289 1929 5324 ι

347 5366 599 5421 Ostendit
639 5366 748 5429 hic,
781 5365 927 5435 quod
963 5365 1196 5418 mundus
1226 5364 1464 5433 pra‘tcrit
1495 5374 1549 5419 ct
1580 5364 1936 5433 transﬁgura-

352 5470 460 5515 tnr.
507 5457 643 5514 Dicit
680 5459 845 5529 igitur
869 5459 1014 5528 quod
1038 5457 1294 5527 quamdiu
1320 5459 1571 5513 subsistit
1591 5445 1930 5521 universum,

349 5565 527 5621 neque
566 5550 791 5605 minima
833 5550 1012 5604 littera
1047 5565 1079 5602 e
1113 5549 1231 5621 lege
1270 5549 1546 5605 transibit.
1582 5548 1684 5603 Alii
1725 5558 1931 5612 autem,

349 5645 458 5699 iota
492 5652 546 5698 et
580 5644 789 5713 apicem
838 5644 1026 5700 decem
1072 5642 1211 5714 legis
1254 5649 1527 5713 prmeepta
1578 5640 1786 5699 dicunt,
1842 5637 1933 5690 alii

346 5748 529 5794 autem
554 5753 807 5804 crucem;
840 5755 963 5796 nam
1001 5739 1184 5797 crucis
1214 5740 1322 5795 iota
1352 5747 1436 5795 cst
1464 5746 1671 5793 rectum
1704 5735 1929 5804 ligmnn,

427 5917 470 5949 “
502 5919 524 5975 ι
562 5918 706 5973 Pctr.
746 5935 805 5987 ιι,
839 5919 925 5974 22.

1602 4644 1620 4677 ³
1673 4626 1762 4681 hic
1812 4642 1941 4681 vero
1980 4628 2196 4707 υΜηδὲ
2245 4633 2504 4704 θυμωθῇς
2553 4632 2698 4702 εἰκῆ.
2756 4632 2970 4700 Ὥσπερ
3023 4632 3172 4684 καὶὸ
3202 4630 3520 4701 ζωγράφος,
3574 4628 3641 4680 οὗ

2050 4728 2309 4784 καταλύει
2325 4727 2424 4796 τὴν
2456 4723 2847 4794 σκιαγραφίαν,
2882 4722 3021 4779 ἀλλᾶ
3053 4722 3263 4792 μᾶλλον
3294 4721 3634 4791 ἀναπληροῖ.

2126 5012 2145 5044 ι
2183 4990 2357 5060 Ἀμὴν
2393 4988 2503 5056 γὰρ
2554 4987 2696 5055 λέγω
2725 4988 2907 5057 ὑμῖν.»
2938 4985 3011 5038 Τὸ
3051 4984 3247 5055 ’Λμὴν,
3276 4985 3645 5055 βεεαιωτικῦν

2037 5087 2216 5149 ἐστιν,
2243 5082 2365 5137 ἀντὶ
2385 5080 2503 5143 τοῦ,
2529 5080 2637 5134 Ναὶ
2663 5080 2805 5148 λέγω
2832 5079 2981 5148 ὑμῖν.
3013 5097 3030 5129 ι
3060 5079 3206 5142 Ἕως
3231 5078 3298 5132 ἂν
3326 5079 3582 5150 παρέλθῃ
3611 5081 3642 5131 ὀ

2044 5175 2275 5243 οὖρανδς
2306 5172 2400 5225 καὶ
2427 5172 2460 5240 ἡ
2490 5170 2586 5238 γῆ,
2624 5170 2758 5223 ίῶτα
2778 5170 2835 5221 ἒν
2859 5168 2892 5238 ἢ
2918 5168 3015 5240 μία
3067 5169 3264 5237 κεραία
3297 5168 3359 5221 οὐ
3392 5170 3468 5240 μὴ
3494 5186 3644 5236 παρ·

2044 5269 2175 5338 ἐλθῃ
2210 5264 2322 5319 ἀπὸ
2345 5263 2439 5317 τοῦ
2500 5263 2689 5331 νόμου,
2724 5262 2830 5324 ἕως
2861 5261 2929 5314 ἂν
2959 5261 3138 5312 πάντα
3159 5261 3413 5331 γένηται.
3451 5277 3469 5311 ι
3507 5261 3559 5335 Ag
3585 5260 3640 5311 ίο

2043 5377 2233 5414 κνυσιν
2273 5356 2508 5411 ἐνταῦθα
2532 5356 2613 5408 ὅτι
2643 5356 2675 5407 ὁ
2706 5356 2912 5423 κόσμος
2948 5354 3289 5424 παρέρχεται
3323 5350 3418 5406 καὶ
3454 5368 3638 5421 μετα-

2042 5450 2466 5524 σχηματίζεται.
2524 5448 2689 5516 Λέγει
2755 5446 2936 5500 τοίνυν
2972 5447 3054 5499 ὅτι
3078 5446 3183 5506 ἕως
3206 5439 3269 5499 οὗ
3305 5444 3640 5498 συνίσταται

2040 5548 2104 5600 τὸ
2150 5546 2282 5609 πᾶν,
2331 5542 2456 5595 οὐδὲ
2509 5542 2570 5594 τὸ
2602 5540 2889 5610 ἐλάχιστον
2941 5538 3182 5609 γράμμα
3213 5538 3279 5591 ἐκ
3305 5536 3400 5592 τοῦ
3460 5537 3637 5607 νόμου

2046 5636 2328 5707 παρέλθοι.
2392 5635 2579 5688 Ἀλλοι
2611 5632 2668 5687 δὲ
2696 5633 2758 5685 τὸ
2782 5631 2917 5686 ίῶτα
2958 5631 3055 5685 καὶ
3105 5630 3206 5701 τὴν
3233 5627 3485 5701 κεραίαν,
3532 5629 3636 5691 τὰς

2040 5730 2172 5783 δέκα
2198 5726 2292 5782 τοῦ
2318 5727 2486 5799 νόμου
2504 5724 2723 5789 ἐντολάς
2753 5740 2938 5795 φασιν·
2975 5721 3126 5778 ἄλλοι
3145 5722 3223 5783 δὲ.
3248 5721 3338 5776 τὸν
3368 5720 3630 5790 σταυρόν
