4078 6464
366 338 464 401 1ῧό
988 330 1445 394 ΕΝΑΒΒΑΉΟ
1490 331 1567 390 ΙΝ
1610 329 1980 392 EVANGEH

2083 329 2119 388 ιι
2153 324 2519 387 ΜΑΤΤΗᾹΞΙ
2574 349 2644 360 ·-
2667 323 2827 386 CAP.
2868 326 2932 388 ν.
3507 321 3610 390 194

353 451 446 505 τοῦ
505 448 614 518 γάρ
677 442 933 516 σταυροῦ,
997 443 1135 498 ιῶτά
1180 445 1299 498 ἐστι
1332 444 1394 497 τὸ
1421 444 1581 511 ὀρθὸν
1627 443 1803 508 ξύλον,
1840 442 1980 501 καὶ]

2083 452 2091 494 i
2125 455 2259 509 apex
2295 450 2670 492 transversum
2704 453 2717 491 :
2749 453 2856 506 quo
2887 452 3047 493 sensu
3076 435 3205 493 dicit
3229 436 3372 508 quod
3400 449 3463 492 ea
3495 452 3615 508 quae

354 541 549 611 xcpaia
573 539 638 591 τὸ
663 537 908 606 πλάγιον.
960 537 1100 607 Φησὶ
1150 538 1328 589 τοίνυν
1381 537 1464 589 ὅτι
1499 537 1567 590 τὰ
1627 536 1757 604 περὶ
1819 532 1916 586 τοῦ

2083 550 2104 587 e
2129 548 2292 587 crure
2332 532 2654 595 dictasnnt,
2697 530 3080 598 implebuntur.

357 628 589 699 σταυροῦ
623 627 909 699 είρημένα,
942 625 1385 699 πληρωθήσεται.

427 742 447 774 ι
478 725 577 784 "0.;
615 722 707 775 ἐὰν
736 715 830 774 οὖν
860 718 999 794 λύσῃ
1032 719 1163 790 μίαν
1188 721 1298 773 τῶν
1329 718 1561 774 ἐντολῶν
1591 717 1799 772 τούτων
1821 717 1930 771 τῶν

2108 730 2272 784 Vens.
2307 749 2324 781 ι
2356 730 2441 786 l9.
2470 728 2726 799 Quisquis
2755 729 2919 799 igitur
2934 728 3155 783 solverit
3177 745 3341 785 unum
3371 743 3436 786 ex
3466 744 3616 784 man-

353 815 673 885 ἐλαχίστων,
723 812 820 866 καὶ
868 809 1057 884 διδάξῃ
1085 812 1230 867 οὕτω
1259 815 1388 879 τοὺς
1421 812 1770 884 ἀνθρώπους,
1807 811 1933 865 ἐλά-

2083 822 2180 877 atis
2207 823 2290 877 bis
2319 822 2578 885 minimis,
2611 831 2665 875 et
2689 822 2934 876 docuerit
2961 822 3039 877 sic
3066 822 3335 887 homines,
3360 824 3617 878 minimus

354 924 535 977 χιστος
594 904 932 976 κληθήσεται
962 905 1022 957 έν
1051 906 1119 977 τῇ
1154 903 1406 977 βασιλείᾳ
1451 904 1563 959 τῶν
1604 903 1873 975 οὐρανῶν.
1912 921 1932 956 ι

2083 919 2321 975 ocabitur
2363 920 2417 975 in
2466 934 2634 987 regno
2681 917 2969 973 cmlorum.
3033 935 3053 969 ι
3106 916 3326 973 Minium
3367 919 3619 975 mandata

366 1001 691 1071 Ἐλαχίστας
747 998 971 1062 ἐντολὰς
1026 997 1199 1067 λέγει,
1234 996 1301 1063 ἃς
1334 998 1519 1070 μέλλει
1544 1000 1706 1063 αύτδς
1755 1015 1936 1067 παρα-

2083 1011 2190 1075 icit,
2223 1027 2343 1079 qua:
2373 1011 2487 1080 ipse
2517 1010 2814 1065 traditurus
2844 1018 2992 1078 erat,
3031 1024 3136 1065 non
3184 1009 3399 1081 legalia.
3431 1009 3620 1067 Nomi—

351 1095 534 1150 δοῦναι
564 1108 580 1124 ·
609 1093 671 1146 ού
718 1093 828 1164 γάρ
880 1091 979 1155 τὰς
1040 1092 1294 1161 νομικὰς.
1348 1090 1719 1163 Ὀνομάζειδὲ
1768 1091 1940 1155 αὐτάς

2083 1116 2139 1157 al
2169 1114 2349 1159 autem
2393 1118 2457 1159 ea
2498 1104 2748 1168 minima,
2785 1112 3008 1174 propter
3040 1101 3399 1158 humilitatem
3434 1120 3452 1161 :
3484 1112 3539 1157 ut
3569 1115 3623 1159 et

355 1186 663 1257 ἐλαχίστας,
729 1184 819 1238 διὰ
868 1184 1201 1238 ταπείνωσιν
1231 1222 1246 1247 ,
1301 1181 1389 1235 ἵνα
1435 1183 1529 1236 καὶ
1564 1183 1624 1236 σὲ
1675 1182 1938 1254 παιδεύσῃ

2083 1211 2097 1249 ι
2132 1195 2363 1250 instruat
2404 1195 2648 1250 modeste
2679 1195 2923 1250 docendo
2951 1193 3123 1265 loqui.
3156 1192 3413 1250 Minimus
3441 1206 3622 1250 autem

358 1279 777 1349 μετριοφρονεῖν
827 1276 922 1328 ἐπὶ
947 1278 1070 1339 ταῖς
1100 1274 1498 1338 διδασκαλίαις.
1538 1274 1856 1346 Ἐλάχιστος
1883 1275 1941 1330 δὲ

2083 1289 2332 1343 ocabitur
2359 1287 2414 1342 in
2444 1302 2634 1357 regno,
2669 1287 2770 1343 hoc
2810 1296 2916 1351 est,
2958 1286 3012 1343 in
3059 1286 3457 1344 resurrectione
3502 1288 3627 1341 ulti-

354 1370 691 1439 κληθήσεται
714 1371 772 1421 ἐν
791 1370 857 1440 τῇ
894 1367 1172 1440 βασιλείᾳ,
1220 1369 1341 1421 ἀντὶ
1364 1367 1486 1439 τοῦ,
1526 1369 1584 1421 ὲν
1606 1370 1672 1439 τῇ
1707 1368 1945 1423 ἀναστά-

2083 1394 2170 1434 ius
2222 1388 2275 1435 et
2305 1377 2546 1446 abjecms
2572 1379 2625 1434 in
2646 1380 2951 1450 gehennam
2982 1393 3124 1435 :non
3154 1380 3297 1434 enim
3323 1380 3375 1433 in
3404 1393 3626 1449 regnum

358 1479 436 1515 σει
470 1461 704 1532 ἔσχατος
748 1461 841 1513 καὶ
895 1458 1317 1531 ἁπερῤιμμένος
1349 1460 1430 1524 είς
1456 1459 1701 1528 γέενναν.
1735 1460 1811 1514 ού
1835 1459 1945 1531 γάρ

2083 1471 2306 1526 celerum
2338 1471 2694 1540 ingredietur,
2736 1486 2938 1543 apage;
2994 1472 3088 1526 sed
3120 1486 3344 1541 regnum
3375 1485 3627 1527 resurre-

354 1554 547 1623 εἰςτὴν
582 1552 866 1622 βασιλείαν
896 1551 1006 1604 τῶν
1038 1552 1284 1622 οὐρανῶν
1319 1551 1713 1615 εἰσελεύσεται,
1741 1551 1944 1620 ἄπαγε’

2083 1563 2280 1618 tionem
2306 1562 2562 1633 intelligo.
2599 1580 2618 1615 ι
2655 1562 2914 1631 Quisquis
2943 1560 3335 1618 autem‘fecerit
3361 1571 3415 1617 et
3431 1561 3631 1617 docue-

357 1645 492 1699 ἀλλὰ
557 1643 845 1714 βασιλείαν
867 1684 883 1709 ,
946 1643 1046 1713 τὴν
1098 1643 1398 1696 ἀνάστασιν
1453 1643 1582 1696 νόει.
1617 1661 1638 1695 t
1669 1644 1767 1707 Ὃς
1797 1642 1842 1697 δ’
1880 1641 1948 1697 ἂν

2083 1657 2153 1715 it,
2215 1653 2304 1709 hic
2352 1667 2581 1723 magnus
2636 1654 2922 1716 vocabitur
2976 1654 3030 1707 in
3073 1667 3239 1723 regno
3284 1652 3564 1709 cmlorum.
3604 1673 3622 1706 ι

358 1740 558 1809 ποιήσῃ
614 1738 711 1791 καὶ
751 1734 958 1807 διδάξῃ,
989 1728 1145 1799 οὗτος
1204 1734 1380 1807 μέγας
1424 1735 1760 1807 κληθήσεται
1793 1737 1851 1789 ὲν
1877 1737 1943 1806 τῇ

2083 1746 2295 1801 'rimum
2328 1744 2499 1815 ponit,
2531 1742 2723 1800 fecerit
2757 1763 2771 1800 :
2809 1755 3017 1815 postea,
3053 1745 3320 1809 docuerit,
3360 1746 3632 1815 quomodo

356 1833 614 1904 βασιλείᾳ
634 1832 742 1885 τῶν
770 1829 1067 1903 οὐρανῶν.»
1103 1830 1330 1902 Πρῶτον
1352 1830 1435 1899 τὸ,
1466 1833 1686 1909 ποιήσῃ,
1715 1832 1808 1885 καὶ
1824 1831 1947 1885 τότε
1973 1818 1980 1877 ἶ

2085 1837 2193 1892 nim
2230 1835 2393 1890 alium
2429 1836 2681 1890 inducam
2717 1835 2769 1891 in
2802 1836 2941 1890 viam
2962 1876 2977 1902 ,
3011 1851 3114 1906 qua
3146 1852 3419 1908 nunquam
3450 1824 3633 1894 trans-

358 1927 437 1991 τὴ,
469 1924 666 1996 διδάξῃ
699 1940 713 1955 ·
761 1923 881 1986 πῶς
915 1923 1025 1996 γὰρ
1067 1922 1227 1977 ἄλλον
1256 1923 1507 1995 ὁδηγήσω
1542 1924 1624 1988 είς
1642 1924 1760 1977 ὁδὸν
1789 1925 1855 1995 ἢν
1883 1924 1946 1978 ού

2083 1927 2163 1980 ri?
2199 1928 2466 1982 Caeterum
2496 1926 2541 1981 si
2572 1925 2772 1993 fecero,
2823 1937 2877 1981 et
2933 1942 3038 1982 non
3087 1928 3345 1993 docuero,
3394 1943 3499 1983 non
3530 1930 3632 1985 ha-

358 2019 670 2086 διώδευσας
731 2018 906 2074 Πάλιν
935 2018 991 2072 δὲ
1032 2016 1127 2073 ὲάν
1158 2017 1296 2071 ποιῶ
1326 2017 1427 2088 μὲν
1460 2016 1593 2088 ἐγὼ,
1623 2019 1686 2072 ού
1710 2018 1949 2072 διδάσκω

2083 2021 2191 2075 cbo
2224 2030 2430 2074 tantam
2469 2020 2774 2075 mercedem
2804 2037 2817 2074 :
2844 2035 2986 2089 sa‘pe
3019 2020 3184 2074 etiam
3217 2031 3272 2076 et
3304 2023 3637 2076 condemna-

358 2112 434 2175 δὲ,
471 2111 573 2164 ούκ
608 2110 718 2181 ἔχω
748 2109 1002 2163 τοσοῦτον
1036 2107 1227 2180 μισθόν
1248 2125 1261 2138 '
1301 2108 1560 2172 πολλάκις
1578 2109 1634 2163 δὲ
1660 2111 1756 2163 καὶ
1776 2109 1947 2164 κατά-

2083 2115 2276 2180 ioncm,
2298 2116 2341 2169 si
2365 2114 2581 2184 quando
2603 2124 2825 2184 prepter
2846 2114 3105 2169 invidiam
3136 2115 3216 2171 vel
3250 2113 3633 2185 negligentiam

364 2222 566 2274 κρισιν,
605 2204 735 2257 ὃταν
758 2202 849 2256 διὰ
881 2201 1131 2272 φθόνονῆ
1156 2201 1314 2255 ὄκνον
1341 2201 1401 2254 οὐ
1424 2200 1681 2257 διδάσκω.

2083 2223 2161 2260 non
2194 2212 2450 2261 docuero.

439 2315 456 2345 ι
484 2297 654 2364 Λέγω
686 2295 797 2365 γάρ
845 2295 978 2365 ὑμῖν
1020 2295 1105 2347 ὅτι
1132 2293 1229 2348 ἐὰν
1262 2293 1339 2365 μὴ
1365 2292 1708 2365 περισσεύσῃ
1734 2292 1890 2364 ὑμῶν
1916 2295 1951 2365 ή

2129 2296 2292 2353 Vsus.
2329 2297 2419 2354 20.
2460 2318 2479 2351 ι
2522 2284 2657 2355 Dico
2695 2298 2840 2354 enim
2875 2282 3030 2353 vobis
3060 2298 3202 2368 quod
3248 2300 3351 2355 nisi
3397 2301 3639 2355 abunda-

362 2388 683 2455 δικαιοσύνη
726 2388 889 2441 πλέον
917 2386 1030 2440 τῶν
1059 2386 1449 2457 Γραμματέων
1485 2385 1578 2439 καὶ
1620 2385 1953 2456 Φαρισαίων,

2083 2393 2197 2447 'erit
2223 2391 2431 2460 iustitia
2461 2403 2636 2447 vestra
2669 2392 2788 2462 plus
2823 2406 2983 2462 quam
3023 2389 3334 2447 Scribarum
3366 2405 3419 2447 et
3453 2393 3642 2449 Phari-

365 2479 424 2531 ού
456 2479 533 2548 μὴ
564 2477 850 2547 εἰσέλθητε
914 2477 995 2541 είς
1044 2476 1143 2548 τὴν
1184 2475 1463 2546 βασιλείαν
1483 2474 1593 2529 τῶν
1629 2474 1898 2547 οὐρανῶν.
1932 2493 1951 2527 ι

2083 2500 2323 2549 ratorum,
2379 2498 2484 2539 non
2542 2484 2821 2539 intrabitis
2877 2483 2930 2537 in
2984 2498 3208 2555 regnum
3272 2484 3554 2540 caelorum.
3612 2503 3634 2538 ι

365 2570 730 2640 Δικαιοσύνην
748 2569 1008 2640 λέγειτὴν
1036 2570 1216 2623 πᾶσαν
1242 2568 1441 2640 ἀρετήν
1460 2586 1474 2600 ·
1490 2567 1566 2630 ὡς
1587 2567 1668 2631 τὸ,
1694 2585 1715 2619 t
1741 2568 1959 2630 Δίκαιος

2083 2572 2330 2627 iustitiam
2367 2571 2497 2628 dicit
2525 2586 2742 2626 omnem
2790 2572 3046 2626 virtutem
3087 2590 3100 2625 :
3139 2574 3281 2627 sicut
3310 2582 3364 2626 ct
3404 2588 3525 2628 cum
3555 2573 3637 2628 di-

367 2655 433 2730 ἦν
468 2658 620 2725 Ἰὼϐ,
673 2660 845 2725 ὅσιος,
883 2659 1232 2730 ἄμεμπτος.»
1277 2656 1472 2728 Φρίξον
1502 2646 1616 2722 οὖν,
1673 2657 1949 2729 ἄνθρωπε,

2083 2665 2222 2731 :itur,
2252 2665 2438 2720 Justus
2467 2673 2584 2720 erat
2608 2662 2732 2728 Job,
2772 2662 2914 2734 pius,
2949 2664 3464 2731 irrcprcheusibilis.
3498 2664 3640 2720 lior-

369 2754 638 2823 έννοήσας
669 2752 836 2807 πόσον
886 2748 1295 2821 άπαιτούμεθα.
1357 2744 1491 2804 Εἶτα
1522 2749 1761 2804 διδάσκει
1791 2751 1959 2819 ἡμᾶς,

2083 2772 2236 2822 'csce,
2272 2760 2456 2821 homo,
2504 2757 2945 2812 animadvertens
2980 2767 3177 2826 quanta
3223 2771 3251 2809 a
3284 2756 3441 2811 nobis
3486 2769 3642 2826 repe-

374 2845 485 2910 πῶς
514 2847 590 2900 ἂν
626 2843 1099 2917 περιττεύσωμενο
1159 2843 1253 2896 καὶ
1286 2841 1578 2910 καταλέγει
1610 2842 1709 2906 τάς
1737 2842 1958 2914 ἀρετάς.

445 3046 463 3078 ι
484 3025 795 3080 Ἠκούσατε
824 3024 907 3078 ὅτι
929 3020 1129 3095 έρρέθη
1146 3023 1255 3083 τοῖς
1275 3019 1543 3092 ἀρχαίοις·
1563 3019 1639 3074 Ού
1659 3018 1960 3090 φονεύσεις·

2066 2858 2272 2903 tantur.
2304 2848 2508 2903 Deinde
2540 2849 2698 2904 docet
2726 2863 2827 2904 nos
2860 2852 3135 2919 quomodo
3166 2848 3525 2915 abundemus,
3587 2857 3644 2905 et

2066 2952 2348 2998 enumerat
2383 2942 2633 2997 virtutes.

2141 3031 2309 3090 Vens.
2340 3033 2432 3088 21.
2464 3049 2482 3086 t
2520 3032 2759 3109 Audistis
2785 3034 2926 3102 quod
2952 3032 3156 3087 dictum
3183 3032 3253 3088 sit
3277 3030 3494 3101 priscis,
3523 3031 3646 3088 Non

374 3120 428 3183 ὃς
451 3119 495 3172 δ’
520 3119 596 3174 ἂν
620 3114 881 3188 φονεύσῃ,
914 3114 1096 3186 ἔνοχος
1129 3113 1282 3166 ἔσται
1313 3115 1381 3184 τῇ
1417 3115 1620 3183 κρίσει.
1648 3131 1668 3165 ι
1712 3112 1787 3166 Τὸ
1812 3112 1967 3184 παρὰ

413 3213 424 3225 ι
579 3208 738 3225 ..οιΑ
894 3209 906 3225 ι
948 3208 1005 3225 \I
1151 3208 1210 3225 nr
1248 3208 1347 3225 H9,
1416 3202 1561 3225 AY,A,_
1624 3206 1701 3225 ειμι
1772 3206 1833 3225 cn
1907 3206 1959 3225 ιη

2083 3126 2286 3183 rccides
2316 3142 2333 3194 ;
2367 3127 2615 3196 quisquis
2668 3135 2848 3180 autem
2899 3123 3192 3189 occiderit,
3239 3124 3505 3180 obnoxius
3544 3125 3649 3180 erit

375 3213 517 3276 τίνος
577 3208 803 3283 ὲρρέθη,
854 3209 915 3261 ού
948 3208 1117 3276 λέγει.
1150 3208 1213 3260 Εἰ
1244 3208 1355 3278 γὰρ
1409 3202 1586 3271 εἶπεν,
1622 3206 1707 3259 ὅτι
1772 3206 1834 3260 '0
1866 3206 1964 3276 μὲν

2083 3219 2290 3281 ιιιίιὶοἰο.
2332 3236 2354 3272 ι
2417 3218 2532 3274 lloc
2581 3234 2610 3273 a
2657 3228 2808 3273 certo
2859 3217 3093 3288 quodam
3133 3232 3254 3272 esse
3300 3217 3504 3272 dictum
3541 3232 3648 3273 non

380 3304 580 3372 Πατήρ
637 3316 740 3371 μου
770 3294 893 3352 εἷπε
922 3300 1042 3363 Δτοῖς
1093 3298 1365 3367 ἀρχαίοις,
1400 3295 1512 3363 ἐγὼ
1544 3296 1600 3350 δὲ
1630 3296 1772 3365 λέγω
1811 3296 1962 3366 ύμῖν,

379 3394 561 3458 ἔδοξεν
586 3393 652 3445 ἂν
681 3389 1117 3460 άντινομοθετεῖν
1145 3389 1222 3458 τῷ
1263 3387 1458 3458 Πατρί.
1515 3387 1684 3441 Πάλιν
1710 3389 1758 3439 εί
1789 3382 1964 3453 εἶπεν,

378 3486 458 3539 ὅτι
493 3483 642 3553 Ἐγὼ
668 3478 821 3536 εἷπον
850 3482 960 3543 τοῖς
987 3480 1254 3551 ἀρχαίοις,
1282 3470 1725 3550 δυσπαράδεκτος
1746 3479 1812 3533 ἂν
1842 3478 1966 3546 ἐγέ-

382 3594 525 3633 νετο.
545 3575 838 3645 ’Δορίστως
857 3572 950 3627 οὖν
972 3572 1142 3641 λέγει,
1158 3575 1238 3626 ὅτι
1265 3591 1283 3624 ι
1306 3570 1539 3644 Ἐρρέθη
1561 3574 1673 3634 τοῖς
1697 3571 1966 3642 ἁρχαίοιςο

381 3668 627 3721 δείκνυσι
653 3665 709 3718 δὲ
735 3664 819 3717 ὅτι
840 3663 1156 3733 ὲπαλαιώθη
1190 3664 1217 3715 ὁ
1240 3662 1421 3731 νόμος,
1456 3663 1513 3714 ἐν
1542 3660 1620 3731 τῷ
1652 3662 1848 3728 εἰπεῖν,
1885 3662 1969 3716 ὅτι

389 3777 408 3811 t
443 3755 683 3829 Ἐρρέθη
709 3756 821 3818 τοῖς
862 3754 1138 3825 ἀρχιίοιςθ
1173 3753 1297 3804 ὲπεὶ
1337 3753 1393 3804 δὲ
1417 3751 1604 3805 λοιπὸν
1623 3751 1968 3822 ὲπαλαιώθη,

392 3852 488 3905 καὶ
534 3849 704 3919 ἐγγύς
742 3849 888 3900 ἐστιν
915 3843 1250 3916 ἀφανισμοῦ,
1297 3844 1377 3897 δεῖ
1423 3844 1640 3912 ἀφεῖναι
1671 3843 1832 3897 αὑτὸν
1878 3845 1972 3898 καὶ

387 3944 620 4017 δραμεῖν
640 3941 735 3995 ἐπὶ
760 3941 831 3994 τὰ
861 3938 978 3994 νέα.
1023 3955 1045 3990 ιν

465 4151 486 4183 ι
522 4125 670 4197 Ἐγὼ
702 4125 760 4179 δὲ
803 4123 948 4191 λέγω
1009 4119 1158 4191 ύμῖν,
1186 4118 1268 4172 ὅτι
1309 4116 1416 4175 πᾶς
1439 4117 1467 4168 ὁ
1501 4114 1856 4185 ὀργιζόμενος
1896 4109 1975 4181 τῷ

393 4221 613 4291 άεελφῷ
667 4215 835 4271 αὑτοῦ
901 4214 1046 4283 είκῆ,
1106 4211 1288 4280 ἔνοχος
1340 4207 1495 4260 ἔσται
1527 4208 1595 4277 τῇ
1624 4205 1823 4276 κρίσει.
1856 4221 1874 4254 ι
1910 4203 1975 4256 Οί

398 4316 498 4386 μὲν
524 4313 804 4382 προφῆται
830 4306 1114 4376 μέλλοντες
1164 4298 1535 4373 προφητεύειν
1589 4298 1775 4366 ἔλεγον
1797 4312 1809 4325 ”
1835 4295 1975 4350 Τάδε

395 4408 546 4476 λέγει
576 4403 802 4474 Κύριος-
832 4400 862 4452 ό
886 4398 942 4451 δὲ
969 4394 1224 4467 Χριστὸς,
1253 4391 1396 4461 Ἐγὼ
1420 4391 1588 4459 λέγω,
1618 4388 1879 4443 δεικνύων
1915 4389 1978 4442 τὸ

2070 3309 2222 3365 dicit.
2275 3307 2332 3364 Si
2374 3308 2519 3363 enim
2559 3307 2806 3371 dixisset,
2859 3308 3002 3378 quod
3052 3308 3214 3363 Pater
3259 3324 3410 3365 meus
3451 3309 3652 3369 dixerit

2071 3402 2297 3472 priscis,
2333 3415 2434 3472 ego
2479 3412 2660 3455 autem
2702 3400 2824 3455 dico
2887 3399 3076 3465 vobis,
3113 3399 3283 3455 videri
3336 3408 3518 3470 posset
3562 3399 3651 3455 di-

2071 3508 2284 3550 versam
2340 3508 2370 3547 a
2420 3490 2584 3548 Patre
2634 3492 2805 3563 legem
2860 3506 3085 3563 ponere.
3134 3492 3332 3547 lterum
3375 3501 3556 3547 autem
3602 3492 3653 3549 si

2072 3584 2321 3649 dixisset,
2372 3583 2485 3654 Ego
2530 3583 2641 3639 dixi
2691 3584 2909 3654 priscis,
2961 3598 3107 3654 aegre
3165 3594 3420 3653 acceptus
3460 3582 3656 3639 fuisset

2072 3691 2273 3733 sermo.
2304 3675 2589 3732 lndefiuile
2628 3676 2794 3746 igitur
2819 3677 2976 3742 dixit,
3013 3677 3223 3731 Dictum
3251 3684 3336 3731 est
3366 3675 3604 3746 antiquis
3632 3691 3651 3735 :

2074 3784 2170 3840 per
2197 3771 2297 3824 hoc
2334 3778 2514 3824 autem
2548 3768 2692 3840 quod
2734 3769 2890 3833 dicit,
2925 3768 3128 3823 dictum
3159 3778 3239 3823 est
3271 3768 3531 3838 antiquis,
3563 3785 3657 3824 os-

2078 3864 2249 3917 tendit
2274 3863 2612 3931 antiqualam
2640 3876 2760 3919 esse
2801 3862 2972 3932 legem
3007 3880 3020 3916 :
3072 3846 3328 3932 quoniam
3357 3874 3535 3917 autem
3567 3879 3659 3917 vc-

2078 3963 2190 4008 tera
2225 3969 2370 4010 nunc
2397 3955 2675 4024 antiquata
2709 3962 2857 4018 sunt,
2892 3965 2943 4007 et
2978 3953 3147 4007 ferme
3174 3953 3394 4019 abolita,
3422 3964 3657 4024 oportet,

2077 4046 2293 4101 omissis
2324 4045 2451 4114 illis,
2480 4060 2702 4101 currere
2727 4048 2793 4100 ad
2825 4060 2985 4099 nova.

2150 4134 2316 4193 Vsus.
2347 4136 2440 4192 22.
2497 4155 2516 4190 ι
2565 4135 2677 4206 Ego
2718 4146 2897 4191 autem
2935 4136 3056 4190 uico
3105 4135 3286 4200 vobis,
3324 4133 3519 4191 Onmis
3566 4136 3659 4205 qui

2080 4229 2339 4285 irascitur
2377 4228 2527 4282 fratri
2561 4243 2659 4283 suo
2691 4238 2918 4294 temere,
2946 4214 3213 4283 obnoxius
3240 4227 3345 4282 erit
3368 4227 3594 4298 judicio.
3632 4246 3651 4280 ι

2079 4322 2365 4391 Propheta:
2398 4321 2596 4376 dicturi
2633 4320 2813 4374 futura
2851 4319 3124 4385 dicebant,
3158 4317 3286 4374 llaec
3315 4319 3446 4374 dicit
3480 4319 3663 4375 Domi-

2085 4432 2185 4471 nus
2212 4432 2225 4468 :
2252 4413 2503 4469 Christus
2531 4423 2735 4476 autem,
2767 4408 2879 4480 Ego
2906 4412 3049 4476 dico,
3082 4410 3378 4466 ostendens
3405 4411 3660 4465 divinita-

398 4493 812 4564 ὲξουσιαστικδν
862 4489 964 4560 τῆς
1011 4489 1293 4557 θεότητος.
1365 4486 1427 4539 Oi
1460 4485 1562 4555 μὲν
1594 4483 1723 4555 γὰρ,
1752 4481 1930 4575 δοδλᾳι
1958 4500 1974 4514 .

2087 4509 2155 4563 tis
2188 4506 2591 4561 auctoritatem.
2622 4503 2730 4575 27
2757 4503 2834 4559 llli
2861 4504 3005 4558 enim
3041 4504 3187 4558 servi
3214 4513 3392 4570 erant,
3421 4501 3536 4573 ipse
3566 4518 3667 4556 au-

399 4595 429 4646 ὁ
461 4590 545 4656 δὲ,
580 4587 736 4652 Υἱὸς,
780 4587 877 4639 καὶ
908 4583 979 4636 τά
1006 4579 1100 4634 τοῦ
1132 4578 1344 4650 Πατρὸς
1373 4579 1554 4631 πάντα
1586 4576 1747 4646 ἔχων.
1795 4575 1855 4628 ’0
1891 4574 1981 4645 όρ-

401 4681 692 4753 γιζόμενος
724 4677 781 4731 δὲ
813 4674 891 4746 τῷ
919 4671 1133 4741 ἀδελφῷ
1189 4668 1357 4724 αὐτοῦ
1397 4667 1546 4737 εικῆ,
1576 4670 1784 4731 ἐκεῖνος
1814 4683 1986 4721 κατα·

404 4774 653 4847 κρίνεται
687 4787 702 4803 ⁸
761 4769 859 4822 ἐὰν
910 4767 967 4820 δέ
996 4781 1081 4828 τις
1144 4762 1435 4835 όργίζηται
1493 4760 1732 4828 εὐλόγως
1761 4760 1857 4812 καὶ
1889 4759 1986 4812 ἐπὶ

406 4864 630 4936 παιδείᾳ
666 4861 761 4916 καὶ
810 4858 953 4914 κατὰ
1004 4855 1166 4926 ζῆλον
1210 4852 1603 4924 πνευματικὸν,
1635 4852 1697 4904 ού
1726 4866 1988 4918 κατακρι-

408 4959 658 5032 θήσεται’
713 4952 809 5007 καὶ
831 4955 860 5005 ό
897 4949 1105 5010 Παῦλος
1136 4947 1266 5017 γὰρ,
1318 4944 1491 5016 όργῆς
1539 4943 1759 5014 ῥήματα
1793 4941 1989 5012 ἐφθέγ-

412 5051 537 5118 ξατο
590 5049 730 5121 πρὸς
767 5047 1010 5120 Ἐλύμαν
1049 5046 1140 5100 τὸν
1163 5046 1362 5117 μάγον,
1389 5043 1486 5098 καὶ
1513 5043 1648 5114 πρὸς
1680 5041 1770 5095 τὸν
1797 5041 1988 5112 ἀρχιε-

414 5147 535 5213 ρέα,
558 5143 621 5196 ού
650 5141 758 5212 μὴν
808 5141 953 5210 εἰκῆ,
1010 5138 1144 5194 ἀλλὰ
1205 5139 1347 5193 κατὰ
1403 5135 1587 5205 ζῆλον.
1617 5134 1752 5186 Τότε
1773 5132 1830 5185 δὲ
1863 5132 1989 5202 είκῆ

411 5235 768 5308 ὀργιζόμεθα,
809 5233 937 5286 ὅταν
962 5232 1051 5286 διὰ
1106 5232 1365 5303 χρήματα
1393 5228 1427 5299 ἢ
1456 5227 1638 5293 δόξαν.
1667 5245 1685 5277 t
1720 5227 1815 5288 ’ος
1841 5224 1887 5278 δ’
1924 5226 1991 5278 ἂν

414 5330 541 5400 εἴπῃ
562 5326 641 5396 τῷ
666 5324 879 5395 ἀδελφῷ
914 5323 1101 5388 αὐτοῦ,
1137 5321 1333 5387 Ῥακά,
1361 5321 1541 5390 ἔνοχος
1570 5319 1718 5370 ἔσται
1758 5316 1833 5387 τῷ
1866 5333 1993 5369 συν-

413 5421 590 5491 εδρίῳ.
606 5437 624 5470 ι
647 5418 951 5488 Συνέδριον,
971 5415 1031 5468 τὸ
1045 5414 1394 5486 δικαστήριον
1416 5413 1523 5466 τῶν
1553 5411 1819 5484 Ἐϐραίων
1837 5412 1993 5481 φησί.

416 5512 486 5566 Τὸ
534 5512 616 5575 δὲ,
650 5531 669 5563 ι
692 5509 884 5577 Ῥακά,
917 5526 937 5562 ι
964 5510 1219 5579 σημαίνει
1250 5507 1370 5560 ἀντὶ
1395 5506 1515 5571 τοῦ,
1547 5505 1630 5558 σύ·
1663 5504 1850 5574 ὥσπερ
1876 5504 1994 5567 ἔθος

418 5604 610 5675 ἔχομεν
642 5602 821 5672 λέγειν
835 5602 970 5671 πρός
994 5617 1116 5655 τινα
1147 5598 1662 5672 καταφρονούμενον
1682 5597 1773 5667 ὑφ’
1808 5597 1984 5667 ἡμῶν

423 5694 659 5748 ’Δπελθε
692 5695 783 5750 σύ.
813 5693 996 5748 Θέλων
1025 5688 1120 5747 οὖν
1153 5690 1443 5746 παιδεῦσαι
1473 5691 1620 5762 ἡμᾶς
1652 5690 1747 5744 καὶ
1774 5689 1902 5760 περὶ¹
1928 5686 1999 5739 τά

422 5787 587 5859 μικρὰ
626 5786 875 5858 ἀκριϐεῖς
905 5781 1069 5852 εἶναι,
1102 5783 1199 5839 καὶ
1218 5781 1481 5852 ἀλλήλους
1509 5783 1700 5853 τιμᾷν,
1736 5781 1999 5852 παραινεῖ

2087 4610 2193 4654 tem
2237 4598 2404 4653 Filius
2453 4598 2635 4652 omnia
2665 4611 2783 4666 qum
2817 4605 2945 4651 sunt
2973 4594 3152 4652 Patris
3192 4596 3245 4651 in
3273 4611 3335 4652 se
3358 4597 3665 4667 possidens.

2086 4688 2188 4756 Qui
2223 4688 2482 4741 irascitur
2524 4684 2680 4740 fratri
2714 4700 2814 4740 suo
2844 4698 3069 4749 temere,
3113 4685 3203 4740 ille
3229 4686 3661 4740 condemnatur:

2086 4779 2132 4834 si
2159 4787 2339 4833 autem
2372 4778 2496 4846 quis
2543 4777 2821 4842 irascitur,
2872 4777 3083 4832 ratione
3102 4776 3247 4846 juSta
3297 4786 3494 4839 motus,
3526 4788 3577 4832 et
3611 4788 3670 4833 ut

2087 4868 2252 4924 alium
2284 4868 2519 4934 erudiat,
2560 4881 2614 4923 et
2646 4867 2916 4937 spiritu:in
2949 4866 3088 4930 zelo,
3127 4882 3232 4921 non
3282 4850 3671 4921 condemnabi-

2090 4972 2198 5016 tur.
2242 4959 2395 5016 Unde
2433 4969 2488 5015 et
2515 4958 2714 5016 Paulus
2755 4961 2915 5014 verba
2951 4960 3044 5013 irae
3084 4959 3294 5014 locutus
3329 4952 3507 5013 estad
3546 4959 3672 5029 Ely-

2091 5070 2233 5108 mam
2296 5068 2513 5123 magum
2566 5063 2620 5107 et
2676 5054 2741 5106 ad
2785 5050 3133 5122 pontificem:
3172 5064 3278 5104 non
3309 5058 3512 5106 temere
3547 5052 3672 5121 qui-

2092 5148 2236 5211 dem,
2300 5147 2392 5202 sed
2448 5144 2585 5199 zelo.
2647 5144 2799 5198 Tunc
2855 5152 3036 5197 autem
3106 5151 3311 5196 temere
3363 5142 3670 5206 irascimur,

2091 5238 2305 5308 quando
2335 5247 2555 5305 propter
2580 5248 2711 5302 opes
2738 5234 2820 5311 vel
2844 5232 3095 5303 gloriam.
3126 5249 3144 5283 ι
3182 5230 3520 5301 Quicumque
3542 5247 3674 5287 vero

2092 5328 2293 5383 dixerit
2338 5326 2491 5380 fratri
2522 5339 2644 5389 suo,
2676 5322 2884 5389 Rhaca,
2916 5322 3183 5377 obnoxius
3211 5324 3319 5377 erit
3350 5321 3606 5377 concilio.
3648 5338 3669 5372 ι

2093 5416 2401 5472 Concilium
2439 5422 2598 5468 vocat
2639 5410 2987 5465 llebrmorum
3028 5408 3289 5464 tribunal.
3318 5407 3508 5463 Rhaca
3548 5422 3676 5463 vero

2095 5509 2366 5578 significat
2415 5506 2556 5563 idem
2586 5505 2727 5576 quod
2763 5503 2844 5559 'l‘u
2876 5522 2891 5559 :
2926 5513 2981 5557 ut
3007 5517 3128 5559 cum
3160 5502 3224 5555 ad
3270 5500 3504 5571 aliquem
3541 5513 3678 5584 con-

2096 5610 2363 5671 templum
2394 5614 2422 5653 a
2453 5598 2608 5653 nobis
2630 5599 2887 5662 dicimus,
2920 5596 3018 5652 Abi
3049 5605 3125 5649 tu.
3161 5590 3357 5648 Voleus
3389 5591 3552 5659 igitur
3578 5605 3678 5647 nos

2096 5704 2150 5748 et
2185 5693 2249 5746 de
2282 5691 2463 5760 parvis
2487 5689 2747 5745 sollicitos
2769 5704 2915 5753 esse,
2944 5699 3001 5743 et
3023 5701 3122 5741 nos
3143 5684 3376 5738 invicem
3404 5682 3680 5745 venerari,

2100 5787 2359 5840 aduruoet
2408 5783 2624 5839 horum.
2661 5782 2891 5852 Quidam
2925 5779 3110 5837 dicunt
3132 5774 3324 5836 Bbaca
3355 5770 3581 5845 Syriace
3620 5781 3685 5849 et
