4078 6464
582 305 687 376 199

1472 311 2057 374 'l'llEOPIlYLACTl
2092 311 2505 373 BULGARl/E
2539 313 2891 378 ARCHIEP.

3717 319 3828 386 200

575 424 773 495 pedum
803 421 942 493 ejus,
969 434 1025 478 ut
1047 438 1116 477 ne.
1145 423 1217 480 sit
1243 423 1394 480 locus
1422 423 1766 480 idololatrian.
1811 422 1972 478 Forte
2006 420 2132 477 enin

2255 422 2386 484 διον,
2418 424 2502 477 ἵνα
2534 425 2609 498 μὴ
2638 427 3020 499 εἰδωλολατρία
3052 426 3236 500 χώραν
3270 428 3388 501 ἓξῃ.
3436 428 3825 505 Ἐθεοποιήθη-

580 513 637 569 in
667 515 887 569 deorum
917 530 1199 569 numerum
1233 515 1401 570 relata
1432 514 1662 571 fuissent
1695 516 1960 569 elementa
1985 529 2014 568 a
2049 514 2145 584 ju-

578 605 827 660 rautihus
860 617 955 672 per
988 620 1049 659 ea
1079 622 1092 658 :
1123 605 1173 659 id
1214 607 1354 676 quod
1385 620 1541 661 antea
1572 606 1773 661 factum
1806 616 1910 661 est.

649 698 815 752 Vens.
848 696 938 752 36.
981 716 999 749 ι
1040 695 1226 766 Neque
1261 715 1361 769 per
1387 709 1548 770 caput
1577 709 1727 754 tuum
1767 699 1996 770 jurahis,
2020 697 2146 769 quia

576 806 682 843 non
714 799 870 859 potes
899 804 1065 843 unum
1100 791 1269 859 pilum
1315 792 1498 847 album
1531 792 1614 847 vel
1639 793 1853 861 nigrum
1892 790 2088 845 facere.
2117 807 2137 843 ι

574 881 718 934 Deus
739 880 886 935 solus
927 894 1026 950 per
1055 883 1403 953 semetipsum
1442 884 1613 953 jurat,
1643 892 1828 953 utpote
1856 881 1985 936 nulli
2014 881 2146 937 sub-

566 968 746 1037 jectus
779 986 793 1023 :
830 985 930 1025 nos
984 980 1163 1025 autem
1221 987 1342 1026 cum
1393 989 1497 1027 non
1530 974 1702 1029 simus
1747 982 1945 1029 nostra!
1992 982 2146 1043 pote-

570 1060 753 1126 statis,
790 1076 896 1131 quo
950 1071 1109 1130 pacto
1154 1078 1250 1132 per
1301 1074 1463 1134 caput
1510 1073 1749 1119 nostrum
1801 1063 2146 1133 jurabimns?

571 1152 794 1208 alterius
822 1155 962 1207 enim
992 1164 1075 1209 est
1103 1157 1395 1225 possessio.
1419 1156 1474 1210 Si
1495 1156 1639 1210 enim
1672 1166 1821 1210 tuum
1845 1166 1929 1212 est
1955 1166 2138 1225 caput,

570 1254 741 1310 muta,
785 1245 828 1298 si
856 1255 1027 1313 potes,
1065 1261 1226 1298 unum
1251 1247 1530 1316 capillum.

641 1336 807 1392 Vens.
842 1337 931 1390 '57.
962 1356 980 1388 ι
1003 1336 1275 1395 Sitautem
1290 1353 1470 1394 sermo
1510 1348 1714 1403 vester,
1746 1338 1921 1394 Etiam
1940 1338 2138 1394 etiam:

569 1441 698 1492 non,
740 1445 869 1482 non.
908 1447 927 1479 ι
969 1426 1039 1483 Ut
1068 1443 1135 1484 ne
1168 1429 1318 1484 dicas
1348 1448 1363 1485 :
1401 1430 1463 1484 Et
1493 1430 1766 1501 quomodo
1823 1429 1983 1484 ﬁdem
2012 1429 2141 1484 mihi

569 1516 882 1572 habebunt?
910 1517 1083 1587 inquit
1111 1534 1126 1572 :
1167 1517 1224 1574 Si
1251 1534 1467 1590 semper
1496 1536 1621 1576 vere
1641 1520 1851 1577 locutus
1877 1518 2064 1583 fueris,
2088 1529 2144 1575 ct

568 1624 843 1678 nunquam
901 1609 1195 1677 juraveris.
1251 1610 1390 1666 Nulli
1452 1612 1595 1667 enim
1654 1613 1834 1667 minus
1903 1613 2143 1667 creditur

2251 530 2349 565 σαν
2384 514 2495 585 γὰρ
2525 517 2591 571 ἂν
2617 521 2685 572 τὰ
2709 523 2949 590 στοιχεῖα
2988 521 3140 592 παρὰ
3169 522 3279 577 τῶν
3309 525 3389 587 εἰς
3420 523 3564 579 αὐτὰ
3594 525 3824 596 ὀμνυόν·

2247 623 2377 661 των’
2411 609 2439 662 ὃ
2465 610 2559 662 καὶ
2580 611 2842 682 πρότερον
2877 616 3115 683 ἐγένετο.

2322 718 2342 752 ι
2377 701 2530 772 Μήτε
2558 705 2617 757 ὲν
2648 706 2715 775 τῇ
2746 707 2955 777 κεφαλῇ
2983 724 3077 761 σου
3120 707 3350 779 ὀμόσῃς,
3389 708 3473 763 ὅτι
3497 710 3561 764 οὐ
3589 709 3821 765 δύνασαι

2248 790 2378 862 μίαν
2402 792 2563 863 τρίχα
2610 794 2811 865 λευκὴν
2855 797 2887 867 ἢ
2943 798 3201 867 μέλαιναν
3234 799 3481 869 ποιῆσαι.
3530 818 3551 851 ι
3608 799 3669 853 Ὀ
3691 800 3825 864 Θεὸς

2248 882 2407 955 μόνος
2436 885 2628 955 ὀμνύει
2653 888 2776 940 καθ’
2829 889 3049 955 ἑαυτοῦ,
3081 890 3158 955 ὠς
3190 890 3383 963 μηδενί⁸
3430 891 3822 961 ὑποκείμενος·

2242 977 2407 1048 ἡμεῖς
2436 978 2495 1033 δὲ
2534 980 2634 1033 οὐκ
2652 980 3060 1048 ἐξουσιάζοντες
3091 984 3323 1048 ἑαυτῶν,
3351 984 3469 1047 πῶς
3492 984 3558 1037 ἂν
3582 984 3822 1053 ὀμόσαι-

2247 1087 2347 1139 μεν
2379 1072 2518 1126 ma
2539 1073 2637 1142 τῆς
2680 1073 2929 1144 κεφαλῆς
2955 1075 3143 1144 ἡμῶνς
3166 1075 3354 1146 ἐτέρου
3376 1074 3487 1146 γὰρ
3511 1075 3572 1128 τὸ
3602 1075 3813 1145 κτῆμα.

2245 1163 2307 1216 Ei
2339 1162 2446 1233 γὰρ
2472 1165 2539 1234 σή
2570 1166 2720 1218 ἐστιν
2749 1167 2782 1235 ἡ
2818 1167 3051 1237 κεφαλὴ,
3073 1160 3324 1233 ἄλλαξον,
3346 1168 3394 1220 εἰ
3412 1167 3661 1231 δύνασαι,
3694 1167 3825 1234 μίαν

2241 1257 2426 1328 τρίχα.

2294 1367 2339 1401 -ι
2381 1350 2562 1403 Ἔστω
2593 1348 2649 1403 δὲ
2676 1350 2706 1403 ὀ
2730 1348 2888 1415 λόγος
2914 1347 3090 1419 ὑμῶν,
3125 1347 3239 1412 ναί,
3274 1347 3395 1401 ναί·
3426 1344 3510 1413 οὒ,
3531 1346 3616 1401 οὗ,
3646 1365 3663 1398 s
3700 1346 3825 1399 Ἵνα

2246 1442 2323 1513 μὴ
2346 1442 2527 1515 εῖπῃς,
2568 1441 2678 1496 Kal.
2702 1442 2818 1505 πῶς
2852 1440 3287 1512 πιστευθήσομαι
3316 1455 3331 1505 ;
3361 1439 3526 1510 φησίν
3553 1459 3559 1465 ι
3582 1439 3709 1492 'Eav
3735 1438 3826 1491 cm.

2242 1534 2536 1608 ἁληθεύῃς,
2581 1537 2679 1590 καὶ
2712 1534 2977 1607 μηδέποτε
3018 1534 3248 1606 ὀμνύῃς.
3278 1533 3466 1596 Οὐδεὶς
3490 1531 3599 1602 γὰρ
3649 1529 3826 1593 οὕτως

2240 1628 2573 1693 ἀπιστεῖται,
2631 1628 2706 1691 ὡς
2753 1630 2781 1681 ὀ
2824 1626 3134 1699 προχείρως
3182 1625 3419 1697 ὀμνύων.
3453 1643 3471 1676 ι
3511 1623 3587 1678 To
3619 1622 3677 1676 δὲ
3717 1639 3822 1675 πει

566 1714 728 1768 quam
754 1702 802 1754 ei
823 1704 913 1771 qui
936 1702 1253 1772 frequenter
1275 1702 1442 1772 jnrat.
1476 1721 1495 1754 ι
1529 1703 1681 1771 Quod
1705 1704 2132 1774 autem'amplius

2245 1718 2432 1791 ρισσόν
2464 1718 2693 1783 τούτων,
2721 1720 2786 1772 ὲκ
2824 1719 2918 1772 τοῦ
2949 1716 3188 1788 πονηροῦ
3221 1718 3361 1772 ἐστι.
3400 1735 3419 1768 s
3466 1716 3542 1770 Τὸ
3574 1713 3821 1784 ὀμνύειν,

565 1789 653 1846 his
688 1799 791 1855 est,
848 1809 877 1844 ει
928 1792 1071 1847 malo
1119 1803 1222 1847 est.
1262 1812 1280 1846 ι
1320 1791 1514 1850 Jurare
1550 1795 1769 1867 (inquit)
1801 1806 1856 1849 et
1906 1793 2132 1864 adjicere

2241 1779 2396 1881 ίρησὶ,
2428 1779 2689 1884 περισσὸν
2710 1811 2772 1866 ὃν
2802 1813 2953 1880 παρὰ
2971 1812 3034 1865 τὸ
3062 1779 3152 1866 ναὶ
3191 1809 3368 1866 καὶτὸ
3394 1807 3483 1873 οὒ,
3514 1779 3621 1862 τοῦ*
3638 1805 3822 1860 διαϐό-

565 1883 796 1954 amplius
823 1886 889 1939 ad
923 1885 1112 1939 Etiam
1144 1885 1225 1939 vel
1255 1885 1396 1951 Non,
1428 1902 1457 1939 a
1493 1886 1708 1941 diabolo
1749 1895 1852 1941 est.
1886 1885 2055 1941 Porro
2093 1888 2137 1941 si

566 1975 774 2030 dixeris
801 1976 943 2044 quod
993 1985 1043 2030 et
1097 1975 1182 2030 lex
1235 1976 1399 2032 Musis
1447 1977 1586 2031 mala
1614 1978 1742 2042 erit,
1769 1977 2028 2048 quoniam
2051 1978 2140 2048 ju-

562 2080 689 2120 rare
716 2064 894 2136 jubet,
933 2066 1084 2121 disce
1131 2067 1272 2136 quod
1322 2080 1452 2122 tunc
1503 2082 1608 2123 non
1647 2076 1765 2121 erat
1802 2067 2000 2123 malum
2049 2069 2139 2138 ju-

563 2172 733 2213 rare:
772 2168 891 2228 post
932 2156 1205 2214 Christum
1256 2170 1437 2214 autem
1482 2158 1684 2219 malum
1741 2170 1845 2224 est,
1898 2160 2039 2215 sicut
2082 2170 2138 2216 et

565 2250 909 2319 circumcidi,
957 2262 1011 2306 et
1050 2252 1102 2307 it-
1135 2267 1368 2319 summa,
1415 2252 1675 2324 quidquid
1704 2261 1787 2307 est
1823 2250 2133 2308 Judaieutn.

562 2342 771 2414 Sugere
794 2343 939 2399 enim
979 2358 1149 2415 puero
1177 2343 1453 2411 convenit,
1480 2344 1596 2398 viro
1627 2342 1876 2400 minime.

631 2433 797 2492 Vens.
854 2435 944 2492 58.
984 2453 1003 2488 ι
1049 2435 1293 2491 Audistis
1344 2435 1489 2507 quod
1521 2435 1722 2492 dictum
1758 2438 1850 2501 sit,
1905 2435 2133 2494 Oculum

561 2540 662 2597 pro
699 2526 883 2593 oculo,
933 2528 1147 2582 dentem
1214 2541 1316 2596 pro
1365 2526 1547 2583 dente.
1602 2545 1623 2580 ι
1663 2525 1773 2583 Lex
1802 2529 2132 2585 condescen-

559 2617 694 2674 dens
756 2618 1018 2687 permittit
1045 2626 1103 2672 ut
1134 2618 1320 2672 eadem
1356 2617 1478 2686 quis
1501 2617 1737 2686 patiatur
1766 2632 1887 2688 qua:
1917 2617 2130 2683 inﬂixit,

558 2718 619 2764 ut
647 2724 723 2769 ne.
751 2720 937 2765 mutuo
988 2725 1048 2766 se
1095 2709 1392 2777 oll‘eudant,
1445 2709 1660 2776 timore,
1701 2723 1769 2766 ne
1819 2711 2008 2767 eadem
2037 2724 2133 2780 pa-

558 2800 787 2864 tiantur,
822 2800 1121 2856 absterriti.

630 2891 799 2947 Vens.
835 2891 924 2947 '59.
959 2910 978 2944 ι
1012 2892 1124 2961 Ego
1148 2902 1327 2949 autem
1363 2893 1487 2949 dico
1517 2891 1691 2959 vobis,
1727 2900 1790 2948 ut
1820 2908 1887 2949 ne
1909 2894 2133 2950 resista-

558 2982 630 3037 tis
653 2981 797 3037 malo
829 2995 846 3034 :
877 2981 972 3036 sed
995 2980 1246 3051 quisquis
1275 2979 1562 3052 impegerit
1598 2979 1811 3050 alapam
1850 2980 1906 3034 in
1943 2980 2131 3037 dexte—

2241 1904 2332 1956 λου
2355 1903 2524 1958 ἐστίν.
2574 1903 2714 1957 Ἀλλ’
2743 1904 2912 1975 ἐρεῖς,
2941 1903 3024 1958 ὄπι
3052 1905 3162 1957 Καὶ
3207 1901 3395 1956 λοιπὸν
3432 1903 3461 1955 ὀ
3499 1900 3662 1971 νόμος
3690 1899 3824 1952 Μω-

2242 1993 2402 2061 σέως,
2430 1993 2667 2048 κελεύων
2693 1993 2941 2065 ὀμνύειν,
2971 1993 3211 2064 πονηρὸς
3254 1988 3352 2065 ἧνς
3399 1991 3554 2046 Μάθε
3585 1991 3702 2057 οὖν,
3737 1991 3822 2045 ὅτι

2236 2084 2339 2138 οὐκ
2362 2080 2432 2155 ἦν
2462 2086 2699 2157 πονηρὸν
2748 2087 2870 2140 τότε
2900 2085 2963 2139 τὸ
2990 2084 3212 2156 ὀμνύειν
3234 2099 3250 2115 ·
3305 2083 3444 2155 μετὰ
3475 2083 3531 2138 δὲ
3557 2082 3821 2154 Χριστὸν,

2238 2174 2355 2229 ἐστι
2403 2176 2676 2246 πονηρόν·
2741 2176 2935 2246 ὥσπερ
2980 2175 3169 2230 καὶτὸ
3215 2174 3668 2246 περιτέμνεσθαι,
3721 2177 3821 2226 καὶ

2238 2268 2423 2333 ἁπλῶς
2445 2268 2507 2322 τὸ
2567 2267 2901 2335 Ἰουδαΐζειν.
2943 2269 3096 2323 Ἐπεὶ
3126 2270 3220 2324 καὶ
3271 2268 3332 2323 τὸ
3378 2267 3658 2339 θηλάζειν,
3703 2269 3821 2330 τοῖς

2241 2360 2609 2429 μὲνηπαιδίοις
2637 2361 2887 2431 ἁρμόζει,
2931 2364 3049 2424 τοῖς
3065 2360 3121 2413 δὲ
3153 2360 3410 2430 ἀνδράσιν
3448 2359 3705 2429 αἰσχύνη.

2312 2470 2331 2503 ι
2385 2454 2684 2507 Ἠκούσατε
2702 2456 2783 2507 ὅτι
2809 2454 3028 2527 ξρρέθη,
3047 2453 3338 2524 Ὀςοαλμόε
3374 2454 3493 2508 ἀντὶ
3511 2452 3817 2523 ὀφθαλμοῦ,

2237 2544 2331 2596 καὶ
2365 2543 2555 2597 ὀδόντα
2589 2544 2716 2598 ἀντὶ
2763 2544 2997 2602 ὀδόντος.
3045 2565 3064 2598 ι
3125 2544 3185 2597 '0
3235 2545 3398 2613 νόμος
3446 2540 3819 2611 συγκαταϐαίο

2236 2651 2343 2688 νων
2409 2632 2708 2705 συνεχώρει
2747 2635 2844 2706 τὴν
2875 2635 3297 2699 ταυτοπάθειαν,
3337 2635 3422 2689 ἵνα
3450 2633 3599 2705 φόϐῳ
3628 2631 3725 2687 τοῦ
3746 2630 3817 2685 τὰ

2235 2720 2328 2781 ίσα
2357 2727 2573 2795 παθεῖν,
2601 2727 2677 2799 μὴ
2710 2726 2968 2782 ἀδικῶσιν
3003 2727 3290 2800 ἀλλήλους.

2308 2919 2326 2955 ι
2378 2902 2519 2971 Ἐγὼ
2547 2904 2605 2957 δὲ
2637 2903 2780 2973 λέγω
2811 2904 2961 2974 ὑμῖν,
3002 2906 3076 2977 μὴ
3110 2906 3425 2977 ἀντιστῆναι
3453 2904 3532 2975 τῷ
3562 2901 3812 2973 πονηρῷ,

2231 2992 2348 3047 ἀλλ’
2382 2993 2533 3058 ὅστις
2569 3010 2628 3047 σε
2656 2994 2881 3066 ῥαπίσει
2908 2995 3003 3048 ἐπὶ
3026 2995 3126 3067 τὴν
3164 2994 3345 3060 δεξιὰν
3370 2994 3619 3063 σιαγόνα,
3650 2995 3810 3064 στρὲ-

559 3086 679 3127 ram
728 3081 873 3127 tuam
933 3070 1233 3138 maxillam,
1282 3072 1508 3127 obverte
1567 3071 1617 3128 ei
1676 3079 1734 3128 et
1790 3070 2043 3129 alteram.
2102 3091 2125 3126 ι

2236 3084 2335 3155 ψον
2366 3082 2516 3153 αὐτῷ
2558 3083 2658 3137 καί⁸
2698 3083 2798 3153 τὴν
2830 3082 3020 3155 ἄλλην.
3075 3101 3095 3136 ι
3143 3083 3385 3155 Πονηρὸν
3427 3081 3662 3137 ἐνταῦθα
3717 3082 3811 3134 τὸν

555 3162 754 3225 Malum
790 3162 1181 3220 hic'diabolum
1227 3172 1407 3225 vocat.
1451 3162 1542 3233 qui
1566 3177 1666 3234 per
1695 3163 1970 3219 hominem
2001 3178 2132 3235 ope-

2236 3174 2482 3230 διάδολον
2517 3173 2689 3243 λέγει,
2737 3175 2832 3228 τὸν
2883 3173 2973 3229 διὰ
2997 3172 3093 3228 τοῦ
3127 3172 3417 3244 ἀνθρώπου
3457 3173 3809 3245 ἐνεργοῦντα.

556 3266 731 3312 ratur.
768 3255 883 3312 Non
907 3265 1121 3328 oportet
1152 3256 1314 3328 igitur
1340 3257 1610 3314 obsistere
1640 3256 1893 3314 diabolo?
1918 3257 2131 3313 Etiam:

2236 3267 2313 3322 Οὐ
2343 3268 2425 3322 δεῖ
2451 3263 2545 3322 οῦν
2573 3266 2933 3322 ἁντίστασθαι
2961 3264 3041 3333 τῷ
3070 3265 3338 3336 διαδόλῳ;
3374 3266 3499 3332 ναῖς
3532 3264 3650 3319 ἀλλ’
3681 3266 3806 3334 οὐχὶ

553 3358 611 3405 at
643 3365 750 3406 non
778 3361 863 3405 est
902 3348 1401 3421 repercutiendum,
1440 3348 1537 3405 sed
1583 3350 1984 3408 sustinendum.
2014 3350 2132 3408 Non

2236 3360 2321 3415 διὰ
2344 3359 2440 3413 τοῦ
2486 3358 2896 3431 ἀντιπλήττειν,
2946 3357 3083 3412 ἀλλὰ
3114 3358 3203 3411 διὰ
3243 3358 3338 3413 τοῦ
3383 3358 3700 3427 ὑπομένειν.
3726 3358 3806 3410 Οὐ

556 3441 701 3496 enim
732 3441 843 3512 igni
870 3441 1233 3513 exstinguitur
1259 3440 1423 3510 ignis,
1458 3443 1552 3496 sed
1570 3454 1732 3510 aqua.
1751 3439 1828 3497 Ne
1854 3442 2132 3498 existimes

2236 3451 2342 3522 γὰρ
2376 3452 2512 3523 πυρὶ
2542 3450 2828 3505 σϐέννυται
2857 3450 2991 3520 πῦρ,
3045 3448 3163 3503 ἀλλ’
3193 3448 3369 3504 ὓδατι.
3400 3449 3491 3519 Μὴ
3521 3448 3713 3518 νόμιζε
3743 3446 3803 3500 δὲ

554 3542 734 3587 autem
762 3532 906 3602 quod
956 3533 1211 3602 loquatur
1242 3531 1417 3586 solum
1448 3532 1515 3587 de
1541 3533 1899 3601 percussione
1938 3533 2132 3590 maxil-

554 3624 640 3691 la»,
669 3626 761 3681 sed
797 3625 863 3680 de
885 3625 1032 3680 omni
1070 3623 1176 3681 alio
1206 3623 1351 3679 malo
1383 3626 1527 3694 quod
1564 3623 1846 3695 inﬂigitur.

630 3806 804 3864 Vens.
835 3807 927 3865 40.
958 3827 977 3861 ι
1010 3808 1071 3863 Et
1103 3807 1153 3864 ei
1192 3810 1285 3879 qui
1325 3807 1439 3864 vult
1471 3817 1644 3865 tecum
1675 3807 1927 3878 iudicari,
1962 3817 2017 3864 et
2049 3814 2132 3864 tu-

555 3901 733 3956 nicam
802 3911 944 3955 tuam
1007 3900 1227 3965 tollere,
1290 3901 1548 3970 permitte
1600 3901 1650 3957 ei
1703 3910 1760 3956 et
1806 3900 2054 3972 pallium.
2103 3918 2125 3954 ι

553 3992 779 4048 Etiamsi
815 3995 1031 4062 quando
1059 4002 1112 4049 te
1141 3992 1210 4047 ad
1237 3992 1481 4062 judicent
1535 3992 1723 4048 trahat
1769 3999 1826 4047 et
1854 3990 2128 4059 obturbat,

554 4094 682 4140 tunc
711 4085 921 4141 dimitte
946 4084 994 4140 ei
1034 4084 1257 4156 pallium
1289 4102 1304 4139 :
1351 4099 1460 4139 non
1514 4085 1562 4139 si
1610 4083 1929 4153 simpliciter
1960 4093 2128 4151 petat.

554 4173 760 4229 Tunica
794 4176 1009 4245 proprie
1043 4174 1243 4230 dicitur
1295 4189 1456 4243 quam
1492 4174 1810 4230 subuculam
1856 4174 1940 4228 vel
1971 4174 2129 4228 indu-

551 4268 697 4322 sium
753 4281 1008 4321 vocamus
1061 4281 1077 4321 :
1154 4266 1402 4334 pallium,
1453 4279 1562 4335 quo
1625 4265 1772 4319 illam
1818 4265 2059 4334 tegimus
2105 4280 2122 4319 :

552 4358 797 4428 quamvis
826 4373 968 4428 saepe
987 4356 1091 4411 alia
1123 4372 1221 4428 pro
1255 4356 1374 4411 aliis
1404 4357 1675 4414 dicantur.

2230 3544 2314 3598 ὅτι
2342 3545 2471 3617 περὶ
2509 3546 2609 3616 τῆς
2639 3544 2722 3606 είς
2766 3542 2866 3615 τὴν
2899 3542 3128 3611 σιαγόνα
3175 3541 3392 3611 πληγῆς
3424 3541 3571 3608 λέγει
3603 3539 3799 3610 μόνης,

2229 3630 2368 3685 ἀλλὰ
2416 3632 2513 3685 καὶ
2567 3632 2696 3701 περὶ
2748 3630 2932 3699 πάσης
2986 3629 3154 3702 ἄλλης
3193 3631 3289 3684 καὶ
3342 3629 3543 3692 παντὸς
3611 3627 3804 3691 ἁπλῶς

2226 3721 2425 3778 δεινοῦ.

2305 3832 2326 3868 ι
2363 3815 2474 3870 Καὶ
2518 3812 2596 3885 τῷ
2636 3811 2845 3868 θέλοντί
2884 3828 2967 3866 σοι
3020 3810 3301 3884 κριθῆναι,
3332 3811 3426 3866 καὶ
3459 3812 3552 3865 τὸν
3593 3808 3804 3881 χιτῶνά

2232 3925 2328 3962 σου
2364 3905 2576 3971 λαϐεῖν,
2610 3907 2749 3974 ἄφες
2791 3903 2941 3974 αὐτῷ
2969 3905 3065 3960 καὶ
3109 3905 3171 3958 τὸ
3223 3904 3460 3974 ίμόιτιον.
3497 3920 3517 3955 ι
3561 3903 3690 3957 Ἐὰν
3719 3902 3805 3966 εἰς

2228 3999 2578 4070 δικαστήριόν
2606 4016 2663 4052 σε
2699 3998 2833 4071 ἕλκῃ
2867 3999 2961 4050 καὶ
2989 3997 3145 4067 ὀχλῇ,
3194 3998 3331 4064 ἄφες
3363 3994 3511 4066 αὐτῷ
3543 3996 3637 4049 καὶ
3671 3995 3806 4065 ίμὰ-

2228 4107 2373 4144 τιονο
2421 4092 2523 4142 οὐκ
2553 4091 2648 4142 ἐὰν
2711 4089 2897 4151 ἁπλῶς
2952 4088 3115 4159 ζητῇ.
3150 4086 3338 4142 Χιτὼν
3393 4087 3450 4140 δὲ
3487 4086 3714 4157 κυρίως,
3740 4087 3806 4139 τὸ

2229 4176 2360 4246 παρ’
2412 4175 2546 4244 ἡμῖν
2595 4173 2888 4243 λεγόμενον
2928 4174 3269 4244 ὺποκάμισον
3300 4188 3315 4203 ’
3362 4172 3572 4241 ίμάτιον
3609 4172 3667 4225 δὲ
3693 4212 3708 4238 ,
3740 4173 3805 4225 τὸ

2228 4262 2656 4334 ἐπιϐαλλόμενον
2679 4284 2694 4299 ο
2743 4265 2883 4337 πλὴν
2914 4266 3009 4320 καὶ
3038 4264 3154 4320 ἀντ’
3182 4263 3433 4335 ἀλλήλων
3461 4262 3530 4316 τὰ
3558 4262 3803 4332 ὀνόματα

2228 4355 2499 4425 λέγονται.

625 4450 788 4505 Vens.
808 4451 929 4505 ΗΑ
959 4450 1024 4504 Et
1043 4451 1136 4520 qui
1161 4459 1214 4505 te
1232 4452 1472 4519 adegerit
1497 4449 1564 4503 ad
1592 4448 1903 4503 milliarium
1935 4463 2120 4513 unum,

2310 4466 2330 4500 ι
2370 4450 2480 4503 Ka‘t
2505 4449 2654 4511 ὅστις
2686 4465 2747 4502 σε
2780 4447 3115 4520 ἀγγαρεύσει
3150 4447 3325 4519 μίλιον
3356 4448 3436 4511 ἓν,
3475 4447 3654 4516 ὕπαγε
3681 4448 3803 4516 μετ’

551 4547 689 4599 vade
725 4558 847 4598 cum
882 4558 948 4598 eo
973 4541 1101 4597 duo.
1148 4562 1167 4595 ι
1220 4541 1359 4610 Quid
1409 4543 1552 4608 dico,
1596 4541 1705 4612 30
1742 4541 1940 4610 inquit,
1976 4543 2122 4595 toni-
2156 4584 2161 4589 .

550 4651 671 4690 rant
706 4644 761 4690 et
791 4634 1051 4705 pallium?
1105 4636 1272 4690 etiam
1321 4644 1520 4706 corpus
1551 4648 1700 4690 tuum
1756 4636 1823 4689 da
1864 4635 1914 4690 ei
1950 4637 2042 4703 qui
2074 4646 2123 4693 te

550 4732 754 4801 injuste
786 4731 972 4797 trahit,
998 4738 1053 4785 et
1078 4730 1314 4799 amplius
1352 4740 1514 4800 quam
1548 4729 1638 4784 ille
1669 4728 1804 4792 vult,
1844 4728 2032 4784 facito.

512 4888 523 4897 ο
622 4822 790 4878 Vens.
819 4822 908 4876 42.
939 4840 959 4873 ι
1006 4822 1214 4877 Petenti
1242 4823 1340 4877 abs
1367 4831 1442 4888 te,
1475 4824 1540 4875 da
1572 4840 1586 4875 :
1625 4830 1679 4876 et
1708 4820 1976 4876 volentem
2007 4838 2037 4876 a
2070 4832 2122 4876 te

548 4926 792 4971 mutuum
842 4913 1122 4984 accipere,
1179 4928 1248 4967 ne
1299 4912 1588 4968 averseris.
1647 4930 1666 4963 ι
1708 4911 1838 4968 Sive
1889 4915 2117 4981 anticus,

551 5010 668 5064 sive
708 5008 986 5070 inimicus,
1037 5007 1154 5060 site
1208 5004 1462 5070 infidelis,
1517 5004 1633 5059 sive
1665 5005 1922 5074 pecunias
1956 5014 2121 5074 petat,

548 5105 662 5157 sive
684 5100 946 5156 auxilium
974 5098 1141 5152 aliud.
1165 5098 1413 5153 Motuum
1444 5106 1622 5152 autem
1642 5112 1746 5151 non
1765 5112 1887 5151 cunt
1910 5096 2123 5153 faenore

548 5195 703 5257 dicit,
731 5193 826 5247 sed
853 5189 1177 5259 simpliciter
1218 5203 1401 5243 usum.
1430 5185 1565 5241 Nam
1597 5196 1651 5243 et
1681 5188 1735 5241 in
1772 5187 1889 5258 lege
1915 5188 2123 5257 alisque

548 5298 710 5339 usura
748 5293 992 5336 mutuum
1035 5279 1258 5335 dabant.

627 5371 789 5427 Vrsas.
810 5371 903 5438 43,
931 5371 1022 5427 ﬂ.
1066 5389 1086 5423 ι
1123 5369 1366 5426 Audistis
1389 5369 1532 5441 quod
1561 5368 1762 5424 dictum
1789 5378 1892 5435 est,
1925 5369 2120 5439 Diliges

546 5466 853 5536 proximum
918 5475 1093 5531 tuum,
1118 5472 1170 5520 et
1197 5464 1323 5518 odio
1380 5462 1606 5519 habebis
1644 5461 1921 5516 inimicum
1944 5468 2119 5514 tuum.

546 5556 663 5626 Ego
697 5566 877 5613 autem
906 5557 1028 5613 dico
1061 5554 1237 5620 voltis,
1271 5554 1489 5624 Diligite
1529 5553 1782 5609 inimicos
1822 5560 2055 5606 vestros.
2096 5568 2116 5600 ι

553 5648 709 5704 Venit
734 5648 800 5702 ad
827 5649 1083 5705 verticem
1126 5648 1385 5702 virtutum
1412 5665 1424 5701 :
1462 5645 1592 5716 quid
1620 5645 1767 5700 enim
1790 5643 1881 5698 illo
1913 5641 2123 5711 majus?

550 5739 667 5797 Non
690 5750 775 5797 est
791 5752 967 5798 autem
993 5739 1354 5812 impossibile.
1381 5742 1555 5795 Moses
1588 5740 1733 5796 enim
1763 5734 2125 5792 etPaulusJu—

2225 4541 2390 4595 αὐτοῦ
2415 4541 2530 4595 δύο.
2573 4561 2592 4594 ι
2629 4541 2695 4593 Τί
2728 4541 2894 4608 λέγω,
2924 4542 3111 4610 φησὶν,
3149 4540 3342 4610 ίμάτια
3386 4541 3480 4594 καὶ
3526 4540 3799 4609 χιτῶνας;

2229 4634 2325 4685 καὶ
2356 4633 2490 4686 αὺτό
2511 4633 2572 4684 τὸ
2603 4632 2765 4702 σῶμα
2810 4647 2907 4685 σου
2950 4631 3037 4694 δὺς
3079 4631 3156 4701 τῷ
3189 4633 3389 4695 ἀδίκως
3429 4631 3666 4697 ἕλκοντι,
3703 4635 3803 4687 καί⁵

2231 4724 2424 4788 πλέον,
2452 4723 2485 4791 ἢ
2515 4725 2720 4786 ἐκεῖνος
2753 4722 3024 4792 βούλεται,
3062 4723 3309 4793 ποίησον.

2302 4835 2320 4866 ι
2368 4812 2460 4884 Τῷ
2490 4813 2733 4871 αίτοῖιντί
2760 4831 2819 4867 σε
2850 4814 3016 4877 δίδου,
3068 4817 3276 4869 καὶτὸν
3303 4815 3526 4869 θέλοντα
3560 4817 3671 4870 ἀπὸ
3702 4818 3800 4870 σοῦ

2223 4907 2597 4971 δανείσασθαι,
2658 4907 2733 4977 μὴ
2767 4908 3149 4979 ἀποστραφῇς.
3191 4927 3210 4959 ι
3277 4908 3396 4962 Κᾶν
3430 4909 3646 4982 ἐχθρὸς,
3695 4910 3800 4963 κᾶν

2225 5000 2398 5071 φίλος,
2429 5000 2532 5053 κᾶν
2560 5000 2812 5063 ἄπιστος,
2843 5002 2952 5054 εἴτε
2986 5003 3243 5070 χρήματα
3272 5001 3445 5072 ζητεῖ,
3478 5005 3587 5056 εἴτε
3628 5003 3801 5073 ἄλλην

2227 5091 2502 5162 βοήθειαν.
2538 5093 2816 5162 Δάνεισμα
2844 5093 2923 5156 δὲ,
2952 5092 3011 5145 ού
3050 5093 3111 5145 τὸ
3148 5092 3245 5145 σὺν
3273 5095 3417 5163 τόκῳ
3458 5094 3626 5161 λέγει,
3663 5095 3802 5149 ἀλλὰ

2221 5184 2323 5254 τὴν
2348 5183 2537 5247 ἁπλῶς
2585 5182 2808 5254 χρῆσιν.
2864 5184 3018 5238 Ἐπεὶ
3074 5186 3170 5239 καὶ
3208 5188 3267 5240 ὲν
3314 5187 3392 5256 τῷ
3433 5187 3586 5257 νόμῳ
3629 5190 3802 5258 χωρὲς

2220 5276 2384 5331 τόκου
2414 5276 2706 5339 ὲδάνειζον.

2300 5387 2320 5420 ι
2372 5369 2671 5422 Ἠκούσατε
2700 5370 2780 5423 ὃτι
2809 5371 3005 5442 ἐρρέθη
3028 5388 3043 5403 ο
3087 5371 3418 5443 Ἀγαπήσεις
3451 5373 3542 5427 τὸν
3569 5372 3801 5445 πλησίον

2225 5476 2344 5523 σου,
2366 5461 2460 5513 καὶ
2481 5462 2737 5532 μισήσεις
2765 5463 2857 5517 τὸν
2884 5464 3076 5534 ἐχθρόν
3109 5481 3202 5517 σου
3218 5480 3231 5493 '
3271 5466 3381 5533 ἐγὼ
3400 5467 3459 5518 δὲ
3480 5465 3623 5533 λέγω
3642 5467 3796 5535 ὑμῖν·

2238 5550 2511 5619 Ἀγαπᾶτε
2560 5554 2687 5619 τοὺς
2715 5554 2941 5625 ἐχθροὺς
2979 5555 3151 5624 ὑμῶν.
3188 5575 3209 5608 ι
3247 5556 3520 5624 Ἐφθασεν
3559 5557 3655 5609 ἐπὶ
3698 5558 3801 5628 τὴν

2226 5644 2473 5715 κορυφὴν
2507 5644 2614 5698 τῶν
2657 5645 2870 5715 ἀρετῶν
2897 5660 2910 5675 ·
2965 5646 3027 5719 τί,
3057 5646 3163 5721 γὰρ
3210 5647 3399 5701 τούτου
3429 5648 3614 5718 μεῖζον
3639 5665 3655 5715 ;
3681 5650 3802 5702 Οὐκ

2226 5735 2488 5789 ἀδύνατον
2510 5735 2589 5790 δέ.
2622 5735 2825 5806 Μωσῆς
2851 5735 2961 5808 γὰρ
2985 5738 3074 5790 καὶ
3104 5738 3312 5803 Παῦλος
3332 5740 3456 5804 τοὺς
3479 5739 3597 5794 κατ’
3615 5739 3801 5796 αὐτῶν
