4078 6464
447 391 566 458 ’203

1319 386 1901 448 TIIEOPHYLACTI
1940 387 2352 450 BULGARIIE
2391 390 2746 454 ARCHIEP.

3598 395 3707 464 206

459 505 689 574 teipsum
751 500 984 571 ignores.
1048 495 1140 550 Vel
1203 496 1363 551 etiam
1439 498 1619 563 aliter,
1677 497 1907 552 Sinistra
1949 507 2034 553 cst

2138 500 2207 552 Ἣ
2232 499 2326 552 καὶ
2355 498 2529 565 ἄλλως
2551 517 2565 532 ·
2593 502 2879 573 ἀριστερὰ,
2911 503 2942 573 ή
2966 500 3260 568 κενοδοξία·
3293 499 3464 570 δεξιὰ,
3485 503 3522 576 ἡ
3548 502 3708 575 έλεη-

463 596 640 652 inanis
700 592 891 663 gloria,
965 591 1158 645 dextra
1225 605 1355 646 vero
1411 589 1778 660 eleemosyna,
1829 591 2036 645 nesciat

463 690 626 760 igitur
654 685 1052 756 eleemosynam
1078 681 1256 738 inanis
1280 681 1476 753 gloria.

531 782 696 836 Vens.
725 780 780 833 4.
821 795 839 829 ι
879 774 952 831 Ut
977 775 1050 832 sit
1077 773 1423 843 eleemosyna
1477 783 1566 829 tua
1622 773 1676 828 in
1731 773 1935 838 abdito,
1983 781 2036 826 et

460 872 621 926 Pater
655 881 779 926 tuus
805 868 904 938 qui
935 869 1080 922 videt
1117 866 1170 921 in
1228 866 1434 930 abdito,
1473 865 1658 920 reddet
1689 865 1784 920 tibi
1834 864 1884 918 in
1925 881 2038 917 ma-

465 965 682 1018 nifesto.
735 981 753 1014 δ
794 959 1060 1027 Quando?
1102 957 1254 1012 Tunc
1302 973 1422 1011 cum
1477 957 1615 1010 nuda
1665 967 1718 1011 et
1753 955 2035 1009 manifesta

459 1058 647 1110 omnia
667 1063 845 1116 erunt.
881 1062 934 1106 et
959 1061 1084 1106 tunc
1112 1052 1282 1121 magis
1307 1047 1700 1116 gloriﬁcabere.

537 1229 698 1284 Vens.
743 1230 794 1284 5.
832 1247 848 1279 ι
895 1227 958 1281 Et
986 1228 1200 1298 quando
1225 1239 1372 1292 oras,
1402 1240 1506 1279 non
1534 1225 1645 1280 eris
1671 1223 2037 1293 quemadmo-

463 1325 585 1377 dum
631 1322 950 1392 hypocritm.
991 1320 1078 1388 qui
1115 1327 1301 1372 amant
1361 1318 1412 1372 in
1465 1317 1843 1372 conciliabulis
1876 1324 1931 1370 et
1985 1316 2036 1369 in

461 1413 672 1483 angulis
722 1413 1015 1482 platearum
1063 1419 1270 1465 stantes
1303 1423 1480 1474 orare,
1525 1417 1582 1463 ut
1625 1407 1900 1478 conspicui
1932 1407 2039 1460 sint

461 1504 978 1560 hominibus.Amen
1006 1504 1127 1558 dico
1152 1502 1322 1565 vobis,
1348 1502 1490 1570 quod
1515 1499 1717 1554 habent
1735 1498 2036 1554 mercedem

464 1612 642 1653 suam.
687 1617 706 1649 ι
742 1595 1067 1666 llypocritas
1098 1601 1150 1647 et
1186 1593 1322 1646 istos
1356 1592 1620 1655 nominat,
1679 1591 1758 1644 uti
1818 1605 1912 1644 eos
1945 1590 2036 1660 qui

461 1691 711 1743 videntur
733 1689 948 1758 quidem
967 1687 1246 1742 attendere
1275 1685 1343 1738 ad
1368 1683 1559 1747 Deum,
1589 1683 1682 1736 sed
1707 1684 1772 1736 ad
1795 1683 2040 1737 homines

463 1782 632 1852 magis
668 1781 975 1843 attendunt,
1016 1794 1043 1831 a
1079 1777 1274 1848 quibus
1328 1776 1548 1843 habent,
1586 1776 1690 1830 hoc
1751 1782 1854 1839 est,
1892 1774 2037 1829 acci-

461 1874 616 1944 piunt
648 1874 947 1927 mercedem
977 1886 1150 1926 suam.

533 1964 699 2019 Vens.
725 1964 777 2018 6.
832 1982 850 2013 ι
886 1959 966 2014 Tu
1001 1967 1206 2027 autem,
1235 1960 1450 2030 quando
1483 1973 1634 2024 oras,
1667 1957 1948 2029 ingredere
1980 1956 2032 2010 in

459 2053 764 2107 cubiculum
799 2062 974 2114 tuum,
1010 2057 1065 2104 et
1113 2048 1295 2104 clausa
1325 2048 1495 2118 janua
1543 2057 1629 2102 tua
1672 2061 1764 2100 ora
1819 2046 2034 2100 Patrem

465 2156 612 2199 tuum
650 2144 702 2197 in
740 2142 1079 2206 abscondito,
1114 2150 1168 2197 et
1197 2139 1361 2194 Pater
1381 2150 1504 2194 tuus
1527 2139 1616 2210 qui
1646 2138 1791 2193 videt
1825 2139 1876 2192 in
1908 2139 2038 2192 abs-

470 2234 712 2298 condito,
767 2232 958 2288 reddet
991 2233 1086 2286 tibi
1140 2232 1192 2286 in
1230 2229 1538 2286 manifesto.
1582 2249 1601 2283 ι
1652 2228 1789 2298 Quid
1836 2228 2036 2298 igitur?

464 2327 516 2378 in
551 2323 781 2379 ecclesia
808 2338 913 2377 non
943 2321 1148 2377 orabo?
1180 2319 1437 2387 Omnino,
1493 2321 1586 2375 sed
1635 2329 1783 2374 recto
1831 2319 2035 2382 animo,

462 2426 515 2468 et
540 2415 675 2468 citra
699 2414 1145 2470 ostentationem.
1196 2411 1371 2467 Locus
1398 2411 1540 2466 enim
1575 2425 1680 2464 non
1729 2419 1910 2475 nocet,
1942 2410 2036 2464 sed

466 2505 660 2560 modus
691 2515 744 2560 et
775 2505 1025 2560 intentio.
1064 2503 1215 2558 Multi
1239 2502 1383 2559 enim
1411 2505 1575 2558 etiam
1619 2503 1674 2556 in
1711 2502 2035 2556 abscondito

463 2604 703 2661 orantes,
729 2595 832 2650 hoc
858 2602 916 2649 ut
946 2594 1256 2650 hominibus
1285 2593 1532 2664 placeant
1567 2591 1796 2647 faciunt.

528 2775 702 2831 Vens.
739 2775 790 2828 7.
826 2793 844 2827 ι
876 2773 1109 2830 Orantes
1166 2783 1372 2839 autem,
1429 2787 1496 2828 ne
1539 2772 1657 2828 sitis
1687 2770 1943 2841 battalogi
1981 2772 2037 2824 in

466 2870 722 2941 precibus
745 2869 966 2934 vestris,
1000 2868 1141 2923 sicut
1171 2866 1398 2922 ethnici.
1427 2883 1444 2916 ι
1504 2865 1800 2936 Battalogia
1827 2876 1907 2920 est
1937 2882 2037 2919 nu-

464 2963 690 3032 gacitas,
722 2971 776 3015 ut
804 2961 1032 3029 exempli
1059 2959 1256 3029 gratia,
1287 2966 1473 3026 petere
1503 2957 1702 3026 aliquid
1739 2970 2034 3023 terrenum,

461 3052 716 3122 gloriam,
767 3051 1010 3115 divitias,
1064 3051 1372 3104 victoriam.
1438 3047 1798 3104 Battarismus
1854 3056 2035 3101 autem

463 3155 548 3199 est
578 3142 924 3198 inartienlata
951 3157 1077 3208 vox,
1113 3139 1288 3211 qualis
1317 3148 1401 3195 est
1429 3154 1718 3210 puerorum
1745 3155 1761 3197 ;
1797 3147 1850 3193 tu
1874 3139 2039 3210 igitur

465 3250 531 3291 ne
558 3249 738 3303 nugax
760 3243 814 3289 et
849 3233 1203 3302 multiloquus
1236 3231 1331 3288 sis.
1365 3250 1383 3283 ι
1421 3229 1783 3286 Putantenim
1816 3231 1957 3302 quod
1983 3231 2036 3286 in
2065 3213 2107 3271 (ἶ

464 3325 802 3394 multiloquio
859 3337 959 3378 suo
1015 3324 1441 3378 exaudiantur.»
1502 3319 1618 3376 Non
1678 3330 1806 3377 sunt
1864 3321 2038 3392 longa:

463 3431 655 3485 preces
708 3414 985 3481 faciendae,
1047 3415 1142 3471 sed
1196 3416 1391 3481 breves
1425 3413 1649 3484 quidem
1701 3420 1756 3468 et
1811 3416 2035 3481 crebrae,

463 3515 676 3579 oportet
699 3507 842 3561 enim
877 3521 1047 3576 pauca
1097 3506 1382 3576 loquentes
1429 3519 1782 3578 perseverare
1819 3505 1871 3560 in
1909 3520 2036 3576 pre-

463 3601 638 3654 cibus.

533 3689 696 3746 Vens.
723 3689 777 3746 8.
825 3709 843 3742 ι
887 3690 962 3746 Ne
993 3691 1156 3763 igitur
1183 3691 1559 3747 assimilemini
1587 3692 1705 3761 eis;
1738 3694 1842 3749 scit
1893 3693 2036 3749 enim

469 3779 628 3838 Pater
665 3792 847 3837 vester
878 3782 1071 3852 quibus
1112 3783 1386 3854 indigetis,
1421 3795 1710 3856 antequam
1743 3787 1937 3855 petatis
1969 3785 2036 3840 ab

463 3874 574 3929 illo.
619 3893 636 3926 ι
670 3871 784 3930 Non
815 3876 959 3929 enim
986 3884 1041 3928 ut
1070 3873 1387 3942 doceamus,
1419 3876 1693 3946 petimus:
1727 3878 1821 3952 sed
1857 3887 1914 3932 ut
1938 3891 2036 3934 nos

463 3983 491 4020 a
527 3967 912 4036 temporalibus
937 3978 990 4021 et
1033 3966 1386 4022 saecularibus
1447 3969 1593 4023 curis
1625 3969 2031 4034 abstrahamus,

460 4070 514 4112 et
565 4059 737 4113 otiose
786 4066 839 4114 et
889 4072 1082 4128 magna
1131 4073 1253 4112 cum
1288 4057 1518 4114 utilitate
1566 4074 1690 4115 cum
1747 4074 1815 4115 eo
1863 4059 2032 4116 collo-

459 4167 712 4218 quantur.
872 4136 873 4139 η

533 4239 697 4294 Vens.
736 4241 789 4296 9.
829 4259 846 4291 ι
888 4240 980 4296 Sic
1035 4241 1198 4311 igitur
1235 4251 1390 4298 orate
1425 4257 1521 4298 vos
1553 4259 1567 4297 :
1619 4241 1780 4298 Pater
1823 4253 2030 4310 noster,

455 4332 554 4401 qui
605 4345 664 4385 es
715 4332 768 4384 in
804 4332 978 4385 caelis.
1019 4350 1037 4382 ι
1099 4328 1256 4385 Aliud
1289 4342 1374 4388 est
1404 4343 1607 4400 votum,
1657 4335 1803 4388 aliud
1832 4336 2029 4390 oratio.

467 4421 654 4477 Votum
688 4423 832 4476 enim
867 4433 950 4477 est
990 4425 1279 4493 promissio
1324 4439 1506 4479 coram
1559 4425 1691 4491 Deo,
1723 4434 1782 4480 ut
1814 4428 2032 4496 quando

463 4516 726 4585 promittit
753 4517 875 4584 quis
917 4530 976 4571 se
1005 4515 1283 4572 abstinere
1313 4531 1342 4570 a
1370 4516 1520 4582 vino,
1548 4517 1630 4574 vel
1657 4517 1763 4571 alia
1797 4518 2031 4588 quadam

463 4623 520 4661 re
567 4625 580 4660 :
639 4608 814 4661 oratio
845 4619 1024 4675 autem
1055 4609 1242 4678 petitio
1272 4608 1562 4664 bonorum.
1607 4607 1806 4664 Dicens
1851 4620 2030 4665 autem

462 4695 644 4765 Pater,
679 4699 916 4754 ostendit
950 4699 1040 4754 tibi
1078 4710 1277 4768 quanta
1309 4702 1448 4757 bona
1483 4702 1557 4756 sis
1609 4709 1908 4770 assecutus,
1951 4700 2032 4756 la-

466 4802 585 4846 (tus
621 4791 764 4846 illius
787 4788 903 4845 Dei.
933 4789 996 4843 Et
1029 4791 1152 4844 dum
1181 4791 1336 4859 dicit,
1370 4793 1424 4847 In
1456 4792 1632 4858 cmlis,
1665 4794 1900 4848 OStendit
1933 4794 2029 4850 tibi

461 4888 687 4956 patriam
725 4895 870 4940 tuam
925 4895 981 4940 et
1037 4886 1255 4940 domum
1309 4897 1608 4957 paternam.
1671 4887 1807 4944 bam
1850 4889 1894 4944 si
1951 4889 2030 4945 vis

468 4980 663 5031 habere
690 4975 901 5032 Patrem
939 4979 1129 5040 lleum.
1161 4979 1212 5033 itt
1255 4977 1363 5050 32
1393 4979 1560 5036 caelos
1600 4988 1805 5050 specta,
1844 4991 1899 5036 et
1927 4995 2031 5036 non

463 5072 516 5123 in
561 5080 778 5123 terram.
810 5067 927 5124 Non
973 5071 1109 5127 dicis
1144 5078 1346 5138 autem,
1378 5069 1542 5126 Pater
1597 5087 1769 5136 meus,
1809 5070 1905 5127 sed
1937 5072 2034 5127 Pa-

464 5169 546 5216 ter
591 5167 799 5225 noster,
857 5171 914 5214 ut
959 5176 1150 5218 omnes
1197 5161 1351 5232 quasi
1409 5160 1605 5218 fratres
1660 5165 1818 5220 unius
1863 5164 2033 5235 patris

463 5251 684 5306 habeas.
749 5270 765 5303 ι
801 5250 1190 5314 Sauctilicetur
1228 5269 1423 5314 nomen
1469 5264 1642 5309 tuum.
1680 5271 1699 5306 ι
1762 5254 1876 5318 Π,οσ
1926 5265 2030 5324 est,

461 5345 623 5402 facito
654 5359 753 5401 nos
791 5353 1034 5412 sanctos,
1068 5352 1147 5402 ut‘
1173 5356 1227 5403 et
1261 5357 1313 5404 tu
1374 5363 1471 5418 per
1523 5363 1634 5410 nos
1689 5347 2027 5418 gloriﬁceris.

463 5439 612 5492 Sicut
639 5438 785 5492 enim
831 5437 1240 5508 blasphematur
1279 5450 1500 5512 propter
1527 5454 1633 5509 me,
1676 5442 1748 5495 ita
1807 5450 1862 5496 et
1903 5456 2031 5497 san-

463 5530 734 5583 ctiticatur
766 5538 988 5602 propter
1039 5546 1126 5587 me
1186 5531 1330 5588 Deus
1373 5549 1385 5585 :
1430 5533 1532 5589 hoc
1577 5543 1681 5599 est,
1721 5543 1779 5588 ut
1810 5546 2030 5591 sanctus

462 5624 591 5688 πίω
605 5622 816 5676 licatur.

531 5712 693 5766 Vens.
729 5713 814 5766 l0.
849 5730 868 5765 ι
903 5714 1172 5770 Adveniat
1216 5729 1440 5786 regnum
1483 5726 1653 5772 tuum.
1694 5737 1713 5772 ι
1748 5717 2030 5778 Secundus

459 5803 660 5860 adiret
683 5803 948 5862 adventus
977 5821 991 5875 ;
1019 5821 1163 5876 nam,
1185 5806 1354 5864 fretus
1377 5811 1512 5866 bona
1541 5811 1891 5882 conscientia,
1913 5827 2032 5883 pre-

2139 592 2368 664 μοσύνηο
2407 594 2482 666 μὴ
2505 595 2823 663 γινωσκέτω
2843 590 2935 651 οῦν
2965 595 3000 667 ἡ
3032 593 3305 661 κενοδοξία
3331 594 3429 668 τὴν
3475 595 3709 669 ἐλεημο-

2140 685 2326 758 σύνην.

2215 797 2234 830 ι
2278 777 2467 840 Ὅπως
2570 795 2662 832 σου
2691 779 2723 850 ἡ
2761 777 3094 850 ἐλεημοσύνη
3136 779 3193 832 ὲν
3227 779 3303 846 τῷ
3337 777 3588 848 κρυπτῷ,
3617 776 3716 830 καὶ

2136 871 2162 924 6
2197 871 2386 940 Πατήρ
2429 887 2522 923 σου
2577 873 2604 924 6
2635 870 2848 942 βλέπων
2881 873 2938 924 ὲν
2975 869 3052 940 τῷ
3083 887 3333 940 κρυπτῳ,
3373 868 3534 930 αὐτὸς
3580 869 3689 921 ἀπο

2136 959 2296 1014 δώσει
2329 978 2412 1012 σοι
2443 962 2500 1014 ὲν
2545 962 2624 1032 τῷ
2658 961 2896 1032 φανερῷ.
2937 981 2955 1013 ι
3013 961 3186 1026 Πότε;
3219 959 3350 1013 Ὅτε
3403 959 3585 1028 γυμνὰ
3619 959 3714 1011 καὶ

2138 1051 2349 1123 φανερὰ
2403 1053 2580 1107 πάντα
2637 1053 3022 1119 παρίστανται,
3083 1053 3174 1106 καὶ
3227 1052 3349 1105 τότε
3406 1050 3717 1120 δοξασθήσῃ

2142 1145 2365 1218 μᾶλλον.

2212 1256 2231 1289 ι
2262 1238 2370 1291 Καὶ
2384 1239 2512 1292 ὅταν
2536 1238 2833 1310 προσεύχῃ,
2858 1238 2956 1290 οὐκ
2986 1235 3083 1307 ἔσῃ
3107 1235 3294 1307 ὥσπερ
3317 1235 3364 1288 οί
3395 1232 3713 1303 ὑποκριταὶ,

2138 1331 2219 1384 ὅτι
2249 1329 2495 1400 φιλοῦσιν
2543 1332 2601 1383 έν
2653 1334 2772 1394 ταῖς
2805 1333 3152 1400 συναγωγαῖς
3205 1329 3300 1383 καὶ
3346 1329 3404 1381 έν
3453 1329 3571 1390 ταῖς
3602 1342 3716 1394 γω-

2139 1423 2282 1488 νίαις
2307 1423 2414 1476 τῶν
2447 1423 2720 1476 πλατειῶν
2753 1423 2986 1486 ἑστῶτες
3011 1421 3433 1492 προσεύχεσθαι,
3463 1419 3610 1481 ὅπως
3646 1416 3715 1470 ἂν

2140 1515 2350 1585 φανῶσι
2378 1519 2488 1579 τοῖς
2517 1516 2848 1587 ἀνθρώποις.
2901 1516 3072 1587 Ἀμὴν
3105 1515 3249 1585 λέγω
3296 1515 3445 1584 ὑμῖν,
3474 1513 3555 1565 ὃτι
3579 1511 3717 1564 ἀπέ-

2139 1623 2292 1677 χουσι
2319 1607 2409 1660 τὸν
2439 1607 2629 1678 μισθὸν
2659 1607 2858 1662 αὐτῶν.
2903 1627 2922 1660 ι
2969 1605 3302 1678 ’Υποκριτάς
3357 1604 3452 1658 καὶ
3488 1603 3717 1664 τούτους

2138 1701 2414 1771 ὀνομάζει,
2447 1703 2521 1764 ὡς
2547 1700 2843 1764 δοκοῦντας
2873 1699 2973 1770 μὲν
3003 1697 3121 1770 Θεῷ
3152 1697 3467 1771 προσέχειν,
3499 1692 3715 1765 ἀνθρὼ-

2140 1810 2262 1857 ποις
2293 1793 2349 1846 δὲ
2372 1793 2736 1864 προσέχοντας
2769 1809 2785 1824 ο
2822 1793 2952 1864 παρ’
2983 1784 3057 1846 ὧν
3094 1791 3383 1862 ἀπέχουσι,
3414 1786 3715 1852 τουτέστιν,

2066 1865 2107 1923 Β
2138 1886 2584 1956 ἀπολαμϐάνουσι
2605 1885 2704 1938 ’τὸν
2740 1883 2928 1956 μισθὸν
2955 1883 3153 1937 αὐτῶν.

2215 1996 2234 2030 ι
2275 1978 2345 2030 Σὺ
2393 1977 2449 2030 δὲ
2479 1978 2607 2031 ὅταν
2648 1974 2952 2048 προσεύχῃ,
3005 1974 3213 2028 εἴσελθε
3248 1975 3330 2039 είς
3368 1976 3430 2029 τὸ
3482 1976 3716 2046 ταμεῖόν

2141 2086 2257 2133 σου,
2299 2069 2395 2121 καὶ
2428 2067 2647 2131 κλείσας
2673 2067 2772 2140 τὴν
2800 2067 2971 2138 θύραν
3003 2084 3119 2134 σου,
3147 2067 3442 2138 πρόσευξαι
3489 2068 3567 2138 τῷ
3595 2069 3714 2122 Πα-

2138 2159 2227 2228 τρί
2250 2176 2341 2213 σου
2373 2159 2452 2230 τῷ
2473 2161 2531 2214 ἐν
2553 2157 2630 2231 τῷ
2651 2159 2898 2230 κρυπτῷ,
2923 2159 3017 2212 καὶ
3042 2159 3071 2211 6
3097 2159 3288 2230 Πατήρ
3323 2175 3416 2214 σου
3439 2161 3468 2213 6
3496 2159 3716 2232 βλέπων

2138 2253 2197 2305 έν
2230 2251 2308 2322 τῷ
2356 2251 2606 2323 κρυπτῷ,
2657 2249 2932 2305 ἀποδώσει
2971 2267 3052 2302 σοι
3100 2249 3160 2304 ὲν
3190 2249 3268 2321 τῷ
3303 2250 3542 2322 φανερῷ.
3576 2270 3594 2302 ι
3646 2251 3716 2305 Τί

2138 2343 2262 2412 οῦν,
2291 2347 2350 2399 ἐν
2385 2344 2651 2415 ἐκκλησίᾳ
2673 2343 2746 2414 μὴ
2775 2343 3197 2415 προσεύξωμαις
3231 2345 3342 2398 Καὶ
3373 2345 3513 2398 πάνυ
3536 2360 3548 2374 ·
3574 2343 3715 2398 ἀλλὰ

2142 2439 2282 2509 μετὰ
2328 2435 2556 2509 γνώμης
2593 2436 2779 2508 ὀρθῆς,
2819 2435 2915 2490 καὶ
2969 2435 3110 2489 ὥστε
3149 2436 3225 2507 μὴ
3277 2435 3711 2502 ἐπιδείκνυσθαι,

2138 2531 2259 2584 ἐπεὶ
2287 2532 2314 2584 6
2353 2532 2514 2592 τόπος
2544 2529 2604 2580 οὐ
2641 2527 2892 2598 βλάπτει,
2926 2526 3043 2581 ἀλλ’
3075 2528 3104 2580 6
3147 2526 3347 2598 τρόπος
3386 2527 3478 2580 καὶ
3524 2528 3553 2580 6
3584 2545 3710 2579 σκο-

2140 2624 2259 2686 πός.
2302 2621 2494 2676 Πολλοὶ
2543 2619 2674 2686 γοῦν
2732 2622 2790 2672 ὲν
2833 2619 2911 2690 τῷ
2963 2619 3191 2691 κρυπτῷ
3237 2619 3538 2690 εὐχόμενοι,
3574 2617 3716 2688 πρὸς

2139 2715 2632 2784 ἀνθρωπαρεσκίαν
2662 2711 2818 2766 τοῦτο
2843 2711 3108 2766 ποιοῦσιν.
3515 2749 3518 2751 ›

2217 2825 2234 2857 ι
2279 2802 2810 2876 Προσευχόμενοιδὲ,
2839 2803 2915 2873 μὴ
2949 2800 3408 2871 βαττολογήσητε,
3437 2800 3624 2871 ὥσπερ
3658 2799 3715 2852 σι

2141 2890 2364 2944 ἐθνικοί.
2403 2908 2421 2942 ι
2482 2890 2814 2958 Βαττολογία
2873 2890 3021 2942 ἐστὶν
3081 2888 3427 2960 ήφλυαρίαο
3466 2885 3597 2951 οἷον,
3650 2889 3714 2942 τὸ

2140 2985 2311 3037 αἰτεῖν
2343 2999 2396 3034 τι
2435 2981 2543 3034 τῶν
2577 2983 2800 3051 γηΐνων,
2834 2979 3014 3045 δόξαν,
3049 2980 3303 3043 πλοῦτον,
3359 2980 3536 3050 νίκην,
3570 2981 3712 3032 Βατ-

2138 3074 2404 3145 ταρισμὸς
2431 3073 2487 3126 δέ
2522 3073 2725 3142 ἐστινὴ
2758 3071 3027 3143 ἄναρθρος
3063 3072 3235 3141 φωνὴ,
3265 3072 3340 3134 ὡς
3381 3072 3414 3142 ἡ
3441 3069 3550 3124 τῶν
3584 3087 3718 3123 παι-

2140 3166 2268 3220 δίων
2295 3181 2310 3197 ⁸
2339 3166 2402 3218 σὺ
2427 3167 2606 3218 τοίνυν
2640 3165 2714 3236 μὴ
2743 3164 2983 3235 φλύαρος
3017 3165 3129 3218 ἔσο.
3171 3163 3400 3217 Δοκοῦσι
3447 3165 3578 3234 γάρ,
3625 3162 3716 3216 ὅτι

2141 3257 2198 3310 έν
2259 3259 2326 3326 τῇ
2361 3255 2659 3325 πολυλογίᾳ
2693 3255 2880 3309 αὐτῶν
2901 3254 3445 3325 εἰσακουσθήσονται.
3500 3253 3576 3308 Οὐ
3629 3252 3718 3306 δεῖ

2144 3347 2364 3419 μακράς
2404 3348 2678 3401 ποιεῖσθαι
2717 3347 2816 3411 τὰς
2873 3348 3060 3418 εὐχὰς,
3105 3347 3241 3401 ἀλλά
3295 3345 3559 3418 βραχείας
3587 3345 3709 3415 μὲν,

2141 3441 2402 3510 συχνάκις
2448 3439 2526 3505 δὲ,
2567 3441 2662 3494 καὶ
2701 3440 2859 3508 ὀλίγα
2893 3438 3318 3511 φθεγγομένους,
3365 3454 3718 3510 προσκαρτε-

2141 3536 2255 3604 ρεῖν
2283 3536 2347 3604 τῇ
2379 3535 2535 3604 εὐχῇ.

2193 3690 2234 3762 γι
2266 3709 2359 3782 Μὴ
2402 3710 2494 3766 οὖν
2523 3711 2826 3784 ὁμοιωθῆτε
2881 3714 3088 3781 αὐτοῖς,
3131 3709 3242 3770 οἶδε
3283 3715 3393 3784 γὰρ
3441 3716 3469 3770 6
3519 3714 3714 3786 Πατὴρ

2139 3801 2292 3872 ὐμῶν
2307 3795 2382 3856 ὧν
2407 3804 2598 3874 χρείαν
2618 3804 2770 3876 ἔχετε
2795 3807 2900 3878 πρὸ
2928 3806 3022 3860 τοῦ
3052 3807 3198 3878 ὑμᾶς
3230 3808 3448 3877 αἰτῆσαι
3470 3805 3652 3861 αὐτόν.
3687 3826 3706 3859 ι

2097 3937 2107 3943 .
2139 3893 2214 3948 0:5
2265 3895 2372 3964 γὰρ
2417 3895 2506 3950 ἵνα
2537 3896 2836 3968 διδάξωμεν
2875 3897 3158 3970 αἰτοῦμεν,
3190 3897 3307 3952 ἀλλ’
3341 3899 3430 3952 ῐνα
3477 3897 3707 3961 ἑαυτοὺς

2138 3985 2614 4056 ἀπασχολήσαντες
2652 3989 2761 4042 τῶν
2818 3989 3111 4060 βιωτικῶν,
3163 3989 3540 4062 ῶφεληθῶμεν
3584 3989 3712 4058 ὁμι-

2137 4074 2357 4140 λοῦντες
2385 4077 2553 4148 αὐτῷ.

2211 4273 2229 4306 ι
2269 4253 2455 4319 Οὐτως
2475 4253 2567 4308 οῦν
2594 4255 2961 4327 προσεύχεσθε
2995 4258 3150 4329 ὑμεῖς
3185 4272 3200 4286 ⁸
3238 4257 3421 4324 Πάτερ
3453 4255 3641 4327 ἡμῶν,
3679 4259 3708 4310 6

2136 4346 2196 4399 ὲν
2222 4349 2333 4411 τοῖς
2352 4348 2618 4417 οὐρανοῖς.
2657 4366 2676 4400 ι
2716 4349 2863 4419 Εὐχὴ
2921 4347 3070 4415 ἀλλο,
3107 4349 3200 4402 καὶ
3228 4349 3506 4420 προσευχὴ
3551 4348 3705 4403 ἀλλο.

2135 4441 2284 4511 Εὐχὴ
2312 4440 2411 4506 μὲν
2439 4441 2546 4511 γάρ
2579 4441 2726 4493 ἐστιν
2759 4439 3052 4510 ὑπόσχεσις
3087 4439 3223 4509 πρὸς
3266 4439 3400 4492 Θεόν
3429 4456 3445 4472 ο
3479 4438 3553 4502 ὡς
3577 4440 3710 4492 ὅταν

2065 4563 2112 4622 n
2140 4532 2467 4602 ὐπισχνῆταί
2522 4549 2606 4596 τις
2653 4531 2992 4600 ἀποσχέσθαι
3041 4531 3187 4585 οἴνου
3239 4531 3465 4602 ἣάλλου
3515 4530 3661 4595 τινός
3689 4546 3704 4560 °

2141 4623 2416 4695 προσευχὴ
2464 4623 2543 4685 δὲ,
2594 4621 2814 4689 ἀγαθῶν
2857 4621 3094 4690 αῐτησις.
3177 4622 3359 4693 Πάτερ
3406 4622 3464 4676 δὲ
3514 4621 3708 4686 εἰπὼν,

2135 4709 2374 4764 δείκνυσί
2405 4725 2485 4762 σοι
2517 4709 2676 4762 τίνων
2715 4707 2938 4777 ἀγαθῶν
2971 4709 3229 4780 ὴξιώθης,
3279 4709 3399 4772 υίὸς
3442 4708 3576 4762 Θεοῦ
3611 4727 3710 4777 γεο

2136 4797 2308 4868 γονώς
2336 4815 2349 4829 ·
2380 4800 2437 4852 έν
2465 4799 2520 4852 δὲ
2553 4797 2631 4868 τῷ
2662 4800 2856 4863 εἰπεῖν,
2891 4801 2949 4850 ὲν
2983 4804 3095 4863 τοῖς
3115 4801 3382 4871 οὐρανοῖς,
3419 4799 3583 4865 έδειξέ
3623 4816 3710 4851 σοι

2135 4892 2233 4963 τὴν
2261 4893 2494 4964 πατρίδα
2543 4909 2635 4945 σου
2669 4895 2764 4946 καὶ
2815 4891 2906 4945 τὸν
2937 4887 3085 4945 οἷκον
3112 4893 3204 4946 τὸν
3245 4893 3510 4964 πατρικόν
3543 4909 3557 4922 ·
3610 4892 3710 4944 ὲάν

2137 4985 2244 5054 γάρ
2276 4983 2435 5055 θέλῃς
2468 4983 2611 5054 ἔχειν
2659 4983 2877 5053 Πατέρα
2902 4984 2992 5037 τὸν
3029 4984 3184 5052 Θεὸν,
3217 4987 3351 5056 πρὸς
3382 4985 3508 5048 τούς
3538 4983 3708 5052 οὐρα-

2135 5077 2259 5139 νοὺς
2299 5074 2486 5145 βλέπε,
2517 5077 2612 5129 καὶ
2647 5075 2721 5147 μὴ
2784 5077 2920 5146 πρὸς
2961 5077 3063 5147 γῆν
3086 5094 3101 5109 ·
3137 5078 3199 5130 οὐ
3230 5069 3408 5145 λέγεις
3467 5075 3545 5142 δὲ,
3593 5075 3710 5129 Πά-

2136 5183 2232 5238 τερ
2257 5183 2382 5236 μου,
2429 5165 2591 5234 ἀλλὰ,
2627 5169 2808 5239 Πάτερ
2829 5168 3008 5238 ἡμῶν,
3032 5170 3106 5234 ὠς
3136 5170 3203 5224 ἂν
3224 5169 3366 5240 ἔχοις
3395 5169 3602 5232 πάντας
3630 5168 3706 5231 ῶς

2133 5257 2396 5328 ἀδελφοὺς
2422 5259 2538 5322 ένὸς
2566 5260 2800 5331 Πατρός.
2835 5279 2854 5313 ι
2894 5261 3240 5333 Ἀγιασθήτω
3257 5264 3316 5314 τὸ
3333 5261 3505 5331 ὄνομά
3532 5277 3648 5315 σου.
3682 5279 3701 5312 ι

2134 5351 2418 5416 Τουτέστι,
2445 5350 2676 5422 Ποίησον
2702 5353 2852 5422 ἡμᾶς
2878 5355 3089 5423 ἁγίους,
3120 5354 3208 5408 τνα
3244 5355 3340 5408 καὶ
3372 5355 3436 5407 σὺ
3459 5354 3528 5407 δι’
3557 5354 3707 5424 ἡμᾶς

2133 5442 2331 5516 δοξάζῃ
2364 5458 2380 5474 ο
2432 5443 2507 5508 ὡς
2557 5443 2666 5514 γὰρ
2695 5442 3097 5516 βλασφημεῖται
3152 5445 3220 5498 δι’
3265 5447 3386 5518 ἐμὲ,
3431 5445 3574 5499 οὕτω
3610 5446 3708 5498 καὶ

2133 5537 2418 5604 ἁγιάζεται
2468 5536 2536 5589 δι’
2587 5537 2689 5608 ἐμὲ
2733 5539 2761 5592 6
2794 5537 2947 5604 Θεὸς,
2985 5541 3284 5606 τουτέστιν,
3321 5541 3396 5605 ὡς
3426 5539 3579 5610 ἆγιος
3618 5541 3710 5595 δο-

2135 5628 2377 5695 ξάζεται.

2210 5741 2228 5774 ι
2277 5721 2505 5775 Ἐλθέτω
2533 5722 2566 5793 ἡ
2590 5720 2837 5793 βασιλεία
2863 5741 2977 5777 σου.
3005 5743 3025 5777 ι
3059 5726 3373 5790 Τουτέστιν,
3413 5725 3446 5797 ἡ
3477 5724 3712 5794 δευτέρα

2135 5813 2430 5884 παρουσία·
2469 5815 2498 5867 ὁ
2537 5815 2648 5883 γάρ
2680 5817 2918 5881 συνειδὸς
2945 5816 3083 5888 έχων
3116 5818 3700 5890 πεπαρρησιασμένον,
