4078 6464
373 469 483 532 205

1013 466 1460 528 ENARRATIO
1503 465 1584 526 IN
1623 461 2126 526 EVANGELIUM
2162 461 2814 531 MATTH/EL—CAP.
2854 468 2950 531 Vl.

3519 463 3626 530 206

370 582 593 652 εὔχεται
626 579 802 633 ἐλθεῖν
822 578 920 649 τὴν
949 579 1244 636 ἀνάστασιν
1283 581 1378 637 καὶ
1409 581 1510 654 τήν
1543 578 1748 652 κρίσιν.
1784 598 1802 630 ι
1842 578 1940 631 Γε-

2055 586 2200 632 catur
2247 587 2303 632 nt
2356 581 2538 636 veniat
2601 583 2926 638 resurrectio
2966 590 3021 637 et
3086 580 3377 652 judicium.
3440 597 3458 631 ι
3500 575 3622 635 Fiat

368 675 590 744 νηθήτω
610 674 674 725 τὸ
707 672 921 742 θέλημά
975 689 1068 726 σου
1108 673 1183 734 ὡς
1215 675 1275 727 ὲν
1321 673 1536 746 οὐρανῷ
1569 674 1662 728 καὶ
1719 672 1812 726 ἐπὶ
1849 671 1948 741 τῆς

363 768 493 836 γῆς.
520 765 789 834 ›⁶Ὠσπερ,
824 765 1012 834 φησιν,
1041 765 1091 818 οἱ
1125 766 1353 834 ἄγγελοι
1375 765 1618 820 ποιοῦσιν
1646 765 1708 818 τὸ
1739 762 1951 835 θέλημά

370 877 489 920 σου,
524 857 670 911 οὔτω
700 859 795 911 καὶ
818 858 948 928 ἡμῖν
971 857 1059 922 δὸς
1091 861 1264 911 ποιεῖν
1290 857 1448 913 αύτό.

448 969 467 1001 ι
507 949 615 1003 Τὸν
647 948 813 1018 ἄρτον
863 947 1022 1021 ήμῶν
1071 948 1164 1000 τὸν
1223 948 1501 1002 ἐπιούσιον
1561 948 1649 1010 δὸς
1687 949 1820 1017 ήμῖν
1855 946 1952 1017 σή-

369 1060 435 1113 με
448 1058 560 1112 ρον.
607 1059 626 1091 a
676 1038 1010 1106 Ἑπιούσιον,
1033 1039 1124 1092 τὸν
1153 1039 1247 1092 ἐπὶ
1276 1042 1342 1111 τῇ
1377 1038 1536 1110 οὐσίᾳ
1574 1040 1667 1092 καὶ
1695 1038 1951 1092 συστάσει

362 1133 527 1203 ἡμῶν
565 1131 842 1200 αὐτάρκη,
893 1130 1058 1198 φησίν
1088 1145 1101 1159 ⁶
1157 1131 1375 1200 ἀναιρεῖ
1429 1129 1487 1182 δὲ
1537 1131 1637 1200 τὴν
1676 1129 1805 1200 περὶ
1849 1127 1952 1198 τῆς

361 1222 558 1293 αὔριον
582 1222 878 1291 μέριμναν,
908 1223 1001 1273 καὶ
1028 1221 1088 1273 τὸ
1117 1221 1278 1289 σῶμα
1305 1220 1362 1272 δὲ
1383 1220 1478 1274 τοῦ
1514 1219 1752 1292 Χριστοῦ
1787 1221 1952 1290 ἄρτος

361 1315 516 1367 ἐστὶν
554 1313 830 1377 ὲπιούσιος
861 1329 875 1343 ο
934 1309 996 1369 οὗ
1055 1313 1497 1385 μεταλαμϐάνειν
1564 1312 1951 1385 ἀκατακρίτως

361 1407 665 1477 εὐχόμεθα.

452 1513 470 1547 ι
516 1495 627 1547 Καὶ
664 1494 800 1563 ἄφες
841 1497 974 1565 ἡμῖν
1009 1495 1078 1549 τὰ
1103 1495 1445 1567 ὀφειλήματα
1488 1495 1669 1567 ήμῶν,
1723 1496 1799 1560 ὼς
1858 1495 1951 1548 καὶ

361 1587 531 1655 ἡμεῖς
567 1585 801 1655 ἀφίεμεν
836 1589 948 1650 τοῖς
985 1586 1294 1656 ὀφειλέταις
1325 1588 1503 1658 ἡμῶν.
1539 1608 1559 1642 ι
1607 1587 1826 1654 Ἐπειδὴ
1857 1589 1951 1641 καὶ

361 1675 508 1746 μετὰ
565 1676 628 1728 τὸ
682 1676 968 1748 βάπτισμα
1024 1677 1437 1748 ἁμαρτάνομεν,
1501 1676 1813 1747 ἱκετεύομεν
1863 1677 1951 1731 ἵνα.

355 1770 552 1841 ἀφήσῃ
595 1770 748 1840 ἡμῖν·
793 1769 935 1823 οὕτω
980 1769 1035 1822 δὲ
1078 1769 1254 1840 ἀφήσε
1326 1770 1400 1833 ὡς
1431 1770 1524 1823 καὶ
1570 1771 1753 1839 ἡμεῖς.
1821 1766 1950 1822 Ἐὰν

357 1861 477 1932 γὰρ
508 1862 968 1933 μνησικακῶμεν,
994 1862 1095 1915 οὐκ
1124 1863 1322 1932 ἀφήσει
1355 1863 1486 1934 ἡμῖν
1508 1877 1523 1892 ο
1567 1862 1668 1932 ἐμὲ
1697 1861 1805 1932 γὰρ
1835 1859 1948 1931 ἔχει

2055 670 2303 725 voluntas
2351 683 2440 725 tua
2509 673 2653 729 sicut
2693 675 2746 729 in
2802 672 2942 729 ctelo
2975 682 3029 730 et
3068 674 3122 729 in
3156 683 3320 730 terra.
3366 692 3388 726 ›
3443 672 3622 734 Sicut.

2053 761 2246 830 inquit,
2283 763 2459 834 angeli
2493 763 2697 820 faciunt
2733 764 3064 821 voluntatem
3097 774 3264 824 tuam.
3333 765 3404 820 ita
3434 774 3488 820 et
3520 780 3620 820 nos

2053 856 2116 906 da
2148 870 2266 907 eam
2307 854 2328 906 ι
2331 871 2507 911 acere.

2127 945 2292 1001 Vens.
2331 948 2418 1004 11.
2451 967 2469 1000 ι
2512 948 2711 1003 Panem
2749 957 2993 1002 nostrum
3029 949 3614 1016 supersubstantialem

2053 1039 2118 1093 da
2178 1041 2332 1094 nobis
2385 1040 2562 1094 hodie.
2601 1060 2620 1093 ι
2677 1039 3269 1110 Supersnbstantialem
3316 1039 3470 1107 dicit,
3527 1042 3624 1110 qui

2052 1133 2368 1186 substantiae
2428 1142 2484 1188 et
2531 1133 2906 1188 constitutioni
2969 1140 3167 1188 nostra:
3217 1133 3431 1199 suiIicit,
3486 1134 3626 1188 tollit

2052 1232 2230 1276 autem
2263 1238 2448 1278 curam
2487 1226 2554 1278 de
2594 1227 2854 1280 crastino.
2891 1223 3034 1290 Quin
3083 1233 3137 1280 et
3183 1239 3382 1294 corpus
3421 1225 3623 1280 Christi

2053 1315 2208 1384 panis
2235 1325 2318 1370 est
2354 1317 2888 1386 supersnhstantialis
2920 1334 2934 1373 :
2990 1317 3144 1386 cujus
3174 1331 3298 1372 esse
3331 1318 3625 1389 participes

2053 1406 2186 1460 citra
2215 1407 2722 1462 condemnationem
2758 1423 3063 1478 precamur.

2123 1497 2290 1554 Vens.
2323 1497 2412 1552 i2.
2443 1516 2461 1550 ι
2499 1497 2566 1552 Ει
2601 1499 2816 1555 dimitte
2845 1500 3002 1556 nobis
3027 1501 3206 1578 tlebita
3243 1510 3452 1566 nostra,
3486 1501 3628 1559 sicut

2053 1597 2108 1644 et
2162 1604 2263 1645 nos
2315 1590 2638 1647 dimittimus
2682 1591 3022 1649 debitoribus
3063 1595 3289 1650 nostris.
3334 1612 3355 1645 ι
3403 1593 3538 1661 Quia
3573 1605 3627 1648 ct

2054 1691 2174 1751 post
2199 1683 2460 1752 baptisma
2492 1699 2806 1754 peccamus,
2831 1686 3134 1753 {precamur
3167 1695 3229 1741 ut
3261 1685 3498 1742 dimittat
3528 1701 3628 1740 no-

2054 1774 2158 1840 bis,
2211 1777 2288 1830 sic
2319 1785 2502 1830 autem
2537 1776 2794 1842 dimittet,
2853 1778 3306 1848 quemadmodum
3359 1787 3416 1832 et
3466 1792 3567 1833 nos
3607 1793 3622 1830 :

2055 1883 2178 1921 nam
2214 1867 2260 1922 si
2317 1868 2569 1924 vindictae
2621 1867 2766 1923 avidi
2796 1877 2852 1923 et
2897 1883 3169 1924 memores
3199 1868 3482 1932 fuerimus,
3516 1884 3622 1923 non

356 1961 390 2011 ὁ
417 1959 554 2023 Θεὸς
586 1958 942 2030 παράδειγμα
968 1972 982 1986 ⁸
1014 1956 1108 2011 καὶ
1142 1957 1170 2010 ὂ
1201 1956 1340 2011 ποιῶ
1374 1957 1462 2010 ἐπ’
1487 1955 1657 2026 ἄλλῳ,
1687 1959 1832 2010 ποιεῖ
1863 1955 1950 2009 ἐπ’

2056 1959 2320 2014 remittet.
2344 1959 2516 2014 Habet
2540 1976 2630 2017 me
2651 1959 2794 2017 Deus
2816 1973 2874 2016 ut
2900 1961 3212 2033 exemplar:
3238 1962 3456 2032 etquod
3483 1960 3624 2016 facio
3711 1973 3726 1986 '

359 2050 517 2119 ἐμοί.

446 2160 464 2192 ι
505 2142 617 2196 Καὶ
639 2141 715 2213 μὴ
739 2140 1062 2212 εἰσενέγκῃς
1093 2140 1237 2212 ἡμᾶς
1255 2140 1334 2203 εἰς
1349 2136 1674 2210 πειρασμόν.
1705 2157 1725 2190 ›
1768 2136 1952 2190 ’Λσθε-

362 2237 485 2298 vei;
519 2238 690 2304 ἐσμεν
721 2236 766 2288 oi
799 2233 1099 2306 ἄνθρωποι,
1123 2232 1203 2286 διὸ
1235 2233 1298 2286 οὐ
1332 2232 1412 2286 δεῖ
1444 2231 1791 2304 ὲπιῤῥίπτειν
1816 2232 1949 2284 εαυ-

367 2336 502 2394 τοὺς
529 2334 639 2395 τοῖς
670 2332 997 2401 πειρασμοῖς
1021 2344 1036 2360 ο
1063 2327 1177 2382 ἀλλ’
1219 2327 1560 2396 ἐμπεσόντας
1599 2323 1852 2396 εὔχεσθαι
1875 2323 1951 2395 μὴ

366 2420 759 2490 καταποθῆναι
793 2419 899 2473 ὑπὸ
930 2418 1022 2472 τοῦ
1056 2415 1386 2489 πειρασμοῦ.
1454 2415 1512 2469 Ὁ
1566 2420 1674 2488 γὰρ
1707 2433 1952 2470 καταπο-

365 2511 487 2572 Οεὶς
520 2511 612 2564 καὶ
635 2508 900 2578 νικηθεὶς,
935 2509 1146 2571 ἐκεῖνος
1193 2505 1488 2576 εἰσηνέχθη
1525 2507 1608 2569 εἰς
1639 2505 1730 2560 τὸν
1760 2504 1951 2575 βόθρον

363 2602 468 2655 τοῦ
502 2600 834 2672 πειρασμοῦ,
871 2599 988 2654 ἀλλ’
1025 2600 1126 2670 οὐχ
1176 2601 1204 2652 6
1237 2597 1498 2669 ἐμπεσὼν
1550 2599 1672 2668 μὲν,
1722 2598 1952 2669 νικήσας

363 2696 451 2749 δέ.
499 2714 516 2746 ι
541 2693 701 2748 Ἀλλὰ
721 2693 882 2763 ῥῦσαι
914 2693 1062 2763 ἡμᾶς
1082 2691 1188 2746 ἀπὸ
1205 2690 1296 2744 τοῦ
1322 2690 1614 2762 πονηροῦ.»
1641 2691 1756 2745 Οὐκ
1775 2686 1950 2758 εἶπεν,

368 2789 488 2841 ἀπὸ
519 2786 628 2838 τῶν
676 2784 929 2856 πονηρῶν
995 2782 1300 2855 ἀνθρώπων
1326 2799 1340 2813 ·
1376 2783 1438 2836 οὐ
1467 2782 1578 2854 γὰρ
1620 2785 1814 2836 ἐκεῖνοι
1838 2783 1952 2837 ἀδι-

369 2878 568 2932 κοῦσιν
604 2879 775 2948 ἡμᾶς,
817 2876 934 2931 ἀλλ’
975 2877 1002 2929 6
1034 2873 1292 2946 πονηρός.
1326 2891 1345 2925 ι
1385 2873 1508 2927 ’Ότι
1563 2872 1658 2928 σοῦ
1708 2875 1858 2927 ἐστιν
1916 2873 1951 2943 ή

377 2969 634 3042 βασιλεία
667 2972 763 3023 καὶ
792 2970 825 3038 ή
845 2968 1072 3037 δύναμις
1095 2968 1246 3036 καὶὴ
1275 2965 1402 3029 δόξα
1436 2965 1517 3028 εἰς
1565 2967 1692 3028 τοὺς
1723 2963 1949 3028 αἰῶνας,

384 3063 584 3133 Ἀμήν.
625 3080 643 3112 ι
669 3061 936 3132 Θαρσύνει
961 3059 1109 3130 ἡμᾶς
1141 3056 1391 3111 ἐνταῦθα.
1447 3056 1509 3109 Εἰ
1549 3057 1664 3127 γὰρ
1697 3053 1952 3125 βασιλεύς

372 3155 514 3213 ἐστι,
544 3153 638 3205 καὶ
659 3151 882 3214 δυνατὸς
910 3152 938 3203 6
968 3147 1165 3220 Πατὴρ
1194 3149 1288 3202 καὶ
1323 3145 1552 3212 ἔνδοξος,
1602 3147 1819 3210 πάντως
1857 3145 1954 3200 καὶ

372 3249 540 3315 ἡμεῖς
571 3245 872 3316 νικήσομεν
919 3242 1011 3296 τὸν
1067 3241 1327 3313 πονηρὸν,
1380 3242 1474 3297 καὶ
1504 3239 1952 3311 δοξασθησόμεθα

372 3335 504 3389 ὓστε
513 3353 628 3407 ρον.
1501 3368 1504 3370 ~

454 3447 473 3479 ι
498 3427 624 3481 Ἐὰν
643 3426 752 3496 γὰρ
773 3426 948 3496 ἀφῆτε
973 3425 1086 3489 τοῖς
1111 3425 1420 3497 ἀνθρώποις
1441 3421 1511 3478 τὰ
1523 3419 1951 3495 παραπτώματα

372 3517 583 3582 αὐτῶν,
608 3517 808 3586 ἀφήσει
833 3516 928 3569 καὶ
964 3515 1094 3585 ὑμῖν
1119 3516 1147 3568 6
1171 3514 1356 3584 Πατὴρ
1385 3512 1542 3583 ὑμῶν
1562 3513 1589 3566 6
1612 3511 1881 3583 οὐράνιος.
1925 3529 1944 3564 ι

377 3611 549 3663 Πάλιν
575 3604 989 3676 ἀμνησικάκους
1021 3607 1170 3676 ἡμᾶς
1223 3601 1364 3658 εἶναι
1406 3603 1674 3656 διδάσκει.
1736 3602 1952 3671 Ἀναμι-

378 3704 615 3773 μίήσκει
646 3698 704 3751 δὲ
734 3699 882 3769 ἡμᾶς
903 3695 994 3749 τοῦ
1024 3696 1256 3767 Πατρὸς,
1290 3695 1375 3750 ἵνα
1406 3693 1740 3764 αἱδεσθῶμεν
1769 3694 1950 3760 αὑτὸν,

377 3794 479 3846 καὶ
515 3792 596 3862 μή
631 3787 1043 3862 ὲκθηριώμεθα,
1074 3788 1317 3842 τοιούτου
1346 3786 1532 3852 παῖδες
1549 3785 1720 3850 ὄντες.

461 3991 480 4024 ι
529 3972 654 4025 Ἐὰν
681 3970 740 4025 δὲ
775 3968 852 4042 μὴ
888 3967 1072 4040 ἀφῆτε,
1096 3969 1206 4030 τοῖς
1236 3965 1546 4038 ἀνθρώποις
1566 3965 1634 4019 τὰ
1656 3963 1956 4035 παραπτώ-

383 4082 534 4135 ματα
566 4063 770 4129 αύτῶν,
805 4060 927 4115 οὐδὲ
955 4061 985 4114 6
1027 4059 1212 4131 Πατὴρ
1247 4059 1402 4129 ὑμῶν
1429 4058 1633 4129 ἀφήσει
1677 4057 1748 4110 τὰ
1778 4073 1955 4128 παρα-

377 4156 655 4227 πτώματα
697 4152 873 4225 ύμῶν.
917 4170 938 4206 a
974 4151 1138 4206 Οὐδὲν
1171 4150 1312 4205 οὕτω
1347 4152 1494 4221 μισεῖ
1523 4153 1552 4204 6
1585 4151 1760 4222 πρᾶος
1797 4149 1950 4214 Θεὸς,

376 4251 455 4312 ὡς
482 4247 579 4318 τὴν
608 4247 889 4317 ὠμότητα.

461 4358 480 4388 ι
528 4339 698 4391 ὀταν
723 4337 777 4390 δὲ
807 4334 1125 4407 νηστεύητε,
1153 4335 1228 4405 μὴ
1253 4332 1470 4403 γίνεσθε
1509 4333 1699 4404 ὥσπερ
1726 4336 1777 4387 οἱ
1825 4335 1956 4387 ὑπο-

380 4433 588 4500 κριταὶ,
614 4429 933 4501 σκυθρωποί
957 4445 972 4461 ·
997 4426 1315 4498 ἀφανίζουσι
1340 4427 1448 4498 γὰρ
1477 4426 1548 4480 τὰ
1571 4428 1838 4498 πρόσωπα
1861 4428 1956 4480 αύ-

381 4524 518 4589 τῶν,
569 4525 720 4585 ὅπως
775 4521 987 4591 φανῶσι
1039 4521 1153 4584 τοῖς
1221 4518 1530 4591 ἀνθρώποις
1576 4519 1951 4590 νηστεύοντες.

2054 2049 2167 2114 alii,
2187 2049 2318 2105 facit
2337 2059 2390 2104 et
2417 2050 2570 2106 mihi.

2124 2139 2286 2195 Vens.
2331 2140 2420 2195 13.
2452 2158 2470 2192 ι
2507 2138 2574 2195 Ει
2600 2155 2666 2195 ne
2695 2139 2923 2197 inducas
2955 2155 3052 2197 nos
3083 2141 3137 2196 in
3180 2141 3552 2198 tentationem.
3598 2161 3619 2194 ι

2054 2234 2357 2291 [inbecilles
2394 2249 2583 2290 sumus
2617 2233 2891 2299 homines,
2924 2233 3046 2288 ideo
3100 2248 3204 2288 non
3237 2233 3499 2290 debemus
3525 2247 3624 2290 nos

2053 2328 2200 2399 ipsos
2237 2329 2289 2384 in
2337 2327 2668 2382 tentationes
2699 2324 2968 2394 injicere:
3023 2325 3119 2382 sed
3165 2326 3212 2382 si
3251 2325 3622 2394 inciderimus,

2052 2421 2321 2477 orandum
2359 2435 2428 2475 ne
2464 2419 2856 2475 absorbeamur
2890 2433 2918 2472 a
2949 2419 3264 2474 tentatione.
3321 2418 3624 2488 Absorptns

2052 2513 2196 2568 enim
2225 2519 2276 2567 et
2321 2512 2516 2576 victus,
2573 2510 2664 2566 ille
2703 2509 2756 2565 in
2809 2508 3133 2580 profundum
3189 2509 3502 2565 lentationis
3537 2510 3626 2563 in-

2053 2606 2247 2659 ductus
2279 2613 2381 2668 est,
2409 2612 2466 2657 at
2504 2618 2608 2658 non
2637 2603 2764 2657 item
2793 2602 2884 2672 qui
2909 2601 3119 2669 incidit,
3153 2611 3208 2657 et
3239 2602 3421 2657 vincit.
3459 2620 3478 2654 ι
3517 2603 3624 2658 Sed

2054 2696 2221 2750 libera
2247 2709 2347 2749 nos
2371 2709 2401 2748 a
2428 2693 2569 2748 malo
2599 2712 2646 2746 ι.
2673 2691 2790 2748 Non
2819 2693 2978 2759 dixit,
3009 2707 3039 2746 a
3067 2692 3226 2748 malis
3261 2692 3570 2749 hominibus
3602 2709 3619 2747 :

2055 2803 2161 2843 non
2213 2787 2359 2841 enim
2410 2785 2486 2842 illi
2525 2800 2626 2842 nos
2659 2785 2854 2857 injuria
2905 2783 3163 2850 alliciunt,
3199 2785 3293 2840 sed
3333 2785 3622 2856 malignus.

2059 2898 2077 2932 ι
2110 2879 2375 2945 Quoniam
2407 2888 2557 2934 tuum
2584 2886 2668 2933 est
2699 2893 2948 2948 regnum,
2981 2887 3035 2932 et
3067 2876 3330 2946 putentia,
3371 2887 3425 2932 et
3455 2876 3623 2948 gloria
3729 2936 3743 2946 ,

2055 2972 2108 3026 in
2133 2971 2350 3037 saecula,
2385 2973 2578 3025 Amen.
2622 2989 2644 3024 ι
2679 2971 2897 3025 Animal
2952 2985 3051 3024 nos
3080 2969 3185 3024 hoc
3215 2968 3354 3025 loco.
3393 2967 3529 3024 Nam
3575 2969 3622 3025 si

2055 3063 2168 3116 Rex
2200 3070 2304 3129 est,
2337 3072 2393 3117 et
2430 3070 2624 3132 potens
2648 3059 2808 3116 Pater
2849 3072 2904 3116 et
2947 3061 3233 3130 gloriosus,
3297 3063 3520 3118 omnino
3569 3072 3625 3119 et

2055 3167 2152 3207 nos
2185 3152 2461 3207 vincemus
2493 3151 2808 3222 malignum,
2839 3159 2891 3207 et
2916 3150 3342 3222 gloriﬁcabimur
3371 3153 3620 3222 posthac.

2124 3413 2291 3470 Vens.
2335 3415 2422 3470 u.
2489 3431 2509 3467 ι
2548 3413 2766 3470 Etenim
2829 3415 2876 3470 si
2928 3415 3250 3472 remiseritis
3315 3417 3626 3478 hominibus

2053 3506 2249 3564 delicta
2289 3522 2410 3572 sua,
2442 3507 2682 3562 remittet
2701 3506 2867 3563 etiam
2907 3507 3058 3562 vobis
3087 3507 3250 3562 Pater
3293 3518 3472 3563 vester
3513 3523 3629 3564 cm-

2054 3599 2226 3655 lestis.
2261 3618 2281 3651 ι
2313 3600 2519 3655 Iterum
2555 3613 2654 3655 nos
2675 3599 2834 3655 docet
2859 3613 2979 3655 esse
3001 3599 3206 3655 alienos
3235 3615 3267 3655 a
3303 3601 3613 3657 vindicandi

2055 3693 2374 3764 cupiditate.
2399 3691 2716 3748 Memoriam
2749 3700 2928 3748 autem
2955 3693 3120 3762 patris
3153 3693 3408 3760 inculcat,
3451 3704 3508 3747 ut
3543 3707 3628 3748 re-

2057 3798 2340 3839 vercamur
2379 3799 2502 3840 eum
2530 3801 2547 3842 :
2578 3792 2634 3841 et
2662 3799 2784 3840 cum
2822 3783 2942 3854 ejus
2982 3783 3150 3838 simus
3182 3782 3297 3850 lilii,
3330 3799 3436 3838 non
3467 3799 3628 3840 exas-

2054 3888 2328 3944 verentur.

2129 3962 2408 4019 VnnsJS.
2446 3982 2464 4015 ι
2519 3963 2672 4029 Quod
2703 3962 2749 4018 si
2781 3977 2886 4018 non
2941 3963 3263 4019 remiseritis
3315 3963 3628 4022 hominibus

2057 4057 2252 4113 delicta
2285 4071 2407 4120 sua,
2456 4069 2632 4124 neque
2661 4053 2820 4109 Pater
2854 4060 3035 4109 vester
3058 4054 3300 4110 remittet
3340 4055 3492 4110 vobis
3522 4055 3622 4111 deo

2056 4152 2184 4206 licta
2219 4157 2424 4205 vestra.
2463 4168 2480 4202 ι
2519 4146 2661 4203 Nihil
2697 4149 2846 4202 enim
2874 4147 2948 4201 ita
3002 4147 3115 4202 odit
3144 4147 3411 4217 benignus
3456 4145 3621 4212 Deus.

2058 4254 2110 4297 ιιι
2135 4242 2528 4297 crudelitatem.

2133 4333 2294 4390 Vens.
2344 4333 2432 4388 16.
2469 4350 2487 4386 ι
2556 4331 2724 4387 Porro
2758 4346 2879 4387 cum
2937 4331 3333 4403 jejunaveritis,
3393 4347 3461 4388 ne
3505 4331 3626 4388 sitis

2057 4430 2200 4484 sicut
2248 4426 2564 4498 hypocrita’,
2597 4423 2851 4479 vultuosi.
2907 4423 3205 4481 Obscuram
3265 4423 3407 4478 enim
3460 4422 3629 4478 facies

2058 4537 2208 4586 suas,
2264 4531 2322 4574 nt
2370 4519 2660 4574 videantur
2709 4516 3020 4571 hominibus
3059 4515 3392 4584 jejunantes.
3453 4515 3624 4568 Amen

394 4617 571 4688 Ἀμὴν
597 4615 740 4684 λέγω
774 4615 927 4684 ὑμῖν,
958 4613 1042 4667 ὅτι
1074 4611 1341 4683 ἀπέχουσι
1370 4612 1461 4665 τὸν
1481 4611 1668 4683 μισθὸν
1701 4610 1900 4665 αὐτῶν.
1927 4630 1946 4663 ι

2059 4616 2176 4669 dico
2211 4615 2385 4679 vobis,
2425 4611 2568 4682 quod
2617 4611 2819 4666 habent
2867 4609 3170 4663 mercedem
3227 4621 3401 4662 suam.
3455 4625 3474 4658 ι
3521 4602 3631 4660 Ob-

395 4707 730 4776 Ἀφανισμὸς
780 4704 1070 4778 προσώπου
1118 4703 1267 4758 ἐστὶν
1305 4703 1638 4776 ήώχρότης,
1676 4703 1802 4756 ὅταν
1853 4703 1951 4774 οὐχ

2062 4707 2310 4764 scuratio
2370 4705 2527 4761 faciei
2579 4713 2663 4758 est
2689 4703 2905 4773 pallor:
2954 4703 3169 4771 quando
3221 4700 3342 4770 quis
3391 4713 3494 4755 non
3546 4709 3630 4754 est

380 4794 498 4863 οἶός
537 4798 652 4852 ἐστι
702 4815 785 4863 τις
825 4797 1109 4868 φαίνηται,
1133 4795 1272 4866 sua
1312 4797 1678 4867 προσποιῆται
1729 4794 1956 4864 στυγνό-

381 4909 545 4962 τητα.

463 5004 481 5036 ‹
522 4985 591 5038 Σὺ
628 4983 684 5036 δὲ
715 4983 1011 5054 νηστεύων,
1037 4980 1264 5052 ἄλειψαί
1302 4997 1396 5035 σου
1443 4981 1540 5051 τὴν
1568 4979 1830 5051 κεφαλὴν,
1858 4981 1953 5034 καὶ

383 5077 446 5128 τὸ
474 5074 766 5147 πρόσωπόν
819 5091 913 5128 σου
941 5074 1114 5144 νίψαι,
1137 5075 1286 5138 ὅπως
1311 5075 1387 5146 μὴ
1415 5076 1590 5146 φανῇς
1618 5075 1729 5137 τοῖς
1747 5073 1957 5144 ἀνθρώ-

388 5185 508 5232 ποις
528 5169 824 5237 νηστεύων,
843 5167 978 5221 ἀλλὰ
999 5166 1075 5238 τῷ
1097 5167 1269 5239 Πατρι
1294 5182 1388 5220 σου
1405 5165 1484 5237 τῷ
1512 5168 1570 5218 ὲν
1593 5166 1668 5236 τῷ
1694 5165 1950 5237 κρυπτῷ·

385 5262 479 5313 καὶ
507 5260 536 5312 6
570 5260 762 5332 Πατήρ
792 5277 887 5313 σου
918 5263 946 5314 6
974 5260 1187 5330 βλέπων
1218 5261 1276 5313 ἐν
1299 5259 1377 5330 τῷ
1401 5258 1650 5331 κρυπτῷ,
1683 5259 1952 5314 ἀποδώσει

387 5369 492 5407 σοι.
518 5371 537 5405 ι
568 5353 632 5407 0i
669 5352 890 5405 παλαιοὶ
923 5353 1096 5425 χαρᾶς
1128 5349 1274 5424 εἶχον
1300 5353 1526 5423 σημεῖον
1553 5351 1613 5404 τὸ
1636 5349 1954 5422 ἀλείφεσθαι

383 5445 554 5516 ἐλαίῳ
592 5445 733 5515 μετὰ
784 5444 846 5498 τὸ
893 5443 1140 5514 λουτρόν·
1190 5444 1285 5498 καὶ
1327 5444 1394 5498 σὺ
1427 5438 1520 5498 οὖν
1566 5442 1710 5497 οὕτω
1750 5444 1956 5516 χαίρων

385 5537 602 5606 φαίνου.
636 5537 853 5590 Ἐλαιον
869 5535 929 5589 δὲ
946 5539 1148 5590 νοεῖται
1173 5537 1317 5608 καὶή
1341 5535 1698 5606 ἐλεημοσύνη.
1731 5537 1955 5607 Κεφαλὴ

380 5630 438 5684 δὲ
461 5630 616 5700 ήμῶν
646 5631 674 5682 6
719 5629 971 5698 Χριστὸς,
1003 5628 1062 5682 ὃν
1105 5629 1188 5682 δεῖ
1235 5628 1480 5698 ἀλείφειν
1509 5630 1625 5692 ταῖς
1656 5629 1956 5699 ἐλεημοσύ-

383 5737 504 5783 ναις
523 5735 538 5750 ο
569 5721 664 5774 καὶ
694 5719 755 5772 τὸ
791 5721 1108 5790 πρόσωπον,
1142 5719 1261 5790 ήτοι
1287 5720 1386 5783 τὰς
1409 5719 1712 5791 αἰσθήσεις,
1744 5720 1955 5775 νίπτειν

380 5812 474 5870 διὰ
504 5811 774 5881 δακρύων.

469 5922 486 5954 ι
535 5903 625 5973 Μὴ
666 5902 1020 5974 θησαυρίζετε
1068 5901 1196 5970 ύμῖν
1221 5902 1528 5973 θησαυροὺς
1554 5903 1645 5958 ἐπὶ
1681 5903 1780 5974 τῆς
1827 5905 1949 5974 γῆς,

2059 4799 2234 4870 qualis
2269 4806 2512 4868 apparet,
2541 4797 2633 4851 sed
2653 4792 3187 4850 simulattristitiam.

2132 4977 2294 5032 Vens.
2340 4973 2538 5037 £7.18.
2579 4993 2598 5024 ι
2637 4971 2713 5026 Tu
2746 4980 2926 5026 autem
2979 4970 3251 5039 ieiunans.
3286 4980 3424 5037 uuge
3466 4976 3630 5036 caput

2062 5081 2234 5134 tuum,
2265 5079 2320 5123 et
2352 5068 2542 5122 faciem
2582 5078 2725 5119 tuam
2775 5063 2914 5127 lava,
2964 5075 3030 5115 ne
3054 5058 3288 5114 videaris
3319 5057 3630 5116 hominibus

2054 5163 2332 5234 jejunans,
2381 5161 2475 5214 sed
2505 5157 2654 5212 Patri
2697 5166 2789 5211 tuo
2822 5154 2912 5225 qui
2943 5162 3026 5207 est
3081 5151 3135 5205 in
3173 5149 3489 5206 abscondito
3521 5162 3534 5200 :
3573 5163 3630 5203 et

2060 5256 2222 5312 Pater
2251 5264 2373 5309 tuus
2397 5253 2490 5322 qui
2529 5250 2675 5306 videt
2715 5249 2770 5302 in
2818 5242 3155 5309 abscondito,
3204 5243 3392 5299 reddet
3448 5240 3564 5298 tibi.
3603 5258 3623 5292 ι

2058 5349 2229 5405 Prisci
2260 5348 2313 5402 in
2354 5343 2531 5417 gaudii
2563 5344 2778 5414 signum
2820 5337 3111 5403 habebant,
3167 5335 3288 5392 oleo
3333 5336 3461 5407 ungi
3506 5345 3628 5406 post

2058 5441 2314 5497 lationem
2339 5453 2354 5492 :
2377 5435 2486 5508 33
2521 5444 2574 5490 et
2612 5441 2668 5488 tu
2700 5445 2918 5502 quoque
2957 5431 3037 5486 sic
3071 5429 3227 5484 laetus
3275 5442 3493 5499 appare.
3525 5425 3630 5482 Per

2057 5534 2240 5590 oleum
2270 5541 2450 5586 autem
2477 5537 2532 5584 et
2559 5527 2901 5596 eleemosyna
2952 5523 3294 5594 intelligitur.
3328 5521 3493 5578 Porro
3531 5535 3622 5576 ca-

2058 5634 2154 5692 put
2178 5631 2443 5681 nostrum.
2471 5619 2573 5674 hoc
2599 5629 2701 5684 est,
2724 5619 3021 5682 Christum,
3049 5623 3264 5685 Oportet
3289 5613 3623 5684 clcemosyna

2058 5714 2244 5785 inungi
2283 5732 2296 5769 :
2330 5710 2523 5766 faicem
2555 5720 2758 5773 autem,
2789 5709 2891 5764 hoc
2929 5717 3034 5773 cst,
3083 5719 3327 5770 sensum,
3373 5702 3627 5773 lacrymis

2055 5809 2257 5863 lavare.

2129 5899 2296 5954 Vens.
2330 5896 2417 5963 18,
2452 5895 2538 5952 l9.
2599 5913 2619 5946 ι
2671 5892 2747 5948 Ne
2794 5889 3176 5947 thesaurizetis
3216 5886 3366 5943 vobis
3401 5886 3620 5940 thesau-
