  <div class='ocr_page' id='page_1' title='image "/cluster/home/n/w/nwhite01/storage/ocr_20150623/123/hvd.32044019208198/112.png"; bbox 0 0 4078 6464; ppageno 0'>
   <div class='ocr_carea' id='block_1_1' title="bbox 318 442 431 506">
    <p class='ocr_par' dir='ltr' id='par_1_1' title="bbox 318 442 431 506">
     <span class='ocr_line' id='line_1_1' title="bbox 318 442 431 506; baseline 0.027 -3"><span class='ocrx_word' id='word_1_1' title='bbox 318 442 431 506; x_wconf 70' lang='grc' dir='ltr'><strong>9οὒ</strong></span> 
     </span>
    </p>
   </div>
   <div class='ocr_carea' id='block_1_2' title="bbox 859 441 2937 508">
    <p class='ocr_par' dir='ltr' id='par_1_2' title="bbox 859 441 2937 508">
     <span class='ocr_line' id='line_1_2' title="bbox 859 441 2937 508; baseline 0.005 -10"><span class='ocrx_word' id='word_1_2' title='bbox 859 491 874 498; x_wconf 84' lang='lat'><strong>-</strong></span> <span class='ocrx_word' id='word_1_3' title='bbox 919 443 1371 505; x_wconf 71' lang='lat' dir='ltr'><strong>ENARRATIO</strong></span> <span class='ocrx_word' id='word_1_4' title='bbox 1410 442 1492 504; x_wconf 80' lang='lat' dir='ltr'><strong>IN</strong></span> <span class='ocrx_word' id='word_1_5' title='bbox 1532 441 2035 506; x_wconf 73' lang='lat' dir='ltr'><strong>E\&#39;ANGEL|U.\1</strong></span> <span class='ocrx_word' id='word_1_6' title='bbox 2069 443 2466 506; x_wconf 65' lang='lat' dir='ltr'><strong>MATTHASI.</strong></span> <span class='ocrx_word' id='word_1_7' title='bbox 2510 470 2577 480; x_wconf 87' lang='lat'>-</span> <span class='ocrx_word' id='word_1_8' title='bbox 2607 445 2764 507; x_wconf 86' lang='lat' dir='ltr'><strong>CAP.</strong></span> <span class='ocrx_word' id='word_1_9' title='bbox 2803 447 2937 508; x_wconf 79' lang='lat' dir='ltr'><strong>VII.</strong></span> 
     </span>
    </p>
   </div>
   <div class='ocr_carea' id='block_1_3' title="bbox 3487 450 3593 513">
    <p class='ocr_par' dir='ltr' id='par_1_3' title="bbox 3487 450 3593 513">
     <span class='ocr_line' id='line_1_3' title="bbox 3487 450 3593 513; baseline 0.019 -2"><span class='ocrx_word' id='word_1_10' title='bbox 3487 450 3593 513; x_wconf 73' lang='lat' dir='ltr'><strong>2l0</strong></span> 
     </span>
    </p>
   </div>
   <div class='ocr_carea' id='block_1_4' title="bbox 333 554 1931 628">
    <p class='ocr_par' dir='ltr' id='par_1_4' title="bbox 333 554 1908 628">
     <span class='ocr_line' id='line_1_4' title="bbox 333 554 1908 628; baseline 0 -18"><span class='ocrx_word' id='word_1_11' title='bbox 333 555 617 625; x_wconf 78' lang='grc' dir='ltr'><strong>Ἰωάννην,</strong></span> <span class='ocrx_word' id='word_1_12' title='bbox 651 554 929 626; x_wconf 77' lang='grc' dir='ltr'>μέμνηται</span> <span class='ocrx_word' id='word_1_13' title='bbox 970 555 1076 609; x_wconf 84' lang='grc' dir='ltr'>τῶν</span> <span class='ocrx_word' id='word_1_14' title='bbox 1126 556 1392 610; x_wconf 79' lang='grc' dir='ltr'><strong>πετεινῶν</strong></span> <span class='ocrx_word' id='word_1_15' title='bbox 1426 574 1440 589; x_wconf 75' lang='grc' dir='ltr'><strong>ο</strong></span> <span class='ocrx_word' id='word_1_16' title='bbox 1482 557 1571 612; x_wconf 84' lang='grc' dir='ltr'>ῐνα</span> <span class='ocrx_word' id='word_1_17' title='bbox 1619 558 1766 628; x_wconf 77' lang='grc' dir='ltr'>ἡμᾶς</span> <span class='ocrx_word' id='word_1_18' title='bbox 1821 557 1908 610; x_wconf 79' lang='grc' dir='ltr'>ἒν-</span> 
     </span>
    </p>
   </div>
   <div class='ocr_carea' id='block_1_5' title="bbox 2037 554 3587 628">
    <p class='ocr_par' dir='ltr' id='par_1_5' title="bbox 2037 557 3587 628">
     <span class='ocr_line' id='line_1_5' title="bbox 2037 557 3587 628; baseline 0.002 -19"><span class='ocrx_word' id='word_1_19' title='bbox 2037 557 2220 614; x_wconf 86' lang='lat' dir='ltr'><strong>mdore</strong></span> <span class='ocrx_word' id='word_1_20' title='bbox 2273 557 2494 623; x_wconf 82' lang='lat' dir='ltr'><strong>alliciat,</strong></span> <span class='ocrx_word' id='word_1_21' title='bbox 2530 558 2671 627; x_wconf 89' lang='lat' dir='ltr'><strong>quod</strong></span> <span class='ocrx_word' id='word_1_22' title='bbox 2731 573 2829 613; x_wconf 89' lang='lat' dir='ltr'><strong>nos</strong></span> <span class='ocrx_word' id='word_1_23' title='bbox 2891 557 3060 628; x_wconf 86' lang='lat' dir='ltr'><strong>magis</strong></span> <span class='ocrx_word' id='word_1_24' title='bbox 3095 557 3258 614; x_wconf 89' lang='lat' dir='ltr'><strong>etiam</strong></span> <span class='ocrx_word' id='word_1_25' title='bbox 3290 575 3454 628; x_wconf 87' lang='lat' dir='ltr'><strong>quam</strong></span> <span class='ocrx_word' id='word_1_26' title='bbox 3501 560 3587 613; x_wconf 66' lang='lat' dir='ltr'><strong>illa</strong></span> 
     </span>
    </p>
   </div>
   <div class='ocr_carea' id='block_1_6' title="bbox 317 647 1912 721">
    <p class='ocr_par' dir='ltr' id='par_1_6' title="bbox 317 647 1912 721">
     <span class='ocr_line' id='line_1_6' title="bbox 317 647 1912 721; baseline 0.001 -20"><span class='ocrx_word' id='word_1_27' title='bbox 317 647 521 719; x_wconf 69' lang='grc' dir='ltr'>τρέψῃ,</span> <span class='ocrx_word' id='word_1_28' title='bbox 567 648 650 700; x_wconf 82' lang='grc' dir='ltr'>ὅτι</span> <span class='ocrx_word' id='word_1_29' title='bbox 677 648 771 701; x_wconf 75' lang='grc' dir='ltr'>καὶ</span> <span class='ocrx_word' id='word_1_30' title='bbox 804 649 1008 702; x_wconf 76' lang='grc' dir='ltr'>τούτων</span> <span class='ocrx_word' id='word_1_31' title='bbox 1037 649 1369 721; x_wconf 85' lang='grc' dir='ltr'>ἀλογώτεροί</span> <span class='ocrx_word' id='word_1_32' title='bbox 1399 651 1586 719; x_wconf 76' lang='grc' dir='ltr'>ἐσμεν.</span> <span class='ocrx_word' id='word_1_33' title='bbox 1617 649 1820 719; x_wconf 79' lang='grc' dir='ltr'>Τρέφει</span> <span class='ocrx_word' id='word_1_34' title='bbox 1855 647 1912 702; x_wconf 82' lang='grc' dir='ltr'>δὲ</span> 
     </span>
    </p>
   </div>
   <div class='ocr_carea' id='block_1_7' title="bbox 319 738 1914 813">
    <p class='ocr_par' dir='ltr' id='par_1_7' title="bbox 319 738 1914 813">
     <span class='ocr_line' id='line_1_7' title="bbox 319 738 1914 813; baseline 0.001 -21"><span class='ocrx_word' id='word_1_35' title='bbox 319 739 467 792; x_wconf 80' lang='grc' dir='ltr'><strong>αῦτά</strong></span> <span class='ocrx_word' id='word_1_36' title='bbox 494 741 522 792; x_wconf 89' lang='grc' dir='ltr'>ὁ</span> <span class='ocrx_word' id='word_1_37' title='bbox 545 738 700 802; x_wconf 82' lang='grc' dir='ltr'>Θεδς,</span> <span class='ocrx_word' id='word_1_38' title='bbox 739 738 913 804; x_wconf 73' lang='grc' dir='ltr'>ἐνθεὶς</span> <span class='ocrx_word' id='word_1_39' title='bbox 934 741 1119 806; x_wconf 74' lang='grc' dir='ltr'>αὐτοῖς</span> <span class='ocrx_word' id='word_1_40' title='bbox 1141 743 1379 813; x_wconf 72' lang='grc' dir='ltr'>φυσικὴν</span> <span class='ocrx_word' id='word_1_41' title='bbox 1430 741 1632 812; x_wconf 86' lang='grc' dir='ltr'>γνῶσιν</span> <span class='ocrx_word' id='word_1_42' title='bbox 1661 741 1799 812; x_wconf 74' lang='grc' dir='ltr'>πρὸς</span> <span class='ocrx_word' id='word_1_43' title='bbox 1853 739 1914 794; x_wconf 82' lang='grc' dir='ltr'><strong>τδ</strong></span> 
     </span>
    </p>
   </div>
   <div class='ocr_carea' id='block_1_8' title="bbox 316 831 871 901">
    <p class='ocr_par' dir='ltr' id='par_1_8' title="bbox 316 831 871 901">
     <span class='ocr_line' id='line_1_8' title="bbox 316 831 871 901; baseline 0.007 -19"><span class='ocrx_word' id='word_1_44' title='bbox 316 831 537 901; x_wconf 74' lang='grc' dir='ltr'>τροφάς</span> <span class='ocrx_word' id='word_1_45' title='bbox 563 831 871 901; x_wconf 79' lang='grc' dir='ltr'><strong>συλλέγειν.</strong></span> 
     </span>
    </p>
   </div>
   <div class='ocr_carea' id='block_1_9' title="bbox 399 923 1912 997">
    <p class='ocr_par' dir='ltr' id='par_1_9' title="bbox 399 923 1912 997">
     <span class='ocr_line' id='line_1_9' title="bbox 399 923 1912 997; baseline -0.001 -19"><span class='ocrx_word' id='word_1_46' title='bbox 399 944 419 978; x_wconf 72' lang='grc' dir='ltr'>ι</span> <span class='ocrx_word' id='word_1_47' title='bbox 457 925 555 988; x_wconf 89' lang='grc' dir='ltr'><strong>Τίς</strong></span> <span class='ocrx_word' id='word_1_48' title='bbox 588 925 646 977; x_wconf 79' lang='grc' dir='ltr'>δὲ</span> <span class='ocrx_word' id='word_1_49' title='bbox 674 923 734 990; x_wconf 73' lang='grc' dir='ltr'>ἐξ</span> <span class='ocrx_word' id='word_1_50' title='bbox 767 924 922 997; x_wconf 81' lang='grc' dir='ltr'>ὑμῶν</span> <span class='ocrx_word' id='word_1_51' title='bbox 971 925 1280 997; x_wconf 77' lang='grc' dir='ltr'><strong>μεριμνῶν,</strong></span> <span class='ocrx_word' id='word_1_52' title='bbox 1332 926 1554 980; x_wconf 76' lang='grc' dir='ltr'>δύναται</span> <span class='ocrx_word' id='word_1_53' title='bbox 1591 925 1912 994; x_wconf 81' lang='grc' dir='ltr'>προσθεῖναι</span> 
     </span>
    </p>
   </div>
   <div class='ocr_carea' id='block_1_10' title="bbox 325 1017 1910 1090">
    <p class='ocr_par' dir='ltr' id='par_1_10' title="bbox 325 1017 1910 1090">
     <span class='ocr_line' id='line_1_10' title="bbox 325 1017 1910 1090; baseline 0 -20"><span class='ocrx_word' id='word_1_54' title='bbox 325 1017 426 1070; x_wconf 66' lang='grc' dir='ltr'><strong>ἐπὶ</strong></span> <span class='ocrx_word' id='word_1_55' title='bbox 459 1017 561 1088; x_wconf 79' lang='grc' dir='ltr'>τὴν</span> <span class='ocrx_word' id='word_1_56' title='bbox 603 1019 820 1088; x_wconf 77' lang='grc' dir='ltr'>ἡλικίαν</span> <span class='ocrx_word' id='word_1_57' title='bbox 857 1018 1024 1073; x_wconf 76' lang='grc' dir='ltr'>αὐτοῦ</span> <span class='ocrx_word' id='word_1_58' title='bbox 1071 1021 1252 1090; x_wconf 80' lang='grc' dir='ltr'>πῆχυν</span> <span class='ocrx_word' id='word_1_59' title='bbox 1286 1021 1409 1088; x_wconf 72' lang='grc' dir='ltr'>ἕνας</span> <span class='ocrx_word' id='word_1_60' title='bbox 1457 1040 1474 1074; x_wconf 76' lang='grc' dir='ltr'>ι</span> <span class='ocrx_word' id='word_1_61' title='bbox 1511 1019 1682 1073; x_wconf 86' lang='grc' dir='ltr'>Τοῦτὸ</span> <span class='ocrx_word' id='word_1_62' title='bbox 1725 1036 1910 1090; x_wconf 76' lang='grc' dir='ltr'>φησιν,</span> 
     </span>
    </p>
   </div>
   <div class='ocr_carea' id='block_1_11' title="bbox 319 1110 1913 1185">
    <p class='ocr_par' dir='ltr' id='par_1_11' title="bbox 319 1110 1913 1185">
     <span class='ocr_line' id='line_1_11' title="bbox 319 1110 1913 1185; baseline 0.003 -23"><span class='ocrx_word' id='word_1_63' title='bbox 319 1110 408 1162; x_wconf 73' lang='grc' dir='ltr'>ὅτι</span> <span class='ocrx_word' id='word_1_64' title='bbox 473 1111 590 1164; x_wconf 72' lang='grc' dir='ltr'>Κᾶν</span> <span class='ocrx_word' id='word_1_65' title='bbox 639 1114 931 1184; x_wconf 72' lang='grc' dir='ltr'><strong>μεριμνᾷς,</strong></span> <span class='ocrx_word' id='word_1_66' title='bbox 996 1114 1150 1167; x_wconf 73' lang='grc' dir='ltr'>οὐδὲν</span> <span class='ocrx_word' id='word_1_67' title='bbox 1203 1117 1376 1178; x_wconf 86' lang='grc' dir='ltr'>ποιεῖς</span> <span class='ocrx_word' id='word_1_68' title='bbox 1415 1115 1487 1185; x_wconf 82' lang='grc' dir='ltr'><strong>μὴ</strong></span> <span class='ocrx_word' id='word_1_69' title='bbox 1529 1114 1777 1178; x_wconf 82' lang='grc' dir='ltr'>θέλοντος</span> <span class='ocrx_word' id='word_1_70' title='bbox 1821 1112 1913 1166; x_wconf 82' lang='grc' dir='ltr'><strong>τοῦ</strong></span> 
     </span>
    </p>
   </div>
   <div class='ocr_carea' id='block_1_12' title="bbox 320 1201 1770 1274">
    <p class='ocr_par' dir='ltr' id='par_1_12' title="bbox 320 1201 1770 1274">
     <span class='ocr_line' id='line_1_12' title="bbox 320 1201 1770 1274; baseline 0.001 -20"><span class='ocrx_word' id='word_1_71' title='bbox 320 1201 490 1255; x_wconf 85' lang='grc' dir='ltr'>Θεοῦ.</span> <span class='ocrx_word' id='word_1_72' title='bbox 523 1202 588 1254; x_wconf 90' lang='grc' dir='ltr'><strong>Τί</strong></span> <span class='ocrx_word' id='word_1_73' title='bbox 613 1203 791 1258; x_wconf 81' lang='grc' dir='ltr'>τοίνυν</span> <span class='ocrx_word' id='word_1_74' title='bbox 815 1205 1082 1274; x_wconf 80' lang='grc' dir='ltr'><strong>περιττῶς</strong></span> <span class='ocrx_word' id='word_1_75' title='bbox 1119 1205 1487 1269; x_wconf 85' lang='grc' dir='ltr'>κατακόπτεις</span> <span class='ocrx_word' id='word_1_76' title='bbox 1517 1205 1770 1268; x_wconf 84' lang='grc' dir='ltr'>σεαυτόν;</span> 
     </span>
    </p>
   </div>
   <div class='ocr_carea' id='block_1_13' title="bbox 409 1294 1916 1369">
    <p class='ocr_par' dir='ltr' id='par_1_13' title="bbox 409 1294 1916 1369">
     <span class='ocr_line' id='line_1_13' title="bbox 409 1294 1916 1369; baseline 0.003 -24"><span class='ocrx_word' id='word_1_77' title='bbox 409 1313 430 1345; x_wconf 76' lang='grc' dir='ltr'>ι</span> <span class='ocrx_word' id='word_1_78' title='bbox 470 1294 576 1347; x_wconf 83' lang='grc' dir='ltr'><strong>Καὶ</strong></span> <span class='ocrx_word' id='word_1_79' title='bbox 604 1297 736 1365; x_wconf 65' lang='grc' dir='ltr'>περὶ</span> <span class='ocrx_word' id='word_1_80' title='bbox 774 1296 1073 1367; x_wconf 76' lang='grc' dir='ltr'><strong>ἐνδύματος</strong></span> <span class='ocrx_word' id='word_1_81' title='bbox 1103 1297 1155 1351; x_wconf 85' lang='grc' dir='ltr'><strong>τί</strong></span> <span class='ocrx_word' id='word_1_82' title='bbox 1189 1300 1524 1369; x_wconf 83' lang='grc' dir='ltr'>μεριμνᾶτε;</span> <span class='ocrx_word' id='word_1_83' title='bbox 1554 1297 1916 1368; x_wconf 84' lang='grc' dir='ltr'>ΚαταμάΘετε</span> 
     </span>
    </p>
   </div>
   <div class='ocr_carea' id='block_1_14' title="bbox 319 1389 1919 1462">
    <p class='ocr_par' dir='ltr' id='par_1_14' title="bbox 319 1389 1919 1462">
     <span class='ocr_line' id='line_1_14' title="bbox 319 1389 1919 1462; baseline 0.002 -21"><span class='ocrx_word' id='word_1_84' title='bbox 319 1390 396 1441; x_wconf 65' lang='grc' dir='ltr'>τὰ</span> <span class='ocrx_word' id='word_1_85' title='bbox 432 1389 597 1458; x_wconf 85' lang='grc' dir='ltr'>κρίνα</span> <span class='ocrx_word' id='word_1_86' title='bbox 631 1389 724 1442; x_wconf 90' lang='grc' dir='ltr'><strong>τοῦ</strong></span> <span class='ocrx_word' id='word_1_87' title='bbox 756 1389 954 1459; x_wconf 84' lang='grc' dir='ltr'>ἀγροῦ,</span> <span class='ocrx_word' id='word_1_88' title='bbox 993 1390 1110 1454; x_wconf 85' lang='grc' dir='ltr'>πῶς</span> <span class='ocrx_word' id='word_1_89' title='bbox 1139 1391 1362 1455; x_wconf 76' lang='grc' dir='ltr'><strong>αὐξάνει</strong></span> <span class='ocrx_word' id='word_1_90' title='bbox 1389 1406 1405 1422; x_wconf 76' lang='grc'><strong>⁸</strong></span> <span class='ocrx_word' id='word_1_91' title='bbox 1449 1392 1511 1445; x_wconf 76' lang='grc' dir='ltr'><strong>οὐ</strong></span> <span class='ocrx_word' id='word_1_92' title='bbox 1554 1392 1743 1462; x_wconf 79' lang='grc' dir='ltr'>κοπιᾷ,</span> <span class='ocrx_word' id='word_1_93' title='bbox 1798 1390 1919 1444; x_wconf 74' lang='grc' dir='ltr'>οὐδὲ</span> 
     </span>
    </p>
   </div>
   <div class='ocr_carea' id='block_1_15' title="bbox 324 1480 1916 1554">
    <p class='ocr_par' dir='ltr' id='par_1_15' title="bbox 324 1480 1916 1554">
     <span class='ocr_line' id='line_1_15' title="bbox 324 1480 1916 1554; baseline 0.003 -23"><span class='ocrx_word' id='word_1_94' title='bbox 324 1481 509 1548; x_wconf 65' lang='grc' dir='ltr'>νήθει.</span> <span class='ocrx_word' id='word_1_95' title='bbox 531 1481 689 1549; x_wconf 80' lang='grc' dir='ltr'>Λέγω</span> <span class='ocrx_word' id='word_1_96' title='bbox 717 1480 773 1534; x_wconf 81' lang='grc' dir='ltr'>δὲ</span> <span class='ocrx_word' id='word_1_97' title='bbox 809 1482 959 1551; x_wconf 86' lang='grc' dir='ltr'>ὑμῖν,</span> <span class='ocrx_word' id='word_1_98' title='bbox 994 1482 1076 1536; x_wconf 83' lang='grc' dir='ltr'>ὅτι</span> <span class='ocrx_word' id='word_1_99' title='bbox 1123 1482 1244 1536; x_wconf 80' lang='grc' dir='ltr'>οὐδὲ</span> <span class='ocrx_word' id='word_1_100' title='bbox 1273 1481 1524 1553; x_wconf 85' lang='grc' dir='ltr'>Σολομὼν</span> <span class='ocrx_word' id='word_1_101' title='bbox 1559 1485 1616 1536; x_wconf 83' lang='grc' dir='ltr'>ὲν</span> <span class='ocrx_word' id='word_1_102' title='bbox 1671 1482 1820 1554; x_wconf 79' lang='grc' dir='ltr'>πάσῃ</span> <span class='ocrx_word' id='word_1_103' title='bbox 1851 1483 1916 1552; x_wconf 80' lang='grc' dir='ltr'>τῇ</span> 
     </span>
    </p>
   </div>
   <div class='ocr_carea' id='block_1_16' title="bbox 322 1572 1920 1646">
    <p class='ocr_par' dir='ltr' id='par_1_16' title="bbox 322 1572 1920 1646">
     <span class='ocr_line' id='line_1_16' title="bbox 322 1572 1920 1646; baseline 0.001 -21"><span class='ocrx_word' id='word_1_104' title='bbox 322 1572 459 1644; x_wconf 63' lang='grc' dir='ltr'>δόξῃ</span> <span class='ocrx_word' id='word_1_105' title='bbox 491 1573 658 1627; x_wconf 82' lang='grc' dir='ltr'>αὑτοῦ</span> <span class='ocrx_word' id='word_1_106' title='bbox 709 1574 1066 1646; x_wconf 89' lang='grc' dir='ltr'>περιεϐάλετο</span> <span class='ocrx_word' id='word_1_107' title='bbox 1104 1575 1180 1640; x_wconf 83' lang='grc' dir='ltr'>ὡς</span> <span class='ocrx_word' id='word_1_108' title='bbox 1207 1575 1265 1628; x_wconf 81' lang='grc' dir='ltr'><strong>ἓν</strong></span> <span class='ocrx_word' id='word_1_109' title='bbox 1296 1575 1525 1630; x_wconf 82' lang='grc' dir='ltr'>τούτων.</span> <span class='ocrx_word' id='word_1_110' title='bbox 1565 1595 1584 1628; x_wconf 71' lang='grc' dir='ltr'><strong>ι</strong></span> <span class='ocrx_word' id='word_1_111' title='bbox 1626 1575 1701 1629; x_wconf 77' lang='grc' dir='ltr'>Οὐ</span> <span class='ocrx_word' id='word_1_112' title='bbox 1759 1574 1920 1646; x_wconf 91' lang='grc' dir='ltr'>μόνον</span> 
     </span>
    </p>
   </div>
   <div class='ocr_carea' id='block_1_17' title="bbox 325 1665 1920 1742">
    <p class='ocr_par' dir='ltr' id='par_1_17' title="bbox 325 1665 1920 1742">
     <span class='ocr_line' id='line_1_17' title="bbox 325 1665 1920 1742; baseline 0.001 -25"><span class='ocrx_word' id='word_1_113' title='bbox 325 1665 448 1718; x_wconf 66' lang='grc' dir='ltr'><strong>ἀπὸ</strong></span> <span class='ocrx_word' id='word_1_114' title='bbox 474 1667 585 1718; x_wconf 87' lang='grc' dir='ltr'>τῶν</span> <span class='ocrx_word' id='word_1_115' title='bbox 614 1666 824 1736; x_wconf 85' lang='grc' dir='ltr'>ἀλόγων</span> <span class='ocrx_word' id='word_1_116' title='bbox 869 1667 1088 1738; x_wconf 81' lang='grc' dir='ltr'><strong>πτηνῶν</strong></span> <span class='ocrx_word' id='word_1_117' title='bbox 1115 1669 1367 1739; x_wconf 64' lang='grc' dir='ltr'>ἐντρέπει</span> <span class='ocrx_word' id='word_1_118' title='bbox 1418 1671 1590 1742; x_wconf 81' lang='grc' dir='ltr'>ἡμᾶς,</span> <span class='ocrx_word' id='word_1_119' title='bbox 1643 1667 1780 1723; x_wconf 83' lang='grc' dir='ltr'><strong>ἀλλά</strong></span> <span class='ocrx_word' id='word_1_120' title='bbox 1824 1667 1920 1720; x_wconf 68' lang='grc' dir='ltr'>καὶ</span> 
     </span>
    </p>
   </div>
   <div class='ocr_carea' id='block_1_18' title="bbox 323 1758 1921 1833">
    <p class='ocr_par' dir='ltr' id='par_1_18' title="bbox 323 1758 1921 1833">
     <span class='ocr_line' id='line_1_18' title="bbox 323 1758 1921 1833; baseline 0.008 -23"><span class='ocrx_word' id='word_1_121' title='bbox 323 1758 446 1810; x_wconf 77' lang='grc' dir='ltr'><strong>ἀπὸ</strong></span> <span class='ocrx_word' id='word_1_122' title='bbox 484 1760 594 1811; x_wconf 84' lang='grc' dir='ltr'>τῶν</span> <span class='ocrx_word' id='word_1_123' title='bbox 632 1760 832 1830; x_wconf 86' lang='grc' dir='ltr'>κρίνων</span> <span class='ocrx_word' id='word_1_124' title='bbox 871 1760 980 1814; x_wconf 90' lang='grc' dir='ltr'>τῶν</span> <span class='ocrx_word' id='word_1_125' title='bbox 1015 1763 1453 1832; x_wconf 81' lang='grc' dir='ltr'><strong>μαραινομένων.</strong></span> <span class='ocrx_word' id='word_1_126' title='bbox 1490 1764 1550 1816; x_wconf 82' lang='lat' dir='ltr'><strong>El</strong></span> <span class='ocrx_word' id='word_1_127' title='bbox 1586 1763 1693 1833; x_wconf 87' lang='grc' dir='ltr'><strong>γάρ</strong></span> <span class='ocrx_word' id='word_1_128' title='bbox 1722 1763 1750 1814; x_wconf 90' lang='lat'><strong>6</strong></span> <span class='ocrx_word' id='word_1_129' title='bbox 1789 1759 1921 1823; x_wconf 74' lang='grc' dir='ltr'>Θεὸς</span> 
     </span>
    </p>
   </div>
   <div class='ocr_carea' id='block_1_19' title="bbox 323 1850 1922 1925">
    <p class='ocr_par' dir='ltr' id='par_1_19' title="bbox 323 1850 1922 1925">
     <span class='ocr_line' id='line_1_19' title="bbox 323 1850 1922 1925; baseline 0.001 -23"><span class='ocrx_word' id='word_1_130' title='bbox 323 1851 525 1904; x_wconf 75' lang='grc' dir='ltr'>ἐκεῖνα</span> <span class='ocrx_word' id='word_1_131' title='bbox 573 1850 747 1915; x_wconf 76' lang='grc' dir='ltr'>οὕτως</span> <span class='ocrx_word' id='word_1_132' title='bbox 776 1851 1138 1917; x_wconf 75' lang='grc' dir='ltr'>ἐκαλλώπισε,</span> <span class='ocrx_word' id='word_1_133' title='bbox 1173 1854 1354 1907; x_wconf 88' lang='grc' dir='ltr'>καίτοι</span> <span class='ocrx_word' id='word_1_134' title='bbox 1409 1855 1682 1925; x_wconf 81' lang='grc' dir='ltr'><strong>μηδεμιᾶς</strong></span> <span class='ocrx_word' id='word_1_135' title='bbox 1733 1855 1922 1924; x_wconf 80' lang='grc' dir='ltr'>χρείας</span> 
     </span>
    </p>
   </div>
   <div class='ocr_carea' id='block_1_20' title="bbox 320 1943 1924 2017">
    <p class='ocr_par' dir='ltr' id='par_1_20' title="bbox 320 1943 1924 2017">
     <span class='ocr_line' id='line_1_20' title="bbox 320 1943 1924 2017; baseline 0.001 -21"><span class='ocrx_word' id='word_1_136' title='bbox 320 1943 530 2012; x_wconf 63' lang='grc' dir='ltr'>οὖσης,</span> <span class='ocrx_word' id='word_1_137' title='bbox 565 1944 719 2015; x_wconf 81' lang='grc' dir='ltr'>πόσῳ</span> <span class='ocrx_word' id='word_1_138' title='bbox 750 1945 953 2015; x_wconf 85' lang='grc' dir='ltr'>μᾶλλον</span> <span class='ocrx_word' id='word_1_139' title='bbox 978 1945 1075 2016; x_wconf 83' lang='grc' dir='ltr'>τὴν</span> <span class='ocrx_word' id='word_1_140' title='bbox 1097 1945 1294 2016; x_wconf 78' lang='grc' dir='ltr'>χρείαν</span> <span class='ocrx_word' id='word_1_141' title='bbox 1327 1946 1435 2000; x_wconf 86' lang='grc' dir='ltr'>τῶν</span> <span class='ocrx_word' id='word_1_142' title='bbox 1457 1946 1746 2017; x_wconf 75' lang='grc' dir='ltr'><strong>ἡμετέρων</strong></span> <span class='ocrx_word' id='word_1_143' title='bbox 1774 1946 1924 1998; x_wconf 75' lang='grc' dir='ltr'>ἐνδυ-</span> 
     </span>
    </p>
   </div>
   <div class='ocr_carea' id='block_1_21' title="bbox 328 2033 1924 2105">
    <p class='ocr_par' dir='ltr' id='par_1_21' title="bbox 328 2033 1924 2105">
     <span class='ocr_line' id='line_1_21' title="bbox 328 2033 1924 2105; baseline 0.003 -19"><span class='ocrx_word' id='word_1_144' title='bbox 328 2033 535 2102; x_wconf 77' lang='grc' dir='ltr'>μάτων</span> <span class='ocrx_word' id='word_1_145' title='bbox 584 2033 1011 2105; x_wconf 64' lang='grc' dir='ltr'>ἀποπληρώσας</span> <span class='ocrx_word' id='word_1_146' title='bbox 1043 2036 1294 2090; x_wconf 85' lang='grc' dir='ltr'>Δείκνυσι</span> <span class='ocrx_word' id='word_1_147' title='bbox 1341 2036 1418 2101; x_wconf 80' lang='grc' dir='ltr'><strong>δὲ,</strong></span> <span class='ocrx_word' id='word_1_148' title='bbox 1453 2037 1561 2100; x_wconf 83' lang='grc' dir='ltr'>ότι,</span> <span class='ocrx_word' id='word_1_149' title='bbox 1611 2036 1715 2090; x_wconf 80' lang='grc' dir='ltr'><strong>κᾶν</strong></span> <span class='ocrx_word' id='word_1_150' title='bbox 1750 2036 1924 2091; x_wconf 80' lang='grc' dir='ltr'>πολλὰ</span> 
     </span>
    </p>
   </div>
   <div class='ocr_carea' id='block_1_22' title="bbox 327 2127 1922 2201">
    <p class='ocr_par' dir='ltr' id='par_1_22' title="bbox 327 2127 1922 2201">
     <span class='ocr_line' id='line_1_22' title="bbox 327 2127 1922 2201; baseline 0.004 -23"><span class='ocrx_word' id='word_1_151' title='bbox 327 2143 408 2194; x_wconf 87' lang='grc' dir='ltr'><strong>με</strong></span> <span class='ocrx_word' id='word_1_152' title='bbox 421 2128 715 2198; x_wconf 79' lang='grc' dir='ltr'>ριμνήσῃς,</span> <span class='ocrx_word' id='word_1_153' title='bbox 747 2128 806 2180; x_wconf 79' lang='grc' dir='ltr'><strong>οὐ</strong></span> <span class='ocrx_word' id='word_1_154' title='bbox 829 2127 1036 2200; x_wconf 79' lang='grc' dir='ltr'>δυνήσῃ</span> <span class='ocrx_word' id='word_1_155' title='bbox 1059 2129 1505 2200; x_wconf 83' lang='grc' dir='ltr'>καλλωπισθῆναι</span> <span class='ocrx_word' id='word_1_156' title='bbox 1532 2130 1607 2194; x_wconf 84' lang='grc' dir='ltr'>ὡς</span> <span class='ocrx_word' id='word_1_157' title='bbox 1630 2130 1698 2184; x_wconf 89' lang='grc' dir='ltr'><strong>τά</strong></span> <span class='ocrx_word' id='word_1_158' title='bbox 1724 2130 1889 2201; x_wconf 81' lang='grc' dir='ltr'>κρίνα</span> <span class='ocrx_word' id='word_1_159' title='bbox 1905 2144 1922 2162; x_wconf 76' lang='grc'><strong>⁸</strong></span> 
     </span>
    </p>
   </div>
   <div class='ocr_carea' id='block_1_23' title="bbox 328 2220 1924 2294">
    <p class='ocr_par' dir='ltr' id='par_1_23' title="bbox 328 2220 1924 2294">
     <span class='ocr_line' id='line_1_23' title="bbox 328 2220 1924 2294; baseline 0.003 -24"><span class='ocrx_word' id='word_1_160' title='bbox 328 2221 480 2274; x_wconf 67' lang='grc' dir='ltr'>ὃπου</span> <span class='ocrx_word' id='word_1_161' title='bbox 514 2238 578 2288; x_wconf 86' lang='grc' dir='ltr'><strong>γε</strong></span> <span class='ocrx_word' id='word_1_162' title='bbox 615 2220 864 2291; x_wconf 85' lang='grc' dir='ltr'>Σολομὼν</span> <span class='ocrx_word' id='word_1_163' title='bbox 891 2225 919 2275; x_wconf 97' lang='lat'><strong>6</strong></span> <span class='ocrx_word' id='word_1_164' title='bbox 952 2221 1364 2292; x_wconf 81' lang='grc' dir='ltr'><strong>φρονιμώτατος</strong></span> <span class='ocrx_word' id='word_1_165' title='bbox 1389 2223 1485 2277; x_wconf 68' lang='grc' dir='ltr'><strong>καὶ</strong></span> <span class='ocrx_word' id='word_1_166' title='bbox 1509 2223 1924 2294; x_wconf 83' lang='grc' dir='ltr'>τρυφηλότατος</span> 
     </span>
    </p>
   </div>
   <div class='ocr_carea' id='block_1_24' title="bbox 323 2312 1924 2388">
    <p class='ocr_par' dir='ltr' id='par_1_24' title="bbox 323 2312 1924 2388">
     <span class='ocr_line' id='line_1_24' title="bbox 323 2312 1924 2388; baseline 0.004 -25"><span class='ocrx_word' id='word_1_167' title='bbox 323 2312 431 2364; x_wconf 71' lang='grc' dir='ltr'><strong>διὰ</strong></span> <span class='ocrx_word' id='word_1_168' title='bbox 455 2312 636 2383; x_wconf 81' lang='grc' dir='ltr'>πάσης</span> <span class='ocrx_word' id='word_1_169' title='bbox 663 2312 830 2366; x_wconf 85' lang='grc' dir='ltr'>αὑτοῦ</span> <span class='ocrx_word' id='word_1_170' title='bbox 879 2314 980 2383; x_wconf 84' lang='grc' dir='ltr'>τῆς</span> <span class='ocrx_word' id='word_1_171' title='bbox 1027 2314 1307 2385; x_wconf 84' lang='grc' dir='ltr'>βασιλείας</span> <span class='ocrx_word' id='word_1_172' title='bbox 1337 2316 1438 2369; x_wconf 83' lang='grc' dir='ltr'><strong>οὐκ</strong></span> <span class='ocrx_word' id='word_1_173' title='bbox 1472 2316 1659 2387; x_wconf 76' lang='grc' dir='ltr'>ἴσχυσε</span> <span class='ocrx_word' id='word_1_174' title='bbox 1691 2315 1924 2388; x_wconf 82' lang='grc' dir='ltr'>περιϐα-</span> 
     </span>
    </p>
   </div>
   <div class='ocr_carea' id='block_1_25' title="bbox 325 2403 914 2461">
    <p class='ocr_par' dir='ltr' id='par_1_25' title="bbox 325 2403 914 2461">
     <span class='ocr_line' id='line_1_25' title="bbox 325 2403 914 2461; baseline 0.007 -5"><span class='ocrx_word' id='word_1_175' title='bbox 325 2403 536 2457; x_wconf 75' lang='grc' dir='ltr'>λέσθαι</span> <span class='ocrx_word' id='word_1_176' title='bbox 562 2422 614 2457; x_wconf 87' lang='grc' dir='ltr'><strong>τι</strong></span> <span class='ocrx_word' id='word_1_177' title='bbox 645 2405 914 2461; x_wconf 87' lang='grc' dir='ltr'>τοιοῦτον.</span> 
     </span>
    </p>
   </div>
   <div class='ocr_carea' id='block_1_26' title="bbox 424 2497 1929 2572">
    <p class='ocr_par' dir='ltr' id='par_1_26' title="bbox 424 2497 1929 2572">
     <span class='ocr_line' id='line_1_26' title="bbox 424 2497 1929 2572; baseline 0.003 -22"><span class='ocrx_word' id='word_1_178' title='bbox 424 2517 444 2550; x_wconf 80' lang='grc' dir='ltr'>ι</span> <span class='ocrx_word' id='word_1_179' title='bbox 484 2498 546 2551; x_wconf 71' lang='lat' dir='ltr'><strong>El</strong></span> <span class='ocrx_word' id='word_1_180' title='bbox 582 2497 640 2552; x_wconf 78' lang='grc' dir='ltr'>δὲ</span> <span class='ocrx_word' id='word_1_181' title='bbox 674 2498 766 2551; x_wconf 83' lang='grc' dir='ltr'>τὸν</span> <span class='ocrx_word' id='word_1_182' title='bbox 813 2500 1008 2570; x_wconf 86' lang='grc' dir='ltr'>χόρτον</span> <span class='ocrx_word' id='word_1_183' title='bbox 1038 2499 1130 2554; x_wconf 90' lang='grc' dir='ltr'><strong>τοῦ</strong></span> <span class='ocrx_word' id='word_1_184' title='bbox 1171 2500 1342 2572; x_wconf 81' lang='grc' dir='ltr'>ἀγροῦ</span> <span class='ocrx_word' id='word_1_185' title='bbox 1377 2501 1615 2572; x_wconf 86' lang='grc' dir='ltr'>σήμερον</span> <span class='ocrx_word' id='word_1_186' title='bbox 1643 2501 1775 2556; x_wconf 82' lang='grc' dir='ltr'>ὅντα</span> <span class='ocrx_word' id='word_1_187' title='bbox 1833 2503 1929 2556; x_wconf 67' lang='grc' dir='ltr'>καὶ</span> 
     </span>
    </p>
   </div>
   <div class='ocr_carea' id='block_1_27' title="bbox 326 2586 1928 2660">
    <p class='ocr_par' dir='ltr' id='par_1_27' title="bbox 326 2586 1928 2660">
     <span class='ocr_line' id='line_1_27' title="bbox 326 2586 1928 2660; baseline 0.001 -20"><span class='ocrx_word' id='word_1_188' title='bbox 326 2586 538 2656; x_wconf 68' lang='grc' dir='ltr'>αὗριον</span> <span class='ocrx_word' id='word_1_189' title='bbox 571 2591 650 2649; x_wconf 87' lang='grc' dir='ltr'><strong>είς</strong></span> <span class='ocrx_word' id='word_1_190' title='bbox 667 2588 916 2642; x_wconf 83' lang='grc' dir='ltr'>κλίϐανον</span> <span class='ocrx_word' id='word_1_191' title='bbox 951 2589 1276 2660; x_wconf 86' lang='grc' dir='ltr'>βαλλόμενον</span> <span class='ocrx_word' id='word_1_192' title='bbox 1310 2591 1342 2643; x_wconf 86' lang='lat' dir='ltr'><em>6r</em></span> <span class='ocrx_word' id='word_1_193' title='bbox 1389 2589 1519 2648; x_wconf 82' lang='grc' dir='ltr'>Θεὸς</span> <span class='ocrx_word' id='word_1_194' title='bbox 1539 2589 1711 2651; x_wconf 77' lang='grc' dir='ltr'>οὕτως</span> <span class='ocrx_word' id='word_1_195' title='bbox 1754 2592 1928 2660; x_wconf 77' lang='grc' dir='ltr'><strong>ἀμφι·-</strong></span> 
     </span>
    </p>
   </div>
   <div class='ocr_carea' id='block_1_28' title="bbox 330 2677 1919 2749">
    <p class='ocr_par' dir='ltr' id='par_1_28' title="bbox 330 2677 1919 2749">
     <span class='ocr_line' id='line_1_28' title="bbox 330 2677 1919 2749; baseline 0.001 -21"><span class='ocrx_word' id='word_1_196' title='bbox 330 2677 583 2742; x_wconf 66' lang='grc' dir='ltr'>ἑννυσιν,</span> <span class='ocrx_word' id='word_1_197' title='bbox 621 2679 679 2729; x_wconf 70' lang='grc' dir='ltr'>οὐ</span> <span class='ocrx_word' id='word_1_198' title='bbox 739 2677 916 2747; x_wconf 73' lang='grc' dir='ltr'>πολλῴ</span> <span class='ocrx_word' id='word_1_199' title='bbox 961 2679 1162 2749; x_wconf 78' lang='grc' dir='ltr'>μᾶλλον</span> <span class='ocrx_word' id='word_1_200' title='bbox 1241 2680 1407 2749; x_wconf 80' lang='grc' dir='ltr'>ὑμᾶς,</span> <span class='ocrx_word' id='word_1_201' title='bbox 1479 2680 1842 2747; x_wconf 83' lang='grc' dir='ltr'>όλιγόπιστοι;</span> <span class='ocrx_word' id='word_1_202' title='bbox 1901 2698 1919 2730; x_wconf 70' lang='grc' dir='ltr'><strong>ι</strong></span> 
     </span>
    </p>
   </div>
   <div class='ocr_carea' id='block_1_29' title="bbox 331 2771 1919 2847">
    <p class='ocr_par' dir='ltr' id='par_1_29' title="bbox 331 2771 1919 2847">
     <span class='ocr_line' id='line_1_29' title="bbox 331 2771 1919 2847; baseline 0.001 -24"><span class='ocrx_word' id='word_1_203' title='bbox 331 2771 713 2847; x_wconf 70' lang='grc' dir='ltr'>Μανοάνομεν</span> <span class='ocrx_word' id='word_1_204' title='bbox 743 2772 1015 2835; x_wconf 86' lang='grc' dir='ltr'>ὲντεῦοεν,</span> <span class='ocrx_word' id='word_1_205' title='bbox 1042 2774 1124 2826; x_wconf 83' lang='grc' dir='ltr'>ὅτι</span> <span class='ocrx_word' id='word_1_206' title='bbox 1173 2773 1234 2826; x_wconf 83' lang='grc' dir='ltr'><strong>οῦ</strong></span> <span class='ocrx_word' id='word_1_207' title='bbox 1261 2773 1342 2826; x_wconf 76' lang='grc' dir='ltr'><strong>δεῖ</strong></span> <span class='ocrx_word' id='word_1_208' title='bbox 1371 2773 1677 2843; x_wconf 75' lang='grc' dir='ltr'>φροντίζειν</span> <span class='ocrx_word' id='word_1_209' title='bbox 1715 2772 1919 2824; x_wconf 78' lang='grc' dir='ltr'>καλλωο</span> 
     </span>
    </p>
   </div>
   <div class='ocr_carea' id='block_1_30' title="bbox 336 2862 1928 2935">
    <p class='ocr_par' dir='ltr' id='par_1_30' title="bbox 336 2862 1928 2935">
     <span class='ocr_line' id='line_1_30' title="bbox 336 2862 1928 2935; baseline 0.003 -22"><span class='ocrx_word' id='word_1_210' title='bbox 336 2863 581 2932; x_wconf 75' lang='grc' dir='ltr'>πισμοῦ.</span> <span class='ocrx_word' id='word_1_211' title='bbox 619 2863 788 2916; x_wconf 85' lang='grc' dir='ltr'>Τοῦτο</span> <span class='ocrx_word' id='word_1_212' title='bbox 815 2862 922 2934; x_wconf 80' lang='grc' dir='ltr'>γὰρ</span> <span class='ocrx_word' id='word_1_213' title='bbox 959 2864 1067 2916; x_wconf 87' lang='grc' dir='ltr'><strong>τῶν</strong></span> <span class='ocrx_word' id='word_1_214' title='bbox 1115 2865 1466 2935; x_wconf 87' lang='grc' dir='ltr'>προσκαίρων</span> <span class='ocrx_word' id='word_1_215' title='bbox 1497 2865 1706 2920; x_wconf 79' lang='grc' dir='ltr'>ἀνθέων</span> <span class='ocrx_word' id='word_1_216' title='bbox 1756 2865 1928 2918; x_wconf 81' lang='grc' dir='ltr'>ἐστίν.</span> 
     </span>
    </p>
   </div>
   <div class='ocr_carea' id='block_1_31' title="bbox 338 2951 1929 3024">
    <p class='ocr_par' dir='ltr' id='par_1_31' title="bbox 338 2951 1929 3024">
     <span class='ocr_line' id='line_1_31' title="bbox 338 2951 1929 3024; baseline 0.002 -21"><span class='ocrx_word' id='word_1_217' title='bbox 338 2951 520 3003; x_wconf 79' lang='grc' dir='ltr'>Ὥστε</span> <span class='ocrx_word' id='word_1_218' title='bbox 550 2953 657 3014; x_wconf 75' lang='grc' dir='ltr'><strong>πᾶς</strong></span> <span class='ocrx_word' id='word_1_219' title='bbox 687 2951 1188 3022; x_wconf 73' lang='grc' dir='ltr'><strong>καλλωπιζόμενος,</strong></span> <span class='ocrx_word' id='word_1_220' title='bbox 1221 2955 1414 3024; x_wconf 83' lang='grc' dir='ltr'>χόρτος</span> <span class='ocrx_word' id='word_1_221' title='bbox 1449 2953 1621 3009; x_wconf 81' lang='grc' dir='ltr'>ἐστίν.</span> <span class='ocrx_word' id='word_1_222' title='bbox 1668 2952 1845 3022; x_wconf 76' lang='grc' dir='ltr'>’Υμᾶς</span> <span class='ocrx_word' id='word_1_223' title='bbox 1871 2953 1929 3006; x_wconf 77' lang='grc' dir='ltr'>δὲ</span> 
     </span>
    </p>
   </div>
   <div class='ocr_carea' id='block_1_32' title="bbox 337 3037 1926 3116">
    <p class='ocr_par' dir='ltr' id='par_1_32' title="bbox 337 3037 1926 3116">
     <span class='ocr_line' id='line_1_32' title="bbox 337 3037 1926 3116; baseline 0.003 -22"><span class='ocrx_word' id='word_1_224' title='bbox 337 3037 498 3104; x_wconf 70' lang='grc' dir='ltr'>εἷπε,</span> <span class='ocrx_word' id='word_1_225' title='bbox 521 3044 645 3105; x_wconf 72' lang='grc' dir='ltr'>τοὺς</span> <span class='ocrx_word' id='word_1_226' title='bbox 667 3042 940 3112; x_wconf 75' lang='grc' dir='ltr'>λογικοὺς,</span> <span class='ocrx_word' id='word_1_227' title='bbox 971 3042 1053 3109; x_wconf 73' lang='grc' dir='ltr'>οἷς</span> <span class='ocrx_word' id='word_1_228' title='bbox 1073 3045 1258 3116; x_wconf 73' lang='grc' dir='ltr'>ψυχὴν</span> <span class='ocrx_word' id='word_1_229' title='bbox 1291 3047 1386 3099; x_wconf 77' lang='grc' dir='ltr'><strong>καὶ</strong></span> <span class='ocrx_word' id='word_1_230' title='bbox 1422 3046 1581 3115; x_wconf 89' lang='grc' dir='ltr'>σῶμα</span> <span class='ocrx_word' id='word_1_231' title='bbox 1611 3046 1894 3100; x_wconf 83' lang='grc' dir='ltr'>διέπλασεν</span> <span class='ocrx_word' id='word_1_232' title='bbox 1912 3063 1926 3077; x_wconf 73' lang='grc'><strong>⁸</strong></span> 
     </span>
    </p>
   </div>
   <div class='ocr_carea' id='block_1_33' title="bbox 335 3135 1931 3210">
    <p class='ocr_par' dir='ltr' id='par_1_33' title="bbox 335 3135 1931 3210">
     <span class='ocr_line' id='line_1_33' title="bbox 335 3135 1931 3210; baseline 0.003 -24"><span class='ocrx_word' id='word_1_233' title='bbox 335 3135 691 3201; x_wconf 71' lang='grc' dir='ltr'>ὀλιγόπιστοι</span> <span class='ocrx_word' id='word_1_234' title='bbox 713 3136 769 3189; x_wconf 79' lang='grc' dir='ltr'>δὲ</span> <span class='ocrx_word' id='word_1_235' title='bbox 787 3137 988 3201; x_wconf 87' lang='grc' dir='ltr'>πάντες</span> <span class='ocrx_word' id='word_1_236' title='bbox 1010 3139 1059 3191; x_wconf 83' lang='lat' dir='ltr'><strong>oi</strong></span> <span class='ocrx_word' id='word_1_237' title='bbox 1081 3139 1478 3210; x_wconf 88' lang='grc' dir='ltr'>μεριμνῶντες.</span> <span class='ocrx_word' id='word_1_238' title='bbox 1502 3140 1563 3192; x_wconf 79' lang='lat' dir='ltr'><strong>El</strong></span> <span class='ocrx_word' id='word_1_239' title='bbox 1594 3139 1702 3210; x_wconf 80' lang='grc' dir='ltr'><strong>γὰρ</strong></span> <span class='ocrx_word' id='word_1_240' title='bbox 1721 3139 1931 3192; x_wconf 87' lang='grc' dir='ltr'>τελείαν</span> 
     </span>
    </p>
   </div>
   <div class='ocr_carea' id='block_1_34' title="bbox 2017 647 3588 719">
    <p class='ocr_par' dir='ltr' id='par_1_34' title="bbox 2017 647 3588 719">
     <span class='ocr_line' id='line_1_34' title="bbox 2017 647 3588 719; baseline 0.001 -16"><span class='ocrx_word' id='word_1_241' title='bbox 2017 650 2226 705; x_wconf 80' lang='lat' dir='ltr'><strong>ratione</strong></span> <span class='ocrx_word' id='word_1_242' title='bbox 2261 651 2639 705; x_wconf 90' lang='lat' dir='ltr'><strong>destituamur.</strong></span> <span class='ocrx_word' id='word_1_243' title='bbox 2673 647 2854 704; x_wconf 87' lang='lat' dir='ltr'><strong>Pascit</strong></span> <span class='ocrx_word' id='word_1_244' title='bbox 2897 658 3080 705; x_wconf 86' lang='lat' dir='ltr'><strong>autem</strong></span> <span class='ocrx_word' id='word_1_245' title='bbox 3129 664 3223 706; x_wconf 86' lang='lat' dir='ltr'><strong>eas</strong></span> <span class='ocrx_word' id='word_1_246' title='bbox 3280 650 3442 714; x_wconf 88' lang='lat' dir='ltr'><strong>Deus,</strong></span> <span class='ocrx_word' id='word_1_247' title='bbox 3499 652 3588 719; x_wconf 90' lang='lat' dir='ltr'><strong>qui</strong></span> 
     </span>
    </p>
   </div>
   <div class='ocr_carea' id='block_1_35' title="bbox 2015 741 3589 816">
    <p class='ocr_par' dir='ltr' id='par_1_35' title="bbox 2015 741 3589 816">
     <span class='ocr_line' id='line_1_35' title="bbox 2015 741 3589 816; baseline -0.001 -17"><span class='ocrx_word' id='word_1_248' title='bbox 2015 743 2210 799; x_wconf 91' lang='lat' dir='ltr'><strong>indidit</strong></span> <span class='ocrx_word' id='word_1_249' title='bbox 2259 743 2340 800; x_wconf 89' lang='lat' dir='ltr'><strong>eis</strong></span> <span class='ocrx_word' id='word_1_250' title='bbox 2403 743 2700 799; x_wconf 71' lang='lat' dir='ltr'><strong>naturalem</strong></span> <span class='ocrx_word' id='word_1_251' title='bbox 2771 741 3057 799; x_wconf 79' lang='lat' dir='ltr'><strong>scientiam</strong></span> <span class='ocrx_word' id='word_1_252' title='bbox 3114 743 3182 798; x_wconf 86' lang='lat' dir='ltr'><strong>ad</strong></span> <span class='ocrx_word' id='word_1_253' title='bbox 3252 743 3589 816; x_wconf 89' lang='lat' dir='ltr'><strong>colligendas</strong></span> 
     </span>
    </p>
   </div>
   <div class='ocr_carea' id='block_1_36' title="bbox 2014 851 2190 894">
    <p class='ocr_par' dir='ltr' id='par_1_36' title="bbox 2014 851 2190 894">
     <span class='ocr_line' id='line_1_36' title="bbox 2014 851 2190 894; baseline -0.011 0"><span class='ocrx_word' id='word_1_254' title='bbox 2014 851 2190 894; x_wconf 86' lang='lat' dir='ltr'><strong>escas.</strong></span> 
     </span>
    </p>
   </div>
   <div class='ocr_carea' id='block_1_37' title="bbox 2091 925 3593 999">
    <p class='ocr_par' dir='ltr' id='par_1_37' title="bbox 2091 925 3593 999">
     <span class='ocr_line' id='line_1_37' title="bbox 2091 925 3593 999; baseline -0.002 -17"><span class='ocrx_word' id='word_1_255' title='bbox 2091 928 2253 984; x_wconf 79' lang='lat' dir='ltr'><strong>Vens.</strong></span> <span class='ocrx_word' id='word_1_256' title='bbox 2283 929 2375 984; x_wconf 71' lang='lat'><strong>27.</strong></span> <span class='ocrx_word' id='word_1_257' title='bbox 2417 947 2436 981; x_wconf 79' lang='grc' dir='ltr'>ι</span> <span class='ocrx_word' id='word_1_258' title='bbox 2460 927 2590 995; x_wconf 84' lang='lat' dir='ltr'><strong>Quis</strong></span> <span class='ocrx_word' id='word_1_259' title='bbox 2623 936 2804 999; x_wconf 78' lang='lat' dir='ltr'><strong>autem</strong></span> <span class='ocrx_word' id='word_1_260' title='bbox 2833 942 2900 983; x_wconf 78' lang='lat' dir='ltr'><strong>ex</strong></span> <span class='ocrx_word' id='word_1_261' title='bbox 2932 925 3086 983; x_wconf 85' lang='lat' dir='ltr'><strong>vobis</strong></span> <span class='ocrx_word' id='word_1_262' title='bbox 3115 925 3384 984; x_wconf 84' lang='lat' dir='ltr'><strong>sollicitus</strong></span> <span class='ocrx_word' id='word_1_263' title='bbox 3412 934 3593 996; x_wconf 86' lang='lat' dir='ltr'><strong>potest</strong></span> 
     </span>
    </p>
   </div>
   <div class='ocr_carea' id='block_1_38' title="bbox 2019 1015 3596 1090">
    <p class='ocr_par' dir='ltr' id='par_1_38' title="bbox 2019 1015 3596 1090">
     <span class='ocr_line' id='line_1_38' title="bbox 2019 1015 3596 1090; baseline -0.003 -17"><span class='ocrx_word' id='word_1_264' title='bbox 2019 1035 2291 1090; x_wconf 85' lang='lat' dir='ltr'><strong>apponere</strong></span> <span class='ocrx_word' id='word_1_265' title='bbox 2322 1019 2388 1074; x_wconf 86' lang='lat' dir='ltr'><strong>ad</strong></span> <span class='ocrx_word' id='word_1_266' title='bbox 2419 1027 2679 1074; x_wconf 86' lang='lat' dir='ltr'><strong>staturam</strong></span> <span class='ocrx_word' id='word_1_267' title='bbox 2716 1032 2869 1074; x_wconf 89' lang='lat' dir='ltr'><strong>suam</strong></span> <span class='ocrx_word' id='word_1_268' title='bbox 2903 1017 3144 1073; x_wconf 76' lang='lat' dir='ltr'><strong>cubitum</strong></span> <span class='ocrx_word' id='word_1_269' title='bbox 3171 1017 3378 1071; x_wconf 87' lang='lat' dir='ltr'><strong>unum?</strong></span> <span class='ocrx_word' id='word_1_270' title='bbox 3404 1034 3424 1068; x_wconf 74' lang='grc' dir='ltr'>ι</span> <span class='ocrx_word' id='word_1_271' title='bbox 3479 1015 3596 1071; x_wconf 82' lang='lat' dir='ltr'><strong>Hoc</strong></span> 
     </span>
    </p>
   </div>
   <div class='ocr_carea' id='block_1_39' title="bbox 2019 1106 3590 1182">
    <p class='ocr_par' dir='ltr' id='par_1_39' title="bbox 2019 1106 3590 1182">
     <span class='ocr_line' id='line_1_39' title="bbox 2019 1106 3590 1182; baseline -0.004 -15"><span class='ocrx_word' id='word_1_272' title='bbox 2019 1112 2402 1182; x_wconf 82' lang='lat' dir='ltr'><strong>inquit,qnod,</strong></span> <span class='ocrx_word' id='word_1_273' title='bbox 2439 1111 2565 1166; x_wconf 90' lang='lat' dir='ltr'><strong>licet</strong></span> <span class='ocrx_word' id='word_1_274' title='bbox 2608 1109 2872 1166; x_wconf 86' lang='lat' dir='ltr'><strong>sollicitus</strong></span> <span class='ocrx_word' id='word_1_275' title='bbox 2912 1110 3010 1174; x_wconf 92' lang='lat' dir='ltr'><strong>sis,</strong></span> <span class='ocrx_word' id='word_1_276' title='bbox 3045 1107 3182 1164; x_wconf 88' lang='lat' dir='ltr'><strong>nihil</strong></span> <span class='ocrx_word' id='word_1_277' title='bbox 3231 1106 3437 1178; x_wconf 86' lang='lat' dir='ltr'><strong>poteris</strong></span> <span class='ocrx_word' id='word_1_278' title='bbox 3485 1122 3590 1161; x_wconf 92' lang='lat' dir='ltr'><strong>non</strong></span> 
     </span>
    </p>
   </div>
   <div class='ocr_carea' id='block_1_40' title="bbox 2019 1199 3594 1274">
    <p class='ocr_par' dir='ltr' id='par_1_40' title="bbox 2019 1199 3594 1274">
     <span class='ocr_line' id='line_1_40' title="bbox 2019 1199 3594 1274; baseline -0.005 -16"><span class='ocrx_word' id='word_1_279' title='bbox 2019 1206 2230 1260; x_wconf 83' lang='lat' dir='ltr'><strong>volente</strong></span> <span class='ocrx_word' id='word_1_280' title='bbox 2275 1206 2401 1260; x_wconf 67' lang='grc' dir='ltr'>Προ.</span> <span class='ocrx_word' id='word_1_281' title='bbox 2439 1205 2550 1260; x_wconf 89' lang='lat' dir='ltr'><strong>Cur</strong></span> <span class='ocrx_word' id='word_1_282' title='bbox 2579 1205 2744 1274; x_wconf 86' lang='lat' dir='ltr'><strong>igitur</strong></span> <span class='ocrx_word' id='word_1_283' title='bbox 2778 1203 2832 1258; x_wconf 93' lang='lat' dir='ltr'><strong>in</strong></span> <span class='ocrx_word' id='word_1_284' title='bbox 2870 1217 3064 1258; x_wconf 83' lang='lat' dir='ltr'><strong>vanum</strong></span> <span class='ocrx_word' id='word_1_285' title='bbox 3083 1201 3296 1258; x_wconf 84' lang='lat' dir='ltr'><strong>crucias</strong></span> <span class='ocrx_word' id='word_1_286' title='bbox 3322 1199 3594 1268; x_wconf 81' lang='lat' dir='ltr'><strong>teipsum?</strong></span> 
     </span>
    </p>
   </div>
   <div class='ocr_carea' id='block_1_41' title="bbox 2092 1291 3593 1364">
    <p class='ocr_par' dir='ltr' id='par_1_41' title="bbox 2092 1291 3593 1364">
     <span class='ocr_line' id='line_1_41' title="bbox 2092 1291 3593 1364; baseline -0.005 -12"><span class='ocrx_word' id='word_1_287' title='bbox 2092 1299 2255 1353; x_wconf 72' lang='lat' dir='ltr'><strong>Vens.</strong></span> <span class='ocrx_word' id='word_1_288' title='bbox 2291 1296 2383 1362; x_wconf 78' lang='lat'><strong>9.8,</strong></span> <span class='ocrx_word' id='word_1_289' title='bbox 2412 1297 2501 1351; x_wconf 74' lang='lat'><strong>29.</strong></span> <span class='ocrx_word' id='word_1_290' title='bbox 2564 1315 2582 1348; x_wconf 85' lang='grc' dir='ltr'>ι</span> <span class='ocrx_word' id='word_1_291' title='bbox 2629 1297 2698 1350; x_wconf 87' lang='grc' dir='ltr'><strong>Ει</strong></span> <span class='ocrx_word' id='word_1_292' title='bbox 2735 1295 2800 1350; x_wconf 88' lang='lat' dir='ltr'><strong>de</strong></span> <span class='ocrx_word' id='word_1_293' title='bbox 2830 1294 3160 1351; x_wconf 89' lang='lat' dir='ltr'><strong>vestimento</strong></span> <span class='ocrx_word' id='word_1_294' title='bbox 3191 1292 3318 1364; x_wconf 89' lang='lat' dir='ltr'><strong>quid</strong></span> <span class='ocrx_word' id='word_1_295' title='bbox 3381 1291 3593 1348; x_wconf 89' lang='lat' dir='ltr'><strong>solliciti</strong></span> 
     </span>
    </p>
   </div>
   <div class='ocr_carea' id='block_1_42' title="bbox 2019 1384 3593 1457">
    <p class='ocr_par' dir='ltr' id='par_1_42' title="bbox 2019 1384 3593 1457">
     <span class='ocr_line' id='line_1_42' title="bbox 2019 1384 3593 1457; baseline -0.007 -11"><span class='ocrx_word' id='word_1_296' title='bbox 2019 1390 2192 1446; x_wconf 84' lang='lat' dir='ltr'><strong>estis?</strong></span> <span class='ocrx_word' id='word_1_297' title='bbox 2219 1389 2571 1445; x_wconf 86' lang='lat' dir='ltr'><strong>Considerate</strong></span> <span class='ocrx_word' id='word_1_298' title='bbox 2629 1387 2739 1442; x_wconf 91' lang='lat' dir='ltr'><strong>lilia</strong></span> <span class='ocrx_word' id='word_1_299' title='bbox 2777 1385 2917 1456; x_wconf 87' lang='lat' dir='ltr'><strong>agri,</strong></span> <span class='ocrx_word' id='word_1_300' title='bbox 2965 1384 3238 1457; x_wconf 91' lang='lat' dir='ltr'><strong>quomodo</strong></span> <span class='ocrx_word' id='word_1_301' title='bbox 3295 1392 3543 1439; x_wconf 85' lang='lat' dir='ltr'><strong>crescant</strong></span> <span class='ocrx_word' id='word_1_302' title='bbox 3578 1399 3593 1436; x_wconf 90' lang='lat'><strong>:</strong></span> 
     </span>
    </p>
   </div>
   <div class='ocr_carea' id='block_1_43' title="bbox 2022 1475 3596 1551">
    <p class='ocr_par' dir='ltr' id='par_1_43' title="bbox 2022 1475 3596 1551">
     <span class='ocr_line' id='line_1_43' title="bbox 2022 1475 3596 1551; baseline -0.005 -15"><span class='ocrx_word' id='word_1_303' title='bbox 2022 1498 2126 1537; x_wconf 94' lang='lat' dir='ltr'><strong>non</strong></span> <span class='ocrx_word' id='word_1_304' title='bbox 2165 1481 2436 1547; x_wconf 85' lang='lat' dir='ltr'><strong>laborant,</strong></span> <span class='ocrx_word' id='word_1_305' title='bbox 2469 1494 2644 1551; x_wconf 86' lang='lat' dir='ltr'><strong>neque</strong></span> <span class='ocrx_word' id='word_1_306' title='bbox 2670 1487 2818 1534; x_wconf 86' lang='lat' dir='ltr'><strong>nent.</strong></span> <span class='ocrx_word' id='word_1_307' title='bbox 2852 1477 2981 1534; x_wconf 91' lang='lat' dir='ltr'><strong>Dico</strong></span> <span class='ocrx_word' id='word_1_308' title='bbox 3009 1487 3190 1533; x_wconf 90' lang='lat' dir='ltr'><strong>autem</strong></span> <span class='ocrx_word' id='word_1_309' title='bbox 3241 1477 3414 1540; x_wconf 75' lang='lat' dir='ltr'><strong>vobis,</strong></span> <span class='ocrx_word' id='word_1_310' title='bbox 3451 1475 3596 1538; x_wconf 87' lang='lat' dir='ltr'><strong>quod</strong></span> 
     </span>
    </p>
   </div>
   <div class='ocr_carea' id='block_1_44' title="bbox 2022 1565 3597 1644">
    <p class='ocr_par' dir='ltr' id='par_1_44' title="bbox 2022 1565 3597 1644">
     <span class='ocr_line' id='line_1_44' title="bbox 2022 1565 3597 1644; baseline -0.008 -14"><span class='ocrx_word' id='word_1_311' title='bbox 2022 1590 2198 1644; x_wconf 87' lang='lat' dir='ltr'><strong>neque</strong></span> <span class='ocrx_word' id='word_1_312' title='bbox 2237 1573 2494 1629; x_wconf 79' lang='lat' dir='ltr'><strong>Salomon</strong></span> <span class='ocrx_word' id='word_1_313' title='bbox 2549 1573 2601 1626; x_wconf 93' lang='lat' dir='ltr'><strong>in</strong></span> <span class='ocrx_word' id='word_1_314' title='bbox 2639 1573 2788 1627; x_wconf 92' lang='lat' dir='ltr'><strong>omni</strong></span> <span class='ocrx_word' id='word_1_315' title='bbox 2814 1569 2984 1640; x_wconf 82' lang='lat' dir='ltr'><strong>gloria</strong></span> <span class='ocrx_word' id='word_1_316' title='bbox 3020 1584 3113 1626; x_wconf 90' lang='lat' dir='ltr'><strong>sua</strong></span> <span class='ocrx_word' id='word_1_317' title='bbox 3145 1569 3376 1623; x_wconf 85' lang='lat' dir='ltr'><strong>amictus</strong></span> <span class='ocrx_word' id='word_1_318' title='bbox 3405 1565 3507 1621; x_wconf 90' lang='lat' dir='ltr'><strong>fuit</strong></span> <span class='ocrx_word' id='word_1_319' title='bbox 3539 1574 3597 1619; x_wconf 92' lang='lat' dir='ltr'><strong>ut</strong></span> 
     </span>
    </p>
   </div>
   <div class='ocr_carea' id='block_1_45' title="bbox 2023 1659 3598 1730">
    <p class='ocr_par' dir='ltr' id='par_1_45' title="bbox 2023 1659 3598 1730">
     <span class='ocr_line' id='line_1_45' title="bbox 2023 1659 3598 1730; baseline -0.008 -7"><span class='ocrx_word' id='word_1_320' title='bbox 2023 1683 2188 1723; x_wconf 89' lang='lat' dir='ltr'><strong>unum</strong></span> <span class='ocrx_word' id='word_1_321' title='bbox 2219 1682 2284 1722; x_wconf 80' lang='lat' dir='ltr'><strong>ex</strong></span> <span class='ocrx_word' id='word_1_322' title='bbox 2317 1667 2424 1721; x_wconf 90' lang='lat' dir='ltr'><strong>his.</strong></span> <span class='ocrx_word' id='word_1_323' title='bbox 2453 1684 2470 1718; x_wconf 71' lang='grc' dir='ltr'><strong>ι</strong></span> <span class='ocrx_word' id='word_1_324' title='bbox 2499 1663 2616 1719; x_wconf 84' lang='lat' dir='ltr'><strong>Non</strong></span> <span class='ocrx_word' id='word_1_325' title='bbox 2646 1664 2817 1721; x_wconf 85' lang='lat' dir='ltr'><strong>solum</strong></span> <span class='ocrx_word' id='word_1_326' title='bbox 2843 1676 2941 1730; x_wconf 89' lang='lat' dir='ltr'><strong>per</strong></span> <span class='ocrx_word' id='word_1_327' title='bbox 2964 1677 3090 1716; x_wconf 88' lang='lat' dir='ltr'><strong>aves</strong></span> <span class='ocrx_word' id='word_1_328' title='bbox 3117 1659 3326 1715; x_wconf 87' lang='lat' dir='ltr'><strong>ratione</strong></span> <span class='ocrx_word' id='word_1_329' title='bbox 3351 1666 3598 1713; x_wconf 77' lang='lat' dir='ltr'><strong>carentes</strong></span> 
     </span>
    </p>
   </div>
   <div class='ocr_carea' id='block_1_46' title="bbox 2022 1749 3592 1828">
    <p class='ocr_par' dir='ltr' id='par_1_46' title="bbox 2022 1749 3592 1828">
     <span class='ocr_line' id='line_1_46' title="bbox 2022 1749 3592 1828; baseline -0.008 -14"><span class='ocrx_word' id='word_1_330' title='bbox 2022 1775 2122 1814; x_wconf 90' lang='lat' dir='ltr'><strong>nos</strong></span> <span class='ocrx_word' id='word_1_331' title='bbox 2143 1759 2418 1822; x_wconf 86' lang='lat' dir='ltr'><strong>admonet,</strong></span> <span class='ocrx_word' id='word_1_332' title='bbox 2454 1759 2548 1813; x_wconf 90' lang='lat' dir='ltr'><strong>sed</strong></span> <span class='ocrx_word' id='word_1_333' title='bbox 2577 1765 2629 1812; x_wconf 89' lang='lat' dir='ltr'><strong>et</strong></span> <span class='ocrx_word' id='word_1_334' title='bbox 2661 1773 2758 1827; x_wconf 87' lang='lat' dir='ltr'><strong>per</strong></span> <span class='ocrx_word' id='word_1_335' title='bbox 2791 1757 2898 1812; x_wconf 88' lang='lat' dir='ltr'><strong>lilia</strong></span> <span class='ocrx_word' id='word_1_336' title='bbox 2928 1770 3046 1828; x_wconf 76' lang='lat' dir='ltr'><strong>qua:</strong></span> <span class='ocrx_word' id='word_1_337' title='bbox 3075 1760 3434 1808; x_wconf 87' lang='lat' dir='ltr'><strong>marcescunt.</strong></span> <span class='ocrx_word' id='word_1_338' title='bbox 3460 1749 3592 1804; x_wconf 81' lang='lat' dir='ltr'><strong>Nam</strong></span> 
     </span>
    </p>
   </div>
   <div class='ocr_carea' id='block_1_47' title="bbox 2026 1841 3596 1919">
    <p class='ocr_par' dir='ltr' id='par_1_47' title="bbox 2026 1841 3596 1919">
     <span class='ocr_line' id='line_1_47' title="bbox 2026 1841 3596 1919; baseline -0.008 -13"><span class='ocrx_word' id='word_1_339' title='bbox 2026 1852 2070 1906; x_wconf 92' lang='lat' dir='ltr'><strong>si</strong></span> <span class='ocrx_word' id='word_1_340' title='bbox 2113 1851 2253 1906; x_wconf 91' lang='lat' dir='ltr'><strong>Deus</strong></span> <span class='ocrx_word' id='word_1_341' title='bbox 2283 1851 2368 1905; x_wconf 89' lang='lat' dir='ltr'><strong>illa</strong></span> <span class='ocrx_word' id='word_1_342' title='bbox 2403 1850 2483 1905; x_wconf 89' lang='lat' dir='ltr'><strong>sic</strong></span> <span class='ocrx_word' id='word_1_343' title='bbox 2531 1851 2771 1909; x_wconf 86' lang='lat' dir='ltr'><strong>ornavit,</strong></span> <span class='ocrx_word' id='word_1_344' title='bbox 2823 1848 3072 1919; x_wconf 81' lang='lat' dir='ltr'><strong>quamvis</strong></span> <span class='ocrx_word' id='word_1_345' title='bbox 3110 1844 3252 1900; x_wconf 89' lang='lat' dir='ltr'><strong>nulla</strong></span> <span class='ocrx_word' id='word_1_346' title='bbox 3300 1841 3596 1899; x_wconf 79' lang='lat' dir='ltr'><strong>necessitas</strong></span> 
     </span>
    </p>
   </div>
   <div class='ocr_carea' id='block_1_48' title="bbox 2026 1934 3598 2012">
    <p class='ocr_par' dir='ltr' id='par_1_48' title="bbox 2026 1934 3598 2012">
     <span class='ocr_line' id='line_1_48' title="bbox 2026 1934 3598 2012; baseline -0.007 -12"><span class='ocrx_word' id='word_1_347' title='bbox 2026 1945 2224 2011; x_wconf 77' lang='lat' dir='ltr'><strong>exigat.</strong></span> <span class='ocrx_word' id='word_1_348' title='bbox 2249 1949 2452 2012; x_wconf 86' lang='lat' dir='ltr'><strong>quanto</strong></span> <span class='ocrx_word' id='word_1_349' title='bbox 2480 1941 2652 2008; x_wconf 82' lang='lat' dir='ltr'><strong>magis</strong></span> <span class='ocrx_word' id='word_1_350' title='bbox 2679 1942 2960 2010; x_wconf 90' lang='lat' dir='ltr'><strong>penuriam</strong></span> <span class='ocrx_word' id='word_1_351' title='bbox 2989 1947 3232 1994; x_wconf 87' lang='lat' dir='ltr'><strong>nostram</strong></span> <span class='ocrx_word' id='word_1_352' title='bbox 3265 1935 3318 1991; x_wconf 93' lang='lat' dir='ltr'><strong>in</strong></span> <span class='ocrx_word' id='word_1_353' title='bbox 3355 1934 3598 1989; x_wconf 80' lang='lat' dir='ltr'><strong>vestibus</strong></span> 
     </span>
    </p>
   </div>
   <div class='ocr_carea' id='block_1_49' title="bbox 2027 2026 3597 2106">
    <p class='ocr_par' dir='ltr' id='par_1_49' title="bbox 2027 2026 3597 2106">
     <span class='ocr_line' id='line_1_49' title="bbox 2027 2026 3597 2106; baseline -0.009 -14"><span class='ocrx_word' id='word_1_354' title='bbox 2027 2035 2337 2106; x_wconf 88' lang='lat' dir='ltr'><strong>supplebit?</strong></span> <span class='ocrx_word' id='word_1_355' title='bbox 2372 2034 2620 2091; x_wconf 84' lang='lat' dir='ltr'><strong>Ostendit</strong></span> <span class='ocrx_word' id='word_1_356' title='bbox 2642 2045 2829 2089; x_wconf 88' lang='lat' dir='ltr'><strong>autem</strong></span> <span class='ocrx_word' id='word_1_357' title='bbox 2862 2033 3003 2102; x_wconf 84' lang='lat' dir='ltr'><strong>quod</strong></span> <span class='ocrx_word' id='word_1_358' title='bbox 3040 2031 3165 2086; x_wconf 90' lang='lat' dir='ltr'><strong>licet</strong></span> <span class='ocrx_word' id='word_1_359' title='bbox 3187 2028 3412 2084; x_wconf 90' lang='lat' dir='ltr'><strong>multum</strong></span> <span class='ocrx_word' id='word_1_360' title='bbox 3447 2026 3597 2081; x_wconf 89' lang='lat' dir='ltr'><strong>solli-</strong></span> 
     </span>
    </p>
   </div>
   <div class='ocr_carea' id='block_1_50' title="bbox 2027 2118 3603 2198">
    <p class='ocr_par' dir='ltr' id='par_1_50' title="bbox 2027 2118 3603 2198">
     <span class='ocr_line' id='line_1_50' title="bbox 2027 2118 3603 2198; baseline -0.008 -15"><span class='ocrx_word' id='word_1_361' title='bbox 2027 2130 2168 2183; x_wconf 91' lang='lat' dir='ltr'><strong>citus</strong></span> <span class='ocrx_word' id='word_1_362' title='bbox 2195 2129 2290 2192; x_wconf 86' lang='lat' dir='ltr'><strong>sis,</strong></span> <span class='ocrx_word' id='word_1_363' title='bbox 2323 2143 2427 2182; x_wconf 90' lang='lat' dir='ltr'><strong>non</strong></span> <span class='ocrx_word' id='word_1_364' title='bbox 2448 2125 2652 2198; x_wconf 89' lang='lat' dir='ltr'><strong>poteris</strong></span> <span class='ocrx_word' id='word_1_365' title='bbox 2675 2135 2854 2181; x_wconf 88' lang='lat' dir='ltr'><strong>tamen</strong></span> <span class='ocrx_word' id='word_1_366' title='bbox 2876 2123 3056 2189; x_wconf 79' lang='lat' dir='ltr'><strong>ornari</strong></span> <span class='ocrx_word' id='word_1_367' title='bbox 3085 2121 3226 2178; x_wconf 88' lang='lat' dir='ltr'><strong>sicut</strong></span> <span class='ocrx_word' id='word_1_368' title='bbox 3253 2118 3398 2173; x_wconf 83' lang='lat' dir='ltr'><strong>lilia:</strong></span> <span class='ocrx_word' id='word_1_369' title='bbox 3427 2132 3603 2187; x_wconf 85' lang='lat' dir='ltr'><strong>quan-</strong></span> 
     </span>
    </p>
   </div>
   <div class='ocr_carea' id='block_1_51' title="bbox 2027 2209 3602 2292">
    <p class='ocr_par' dir='ltr' id='par_1_51' title="bbox 2027 2209 3602 2292">
     <span class='ocr_line' id='line_1_51' title="bbox 2027 2209 3602 2292; baseline -0.009 -16"><span class='ocrx_word' id='word_1_370' title='bbox 2027 2220 2316 2292; x_wconf 89' lang='lat' dir='ltr'><strong>doquidem</strong></span> <span class='ocrx_word' id='word_1_371' title='bbox 2353 2235 2525 2290; x_wconf 85' lang='lat' dir='ltr'><strong>neque</strong></span> <span class='ocrx_word' id='word_1_372' title='bbox 2550 2218 2807 2273; x_wconf 85' lang='lat' dir='ltr'><strong>Salomon</strong></span> <span class='ocrx_word' id='word_1_373' title='bbox 2837 2213 3292 2286; x_wconf 72' lang='lat' dir='ltr'><strong>prudentissimus</strong></span> <span class='ocrx_word' id='word_1_374' title='bbox 3328 2219 3381 2266; x_wconf 91' lang='lat' dir='ltr'><strong>et</strong></span> <span class='ocrx_word' id='word_1_375' title='bbox 3402 2209 3602 2265; x_wconf 84' lang='lat' dir='ltr'><strong>delica-</strong></span> 
     </span>
    </p>
   </div>
   <div class='ocr_carea' id='block_1_52' title="bbox 2031 2302 3608 2380">
    <p class='ocr_par' dir='ltr' id='par_1_52' title="bbox 2031 2302 3608 2380">
     <span class='ocr_line' id='line_1_52' title="bbox 2031 2302 3608 2380; baseline -0.01 -13"><span class='ocrx_word' id='word_1_376' title='bbox 2031 2313 2278 2369; x_wconf 88' lang='lat' dir='ltr'><strong>tissimus</strong></span> <span class='ocrx_word' id='word_1_377' title='bbox 2311 2312 2364 2368; x_wconf 90' lang='lat' dir='ltr'><strong>in</strong></span> <span class='ocrx_word' id='word_1_378' title='bbox 2393 2311 2540 2367; x_wconf 89' lang='lat' dir='ltr'><strong>omni</strong></span> <span class='ocrx_word' id='word_1_379' title='bbox 2579 2325 2744 2380; x_wconf 89' lang='lat' dir='ltr'><strong>regno</strong></span> <span class='ocrx_word' id='word_1_380' title='bbox 2772 2323 2871 2364; x_wconf 92' lang='lat' dir='ltr'><strong>suo</strong></span> <span class='ocrx_word' id='word_1_381' title='bbox 2899 2307 3074 2378; x_wconf 86' lang='lat' dir='ltr'><strong>potuit</strong></span> <span class='ocrx_word' id='word_1_382' title='bbox 3116 2302 3301 2359; x_wconf 89' lang='lat' dir='ltr'><strong>ornari</strong></span> <span class='ocrx_word' id='word_1_383' title='bbox 3338 2309 3396 2356; x_wconf 93' lang='lat' dir='ltr'><strong>ut</strong></span> <span class='ocrx_word' id='word_1_384' title='bbox 3433 2316 3608 2356; x_wconf 84' lang='lat' dir='ltr'><strong>unum.</strong></span> 
     </span>
    </p>
   </div>
   <div class='ocr_carea' id='block_1_53' title="bbox 2027 2405 2241 2460">
    <p class='ocr_par' dir='ltr' id='par_1_53' title="bbox 2027 2405 2241 2460">
     <span class='ocr_line' id='line_1_53' title="bbox 2027 2405 2241 2460; baseline 0 0"><span class='ocrx_word' id='word_1_385' title='bbox 2027 2405 2241 2460; x_wconf 79' lang='lat' dir='ltr'><strong>exiliis.</strong></span> 
     </span>
    </p>
   </div>
   <div class='ocr_carea' id='block_1_54' title="bbox 2102 2482 3604 2559">
    <p class='ocr_par' dir='ltr' id='par_1_54' title="bbox 2102 2482 3604 2559">
     <span class='ocr_line' id='line_1_54' title="bbox 2102 2482 3604 2559; baseline -0.01 -10"><span class='ocrx_word' id='word_1_386' title='bbox 2102 2494 2267 2550; x_wconf 72' lang='lat' dir='ltr'><strong>Vens.</strong></span> <span class='ocrx_word' id='word_1_387' title='bbox 2299 2492 2390 2548; x_wconf 77' lang='grc'><strong>50.</strong></span> <span class='ocrx_word' id='word_1_388' title='bbox 2421 2511 2438 2545; x_wconf 86' lang='grc' dir='ltr'>ι</span> <span class='ocrx_word' id='word_1_389' title='bbox 2480 2491 2632 2558; x_wconf 88' lang='lat' dir='ltr'><strong>Quod</strong></span> <span class='ocrx_word' id='word_1_390' title='bbox 2657 2489 2701 2545; x_wconf 87' lang='lat' dir='ltr'><strong>si</strong></span> <span class='ocrx_word' id='word_1_391' title='bbox 2721 2502 2939 2559; x_wconf 83' lang='lat' dir='ltr'><strong>gramen</strong></span> <span class='ocrx_word' id='word_1_392' title='bbox 2962 2486 3099 2557; x_wconf 83' lang='lat' dir='ltr'><strong>agri,</strong></span> <span class='ocrx_word' id='word_1_393' title='bbox 3129 2485 3272 2558; x_wconf 88' lang='lat' dir='ltr'><strong>quod</strong></span> <span class='ocrx_word' id='word_1_394' title='bbox 3304 2482 3461 2540; x_wconf 89' lang='lat' dir='ltr'><strong>hodie</strong></span> <span class='ocrx_word' id='word_1_395' title='bbox 3481 2496 3604 2537; x_wconf 88' lang='lat' dir='ltr'><strong>cum</strong></span> 
     </span>
    </p>
   </div>
   <div class='ocr_carea' id='block_1_55' title="bbox 2029 2574 3617 2652">
    <p class='ocr_par' dir='ltr' id='par_1_55' title="bbox 2029 2574 3617 2652">
     <span class='ocr_line' id='line_1_55' title="bbox 2029 2574 3617 2652; baseline -0.01 -10"><span class='ocrx_word' id='word_1_396' title='bbox 2029 2586 2265 2652; x_wconf 86' lang='lat' dir='ltr'><strong>sit,cras</strong></span> <span class='ocrx_word' id='word_1_397' title='bbox 2290 2584 2343 2638; x_wconf 93' lang='lat' dir='ltr'><strong>in</strong></span> <span class='ocrx_word' id='word_1_398' title='bbox 2375 2583 2647 2638; x_wconf 87' lang='lat' dir='ltr'><strong>clibanum</strong></span> <span class='ocrx_word' id='word_1_399' title='bbox 2676 2581 2930 2646; x_wconf 90' lang='lat' dir='ltr'><strong>mittitur,</strong></span> <span class='ocrx_word' id='word_1_400' title='bbox 2980 2577 3120 2634; x_wconf 90' lang='lat' dir='ltr'><strong>Deus</strong></span> <span class='ocrx_word' id='word_1_401' title='bbox 3173 2577 3250 2632; x_wconf 87' lang='lat' dir='ltr'><strong>sic</strong></span> <span class='ocrx_word' id='word_1_402' title='bbox 3302 2574 3482 2639; x_wconf 80' lang='lat' dir='ltr'><strong>vestit,</strong></span> <span class='ocrx_word' id='word_1_403' title='bbox 3534 2587 3617 2626; x_wconf 86' lang='lat' dir='ltr'><strong>an.</strong></span> 
     </span>
    </p>
   </div>
   <div class='ocr_carea' id='block_1_56' title="bbox 2031 2663 3603 2742">
    <p class='ocr_par' dir='ltr' id='par_1_56' title="bbox 2031 2663 3603 2742">
     <span class='ocr_line' id='line_1_56' title="bbox 2031 2663 3603 2742; baseline -0.011 -11"><span class='ocrx_word' id='word_1_404' title='bbox 2031 2693 2138 2732; x_wconf 91' lang='lat' dir='ltr'><strong>non</strong></span> <span class='ocrx_word' id='word_1_405' title='bbox 2170 2675 2339 2730; x_wconf 87' lang='lat' dir='ltr'><strong>multo</strong></span> <span class='ocrx_word' id='word_1_406' title='bbox 2365 2673 2539 2742; x_wconf 88' lang='lat' dir='ltr'><strong>magis</strong></span> <span class='ocrx_word' id='word_1_407' title='bbox 2567 2671 2722 2726; x_wconf 81' lang='lat' dir='ltr'><strong>vobis</strong></span> <span class='ocrx_word' id='word_1_408' title='bbox 2751 2671 2804 2725; x_wconf 93' lang='lat' dir='ltr'><strong>id</strong></span> <span class='ocrx_word' id='word_1_409' title='bbox 2830 2669 3012 2735; x_wconf 90' lang='lat' dir='ltr'><strong>faciet,</strong></span> <span class='ocrx_word' id='word_1_410' title='bbox 3045 2683 3236 2738; x_wconf 89' lang='lat' dir='ltr'><strong>parutn</strong></span> <span class='ocrx_word' id='word_1_411' title='bbox 3286 2663 3545 2720; x_wconf 79' lang='lat' dir='ltr'><strong>ﬁdentes?</strong></span> <span class='ocrx_word' id='word_1_412' title='bbox 3579 2681 3603 2715; x_wconf 71' lang='grc' dir='ltr'>ι</span> 
     </span>
    </p>
   </div>
   <div class='ocr_carea' id='block_1_57' title="bbox 2033 2757 3604 2834">
    <p class='ocr_par' dir='ltr' id='par_1_57' title="bbox 2033 2757 3604 2834">
     <span class='ocr_line' id='line_1_57' title="bbox 2033 2757 3604 2834; baseline -0.011 -8"><span class='ocrx_word' id='word_1_413' title='bbox 2033 2768 2303 2826; x_wconf 87' lang='lat' dir='ltr'><strong>Discimus</strong></span> <span class='ocrx_word' id='word_1_414' title='bbox 2331 2767 2431 2821; x_wconf 90' lang='lat' dir='ltr'><strong>hoc</strong></span> <span class='ocrx_word' id='word_1_415' title='bbox 2461 2766 2580 2820; x_wconf 90' lang='lat' dir='ltr'><strong>loco</strong></span> <span class='ocrx_word' id='word_1_416' title='bbox 2607 2762 2749 2834; x_wconf 89' lang='lat' dir='ltr'><strong>quod</strong></span> <span class='ocrx_word' id='word_1_417' title='bbox 2777 2762 2962 2816; x_wconf 88' lang='lat' dir='ltr'><strong>nullus</strong></span> <span class='ocrx_word' id='word_1_418' title='bbox 3009 2774 3203 2815; x_wconf 88' lang='lat' dir='ltr'><strong>curare</strong></span> <span class='ocrx_word' id='word_1_419' title='bbox 3233 2757 3395 2813; x_wconf 85' lang='lat' dir='ltr'><strong>debet</strong></span> <span class='ocrx_word' id='word_1_420' title='bbox 3437 2770 3604 2810; x_wconf 84' lang='lat' dir='ltr'><strong>orna-</strong></span> 
     </span>
    </p>
   </div>
   <div class='ocr_carea' id='block_1_58' title="bbox 2035 2848 3609 2917">
    <p class='ocr_par' dir='ltr' id='par_1_58' title="bbox 2035 2848 3609 2917">
     <span class='ocr_line' id='line_1_58' title="bbox 2035 2848 3609 2917; baseline -0.008 -3"><span class='ocrx_word' id='word_1_421' title='bbox 2035 2872 2170 2916; x_wconf 92' lang='lat' dir='ltr'><strong>tum.</strong></span> <span class='ocrx_word' id='word_1_422' title='bbox 2201 2858 2314 2914; x_wconf 88' lang='lat' dir='ltr'><strong>lloc</strong></span> <span class='ocrx_word' id='word_1_423' title='bbox 2346 2858 2489 2913; x_wconf 86' lang='lat' dir='ltr'><strong>enim</strong></span> <span class='ocrx_word' id='word_1_424' title='bbox 2522 2857 2846 2911; x_wconf 86' lang='lat' dir='ltr'><strong>caducorum</strong></span> <span class='ocrx_word' id='word_1_425' title='bbox 2883 2851 3078 2908; x_wconf 85' lang='lat' dir='ltr'><strong>florum</strong></span> <span class='ocrx_word' id='word_1_426' title='bbox 3118 2860 3235 2904; x_wconf 88' lang='lat' dir='ltr'><strong>est:</strong></span> <span class='ocrx_word' id='word_1_427' title='bbox 3297 2848 3609 2917; x_wconf 83' lang='lat' dir='ltr'><strong>quicunque</strong></span> 
     </span>
    </p>
   </div>
   <div class='ocr_carea' id='block_1_59' title="bbox 2032 2940 3608 3024">
    <p class='ocr_par' dir='ltr' id='par_1_59' title="bbox 2032 2940 3608 3024">
     <span class='ocr_line' id='line_1_59' title="bbox 2032 2940 3608 3024; baseline -0.011 -14"><span class='ocrx_word' id='word_1_428' title='bbox 2032 2969 2164 3024; x_wconf 88' lang='lat' dir='ltr'><strong>ergo</strong></span> <span class='ocrx_word' id='word_1_429' title='bbox 2213 2961 2463 3016; x_wconf 86' lang='lat' dir='ltr'><strong>ornatur,</strong></span> <span class='ocrx_word' id='word_1_430' title='bbox 2498 2949 2678 3006; x_wconf 90' lang='lat' dir='ltr'><strong>fenum</strong></span> <span class='ocrx_word' id='word_1_431' title='bbox 2714 2957 2818 3002; x_wconf 85' lang='lat' dir='ltr'><strong>est.</strong></span> <span class='ocrx_word' id='word_1_432' title='bbox 2876 2943 2983 3001; x_wconf 84' lang='lat' dir='ltr'><strong>Vos</strong></span> <span class='ocrx_word' id='word_1_433' title='bbox 3022 2953 3202 2998; x_wconf 86' lang='lat' dir='ltr'><strong>autem</strong></span> <span class='ocrx_word' id='word_1_434' title='bbox 3234 2941 3392 3008; x_wconf 82' lang='lat' dir='ltr'><strong>dixit,</strong></span> <span class='ocrx_word' id='word_1_435' title='bbox 3435 2940 3608 2996; x_wconf 80' lang='lat' dir='ltr'><strong>ratio—</strong></span> 
     </span>
    </p>
   </div>
   <div class='ocr_carea' id='block_1_60' title="bbox 2036 3030 3609 3110">
    <p class='ocr_par' dir='ltr' id='par_1_60' title="bbox 2036 3030 3609 3110">
     <span class='ocr_line' id='line_1_60' title="bbox 2036 3030 3609 3110; baseline -0.01 -10"><span class='ocrx_word' id='word_1_436' title='bbox 2036 3045 2207 3108; x_wconf 81' lang='lat' dir='ltr'><strong>nales,</strong></span> <span class='ocrx_word' id='word_1_437' title='bbox 2242 3042 2438 3110; x_wconf 84' lang='lat' dir='ltr'><strong>quibus</strong></span> <span class='ocrx_word' id='word_1_438' title='bbox 2489 3041 2633 3094; x_wconf 89' lang='lat' dir='ltr'><strong>Deus</strong></span> <span class='ocrx_word' id='word_1_439' title='bbox 2685 3038 2917 3093; x_wconf 86' lang='lat' dir='ltr'><strong>animam</strong></span> <span class='ocrx_word' id='word_1_440' title='bbox 2972 3045 3027 3091; x_wconf 92' lang='lat' dir='ltr'><strong>et</strong></span> <span class='ocrx_word' id='word_1_441' title='bbox 3083 3049 3284 3102; x_wconf 89' lang='lat' dir='ltr'><strong>corpus</strong></span> <span class='ocrx_word' id='word_1_442' title='bbox 3325 3030 3609 3088; x_wconf 87' lang='lat' dir='ltr'><strong>formavit.</strong></span> 
     </span>
    </p>
   </div>
   <div class='ocr_carea' id='block_1_61' title="bbox 2034 3120 3612 3190">
    <p class='ocr_par' dir='ltr' id='par_1_61' title="bbox 2034 3120 3612 3190">
     <span class='ocr_line' id='line_1_61' title="bbox 2034 3120 3612 3190; baseline -0.012 1"><span class='ocrx_word' id='word_1_443' title='bbox 2034 3135 2231 3190; x_wconf 85' lang='lat' dir='ltr'><strong>Parum</strong></span> <span class='ocrx_word' id='word_1_444' title='bbox 2263 3133 2433 3188; x_wconf 87' lang='lat' dir='ltr'><strong>lidnnt</strong></span> <span class='ocrx_word' id='word_1_445' title='bbox 2477 3140 2656 3184; x_wconf 85' lang='lat' dir='ltr'><strong>autem</strong></span> <span class='ocrx_word' id='word_1_446' title='bbox 2680 3142 2868 3182; x_wconf 83' lang='lat' dir='ltr'><strong>otnncs</strong></span> <span class='ocrx_word' id='word_1_447' title='bbox 2890 3121 3128 3181; x_wconf 90' lang='lat' dir='ltr'><strong>solliciti.</strong></span> <span class='ocrx_word' id='word_1_448' title='bbox 3165 3120 3298 3176; x_wconf 88' lang='lat' dir='ltr'><strong>Nam</strong></span> <span class='ocrx_word' id='word_1_449' title='bbox 3336 3121 3379 3176; x_wconf 90' lang='lat' dir='ltr'><strong>si</strong></span> <span class='ocrx_word' id='word_1_450' title='bbox 3431 3121 3612 3190; x_wconf 84' lang='lat' dir='ltr'><strong>perfe-</strong></span> 
     </span>
    </p>
   </div>
   <div class='ocr_carea' id='block_1_62' title="bbox 339 3213 1931 3310">
    <p class='ocr_par' dir='ltr' id='par_1_62' title="bbox 339 3223 1923 3301">
     <span class='ocr_line' id='line_1_62' title="bbox 339 3223 1923 3301; baseline 0.003 -23"><span class='ocrx_word' id='word_1_451' title='bbox 339 3223 501 3295; x_wconf 80' lang='grc' dir='ltr'>εἶχον</span> <span class='ocrx_word' id='word_1_452' title='bbox 554 3228 634 3290; x_wconf 82' lang='grc' dir='ltr'><strong>είς</strong></span> <span class='ocrx_word' id='word_1_453' title='bbox 684 3227 816 3282; x_wconf 82' lang='grc' dir='ltr'>Θεὸν</span> <span class='ocrx_word' id='word_1_454' title='bbox 852 3229 1056 3295; x_wconf 81' lang='grc' dir='ltr'>πίστιν,</span> <span class='ocrx_word' id='word_1_455' title='bbox 1106 3231 1206 3283; x_wconf 84' lang='grc' dir='ltr'><strong>οὐκ</strong></span> <span class='ocrx_word' id='word_1_456' title='bbox 1256 3230 1322 3283; x_wconf 85' lang='grc' dir='ltr'>ἂν</span> <span class='ocrx_word' id='word_1_457' title='bbox 1375 3229 1689 3301; x_wconf 80' lang='grc' dir='ltr'>ὲμερίμνων</span> <span class='ocrx_word' id='word_1_458' title='bbox 1750 3230 1923 3292; x_wconf 78' lang='grc' dir='ltr'>οὕτως</span> 
     </span>
    </p>
   </div>
   <div class='ocr_carea' id='block_1_63' title="bbox 2037 3213 3613 3310">
    <p class='ocr_par' dir='ltr' id='par_1_63' title="bbox 2037 3213 3613 3284">
     <span class='ocr_line' id='line_1_63' title="bbox 2037 3213 3613 3284; baseline -0.01 -1"><span class='ocrx_word' id='word_1_459' title='bbox 2037 3237 2178 3284; x_wconf 91' lang='lat' dir='ltr'><strong>ctam</strong></span> <span class='ocrx_word' id='word_1_460' title='bbox 2226 3226 2278 3281; x_wconf 94' lang='lat' dir='ltr'><strong>in</strong></span> <span class='ocrx_word' id='word_1_461' title='bbox 2326 3225 2491 3279; x_wconf 82' lang='lat' dir='ltr'><strong>Deum</strong></span> <span class='ocrx_word' id='word_1_462' title='bbox 2525 3222 2788 3278; x_wconf 87' lang='lat' dir='ltr'><strong>baberent</strong></span> <span class='ocrx_word' id='word_1_463' title='bbox 2817 3221 2997 3283; x_wconf 78' lang='lat' dir='ltr'><strong>(idem,</strong></span> <span class='ocrx_word' id='word_1_464' title='bbox 3029 3230 3132 3271; x_wconf 91' lang='lat' dir='ltr'><strong>non</strong></span> <span class='ocrx_word' id='word_1_465' title='bbox 3153 3223 3260 3270; x_wconf 90' lang='lat' dir='ltr'><strong>tam</strong></span> <span class='ocrx_word' id='word_1_466' title='bbox 3278 3213 3436 3270; x_wconf 82' lang='lat' dir='ltr'><strong>enixe</strong></span> <span class='ocrx_word' id='word_1_467' title='bbox 3463 3213 3613 3270; x_wconf 90' lang='lat' dir='ltr'><strong>solli-</strong></span> 
     </span>
    </p>
   </div>
   <div class='ocr_carea' id='block_1_64' title="bbox 340 3318 665 3380">
    <p class='ocr_par' dir='ltr' id='par_1_64' title="bbox 340 3318 665 3380">
     <span class='ocr_line' id='line_1_64' title="bbox 340 3318 665 3380; baseline 0.012 -10"><span class='ocrx_word' id='word_1_468' title='bbox 340 3318 665 3380; x_wconf 80' lang='grc' dir='ltr'>ὲνενδότως.</span> 
     </span>
    </p>
   </div>
   <div class='ocr_carea' id='block_1_65' title="bbox 435 3410 1932 3486">
    <p class='ocr_par' dir='ltr' id='par_1_65' title="bbox 435 3410 1932 3486">
     <span class='ocr_line' id='line_1_65' title="bbox 435 3410 1932 3486; baseline 0.004 -24"><span class='ocrx_word' id='word_1_469' title='bbox 435 3428 454 3462; x_wconf 79' lang='grc' dir='ltr'>ι</span> <span class='ocrx_word' id='word_1_470' title='bbox 496 3411 588 3481; x_wconf 82' lang='grc' dir='ltr'><strong>Μὴ</strong></span> <span class='ocrx_word' id='word_1_471' title='bbox 612 3410 704 3464; x_wconf 84' lang='grc' dir='ltr'><strong>οῦν</strong></span> <span class='ocrx_word' id='word_1_472' title='bbox 738 3412 1132 3484; x_wconf 76' lang='grc' dir='ltr'>μεριμνήσητε,</span> <span class='ocrx_word' id='word_1_473' title='bbox 1164 3413 1435 3480; x_wconf 79' lang='grc' dir='ltr'>λέγοντες·</span> <span class='ocrx_word' id='word_1_474' title='bbox 1464 3415 1530 3468; x_wconf 88' lang='grc' dir='ltr'>Τί</span> <span class='ocrx_word' id='word_1_475' title='bbox 1564 3414 1853 3486; x_wconf 77' lang='grc' dir='ltr'><strong>φάγωμεν,</strong></span> <span class='ocrx_word' id='word_1_476' title='bbox 1899 3415 1932 3486; x_wconf 83' lang='grc' dir='ltr'>ἢ</span> 
     </span>
    </p>
   </div>
   <div class='ocr_carea' id='block_1_66' title="bbox 342 3503 1938 3577">
    <p class='ocr_par' dir='ltr' id='par_1_66' title="bbox 342 3503 1938 3577">
     <span class='ocr_line' id='line_1_66' title="bbox 342 3503 1938 3577; baseline 0.003 -21"><span class='ocrx_word' id='word_1_477' title='bbox 342 3503 726 3574; x_wconf 79' lang='grc' dir='ltr'>τίπίωμεν,ἢ</span> <span class='ocrx_word' id='word_1_478' title='bbox 770 3505 820 3558; x_wconf 94' lang='grc' dir='ltr'><strong>τί</strong></span> <span class='ocrx_word' id='word_1_479' title='bbox 879 3504 1334 3576; x_wconf 85' lang='grc' dir='ltr'>περιϐαλώμεοα;</span> <span class='ocrx_word' id='word_1_480' title='bbox 1388 3507 1570 3561; x_wconf 85' lang='grc' dir='ltr'>Πάντα</span> <span class='ocrx_word' id='word_1_481' title='bbox 1619 3507 1726 3577; x_wconf 80' lang='grc' dir='ltr'>γὰρ</span> <span class='ocrx_word' id='word_1_482' title='bbox 1764 3506 1938 3561; x_wconf 88' lang='grc' dir='ltr'>ταῦτα</span> 
     </span>
    </p>
   </div>
   <div class='ocr_carea' id='block_1_67' title="bbox 344 3592 1938 3664">
    <p class='ocr_par' dir='ltr' id='par_1_67' title="bbox 344 3592 1938 3664">
     <span class='ocr_line' id='line_1_67' title="bbox 344 3592 1938 3664; baseline 0.002 -19"><span class='ocrx_word' id='word_1_483' title='bbox 344 3592 426 3645; x_wconf 71' lang='grc' dir='ltr'>τὰ</span> <span class='ocrx_word' id='word_1_484' title='bbox 458 3592 584 3661; x_wconf 79' lang='grc' dir='ltr'><strong>ἕονη</strong></span> <span class='ocrx_word' id='word_1_485' title='bbox 637 3592 903 3664; x_wconf 74' lang='grc' dir='ltr'>ἐπιζητεῖ.</span> <span class='ocrx_word' id='word_1_486' title='bbox 945 3612 963 3644; x_wconf 72' lang='grc' dir='ltr'><strong>ι</strong></span> <span class='ocrx_word' id='word_1_487' title='bbox 1005 3593 1077 3646; x_wconf 83' lang='grc' dir='ltr'><strong>Τὸ</strong></span> <span class='ocrx_word' id='word_1_488' title='bbox 1117 3593 1214 3664; x_wconf 81' lang='grc' dir='ltr'><strong>μὲν</strong></span> <span class='ocrx_word' id='word_1_489' title='bbox 1268 3597 1461 3664; x_wconf 81' lang='grc' dir='ltr'>φαγεῖν</span> <span class='ocrx_word' id='word_1_490' title='bbox 1496 3597 1558 3649; x_wconf 82' lang='grc' dir='ltr'><strong>οὐ</strong></span> <span class='ocrx_word' id='word_1_491' title='bbox 1608 3595 1827 3652; x_wconf 80' lang='grc' dir='ltr'>κωλύει.</span> <span class='ocrx_word' id='word_1_492' title='bbox 1864 3595 1938 3648; x_wconf 85' lang='grc' dir='ltr'><strong>Τὸ</strong></span> 
     </span>
    </p>
   </div>
   <div class='ocr_carea' id='block_1_68' title="bbox 346 3683 1932 3756">
    <p class='ocr_par' dir='ltr' id='par_1_68' title="bbox 346 3683 1932 3756">
     <span class='ocr_line' id='line_1_68' title="bbox 346 3683 1932 3756; baseline 0.001 -18"><span class='ocrx_word' id='word_1_493' title='bbox 346 3685 415 3738; x_wconf 84' lang='grc' dir='ltr'>δὲ</span> <span class='ocrx_word' id='word_1_494' title='bbox 449 3683 650 3752; x_wconf 83' lang='grc' dir='ltr'>λέγειν,</span> <span class='ocrx_word' id='word_1_495' title='bbox 693 3685 758 3737; x_wconf 88' lang='grc' dir='ltr'>Τί</span> <span class='ocrx_word' id='word_1_496' title='bbox 818 3686 1118 3755; x_wconf 74' lang='grc' dir='ltr'>φάγωμεν;</span> <span class='ocrx_word' id='word_1_497' title='bbox 1171 3685 1389 3740; x_wconf 82' lang='grc' dir='ltr'>κωλύει.</span> <span class='ocrx_word' id='word_1_498' title='bbox 1451 3689 1516 3739; x_wconf 77' lang='grc' dir='ltr'><em>Ὃ</em></span> <span class='ocrx_word' id='word_1_499' title='bbox 1575 3687 1828 3756; x_wconf 82' lang='grc' dir='ltr'>λέγουσιν</span> <span class='ocrx_word' id='word_1_500' title='bbox 1881 3688 1932 3741; x_wconf 88' lang='grc' dir='ltr'>οἱ</span> 
     </span>
    </p>
   </div>
   <div class='ocr_carea' id='block_1_69' title="bbox 349 3774 1939 3850">
    <p class='ocr_par' dir='ltr' id='par_1_69' title="bbox 349 3774 1939 3850">
     <span class='ocr_line' id='line_1_69' title="bbox 349 3774 1939 3850; baseline 0.002 -22"><span class='ocrx_word' id='word_1_501' title='bbox 349 3774 609 3829; x_wconf 67' lang='grc' dir='ltr'>πλούσιοι</span> <span class='ocrx_word' id='word_1_502' title='bbox 657 3774 751 3843; x_wconf 80' lang='grc' dir='ltr'><strong>ἀφ’</strong></span> <span class='ocrx_word' id='word_1_503' title='bbox 805 3776 1067 3846; x_wconf 72' lang='grc' dir='ltr'>ἑσπέραςο</span> <span class='ocrx_word' id='word_1_504' title='bbox 1128 3775 1192 3829; x_wconf 89' lang='grc' dir='ltr'>Τί</span> <span class='ocrx_word' id='word_1_505' title='bbox 1228 3776 1495 3846; x_wconf 76' lang='grc' dir='ltr'>φάγωμεν</span> <span class='ocrx_word' id='word_1_506' title='bbox 1549 3776 1766 3850; x_wconf 80' lang='grc' dir='ltr'>αὖριον;</span> <span class='ocrx_word' id='word_1_507' title='bbox 1804 3779 1939 3850; x_wconf 78' lang='grc' dir='ltr'>ὁρᾷς</span> 
     </span>
    </p>
   </div>
   <div class='ocr_carea' id='block_1_70' title="bbox 350 3867 1518 3942">
    <p class='ocr_par' dir='ltr' id='par_1_70' title="bbox 350 3867 1518 3942">
     <span class='ocr_line' id='line_1_70' title="bbox 350 3867 1518 3942; baseline 0 -19"><span class='ocrx_word' id='word_1_508' title='bbox 350 3870 445 3924; x_wconf 79' lang='grc' dir='ltr'><strong>ὅτι</strong></span> <span class='ocrx_word' id='word_1_509' title='bbox 492 3867 588 3941; x_wconf 76' lang='grc' dir='ltr'><strong>τὴν</strong></span> <span class='ocrx_word' id='word_1_510' title='bbox 615 3868 825 3942; x_wconf 81' lang='grc' dir='ltr'>τρυφὴν</span> <span class='ocrx_word' id='word_1_511' title='bbox 853 3868 947 3923; x_wconf 77' lang='grc' dir='ltr'><strong>καὶ</strong></span> <span class='ocrx_word' id='word_1_512' title='bbox 977 3869 1074 3939; x_wconf 80' lang='grc' dir='ltr'>τὴν</span> <span class='ocrx_word' id='word_1_513' title='bbox 1101 3867 1258 3940; x_wconf 78' lang='grc' dir='ltr'>ὓϐριν</span> <span class='ocrx_word' id='word_1_514' title='bbox 1301 3868 1518 3923; x_wconf 81' lang='grc' dir='ltr'>κωλύει.</span> 
     </span>
    </p>
   </div>
   <div class='ocr_carea' id='block_1_71' title="bbox 441 4040 1940 4116">
    <p class='ocr_par' dir='ltr' id='par_1_71' title="bbox 441 4040 1940 4116">
     <span class='ocr_line' id='line_1_71' title="bbox 441 4040 1940 4116; baseline -0.003 -17"><span class='ocrx_word' id='word_1_515' title='bbox 441 4067 459 4099; x_wconf 78' lang='grc' dir='ltr'>ι</span> <span class='ocrx_word' id='word_1_516' title='bbox 495 4042 613 4102; x_wconf 74' lang='grc' dir='ltr'>Οἵδε</span> <span class='ocrx_word' id='word_1_517' title='bbox 641 4046 751 4116; x_wconf 76' lang='grc' dir='ltr'><strong>γὰρ</strong></span> <span class='ocrx_word' id='word_1_518' title='bbox 772 4044 800 4098; x_wconf 91' lang='lat'><strong>6</strong></span> <span class='ocrx_word' id='word_1_519' title='bbox 829 4043 1020 4115; x_wconf 75' lang='grc' dir='ltr'>Πατὴρ</span> <span class='ocrx_word' id='word_1_520' title='bbox 1049 4042 1203 4114; x_wconf 82' lang='grc' dir='ltr'>ὑμῶν</span> <span class='ocrx_word' id='word_1_521' title='bbox 1237 4044 1264 4097; x_wconf 94' lang='lat'><strong>6</strong></span> <span class='ocrx_word' id='word_1_522' title='bbox 1298 4041 1544 4114; x_wconf 77' lang='grc' dir='ltr'>οὐράνιος</span> <span class='ocrx_word' id='word_1_523' title='bbox 1576 4042 1658 4096; x_wconf 80' lang='grc' dir='ltr'><strong>ὅτι</strong></span> <span class='ocrx_word' id='word_1_524' title='bbox 1712 4040 1940 4113; x_wconf 74' lang='grc' dir='ltr'>χρῄζετε</span> 
     </span>
    </p>
   </div>
   <div class='ocr_carea' id='block_1_72' title="bbox 355 4134 1942 4206">
    <p class='ocr_par' dir='ltr' id='par_1_72' title="bbox 355 4134 1942 4206">
     <span class='ocr_line' id='line_1_72' title="bbox 355 4134 1942 4206; baseline -0.003 -12"><span class='ocrx_word' id='word_1_525' title='bbox 355 4141 572 4194; x_wconf 70' lang='grc' dir='ltr'>τούτων</span> <span class='ocrx_word' id='word_1_526' title='bbox 603 4138 881 4192; x_wconf 81' lang='grc' dir='ltr'>ἁπάντων.</span> <span class='ocrx_word' id='word_1_527' title='bbox 925 4139 1146 4204; x_wconf 84' lang='grc' dir='ltr'>Ζητεῖτε</span> <span class='ocrx_word' id='word_1_528' title='bbox 1172 4135 1229 4188; x_wconf 79' lang='grc' dir='ltr'>δὲ</span> <span class='ocrx_word' id='word_1_529' title='bbox 1283 4134 1500 4206; x_wconf 84' lang='grc' dir='ltr'>πρῶτον</span> <span class='ocrx_word' id='word_1_530' title='bbox 1534 4135 1631 4204; x_wconf 78' lang='grc' dir='ltr'>τὴν</span> <span class='ocrx_word' id='word_1_531' title='bbox 1664 4134 1942 4206; x_wconf 84' lang='grc' dir='ltr'>βασιλείαν</span> 
     </span>
    </p>
   </div>
   <div class='ocr_carea' id='block_1_73' title="bbox 356 4226 1943 4300">
    <p class='ocr_par' dir='ltr' id='par_1_73' title="bbox 356 4226 1943 4300">
     <span class='ocr_line' id='line_1_73' title="bbox 356 4226 1943 4300; baseline -0.004 -13"><span class='ocrx_word' id='word_1_532' title='bbox 356 4233 460 4287; x_wconf 76' lang='grc' dir='ltr'><strong>τοῦ</strong></span> <span class='ocrx_word' id='word_1_533' title='bbox 491 4232 645 4295; x_wconf 88' lang='grc' dir='ltr'>Θεοῦ,</span> <span class='ocrx_word' id='word_1_534' title='bbox 679 4230 773 4284; x_wconf 55' lang='grc' dir='ltr'><strong>καὶ⁵</strong></span> <span class='ocrx_word' id='word_1_535' title='bbox 833 4229 932 4300; x_wconf 76' lang='grc' dir='ltr'>τὴν</span> <span class='ocrx_word' id='word_1_536' title='bbox 973 4228 1323 4300; x_wconf 76' lang='grc' dir='ltr'>δικαιοσύνην</span> <span class='ocrx_word' id='word_1_537' title='bbox 1375 4226 1563 4290; x_wconf 77' lang='grc' dir='ltr'>αὐτοῦ,</span> <span class='ocrx_word' id='word_1_538' title='bbox 1624 4228 1719 4281; x_wconf 70' lang='grc' dir='ltr'><strong>καὶ</strong></span> <span class='ocrx_word' id='word_1_539' title='bbox 1769 4227 1943 4282; x_wconf 87' lang='grc' dir='ltr'>ταῦτα</span> 
     </span>
    </p>
   </div>
   <div class='ocr_carea' id='block_1_74' title="bbox 363 4318 1941 4392">
    <p class='ocr_par' dir='ltr' id='par_1_74' title="bbox 363 4318 1941 4392">
     <span class='ocr_line' id='line_1_74' title="bbox 363 4318 1941 4392; baseline -0.001 -18"><span class='ocrx_word' id='word_1_540' title='bbox 363 4326 551 4376; x_wconf 56' lang='lat' dir='ltr'><strong>nivea</strong></span> <span class='ocrx_word' id='word_1_541' title='bbox 605 4320 1038 4392; x_wconf 80' lang='grc' dir='ltr'>προστεθήσεται</span> <span class='ocrx_word' id='word_1_542' title='bbox 1100 4320 1251 4389; x_wconf 81' lang='grc' dir='ltr'>ὑμῖν.</span> <span class='ocrx_word' id='word_1_543' title='bbox 1293 4338 1308 4369; x_wconf 73' lang='grc' dir='ltr'>ι</span> <span class='ocrx_word' id='word_1_544' title='bbox 1353 4318 1610 4372; x_wconf 85' lang='grc' dir='ltr'>Βασιλεία</span> <span class='ocrx_word' id='word_1_545' title='bbox 1659 4319 1753 4373; x_wconf 84' lang='grc' dir='ltr'><strong>τοῦ</strong></span> <span class='ocrx_word' id='word_1_546' title='bbox 1784 4318 1941 4384; x_wconf 86' lang='grc' dir='ltr'>Θεοῦ,</span> 
     </span>
    </p>
   </div>
   <div class='ocr_carea' id='block_1_75' title="bbox 363 4409 1942 4484">
    <p class='ocr_par' dir='ltr' id='par_1_75' title="bbox 363 4409 1942 4484">
     <span class='ocr_line' id='line_1_75' title="bbox 363 4409 1942 4484; baseline -0.003 -18"><span class='ocrx_word' id='word_1_547' title='bbox 363 4415 400 4484; x_wconf 79' lang='grc' dir='ltr'><strong>ἡ</strong></span> <span class='ocrx_word' id='word_1_548' title='bbox 435 4413 734 4476; x_wconf 81' lang='grc' dir='ltr'>ἀπόλαυσις</span> <span class='ocrx_word' id='word_1_549' title='bbox 759 4411 866 4463; x_wconf 81' lang='grc' dir='ltr'>τῶν</span> <span class='ocrx_word' id='word_1_550' title='bbox 913 4411 1137 4480; x_wconf 82' lang='grc' dir='ltr'>ἀγαθῶν</span> <span class='ocrx_word' id='word_1_551' title='bbox 1163 4426 1176 4440; x_wconf 81' lang='grc'><strong>⁸</strong></span> <span class='ocrx_word' id='word_1_552' title='bbox 1205 4409 1344 4480; x_wconf 72' lang='grc' dir='ltr'>αὕτη</span> <span class='ocrx_word' id='word_1_553' title='bbox 1394 4409 1448 4462; x_wconf 83' lang='grc' dir='ltr'>δὲ</span> <span class='ocrx_word' id='word_1_554' title='bbox 1479 4411 1564 4463; x_wconf 87' lang='grc' dir='ltr'><strong>διά</strong></span> <span class='ocrx_word' id='word_1_555' title='bbox 1595 4410 1942 4479; x_wconf 77' lang='grc' dir='ltr'>δικαιοσύνης</span> 
     </span>
    </p>
   </div>
   <div class='ocr_carea' id='block_1_76' title="bbox 366 4502 1943 4576">
    <p class='ocr_par' dir='ltr' id='par_1_76' title="bbox 366 4502 1943 4576">
     <span class='ocr_line' id='line_1_76' title="bbox 366 4502 1943 4576; baseline -0.004 -17"><span class='ocrx_word' id='word_1_556' title='bbox 366 4507 744 4576; x_wconf 74' lang='grc' dir='ltr'>προσγίνεται.</span> <span class='ocrx_word' id='word_1_557' title='bbox 773 4505 960 4567; x_wconf 86' lang='grc' dir='ltr'>Ὅστις</span> <span class='ocrx_word' id='word_1_558' title='bbox 985 4503 1076 4557; x_wconf 80' lang='grc' dir='ltr'><strong>οῦν</strong></span> <span class='ocrx_word' id='word_1_559' title='bbox 1105 4502 1340 4573; x_wconf 76' lang='grc' dir='ltr'>ζητεῖτά</span> <span class='ocrx_word' id='word_1_560' title='bbox 1370 4504 1738 4573; x_wconf 66' lang='grc' dir='ltr'>πνευματικὰ,</span> <span class='ocrx_word' id='word_1_561' title='bbox 1770 4519 1943 4572; x_wconf 62' lang='grc' dir='ltr'>προσ.</span> 
     </span>
    </p>
   </div>
   <div class='ocr_carea' id='block_1_77' title="bbox 2038 3318 2365 3374">
    <p class='ocr_par' dir='ltr' id='par_1_77' title="bbox 2038 3318 2365 3374">
     <span class='ocr_line' id='line_1_77' title="bbox 2038 3318 2365 3374; baseline -0.018 0"><span class='ocrx_word' id='word_1_562' title='bbox 2038 3318 2132 3374; x_wconf 92' lang='lat' dir='ltr'><strong>citi</strong></span> <span class='ocrx_word' id='word_1_563' title='bbox 2163 3325 2365 3371; x_wconf 91' lang='lat' dir='ltr'><strong>essent.</strong></span> 
     </span>
    </p>
   </div>
   <div class='ocr_carea' id='block_1_78' title="bbox 2112 3399 3641 3473">
    <p class='ocr_par' dir='ltr' id='par_1_78' title="bbox 2112 3399 3641 3473">
     <span class='ocr_line' id='line_1_78' title="bbox 2112 3399 3641 3473; baseline -0.008 -9"><span class='ocrx_word' id='word_1_564' title='bbox 2112 3407 2273 3464; x_wconf 76' lang='lat' dir='ltr'><strong>Vens.</strong></span> <span class='ocrx_word' id='word_1_565' title='bbox 2303 3406 2394 3473; x_wconf 76' lang='lat'><strong>5|,</strong></span> <span class='ocrx_word' id='word_1_566' title='bbox 2423 3407 2511 3461; x_wconf 72' lang='grc'><strong>52.</strong></span> <span class='ocrx_word' id='word_1_567' title='bbox 2565 3402 2643 3459; x_wconf 86' lang='lat' dir='ltr'><strong>Ne</strong></span> <span class='ocrx_word' id='word_1_568' title='bbox 2683 3403 2844 3472; x_wconf 83' lang='lat' dir='ltr'><strong>igitur</strong></span> <span class='ocrx_word' id='word_1_569' title='bbox 2891 3401 3106 3458; x_wconf 85' lang='lat' dir='ltr'><strong>solliciti</strong></span> <span class='ocrx_word' id='word_1_570' title='bbox 3149 3400 3268 3457; x_wconf 88' lang='lat' dir='ltr'><strong>sitis</strong></span> <span class='ocrx_word' id='word_1_571' title='bbox 3320 3399 3558 3454; x_wconf 87' lang='lat' dir='ltr'><strong>dicentes</strong></span> <span class='ocrx_word' id='word_1_572' title='bbox 3597 3414 3641 3452; x_wconf 87' lang='lat'><strong>:.</strong></span> 
     </span>
    </p>
   </div>
   <div class='ocr_carea' id='block_1_79' title="bbox 2039 3491 3617 3570">
    <p class='ocr_par' dir='ltr' id='par_1_79' title="bbox 2039 3491 3617 3570">
     <span class='ocr_line' id='line_1_79' title="bbox 2039 3491 3617 3570; baseline -0.008 -13"><span class='ocrx_word' id='word_1_573' title='bbox 2039 3501 2181 3570; x_wconf 85' lang='lat' dir='ltr'><strong>Quid</strong></span> <span class='ocrx_word' id='word_1_574' title='bbox 2209 3500 2454 3566; x_wconf 90' lang='lat' dir='ltr'><strong>edemus,</strong></span> <span class='ocrx_word' id='word_1_575' title='bbox 2485 3507 2576 3552; x_wconf 88' lang='lat' dir='ltr'><strong>aut</strong></span> <span class='ocrx_word' id='word_1_576' title='bbox 2638 3495 2770 3567; x_wconf 91' lang='lat' dir='ltr'><strong>quid</strong></span> <span class='ocrx_word' id='word_1_577' title='bbox 2804 3495 3073 3559; x_wconf 82' lang='lat' dir='ltr'><strong>bibemus,</strong></span> <span class='ocrx_word' id='word_1_578' title='bbox 3112 3501 3206 3548; x_wconf 91' lang='lat' dir='ltr'><strong>aut</strong></span> <span class='ocrx_word' id='word_1_579' title='bbox 3245 3491 3442 3562; x_wconf 89' lang='lat' dir='ltr'><strong>quibus</strong></span> <span class='ocrx_word' id='word_1_580' title='bbox 3477 3505 3617 3558; x_wconf 58' lang='grc' dir='ltr'>θρον-</span> 
     </span>
    </p>
   </div>
   <div class='ocr_carea' id='block_1_80' title="bbox 2043 3581 3615 3656">
    <p class='ocr_par' dir='ltr' id='par_1_80' title="bbox 2043 3581 3615 3656">
     <span class='ocr_line' id='line_1_80' title="bbox 2043 3581 3615 3656; baseline -0.01 -7"><span class='ocrx_word' id='word_1_581' title='bbox 2043 3592 2289 3649; x_wconf 91' lang='lat' dir='ltr'><strong>riemur?</strong></span> <span class='ocrx_word' id='word_1_582' title='bbox 2321 3589 2448 3644; x_wconf 72' lang='lat' dir='ltr'><strong>Haec</strong></span> <span class='ocrx_word' id='word_1_583' title='bbox 2498 3589 2642 3643; x_wconf 90' lang='lat' dir='ltr'><strong>enim</strong></span> <span class='ocrx_word' id='word_1_584' title='bbox 2689 3586 2870 3642; x_wconf 89' lang='lat' dir='ltr'><strong>omnia</strong></span> <span class='ocrx_word' id='word_1_585' title='bbox 2900 3595 3091 3656; x_wconf 80' lang='lat' dir='ltr'><strong>gentes</strong></span> <span class='ocrx_word' id='word_1_586' title='bbox 3133 3591 3405 3654; x_wconf 71' lang='lat' dir='ltr'><strong>quterunt.</strong></span> <span class='ocrx_word' id='word_1_587' title='bbox 3437 3600 3454 3633; x_wconf 77' lang='grc' dir='ltr'>ι</span> <span class='ocrx_word' id='word_1_588' title='bbox 3509 3581 3615 3635; x_wconf 73' lang='grc' dir='ltr'><strong>(Σο-</strong></span> 
     </span>
    </p>
   </div>
   <div class='ocr_carea' id='block_1_81' title="bbox 2043 3670 3615 3746">
    <p class='ocr_par' dir='ltr' id='par_1_81' title="bbox 2043 3670 3615 3746">
     <span class='ocr_line' id='line_1_81' title="bbox 2043 3670 3615 3746; baseline -0.01 -8"><span class='ocrx_word' id='word_1_589' title='bbox 2043 3685 2261 3738; x_wconf 86' lang='lat' dir='ltr'><strong>medere</strong></span> <span class='ocrx_word' id='word_1_590' title='bbox 2297 3689 2352 3735; x_wconf 93' lang='lat' dir='ltr'><strong>et</strong></span> <span class='ocrx_word' id='word_1_591' title='bbox 2376 3680 2566 3735; x_wconf 86' lang='lat' dir='ltr'><strong>bibere</strong></span> <span class='ocrx_word' id='word_1_592' title='bbox 2597 3694 2700 3732; x_wconf 85' lang='lat' dir='ltr'><strong>non</strong></span> <span class='ocrx_word' id='word_1_593' title='bbox 2726 3676 3010 3746; x_wconf 54' lang='lat' dir='ltr'><strong>prohibet,</strong></span> <span class='ocrx_word' id='word_1_594' title='bbox 3032 3673 3211 3729; x_wconf 85' lang='lat' dir='ltr'><strong>dicere</strong></span> <span class='ocrx_word' id='word_1_595' title='bbox 3248 3682 3452 3736; x_wconf 87' lang='lat' dir='ltr'><strong>autem,</strong></span> <span class='ocrx_word' id='word_1_596' title='bbox 3477 3670 3615 3738; x_wconf 81' lang='lat' dir='ltr'><strong>Quid</strong></span> 
     </span>
    </p>
   </div>
   <div class='ocr_carea' id='block_1_82' title="bbox 2043 3761 3628 3844">
    <p class='ocr_par' dir='ltr' id='par_1_82' title="bbox 2043 3761 3628 3844">
     <span class='ocr_line' id='line_1_82' title="bbox 2043 3761 3628 3844; baseline -0.008 -16"><span class='ocrx_word' id='word_1_597' title='bbox 2043 3761 2424 3829; x_wconf 75' lang='lat' dir='ltr'><strong>comedemuS?</strong></span> <span class='ocrx_word' id='word_1_598' title='bbox 2457 3771 2714 3843; x_wconf 81' lang='lat' dir='ltr'><strong>prohibet</strong></span> <span class='ocrx_word' id='word_1_599' title='bbox 2747 3769 2925 3824; x_wconf 89' lang='lat' dir='ltr'><strong>:sicut</strong></span> <span class='ocrx_word' id='word_1_600' title='bbox 2945 3769 3132 3823; x_wconf 90' lang='lat' dir='ltr'><strong>dicunt</strong></span> <span class='ocrx_word' id='word_1_601' title='bbox 3159 3765 3352 3820; x_wconf 74' lang='lat' dir='ltr'><strong>divites</strong></span> <span class='ocrx_word' id='word_1_602' title='bbox 3381 3763 3628 3844; x_wconf 67' lang='lat' dir='ltr'><strong>vesperi,</strong></span> 
     </span>
    </p>
   </div>
   <div class='ocr_carea' id='block_1_83' title="bbox 2044 3857 3620 3932">
    <p class='ocr_par' dir='ltr' id='par_1_83' title="bbox 2044 3857 3620 3932">
     <span class='ocr_line' id='line_1_83' title="bbox 2044 3857 3620 3932; baseline -0.006 -14"><span class='ocrx_word' id='word_1_603' title='bbox 2044 3867 2184 3932; x_wconf 89' lang='lat' dir='ltr'><strong>Quid</strong></span> <span class='ocrx_word' id='word_1_604' title='bbox 2233 3865 2583 3921; x_wconf 87' lang='lat' dir='ltr'><strong>comedemus</strong></span> <span class='ocrx_word' id='word_1_605' title='bbox 2631 3861 2824 3918; x_wconf 71' lang='lat' dir='ltr'><strong>mane?</strong></span> <span class='ocrx_word' id='word_1_606' title='bbox 2885 3860 3043 3916; x_wconf 87' lang='lat' dir='ltr'><strong>Vides</strong></span> <span class='ocrx_word' id='word_1_607' title='bbox 3100 3859 3243 3928; x_wconf 77' lang='lat' dir='ltr'><strong>Quod</strong></span> <span class='ocrx_word' id='word_1_608' title='bbox 3298 3857 3520 3912; x_wconf 86' lang='lat' dir='ltr'><strong>delicias</strong></span> <span class='ocrx_word' id='word_1_609' title='bbox 3566 3867 3620 3910; x_wconf 88' lang='lat' dir='ltr'><strong>et</strong></span> 
     </span>
    </p>
   </div>
   <div class='ocr_carea' id='block_1_84' title="bbox 2042 3955 2556 4028">
    <p class='ocr_par' dir='ltr' id='par_1_84' title="bbox 2042 3955 2556 4028">
     <span class='ocr_line' id='line_1_84' title="bbox 2042 3955 2556 4028; baseline -0.006 -16"><span class='ocrx_word' id='word_1_610' title='bbox 2042 3958 2228 4012; x_wconf 81' lang='lat' dir='ltr'><strong>luxum</strong></span> <span class='ocrx_word' id='word_1_611' title='bbox 2271 3955 2556 4028; x_wconf 77' lang='lat' dir='ltr'><strong>prohibet!</strong></span> 
     </span>
    </p>
   </div>
   <div class='ocr_carea' id='block_1_85' title="bbox 2120 4042 3620 4112">
    <p class='ocr_par' dir='ltr' id='par_1_85' title="bbox 2120 4042 3620 4112">
     <span class='ocr_line' id='line_1_85' title="bbox 2120 4042 3620 4112; baseline -0.007 -9"><span class='ocrx_word' id='word_1_612' title='bbox 2120 4047 2286 4104; x_wconf 73' lang='lat' dir='ltr'><strong>Vens.</strong></span> <span class='ocrx_word' id='word_1_613' title='bbox 2320 4046 2411 4112; x_wconf 72' lang='grc'><strong>52,</strong></span> <span class='ocrx_word' id='word_1_614' title='bbox 2445 4046 2536 4102; x_wconf 76' lang='grc'><strong>55.</strong></span> <span class='ocrx_word' id='word_1_615' title='bbox 2570 4064 2589 4099; x_wconf 79' lang='grc' dir='ltr'>ι</span> <span class='ocrx_word' id='word_1_616' title='bbox 2648 4043 2762 4100; x_wconf 93' lang='lat' dir='ltr'><strong>Scit</strong></span> <span class='ocrx_word' id='word_1_617' title='bbox 2784 4044 2928 4100; x_wconf 90' lang='lat' dir='ltr'><strong>enim</strong></span> <span class='ocrx_word' id='word_1_618' title='bbox 2969 4045 3128 4102; x_wconf 83' lang='lat' dir='ltr'><strong>Pater</strong></span> <span class='ocrx_word' id='word_1_619' title='bbox 3157 4052 3338 4099; x_wconf 85' lang='lat' dir='ltr'><strong>vester</strong></span> <span class='ocrx_word' id='word_1_620' title='bbox 3381 4042 3620 4098; x_wconf 72' lang='lat' dir='ltr'><strong>ccclcstis</strong></span> 
     </span>
    </p>
   </div>
   <div class='ocr_carea' id='block_1_86' title="bbox 2045 4136 3616 4211">
    <p class='ocr_par' dir='ltr' id='par_1_86' title="bbox 2045 4136 3616 4211">
     <span class='ocr_line' id='line_1_86' title="bbox 2045 4136 3616 4211; baseline -0.006 -15"><span class='ocrx_word' id='word_1_621' title='bbox 2045 4142 2189 4211; x_wconf 91' lang='lat' dir='ltr'><strong>quod</strong></span> <span class='ocrx_word' id='word_1_622' title='bbox 2247 4138 2459 4194; x_wconf 89' lang='lat' dir='ltr'><strong>habetis</strong></span> <span class='ocrx_word' id='word_1_623' title='bbox 2514 4137 2600 4192; x_wconf 91' lang='lat' dir='ltr'><strong>his</strong></span> <span class='ocrx_word' id='word_1_624' title='bbox 2631 4137 2884 4192; x_wconf 88' lang='lat' dir='ltr'><strong>omnibus</strong></span> <span class='ocrx_word' id='word_1_625' title='bbox 2933 4152 3090 4208; x_wconf 82' lang='lat' dir='ltr'><strong>Opus.</strong></span> <span class='ocrx_word' id='word_1_626' title='bbox 3142 4136 3380 4204; x_wconf 64' lang='lat' dir='ltr'><strong>Querite</strong></span> <span class='ocrx_word' id='word_1_627' title='bbox 3435 4143 3616 4187; x_wconf 86' lang='lat' dir='ltr'><strong>autem</strong></span> 
     </span>
    </p>
   </div>
   <div class='ocr_carea' id='block_1_87' title="bbox 2047 4226 3634 4303">
    <p class='ocr_par' dir='ltr' id='par_1_87' title="bbox 2047 4226 3634 4303">
     <span class='ocr_line' id='line_1_87' title="bbox 2047 4226 3634 4303; baseline -0.001 -18"><span class='ocrx_word' id='word_1_628' title='bbox 2047 4231 2280 4303; x_wconf 89' lang='lat' dir='ltr'><strong>primum</strong></span> <span class='ocrx_word' id='word_1_629' title='bbox 2305 4243 2528 4301; x_wconf 85' lang='lat' dir='ltr'><strong>regnum</strong></span> <span class='ocrx_word' id='word_1_630' title='bbox 2565 4229 2655 4284; x_wconf 89' lang='lat' dir='ltr'><strong>Dei</strong></span> <span class='ocrx_word' id='word_1_631' title='bbox 2683 4237 2738 4284; x_wconf 91' lang='lat' dir='ltr'><strong>et</strong></span> <span class='ocrx_word' id='word_1_632' title='bbox 2761 4229 3030 4299; x_wconf 87' lang='lat' dir='ltr'><strong>justitiam</strong></span> <span class='ocrx_word' id='word_1_633' title='bbox 3054 4228 3192 4300; x_wconf 86' lang='lat' dir='ltr'><strong>ejus,</strong></span> <span class='ocrx_word' id='word_1_634' title='bbox 3228 4239 3282 4283; x_wconf 87' lang='lat' dir='ltr'><strong>et</strong></span> <span class='ocrx_word' id='word_1_635' title='bbox 3302 4228 3417 4282; x_wconf 72' lang='lat' dir='ltr'><strong>lunt:</strong></span> <span class='ocrx_word' id='word_1_636' title='bbox 3436 4226 3634 4283; x_wconf 64' lang='lat' dir='ltr'><strong>omnia.</strong></span> 
     </span>
    </p>
   </div>
   <div class='ocr_carea' id='block_1_88' title="bbox 2046 4318 3622 4400">
    <p class='ocr_par' dir='ltr' id='par_1_88' title="bbox 2046 4318 3622 4400">
     <span class='ocr_line' id='line_1_88' title="bbox 2046 4318 3622 4400; baseline -0.005 -22"><span class='ocrx_word' id='word_1_637' title='bbox 2046 4331 2384 4394; x_wconf 75' lang='lat' dir='ltr'><strong>opponentur</strong></span> <span class='ocrx_word' id='word_1_638' title='bbox 2413 4323 2588 4400; x_wconf 72' lang='lat' dir='ltr'><strong>vobis.</strong></span> <span class='ocrx_word' id='word_1_639' title='bbox 2630 4341 2651 4376; x_wconf 78' lang='grc' dir='ltr'>ι</span> <span class='ocrx_word' id='word_1_640' title='bbox 2683 4320 2927 4390; x_wconf 82' lang='lat' dir='ltr'><strong>Regnum</strong></span> <span class='ocrx_word' id='word_1_641' title='bbox 2962 4320 3083 4387; x_wconf 87' lang='lat' dir='ltr'><strong>Dei,</strong></span> <span class='ocrx_word' id='word_1_642' title='bbox 3123 4322 3393 4378; x_wconf 88' lang='lat' dir='ltr'><strong>bonorum</strong></span> <span class='ocrx_word' id='word_1_643' title='bbox 3433 4318 3622 4374; x_wconf 82' lang='lat' dir='ltr'><strong>fruilio</strong></span> 
     </span>
    </p>
   </div>
   <div class='ocr_carea' id='block_1_89' title="bbox 2046 4412 3624 4484">
    <p class='ocr_par' dir='ltr' id='par_1_89' title="bbox 2046 4412 3624 4484">
     <span class='ocr_line' id='line_1_89' title="bbox 2046 4412 3624 4484; baseline -0.005 -13"><span class='ocrx_word' id='word_1_644' title='bbox 2046 4427 2166 4471; x_wconf 88' lang='lat' dir='ltr'><strong>est:</strong></span> <span class='ocrx_word' id='word_1_645' title='bbox 2208 4415 2298 4469; x_wconf 91' lang='lat' dir='ltr'><strong>illa</strong></span> <span class='ocrx_word' id='word_1_646' title='bbox 2329 4427 2509 4470; x_wconf 89' lang='lat' dir='ltr'><strong>autem</strong></span> <span class='ocrx_word' id='word_1_647' title='bbox 2543 4429 2639 4484; x_wconf 85' lang='lat' dir='ltr'><strong>per</strong></span> <span class='ocrx_word' id='word_1_648' title='bbox 2661 4413 2928 4484; x_wconf 86' lang='lat' dir='ltr'><strong>justitiam</strong></span> <span class='ocrx_word' id='word_1_649' title='bbox 2960 4414 3247 4484; x_wconf 89' lang='lat' dir='ltr'><strong>contingit.</strong></span> <span class='ocrx_word' id='word_1_650' title='bbox 3274 4412 3436 4469; x_wconf 82' lang='lat' dir='ltr'><strong>Omni</strong></span> <span class='ocrx_word' id='word_1_651' title='bbox 3459 4413 3624 4482; x_wconf 82' lang='lat' dir='ltr'><strong>igitur</strong></span> 
     </span>
    </p>
   </div>
   <div class='ocr_carea' id='block_1_90' title="bbox 2046 4500 3631 4578">
    <p class='ocr_par' dir='ltr' id='par_1_90' title="bbox 2046 4500 3631 4578">
     <span class='ocr_line' id='line_1_90' title="bbox 2046 4500 3631 4578; baseline -0.004 -17"><span class='ocrx_word' id='word_1_652' title='bbox 2046 4508 2310 4578; x_wconf 65' lang='lat' dir='ltr'><strong>quaerenti</strong></span> <span class='ocrx_word' id='word_1_653' title='bbox 2348 4507 2674 4577; x_wconf 87' lang='lat' dir='ltr'><strong>spiritualia,</strong></span> <span class='ocrx_word' id='word_1_654' title='bbox 2708 4506 2980 4560; x_wconf 87' lang='lat' dir='ltr'><strong>adduntur</strong></span> <span class='ocrx_word' id='word_1_655' title='bbox 3012 4505 3174 4560; x_wconf 88' lang='lat' dir='ltr'><strong>etiam</strong></span> <span class='ocrx_word' id='word_1_656' title='bbox 3205 4500 3528 4574; x_wconf 84' lang='lat' dir='ltr'><strong>corporalia,</strong></span> <span class='ocrx_word' id='word_1_657' title='bbox 3557 4517 3631 4556; x_wconf 65' lang='lat' dir='ltr'><strong>ex</strong></span> 
     </span>
    </p>
   </div>
   <div class='ocr_carea' id='block_1_91' title="bbox 365 4587 1931 4668">
    <p class='ocr_par' dir='ltr' id='par_1_91' title="bbox 365 4595 1931 4668">
     <span class='ocr_line' id='line_1_91' title="bbox 365 4595 1931 4668; baseline -0.002 -18"><span class='ocrx_word' id='word_1_658' title='bbox 365 4597 575 4650; x_wconf 79' lang='grc' dir='ltr'>τίθεται</span> <span class='ocrx_word' id='word_1_659' title='bbox 631 4597 807 4668; x_wconf 79' lang='grc' dir='ltr'>τούτῳ</span> <span class='ocrx_word' id='word_1_660' title='bbox 867 4596 962 4648; x_wconf 71' lang='grc' dir='ltr'><strong>καὶ</strong></span> <span class='ocrx_word' id='word_1_661' title='bbox 996 4595 1064 4648; x_wconf 82' lang='grc' dir='ltr'>τὰ</span> <span class='ocrx_word' id='word_1_662' title='bbox 1109 4597 1398 4666; x_wconf 86' lang='grc' dir='ltr'>σωματικά</span> <span class='ocrx_word' id='word_1_663' title='bbox 1442 4597 1583 4650; x_wconf 76' lang='grc' dir='ltr'>κοιτά</span> <span class='ocrx_word' id='word_1_664' title='bbox 1629 4595 1931 4666; x_wconf 67' lang='grc' dir='ltr'>φιλοτιμίαι</span> 
     </span>
    </p>
   </div>
   <div class='ocr_carea' id='block_1_92' title="bbox 2037 4587 2516 4668">
    <p class='ocr_par' dir='ltr' id='par_1_92' title="bbox 2050 4593 2516 4650">
     <span class='ocr_line' id='line_1_92' title="bbox 2050 4593 2516 4650; baseline 0.002 -1"><span class='ocrx_word' id='word_1_665' title='bbox 2050 4593 2372 4650; x_wconf 89' lang='lat' dir='ltr'><strong>liberalitate</strong></span> <span class='ocrx_word' id='word_1_666' title='bbox 2398 4595 2516 4650; x_wconf 87' lang='lat' dir='ltr'><strong>Dei.</strong></span> 
     </span>
    </p>
   </div>
   <div class='ocr_carea' id='block_1_93' title="bbox 366 4690 529 4744">
    <p class='ocr_par' dir='ltr' id='par_1_93' title="bbox 366 4690 529 4744">
     <span class='ocr_line' id='line_1_93' title="bbox 366 4690 529 4744; baseline 0 0"><span class='ocrx_word' id='word_1_667' title='bbox 366 4690 529 4744; x_wconf 82' lang='grc' dir='ltr'>Θεοῦ.</span> 
     </span>
    </p>
   </div>
   <div class='ocr_carea' id='block_1_94' title="bbox 453 4779 1946 4855">
    <p class='ocr_par' dir='ltr' id='par_1_94' title="bbox 453 4779 1946 4855">
     <span class='ocr_line' id='line_1_94' title="bbox 453 4779 1946 4855; baseline -0.002 -19"><span class='ocrx_word' id='word_1_668' title='bbox 453 4805 471 4836; x_wconf 77' lang='grc' dir='ltr'>ι</span> <span class='ocrx_word' id='word_1_669' title='bbox 503 4785 595 4854; x_wconf 78' lang='grc' dir='ltr'><strong>Μὴ</strong></span> <span class='ocrx_word' id='word_1_670' title='bbox 641 4779 736 4837; x_wconf 85' lang='grc' dir='ltr'>οῦν</span> <span class='ocrx_word' id='word_1_671' title='bbox 773 4785 1150 4855; x_wconf 83' lang='grc' dir='ltr'>μεριμνήσητε</span> <span class='ocrx_word' id='word_1_672' title='bbox 1203 4783 1282 4846; x_wconf 86' lang='grc' dir='ltr'>εἰς</span> <span class='ocrx_word' id='word_1_673' title='bbox 1328 4782 1427 4852; x_wconf 84' lang='grc' dir='ltr'>τὴν</span> <span class='ocrx_word' id='word_1_674' title='bbox 1473 4780 1662 4854; x_wconf 72' lang='grc' dir='ltr'>αὔριον</span> <span class='ocrx_word' id='word_1_675' title='bbox 1691 4797 1703 4810; x_wconf 89' lang='grc'><strong>·</strong></span> <span class='ocrx_word' id='word_1_676' title='bbox 1745 4780 1778 4852; x_wconf 75' lang='grc' dir='ltr'>ἡ</span> <span class='ocrx_word' id='word_1_677' title='bbox 1837 4779 1946 4850; x_wconf 74' lang='grc' dir='ltr'>γὰρ</span> 
     </span>
    </p>
   </div>
   <div class='ocr_carea' id='block_1_95' title="bbox 367 4873 1948 4947">
    <p class='ocr_par' dir='ltr' id='par_1_95' title="bbox 367 4873 1948 4947">
     <span class='ocr_line' id='line_1_95' title="bbox 367 4873 1948 4947; baseline -0.004 -17"><span class='ocrx_word' id='word_1_678' title='bbox 367 4875 560 4947; x_wconf 72' lang='grc' dir='ltr'>αὔριον</span> <span class='ocrx_word' id='word_1_679' title='bbox 587 4878 913 4946; x_wconf 71' lang='grc' dir='ltr'>μεριμνήσει</span> <span class='ocrx_word' id='word_1_680' title='bbox 953 4876 1022 4929; x_wconf 76' lang='grc' dir='ltr'>τὰ</span> <span class='ocrx_word' id='word_1_681' title='bbox 1052 4877 1273 4945; x_wconf 75' lang='grc' dir='ltr'>ἑαυτῆς·</span> <span class='ocrx_word' id='word_1_682' title='bbox 1305 4873 1536 4944; x_wconf 71' lang='grc' dir='ltr'>ἀρκετὸν</span> <span class='ocrx_word' id='word_1_683' title='bbox 1561 4876 1626 4944; x_wconf 82' lang='grc' dir='ltr'>τῇ</span> <span class='ocrx_word' id='word_1_684' title='bbox 1679 4873 1864 4947; x_wconf 75' lang='grc' dir='ltr'>ἡμέρᾳ</span> <span class='ocrx_word' id='word_1_685' title='bbox 1914 4873 1948 4945; x_wconf 74' lang='grc' dir='ltr'>ἡ</span> 
     </span>
    </p>
   </div>
   <div class='ocr_carea' id='block_1_96' title="bbox 368 4946 1951 5037">
    <p class='ocr_par' dir='ltr' id='par_1_96' title="bbox 368 4946 1951 5037">
     <span class='ocr_line' id='line_1_96' title="bbox 368 4946 1951 5037; baseline -0.001 -19"><span class='ocrx_word' id='word_1_686' title='bbox 368 4966 536 5019; x_wconf 79' lang='grc' dir='ltr'>κακία</span> <span class='ocrx_word' id='word_1_687' title='bbox 573 4966 762 5037; x_wconf 77' lang='grc' dir='ltr'>αὐτῆς.</span> <span class='ocrx_word' id='word_1_688' title='bbox 803 4985 822 5018; x_wconf 71' lang='grc' dir='ltr'>ι</span> <span class='ocrx_word' id='word_1_689' title='bbox 865 4966 1078 5021; x_wconf 82' lang='grc' dir='ltr'>Κακίαν</span> <span class='ocrx_word' id='word_1_690' title='bbox 1131 4965 1344 5036; x_wconf 78' lang='grc' dir='ltr'>ἡμέρας</span> <span class='ocrx_word' id='word_1_691' title='bbox 1385 4965 1482 5032; x_wconf 80' lang='grc' dir='ltr'>τὴν</span> <span class='ocrx_word' id='word_1_692' title='bbox 1533 4946 1823 5036; x_wconf 71' lang='grc' dir='ltr'>συντριϐἣν</span> <span class='ocrx_word' id='word_1_693' title='bbox 1856 4963 1951 5017; x_wconf 78' lang='grc' dir='ltr'>καὶ</span> 
     </span>
    </p>
   </div>
   <div class='ocr_carea' id='block_1_97' title="bbox 366 5055 1950 5129">
    <p class='ocr_par' dir='ltr' id='par_1_97' title="bbox 366 5055 1950 5129">
     <span class='ocr_line' id='line_1_97' title="bbox 366 5055 1950 5129; baseline -0.004 -16"><span class='ocrx_word' id='word_1_694' title='bbox 366 5062 469 5129; x_wconf 76' lang='grc' dir='ltr'><strong>τὴν</strong></span> <span class='ocrx_word' id='word_1_695' title='bbox 492 5061 733 5113; x_wconf 83' lang='grc' dir='ltr'>κάκωσιν</span> <span class='ocrx_word' id='word_1_696' title='bbox 764 5061 914 5128; x_wconf 79' lang='grc' dir='ltr'>λέγει</span> <span class='ocrx_word' id='word_1_697' title='bbox 934 5076 948 5089; x_wconf 87' lang='grc'><strong>·</strong></span> <span class='ocrx_word' id='word_1_698' title='bbox 999 5055 1131 5124; x_wconf 74' lang='grc' dir='ltr'>οἷον,</span> <span class='ocrx_word' id='word_1_699' title='bbox 1177 5057 1434 5129; x_wconf 83' lang='grc' dir='ltr'>Ἀρκετὸν</span> <span class='ocrx_word' id='word_1_700' title='bbox 1469 5074 1549 5110; x_wconf 85' lang='grc' dir='ltr'><strong>σοι</strong></span> <span class='ocrx_word' id='word_1_701' title='bbox 1577 5058 1656 5111; x_wconf 87' lang='grc' dir='ltr'>ὅτι</span> <span class='ocrx_word' id='word_1_702' title='bbox 1691 5055 1950 5128; x_wconf 81' lang='grc' dir='ltr'>συντρίϐῃ</span> 
     </span>
    </p>
   </div>
   <div class='ocr_carea' id='block_1_98' title="bbox 373 5147 1951 5222">
    <p class='ocr_par' dir='ltr' id='par_1_98' title="bbox 373 5147 1951 5222">
     <span class='ocr_line' id='line_1_98' title="bbox 373 5147 1951 5222; baseline -0.003 -17"><span class='ocrx_word' id='word_1_703' title='bbox 373 5151 516 5221; x_wconf 76' lang='grc' dir='ltr'>ὑπὲρ</span> <span class='ocrx_word' id='word_1_704' title='bbox 545 5155 643 5221; x_wconf 78' lang='grc' dir='ltr'>τῆς</span> <span class='ocrx_word' id='word_1_705' title='bbox 694 5153 955 5222; x_wconf 82' lang='grc' dir='ltr'>σήμερον,</span> <span class='ocrx_word' id='word_1_706' title='bbox 988 5154 1037 5206; x_wconf 87' lang='grc' dir='ltr'><strong>εί</strong></span> <span class='ocrx_word' id='word_1_707' title='bbox 1075 5152 1130 5206; x_wconf 77' lang='grc' dir='ltr'>δὲ</span> <span class='ocrx_word' id='word_1_708' title='bbox 1163 5153 1256 5206; x_wconf 64' lang='grc' dir='ltr'><strong>καὶ</strong></span> <span class='ocrx_word' id='word_1_709' title='bbox 1287 5152 1428 5220; x_wconf 80' lang='grc' dir='ltr'>ὑπὲρ</span> <span class='ocrx_word' id='word_1_710' title='bbox 1479 5151 1577 5221; x_wconf 80' lang='grc' dir='ltr'><strong>τῆς</strong></span> <span class='ocrx_word' id='word_1_711' title='bbox 1620 5147 1815 5220; x_wconf 73' lang='grc' dir='ltr'>αὔριον</span> <span class='ocrx_word' id='word_1_712' title='bbox 1853 5165 1951 5218; x_wconf 84' lang='grc' dir='ltr'>με·</span> 
     </span>
    </p>
   </div>
   <div class='ocr_carea' id='block_1_99' title="bbox 378 5241 1947 5317">
    <p class='ocr_par' dir='ltr' id='par_1_99' title="bbox 378 5241 1947 5317">
     <span class='ocr_line' id='line_1_99' title="bbox 378 5241 1947 5317; baseline -0.002 -21"><span class='ocrx_word' id='word_1_713' title='bbox 378 5247 684 5316; x_wconf 82' lang='grc' dir='ltr'>ριμνήσεις,</span> <span class='ocrx_word' id='word_1_714' title='bbox 723 5246 852 5298; x_wconf 83' lang='grc' dir='ltr'>πότε</span> <span class='ocrx_word' id='word_1_715' title='bbox 886 5245 1169 5317; x_wconf 83' lang='grc' dir='ltr'>σχολάσεις</span> <span class='ocrx_word' id='word_1_716' title='bbox 1198 5244 1276 5316; x_wconf 84' lang='grc' dir='ltr'>τῷ</span> <span class='ocrx_word' id='word_1_717' title='bbox 1315 5244 1456 5316; x_wconf 80' lang='grc' dir='ltr'>Θεῷ,</span> <span class='ocrx_word' id='word_1_718' title='bbox 1497 5244 1583 5298; x_wconf 75' lang='grc' dir='ltr'>ἀεὶ</span> <span class='ocrx_word' id='word_1_719' title='bbox 1641 5241 1947 5314; x_wconf 85' lang='grc' dir='ltr'>συντρίϐων</span> 
     </span>
    </p>
   </div>
   <div class='ocr_carea' id='block_1_100' title="bbox 379 5335 1297 5408">
    <p class='ocr_par' dir='ltr' id='par_1_100' title="bbox 379 5335 1297 5408">
     <span class='ocr_line' id='line_1_100' title="bbox 379 5335 1297 5408; baseline -0.001 -19"><span class='ocrx_word' id='word_1_720' title='bbox 379 5337 607 5390; x_wconf 76' lang='grc' dir='ltr'>σεαυτὸν</span> <span class='ocrx_word' id='word_1_721' title='bbox 637 5337 776 5408; x_wconf 74' lang='grc' dir='ltr'>ὑπὲρ</span> <span class='ocrx_word' id='word_1_722' title='bbox 799 5336 905 5390; x_wconf 87' lang='grc' dir='ltr'>τῶν</span> <span class='ocrx_word' id='word_1_723' title='bbox 941 5335 1297 5406; x_wconf 74' lang='grc' dir='ltr'>σωματικῶνς</span> 
     </span>
    </p>
   </div>
   <div class='ocr_carea' id='block_1_101' title="bbox 977 5448 1352 5505">
    <p class='ocr_par' dir='ltr' id='par_1_101' title="bbox 977 5448 1352 5505">
     <span class='ocr_line' id='line_1_101' title="bbox 977 5448 1352 5505; baseline -0.003 0"><span class='ocrx_word' id='word_1_724' title='bbox 977 5451 1230 5505; x_wconf 79' lang='grc' dir='ltr'><strong>ΚΕΦΛΛ.</strong></span> <span class='ocrx_word' id='word_1_725' title='bbox 1279 5448 1352 5504; x_wconf 87' lang='lat' dir='ltr'><strong>Z&#39;.</strong></span> 
     </span>
    </p>
   </div>
   <div class='ocr_carea' id='block_1_102' title="bbox 376 5538 1957 5612">
    <p class='ocr_par' dir='ltr' id='par_1_102' title="bbox 376 5538 1957 5612">
     <span class='ocr_line' id='line_1_102' title="bbox 376 5538 1957 5612; baseline -0.004 -13"><span class='ocrx_word' id='word_1_726' title='bbox 376 5542 518 5608; x_wconf 77' lang='grc' dir='ltr'>Περὶ</span> <span class='ocrx_word' id='word_1_727' title='bbox 571 5543 679 5596; x_wconf 87' lang='grc' dir='ltr'><strong>τοῦ</strong></span> <span class='ocrx_word' id='word_1_728' title='bbox 719 5543 941 5611; x_wconf 67' lang='grc' dir='ltr'>κρίνειν</span> <span class='ocrx_word' id='word_1_729' title='bbox 988 5543 1222 5612; x_wconf 74' lang='grc' dir='ltr'>μηδένα</span> <span class='ocrx_word' id='word_1_730' title='bbox 1251 5560 1264 5572; x_wconf 88' lang='grc'><strong>·</strong></span> <span class='ocrx_word' id='word_1_731' title='bbox 1297 5543 1445 5612; x_wconf 75' lang='grc' dir='ltr'>’περὶ</span> <span class='ocrx_word' id='word_1_732' title='bbox 1485 5538 1589 5595; x_wconf 80' lang='grc' dir='ltr'><strong>τοῦ</strong></span> <span class='ocrx_word' id='word_1_733' title='bbox 1615 5540 1824 5612; x_wconf 73' lang='grc' dir='ltr'>αἰτεῖν,</span> <span class='ocrx_word' id='word_1_734' title='bbox 1857 5539 1957 5612; x_wconf 74' lang='grc' dir='ltr'>καὶ</span> 
     </span>
    </p>
   </div>
   <div class='ocr_carea' id='block_1_103' title="bbox 450 5610 1954 5694">
    <p class='ocr_par' dir='ltr' id='par_1_103' title="bbox 450 5610 1954 5694">
     <span class='ocr_line' id='line_1_103' title="bbox 450 5610 1954 5694; baseline -0.001 -28"><span class='ocrx_word' id='word_1_735' title='bbox 450 5613 674 5680; x_wconf 77' lang='grc' dir='ltr'>ζητεῖν·</span> <span class='ocrx_word' id='word_1_736' title='bbox 701 5610 850 5694; x_wconf 48' lang='grc' dir='ltr'>,περὶ</span> <span class='ocrx_word' id='word_1_737' title='bbox 897 5610 1002 5669; x_wconf 81' lang='grc' dir='ltr'><strong>τοῦ</strong></span> <span class='ocrx_word' id='word_1_738' title='bbox 1039 5610 1534 5683; x_wconf 69' lang='grc' dir='ltr'>προσέχειν-άπὸ</span> <span class='ocrx_word' id='word_1_739' title='bbox 1576 5611 1692 5665; x_wconf 83' lang='grc' dir='ltr'><strong>τῶν</strong></span> <span class='ocrx_word' id='word_1_740' title='bbox 1732 5610 1954 5681; x_wconf 68' lang='grc' dir='ltr'>ψευδο-</span> 
     </span>
    </p>
   </div>
   <div class='ocr_carea' id='block_1_104' title="bbox 451 5700 791 5752">
    <p class='ocr_par' dir='ltr' id='par_1_104' title="bbox 451 5700 791 5752">
     <span class='ocr_line' id='line_1_104' title="bbox 451 5700 791 5752; baseline 0.003 -16"><span class='ocrx_word' id='word_1_741' title='bbox 451 5700 791 5752; x_wconf 59' lang='grc' dir='ltr'>προφητων.</span> 
     </span>
    </p>
   </div>
   <div class='ocr_carea' id='block_1_105' title="bbox 461 5793 1954 5868">
    <p class='ocr_par' dir='ltr' id='par_1_105' title="bbox 461 5793 1954 5868">
     <span class='ocr_line' id='line_1_105' title="bbox 461 5793 1954 5868; baseline -0.001 -20"><span class='ocrx_word' id='word_1_742' title='bbox 461 5814 479 5844; x_wconf 85' lang='grc'><strong><em>‹</em></strong></span> <span class='ocrx_word' id='word_1_743' title='bbox 515 5795 606 5865; x_wconf 77' lang='grc' dir='ltr'>Μὴ</span> <span class='ocrx_word' id='word_1_744' title='bbox 636 5796 872 5866; x_wconf 81' lang='grc' dir='ltr'>κρίνετε,</span> <span class='ocrx_word' id='word_1_745' title='bbox 915 5796 999 5850; x_wconf 78' lang='grc' dir='ltr'>ἵνα</span> <span class='ocrx_word' id='word_1_746' title='bbox 1041 5795 1115 5868; x_wconf 77' lang='grc' dir='ltr'><strong>μὴ</strong></span> <span class='ocrx_word' id='word_1_747' title='bbox 1145 5795 1408 5866; x_wconf 71' lang='grc' dir='ltr'>κριθῆτεῐ</span> <span class='ocrx_word' id='word_1_748' title='bbox 1452 5815 1469 5846; x_wconf 75' lang='grc' dir='ltr'>ι</span> <span class='ocrx_word' id='word_1_749' title='bbox 1506 5795 1639 5863; x_wconf 70' lang='grc' dir='ltr'>Οὐχὶ</span> <span class='ocrx_word' id='word_1_750' title='bbox 1689 5793 1749 5846; x_wconf 82' lang='grc' dir='ltr'>τὸ</span> <span class='ocrx_word' id='word_1_751' title='bbox 1796 5793 1954 5862; x_wconf 75' lang='grc' dir='ltr'>ἐλέγ-</span> 
     </span>
    </p>
   </div>
   <div class='ocr_carea' id='block_1_106' title="bbox 381 5885 1955 5960">
    <p class='ocr_par' dir='ltr' id='par_1_106' title="bbox 381 5885 1955 5960">
     <span class='ocr_line' id='line_1_106' title="bbox 381 5885 1955 5960; baseline 0.001 -22"><span class='ocrx_word' id='word_1_752' title='bbox 381 5902 509 5960; x_wconf 62' lang='grc' dir='ltr'>χειν</span> <span class='ocrx_word' id='word_1_753' title='bbox 539 5888 758 5957; x_wconf 66' lang='grc' dir='ltr'>κωλὺει,</span> <span class='ocrx_word' id='word_1_754' title='bbox 789 5889 923 5944; x_wconf 69' lang='grc' dir='ltr'>ἀλλὰ</span> <span class='ocrx_word' id='word_1_755' title='bbox 955 5889 1012 5944; x_wconf 64' lang='grc' dir='ltr'><strong>τὸ</strong></span> <span class='ocrx_word' id='word_1_756' title='bbox 1048 5890 1414 5960; x_wconf 69' lang='grc' dir='ltr'>κατακρίνειν.</span> <span class='ocrx_word' id='word_1_757' title='bbox 1455 5889 1510 5942; x_wconf 88' lang='grc' dir='ltr'>Ὀ</span> <span class='ocrx_word' id='word_1_758' title='bbox 1541 5887 1635 5959; x_wconf 69' lang='grc' dir='ltr'>μὲν</span> <span class='ocrx_word' id='word_1_759' title='bbox 1668 5885 1774 5958; x_wconf 70' lang='grc' dir='ltr'><strong>γὰρ</strong></span> <span class='ocrx_word' id='word_1_760' title='bbox 1804 5885 1955 5956; x_wconf 73' lang='grc' dir='ltr'>ελεγ-</span> 
     </span>
    </p>
   </div>
   <div class='ocr_carea' id='block_1_107' title="bbox 2123 4763 3623 4834">
    <p class='ocr_par' dir='ltr' id='par_1_107' title="bbox 2123 4763 3623 4834">
     <span class='ocr_line' id='line_1_107' title="bbox 2123 4763 3623 4834; baseline -0.002 -14"><span class='ocrx_word' id='word_1_761' title='bbox 2123 4765 2291 4820; x_wconf 75' lang='lat' dir='ltr'><strong>Vnns.</strong></span> <span class='ocrx_word' id='word_1_762' title='bbox 2324 4765 2414 4822; x_wconf 71' lang='grc'><strong>54.</strong></span> <span class='ocrx_word' id='word_1_763' title='bbox 2449 4783 2468 4817; x_wconf 81' lang='grc' dir='ltr'>ι</span> <span class='ocrx_word' id='word_1_764' title='bbox 2499 4763 2576 4821; x_wconf 86' lang='lat' dir='ltr'><strong>Ne</strong></span> <span class='ocrx_word' id='word_1_765' title='bbox 2607 4765 2773 4834; x_wconf 85' lang='lat' dir='ltr'><strong>igitur</strong></span> <span class='ocrx_word' id='word_1_766' title='bbox 2806 4764 3022 4820; x_wconf 85' lang='lat' dir='ltr'><strong>solliciti</strong></span> <span class='ocrx_word' id='word_1_767' title='bbox 3055 4764 3176 4820; x_wconf 77' lang='lat' dir='ltr'><strong>sitis</strong></span> <span class='ocrx_word' id='word_1_768' title='bbox 3209 4763 3260 4817; x_wconf 91' lang='lat' dir='ltr'><strong>in</strong></span> <span class='ocrx_word' id='word_1_769' title='bbox 3288 4763 3623 4817; x_wconf 88' lang='lat' dir='ltr'><strong>crastinum:</strong></span> 
     </span>
    </p>
   </div>
   <div class='ocr_carea' id='block_1_108' title="bbox 2052 4855 3630 4926">
    <p class='ocr_par' dir='ltr' id='par_1_108' title="bbox 2052 4855 3630 4926">
     <span class='ocr_line' id='line_1_108' title="bbox 2052 4855 3630 4926; baseline -0.004 -10"><span class='ocrx_word' id='word_1_770' title='bbox 2052 4877 2174 4916; x_wconf 87' lang='lat' dir='ltr'><strong>nam</strong></span> <span class='ocrx_word' id='word_1_771' title='bbox 2209 4860 2326 4916; x_wconf 91' lang='lat' dir='ltr'><strong>dies</strong></span> <span class='ocrx_word' id='word_1_772' title='bbox 2346 4859 2620 4915; x_wconf 88' lang='lat' dir='ltr'><strong>crastinus</strong></span> <span class='ocrx_word' id='word_1_773' title='bbox 2648 4873 2834 4912; x_wconf 87' lang='lat' dir='ltr'><strong>curam</strong></span> <span class='ocrx_word' id='word_1_774' title='bbox 2859 4857 3080 4913; x_wconf 88' lang='lat' dir='ltr'><strong>habebit</strong></span> <span class='ocrx_word' id='word_1_775' title='bbox 3100 4855 3358 4926; x_wconf 86' lang='lat' dir='ltr'><strong>suiipsius</strong></span> <span class='ocrx_word' id='word_1_776' title='bbox 3384 4873 3397 4909; x_wconf 92' lang='lat'><strong>:</strong></span> <span class='ocrx_word' id='word_1_777' title='bbox 3428 4855 3630 4910; x_wconf 82' lang='lat' dir='ltr'><strong>sufﬁcit</strong></span> 
     </span>
    </p>
   </div>
   <div class='ocr_carea' id='block_1_109' title="bbox 2051 4948 3635 5012">
    <p class='ocr_par' dir='ltr' id='par_1_109' title="bbox 2051 4948 3635 5012">
     <span class='ocr_line' id='line_1_109' title="bbox 2051 4948 3635 5012; baseline -0.004 -3"><span class='ocrx_word' id='word_1_778' title='bbox 2051 4956 2195 5010; x_wconf 91' lang='lat' dir='ltr'><strong>enim</strong></span> <span class='ocrx_word' id='word_1_779' title='bbox 2221 4955 2324 5008; x_wconf 90' lang='lat' dir='ltr'><strong>diei</strong></span> <span class='ocrx_word' id='word_1_780' title='bbox 2363 4967 2462 5008; x_wconf 88' lang='lat' dir='ltr'><strong>sua</strong></span> <span class='ocrx_word' id='word_1_781' title='bbox 2494 4951 2721 5007; x_wconf 89' lang='lat' dir='ltr'><strong>malitia.</strong></span> <span class='ocrx_word' id='word_1_782' title='bbox 2747 4969 2766 5004; x_wconf 75' lang='grc' dir='ltr'><strong>ι</strong></span> <span class='ocrx_word' id='word_1_783' title='bbox 2800 4950 3072 5006; x_wconf 80' lang='lat' dir='ltr'><strong>Malitiam</strong></span> <span class='ocrx_word' id='word_1_784' title='bbox 3106 4949 3236 5012; x_wconf 89' lang='lat' dir='ltr'><strong>diei,</strong></span> <span class='ocrx_word' id='word_1_785' title='bbox 3285 4948 3635 5005; x_wconf 79' lang='lat' dir='ltr'><strong>aﬂlictionem</strong></span> 
     </span>
    </p>
   </div>
   <div class='ocr_carea' id='block_1_110' title="bbox 2053 5043 3630 5114">
    <p class='ocr_par' dir='ltr' id='par_1_110' title="bbox 2053 5043 3630 5114">
     <span class='ocr_line' id='line_1_110' title="bbox 2053 5043 3630 5114; baseline -0.003 -12"><span class='ocrx_word' id='word_1_786' title='bbox 2053 5057 2108 5102; x_wconf 92' lang='lat' dir='ltr'><strong>et</strong></span> <span class='ocrx_word' id='word_1_787' title='bbox 2130 5047 2492 5103; x_wconf 86' lang='lat' dir='ltr'><strong>calamitatem</strong></span> <span class='ocrx_word' id='word_1_788' title='bbox 2534 5055 2715 5102; x_wconf 80' lang='lat' dir='ltr'><strong>vocat.</strong></span> <span class='ocrx_word' id='word_1_789' title='bbox 2743 5045 2954 5099; x_wconf 85' lang='lat' dir='ltr'><strong>Sullicit</strong></span> <span class='ocrx_word' id='word_1_790' title='bbox 2973 5045 3117 5099; x_wconf 89' lang='lat' dir='ltr'><strong>enim</strong></span> <span class='ocrx_word' id='word_1_791' title='bbox 3167 5043 3289 5108; x_wconf 90' lang='lat' dir='ltr'><strong>tibi,</strong></span> <span class='ocrx_word' id='word_1_792' title='bbox 3337 5045 3482 5114; x_wconf 83' lang='lat' dir='ltr'><strong>quod</strong></span> <span class='ocrx_word' id='word_1_793' title='bbox 3530 5043 3630 5098; x_wconf 56' lang='lat' dir='ltr'><strong>hoc</strong></span> 
     </span>
    </p>
   </div>
   <div class='ocr_carea' id='block_1_111' title="bbox 2055 5134 3636 5205">
    <p class='ocr_par' dir='ltr' id='par_1_111' title="bbox 2055 5134 3636 5205">
     <span class='ocr_line' id='line_1_111' title="bbox 2055 5134 3636 5205; baseline -0.004 -9"><span class='ocrx_word' id='word_1_794' title='bbox 2055 5141 2243 5196; x_wconf 86' lang='lat' dir='ltr'><strong>dierna</strong></span> <span class='ocrx_word' id='word_1_795' title='bbox 2269 5138 2562 5196; x_wconf 86' lang='lat' dir='ltr'><strong>alllictione</strong></span> <span class='ocrx_word' id='word_1_796' title='bbox 2591 5138 2843 5194; x_wconf 79' lang='lat' dir='ltr'><strong>olirueris</strong></span> <span class='ocrx_word' id='word_1_797' title='bbox 2871 5148 2885 5195; x_wconf 88' lang='lat'><strong>:</strong></span> <span class='ocrx_word' id='word_1_798' title='bbox 2915 5134 3056 5205; x_wconf 89' lang='lat' dir='ltr'><strong>quod</strong></span> <span class='ocrx_word' id='word_1_799' title='bbox 3110 5134 3154 5189; x_wconf 91' lang='lat' dir='ltr'><strong>si</strong></span> <span class='ocrx_word' id='word_1_800' title='bbox 3185 5144 3239 5188; x_wconf 90' lang='lat' dir='ltr'><strong>et</strong></span> <span class='ocrx_word' id='word_1_801' title='bbox 3269 5149 3365 5204; x_wconf 90' lang='lat' dir='ltr'><strong>pro</strong></span> <span class='ocrx_word' id='word_1_802' title='bbox 3389 5134 3636 5190; x_wconf 73' lang='lat' dir='ltr'><strong>crastina</strong></span> 
     </span>
    </p>
   </div>
   <div class='ocr_carea' id='block_1_112' title="bbox 2054 5229 3636 5302">
    <p class='ocr_par' dir='ltr' id='par_1_112' title="bbox 2054 5229 3636 5302">
     <span class='ocr_line' id='line_1_112' title="bbox 2054 5229 3636 5302; baseline -0.003 -14"><span class='ocrx_word' id='word_1_803' title='bbox 2054 5232 2315 5289; x_wconf 89' lang='lat' dir='ltr'><strong>sollicitus</strong></span> <span class='ocrx_word' id='word_1_804' title='bbox 2339 5231 2526 5300; x_wconf 89' lang='lat' dir='ltr'><strong>fueris,</strong></span> <span class='ocrx_word' id='word_1_805' title='bbox 2550 5231 2763 5302; x_wconf 88' lang='lat' dir='ltr'><strong>quando</strong></span> <span class='ocrx_word' id='word_1_806' title='bbox 2793 5229 3009 5284; x_wconf 89' lang='lat' dir='ltr'><strong>vacabis</strong></span> <span class='ocrx_word' id='word_1_807' title='bbox 3039 5229 3169 5294; x_wconf 90' lang='lat' dir='ltr'><strong>Deo,</strong></span> <span class='ocrx_word' id='word_1_808' title='bbox 3197 5243 3412 5299; x_wconf 88' lang='lat' dir='ltr'><strong>semper</strong></span> <span class='ocrx_word' id='word_1_809' title='bbox 3437 5231 3636 5284; x_wconf 54' lang='lat' dir='ltr'><strong>temeté</strong></span> 
     </span>
    </p>
   </div>
   <div class='ocr_carea' id='block_1_113' title="bbox 2057 5320 3061 5398">
    <p class='ocr_par' dir='ltr' id='par_1_113' title="bbox 2057 5320 3061 5398">
     <span class='ocr_line' id='line_1_113' title="bbox 2057 5320 3061 5398; baseline -0.006 -18"><span class='ocrx_word' id='word_1_810' title='bbox 2057 5331 2230 5398; x_wconf 88' lang='lat' dir='ltr'><strong>ipsum</strong></span> <span class='ocrx_word' id='word_1_811' title='bbox 2248 5324 2500 5381; x_wconf 88' lang='lat' dir='ltr'><strong>crucians</strong></span> <span class='ocrx_word' id='word_1_812' title='bbox 2524 5338 2622 5394; x_wconf 89' lang='lat' dir='ltr'><strong>pro</strong></span> <span class='ocrx_word' id='word_1_813' title='bbox 2650 5320 3023 5392; x_wconf 89' lang='lat' dir='ltr'><strong>corporalibus</strong></span> <span class='ocrx_word' id='word_1_814' title='bbox 3047 5320 3061 5374; x_wconf 79' lang='grc' dir='ltr'><strong>ι</strong></span> 
     </span>
    </p>
   </div>
   <div class='ocr_carea' id='block_1_114' title="bbox 2657 5437 3036 5495">
    <p class='ocr_par' dir='ltr' id='par_1_114' title="bbox 2657 5437 3036 5495">
     <span class='ocr_line' id='line_1_114' title="bbox 2657 5437 3036 5495; baseline -0.008 -1"><span class='ocrx_word' id='word_1_815' title='bbox 2657 5437 2890 5495; x_wconf 83' lang='lat' dir='ltr'><strong>CAPUT</strong></span> <span class='ocrx_word' id='word_1_816' title='bbox 2924 5438 3036 5493; x_wconf 81' lang='lat' dir='ltr'><strong>Vll.</strong></span> 
     </span>
    </p>
   </div>
   <div class='ocr_carea' id='block_1_115' title="bbox 2057 5526 3634 5607">
    <p class='ocr_par' dir='ltr' id='par_1_115' title="bbox 2057 5526 3634 5607">
     <span class='ocr_line' id='line_1_115' title="bbox 2057 5526 3634 5607; baseline -0.015 -4"><span class='ocrx_word' id='word_1_817' title='bbox 2057 5535 2164 5607; x_wconf 81' lang='lat'><strong>35</strong></span> <span class='ocrx_word' id='word_1_818' title='bbox 2191 5533 2342 5600; x_wconf 72' lang='grc' dir='ltr'><strong>ρυοά</strong></span> <span class='ocrx_word' id='word_1_819' title='bbox 2371 5549 2473 5587; x_wconf 76' lang='lat' dir='ltr'><strong>non</strong></span> <span class='ocrx_word' id='word_1_820' title='bbox 2503 5531 2659 5585; x_wconf 68' lang='lat' dir='ltr'><strong>liceat</strong></span> <span class='ocrx_word' id='word_1_821' title='bbox 2693 5532 2756 5607; x_wconf 62' lang='lat' dir='ltr'><strong>de</strong></span> <span class='ocrx_word' id='word_1_822' title='bbox 2784 5545 3048 5607; x_wconf 60' lang='lat' dir='ltr'><strong>quoquam</strong></span> <span class='ocrx_word' id='word_1_823' title='bbox 3063 5528 3327 5607; x_wconf 66' lang='lat' dir='ltr'><strong>judicare.</strong></span> <span class='ocrx_word' id='word_1_824' title='bbox 3359 5526 3634 5607; x_wconf 68' lang='lat' dir='ltr'><strong>Quomodo</strong></span> 
     </span>
    </p>
   </div>
   <div class='ocr_carea' id='block_1_116' title="bbox 2127 5597 3634 5673">
    <p class='ocr_par' dir='ltr' id='par_1_116' title="bbox 2127 5597 3634 5673">
     <span class='ocr_line' id='line_1_116' title="bbox 2127 5597 3634 5673; baseline -0.009 -15"><span class='ocrx_word' id='word_1_825' title='bbox 2127 5597 2296 5673; x_wconf 57' lang='lat' dir='ltr'><strong>petere</strong></span> <span class='ocrx_word' id='word_1_826' title='bbox 2324 5613 2372 5657; x_wconf 85' lang='lat' dir='ltr'><strong>et</strong></span> <span class='ocrx_word' id='word_1_827' title='bbox 2401 5617 2632 5672; x_wconf 63' lang='lat' dir='ltr'><strong>quaerere</strong></span> <span class='ocrx_word' id='word_1_828' title='bbox 2671 5597 2968 5655; x_wconf 77' lang='lat' dir='ltr'><strong>debeamus.</strong></span> <span class='ocrx_word' id='word_1_829' title='bbox 2997 5597 3150 5665; x_wconf 82' lang='lat' dir='ltr'><strong>Quod</strong></span> <span class='ocrx_word' id='word_1_830' title='bbox 3179 5599 3326 5653; x_wconf 74' lang='lat' dir='ltr'><strong>nobis</strong></span> <span class='ocrx_word' id='word_1_831' title='bbox 3349 5597 3634 5652; x_wconf 83' lang='lat' dir='ltr'><strong>cavendum</strong></span> 
     </span>
    </p>
   </div>
   <div class='ocr_carea' id='block_1_117' title="bbox 2131 5673 2740 5743">
    <p class='ocr_par' dir='ltr' id='par_1_117' title="bbox 2131 5673 2740 5743">
     <span class='ocr_line' id='line_1_117' title="bbox 2131 5673 2740 5743; baseline -0.003 -14"><span class='ocrx_word' id='word_1_832' title='bbox 2131 5677 2194 5729; x_wconf 70' lang='lat' dir='ltr'><strong>sit</strong></span> <span class='ocrx_word' id='word_1_833' title='bbox 2226 5693 2254 5725; x_wconf 77' lang='grc' dir='ltr'><em>η</em></span> <span class='ocrx_word' id='word_1_834' title='bbox 2279 5674 2430 5742; x_wconf 74' lang='lat' dir='ltr'><strong>falsis</strong></span> <span class='ocrx_word' id='word_1_835' title='bbox 2454 5673 2740 5743; x_wconf 79' lang='lat' dir='ltr'><strong>prophetis.</strong></span> 
     </span>
    </p>
   </div>
   <div class='ocr_carea' id='block_1_118' title="bbox 2135 5771 3638 5856">
    <p class='ocr_par' dir='ltr' id='par_1_118' title="bbox 2135 5771 3638 5856">
     <span class='ocr_line' id='line_1_118' title="bbox 2135 5771 3638 5856; baseline -0.009 -16"><span class='ocrx_word' id='word_1_836' title='bbox 2135 5785 2298 5842; x_wconf 73' lang='lat' dir='ltr'><strong>Vens.</strong></span> <span class='ocrx_word' id='word_1_837' title='bbox 2334 5785 2382 5840; x_wconf 86' lang='lat' dir='ltr'><strong>l.</strong></span> <span class='ocrx_word' id='word_1_838' title='bbox 2419 5804 2439 5838; x_wconf 88' lang='grc' dir='ltr'>ι</span> <span class='ocrx_word' id='word_1_839' title='bbox 2477 5783 2556 5842; x_wconf 82' lang='lat' dir='ltr'><strong>Ne</strong></span> <span class='ocrx_word' id='word_1_840' title='bbox 2584 5785 2944 5856; x_wconf 85' lang='lat' dir='ltr'><strong>judicetis,nt</strong></span> <span class='ocrx_word' id='word_1_841' title='bbox 2979 5799 3044 5837; x_wconf 92' lang='lat' dir='ltr'><strong>ne</strong></span> <span class='ocrx_word' id='word_1_842' title='bbox 3070 5779 3406 5851; x_wconf 91' lang='lat' dir='ltr'><strong>judicemini.</strong></span> <span class='ocrx_word' id='word_1_843' title='bbox 3451 5797 3467 5830; x_wconf 77' lang='grc' dir='ltr'>ι</span> <span class='ocrx_word' id='word_1_844' title='bbox 3521 5771 3638 5830; x_wconf 66' lang='lat' dir='ltr'><strong>Non</strong></span> 
     </span>
    </p>
   </div>
   <div class='ocr_carea' id='block_1_119' title="bbox 2064 5876 3604 5953">
    <p class='ocr_par' dir='ltr' id='par_1_119' title="bbox 2064 5876 3604 5953">
     <span class='ocr_line' id='line_1_119' title="bbox 2064 5876 3604 5953; baseline -0.01 -14"><span class='ocrx_word' id='word_1_845' title='bbox 2064 5881 2464 5953; x_wconf 77' lang='lat' dir='ltr'><strong>reprehendere</strong></span> <span class='ocrx_word' id='word_1_846' title='bbox 2500 5880 2770 5952; x_wconf 82' lang='lat' dir='ltr'><strong>prohibet,</strong></span> <span class='ocrx_word' id='word_1_847' title='bbox 2809 5879 2900 5934; x_wconf 81' lang='lat' dir='ltr'><strong>scd</strong></span> <span class='ocrx_word' id='word_1_848' title='bbox 2927 5876 3292 5933; x_wconf 57' lang='lat' dir='ltr'><strong>condemnare</strong></span> <span class='ocrx_word' id='word_1_849' title='bbox 3332 5888 3346 5926; x_wconf 86' lang='lat'><strong>:</strong></span> <span class='ocrx_word' id='word_1_850' title='bbox 3391 5888 3511 5926; x_wconf 89' lang='lat' dir='ltr'><strong>nam</strong></span> <span class='ocrx_word' id='word_1_851' title='bbox 3550 5887 3604 5923; x_wconf 74' lang='lat' dir='ltr'><strong>re</strong></span> 
     </span>
    </p>
   </div>
  </div>
