3914 6580
396 420 501 491 211

1245 419 1825 487 THEOPHYLACTI
1869 417 2279 480 BULGABIIE
2306 417 2663 479 ARCHIEP.

3544 403 3649 468 212

396 534 689 610 prehensio
730 530 881 589 utilis
915 538 1022 597 est,
1064 530 1443 587 condemnatio
1475 538 1654 585 autem
1686 527 1971 599 probrosa,

2095 546 2169 600 (ος
2189 528 2282 581 ἐπὶ
2308 524 2570 596 ὠφελείᾳ,
2638 521 2808 583 ἐστὶν,
2845 520 2878 591 ή
2913 517 2968 572 δὲ
3001 516 3329 589 κατάκρισις
3384 515 3478 569 ἐπὶ
3511 517 3647 570 ὀνει·

391 638 450 687 ει
480 630 768 700 despectus
802 625 998 701 plena:
1031 624 1115 681 vel
1168 625 1324 682 aliter
1366 623 1606 696 intellige
1636 623 1725 677 de-
1755 636 1821 677 co
1855 624 1970 692 qui,

398 720 611 792 magnis
638 719 879 791 peccatis
910 717 1198 786 obnoxius,
1229 715 1523 787 opprobrat
1551 715 1706 779 alios,
1732 722 1785 768 et
1821 728 1974 769 com-

397 812 622 869 demnat
663 812 845 869 minus
891 810 1208 885 culpabiles,
1240 820 1295 867 et
1318 810 1374 867 in
1400 809 1485 864 bis
1515 821 1634 877 qua:
1666 803 1807 861 Deus
1832 805 1977 876 judi-

394 915 618 961 catums
646 913 748 962 εει.

468 995 633 1055 Vsus.
662 996 780 1053 2-5.
816 1016 835 1050 ι
868 994 985 1067 Quo
1004 996 1147 1055 enim
1168 993 1667 1071 jndiciojudicatis,
1698 991 1973 1065 judicahi-
2008 1042 2012 1048 .

399 1090 533 1146 mini
565 1110 580 1147 :
623 1100 681 1147 et
708 1105 813 1161 qua
840 1103 1101 1153 mensura
1154 1086 1446 1155 metimini,
1475 1086 1766 1143 metientur
1800 1085 1976 1140 vobis.

396 1181 537 1253 Quid
565 1192 743 1239 autem
781 1182 932 1238 vides
963 1180 1226 1236 festucam
1255 1194 1374 1253 quae
1403 1188 1487 1237 est
1518 1179 1573 1237 in
1602 1178 1760 1234 oculo
1793 1175 1978 1231 fratris

399 1273 499 1339 tui,
528 1275 734 1330 trabem
784 1281 963 1327 autem
986 1279 1207 1342 quaeest
1231 1271 1285 1329 in
1310 1268 1465 1325 oculo
1511 1277 1605 1325 tuo
1648 1284 1754 1325 non
1786 1265 1980 1321 vides?

402 1367 512 1421 Aut
541 1363 810 1435 quomodo
839 1363 987 1419 dices
1033 1359 1187 1417 fratri
1227 1368 1339 1427 tuo,
1376 1355 1507 1415 Sine
1556 1357 1771 1430 eiiciam
1810 1354 1980 1411 festu-

399 1470 521 1510 cam
578 1469 646 1511 ex
705 1452 864 1509 oculo
912 1461 1026 1519 tuo,
1079 1460 1135 1507 et
1167 1463 1302 1508 ecce
1362 1450 1510 1506 trabs
1547 1447 1601 1503 in
1651 1446 1807 1503 oculo
1852 1443 1980 1500 tuo?

404 1545 717 1617 liypocrita,
764 1544 899 1613 ejice
943 1543 1177 1614 primum
1222 1542 1428 1597 trabem
1478 1555 1545 1595 ex
1588 1538 1744 1594 oculo
1782 1547 1894 1605 tuo,
1927 1546 1983 1591 et

401 1648 533 1691 tunc
573 1635 780 1691 videbis
829 1644 890 1690 ut
940 1633 1130 1704 ejicias
1175 1633 1442 1690 festucam
1493 1646 1560 1687 cx
1599 1631 1755 1687 oculo
1796 1630 1981 1686 fratris

401 1729 497 1784 tui.
533 1748 553 1782 ι
579 1727 905 1803 Carpturum
951 1726 1085 1783 alios
1117 1735 1335 1797 oportet
1378 1724 1786 1780 immaculatum
1835 1738 1978 1780 esse.

400 1818 534 1875 Nam
566 1820 769 1876 habens
800 1819 1006 1874 trabem
1040 1818 1094 1872 in
1128 1815 1284 1873 oculo
1321 1831 1443 1884 suo,
1480 1816 1582 1873 boc
1607 1824 1693 1872 est
1726 1829 1979 1885 magnum

2081 620 2261 693 δισμῷ
2292 620 2388 674 καὶ
2416 613 2787 686 ὲξουδενώσει,
2832 611 3007 674 ἄλλως
3032 627 3093 663 τε
3120 609 3213 666 καὶ
3236 610 3364 663 ὃταν
3403 609 3543 680 ἔχων
3570 627 3650 675 τις

2084 712 2329 786 μεγάλας
2359 706 2655 783 ἁμαρτίας,
2686 703 2923 778 ὀνειδίζῃ
2961 701 3194 771 ἑτέροις,
3220 701 3318 756 καὶ
3354 701 3651 775 κατακρίνῃ

2079 806 2206 869 τοὺς
2224 802 2488 857 ἐλάττονα
2530 800 2773 871 ἔχοντας,
2798 795 2836 851 ἃ
2856 797 2884 850 ὀ
2911 793 3046 859 Θεὸς
3079 791 3513 866 μέλλεικρίνειν.

2159 998 2179 1031 ι
2229 978 2319 1032 Ἐν
2340 970 2386 1047 ᾧ
2414 976 2524 1047 γάρ
2562 974 2803 1046 κρίνετε,
2826 969 3162 1044 κριθήσεσθε
3180 984 3197 1000 °
3217 967 3311 1023 καὶ
3329 969 3388 1023 ἐν
3405 961 3450 1037 ᾦ
3477 967 3654 1041 μέτρῳ

2088 1072 2359 1143 μετρεῖτε,
2397 1067 2802 1140 μετρηθήσεται
2830 1064 2984 1136 ὑμῖν.
3014 1062 3083 1117 Τί
3105 1061 3165 1117 δὲ
3195 1059 3420 1132 βλέπεις
3444 1059 3506 1113 τὸ
3526 1060 3656 1131 κάρ-

2085 1178 2185 1232 φος
2215 1162 2277 1215 τὸ
2311 1162 2370 1214 ὲν
2402 1158 2480 1229 τῷ
2511 1154 2781 1229 ὀφθαλμῷ
2822 1154 2919 1210 τοῦ
2949 1151 3183 1223 ἀδελφοῦ
3235 1157 3356 1218 σου,
3388 1152 3488 1221 τὴν
3511 1151 3568 1204 δὲ
3601 1153 3654 1204 ὲν

2084 1251 2168 1324 τῷ
2201 1251 2279 1322 σῷ
2330 1248 2593 1321 ὀφθαλμῷ
2626 1247 2787 1302 δοκὸν
2824 1246 2887 1301 οὐ
2921 1246 3244 1312 κατανοεῖς;
3284 1244 3317 1315 ἢ
3372 1242 3487 1306 πῶς⁸
3518 1243 3655 1313 ἐρεῖς

2083 1343 2162 1417 τῷ
2192 1341 2409 1413 ἀδελφῷ
2446 1359 2563 1408 σου,
2597 1340 2770 1409 Ἀφες
2807 1337 3025 1394 ἐκϐάλω
3059 1335 3124 1391 τδ
3158 1335 3373 1408 κάρφος
3427 1334 3534 1388 ἀπὸ
3565 1334 3654 1388 τοῦ

2084 1434 2368 1507 ὀφθαλμοῦ
2398 1452 2517 1499 σου,
2542 1434 2636 1489 καὶ
2658 1433 2768 1488 ἰδοὺ
2786 1433 2823 1505 ή
2845 1431 3002 1494 δοκὸς
3032 1431 3093 1487 ιν
3120 1429 3199 1501 τῷ
3239 1427 3504 1498 ὀφθαλμῷ
3526 1445 3652 1493 σου;

2097 1528 2424 1600 ’Υποκριτά,
2452 1526 2649 1582 ἔκδαλε
2682 1526 2902 1597 πρῶτον
2930 1522 3030 1597 τὴν
3054 1523 3214 1578 δοκὸν
3245 1524 3309 1575 ἐκ
3330 1520 3424 1576 τοῦ
3458 1520 3657 1589 ὀφθαλ-

2089 1621 2192 1693 μοῦ
2222 1619 2340 1687 σοῦ,
2368 1618 2465 1673 καὶ
2501 1620 2624 1673 τότε
2656 1615 2967 1686 διαϐλέψεις
3002 1614 3254 1669 ικδαλεῖν
3273 1612 3334 1667 τὸ
3361 1613 3573 1683 κάρφος
3596 1615 3656 1666 ἐκ

2085 1710 2181 1767 τοῦ
2221 1707 2505 1782 ὀφθαλμοῦ
2568 1705 2665 1762 τοῦ
2717 1703 2951 1776 ἀδελφοῦ
3005 1721 3124 1759 σου.
3164 1720 3184 1756 t
3228 1702 3334 1756 Τὸν
3395 1699 3656 1771 μέλλοντα

2088 1804 2441 1875 ἐπιπλήττειν
2502 1801 2684 1865 ἀλλοις
2707 1800 2789 1855 δεῖ
2816 1798 3052 1870 ἄμωμον
3081 1791 3241 1850 εἶναι.
3275 1796 3340 1849 Ei
3369 1793 3479 1865 γάρ
3499 1793 3657 1857 αὐτὸς

401 1911 628 1979 lignum,
665 1909 873 1966 scilicet
926 1916 1235 1979 peccatum,
1283 1918 1336 1963 et
1381 1883 1774 1978 reprehendens
1817 1883 1984 1960 alium

2095 1895 2242 1950 δοκὸν
2275 1894 2419 1966 ἔχων
2450 1892 2508 1949 ἐν
2536 1891 2615 1964 τῷ
2663 1889 2949 1961 ὀφθαλμῷ,
2976 1886 3248 1950 τουτέστι,
3302 1886 3445 1956 μέγα
3482 1883 3655 1950 ξύλον,

403 2005 664 2059 festucam
726 2002 1040 2071 habentem,
1098 1999 1550 2070 impudentiorem
1615 1998 1766 2054 illum
1827 1994 1978 2052 facit.

402 2094 649 2152 Ostendit
674 2104 852 2159 autem
880 2094 1157 2161 Dominus,
1178 2094 1322 2163 quod
1354 2078 1579 2164 magnus
1604 2098 1853 2162 peccator
1877 2104 1984 2145 non

404 2196 584 2259 potest
623 2188 759 2244 bene
805 2188 991 2243 videre
1021 2195 1301 2257 peccatum
1353 2183 1559 2241 fratris.
1603 2181 1737 2239 Nam
1770 2180 1863 2252 qui
1890 2181 1988 2236 ita-

414 2280 593 2335 buerit
649 2279 703 2334 in
756 2276 914 2334 oculo
961 2278 1193 2343 trabem,
1248 2276 1521 2347 quomodo
1567 2276 1771 2332 videre.
1804 2280 1985 2344 potest

406 2368 572 2424 alium
606 2367 957 2423 mediocriter
988 2364 1227 2421 malum?

478 2541 645 2599 Vsus.
681 2542 735 2600 6.
765 2561 785 2597 ι
820 2542 898 2600 Ne
930 2543 1068 2600 detis
1096 2549 1343 2599 sanctum
1369 2540 1618 2606 canibus,
1646 2523 1826 2615 neque
1853 2540 1986 2596 mit-

408 2636 545 2690 tatis
572 2635 895 2707 margaritas
919 2644 1130 2691 vestras
1153 2644 1280 2690 ante
1309 2647 1523 2705 porcos,
1559 2646 1627 2688 ne
1669 2631 1809 2688 forte
1852 2645 2001 2687 con-'

407 2725 618 2783 calcent
636 2740 729 2782 eas
744 2726 969 2798 pedibus
982 2728 1117 2793 suis,
1131 2734 1183 2782 et
1196 2725 1445 2780 conversi
1458 2725 1800 2795 disrumpant
1814 2736 1932 2779 vos.
1958 2740 1978 2775 ι

407 2821 584 2877 Canes
631 2827 758 2876 sunt
796 2819 1039 2876 inﬁdeles
1076 2837 1089 2875 :
1123 2820 1274 2893 porci
1310 2826 1514 2886 autem,
1546 2817 1732 2875 fideles
1765 2817 1984 2890 quidem

408 2922 561 2978 sunt,
601 2913 694 2970 sed
727 2913 1048 2969 lntnientam
1101 2914 1270 2967 vitam
1308 2919 1554 2983 agentes.
1595 2910 1848 2984 Mysteria
1889 2909 1988 2980 igi-

410 3019 500 3062 tur
554 3006 853 3064 incredulis
897 3021 1002 3061 nou
1034 3015 1158 3062 sunt
1197 3006 1496 3076 prodenda,
1547 2986 1723 3075 neque
1766 3003 1897 3059 clari
1934 3011 1989 3058 et

410 3100 723 3171 margaritis
746 3099 950 3159 similes
971 3115 1252 3161 sermones
1285 3098 1353 3155 de
1389 3097 1654 3170 theologia
1691 3095 1986 3152 immundis

409 3192 869 3249 communicandi.
904 3191 1058 3248 Porci
1114 3192 1257 3249 enim
1312 3191 1658 3258 conculcant,
1697 3190 1811 3246 sive
1856 3203 1989 3245 con-
2011 3232 2057 3296 Ο

409 3282 658 3338 temnunt
694 3296 814 3352 qnze
855 3282 1127 3346 dicuntur,
1161 3296 1324 3338 canes
1358 3290 1536 3338 autem
1558 3280 1807 3337 conversi
1840 3280 1984 3334 lace-

407 3382 533 3428 rant
562 3389 662 3430 nos
713 3392 726 3429 :
765 3375 907 3444 quod
939 3373 1183 3429 fecerunt
1210 3373 1536 3445 philosophi,
1564 3387 1685 3427 cum
1736 3372 1986 3426 audirent

407 3468 728 3524 cruciﬁxum
769 3467 1073 3525 Christum.
1108 3467 1419 3524 Dilacerant
1493 3479 1672 3521 autem
1734 3479 1834 3519 nos
1892 3478 1983 3518 ra-

409 3560 742 3628 tiocinando,
813 3563 1145 3641 impossibile
1170 3577 1290 3623 esse
1321 3562 1657 3617 cavillantes.

481 3743 645 3800 Vens.
674 3742 727 3812 7,
753 3744 807 3803 8.
844 3762 863 3796 ι
901 3743 1093 3807 Potite,
1118 3751 1175 3799 et
1223 3741 1441 3798 dabitur
1495 3741 1649 3797 vobis
1687 3757 1700 3796 :
1737 3741 1985 3812 quaerite,

408 3847 466 3896 et
493 3836 784 3901 invenietis
817 3854 831 3891 :
861 3835 1091 3906 pulsate,
1142 3842 1199 3891 et
1250 3833 1531 3903 aperietur
1567 3832 1742 3888 vobis.
1799 3831 1988 3889 Omnis

410 3932 555 3989 enim
587 3931 678 4002 qui
713 3928 866 4002 petit,
908 3928 1107 3999 accipit
1141 3936 1238 3983 :et
1272 3926 1362 3996 qui
1390 3928 1603 3998 quaerit,
1633 3927 1846 4002 invenit
1880 3944 1895 3982 :
1934 3935 1990 3982 et

408 3998 643 4098 pulsanti
669 3998 962 4103 aperietur.
995 4039 1013 4073 ι
1041 4019 1335 4094 Imperavit
1353 4020 1508 4077 nobis
1538 4021 1589 4083 in
1617 3998 1989 4088 superioribus

409 4132 603 4188 magna
652 4126 707 4173 et
735 4114 975 4170 difﬁcilia
1007 4132 1021 4170 :
1078 4114 1320 4170 ostendit
1351 4113 1516 4184 igitur
1570 4112 1674 4169 hoc
1706 4110 1825 4165 loco
1856 4125 1989 4180 quo-

410 4214 572 4266 modo
603 4211 860 4279 imperata
886 4207 1259 4277 perﬁciantur,
1300 4219 1492 4276 nempe
1513 4219 1609 4279 per
1637 4218 1828 4275 preces
1845 4218 1989 4259 con-

409 4302 610 4361 tinuas.
647 4301 823 4357 Petite
877 4299 1050 4367 enim,
1083 4298 1239 4361 dixit,
1266 4297 1370 4355 hoc
1428 4306 1531 4361 est,
1584 4309 1820 4370 semper.
1872 4292 1988 4348 Non

409 4394 555 4447 enim
606 4391 766 4458 dixit,
815 4389 1014 4461 petatis
1037 4385 1228 4442 semel.
1272 4385 1577 4441 Deinde-et
1605 4382 1851 4455 exemplo
1887 4382 1993 4438 hu-

410 4499 572 4539 mano
593 4483 879 4540 conﬁrmat
907 4482 1132 4536 dictum.

484 4576 649 4631 Vens.
680 4576 735 4642 9,
767 4576 853 4630 10.
896 4593 916 4626 ι
963 4574 1045 4628 An
1083 4572 1369 4643 quisquam
1399 4578 1484 4626 est
1511 4585 1580 4627 ex
1611 4569 1761 4625 vobis
1805 4566 1986 4636 bomo,
2021 4596 2067 4655 D

2056 4641 2062 4668 ⁵
2097 4658 2210 4722 υίός
2248 4655 2415 4711 αὑτοῦ
2450 4656 2636 4726 ἄρτον,
2674 4652 2749 4723 μὴ
2782 4650 2930 4705 λίθον
2959 4648 3215 4702 ἐπιδώσει
3237 4643 3421 4714 αύτῷς
3454 4645 3561 4698 καὶ
3589 4641 3689 4695 ἐὰν

410 4686 573 4742 quem
605 4670 650 4725 si
683 4667 900 4740 petierit
921 4666 1065 4721 ﬁlius
1094 4666 1211 4736 ejus
1238 4678 1453 4734 panem,
1489 4663 1727 4733 lapidem
1756 4664 1983 4718 daturus

409 4765 482 4823 sit
507 4761 627 4819 illi?
659 4769 750 4821 aut
772 4760 816 4815 si
872 4759 1074 4839 piscem
1109 4755 1343 4835 petierit,
1374 4770 1500 4812 num
1559 4762 1861 4829 serpentem
1893 4752 1992 4811 ad-

413 4858 503 4915 det
527 4852 640 4925 illif!
685 4871 704 4904 ι
741 4851 927 4915 Erudit
950 4850 1051 4905 hoc
1088 4847 1207 4903 loco
1235 4850 1377 4919 quod
1406 4854 1618 4922 oportet
1642 4846 1991 4907 vehementer

412 4956 619 5029 petere,
668 4954 721 5002 et
771 4942 924 5009 utilia
971 4950 1175 5012 petere.
1244 4939 1398 5007 Sicut
1423 4939 1569 4997 enim
1616 4952 1733 5005 vos,
1768 4937 1990 5007 inquit,

410 5028 658 5103 videntes
695 5032 836 5091 ﬁlios
887 5042 1097 5087 vestros
1141 5028 1293 5086 utilia
1319 5038 1522 5102 petere,
1565 5028 1675 5111 36
1704 5042 1895 5098 panem
1937 5034 1994 5083 et

411 5129 639 5211 piscem,
658 5126 797 5194 datis
825 5124 1006 5185 omnia
1031 5138 1151 5199 qua:
1169 5123 1458 5195 petierint:
1489 5121 1563 5189 ita
1594 5131 1647 5179 et
1676 5135 1771 5179 vos
1788 5121 1992 5193 spitua.

412 5210 487 5299 lia
519 5218 766 5290 quaerite,
796 5231 902 5271 non
946 5210 1205 5275 carnalia.

483 5398 651 5455 Vsus.
686 5396 774 5454 il.
818 5414 838 5450 ι
877 5394 935 5453 Si
964 5395 1132 5467 igitur
1157 5408 1278 5462 vos,
1311 5408 1435 5450 cum
1466 5393 1587 5450 sitis
1630 5394 1779 5460 mali,
1816 5395 1990 5450 nostis

414 5491 558 5546 dona
594 5490 734 5545 bona
788 5488 923 5545 dare
967 5486 1095 5543 filiis
1121 5485 1342 5552 vestris,
1377 5493 1581 5557 quanto
1629 5484 1800 5555 magis
1833 5483 1995 5539 Pater

418 5591 601 5639 vester
629 5581 719 5653 qui
760 5580 814 5641 in
841 5580 996 5639 oculis
1025 5588 1130 5646 est,
1162 5578 1312 5633 dabit
1335 5578 1477 5633 bona
1507 5575 1815 5648 petentibus
1837 5577 1931 5632 se!
1968 5593 1989 5628 ι

412 5673 584 5730 Malos
607 5672 849 5730 nominat
880 5673 1130 5729 homines
1151 5670 1217 5725 ad
1246 5670 1416 5726 Deum
1458 5677 1824 5745 comparatos,
1856 5681 1993 5739 quo-

412 5768 557 5824 niam
586 5775 780 5822 natura
807 5775 994 5821 nostra
1022 5764 1161 5819 bona
1188 5771 1293 5830 est,
1326 5771 1510 5835 utpote
1533 5776 1563 5818 a
1593 5760 1703 5818 Deo
1735 5760 1988 5817 condita:

414 5858 690 5935 voluntate
719 5862 898 5914 autem
925 5854 1054 5913 mali
1088 5870 1295 5913 sumus.

2086 1989 2208 2061 ήτοι
2252 1986 2582 2058 ἁμάρτημα,
2633 1982 3011 2053 ἐπιμέμφεται
3037 1980 3182 2051 ἄλλῳ
3210 1979 3420 2050 κάρφος
3459 1977 3655 2048 ἔχοντι,

2087 2082 2507 2152 ἀναισχύντερον
2531 2077 2736 2133 ἐκεῖνον
2751 2073 2995 2144 εποίησε.
3024 2072 3274 2127 Δείκνυσι
3295 2072 3351 2125 δὲ
3379 2072 3407 2124 6
3432 2071 3656 2140 Κύριος,

2086 2172 2306 2230 δτιούδὲ
2332 2170 2560 2227 δύναται
2601 2169 2734 2225 ιόεῖν
2766 2164 2945 2232 καλῶς
2968 2165 3032 2221 τδ
3062 2164 3157 2220 τοῦ
3188 2162 3419 2235 ἀδελφοῦ
3474 2162 3657 2234 ἀμάρ-

2087 2283 2237 2338 τημα
2280 2267 2310 2319 6
2356 2263 2572 2336 μεγάλα
2614 2259 2952 2332 ἁμαρτάνων
2984 2275 3001 2291 ’
3024 2259 3058 2314 ό
3087 2257 3196 2330 γάρ
3230 2255 3371 2327 ἔχων
3405 2254 3566 2309 δοκὸν
3602 2256 3657 2307 ὲν

2085 2357 2166 2430 τῷ
2187 2355 2476 2428 ὀφθαλμῷ,
2507 2353 2624 2418 πῶς
2654 2352 2720 2408 ἂν
2749 2351 2850 2406 ῖδοι
2878 2348 3040 2407 ἄλλον
3069 2347 3309 2422 μετρίως
3343 2345 3659 2418 βλαπτόμε-

2088 2466 2214 2514 νον;
2696 2471 2700 2475 ”

2092 2614 2095 2623 Δ
2163 2560 2184 2597 ι
2214 2541 2309 2614 Μή
2351 2540 2487 2595 δῶτε
2513 2539 2575 2595 τδ
2607 2538 2762 2610 ἅγιον
2792 2539 2906 2603 τοῖς
2934 2533 3085 2607 κυσὶ,
3129 2533 3267 2607 μηδὲ
3298 2531 3515 2623 βάλητε
3536 2528 3661 2593 τοὺς

2091 2633 2439 2709 μαργαρίτας
2468 2632 2622 2704 ὑμῶν
2669 2629 2982 2703 ἔμπροσθεν
3030 2627 3142 2682 τῶν
3185 2625 3408 2698 χοίρων,
3447 2622 3663 2695 μήποτε

2086 2729 2554 2798 καταπατήσωσιν
2608 2726 2810 2789 αὐτοὺς
2867 2725 2926 2779 ὲν
2973 2723 3086 2786 τοῖς
3121 2720 3283 2773 ποσὶν
3313 2715 3517 2779 αὐτῶν,
3570 2712 3664 2768 καὶ

2088 2820 2419 2895 στραφέντες
2448 2818 2685 2892 ῥήξωσιν
2712 2816 2878 2887 ὑμᾶς.
2912 2832 2933 2867 ι
2969 2813 3149 2873 Κύνες
3176 2811 3315 2865 εἰσὶν
3344 2809 3393 2863 oi
3416 2807 3662 2870 ἄπιστοι,

2086 2917 2260 2987 χοῖροι
2283 2913 2427 2980 δὲ,οί
2462 2911 2645 2966 πιστοὶ
2678 2910 2799 2981 μὲν,
2848 2904 3164 2981 βορσορῷδη
3194 2903 3251 2958 δὲ
3288 2901 3403 2973 βίον
3425 2900 3663 2970 ἔχοντες.

2086 3009 2180 3061 Δεῖ
2208 3005 2392 3061 τοίνυν
2427 3004 2496 3059 τὰ
2533 3003 2811 3075 μυστήρια
2874 3000 2951 3073 μὴ
2996 2999 3178 3067 λέγειν
3228 2997 3342 3057 τοῖς
3383 2992 3662 3055 ἀπίστοις,

2092 3100 2227 3172 μηδὲ
2258 3099 2384 3161 τοὺς
2410 3096 2699 3169 λαμπροὺς
2742 3094 2838 3148 καὶ
2866 3089 3247 3164 μαργαρώδεις
3279 3086 3475 3155 λόγους
3533 3084 3660 3146 τοὺς

2088 3192 2219 3264 περὶ
2249 3189 2527 3257 θεολογίας
2578 3190 2691 3251 τοῖς
2720 3184 3052 3256 ἀκαθάρτοις
3082 3182 3131 3236 oi
3164 3180 3263 3252 μὲν
3303 3179 3416 3248 γάρ
3461 3176 3665 3247 χοῖροι,

2092 3279 2518 3343 καταπατοῦσιν,
2548 3277 2667 3347 ήτοι
2726 3270 3128 3344 καταφρονοῦσι
3165 3268 3276 3323 τῶν
3321 3265 3666 3336 λεγομένων,

2090 3376 2139 3427 oi
2171 3372 2228 3427 δὲ
2258 3370 2419 3437 κύνες
2466 3370 2799 3441 στραφέντες
2825 3361 3319 3436 διασπαράττουσιν
3346 3358 3499 3429 ήμᾶς
3519 3374 3535 3389 ο
3577 3350 3669 3408 οἷα

2092 3462 2339 3518 ποιοῦσιν
2360 3464 2409 3517 oi
2439 3460 2721 3533 λεγόμενοι
2739 3457 3046 3529 φιλόσοφοι,
3076 3455 3206 3508 ὅταν
3239 3448 3554 3505 ἀκούσωσιν
3589 3445 3673 3499 δτι

2092 3550 2410 3625 ἐσταυρώθη
2450 3551 2605 3615 Θεὸς,
2645 3549 3048 3620 σπαράττουσιν
3094 3542 3242 3614 ήμᾶς
3275 3542 3388 3603 τοῖς
3416 3535 3675 3605 συλλογι-

2095 3648 2269 3716 σμοῖς,
2298 3643 2557 3698 ἀδύνατον
2578 3637 2892 3712 εἶναιτοῦτο
2926 3634 3293 3705 σοφιζόμενοι.

2170 3756 2189 3790 ι
2220 3737 2454 3801 Αἰτεῖτε,
2489 3732 2585 3789 καὶ
2613 3730 2898 3803 δοθήσεται
2929 3728 3089 3797 ύμῖν·
3148 3722 3386 3792 ζητεῖτε,
3426 3718 3533 3773 καὶ
3582 3715 3677 3770 εὑ-

2099 3831 2292 3904 ρήσετε
2316 3843 2331 3858 ·
2361 3825 2612 3898 κρούετε,
2641 3825 2736 3877 καὶ
2768 3821 3122 3890 ἀνοιγήσεται
3151 3816 3283 3886 ὑμῖν
3305 3829 3321 3844 ⁶
3358 3813 3471 3875 πᾶς
3501 3808 3618 3882 γὰρ
3645 3810 3680 3904 6

2094 3901 2261 3976 αίτῶν
2312 3916 2600 3990 λαμϐάνει,
2651 3916 2749 3971 καὶ
2798 3917 2827 3969 6
2878 3912 3058 3982 ζητῶν
3110 3909 3379 3979 εὑρίσκει,
3431 3904 3538 3960 καὶ
3599 3901 3681 3973 τῷ

2093 4013 2346 4087 κρούοντι
2373 4011 2745 4082 ἀνοιγήσεται.
2778 4026 2797 4065 ι
2845 4004 3140 4072 Ἐπέταξεν
3160 4003 3292 4075 ήμῖν
3319 4001 3378 4055 ὲν
3396 4000 3518 4063 τοῖς
3548 4013 3682 4087 προρ

2094 4105 2318 4161 λαϐοῦσι
2362 4103 2575 4176 μεγάλα
2614 4103 2711 4157 καὶ
2739 4098 2977 4174 χαλεπά.
3010 4096 3291 4153 Δείκνυσιν
3313 4090 3407 4146 οὖν
3434 4086 3683 4143 ἐνταῦθα

2096 4201 2216 4264 πῶς
2267 4195 2796 4270 κατορθωθήσονται,
2851 4192 2946 4246 καὶ
2975 4191 3058 4249 ὃτι
3092 4188 3181 4245 διὰ
3215 4186 3316 4256 τῆς
3349 4182 3526 4254 εὐχῆς
3575 4180 3682 4250 τῆς

2095 4289 2397 4364 διηνεκοῦς.
2428 4289 2638 4343 Αἰτεῖτε
2656 4286 2787 4357 γὰρ,
2817 4280 2994 4349 εἶπεν,
3020 4280 3141 4336 ἀντὶ
3192 4277 3285 4331 τοῦ
3327 4275 3436 4337 ἀεὶ,
3463 4274 3533 4329 οὐ
3571 4273 3684 4343 γάρ

2096 4379 2276 4452 εἶπεν,
2314 4380 2622 4453 Λίτήσασθε
2648 4376 2815 4442 ἅπαξ.
2853 4371 2987 4429 Εἶτα
3018 4372 3113 4428 καὶ
3144 4369 3253 4425 ἀπὸ
3269 4366 3684 4437 ὑποδείγματος

2096 4475 2439 4547 ἀνθρωπίνου
2472 4471 2683 4544 βεϐαιοῖ
2709 4469 2768 4524 τὸ
2793 4467 3002 4540 λεχθέν.

2177 4583 2196 4617 Ι
2221 4566 2292 4619 Ἦ
2320 4564 2410 4628 τίς
2442 4564 2590 4617 ἐστιν
2619 4560 2905 4632 ἄνθρωπος
2922 4557 2980 4624 ἐξ
3003 4555 3181 4629 ὑμῶν,
3210 4553 3270 4608 δν
3298 4552 3395 4605 ἐὰν
3415 4551 3636 4622 αἰτήσῃ
3656 4548 3686 4602 6

2096 4749 2251 4825 ῖχθῦν
2286 4749 2506 4823 αίτήσῃ,
2539 4745 2617 4818 μὴ
2658 4744 2782 4817 ὅφιν
2831 4740 3088 4796 ἐπιδώσει
3136 4738 3322 4809 αὐτῷς
3360 4757 3378 4793 ι
3416 4734 3688 4791 Παιδεύει

2093 4839 2330 4897 ἐνταῦθα
2365 4839 2447 4897 ὅτι
2483 4839 2565 4892 δεῖ
2596 4836 2693 4891 καὶ
2726 4833 2975 4911 σφοδρῶς
3004 4833 3199 4892 αῑτεῖν,
3231 4828 3329 4883 καὶ
3363 4826 3433 4880 τὰ
3464 4844 3534 4880 συ
3545 4826 3689 4897 μφέο

2095 4950 2257 5006 ροντα
2290 4932 2484 4987 αἰτεῖν.
2520 4929 2708 5000 Ὑμεῖς
2724 4929 2856 4999 γάρ,
2881 4925 3041 4997 φησὶ,
3075 4923 3303 4994 βλέπετε
3323 4921 3453 4983 τοὺς
3479 4917 3691 4980 παῖδας

2094 5026 2250 5098 ὑμῶν
2278 5024 2347 5080 τὰ
2372 5024 2652 5098 πρέποντα
2680 5020 2990 5082 αἰτοῦντας,
3032 5016 3197 5088 ἄρτον
3233 5014 3329 5068 καὶ
3362 5010 3551 5085 ίχθῦν,
3595 5008 3694 5063 καὶ

2092 5122 2216 5177 τότε
2247 5119 2417 5174 δίδοτε
2475 5115 2669 5179 αὐτοῖς.
2713 5112 2842 5167 ὅταν
2895 5109 3122 5169 τοιαῦτα
3173 5105 3412 5179 ζητῶσιν
3449 5118 3467 5134 ·
3507 5101 3694 5167 οὔτως

2092 5212 2185 5269 οὖν
2214 5211 2308 5269 καὶ
2341 5210 2498 5283 ὑμεῖς
2525 5205 2597 5261 τὰ
2641 5202 2996 5275 πνευματικά
3024 5200 3261 5271 ζητεῖτε,
3301 5194 3378 5269 μὴ
3407 5193 3488 5249 τὰ
3549 5207 3696 5262 σαρ-

2093 5305 2272 5447 κιῖἒί
2301 5388 2395 5445 οὖν
2418 5390 2578 5461 ὑμεῖς
2608 5386 2839 5458 πονηροὶ
2861 5384 3036 5447 ὀντες,
3052 5383 3230 5437 οἴδατε
3253 5380 3472 5451 δόματα
3503 5373 3701 5445 ἀγαθά

2094 5483 2295 5538 διδόναι
2345 5484 2459 5545 τοῖς
2491 5480 2704 5545 τέκνοις
2726 5477 2906 5549 ὑμῶν,
2937 5475 3090 5546 πόσῳ
3146 5472 3345 5543 μᾶλλον
3397 5470 3429 5523 6
3492 5469 3698 5539 Πατὴρ

2068 5573 2248 5646 ’ὑμῶν
2277 5575 2306 5628 6
2349 5575 2409 5628 ὲν
2428 5573 2542 5635 τοῖς
2569 5571 2820 5640 οὐρανοῖς
2842 5566 3005 5622 δώσει
3052 5563 3235 5634 ἀγαθά
3260 5563 3375 5624 τοῖς
3426 5560 3705 5615 αἰτοῦσιν

2097 5666 2263 5723 αὐτόν
2285 5681 2299 5732 ;
2328 5664 2637 5737 »Πονηρους
2653 5662 2910 5735 ὀνομάζει
2936 5661 3064 5724 τοὺς
3085 5657 3181 5713 ἀνθ
3191 5655 3430 5730 ρώπους,
3451 5654 3538 5718 ὡς
3559 5653 3705 5725 πρὸς

2094 5759 2186 5813 τὸν
2237 5757 2371 5811 Θεὸν
2417 5755 2727 5826 συγκρίνων
2759 5753 2980 5819 αὐτοὺς,
3041 5751 3165 5805 ἐπεὶ
3216 5740 3477 5821 ήφύσις
3533 5738 3706 5820 ήμῶν

2101 5851 2282 5924 ἀγαθή
2312 5852 2481 5919 ἐστιν,
2521 5852 2598 5918 ώς
2629 5850 2764 5905 Θεοῦ
2785 5848 3204 5925 δημιούργημα,
3232 5845 3375 5904 κατά
3402 5845 3471 5901 δὲ
3501 5847 3708 5921 προαί-

2104 5956 2253 6018 ρεσιν
2283 5942 2718 6018 πονηρευόμεθα.
2844 5924 2847 5925 ν
3660 5924 3665 5927 Δ

2580 6207 2603 6239 ο
