4078 6464
335 374 436 436 213

830 396 833 397 ν
928 370 1371 430 ENARRATIO
1412 370 1491 430 IN
1525 364 1934 430 EVANGELH

2066 361 2565 432 MATI‘l’L’EII-
2589 367 2748 426 CAP.
2787 365 2919 428 VII.

3452 362 3557 424 214

409 507 424 538 ι
462 485 650 540 Πάντα
679 481 769 537 οῦν
810 484 911 536 ὅσα
956 483 1021 537 ἂν
1056 483 1244 556 θέλητε
1279 485 1366 537 ἴνα
1409 480 1637 535 ποιῶσιν
1689 478 1817 548 ὑμῖν
1850 475 1899 528 οἱ
1931 522 1934 530 .

2075 478 2239 535 Vens.
2287 480 2372 534 12.
2408 499 2427 532 ι
2470 479 2662 535 Omnia
2710 479 2874 550 igitur
2903 491 3239 549 quweunque
3284 475 3559 531 volueritis

335 579 630 647 ἄνθρωποι,
663 575 757 629 καὶ
787 576 944 645 ὑμεῖς
975 579 1180 629 ποιεῖτε
1215 577 1419 640 αὐτοῖς.
1456 567 1626 636 Οὗτος
1653 571 1762 642 γάρ
1781 572 1896 622 ἐστι

335 675 363 726 ὁ
389 671 548 738 νόμος
581 670 679 723 καὶ
727 669 777 720 oi
813 669 1110 738 προφῆται.
1165 687 1184 720 ι
1230 667 1502 736 Σύντομον
1529 666 1767 718 δείκνυσι
1801 661 1901 731 τὴν

337 766 412 827 εἰς
439 762 643 833 ἀρετὴν
674 760 810 814 ὁδόν.
842 762 905 814 Οί
933 759 1040 833 γὰρ
1086 761 1361 832 ἄνθρωποι
1388 761 1601 814 οἴκοθεν
1637 755 1902 827 γινώσκο-

341 855 508 926 μεντὸ
537 854 682 909 δέον.
707 853 771 906 Εἰ
800 853 908 922 γὰρ
932 852 1104 916 θέλεις
1132 850 1566 922 εύεργετεῖσθαι,
1602 849 1899 923 εὐεργέτει.

337 949 396 1002 Ei
425 946 606 1009 Θέλεις
641 943 962 1013 ἀγαπᾶσθαι
993 945 1145 1014 παρὰ
1179 944 1283 997 τῶν
1316 941 1550 1013 ἐχθρῶν,
1597 939 1783 1008 ἀγάπα
1813 937 1905 990 καὶ

341 1038 402 1092 σὺ
455 1036 582 1100 τοὺς
632 1035 881 1106 ἐχθρούς.
925 1037 1038 1090 Καὶ
1062 1036 1171 1106 γὰρ
1204 1037 1232 1089 ὁ
1261 1035 1423 1105 νόμος
1446 1033 1540 1087 τοῦ
1575 1032 1708 1086 Θεοῦ
1735 1031 1830 1084 καὶ
1857 1030 1906 1082 οἱ

340 1127 615 1195 προφῆται
648 1127 833 1180 ἐκεῖνα
873 1125 1148 1195 λέγουσιν,
1193 1124 1230 1180 ἃ
1258 1125 1354 1178 καὶ
1399 1126 1428 1178 ὁ
1468 1121 1696 1192 φυσικὸς
1743 1119 1906 1190 νόμος

341 1220 465 1288 ἡμῖν
492 1217 868 1272 διατάττεται.
1619 1221 1628 1238 ⁴

412 1327 432 1360 ι
472 1309 765 1363 Είσέλθετε
803 1308 891 1362 διὰ
919 1311 1020 1378 τῆς
1043 1308 1236 1377 στενῆς
1272 1306 1468 1376 πύλης,
1503 1305 1584 1359 ὅτι
1617 1303 1848 1358 πλατεῖα
1875 1303 1909 1374 ἡ

341 1401 501 1471 πύλη,
533 1402 632 1455 καὶ
663 1401 974 1472 εὐρύχωρος
1005 1403 1039 1471 ἡ
1091 1401 1207 1464 ὁδὸς
1257 1401 1292 1470 ἡ
1345 1400 1636 1466 ἀπάγουσα
1677 1399 1757 1459 εἰς
1813 1394 1913 1465 τὴν

342 1493 644 1554 ᾰπώλειαν,
673 1494 768 1545 καὶ
796 1492 982 1546 πολλοί
1010 1494 1150 1545 εἰσιν
1189 1492 1240 1544 οἱ
1290 1489 1667 1562 εἰσερχόμενοι
1714 1487 1783 1541 δι’
1810 1487 1911 1540 αύ-

342 1585 456 1652 τῆς.
505 1602 525 1636 ι
555 1583 762 1656 Στενὴν
807 1583 985 1654 πύλην
1023 1583 1173 1650 λέγει
1223 1583 1348 1647 τοὺς
1379 1581 1743 1652 πειρασμοῦς,
1787 1578 1916 1642 τούς

342 1693 398 1729 τε
447 1676 758 1742 ἑκουσίους,
799 1671 911 1730 οἷον
953 1676 1205 1749 νηστείαν
1257 1675 1352 1728 καὶ
1403 1674 1588 1736 τᾶλλα,
1638 1673 1734 1726 καὶ
1789 1673 1917 1734 τοὺς

343 1768 653 1835 ἀκουσίους,
678 1765 791 1823 οἷον
814 1769 1009 1839 δεσμὰ,
1045 1767 1340 1837 διωγμούς.
1369 1767 1581 1838 Ὥσπερ
1608 1763 1702 1820 οὖν
1756 1764 1920 1818 πολύ-

2002 583 2062 627 ut
2105 572 2307 627 faciant
2357 573 2507 628 vobis
2544 573 2809 639 homines,
2841 582 2894 626 et
2945 587 3041 625 vos
3087 571 3245 625 facile
3290 568 3390 623 eis.
3441 569 3566 623 Haec

2001 668 2144 720 enim
2191 676 2274 720 est
2315 666 2419 728 lex,
2453 675 2505 722 et
2537 666 2825 734 praplietm.
2872 683 2890 715 ι
2931 663 3151 720 Brevem
3192 663 3256 717 ad
3311 661 3563 716 virtutem

2003 757 2148 811 viam
2180 758 2436 813 ostendit.
2466 757 2539 812 Ex
2567 757 2725 812 nobis
2757 756 2902 810 enim
2946 759 3144 811 scimus
3171 754 3299 824 quid
3333 753 3472 807 facto
3499 751 3569 806 sit

2005 866 2156 921 opus.
2190 851 2318 906 Nam
2351 851 2393 906 si
2418 851 2498 905 vis
2516 849 2772 906 beneticia
2807 848 3075 919 accipere,
3112 845 3335 902 benefac
3365 864 3377 899 :
3414 844 3456 898 si
3489 843 3570 898 vis

2005 945 2155 1014 diligi
2185 945 2253 1000 ab
2276 943 2530 1008 inimicis,
2573 943 2733 1012 dilige
2767 952 2818 997 tu
2851 943 3014 996 etiam
3058 939 3324 995 inimicos.
3358 935 3567 991 Etenim

2007 1037 2092 1092 lex
2120 1036 2208 1092 Dei
2232 1045 2283 1092 el
2306 1035 2578 1108 pI‘OpiIeltB
2606 1037 2693 1091 illa
2717 1035 2904 1122 dicunt
2933 1053 2945 1089 :
2977 1049 3096 1104 quae
3125 1042 3179 1087 et
3211 1029 3470 1085 naturalis
3490 1028 3570 1083 lex

2007 1131 2267 1200 praecipit.

2084 1314 2247 1370 Vens.
2284 1314 2373 1368 13.
2404 1332 2422 1366 ι
2483 1313 2701 1367 lntroite
2732 1326 2826 1381 per
2855 1316 3141 1379 angustam
3189 1313 3421 1374 portam,
3454 1300 3578 1371 quia

2013 1410 2120 1464 lata
2149 1417 2229 1462 est
2252 1417 2400 1477 porta
2426 1415 2479 1461 et
2501 1407 2737 1475 spatiosa
2784 1405 2868 1458 via
2894 1418 3014 1472 qum
3031 1401 3175 1455 ducit
3193 1399 3259 1453 ad
3280 1397 3579 1457 interitum,

2015 1513 2070 1557 et
2102 1501 2249 1556 multi
2276 1510 2402 1556 sunt
2431 1500 2520 1569 qui
2544 1498 2917 1568 ingrediuntur
2947 1509 3192 1564 peream.
3235 1511 3252 1543 ι
3280 1491 3574 1558 Angustam

2019 1605 2228 1664 portam
2285 1603 2440 1648 vocat
2471 1592 2812 1652 tentationes,
2867 1599 2978 1643 tum
3011 1584 3365 1645 voluntarias,
3417 1580 3584 1635 veluti

2015 1686 2275 1756 jejunium
2309 1694 2362 1739 et
2397 1683 2498 1738 alia
2533 1700 2547 1739 :
2601 1694 2709 1736 tum
2742 1690 2936 1752 prwter
2973 1689 3218 1734 nostram
3256 1675 3584 1730 voluntatem

2021 1777 2358 1842 evenienles,
2405 1783 2463 1830 ut
2493 1773 2726 1837 vincula,
2763 1771 3187 1842 persecutiones.
3224 1765 3588 1832 Quemadnto-

347 1877 546 1930 σαρκος
591 1859 904 1933 ἄνθρωπος,
944 1861 977 1932 ἢ
1026 1859 1198 1913 πολλὰ
1233 1859 1541 1928 βαστάζων,
1602 1858 1662 1911 οὑ
1695 1856 1920 1910 δύναται

2040 1872 2146 1924 lum
2177 1881 2353 1923 autem
2383 1867 2780 1936 corpulentum,
2809 1865 2894 1919 vel
2925 1861 3154 1918 sarcinis
3181 1866 3456 1920 onustum,
3493 1869 3590 1924 per

344 1950 428 2004 διὰ
463 1952 564 2022 τῆς
630 1954 826 2022 στενῆς
855 1950 1137 2016 εἰσελθεῖν,
1174 1951 1349 2014 οὕτως
1395 1950 1518 2004 οὐδὲ
1567 1950 1842 2021 τρυφηλὸς
1885 1949 1918 2019 ἢ

349 2043 624 2106 πλούσιος·
650 2042 742 2097 διὰ
774 2043 832 2096 δὲ
860 2043 958 2111 τῆς
989 2042 1249 2104 πλατείας
1283 2043 1331 2094 οἱ
1367 2039 1600 2093 τοιοῦτοι
1649 2038 1923 2108 εἰσέρχον-

347 2155 456 2191 ται.
489 2136 768 2190 Δεικνύων
796 2135 852 2190 δὲ
881 2136 965 2190 ὅτι
1009 2135 1105 2189 καὶ
1137 2135 1170 2205 ή
1207 2132 1540 2203 στενοχωρία
1585 2127 1925 2202 πρόσκαιρός

350 2231 484 2292 ἐστι,
508 2229 605 2284 καὶ
629 2230 664 2300 ή
698 2227 974 2297 πλατύτης
1001 2225 1293 2297 παροδικὴ,
1326 2223 1504 2297 πύλην
1527 2224 1621 2276 καὶ
1653 2222 1772 2276 ὁδὸν
1798 2221 1926 2275 ἐκά-

350 2321 498 2374 λεσεο
524 2322 630 2392 τήν
651 2337 712 2374 τε
733 2321 841 2390 γὰρ
864 2319 1060 2390 πύλην,
1083 2320 1200 2390 ἦτοι
1241 2320 1340 2388 τὴν
1372 2316 1762 2378 κακοπάθειαν,
1787 2331 1927 2382 παρο

357 2415 572 2485 ἔρχεται
603 2416 634 2468 ὁ
675 2413 1024 2480 κακοπαθῶν,
1070 2414 1163 2466 καὶ
1191 2412 1293 2483 τὴν
1330 2411 1544 2482 τρυφὴν
1587 2409 1644 2462 δὲ
1698 2409 1774 2470 ὡς
1810 2408 1928 2460 ὁδὸν

289 2564 295 2570 ,
350 2505 646 2579 παροδεὺει
675 2508 704 2560 ὁ
725 2505 974 2578 τρυφῶνο
1008 2505 1132 2558 ἐπεὶ
1157 2499 1250 2558 οῦν
1279 2503 1564 2574 ἀμφότερα
1589 2502 1929 2571 πρόσκαιρα,

348 2601 406 2653 τὸ
444 2602 706 2671 κρεῖττον
739 2599 1006 2671 αἱρετέον.

477 2693 544 2748 Τί
591 2694 754 2764 στενὴ
781 2696 815 2764 ἡ
845 2692 1010 2764 πύλη,
1033 2693 1128 2746 καὶ
1151 2689 1483 2762 τεθλιμμένη
1520 2690 1552 2756 ἡ
1583 2688 1700 2751 ὁδὸς
1730 2691 1762 2758 ἠ
1792 2686 1933 2742 ἀπά-

353 2804 520 2856 γουσα
551 2789 643 2852 είς
671 2786 770 2858 τὴν
799 2787 975 2858 ζωὴν,
1009 2786 1104 2840 καὶ
1129 2785 1300 2853 ὀλίγοι
1329 2783 1468 2837 εἰσὶν
1502 2784 1549 2835 ot
1582 2782 1930 2851 εὑρίσκοντες

354 2879 558 2950 αύτήνῑ
615 2898 635 2932 ι
670 2877 1056 2948 Θαυμαστικόν
1109 2878 1225 2930 ἐστι
1257 2875 1318 2929 τὸ
1343 2875 1430 2928 Τί.
1488 2872 1770 2943 Θαυμάζει
1803 2871 1932 2942 γὰρ,

361 2972 538 3040 βαϐαὶ,
606 2971 770 3024 πόσον
826 2971 944 3024 ἐστὶ
999 2970 1194 3038 στενήί
1253 2967 1384 3031 Πῶς
1414 2963 1508 3020 οὖν
1562 2964 1797 3035 ἀλλαχοῦ
1849 2964 1935 3018 λέο

359 3080 465 3134 γει·
495 3065 565 3119 Ὁ
593 3064 756 3133 ζυγός
787 3080 888 3135 μου
919 3062 1187 3134 ὲλαφρός;
1213 3061 1313 3115 Διὰ
1339 3059 1436 3124 τὰς
1462 3057 1759 3131 μελλούσας
1783 3059 1937 3112 ἀντι-

361 3158 562 3221 δόσεις.

435 3268 454 3301 ι
490 3247 805 3320 Προσέχετε
835 3246 892 3300 δὲ
921 3245 1029 3302 ἀπὸ
1058 3244 1168 3300 τῶν
1215 3241 1697 3315 ψευδοπροφητῶν,
1739 3241 1938 3304 οἵτινες

366 3341 620 3411 ἔρχονται
654 3342 787 3412 πρὸς
825 3340 968 3409 ὑμᾶς
993 3341 1052 3392 ὲν
1097 3337 1362 3408 ἐνδύμασι
1388 3335 1702 3407 προϐάτων,
1735 3331 1939 3386 ἔσωθεν

365 3437 421 3489 δέ
461 3437 576 3490 εισι
623 3434 778 3489 λύκοι
815 3433 1103 3504 ἅρπαγες*
1145 3430 1257 3486 ἀπὸ
1307 3429 1416 3483 τῶν
1474 3426 1707 3498 καρπῶν
1759 3427 1939 3481 αὐτῶν

367 3527 740 3597 ἐπιγνώσεσθε
769 3525 986 3591 αὐτούς.
1002 3523 1350 3594 ι,Πανοῦργοί
1375 3524 1480 3576 εἰσι
1502 3522 1596 3575 καὶ
1619 3519 1866 3574 ὲπιθέται
1891 3520 1941 3573 οἱ

369 3621 663 3691 αἱρετικοὶ,
689 3620 778 3674 διὰ
807 3618 966 3672 τοῦτο
988 3618 1157 3687 λέγει,
1183 3616 1507 3685 Προσέχετε.
1536 3611 1943 3683 Χρηστολογίαν

374 3714 469 3784 μὲν
491 3713 610 3784 γὰρ
643 3711 1055 3786 προσάλλονται,
1095 3709 1191 3764 καὶ
1227 3709 1339 3781 βίον
1399 3706 1789 3778 ὑποκρίνονται
1849 3721 1944 3759 σε·

375 3807 529 3880 μνδν,
563 3806 679 3860 ἀλλ’
732 3805 936 3860 ἔσωθέν
979 3807 1094 3858 ἐστι
1141 3802 1205 3856 τὺ
1237 3802 1552 3871 ἄγκιστρον.
1585 3798 1829 3870 Ἐνδυμα
1887 3797 1946 3852 δὲ

374 3899 682 3973 προϐάτου,
758 3899 851 3953 καὶ
903 3899 938 3968 ἡ
1001 3897 1266 3968 πραότης,
1319 3889 1464 3969 ᾗτινι
1514 3893 1751 3965 χρῶνταί
1805 3908 1950 3957 τινες

376 3991 844 4065 σχηματιζύμενοι
902 3989 994 4044 διὰ
1041 3987 1104 4042 τὸ
1165 3983 1484 4042 κολακεύειν
1512 3986 1608 4039 καὶ⁸
1646 3984 1946 4056 ὲξαπατᾷν.

388 4085 523 4140 Ἀπὸ
553 4085 608 4139 δὲ
631 4083 723 4137 τοῦ
754 4081 971 4152 καρποῦ
1009 4080 1391 4150 γνωρίζονται,
1428 4077 1699 4143 τουτέστι,
1725 4076 1833 4129 τῶν
1857 4075 1951 4147 έρ-

378 4195 487 4247 γων
521 4175 729 4231 καὶτοῦ
763 4173 900 4243 βίου.
935 4173 1057 4228 Κᾶν
1087 4174 1196 4244 γὰρ
1222 4171 1624 4242 ύποκρίνωνται
1657 4167 1794 4241 πρὸς
1827 4184 1951 4222 και-

382 4271 491 4341 ρὸν,
531 4267 669 4322 ἀλλὰ
693 4269 805 4329 τοῖς
837 4264 1197 4337 προσέχουσιν
1220 4263 1560 4333 ἐλέγχονται.

456 4383 475 4415 ι
507 4363 656 4434 Μήτι
713 4358 1064 4428 συλλέγουσιν
1127 4355 1238 4411 ἀπὸ
1268 4353 1520 4410 ἀκανθῶν
1564 4351 1862 4423 σταφυλὴν,
1918 4347 1952 4421 ἢ

383 4458 490 4510 ἀπὸ
513 4453 780 4525 τριϐόλων
803 4453 978 4520 σῦκας
1010 4451 1164 4505 Οὕτω
1191 4451 1300 4504 πᾶν
1322 4449 1539 4520 δένδρον
1589 4446 1794 4516 ἀγαθὸν
1818 4461 1953 4517 καρ-

2023 1967 2310 2028 augustam
2353 1955 2558 2022 ingredi
2614 1955 2799 2024 nequit
2832 1972 2847 2008 :
2886 1954 2958 2008 ita
3006 1966 3180 2019 neque
3213 1949 3473 2002 delicatus
3505 1943 3589 1999 vel

2025 2051 2194 2113 dives,
2251 2063 2347 2118 per
2402 2047 2562 2102 latam
2611 2057 2793 2101 autem
2845 2045 2981 2100 tales
3037 2044 3260 2097 vadunt.
3319 2038 3588 2092 Caeterum

2024 2143 2317 2199 ostendens
2343 2143 2484 2212 quod
2511 2149 2565 2195 et
2604 2139 2848 2210 angustia
2882 2134 3209 2206 temporaria
3249 2132 3340 2194 sit,
3389 2137 3441 2184 et
3467 2126 3592 2182 lati-

2026 2234 2156 2289 tudo
2190 2232 2526 2292 transitoria,
2553 2240 2765 2299 portam
2806 2237 2860 2283 et
2901 2229 3039 2282 viam
3068 2221 3302 2279 vocavit.
3325 2220 3430 2275 Per
3463 2217 3597 2272 ami-

2027 2329 2260 2382 etionem
2291 2326 2434 2381 enim
2459 2325 2550 2397 qui
2570 2322 2839 2394 afﬂigitur,
2870 2321 3024 2390 quasi
3045 2334 3136 2389 per
3155 2328 3361 2386 portam
3383 2313 3596 2374 transit,

2029 2430 2082 2475 ct
2112 2418 2372 2472 delicatus
2399 2431 2493 2485 per
2527 2413 2750 2470 delicias
2775 2412 2928 2482 quasi
2960 2424 3057 2480 per
3089 2410 3230 2465 viam
3264 2407 3594 2477 ingreditur:

2030 2518 2085 2566 et
2115 2509 2239 2578 quia
2269 2519 2496 2577 utraque
2529 2504 2881 2576 temporaria,
2908 2502 3138 2572 eligatur
3163 2513 3281 2568 qua:
3317 2497 3524 2551 melior.

2104 2688 2268 2742 Vens.
2323 2686 2408 2740 14.
2443 2703 2461 2736 ι
2506 2683 2676 2752 Quam
2719 2691 2942 2750 augusta
3005 2687 3088 2734 est
3125 2686 3275 2747 porta
3310 2683 3362 2728 ct
3415 2671 3600 2727 stricta

2036 2781 2120 2834 via
2161 2793 2280 2848 qua:
2311 2778 2460 2832 ducit
2505 2775 2570 2829 ad
2619 2776 2806 2837 vitam,
2839 2781 2892 2826 et
2921 2771 3076 2840 pauci
3108 2779 3232 2823 sunt
3261 2766 3599 2818 invenientes

2035 2870 2186 2925 eam!
2249 2887 2268 2921 ι
2339 2866 2670 2922 Admirativa
2714 2863 2884 2919 dictio
2913 2870 3020 2925 est,
3067 2859 3240 2927 Quid?
3287 2855 3605 2911 Admiratur

2037 2962 2203 3028 enim,
2246 2974 2415 3029 papae,
2449 2971 2609 3027 quam
2664 2955 2923 3027 angustat
2975 2952 3254 3020 Quomodo
3286 2949 3450 3019 igitur
3479 2945 3604 3000 alibi

2039 3055 2193 3121 dicit,
2230 3051 2380 3109 Onus
2416 3065 2596 3107 meum
2645 3049 2798 3105 leve?
2840 3056 3060 3118 propter
3108 3045 3321 3099 futuras
3375 3039 3612 3096 retribu-

1961 3171 2008 3231 ε
2040 3146 2236 3203 tiones.

2111 3239 2278 3294 Vens.
2302 3237 2388 3300 15,
2421 3236 2505 3290 16.
2548 3254 2566 3287 ι
2598 3234 2868 3288 Attemlite
2891 3241 3070 3286 autem
3092 3245 3122 3284 a
3140 3227 3287 3282 falsis
3310 3224 3605 3297 prophetis.

2041 3329 2460 3403 quiveniuntad
2485 3341 2580 3381 vos
2606 3326 2660 3380 in
2697 3321 3035 3378 vestimentis
3058 3319 3260 3383 ovium,
3293 3317 3386 3370 sed
3419 3313 3614 3368 intrin-

2043 3439 2202 3481 secus
2242 3432 2369 3478 sunt
2403 3420 2514 3491 lupi
2562 3432 2807 3490 rapaces,
2839 3413 3166 3471 a'fructibus
3199 3424 3384 3466 eorum
3416 3421 3616 3476 cogno-

2045 3516 2210 3573 scetis
2233 3528 2344 3571 eos.
2382 3531 2400 3565 ι
2439 3510 2585 3566 Vafri
2608 3517 2734 3564 sunt
2759 3517 2813 3562 et
2843 3508 3164 3575 impostores
3188 3498 3448 3564 haeretici,
3489 3511 3616 3567 pro-

2045 3621 2232 3681 pterea
2284 3608 2436 3674 dicit,
2473 3603 2756 3669 attendite,
2797 3601 2900 3656 hoc
2938 3605 3041 3663 est,
3083 3603 3292 3651 cavete.
3342 3590 3618 3646 Blandilo-

2046 3701 2319 3772 quentiam
2351 3697 2499 3754 enim
2535 3700 2859 3766 praetexunt,
2908 3699 2964 3745 et
2993 3689 3156 3744 vitam
3201 3684 3460 3743 simulant
3489 3697 3618 3736 san-

2049 3804 2213 3860 ctam,
2273 3790 2367 3847 sed
2413 3789 2738 3845 intrinsecus
2788 3786 2918 3840 latet
2971 3785 3186 3837 hamus.
3240 3779 3617 3833 indumentum

2051 3897 2230 3941 autem
2261 3885 2378 3940 ovis
2399 3893 2484 3938 est
2515 3890 2568 3936 et
2592 3878 2969 3942 mansuetudo,
2998 3889 3161 3943 quam
3201 3881 3463 3941 usurpant
3490 3869 3617 3922 dum

2051 3975 2342 4031 adulantur
2360 3984 2415 4028 et
2434 3971 2725 4039 decipiunt.
2744 3972 2786 4023 Α
2804 3968 2980 4023 fructu
3001 3974 3177 4020 autem
3198 3969 3621 4030 cognoscuntur,

2053 4067 2156 4122 hoc
2187 4073 2290 4130 est,
2328 4064 2394 4118 ab
2425 4061 2678 4132 operibus
2699 4069 2753 4116 et
2784 4059 2913 4114 vita.
2956 4057 3091 4111 Nam
3131 4054 3259 4109 licet
3297 4052 3365 4106 ad
3414 4061 3622 4120 tempus

2054 4157 2332 4218 simulent,
2359 4152 2455 4210 sed
2477 4145 2776 4222 produntur
2807 4161 3059 4205 successu
3085 4143 3366 4214 temporis.

2127 4339 2297 4396 Vens.
2333 4337 2419 4404 16,
2448 4337 2536 4392 17.
2563 4353 2582 4388 ι
2618 4331 2865 4403 Nunquid
2891 4329 3149 4400 eolligunt
3180 4341 3208 4380 a
3244 4324 3415 4395 spinis
3444 4338 3624 4383 uvam,

2057 4435 2143 4490 vel
2171 4449 2198 4488 a
2237 4431 2450 4489 tribulis
2489 4429 2662 4485 ficus?
2705 4425 2794 4481 Sic
2817 4423 2994 4480 omnis
3037 4421 3199 4476 arbor
3234 4420 3371 4473 bona
3418 4415 3625 4470 fruetus

385 4547 522 4608 ποὺς
554 4510 758 4604 καλοὺς
803 4510 985 4595 arma?"
1032 4538 1091 4593 τὸ
1116 4538 1173 4592 δὲ
1199 4538 1406 4608 σαπρὸν
1433 4510 1652 4607 δένδρον
1703 4510 1934 4605 καρπούς

2061 4529 2230 4582 bonos
2283 4525 2459 4580 facit:
2523 4523 2682 4576 arbor
2735 4529 2912 4574 autem
2967 4517 3140 4588 putris
3190 4513 3396 4570 fructus
3457 4511 3627 4566 malos

389 4636 659 4706 πονηροὺς
703 4635 866 4688 ποιεῖ.
905 4651 925 4686 ι
962 4631 1229 4686 Ἀκανθαι
1291 4630 1389 4684 καὶ
1447 4627 1682 4701 τρίϐολοι
1730 4629 1869 4682 εἰσιν
1898 4629 1952 4681 οι

390 4725 718 4798 ὑποκριταί⁹
755 4723 1008 4788 ἄκανθαι,
1045 4722 1120 4788 ὼς
1150 4722 1476 4794 πλήττοντες
1504 4719 1797 4793 λαθραίως,
1839 4718 1958 4790 τρί-

392 4819 536 4873 6ολοι
577 4818 656 4883 δὲ,
697 4817 774 4880 ὡς
830 4813 1129 4886 πανοῦργοι
1183 4814 1280 4867 καὶ⁹
1336 4812 1690 4885 πολύτροποι.
1744 4809 1959 4883 Σαπρδν

390 4911 446 4963 δὲ
475 4910 717 4983 δένδρον,
767 4907 876 4986 πᾶς
897 4907 958 4962 ὃν
1009 4907 1176 4978 σήπει
1213 4907 1243 4960 ὁ
1275 4904 1441 4975 ὑγρὸς
1480 4906 1574 4958 καὶ
1604 4901 1960 4974 ἐκλελυμένος

397 5001 530 5071 βίος.

471 5112 492 5145 ι
522 5093 598 5148 ού
630 5093 856 5147 δύναται
883 5089 1098 5162 δένδρον
1134 5088 1340 5159 ἀγαθὸν
1380 5088 1630 5160 καρποὺς
1688 5087 1964 5159 πονηροὺς

397 5187 587 5250 ποιεῖν,
611 5184 733 5239 οὐδὲ
747 5183 961 5255 δένδρον
1001 5181 1208 5254 σαπρὸν
1231 5182 1478 5253 καρποὺς
1509 5179 1707 5244 καλοὺς
1720 5182 1914 5232 ποιεῖν.
1941 5197 1961 5231 ι

367 5278 369 5280 ’
402 5279 542 5342 Ἕως
563 5271 627 5333 οὖ
657 5279 772 5332 ἐστι
803 5276 1032 5348 σαπρὸν,
1065 5276 1126 5330 ού
1147 5274 1391 5330 δύναται·
1421 5273 1516 5329 ἑὰν
1547 5273 1604 5327 δὲ
1627 5271 1966 5344 μεταϐληθῇ,

399 5371 636 5427 δύναται.
665 5371 808 5442 Ὅρα
861 5372 990 5442 γὰρ,
1043 5372 1127 5424 δτι
1165 5370 1265 5424 οὐκ
1316 5366 1492 5434 εἴπεν,
1521 5366 1604 5421 Οὐ
1653 5366 1968 5437 δυνήσεται,

403 5463 511 5518 ἀλλ’
545 5465 628 5520 δτι
658 5460 716 5517 ὲν
747 5465 857 5535 ὅσῳ
888 5463 1006 5517 ἐστὶ
1046 5462 1276 5533 σαπρὸν,
1309 5461 1450 5516 καλὰ
1487 5462 1548 5516 ού
1581 5460 1768 5531 γεννᾷ.

478 5661 497 5696 ι
533 5644 649 5696 Πᾶν
667 5642 879 5711 δένδρον
916 5641 989 5712 μὴ
1033 5641 1218 5695 ποιοῦν
1247 5639 1459 5709 καρπὸν
1484 5637 1666 5702 καλὸν,
1694 5637 1964 5691 ἐκκόπτε-

405 5748 512 5798 ται,
543 5735 636 5786 καὶ
669 5735 747 5796 είς
786 5733 896 5803 πῦρ
925 5733 1196 5803 βάλλεται.
1220 5731 1433 5802 Ἀραγε
1464 5729 1575 5784 ἀπὸ
1607 5729 1715 5782 τῶν
1743 5727 1972 5798 καρπῶν

412 5825 583 5879 αὐτῶν
602 5822 968 5896 ἐπιγνώσεσθε
998 5822 1220 5889 αὐτούς.
1254 5842 1272 5875 ›
1308 5821 1494 5878 Ταῦτα
1519 5820 1650 5895 προς
1689 5819 1972 5885 Ἰουδαίους

2061 4618 2212 4675 facit.
2252 4637 2270 4670 ι
2307 4615 2486 4686 Spinm
2515 4625 2570 4669 et
2603 4611 2785 4668 tribuli
2823 4619 2950 4666 sunt
2979 4606 3293 4680 hypocritae.
3343 4603 3541 4671 Spiuas,
3571 4607 3627 4655 ut

2063 4709 2274 4765 occulte
2301 4707 2645 4763 vulnerantes
2678 4721 2692 4759 :
2725 4701 2930 4764 tribuli,
2957 4708 3014 4754 ut
3051 4697 3186 4752 vafri
3238 4706 3292 4750 et
3325 4693 3624 4748 versatiles.

2064 4804 2242 4858 Arbor
2271 4807 2449 4856 autem
2503 4797 2700 4870 putris,
2728 4796 2908 4852 omnis
2945 4791 3034 4864 qui
3068 4789 3210 4846 molli
3272 4797 3326 4843 et
3369 4785 3628 4842 dissoluta

2064 4898 2174 4952 vita
2209 4893 2488 4966 putrescit.

2137 5069 2303 5128 Vens.
2328 5069 2415 5126 18.
2457 5087 2483 5123 ι
2517 5067 2634 5124 Non
2660 5074 2836 5137 potest
2861 5064 3022 5119 arbor
3047 5061 3184 5117 bona
3216 5059 3426 5114 fructus
3463 5057 3632 5111 malos

2073 5167 2272 5227 facere,
2313 5176 2489 5234 neque
2537 5163 2698 5216 arbor
2736 5156 2911 5228 putris
2967 5155 3176 5210 fructus
3219 5152 3389 5208 bonos
3417 5149 3525 5220 37
3557 5147 3636 5201 fa-

2070 5270 2210 5316 cere.
2256 5275 2274 5308 ι
2308 5252 2574 5323 Quamdiu
2603 5261 2686 5307 est
2721 5247 2913 5320 putris,
2948 5261 3055 5300 non
3086 5251 3300 5314 potest;
3337 5241 3426 5296 ubi
3458 5252 3636 5296 autem

2071 5361 2329 5406 conversa
2368 5344 2551 5408 fuerit,
2592 5347 2786 5412 potest.
2810 5335 2944 5393 Vide
2969 5336 3112 5392 enim
3148 5334 3289 5404 quod
3329 5349 3434 5388 non
3482 5332 3638 5396 dixit,

2075 5444 2193 5500 Non
2233 5440 2470 5511 poterit:
2535 5436 2632 5493 sed
2686 5441 2953 5505 quatenus
2996 5428 3295 5501 cstputris,
3341 5427 3480 5482 bona
3532 5439 3638 5479 non

2074 5535 2233 5608 parit.

2149 5625 2314 5679 Vsus.
2349 5622 2437 5688 19,
2454 5621 2546 5677 ΞΟ.
2575 5639 2594 5673 ι
2630 5619 2820 5675 Omnis
2846 5618 3008 5675 arbor
3033 5631 3138 5671 non
3171 5614 3378 5670 faciens
3409 5611 3640 5664 fructum
3676 5641 3687 5651 .

2075 5723 2298 5786 bonum,
2331 5714 2686 5779 exscinditur,
2714 5722 2768 5770 et
2789 5712 2844 5769 in
2877 5711 3050 5783 ignem
3083 5706 3333 5763 mittitur.
3360 5700 3553 5770 Utique
3580 5716 3640 5753 ex

2078 5809 2340 5870 fructibus
2371 5809 2607 5880 ipsorum
2641 5804 2944 5878 agnoscctis
2972 5817 3084 5869 cos,
3119 5817 3135 5852 ι
3164 5794 3258 5853 His
3284 5793 3496 5850 Judzcos
3525 5804 3618 5861 per
