4078 6464
340 296 451 364 215

1183 301 1732 364 THEOPHYLACT
1736 301 1765 362 Ι
1809 301 2222 363 BULGARIzE
2255 302 2612 365 ARCIl-IEP.
3468 293 3573 358 21‘

344 411 584 482 stringit,
618 426 739 466 nam
781 417 832 465 et
880 410 1117 468 Joannes
1148 413 1274 468 talia
1328 414 1408 470 eis
1457 413 1687 469 dicebat.
1724 412 1917 469 Arbori

2043 414 2385 477 ιποτείνεται,
2442 412 2592 466 καὶὸ
2643 409 2900 478 Ἰωάννης
2948 404 3060 476 γὰρ
3118 403 3344 458 τοιαῦτα
3400 403 3590 459 αὐτοῖς

344 513 525 559 autem
580 500 789 558 confert
835 502 1132 571 hominem,
1162 519 1226 561 eo
1271 508 1411 576 quod
1445 515 1621 575 potest
1665 521 1694 560 a
1740 505 1914 562 sterili

2043 505 2190 573 λεγε.
2220 504 2433 576 Δένδρφ
2462 502 2520 557 δὲ
2549 499 2837 564 ἀπεικάζει
2865 496 2957 551 τὸν
2996 494 3304 567 ἄνθρωπον,
3338 494 3473 548 διότι
3495 495 3590 549 δύο

340 607 565 666 peccnto
596 595 649 649 in
684 594 941 650 virtutem
974 596 1169 653 inseri.

2043 616 2173 654 αται
2228 595 2680 668 ὲγκεντρισῢῆναι
2710 593 2818 647 ἀπὸ
2853 591 2955 662 τῆς
3005 588 3261 660 ἀκάρπου
3311 587 3592 661 ἁμαρτίας

2016 692 2097 754 εἰς
2131 691 2358 759 ἀρετήν.

416 771 580 830 Vens.
613 775 706 832 2|.
743 795 762 831 ι
805 774 920 832 Non
955 775 1134 831 omnis
1171 777 1263 846 qui
1298 776 1430 832 dicit
1460 774 1615 842 mihi,
1667 773 1917 840 Domine,

2051 707 2112 834 ι’(
2131 707 2358 844 “(firmat
2374 781 2403 834 6
2421 779 2597 848 λέγων
2624 794 2735 849 μοι,
2764 774 2960 845 Κύριε,
2985 771 3189 843 Κύριε,
3220 769 3595 825 εἰσελεύσεται

344 866 602 932 Domine,
658 869 884 925 intrabit
937 870 993 927 in
1044 884 1267 937 regnum
1318 869 1624 925 caelorum:
1679 867 1774 923 sed
1820 867 1912 936 qui

2043 876 2099 938 ,i;
2122 874 2220 945 τὴν
2250 872 2527 943 βασιλείαν
2554 871 2668 926 τῶν
2694 868 2965 941 οὐρανῶν,
3001 865 3119 921 ἀλλ’
3152 867 3180 919 6
3213 863 3381 918 ποιῶν
3410 863 3472 915 τὸ
3501 864 3592 915 θέ-

342 958 473 1015 facit
520 960 852 1017 voluntatem
910 961 1090 1018 Patris
1141 962 1270 1030 mei,
1319 962 1497 1033 quiin
1553 960 1710 1017 ctelis
1757 970 1863 1016 est.
1894 977 1913 1012 ι

2043 984 2169 1038 .ημα
2192 964 2290 1019 τοῦ
2326 948 2540 1035 Πατρός
2583 980 2685 1034 μου
2712 962 2807 1016 τοῦ
2844 965 2902 1016 ὲν
2938 960 3214 1032 οὐρανοῖς.
3254 976 3273 1011 ι
3325 954 3594 1009 Ἐνταῦθα

344 1049 461 1107 Hoc
511 1052 633 1109 loco
680 1053 919 1110 ostendit
976 1055 1217 1124 seipsum
1270 1053 1603 1120 Dominum,
1660 1054 1915 1118 dicendo,

2043 1058 2385 1111 ιπιδείκνυσιν
2403 1055 2595 1109 ἑαυτὸν
2629 1053 2855 1124 Κύριον,
2887 1054 2945 1106 ὲν
2965 1051 3043 1122 τῷ
3075 1052 3268 1103 εἰπεῖν’
3311 1049 3388 1101 Οὐ
3417 1047 3524 1106 πᾶς
3566 1047 3596 1100 6

347 1143 464 1199 Non
504 1144 680 1200 omnis
728 1145 822 1216 qui
860 1144 990 1199 dicit
1015 1143 1172 1211 mihi,
1211 1144 1454 1209 Domine,
1499 1144 1744 1210 Domine,
1794 1159 1920 1199 nam

2043 1151 2196 1217 ιέγων
2244 1166 2356 1219 μοι,
2403 1146 2598 1219 Κύριε,
2644 1146 2843 1216 Κύριε,
2873 1143 3015 1198 ὥστε
3041 1142 3177 1196 Θεὸν
3209 1140 3402 1193 ἑαυτὸν
3420 1137 3593 1205 λέγει,

344 1236 424 1291 ita
452 1250 511 1291 se
546 1237 788 1291 etDenm
841 1236 995 1292 dicit.
1044 1236 1214 1292 Docet
1263 1244 1445 1293 autem
1491 1251 1613 1302 nos,
1658 1236 1705 1292 si
1761 1237 1919 1311 fidem

2043 1241 2262 1297 ῑιδάσκει
2284 1240 2340 1294 δὲ
2371 1239 2519 1310 ἡμᾶς
2578 1239 2681 1302 ὅτι,
2706 1237 2802 1290 ἐὰν
2839 1236 3025 1290 πίστιν
3054 1235 3225 1304 χωρὶς
3254 1231 3435 1303 εργων
3457 1229 3598 1300 ἔχω-

353 1327 563 1397 absque
591 1327 848 1396 operibus
876 1324 1249 1394 habuerimus,
1273 1320 1403 1381 nihil
1429 1326 1587 1382 nobis
1628 1340 1748 1382 eam
1798 1341 1924 1396 pro-

2043 1350 2148 1400 ιεν,
2180 1333 2334 1388 οὐδὲν
2380 1334 2445 1385 ὲκ
2470 1330 2664 1385 τούτου
2688 1325 3045 1398 ὠφελούμεθα
3081 1340 3096 1356 ⁸
3127 1326 3158 1381 6
3190 1323 3303 1395 γὰρ
3328 1321 3499 1375 ποιῶν
3535 1321 3598 1373 τὸ

350 1415 609 1474 futuram.
647 1414 779 1470 Nam
821 1416 1073 1483 dicendo,
1104 1416 1207 1484 Qui
1244 1415 1372 1473 facit
1427 1417 1778 1484 voluntatem,
1815 1432 1923 1472 non

2043 1426 2373 1498 ἰέλημα,ούκ
2396 1420 2549 1478 εἶπεν
2583 1425 2612 1477 6
2676 1419 2826 1486 ἅπαξ
2855 1421 3111 1490 ποιήσας,
3139 1417 3253 1472 ἀλλ’
3282 1419 3309 1469 6
3341 1417 3468 1487 ἄχρι
3494 1414 3599 1466 θα-

348 1508 501 1575 dicit,
529 1508 617 1577 qui
643 1508 811 1562 semel
833 1507 1089 1575 facit,sed
1122 1509 1211 1580 qui
1238 1524 1408 1579 usque
1427 1507 1492 1563 ad
1525 1518 1751 1565 mortem
1775 1506 1925 1563 facit.

2043 1519 2188 1574 νάτου
2214 1518 2401 1574 ποιῶν.
2434 1516 2544 1571 Καὶ
2563 1516 2665 1570 οὐκ
2697 1509 2844 1578 εἶπε,
2889 1512 2949 1567 τὸ
2980 1511 3195 1581 θέλημά
3232 1527 3358 1580 μου,
3391 1508 3478 1561 ἵνα
3521 1505 3599 1573 μὴ

348 1596 413 1651 Et
450 1611 554 1652 non
578 1596 734 1662 dixit,
757 1597 1103 1655 Voluntatem
1127 1614 1326 1664 meam,
1358 1613 1422 1654 ne
1445 1597 1743 1656 offenderet
1765 1600 1930 1655 audi-

2043 1609 2359 1681 σκανδαλισῃ
2389 1609 2514 1671 τοὺς
2543 1606 2859 1669 ἀκούοντας,
2885 1602 3045 1666 ἀλλὰ,
3088 1601 3186 1655 τοῦ
3228 1601 3442 1670 Πατρός
3471 1613 3596 1667 μου·

350 1700 516 1753 tores,
536 1686 843 1754 sed,Patris
860 1687 984 1744 mei.
1017 1686 1248 1743 Omnino
1280 1698 1459 1745 autem
1490 1706 1594 1745 una
1624 1691 1925 1761 eademque

2043 1705 2246 1766 πάντως
2275 1702 2332 1756 δὲ
2352 1701 2409 1755 ἓν
2434 1700 2648 1771 Θέλημα
2676 1697 2888 1769 πατρὸς
2913 1695 3011 1750 καὶ
3033 1692 3175 1759 υἰοῦ,
3200 1693 3295 1747 ἐὰν
3324 1692 3425 1745 οὐκ
3451 1689 3603 1743 ἔστιν

349 1780 599 1837 voluntas
628 1790 711 1836 est
739 1780 907 1849 patris
932 1792 985 1836 ct
1013 1780 1130 1846 lilii,
1169 1781 1277 1837 nisi
1319 1783 1553 1854 degener
1586 1784 1658 1838 sit
1693 1751 1852 1839 ﬁlius:

2043 1751 2343 1867 ἔποστᾶτης
2372 1796 2400 1849 6
2425 1751 2585 1856 υἰόςί⁸
2666 1787 2669 1790 ’

425 1872 590 1929 Vens.
605 1873 697 1937 2‘2,
712 1873 833 1929 25.1
854 1872 1003 1929 Multi
1022 1874 1197 1930 dicent
1219 1874 1347 1930 mihi
1368 1876 1420 1930 in
1436 1877 1520 1931 die
1544 1875 1630 1931 illa
1646 1892 1662 1931 :
1678 1875 1926 1942 Domine,

2109 1907 2128 1941 ι
2169 1886 2361 1940 Πολλοί
2387 1883 2576 1956 ὲροῦσί
2608 1900 2699 1954 μοι
2747 1883 2806 1938 ὲν
2835 1878 3019 1951 ἐκείνῃ
3056 1879 3122 1949 τῇ
3156 1877 3366 1948 ἡμέρᾳ·
3401 1873 3599 1942 Κύριε,

354 1965 599 2031 Domine,
619 1981 795 2023 nonne
830 1966 882 2021 in
906 1968 1124 2023 nomine
1169 1977 1257 2023 tuo
1298 1968 1758 2038 prephetnvimus,
1790 1979 1844 2024 et
1875 1969 1929 2024 in

2043 1979 2228 2051 Κύριε,
2259 1978 2321 2033 οὐ
2357 1976 2437 2048 τῷ
2471 1975 2549 2047 σῷ
2593 1976 2823 2043 ὀνόματι
2859 1968 3371 2043 προεφητεύσαμεν,
3403 1965 3499 2018 καὶ
3524 1964 3604 2036 τῷ

356 2058 570 2112 nomine
595 2067 685 2112 tuo
713 2058 973 2114 daemonia
1002 2058 1284 2128 eiecimus,
1307 2059 1431 2116 etin
1456 2060 1672 2115 nomine
1699 2070 1791 2117 tuo
1816 2061 1929 2115 vir-

2043 2072 2111 2141 σῷ
2132 2071 2351 2141 ὀνόματι
2373 2067 2626 2139 δαιμόνια
2647 2064 3027 2134 ἐξεϐάλλομεν,
3050 2061 3141 2116 καὶ
3172 2060 3248 2128 τῷ
3270 2057 3348 2128 σῷ
3373 2058 3603 2125 ὀνόματι

355 2157 500 2205 tutes
527 2151 721 2207 multas
753 2151 1011 2207 fecimus?
1044 2153 1107 2207 Et
1133 2161 1258 2208 tunc
1290 2153 1587 2209 conﬁtebor
1620 2156 1699 2210 eis
1731 2174 1745 2211 :
1781 2155 1933 2211 Nun-

2043 2163 2287 2233 Βυνάμεις
2314 2161 2513 2222 πολλὰς
2560 2158 2936 2228 ὲποιήσαμενς
2978 2154 3087 2208 Καὶ
3108 2153 3229 2206 τότε
3285 2148 3606 2220 ὁμολογήσω

358 2257 522 2311 quam
563 2244 783 2313 cognovi
829 2259 946 2311 vos,
981 2245 1292 2302 disceditea
1318 2262 1425 2311 me,
1467 2249 1701 2315 cperarii
1738 2247 1935 2317 iniqui-

2043 2257 2237 2319 αὖτοίς,
2280 2254 2363 2307 ὅτι
2391 2251 2663 2305 Οὐδέποτε
2699 2250 2872 2318 ἔγνων
2903 2247 3072 2317 ὑμᾶς,
3119 2242 3456 2312 ἀποχωρεῖτε
3507 2236 3605 2293 ἀπ’

361 2334 510 2388 tatis.
544 2352 563 2386 ι
600 2333 747 2389 Multi
781 2351 904 2391 cum
936 2337 1231 2406 praedicare
1263 2338 1614 2408 incipiebant.
1643 2339 1929 2407 ejiciebant

2043 2344 2196 2416 ἐμοῦ,
2228 2346 2279 2398 0i
2312 2343 2673 2416 ἐργαζόμενοι
2700 2342 2799 2411 τὴν
2836 2338 3122 2409 ἀνομίαν.»
3152 2333 3343 2389 Πολλοὶ
3371 2334 3428 2385 ὲν
3459 2332 3604 2402 ἀρχῇ

357 2428 623 2482 daemonia
664 2437 766 2483 :et
810 2429 1057 2498 quamvis
1112 2430 1315 2501 indigni
1369 2440 1572 2497 essent,
1607 2447 1704 2502 per
1738 2446 1932 2488 nomen

2043 2438 2129 2492 τοῦ
2184 2437 2543 2507 κηρύγματος
2597 2431 2856 2499 ὲξέὁαλον
2897 2429 3189 2499 δαιμόνια,
3237 2425 3334 2478 καί.
3395 2423 3609 2488 civilem

358 2517 487 2571 .lesu
520 2518 778 2590 fugabant
807 2520 1099 2576 daemones.
1132 2520 1264 2577 Nam
1312 2525 1484 2593 gratia
1520 2524 1683 2578 etiam
1721 2538 1818 2593 per
1851 2525 1937 2578 in-

2043 2531 2207 2593 ύντες,
2245 2528 2335 2582 διὰ
2381 2529 2441 2580 τὸ
2465 2526 2637 2596 ὄνομα
2674 2523 2769 2579 τοῦ
2799 2521 2974 2592 Ἰησοῦ
3022 2520 3333 2590 φευγόντων
3358 2517 3466 2571 τῶν
3488 2516 3609 2569 δαι-

361 2610 553 2682 dignos
600 2611 787 2668 efficax
818 2623 923 2678 est,
972 2617 1115 2669 sicut
1171 2629 1268 2682 per
1319 2614 1567 2686 indignos
1624 2616 1935 2671 sacerdotes

2043 2622 2218 2691 μόνων
2241 2634 2255 2648 ⁶
2292 2618 2386 2673 καὶ
2411 2617 2519 2689 γὰρ
2550 2618 2585 2687 ἡ
2625 2616 2784 2687 χάρις
2809 2613 2903 2668 καὶ
2948 2611 3037 2666 διὰ
3068 2611 3177 2665 τῶν
3204 2608 3440 2674 ἀναξίων
3462 2610 3586 2676 ὲνερ

251 2737 266 2755 .
362 2705 774 2763 sanctificamur
802 2724 816 2761 :
845 2716 897 2761 ct
924 2705 1094 2762 .ludas
1127 2721 1341 2777 quoque
1382 2707 1534 2777 signa
1573 2708 1721 2773 fecit,
1750 2719 1805 2763 et
1842 2708 1934 2764 lilii

2043 2717 2146 2781 γεῖ,
2179 2713 2256 2776 ὡς
2280 2712 2377 2765 καὶ
2401 2710 2489 2763 διὰ
2513 2708 2624 2763 τῶν
2654 2707 2890 2772 ἀναξίων
2910 2704 3103 2777 ἰερέων
3128 2701 3488 2771 ἁγιαζόμεθα,
3511 2712 3611 2754 και

365 2798 572 2855 Scevte.
606 2798 755 2866 Quod
790 2808 967 2856 autem
1004 2800 1169 2865 dicit,
1202 2799 1487 2870 Nunquam
1536 2801 1761 2871 cognovi
1815 2817 1934 2867 vos,

367 2891 472 2948 hoc
506 2891 643 2957 vult,
678 2890 863 2962 Neque
897 2901 1045 2958 tunc,
1079 2892 1296 2960 quando
1336 2893 1594 2947 miracula
1629 2892 1934 2961 faciebatis,

2048 2807 2248 2869 Ἰούδας
2294 2805 2352 2859 δὲ
2415 2804 2617 2875 σημεῖα
2648 2801 2897 2871 ἐποίησε,
2933 2798 3029 2853 καὶ
3060 2797 3112 2850 οι
3147 2797 3257 2850 υἱοὶ
3284 2793 3378 2848 τοῦ
3405 2793 3608 2848 Σκευᾶ.

364 2982 649 3051 diligebam
696 2997 811 3039 vos.
871 2981 982 3039 Hoc
1039 2984 1185 3039 enim
1230 2981 1350 3040 loco
1412 2985 1645 3052 caritas,
1700 2986 1935 3058 cognitio

366 3073 583 3128 dicitur.

439 3168 607 3224 Vens.
638 3167 733 3233 24,
761 3166 853 3224 25.
887 3188 905 3223 ι
942 3167 1131 3225 Omnis
1179 3168 1338 3240 igitur
1386 3170 1476 3240 qui
1523 3171 1672 3226 audit
1728 3188 1793 3227 ex
1848 3188 1934 3228 me

367 3276 648 3318 sermones
693 3262 793 3316 bos
853 3271 910 3318 et
962 3260 1094 3316 facit
1138 3276 1252 3325 eos,
1303 3261 1617 3317 assimilabo
1656 3277 1776 3317 eum
1820 3263 1936 3317 viro

367 3354 642 3421 prudenti,
666 3354 755 3422 qui
778 3353 1067 3409 :edificavit
1095 3354 1311 3407 domum
1340 3368 1494 3409 suam
1524 3367 1686 3424 super
1706 3362 1934 3424 petram,

371 3454 428 3501 ct
449 3444 725 3501 descendit
755 3445 961 3515 pluvia,
989 3452 1044 3498 et
1080 3455 1342 3500 venerunt
1370 3443 1612 3510 ﬂumina,
1662 3455 1717 3501 et
1771 3445 1936 3500 ﬂave-

370 3547 498 3593 rnnt
526 3538 672 3591 venti
703 3546 759 3592 et
801 3537 1073 3590 irruerunt
1102 3535 1155 3589 in
1187 3537 1404 3592 domum
1443 3538 1606 3602 illum,
1636 3550 1692 3593 et
1723 3554 1829 3592 non
1847 3553 1937 3607 ce-

370 3631 504 3687 cidit
539 3649 555 3686 :
587 3628 804 3685 fundata
851 3630 995 3684 enim
1042 3636 1163 3683 erat
1202 3643 1360 3699 supra
1413 3641 1639 3701 petram.
1674 3651 1696 3684 ι
1723 3631 1941 3701 Absque

376 3721 491 3779 Deo
509 3722 682 3777 virtus
705 3721 887 3792 perﬁci
914 3720 1132 3792 nequit;
1162 3720 1383 3789 idcirco,
1407 3724 1599 3794 inquit,
1621 3723 1941 3781 assimilabo

371 3830 496 3870 eum
541 3814 660 3877 viro
709 3816 986 3886 prudenti.
1019 3818 1182 3873 Petra
1212 3827 1390 3873 autem
1425 3827 1510 3872 est
1541 3816 1807 3884 Christus,
1829 3818 1941 3873 do-

372 3922 496 3979 mus
556 3915 736 3962 autem
802 3907 1003 3964 anima.
1093 3908 1431 3979 Quicumque
1488 3908 1652 3979 igitur
1704 3910 1942 3964 animam

371 3971 526 4053 sitam
556 3999 869 4066 aedilicabit,
900 3971 1179 4071 operando
1231 3971 1486 4056 mandata
1508 3971 1762 4066 vChristi,
1792 4000 1943 4056 illum

370 4105 548 4161 neque
574 4092 751 4160 pluvia
770 4131 787 4158 ,
819 4091 872 4146 id
901 4101 985 4148 est
1017 4092 1289 4160 diabolus,
1315 4093 1409 4163 qui
1435 4092 1501 4148 de
1527 4092 1665 4147 caelo
1693 4091 1896 4147 decidit
1923 4109 1938 4146 :

373 4198 552 4251 neque
573 4181 816 4248 ﬂumina,
838 4183 1088 4239 homines
1107 4184 1316 4239 scilicet
1341 4182 1618 4247 laedentes,
1638 4183 1731 4253 qui
1753 4183 1819 4238 ab
1845 4184 1945 4239 hac

370 4275 555 4346 pluvia
577 4273 1041 4345 multiplicantur:
1069 4289 1245 4344 neque
1278 4273 1445 4340 venti,
1477 4272 1579 4328 hoc
1608 4283 1692 4329 est
1719 4273 1945 4342 spiritus

375 4366 524 4436 mali,
551 4375 607 4420 et
651 4365 704 4420 in
742 4380 975 4431 summa,
1016 4365 1344 4421 tentationes
1372 4378 1564 4421 omnes
1595 4364 1643 4421 si
1676 4364 1800 4421 talis
1823 4362 1945 4421 fue-

372 4458 465 4523 rit,
496 4464 752 4528 poterunt
780 4456 1037 4523 dejicere.

340 4665 351 4676 -
446 4639 609 4695 Vens.
630 4637 722 4706 26,
745 4638 836 4694 27.
872 4655 891 4689 ι
926 4636 989 4693 Et
1018 4636 1195 4693 omnis
1214 4636 1305 4705 qui
1328 4636 1528 4691 audita
1554 4652 1639 4693 me
1668 4651 1947 4694 sermones

373 4731 477 4787 hos
501 4739 556 4786 et
582 4746 688 4785 non
727 4729 862 4785 facit
891 4742 1011 4795 eos,
1045 4726 1436 4784 assimilabitur
1470 4727 1585 4784 viro
1620 4728 1818 4793 stulto,
1852 4730 1942 4800 qui

374 4823 645 4878 exstruxit
667 4821 888 4878 domum
915 4836 1069 4876 suam
1103 4834 1263 4890 super
1296 4833 1516 4875 arenam
1537 4860 1553 4886 ,
1581 4831 1639 4876 et
1665 4822 1948 4877 descendit

374 4914 581 4985 pluvia,
614 4924 670 4970 et
705 4922 972 4971 venerunt
1006 4910 1251 4978 ﬂuinina,
1283 4922 1340 4967 et
1386 4911 1733 4979 spiraverunt
1768 4913 1942 4980 venti,

389 5015 433 5064 et
482 5006 760 5061 irruerunt
813 5005 869 5061 in
924 5004 1142 5061 domum
1195 5002 1365 5067 illam,
1398 5012 1450 5057 et
1490 5003 1706 5070 cecidit,
1738 5002 1947 5076 fuitque

408 5097 532 5153 uina
563 5096 681 5165 ejus
705 5110 920 5166 magna.
948 5113 968 5148 ι
994 5093 1110 5150 Non
1138 5094 1297 5161 dixit,
1324 5092 1650 5149 Assimilabo
1678 5110 1825 5160 eum,
1849 5097 1944 5152 sed

377 5202 478 5260 per
509 5188 747 5259 seipsum
779 5186 1167 5244 assimilabitur
1192 5186 1358 5242 stulto
1384 5185 1473 5242 ille
1498 5186 1589 5257 qui
1619 5187 1792 5243 credit
1819 5188 1946 5258 qui-

375 5281 500 5337 dem
549 5295 656 5336 non
705 5288 886 5335 autem
945 5278 1355 5351 operatur-,38
1383 5279 1471 5335 hic
1518 5288 1603 5335 est
1646 5280 1738 5349 qui
1786 5295 1949 5349 super

375 5388 602 5441 arenam
647 5371 882 5428 aediﬁcat
928 5372 1193 5439 ignaviter
1222 5386 1492 5444 operans:
1520 5381 1801 5442 propterea
1833 5383 1888 5427 et
1917 5386 1951 5426 a

380 5467 768 5523 tentationibus
799 5464 1049 5534 dejicitur
1076 5483 1089 5521 :
1122 5465 1298 5531 irruit,
1329 5466 1431 5521 hoc
1469 5474 1574 5533 est,
1605 5465 1851 5536 impingit
1897 5466 1950 5522 in

379 5573 505 5614 eum
537 5557 783 5626 tentatio,
805 5566 861 5614 et
887 5571 1077 5629 magna
1104 5557 1247 5615 cadit
1265 5557 1341 5629 (a)
1365 5558 1541 5627 ruina.
1565 5555 1753 5615 Nullus
1770 5563 1950 5615 autem

459 5740 534 5811 (a)
564 5740 702 5799 Edit.
737 5740 856 5797 Lut.
891 5738 1084 5807 solum,
1112 5750 1158 5795 et
1184 5741 1344 5796 cadit.

2038 2899 2111 2950 Τὸ
2131 2897 2188 2950 δὲ
2241 2895 2508 2949 Οὐδέποτε
2533 2892 2704 2961 ἔγνων
2732 2891 2898 2962 ὑμᾶς,
2923 2889 3044 2943 ἀντὶ
3071 2886 3189 2948 τοῦ,
3221 2884 3356 2938 Οὐδὲ
3375 2885 3497 2936 τότε
3519 2882 3610 2935 ὅτε

2038 2990 2560 3060 ὲῢαυματουργείτε,
2578 2985 2809 3057 ἠγάπων
2832 2979 3218 3054 ὑμᾶς’,γνῶσις
3238 2976 3343 3049 γὰρ
3366 2977 3401 3047 ἡ
3422 2972 3617 3045 ἀγάπη

1963 3107 2007 3166 C
2039 3082 2255 3151 λέγεται
2285 3078 2540 3133 ἐνταῦθα.

2114 3192 2133 3226 ι
2172 3174 2284 3236 Πᾶς
2310 3171 2403 3226 οὖν
2428 3172 2579 3234 ὅστις
2613 3167 2801 3223 ἀκούει
2837 3183 2938 3234 μου
2968 3163 3094 3229 τοὺς
3121 3164 3314 3233 λόγους
3362 3159 3617 3225 τούτους,

2043 3270 2138 3323 καὶ
2185 3268 2330 3321 ποιεῖ
2362 3264 2584 3331 αὐτοὺς,
2637 3262 2891 3333 ὁμοιώσω
2942 3259 3105 3313 αὐτὸν
3140 3255 3293 3328 ἀνδρὶ
3344 3250 3611 3324 φρονίμῳ,

2038 3365 2186 3425 ὅστις
2228 3359 2546 3433 ᾠκοδόμησε
2579 3356 2680 3424 τὴν
2712 3355 2891 3409 οἰκίαν
2917 3351 3084 3406 αὐτοῦ
3109 3350 3202 3406 ἐπὶ
3237 3348 3337 3419 τὴν
3380 3347 3612 3416 πέτραν,

2039 3456 2133 3509 καὶ
2173 3453 2380 3523 κατέϐη
2415 3455 2448 3524 ἡ
2479 3451 2673 3522 βροχὴ,
2706 3449 2800 3504 καὶ
2824 3444 2988 3520 ἦλθον
3019 3446 3071 3501 οἰ
3114 3443 3372 3513 ποταμοὶ,
3397 3441 3491 3495 καὶ
3514 3439 3613 3492 ἐπα

2039 3562 2233 3600 νευσαν
2275 3546 2325 3598 οἰ
2376 3543 2591 3613 ἄνεμοι,
2622 3542 2720 3595 καὶ
2764 3538 3105 3609 προσέπεσον
3136 3537 3201 3606 τῇ
3227 3532 3376 3603 οἰκία
3405 3530 3615 3601 ἐκείνῃ,

2040 3640 2134 3695 καὶ
2169 3640 2267 3692 οὐκ
2307 3612 2494 3699 ἔπεσε,
2524 3612 2889 3705 τεθεμελίωίτο
2922 3630 3032 3701 γὰρ
3060 3628 3153 3682 ἐπὶ
3180 3628 3278 3698 τὴν
3312 3626 3539 3695 πέτραν.
3581 3640 3601 3673 ι

2041 3731 2176 3787 Θεο]
2204 3730 2372 3802 χωρίς
2400 3729 2462 3782 ού
2518 3725 2742 3781 δύναται
2801 3720 2971 3794 ἀρετὴ
3029 3716 3449 3790 κατορθωθῆναι
3473 3754 3488 3777 ,
3526 3712 3618 3768 διὰ

2040 3823 2199 3879 τοῦτό
2228 3837 2415 3894 φησιν,
2458 3817 2745 3888 Ὀμοιώσω
2770 3814 2933 3869 αὑτὸν
2957 3812 3111 3883 ἀνδρὶ
3143 3808 3411 3881 φρονίμῳ.
3434 3806 3620 3873 Πέτρα

2041 3916 2121 3983 δὲ,
2150 3917 2180 3970 ὁ
2209 3915 2461 3985 Χριστός·
2496 3909 2648 3965 οἰκία
2671 3909 2750 3975 δὲ,
2775 3909 2810 3979 ἡ
2835 3905 3004 3977 ψυχή.
3039 3906 3228 3965 Ὅστις
3259 3896 3355 3954 οὖν
3387 3898 3487 3968 τὴν
3509 3898 3615 3966 ψυ-

2044 4007 2146 4079 χὴν
2181 4004 2349 4060 αὑτοῦ
2380 4002 2727 4073 οἰκοδομήσει
2759 4000 2852 4053 ἐπὶ
2873 4000 2940 4069 τῇ
2989 3993 3226 4067 ἐργασίᾳ⁵
3254 3991 3364 4045 τῶν
3386 3989 3617 4044 ἐντολῶν

2043 4094 2140 4150 τοῦ
2177 4092 2438 4165 Χριστοῦ,
2461 4091 2651 4145 τοῦτον
2670 4089 2795 4144 οὔτε
2821 4090 2856 4158 ἠ
2884 4084 3071 4159 βροχὴ.
3099 4088 3128 4138 6
3146 4082 3392 4144 διάϐολος
3447 4080 3615 4147 λέγω,

2044 4189 2075 4244 6
2105 4188 2165 4254 ἐξ
2188 4183 2421 4259 ούρανοῦ
2456 4181 2661 4246 πεσὼν,
2689 4180 2814 4236 οὔτε
2847 4181 2898 4233 οἰ
2923 4176 3181 4247 ποταμοὶ,
3208 4177 3257 4229 οἰ
3280 4172 3621 4244 ὲπηρεασταὶ

2045 4281 2350 4353 ἄνθρωποι,
2384 4277 2435 4330 οἱ
2468 4277 2577 4330 ἀπὸ
2611 4274 2713 4345 τῆς
2750 4271 3007 4343 τοιαύτης
3048 4269 3249 4340 βροχῆς
3279 4266 3621 4336 πληθυνόμε-

2048 4389 2149 4437 νοι,
2171 4369 2295 4425 οὔτε
2328 4371 2377 4424 0i
2407 4367 2620 4435 ἄνεμοι,
2650 4368 2720 4420 τὰ
2750 4363 3038 4435 πνεύματα
3066 4361 3166 4430 τῆς
3207 4360 3488 4429 πονηρίας,
3524 4356 3622 4410 καὶ

1973 4447 2024 4507 Ι)
2052 4462 2237 4526 ἁπλῶς
2261 4462 2459 4526 πάντες
2484 4461 2533 4514 οἰ
2558 4458 2877 4530 πειρασμοὶ,
2908 4458 2999 4510 τὸν
3016 4450 3328 4522 τοιοῦτονιού
3363 4450 3621 4504 δύνανται

2047 4547 2407 4611 καταϐαλεῖν.

2130 4666 2150 4701 ι
2184 4647 2294 4701 Καὶ
2324 4647 2432 4709 πᾶς
2482 4645 2511 4699 6
2560 4642 2775 4699 ἁκούων
2817 4658 2919 4712 μου
2951 4641 3078 4703 τοὺς
3123 4639 3318 4709 λόγους
3373 4636 3621 4700 τούτους,

2052 4740 2148 4796 καὶ
2201 4739 2276 4808 μὴ
2311 4736 2479 4791 ποιῶν
2536 4734 2755 4802 αὐτοὺς,
2789 4732 3182 4804 ὁμοιωθήσεται
3225 4731 3381 4801 ἀνδρὶ
3430 4728 3623 4798 μωρῷ,

2050 4834 2201 4896 ὅστις
2232 4828 2555 4901 ᾠκοδόμησε
2607 4827 2710 4899 τὴν
2765 4825 2944 4880 οἰκίαν
2967 4824 3132 4879 αὐτοῦ
3165 4824 3258 4879 ἐπὶ
3286 4824 3386 4894 τὴν
3414 4822 3622 4892 ἄμμον,

2048 4923 2144 4977 καὶ
2167 4919 2374 4991 κατέϐη
2403 4922 2437 4991 ἡ
2475 4919 2667 4992 βροχὴ,
2731 4918 2827 4972 καί
2885 4912 3052 4988 ἦλθον
3112 4916 3161 4970 οἱ
3221 4913 3474 4983 ποταμοὶ,
3531 4910 3627 4965 καὶ

2054 5013 2323 5068 ἔπνευσαν
2336 5013 2386 5065 οἰ
2412 5011 2626 5081 ἄνεμοι,
2651 5010 2746 5065 καὶ
2767 5009 3114 5081 προσέκοψαν
3146 5008 3212 5077 τῇ
3242 5005 3392 5077 οἰκίᾳ
3418 5004 3624 5075 ἐκείνῃ,

2051 5102 2147 5159 καὶ
2170 5101 2358 5167 ἔπεσε,
2376 5101 2473 5156 καί⁸
2510 5096 2579 5172 ἦν
2602 5102 2637 5171 ἠ
2660 5099 2871 5163 πτῶσις
2911 5098 3083 5169 αὐτῆς
3113 5096 3349 5168 μεγάλη.
3366 5116 3384 5149 ι
3414 5095 3530 5149 Οὐκ
3549 5090 3626 5148 εἰ·

2052 5210 2174 5257 πεν,
2192 5190 2478 5263 ὐμοιώσω
2492 5191 2675 5258 αὑτὸν,
2693 5190 2831 5256 ἀλλ’,
2846 5191 3276 5259 Ὀμοιωθήσεται
3289 5187 3382 5257 ἀφ’
3403 5185 3624 5251 ἑαυτοῦ,

2059 5284 2249 5359 μωρῷ,
2283 5286 2490 5349 ἐκεῖνος
2516 5284 2576 5348 ὃς
2600 5283 2844 5338 πιστεύει
2869 5283 2994 5353 μὲν,
3016 5282 3078 5335 ού
3107 5282 3340 5353 πράττει
3374 5281 3452 5336 δέ’
3471 5274 3629 5343 οὗτος

2056 5370 2151 5430 οὖν
2181 5375 2274 5441 ἐπὶ
2297 5374 2527 5445 ψάμμου
2572 5372 2771 5438 κτίζει,
2795 5374 2890 5426 ἐπὶ
2941 5371 3271 5443 σαθρότητος
3288 5369 3397 5423 τῶν
3424 5369 3625 5439 ἔργων.

2058 5466 2158 5522 Διὰ
2179 5467 2337 5521 τοῦτο
2370 5468 2467 5520 καί⁹
2496 5466 2600 5520 ὐπὸ
2620 5465 2731 5521 τῶν
2761 5463 3083 5536 πειρασμῶν
3118 5460 3330 5515 πίπτειο
3360 5461 3490 5515 ὅταν
3519 5457 3628 5530 γὰρ

2061 5558 2368 5630 προσκόψῃ,
2402 5557 2670 5626 τούτέστι,
2716 5554 3069 5629 προσκρούσῃ
3113 5550 3262 5623 αὐτῷ
3298 5549 3627 5623 πειρασμὸς,
