4078 6464
438 365 546 427 2P9

1288 356 1868 418 THEOPHYLACTI
1912 353 2010 414 BU
2021 354 2168 413 LGA
2182 351 2330 412 [Πίὲ
2366 347 2727 409 ARCHIEP.
3576 338 3688 401 223

443 491 559 532 rum
593 477 645 530 in
669 473 824 540 lecto,
857 473 1087 529 credens
1105 471 1244 540 qqu
1271 480 1325 524 et
1347 470 1624 524 absentem
1644 478 1835 519 curare
1882 478 2002 532 pos-

2125 463 2202 515 τὶν
2234 461 2396 514 παῖδα
2423 459 2515 513 ἐπὶ
2555 457 2766 526 κλίνης,
2798 453 3068 508 πιστεύων
3090 453 3173 507 ὅτι
3207 449 3302 504 καὶ
3348 449 3558 502 ἀπόντα
3605 450 3696 502 δύ-

441 577 542 622 set.
573 565 936 633 Quapropter,

514 656 672 710 Vens.
705 654 856 709 8—10.
892 674 910 706 ι
949 654 1012 708 Et
1041 654 1287 710 centurio
1319 657 1667 724 respondens,
1689 655 1825 708 dixit
1859 667 1873 705 :
1910 650 2010 704 Do.

441 744 607 810 mine,
637 759 738 796 non
763 758 881 798 sum
913 743 1135 797 idoneus
1162 753 1217 797 ut
1249 746 1346 797 sub
1383 754 1578 798 tectum
1608 759 1785 798 meum
1823 743 2007 810 ingre-

439 837 626 902 diaris,
663 839 756 890 sed
815 844 1022 889 tantum
1059 836 1146 888 dic
1203 851 1472 900 sermone,
1499 845 1551 890 et
1583 836 1863 890 sanabitur
1883 846 2012 903 puer

442 944 613 982 tuens.
655 927 788 981 Nam
815 937 868 982 et
906 943 1003 997 ego
1040 928 1202 982 homo
1233 945 1346 982 sum
1382 930 1480 982 sub
1515 935 1802 997 potestate,
1836 937 1888 981 et
1921 926 2014 979 ha-

440 1023 541 1074 heo
565 1022 664 1075 sub
697 1037 780 1075 me
820 1021 1034 1082 milites,
1056 1021 1250 1074 etdico
1274 1021 1418 1086 huic,
1459 1020 1624 1084 Vade,
1646 1030 1699 1074 et
1731 1021 1877 1073 vadit
1908 1037 1920 1073 :
1959 1027 2009 1072 et

441 1112 614 1170 alteri,
639 1111 793 1174 chi,
815 1122 868 1165 et
895 1112 1037 1164 venit
1067 1129 1080 1164 :
1110 1122 1163 1166 et
1185 1127 1342 1166 servo
1363 1126 1502 1176 meo,
1521 1112 1625 1166 Fac
1649 1113 1770 1174 hoc.
1791 1109 2010 1165 etfacit.

443 1199 514 1255 Ut
541 1213 720 1254 autem
764 1201 874 1255 haec
903 1201 1106 1255 audivit
1131 1199 1310 1265 Jesns,
1341 1202 1637 1255 admiratus
1671 1212 1772 1263 est,
1796 1209 1850 1254 et
1881 1200 2013 1253 dixit

441 1290 524 1343 his
547 1290 637 1356 qui
673 1291 1054 1360 sequebantur,
1085 1293 1253 1344 Arnen
1285 1290 1411 1344 dico
1441 1293 1612 1353 vobis.
1641 1305 1706 1345 ne
1749 1292 1800 1345 in
1849 1289 2013 1344 Israel

439 1385 659 1454 quidem
713 1395 914 1440 tantam
951 1389 1108 1441 tidem
1159 1385 1356 1440 inveni.
1409 1403 1426 1439 ι
1461 1387 1516 1440 Si
1549 1401 1670 1454 ego.
1701 1386 1893 1454 inquit,
1923 1385 2014 1454 qui

440 1465 585 1545 regis
640 1491 830 1531 servus
865 1492 1006 1542 sum,
1046 1478 1305 1532 militibus
1331 1477 1459 1531 mihi
1505 1478 1735 1531 subditis
1785 1476 2014 1546 impero,

425 1579 497 1622 1n
521 1567 687 1623 multo
725 1571 897 1639 magis
963 1570 1238 1638 imperare
1281 1578 1436 1638 potes
1465 1569 1624 1624 morti
1657 1578 1712 1623 et
1762 1567 2014 1625 morbis:

440 1658 515 1712 ita
561 1667 619 1712 ut
668 1658 735 1713 ab
766 1658 868 1713 hoc
900 1660 1188 1724 recedant,
1224 1659 1292 1713 ad
1350 1659 1514 1713 alium
1547 1669 1726 1714 autem
1772 1659 2011 1714 veniant.

437 1749 758 1818 Corporales
786 1749 929 1804 enim
973 1750 1167 1814 morbi,
1209 1751 1408 1805 milites
1439 1759 1564 1805 sunt
1594 1759 1646 1804 et
1666 1749 1868 1805 ultores
1896 1751 2010 1804 Dei.

441 1839 673 1895 l’roindc
703 1842 1001 1896 admiratur
1028 1842 1298 1914 Christus,
1321 1851 1373 1896 et
1406 1842 1555 1906 dicit,
1597 1841 1739 1910 quod
1769 1855 1940 1910 neque
1965 1843 2014 1895 in

437 1927 699 1986 lsraelitis
726 1940 932 1987 tantam
983 1932 1255 1988 invenerit
1284 1932 1469 2000 ﬁdem,
1503 1940 1758 2002 quantam
1801 1932 1855 1987 in
1912 1932 2020 1988 hoc

443 2021 656 2095 gentili.

514 2199 678 2258 Vens.
704 2203 795 2270 ll,
819 2203 906 2260 12.
934 2223 954 2257 ι
1000 2204 1130 2261 Dico
1157 2215 1336 2261 autem
1367 2207 1543 2274 vobis,
1575 2212 1723 2278 quod
1760 2208 1912 2263 multi
1951 2209 2020 2264 ab

441 2289 666 2349 Oriente
749 2304 803 2349 et
839 2294 1130 2352 Occidente
1166 2297 1405 2362 venient,
1440 2309 1494 2353 et
1553 2301 1873 2355 accnmbent
1897 2316 2020 2355 cum

440 2382 711 2439 Abraham
745 2395 798 2440 et
841 2386 991 2442 Isaac
1019 2397 1072 2442 et
1108 2387 1279 2446 Jacob
1306 2389 1359 2444 in
1395 2405 1559 2460 regno
1580 2393 1839 2447 caelorum
1873 2409 1888 2458 ;
1923 2391 2018 2446 lilii

443 2490 572 2533 vero
635 2478 784 2548 regni
840 2478 1128 2547 ejicieutur
1167 2483 1219 2534 in
1257 2485 1506 2539 tenebras
1554 2486 1870 2539 exteriores.
1901 2485 2020 2544 Illic

444 2571 554 2625 erit
592 2569 849 2644 ploratus,
885 2581 940 2627 et
970 2575 1168 2629 stridor
1199 2577 1463 2631 dentium.
1493 2595 1512 2629 ι
1553 2577 1668 2634 Non
1703 2579 1837 2634 dixit
1876 2579 2020 2650 quod

445 2659 602 2714 multi
626 2661 851 2728 gentiles
872 2663 1172 2718 accubiturl
1198 2673 1399 2732 essent,
1434 2675 1492 2720 ut
1523 2681 1588 2722 ne
1614 2666 1830 2722 Judaeos
1890 2683 2020 2724 exa-

454 2759 702 2819 speraret
749 2767 766 2805 :
829 2753 922 2806 sed
979 2753 1346 2808 adumbrando
1377 2770 1486 2810 rem
1543 2755 1698 2819 dixit,
1749 2757 1899 2812 multi
1952 2759 2018 2814 ab

447 2844 668 2902 Oriente
681 2846 1056 2904 etOccidente.
1087 2849 1410 2905 Mentionem
1434 2862 1613 2907 autem
1640 2851 1768 2907 fecit
1790 2853 2018 2908 Abrahae

443 2941 736 2997 ostendens
754 2942 895 3011 quod
925 2957 1028 2996 non
1053 2942 1122 2997 sit
1147 2943 1453 2998 contrarius
1477 2943 1577 3011 legi
1618 2944 1810 2998 veteri.
1849 2941 2017 2996 Porro

449 3026 637 3081 dicens
672 3031 923 3104 tenebras
952 3030 1276 3095 exteriores,
1303 3031 1626 3084 monstravit
1669 3046 1791 3086 esse
1825 3044 2016 3100 poenas

448 3120 707 3187 quasdam
739 3119 1127 3175 tolerabiliores
1147 3132 1201 3175 et
1230 3121 1481 3177 leviores.
1511 3121 1646 3177 Sunt
1684 3123 1826 3176 enim
1859 3134 1913 3178 et
1962 3125 2013 3176 in

451 3209 731 3279 suppliciis
759 3211 978 3280 gradus.
1015 3211 1182 3267 Filios
1206 3222 1386 3266 autem
1419 3213 1572 3282 regni
1623 3210 1839 3268 Judezos
1866 3213 2016 3279 dicit,

450 3300 518 3354 ad
575 3308 708 3368 quos
735 3311 789 3354 et
825 3302 1211 3369 promissiones
1243 3301 1398 3358 facta:
1427 3313 1572 3358 sunt.
1622 3303 1792 3358 Filius
1849 3306 2016 3370 enim,

452 3392 644 3461 inquit,
683 3392 1074 3462 primogenitns
1111 3409 1261 3450 meus
1291 3394 1484 3451 Israel.

523 3482 801 3540 Vsas.13.
839 3503 858 3537 ι
890 3487 959 3541 Et
990 3486 1123 3541 dixit
1149 3485 1307 3543 Jesus
1331 3487 1672 3544 centurioni:
1700 3489 1822 3553 Abi,
1856 3497 1909 3544 et
1940 3489 2020 3544 si-

453 3584 548 3630 cut
571 3576 868 3644 credidisti,
899 3577 969 3632 ita
1001 3579 1090 3633 flat
1127 3579 1242 3635 tibi.
1276 3580 1339 3634 Et
1363 3591 1589 3636 sanatus
1628 3591 1712 3637 est
1746 3597 1879 3652 puer
1907 3581 2022 3650 ejus

453 3664 509 3721 in
539 3667 669 3721 hora
700 3666 810 3732 illa,
836 3677 892 3723 et
918 3683 1166 3725 reversus
1193 3672 1436 3726 centurio
1481 3673 1534 3727 in
1575 3674 1794 3728 domum
1839 3690 2013 3741 suam,

455 3759 513 3813 in
556 3758 646 3814 illa
679 3759 812 3814 hora
856 3761 1064 3817 invenit
1122 3779 1346 3833 puerum
1388 3779 1544 3819 suum
1593 3779 1805 3821 sanum.
1841 3787 1859 3820 ι
1916 3769 2022 3823 De-

453 3844 691 3907 claratur
717 3870 783 3910 ex
828 3856 932 3922 bis,
963 3857 1218 3926 quoniam
1259 3859 1301 3911 si
1336 3859 1423 3914 ille
1457 3861 1619 3914 verbo
1658 3870 1878 3918 sanatus
1916 3873 2022 3930 est,

453 3959 580 4003 vere
616 3948 779 4004 etiam
834 3949 1036 4004 dictum
1094 3949 1235 4019 quod
1266 3948 1434 4006 Judaai
1491 3951 1781 4023 abiiciendi
1814 3965 2019 4010 essent.

2114 572 2270 610 ναται
2291 551 2628 624 θεραπεῦσαι
2661 567 2676 583 ·
2713 549 2812 617 διὸ,

2193 667 2210 698 ι
2236 648 2343 700 Καὶ
2373 645 2696 716 ἀποκριθεὶς
2722 645 2749 697 6
2778 643 3196 711 ἑκατόνταρχος,
3229 636 3566 707 ἐφη,Κύριε,
3595 636 3696 687 οὐκ

2113 739 2228 809 εἰμί
2257 739 2438 802 ἱκανὸς
2469 739 2557 791 ἵνα
2599 754 2700 804 μου
2731 735 2838 788 ὑπὸ
2879 733 2980 804 τὴν
3018 731 3218 798 στέγην
3262 727 3535 798 εἰσέλθῃς,
3562 725 3697 777 ἀλλὰ

2117 829 2275 900 μόνον
2309 829 2429 883 εἰπέ
2487 829 2656 899 λόγῳ,
2701 829 2797 881 καὶ
2839 824 3121 895 ἰαθήσεται
3151 824 3180 876 6
3214 822 3344 882 παῖς
3404 835 3505 889 μου
3539 834 3554 850 ο
3603 817 3699 870 καὶ

2113 922 2222 990 γὰρ
2288 921 2399 989 ἐγὼ
2454 921 2740 989 ἄνθρωπός
2792 920 2906 986 εἰμι
2940 905 3043 969 ὑπὸ
3095 914 3370 981 ἐξουσίαν,
3403 910 3543 982 ἔχων
3602 908 3698 960 ὑπ’

2122 1013 2359 1082 ἐμαυτὸν
2401 1009 2758 1080 στρατιώτας,
2785 1009 2879 1062 καὶ
2911 1008 3054 1077 λέγω
3100 1006 3300 1077 τούτῳ,
3369 1001 3696 1072 Πορεύθητι,

2115 1109 2208 1162 καὶ
2242 1106 2531 1176 πορεύεται
2564 1121 2578 1134 ’
2606 1104 2700 1158 καὶ
2735 1102 2902 1172 ἄλλῳ,
2942 1103 3165 1172 Ἔρχου,
3198 1102 3292 1154 καὶ
3324 1099 3567 1168 ἔρχεται·
3606 1094 3702 1147 καὶ

2113 1199 2190 1268 τῷ
2218 1198 2388 1267 δούλῳ
2437 1213 2557 1266 μου,
2589 1195 2822 1264 Ποίησον
2845 1193 3022 1256 τοῦτο,
3076 1191 3171 1245 καὶ
3231 1192 3395 1244 ποιεῖ.
3435 1185 3702 1248 Ἀκούσας

2113 1291 2168 1344 δὲ
2203 1294 2230 1344 6
2277 1289 2506 1360 Ἰησοῦς,
2540 1287 2818 1357 ἐθαύμασε
2879 1286 2974 1338 καὶ
2993 1279 3114 1337 εἷπε
3137 1286 3248 1347 τοῖς
3277 1280 3693 1336 ἀκολουθοῦσινο

2129 1382 2299 1454 Ἀμὴν
2320 1382 2464 1450 λέγω
2495 1381 2644 1450 ὑμῖν,
2675 1378 2793 1432 ούδέ
2823 1379 2882 1432 ἐν
2909 1377 2988 1448 τῷ
3023 1375 3244 1447 Ἰσραὴλ
3281 1373 3550 1444 τοσαύτην
3608 1371 3706 1424 πί-

2118 1490 2234 1527 στιν
2257 1469 2436 1544 εὗρον.
2468 1491 2486 1524 ›
2516 1473 2575 1524 Ei
2601 1469 2731 1537 ἐγὼ,
2764 1469 2919 1538 φησὶ,
2959 1467 3222 1539 βασιλέως
3248 1465 3432 1530 δοῦλος
3464 1465 3560 1529 ὢν,
3586 1467 3706 1524 τοῖς

2117 1568 2208 1620 ὑπ’
2231 1567 2328 1637 ἐμέ
2355 1564 2713 1633 στρατιώταις
2747 1563 3042 1625 ἐπιτάττω,
3074 1562 3137 1615 σὺ
3180 1559 3362 1628 πολλῷ
3388 1557 3586 1628 μᾶλλον
3609 1557 3705 1609 δύο

2117 1675 2276 1715 νασαι
2307 1655 2618 1709 ἐπιτάττειν
2649 1655 2725 1724 τῷ
2763 1653 2978 1722 θανάτῳ
3030 1653 3123 1705 καὶ
3171 1652 3291 1712 ταῖς
3335 1649 3705 1712 νόσοις,ὧστε

2119 1747 2226 1800 ἀπὸ
2255 1745 2412 1799 τοῦδε
2441 1745 2537 1816 μὲν
2569 1744 2896 1812 ἀναχωρεῖν,
2929 1740 3074 1811 ἄλλῳ
3121 1740 3179 1794 δέ
3229 1738 3607 1792 ἐπιτίθεσθαι·
3641 1740 3701 1792 αἱ

2120 1840 2230 1909 γὰρ
2289 1836 2604 1907 σωματικαὶ
2634 1835 2803 1898 νόσοι,
2828 1831 3160 1902 στρατιῶται
3193 1831 3290 1884 καὶ
3334 1831 3540 1884 ἐκδικοί
3593 1832 3703 1882 εἰσι

2121 1931 2216 1985 τοῦ
2243 1930 2400 1984 Θεοῦ.
2435 1929 2716 1998 Θαυμάζει
2761 1925 2944 1978 τοίνυν
2977 1926 3004 1978 6
3048 1923 3306 1991 Χριστὸς,
3361 1922 3538 1990 λέγων
3592 1923 3707 1984 ὅτι,

2122 2023 2258 2076 Οὐδὲ
2288 2024 2345 2074 ἐν
2419 2022 2532 2083 τοῖς
2598 2018 2954 2086 Ἰσραηλίταις
3012 2016 3280 2086 τοσαύτην
3308 2013 3490 2068 πίστιν
3544 2007 3708 2083 εὗρον

2120 2115 2252 2183 ὅσην
2272 2115 2329 2167 ἐν
2352 2112 2430 2182 τῷ
2451 2110 2645 2181 ἐθνικῷ
2669 2108 2834 2180 (5-4).

2197 2223 2217 2258 ι
2237 2205 2392 2273 Λέγω
2423 2205 2476 2257 δέ
2494 2204 2644 2273 ὑμῖν,
2669 2203 2750 2255 ὅτι
2792 2199 2976 2254 πολλοὶ
3001 2197 3104 2252 ἀπὸ
3121 2195 3420 2251 Ἀνατολῶν
3444 2195 3538 2248 καὶ
3557 2196 3702 2247 Δυσ-

2122 2297 2238 2367 μῶν
2265 2297 2477 2367 ἥξουσι,
2519 2293 2614 2347 καὶ
2645 2291 3100 2361 ἀνακλιθήσονται
3135 2289 3273 2358 μετὰ
3321 2287 3576 2357 Ἀϐραὰμ
3600 2287 3701 2338 καὶ

2135 2390 2344 2454 Ἰσαὰκ,
2378 2388 2472 2443 καὶ
2528 2385 2726 2440 Ἰακὼϐ
2754 2386 2812 2438 ἐν
2838 2387 2903 2454 τῇ
2930 2381 3174 2454 βασιλείᾳ
3207 2381 3316 2434 τῶν
3363 2380 3626 2452 οὐρανῶν,
3655 2381 3708 2432 οἰ

2131 2482 2189 2536 δέ
2215 2481 2325 2535 υἰοὶ
2355 2481 2453 2550 τῆς
2513 2476 2790 2549 βασιλείας
2822 2475 3258 2545 ἐκϐληθήσονται
3289 2473 3370 2534 εἰς
3423 2472 3484 2525 τὸ
3519 2472 3713 2532 σκότος

2119 2574 2182 2628 τὺ
2226 2572 2492 2642 ἐξώτερον
2521 2587 2535 2604 ο
2575 2571 2694 2624 ἐκεῖ
2738 2567 2892 2621 ἔσται
2940 2568 2968 2619 6
3001 2564 3278 2634 κλαυθμὸς
3336 2565 3431 2618 καὶ
3481 2565 3510 2616 6
3570 2563 3713 2633 βρυ-

2119 2666 2262 2737 γμὸς
2317 2666 2426 2718 τῶν
2455 2664 2704 2717 ὀδόντων.
2742 2679 2762 2714 ι
2798 2661 2911 2713 Οὐκ
2942 2653 3095 2712 εἶπεν
3142 2660 3224 2712 ὅτι
3285 2655 3472 2711 πολλοὶ
3501 2654 3714 2709 ἐθνικοὶ

2120 2756 2598 2824 ἀνακλιθήσονται,
2628 2755 2716 2807 ἵνα
2739 2755 2813 2825 μὴ
2836 2755 3014 2825 πλήξῃ
3048 2753 3176 2815 τοὺς
3218 2752 3525 2815 Ἰουδαίους,
3568 2750 3712 2804 ἀλλὰ

2121 2849 2597 2916 συνεσκιασμένως
2629 2841 2804 2909 εἶπεν,
2838 2847 2946 2900 ἀπὸ
2987 2842 3288 2900 Ἀνατολῶν
3326 2843 3418 2896 καὶ⁸
3446 2843 3703 2910 Δυσμῶν.

2119 2937 2396 3008 Ἐμνήσθη
2433 2937 2490 2990 δέ
2511 2935 2603 2989 τοῦ
2642 2937 2914 3006 Ἀϐραὰμ,
2977 2935 3262 2996 δεικνύων,
3293 2935 3375 2987 ὅτι
3402 2934 3502 2986 οὐκ
3553 2933 3704 2984 ἐστιν

2120 3028 2362 3091 ἐναντίος
2408 3031 2474 3099 τῇ
2509 3029 2745 3100 Παλαιᾷ·
2766 3027 3031 3097 ἐξώτερον
3054 3025 3112 3080 δὲ
3145 3026 3335 3088 σκότος
3361 3024 3554 3085 εἰπὼν,
3583 3023 3709 3092 ἐδή-

2125 3119 2300 3173 λωσεν
2343 3121 2424 3174 ὅτι
2460 3120 2578 3174 ἐστὶ
2641 3121 2736 3173 καὶ
2793 3121 3090 3190 ἐνδότερον,
3119 3118 3148 3171 ὃ
3179 3119 3270 3171 καὶ
3310 3116 3699 3186 ἐλαφρότερον.

2125 3217 2330 3288 Βαθμοὶ
2363 3216 2472 3288 γάρ
2503 3217 2606 3270 εἰσι
2631 3218 2726 3270 καὶ
2766 3216 2822 3268 ἐν
2856 3218 2923 3285 τῇ
2959 3213 3199 3268 κολάσει.
3239 3212 3400 3274 Υἰοὺς
3443 3210 3499 3263 δὲ
3548 3209 3711 3268 βασι-

2124 3310 2274 3373 λείας
2300 3311 2425 3372 τοὺς
2457 3309 2741 3369 Ἰουδαίους
2755 3308 2925 3376 λέγει,
2957 3306 3094 3378 πρὸς
3120 3305 3315 3366 αὐτοὺς
3341 3303 3448 3374 γὰρ
3466 3304 3517 3355 αἰ
3534 3303 3679 3368 ἐπαγ
3696 3327 3714 3341 ο

2125 3402 2462 3474 γελίαι.Υἰὸς
2488 3403 2617 3472 γὰρ,
2643 3403 2796 3471 φησι,
2826 3397 3169 3471 πρωτότοκός
3218 3413 3320 3468 μου
3365 3395 3707 3464 Ἰσραήλρί).

2203 3511 2222 3545 ι
2262 3494 2371 3546 Καὶ
2401 3489 2559 3546 εἶπεν
2591 3494 2620 3546 6
2665 3491 2872 3564 Ἰησοῦς
2910 3491 2987 3561 τῷ
3026 3489 3430 3559 ἐκατοντάρχῳ·
3463 3488 3708 3556 ’Υπαγε,

2125 3583 2221 3636 καὶ
2257 3584 2333 3646 ὡς
2369 3583 2717 3647 ἐπίστευσας,
2748 3583 3034 3653 γενηθήτω
3089 3599 3193 3636 σοι.
3221 3582 3330 3635 Καὶ
3375 3581 3496 3650 ἰάθη
3521 3582 3549 3633 6
3577 3583 3713 3644 παῖς

2126 3674 2288 3728 αὖτοῦ
2315 3677 2372 3728 ἐν
2403 3678 2469 3745 τῇ
2518 3674 2636 3747 ὥρα
2660 3675 2864 3746 ἐκείνῃ,
2889 3673 2984 3728 καὶ
3015 3673 3359 3744 ὑποστρέψας
3386 3674 3412 3725 6
3447 3672 3710 3725 ἑκατόντ-

2127 3787 2294 3839 αρχος
2334 3769 2413 3832 εἰς
2469 3769 2561 3821 τὸν
2607 3765 2756 3821 οἷκον
2808 3765 2995 3828 αὑτοῦ,
3022 3767 3079 3818 ὲν
3127 3765 3263 3834 αὐτῇ
3312 3768 3376 3834 τῇ
3409 3765 3547 3835 ὥρᾳ.
3581 3756 3710 3834 εὗρε

2129 3863 2220 3915 τὸν
2252 3861 2416 3914 παῖδα
2448 3860 2784 3927 ὑγιαίνοντα.
2825 3876 2843 3910 ι
2878 3855 3197 3920 Ἐδειξενέξ
3223 3848 3298 3908 ὧν
3327 3855 3469 3925 λόγῳ
3494 3857 3707 3920 ἰάσατο,

2128 3955 2210 4008 ὃτι
2237 3956 2331 4008 καὶ
2361 3954 2489 4025 περὶ
2519 3952 2614 4006 τοῦ
2642 3950 3016 4021 ἁπορῤιφῆναι
3052 3949 3181 4012 τοὺς
3233 3946 3548 4015 Ἰουδαίους,
3573 3949 3708 4018 ἀλη-

2136 4043 2305 4096 θεύει.

1378 4153 1469 4214 Ex
1504 4152 1847 4213 collatione
1881 4155 2067 4216 codl.
2105 4159 2338 4218 Venet.
2370 4159 2431 4218 S.
2465 4156 2686 4218 Marci.

527 4275 682 4346 (5-4),
711 4272 979 4340 Ἔθνικῷ.
1027 4274 1210 4328 Ἀλλοι
1234 4275 1289 4327 δέ
1311 4275 1483 4338 οὕτως
1509 4277 1861 4346 ήρμήνευσαν
1885 4277 2021 4331 “copti

2139 4281 2257 4334 bilis
2300 4290 2376 4334 est
2431 4281 2576 4334 locus
2621 4281 2760 4335 iste!
2794 4295 2894 4334 non
2932 4289 3004 4333 est
3041 4279 3123 4330 hic
3162 4277 3331 4341 aliud,
3388 4277 3490 4329 nisi
3525 4279 3713 4332 domus

456 4347 519 4402 τὸ
557 4345 738 4416 ῥητόν.
772 4347 829 4398 '0
855 4346 954 4415 μὲν
988 4346 1180 4398 Ἰακὼϐ
1199 4347 1402 4404 ἐκεῖνος
1423 4347 1489 4416 ἐν
1521 4345 1884 4415 πατριάρχαις
1915 4348 2032 4416 ἐτεί-

458 4413 630 4489 σ-ηυιος
659 4415 782 4489 ἰδὼν
815 4413 1289 4489 τῂν-οὐρανομήκη
1318 4415 1532 4489 ἐκείνην
1566 4413 1830 4489 κλίμακα,
1860 4417 1926 4470 δι’
1961 4413 2028 4489 ἧς

2140 4349 2256 4407 Dei.
2294 4350 2522 4404 Miratur
2563 4351 2727 4420 igitur
2764 4349 3018 4403 Dominus
3063 4349 3282 4417 gentilis
3332 4347 3490 4420 hujus
3551 4349 3711 4400 iidem

2135 4420 2278 4490 velut
2309 4437 2551 4489 magnam
2585 4417 2641 4474 et
2673 4421 3084 4490 praecellentem.
3137 4420 3336 4490 dicens
3369 4433 3384 4490 ;
3427 4417 3606 4490 Neque
3659 4420 3715 4472 in

453 4483 875 4567 οξᾶγγελοιᾼτοῦ
906 4486 1042 4567 ῥεοῦ
1067 4483 1348 4567 ἁνέὸαινον
1375 4485 1468 4567 κα).
1488 4483 1838 4567 κατέϐαινον,
1873 4483 2021 4567 τοπί-

2138 4489 2328 4555 Israel,
2387 4483 2486 4567 hoc
2533 4505 2638 4567 est,
2674 4483 2744 4567 in
2790 4490 2978 4567 Jacoh,
3039 4499 3241 4567 tantam
3277 4486 3458 4567 ﬁdem
3518 4489 3714 4567 int-eui,
3749 4483 3761 4490 ”

457 4557 551 4610 κὸν
583 4556 852 4609 ὑπέλαόεν
892 4553 1030 4626 εἶναι
1069 4556 1158 4609 τὸν
1191 4556 1344 4626 Θερν,
1369 4557 1461 4608 καὶ
1487 4557 1560 4624 μὴ
1592 4559 1754 4609 παντὶ
1783 4558 2027 4626 παρόντα

455 4630 545 4682 καὶ
572 4626 867 4696 πανταχοῦ’
886 4623 1003 4680 εἷπε
1028 4629 1153 4694 γὰρ,
1168 4628 1247 4679 ὅτι
1264 4623 1440 4680 Ἔστι
1465 4623 1670 4692 Κύριος
1690 4628 1758 4678 ἐν
1780 4623 2029 4692 τῷὶόπῳ

454 4699 666 4762 τούτῳ,
843 4696 911 4750 δὲ
941 4699 1050 4751 οὐκ
1073 4697 1273 4765 ᾔδειν·
1310 4697 1402 4748 καὶ
1435 4695 1614 4748 πάλιν·
1654 4697 1748 4766 ’ῼς
1781 4700 2031 4766 φοϐερὸς

455 4773 489 4821 ὀ
515 4771 695 4831 τόπος
723 4763 923 4833 οὗτος.
945 4763 1233 4822 Οὺκέστι
1263 4766 1458 4828 τοῦτο,
1489 4766 1627 4819 ἀλλ’
1657 4763 1822 4833 οἶκός
1859 4763 2026 4824 Θεοῦ.

454 4839 742 4908 Θαυμάζει
770 4839 952 4891 τοίνυν
996 4842 1024 4891 6
1077 4839 1281 4908 K_t'apto.;
1315 4837 1422 4908 τὴν
1450 4835 1544 4888 τοῦ
1585 4836 1798 4890 ἐθνικοῦ
1837 4838 2029 4891 τούτου

458 4905 753 4980 πίστιννώς
789 4909 1055 4980 γμεγάληνῗ
1073 4905 1239 4980 οὖσαν
1274 4907 1367 4960 καὶ
1386 4907 1674 4980 ῃύπ-ερφυῆ)
1718 4908 1913 4974 λέγων,
1949 4911 2029 4962 ὃτι

459 4979 612 5032 Οὐδέ
639 4979 709 5032 ἐν
729 4976 815 5048 ςῷ
866 4976 1139 5046 Ἰσρὶιὴλ,
1185 4979 1302 5048 ἦτοι
1342 4976 1436 5048 sq),
1472 4976 1686 5043 Ἰακὼ6,
1723 4980 2032 5046 τοσαύτην

453 5052 665 5102 πίστιν
685 5045 886 5115 εὗρον,
909 5045 1042 5119 δσην
1071 5051 1143 5119 ἐνμ
1155 5045 1354 5118 τούτῳ.
1396 5046 1633 5119 Ἐκεῖνος
1656 5050 1764 5119 γάρ
1790 5067 1856 5118 με
1878 5045 2032 5102 τοπι-

455 5120 551 5174 κὺν
591 5114 860 5174 ὑπέλαϐεν
891 5114 1050 5185 εἶναι,
1086 5114 1240 5190 οὗτος
1277 5114 1334 5172 δέ
1374 5118 1539 5190 παντὶ
1581 5118 1678 5172 καὶ
1728 5114 2028 5190 πανταχοῦ.

456 5190 551 5242 καὶ
591 5192 800 5261 ῥήματι
839 5191 999 5261 μόνον
1040 5189 1108 5243 τὰ
1135 5188 1326 5261 *πάντα
1371 5189 1686 5261 δυνάμενον.
1723 5185 1858 5261 Εἷπε
1898 5185 2026 5261 fde

456 5207 551 5242 και
597 5207 800 5261 ρηματι
839 5207 999 5260 μονον
1040 5207 1108 5243 τα
1150 5207 1326 5242 παντα
1371 5207 1686 5257 ουναμενον.
1723 5207 1858 5242 mm
1898 5207 2026 5313 γαὸρ·

455 5260 605 5313 Εἰπὲ
641 5262 847 5328 λόγον,
875 5259 973 5313 καί
1013 5258 1322 5325 ἰαθήσεται
1361 5262 1393 5313 d
1425 5259 1565 5324 παῖς
1590 5277 1730 5326 μου.
1767 5259 1931 5328 Λέγω
1999 5259 2029 5313 ὲ

455 5331 621 5398 ὑμῖν,
649 5347 704 5384 κ.
752 5349 803 5384 τ.
840 5329 892 5384 λ.
939 5347 958 5381 ι
1000 5332 1300 5384 Aliiautem
1336 5332 1502 5384 hocce
1532 5331 1731 5382 dictum
1763 5331 1833 5384 ita
1864 5333 2032 5386 inter-

456 5402 651 5471 pretati
684 5412 808 5455 sunt
846 5423 858 5456 :
894 5399 1062 5456 Jacob
1095 5401 1324 5456 celebris
1355 5401 1442 5454 ille
1487 5401 1627 5454 inter
1675 5401 2028 5468 patriarchas,

456 5487 579 5526 cum
626 5471 829 5525 scalam
887 5472 952 5524 ad
1009 5472 1202 5526 caelum
1265 5472 1678 5540 pertingeutem,
1722 5485 1817 5539 per
1869 5486 2028 5538 quant

457 5541 632 5606 angeli
658 5543 745 5594 Dei
770 5540 1132 5596 ascendebant
1153 5553 1206 5595 et
1227 5541 1623 5595 descendebant
1646 5540 1802 5610 (Gen.
1834 5557 2026 5606 xxvut,

459 5611 548 5680 l9.)
596 5611 840 5674 vidisset,
905 5611 1210 5680 suspicatus
1267 5622 1351 5667 est
1397 5610 1564 5682 Deum
1614 5611 1835 5682 localem
1915 5611 2029 5682 (seu

458 5683 824 5738 determiuato
859 5683 911 5737 in
950 5682 1087 5750 loco)
1125 5696 1267 5748 esse,
1307 5697 1409 5736 non
1463 5681 1622 5736 rebus
1655 5681 1928 5747 omnibus,
1969 5697 2032 5737 ac

459 5751 656 5819 ubique
696 5764 1023 5820 prcsentem.
1065 5753 1215 5810 Unde
1250 5755 1325 5807 ait
1356 5770 1370 5808 :
1415 5751 1545 5807 Vere
1588 5751 1838 5806 Dominus
1868 5765 1941 5806 est
1978 5754 2030 5805 iu

461 5820 573 5882 ioco
614 5822 823 5890 ἔδωκε
849 5839 940 5894 ego
970 5823 1280 5880 nesciebam.
1314 5823 1379 5879 Et
1408 5837 1595 5879 rursus
1630 5839 1642 5877 :
1676 5821 1843 5888 Quam
1877 5823 2030 5877 terri-

2136 4572 2394 4627 quantam
2429 4562 2481 4614 in
2533 4563 2652 4616 hoc.
2687 4563 2776 4616 llle
2803 4562 2944 4615 enim
2985 4577 3068 4613 tne
3101 4561 3218 4613 loco
3244 4559 3715 4626 ('il'CtltItSCl'ipltltlt

2133 4647 2253 4684 esse
2287 4633 2588 4699 suspicatus
2627 4642 2747 4699 est;
2789 4633 2874 4686 hic
2918 4641 3094 4683 autem
3135 4628 3295 4683 rebus
3346 4629 3596 4681 omnibus
3661 4638 3718 4682 ct

2137 4703 2335 4765 ubique
2388 4711 2714 4769 presentctn,
2775 4716 2836 4754 ac
2880 4700 2996 4755 solo
3055 4703 3218 4754 verbo
3283 4699 3464 4752 omnia
3531 4713 3715 4766 posse,

2132 4774 2351 4826 credit:
2398 4773 2474 4824 ait
2519 4773 2660 4825 enim
2701 4786 2718 4825 :
2768 4771 2862 4823 Dic
2910 4771 3145 4831 uerbum,
3187 4779 3234 4823 et
3275 4770 3552 4838 sanabitur
3587 4784 3720 4836 puer

2132 4857 2298 4895 meus.
2335 4842 2460 4895 Dico
2481 4851 2655 4894 autem
2687 4843 2853 4904 vobis,
2890 4859 2908 4892 ι
2944 4851 3047 4895 etc.
3086 4841 3220 4894 Cod.
3256 4840 3347 4894 52.

2205 4911 2282 4982 (5)
2315 4911 2451 4964 Φασὶ
2483 4912 2540 4966 δέ
2579 4929 2722 4977 τινες
2750 4914 2856 4974 ὅτι,
2906 4912 3156 4978 καθάπερ
3182 4911 3322 4982 ’τινα
3365 4909 3578 4982 πελάγη
3609 4907 3720 4962 τῶν

2134 4979 2418 5036 θαλασσῶν
2467 4982 2655 5035 κόλποι
2711 4982 2903 5035 τοιοῖδε
2953 4982 2986 5051 ἡ
3038 4979 3232 5032 τοιοίδε
3289 4979 3718 5051 ὠνομάσθησαν,

2132 5052 2306 5116 οὕτως
2337 5055 2444 5121 ἄρα
2475 5054 2570 5107 καὶ
2617 5052 2687 5106 τὰ
2731 5053 2945 5121 πελάγη
2975 5045 3084 5104 τῶν
3115 5045 3492 5121 ἀπολαύσεων,
3542 5045 3600 5100 ἐν
3630 5045 3722 5121 αἶς

2133 5125 2282 5177 ἐστιν
2319 5119 2594 5192 Ἀϐραὰμ,
2621 5123 2813 5178 κόλποι
2843 5119 2942 5176 τοῦ
2984 5121 3243 5192 Ἀϐραὰμ.-
3278 5119 3608 5192 ἐκλήθησαν,
3642 5120 3720 5192 ὡς

2132 5189 2544 5262 ἐπισημοτέρου
2588 5196 2806 5248 πάντων
2873 5194 3003 5263 παρ’
3046 5189 3328 5263 ,Ἑϐραίοις
3395 5189 3546 5263 ὄντος
3623 5189 3722 5242 τοῦ

2147 5260 2648 5333 Ἀϐραᾲμξίδικῶς
2703 5265 2796 5316 τοῦ
2862 5260 3112 5332 Ἀϐραὰμ
3159 5260 3381 5323 τούτους
3435 5260 3719 5333 ώνόμασε.

2131 5330 2259 5390 Καί
2283 5330 2454 5386 εἶπεν
2487 5339 2519 5388 ό
2569 5333 2825 5400 Ἰησοῦς.
2858 5349 2877 5383 ι
2900 5330 3224 5388 Αἱίιιιινετο
3255 5331 3524 5388 nonnulli.
3547 5330 3716 5398 quod,

2133 5408 2275 5462 sicut
2309 5406 2529 5472 quidam
2563 5405 2816 5471 profundi
2869 5405 3098 5458 marium
3139 5401 3721 5472 tractnsrappellanlur

2134 5479 2286 5531 sinus
2321 5471 2455 5530 tales
2497 5477 2581 5529 vel
2615 5476 2777 5542 tales;
2831 5475 2909 5526 sic
2962 5484 3015 5527 et
3061 5472 3233 5542 pelagi
3283 5471 3624 5542 deliciarum,
3667 5471 3720 5534 in

2133 5549 2332 5616 quibus
2378 5539 2896 5616 exstathhraham,
2945 5539 3096 5597 sinus
3141 5539 3556 5616 Abrahtedicti
3587 5542 3719 5592 sint.

2133 5612 2268 5672 Cum
2319 5618 2463 5669 enim
2520 5615 2792 5670 Abraham
2849 5616 3090 5666 omnium
3144 5612 3530 5666 celeberrimus
3575 5619 3725 5664 ομεοι

2135 5689 2274 5750 apud
2300 5687 2579 5750 Hclmeos;
2613 5685 2738 5738 inde
2765 5684 2982 5754 proprie
3010 5682 3244 5754 Abrahae
3281 5683 3378 5738 hos
3405 5678 3721 5753 appellavit.

2139 5758 2203 5813 Et
2231 5758 2365 5812 dixit
2397 5757 2573 5822 Jesus,
2614 5775 2631 5808 ι
2667 5752 2799 5822 οιοζ,
2829 5755 2966 5809 idem
2998 5752 3118 5809 cod.
