4078 6464
331 333 430 400 221

926 337 1367 402 ENARRATIO
1397 339 1481 402 IN
1519 338 1910 402 EVANGELU

2014 338 2437 401 ζΜΑΤΤΗΑῑΙ.
2476 362 2542 378 --
2572 338 2734 401 CAP.
2771 338 2940 401 VIII.

3472 335 3581 415 292

402 468 420 501 ι
456 449 570 504 Καὶ
626 448 843 504 ὶλθὼνό
873 452 1083 526 Ἰησοῦς
1126 455 1209 517 εἰς
1270 455 1371 525 τὴν
1431 453 1609 507 οὶκίαν
1661 452 1895 522 Πέτρου,

2018 520 2027 525 η
2074 450 2239 507 Vens.
2274 451 2361 517 Η,
2399 452 2481 507 l5.
2524 470 2543 504 ι
2584 450 2652 504 Et
2679 451 2953 519 ingressus
2977 446 3210 504 Jesusin
3237 449 3457 505 domum
3480 452 3583 508 Pe-

324 535 433 593 εἶδε
460 540 565 608 τὴν
602 539 870 610 πενθερὰν
891 542 1056 596 αὑτοῦ
1087 542 1434 615 βεϐλημένην
1469 544 1563 597 καὶ
1592 542 1905 612 πυρέσσου-

326 647 448 685 σαν.
499 632 619 685 Καὶ
674 631 848 703 ἥψατο
894 633 996 704 τῆς
1052 636 1236 706 χειρὸς
1292 636 1486 706 αὐτῆς,
1552 636 1646 689 καὶ
1692 635 1907 706 ἀφῆκεν

325 720 498 791 αὐτὴν
533 722 564 774 6
599 721 851 793 πυρετός.
880 723 992 776 Καὶ
1020 725 1227 798 ἠγέρθη
1259 728 1352 779 καὶ
1371 725 1609 798 διηκόνει
1640 726 1847 787 αὐτοῖς.
1880 743 1899 777 ι

325 811 594 884 Εἰσῆλθεν
620 814 699 878 εἰς
726 813 824 884 τὴν
851 816 1059 888 Πέτρου
1083 817 1261 872 οὶκίαν
1288 817 1375 872 διὰ
1390 816 1450 869 16
1480 819 1693 887 φαγεῖν.
1733 815 1905 887 ’Λψά-

328 919 490 975 μενος
512 903 574 957 δὲ
610 904 712 975 τῆς
741 904 949 975 χειρὸς,
968 906 1032 960 οὐ
1076 906 1236 977 μόνον
1268 906 1359 962 τὸν
1398 906 1632 977 πυρετόν
1662 905 1904 972 ἔσϐεσεν,

325 994 460 1050 ἀλλὰ
488 995 591 1048 καὶ
620 995 865 1066 καθαρὰν
885 996 1075 1065 ὑγείαν
1102 997 1355 1051 ἀπέδωκε
1394 1001 1459 1068 τῇ
1487 998 1731 1065 γυναικὶ,
1766 997 1906 1051 ὥστε

325 1088 417 1141 καὶ
449 1087 553 1157 τὴν
577 1087 809 1158 δύναμιν
852 1089 1169 1144 ἐπανελθεῖν
1200 1092 1294 1144 καὶ
1337 1089 1553 1160 ἰσχύσαι
1614 1089 1905 1144 διακονεῖν.

324 1180 519 1233 Καίτοι
553 1180 720 1250 ἴσμεν
752 1181 837 1234 ὅτι
888 1182 1056 1246 πολὺς
1099 1182 1291 1255 χρόνος
1316 1184 1396 1247 εἰς
1426 1183 1741 1253 ἀνάρῤωσιν
1796 1184 1908 1246 τοῖς

323 1268 542 1324 νοσοῦσι
571 1273 1011 1341 παρεκτείνεται.
1034 1273 1366 1329 Τῶνοάλλων
1416 1274 1474 1328 δὲ
1506 1273 1908 1343 εὑαγγελιστῶν

324 1361 597 1414 εἰπόντων
636 1363 720 1415 ὅτι
761 1363 1143 1431 παρεκάλεσαν
1203 1364 1389 1428 αὑτὸν,
1414 1364 1510 1417 καὶ
1540 1362 1683 1417 οὓτω
1704 1363 1907 1434 ταύτην

323 1454 722 1524 ἐθεράπευσεν,
758 1456 786 1507 6
808 1454 1092 1517 Ματθαῖος
1115 1454 1215 1510 οὐκ
1245 1449 1371 1509 εἷπε
1403 1453 1582 1521 τοῦτο,
1614 1454 1908 1525 συντομίας

323 1548 645 1617 φροντίσας.
672 1543 837 1602 Εἶπον
862 1547 970 1616 γάρ
990 1565 1071 1601 σοι
1110 1548 1205 1601 καὶ
1221 1547 1544 1618 ἀρχόμενος,
1583 1546 1665 1599 ὅτι
1697 1546 1725 1598 ὃ
1759 1562 1906 1619 παρ-

321 1639 507 1692 έλιπεν
560 1632 738 1704 οὗτος,
776 1639 924 1709 λέγει
959 1639 1150 1703 ἄλλος·
1195 1640 1334 1711 μάθε
1378 1641 1434 1694 δὲ
1490 1641 1584 1694 καὶ
1618 1639 1700 1694 ὅτι
1733 1640 1762 1692 6
1810 1641 1911 1707 γά-

322 1745 419 1798 μος
448 1728 615 1782 οὐδὲν
633 1730 833 1784 κωλύει
872 1731 972 1803 τὴν
1002 1731 1226 1804 ἀρετὴν,
1256 1734 1284 1785 6
1310 1731 1421 1805 γάρ
1471 1735 1773 1804 κορυφαῖος
1795 1729 1907 1786 τῶν

319 1821 644 1875 ἀποστόλων
673 1822 940 1894 πενθερὰν
976 1820 1144 1894 εἶχεν.

394 1930 414 1964 ι
459 1913 663 1982 Ὀψίας
696 1914 751 1968 δὲ
784 1915 1105 1986 γενομένης,
1132 1916 1512 1987 προσήνεγκαν
1546 1914 1695 1986 αὐτῷ
1730 1915 1911 1987 δαιμοο

319 2004 642 2074 νιζομένους
672 2004 921 2073 πολλοὺς,
958 2008 1055 2067 καὶ
1075 2006 1296 2073 ἐξέϐαλε
1316 2008 1386 2062 τὰ
1410 2006 1698 2076 πνεύματα
1726 2006 1896 2077 λόγῳ,

317 2099 409 2150 aut
439 2098 661 2163 πάντας
682 2099 811 2164 τοὺς
834 2100 1017 2164 κακῶς
1046 2098 1276 2171 ἔχοντας
1338 2099 1732 2170 ἐθεράπευσεν,
1760 2099 1910 2162 ὅπως

318 2192 591 2265 πληρωθῇ
649 2193 709 2248 16
744 2194 913 2267 ῥηθὲν
940 2194 1027 2249 διὰ
1065 2196 1291 2249 Ἡσαΐου
1337 2194 1432 2249 τοῦ
1489 2196 1793 2268 προφήτου,
1822 2193 1912 2247 λέ-

317 2304 503 2356 γοντος
546 2303 564 2317 ·
604 2287 777 2352 Αὐτὸς
824 2288 925 2353 τὰς
959 2288 1245 2352 ἀσθενείας
1282 2289 1438 2360 ἡμῶν
1461 2288 1643 2353 uase,
1673 2274 1769 2342 καὶ
1811 2287 1911 2353 τάς

317 2378 502 2443 νόσους
518 2377 854 2434 ἐϐάστασεν.
886 2397 912 2443 η»
957 2380 1149 2450 Ὀψίας
1183 2380 1278 2434 καὶ
1325 2379 1476 2451 παρὰ
1505 2379 1699 2451 καιρὸν
1731 2395 1910 2451 προσ-

316 2470 446 2542 ῆγον
513 2472 655 2536 τοὺς
710 2470 1051 2542 ἀρρώστους,
1087 2469 1253 2534 αὐτὸς
1287 2468 1344 2523 δὲ
1396 2468 1776 2543 φιλάνθρωπος
1836 2466 1912 2522 ὣν

318 2564 661 2637 ὶθεράπευσε
686 2564 915 2627 πάντας.
935 2559 1068 2617 Εἶτα
1090 2562 1178 2617 ῐνα
1197 2562 1272 2633 μὴ
1293 2561 1622 2634 ἀπιστήσῃς,
1643 2559 1762 2625 πῶς
1783 2576 1913 2613 τοσ-

316 2659 454 2714 αῦτα
486 2660 783 2729 νοσήματα
847 2659 907 2711 ἐν
964 2656 1158 2728 βραχεῖ
1204 2654 1625 2726 ἐθεραπεύοντο,
1670 2653 1911 2724 παράγει

316 2752 405 2806 16v
444 2752 689 2808 Ἡσαΐαν
711 2748 1120 2821 μαρτυροῦντα.
1137 2747 1442 2816 Καίτοιγεὸ
1462 2744 1752 2816 προφήτης
1780 2742 1912 2815 περὶ

318 2845 610 2917 ἁμαρτιῶν
665 2842 827 2899 τοῦτο
873 2842 1044 2911 λέγει,
1077 2841 1106 2895 6
1153 2840 1435 2901 Ματθαῖος
1462 2838 1520 2891 δὲ
1572 2837 1704 2908 περὶ
1758 2853 1917 2907 νοση-

322 2936 501 3008 μάτων
527 2934 674 2991 αὐτὸ
701 2934 940 3001 τέθεικε,
963 2933 1062 2987 καὶ
1092 2931 1203 3004 γὰρ
1248 2931 1316 2986 τὰ
1346 2930 1519 2985 πλείω
1545 2928 1606 2994 ἐξ
1660 2928 1917 3000 ἁμαρτη-

320 3031 503 3102 μάτων
534 3029 807 3099 γίνονται.

392 3140 413 3174 ι
468 3118 626 3174 Ἰδὼν
647 3118 705 3172 δὲ
736 3119 766 3171 6
799 3112 1010 3187 Ἰησοῦς
1056 3114 1288 3179 πολλοὺς
1316 3112 1508 3185 ὄχλους
1537 3110 1668 3183 περὶ
1723 3108 1909 3174 αὑτδν,
1940 3133 1986 3197 c

320 3214 613 3267 ἐκέλευσεν
635 3208 894 3264 ἀπελθεῖν
919 3209 1002 3272 εις
1038 3206 1100 3261 16
1149 3205 1349 3275 πέραν.
1391 3224 1409 3257 ι
1436 3204 1511 3259 Οὐ
1536 3204 1645 3275 γὰρ
1667 3198 1735 3274 ἦν
1766 3201 1915 3274 φιλόο

319 3304 486 3371 δοξος.
522 3304 652 3376 ἅμα
680 3301 739 3356 δὲ
784 3302 882 3357 καὶ
910 3299 1021 3355 τῶν
1057 3298 1326 3354 Ἰουδαίων
1357 3297 1450 3351 τὸν
1505 3295 1700 3365 φθόνον
1730 3293 1916 3348 ἔκκλι-

321 3415 444 3456 νων.
1032 3430 1037 3433 ι

394 3506 417 3541 σ
454 3488 581 3546 Καὶ
627 3482 942 3559 προσελθὼν
987 3475 1070 3546 εἷς
1118 3477 1508 3553 γραμματεὺς,
1542 3474 1694 3531 εἶπεν
1741 3472 1911 3544 αὐτῷ·

319 3580 653 3645 Διδάσκαλε,
688 3575 1045 3647 ἀκολουθήσω
1085 3589 1191 3635 σοι.
1226 3571 1362 3626 ὅπου
1403 3570 1499 3624 ἐὰν
1527 3568 1771 3640 ἀπέρχῃ.
1800 3565 1915 3619 Καὶ

321 3674 465 3745 λέγει
507 3670 665 3742 αὐτῷ
690 3671 722 3727 6
757 3666 989 3741 Ἰησοῦς
1025 3665 1094 3720 Δί
1130 3663 1414 3726 ἀλώπεκες
1437 3661 1679 3731 φωλεοὺς
1708 3660 1912 3731 ἔχουσι,

320 3767 503 3826 καὶτὰ
558 3762 787 3819 πετεινά
814 3760 909 3816 τοῦ
967 3756 1205 3830 οὐρανοῦ
1251 3751 1723 3822 κατασκηνώσεις·
1770 3751 1801 3804 6
1853 3750 1912 3804 δὲ

322 3859 445 3925 Υἱὸς
469 3855 574 3912 τοῦ
590 3853 876 3926 ἀνθρώπου
889 3850 990 3905 οὐκ
1021 3848 1134 3921 ἔχει
1157 3845 1259 3899 ποῦ
1283 3845 1382 3915 τὴν
1402 3841 1645 3913 κεφαλὴν
1672 3839 1828 3912 κλίνῃ
1844 3881 1858 3893 .
1887 3857 1906 3891 t

327 3947 679 4024 Γραμματέα
711 3941 974 4012 λέγειτὸν
1005 3940 1067 3993 τὸ
1099 3938 1337 4011 γράμμα
1362 3932 1457 3989 τοῦ
1480 3932 1647 4004 νόμου
1680 3930 1912 3985 ἐπιστά-

325 4061 509 4116 μενον.
568 4034 737 4101 οὗτος
759 4035 851 4092 οὖν
880 4033 1008 4093 ἰδὼν
1038 4033 1108 4087 τὰ
1162 4029 1334 4084 πολλά
1364 4028 1591 4099 σημεῖα,
1639 4023 1906 4116 1:90:26}-

322 4113 490 4208 κησεν
518 4135 584 4191 ὲκ
629 4129 834 4185 τούτων
895 4126 1156 4199 χρήματα
1209 4120 1466 4189 συνάγειν
1516 4117 1607 4170 τὸν
1676 4113 1908 4208 Ἰησοῦν,

324 4207 405 4284 διδ
459 4228 564 4285 καὶ
619 4220 916 4288 σπουδάζει
964 4215 1279 4274 ἀκολουθεῖν
1337 4211 1489 4283 αὐτῷ
1531 4210 1620 4265 ἵνα
1674 4210 1770 4262 καὶ
1815 4207 1913 4261 αὐ-

326 4325 412 4388 16;
454 4319 724 4391 autum.
775 4317 836 4373 '0
863 4316 922 4373 δὲ
938 4311 1171 4385 Χριστὸς
1216 4309 1353 4381 πρὸς
1390 4307 1489 4377 τὴν
1510 4305 1750 4359 διάνοιαν
1805 4301 1908 4355 αὐ-

329 4414 420 4470 τοῦ
495 4408 783 4475 ἀπαντῶν,
830 4403 1113 4479 μονονουχὶ
1178 4400 1336 4455 τοῦτό
1381 4415 1514 4470 φησι
1539 4412 1554 4427 ⁶
1593 4393 1906 4467 Προσδοκᾷς

2013 547 2101 609 tri,
2139 547 2270 600 vidit
2315 560 2529 600 socrum
2581 544 2700 616 ejus
2753 545 3167 600 decumbenlem
3199 555 3255 598 et
3278 545 3586 601 febricitan-

2010 646 2139 701 tem,
2170 634 2450 705 tetigitque
2505 648 2721 688 manum
2775 633 2938 698 illius,
2970 644 3022 689 et
3049 633 3273 703 reliquit
3301 634 3446 689 illam
3501 637 3583 692 fe-

2010 728 2121 782 bris
2152 745 2165 781 :
2193 735 2247 781 et
2270 726 2527 791 surrexit,
2562 740 2627 781 ac
2662 725 2994 780 ministravit
3046 726 3173 781 illis.
3207 747 3226 779 ι
3262 726 3488 782 Intravit
3527 729 3580 783 in

2008 819 2221 872 domum
2258 816 2422 883 Petri,
2465 826 2522 870 ut
2554 817 2862 872 comederet
2918 833 2931 872 :
2971 828 3026 872 et
3059 817 3335 888 attingens
3361 835 3580 874 manum

2008 908 2145 977 ejus,
2184 924 2287 963 non
2326 908 2501 966 solum
2536 906 2728 962 febrim
2758 909 3042 971 exstinxit,
3075 910 3168 963 sed
3195 920 3250 963 et
3298 910 3582 965 sanitatem

2010 1001 2276 1071 integram
2306 1001 2575 1071 priestitit,
2608 1001 2679 1054 ita
2710 1010 2767 1054 ut
2798 1001 3030 1070 receptis
3058 998 3262 1055 viribus
3285 1001 3448 1056 etiam
3482 1002 3584 1055 tui-

2011 1095 2245 1148 nistrare
2277 1092 2498 1147 valeret.
2535 1092 2749 1147 Scimus
2784 1091 2981 1159 alioqui
3004 1091 3173 1144 multo
3197 1095 3284 1146 vix
3342 1101 3582 1160 tempore

2008 1183 2452 1240 convalescentes
2504 1182 2836 1239 conﬁrmari.
2899 1183 3033 1239 Cum
3089 1185 3181 1238 alii
3238 1185 3583 1253 evangelista:

2009 1278 2190 1332 dicant
2212 1275 2352 1344 quod
2382 1275 2719 1329 obsecrarint
2743 1290 2890 1339 eum,
2921 1284 2974 1329 et
3001 1276 3079 1330 sic
3105 1284 3295 1329 curata
3331 1275 3422 1340 sit,
3450 1274 3584 1329 Mal-

2012 1371 2181 1424 thazus
2200 1371 2301 1423 hoc
2346 1369 2626 1424 brevitatis
2679 1370 2942 1424 rationem
2970 1369 3178 1425 habens
3218 1369 3585 1437 prmtermisit.

2008 1460 2262 1516 Dicebam
2296 1462 2441 1516 enim
2475 1461 2571 1515 tibi
2594 1461 2647 1515 in
2676 1461 2965 1532 principio,
3001 1462 3163 1516 alium
3200 1462 3401 1524 dicere,
3441 1462 3586 1529 quod

2009 1549 2147 1615 alius
2173 1548 2284 1621 40
2308 1548 2526 1603 omittit.
2550 1547 2722 1602 Porro
2744 1550 2892 1605 disce
2913 1549 3001 1605 hic
3033 1551 3174 1620 quod
3201 1550 3398 1618 nuptis:
3421 1562 3525 1603 non
3557 1564 3586 1602 a

2009 1641 2206 1696 virtute
2237 1640 2522 1712 prohibent
2552 1658 2568 1696 :
2604 1642 2854 1714 princeps
2899 1644 3046 1698 enim
3099 1642 3467 1713 apostolorum
3499 1658 3588 1698 so-

2012 1748 2165 1790 crum
2201 1736 2410 1791 habuit.

2083 1909 2248 1965 Vsus.
2279 1910 2482 1976 16,17.
2526 1929 2545 1964 ι
2589 1910 2826 1982 Vespere
2858 1920 3039 1966 autem
3075 1912 3243 1975 facto,
3287 1911 3592 1966 attulerunt

2013 2006 2061 2057 ei
2087 2005 2445 2060 daamuniacos
2506 2005 2728 2071 multos,
2759 2017 2815 2063 et
2843 2006 3004 2076 ejecit
3059 2006 3285 2075 spiritus
3326 2005 3512 2069 verbo,
3537 2016 3593 2058 et

2013 2107 2202 2147 omnes
2238 2093 2378 2148 male
2412 2094 2677 2151 habentes
2699 2097 2933 2160 curavit,
2968 2105 3020 2151 ut
3055 2095 3350 2166 impleatur
3384 2095 3589 2157 dictum

2022 2200 2122 2255 per
2151 2184 2342 2240 lsaiam
2393 2187 2711 2257 prophetam
2743 2188 3038 2253 dicentem,
3068 2188 3188 2259 Ipse
3250 2188 3593 2244 inﬁrmitates

2017 2287 2234 2334 nostras
2275 2280 2515 2349 suscepit
2559 2290 2614 2336 et
2661 2282 2879 2337 morbos
2926 2284 3182 2352 portavit.
3215 2302 3235 2335 ι
3268 2281 3501 2350 Vespere
3539 2291 3595 2337 et

2017 2373 2391 2443 intempestive
2418 2374 2701 2446 languidos
2733 2376 3089 2431 adducebant.
3122 2375 3244 2444 Ipse
3278 2387 3489 2440 autem,
3510 2387 3594 2429 ut-

2015 2476 2138 2537 pote
2169 2465 2496 2531 misericors,
2534 2468 2747 2522 curavit
2790 2482 3001 2523 omnes.
3026 2466 3226 2522 Deinde
3275 2482 3341 2522 ne
3386 2467 3596 2522 discre-

2017 2558 2115 2612 das
2158 2558 2429 2628 quomodo
2455 2567 2533 2614 tot
2563 2559 2778 2614 morbos
2807 2570 2914 2615 tam
2948 2560 3098 2616 brevi
3138 2571 3380 2631 tempore
3433 2575 3595 2643 c/ura—

2017 2650 2179 2715 verit,
2241 2648 2398 2704 all‘ert
2455 2649 2647 2704 Isaiam
2682 2661 2872 2706 testem
2911 2691 2927 2705 .
2981 2652 3196 2707 tametsi
3223 2652 3485 2722 pr0pheta
3527 2654 3595 2707 de

2019 2739 2257 2811 peccatis
2274 2741 2373 2793 hoc
2388 2740 2550 2806 dicat,
2575 2740 2856 2798 Matthaeus
2881 2752 3060 2797 autem
3080 2742 3149 2797 de
3168 2741 3372 2797 morbis
3394 2741 3593 2812 posuit,

2019 2843 2085 2886 eo
2120 2831 2269 2902 quod
2300 2831 2545 2903 plerique
2589 2847 2657 2888 ex
2693 2837 2932 2904 peccatis
2961 2836 3235 2891 accidant.

2094 3092 2260 3149 Vens.
2310 3093 2398 3149 18.
2433 3113 2452 3145 ι
2490 3094 2626 3150 Cum
2679 3096 2904 3152 vidisset
2963 3110 3144 3153 autem
3192 3094 3352 3152 Jesus
3413 3099 3598 3154 turbas

2023 3187 2220 3242 multas
2248 3188 2451 3241 circum
2482 3203 2619 3255 sese,
2652 3187 2812 3254 jussit
2842 3200 2899 3243 ut
2929 3190 3144 3243 abirent
3176 3190 3225 3241 in
3285 3188 3595 3243 ulteriorem

2019 3281 2213 3348 ripam.
2250 3297 2270 3331 ι
2305 3277 2421 3333 Non
2450 3289 2565 3333 erat
2598 3279 2781 3351 glorite
2801 3281 3080 3349 quaesitor,
3109 3290 3164 3334 et
3197 3294 3292 3349 per
3314 3279 3414 3332 hoc
3430 3280 3597 3333 etiam

2016 3366 2321 3423 Judteorum
2341 3369 2647 3424 declinabat
2672 3369 2954 3427 invidiam.

2097 3459 2263 3515 Vsus.
2322 3461 2412 3525 l9,
2446 3461 2539 3519 20.
2582 3481 2599 3514 ι
2644 3460 2708 3516 Ει
2757 3477 2878 3517 cum
2908 3463 3131 3520 «adisset
3190 3481 3329 3521 unus
3385 3465 3598 3528 Scriba.

2016 3553 2156 3610 dixit
2180 3553 2229 3608 ei
2257 3572 2272 3622 ;
2309 3552 2639 3624 Praeceptor,
2671 3570 2869 3623 sequar
2896 3565 2948 3612 te
3000 3571 3326 3628 quocunque
3358 3560 3506 3614 ieris.
3535 3560 3601 3614 Et

2017 3647 2148 3703 dicit
2177 3647 2224 3702 ei
2268 3645 2431 3703 Iesus
2459 3663 2475 3700 :
2506 3647 2719 3716 Vulpes
2741 3647 2928 3703 foveas
2982 3647 3211 3715 habent,
3240 3660 3298 3707 et
3352 3651 3599 3706 volucres

2015 3739 2141 3797 (ξαςιί
2175 3739 2374 3795 nidos:
2409 3749 2466 3793 at
2493 3738 2662 3795 Filius
2716 3740 2950 3795 hominis
2976 3757 3082 3796 non
3114 3742 3276 3797 habet
3319 3744 3408 3798 ubi
3439 3752 3601 3812 caput

2014 3831 2264 3885 reclinet.
2313 3849 2332 3884 ι
2370 3828 2617 3886 Scribam
2668 3830 2825 3898 dicit,
2850 3832 3090 3886 litteram
3142 3834 3273 3903 legis
3307 3813 3596 3890 scientem.

2017 3920 2114 3979 llic
2157 3922 2324 3992 igitur
2363 3929 2423 3978 ut.
2468 3922 2599 3976 vidit
2633 3921 2799 3975 multa
2854 3922 3030 3992 signa,
3068 3925 3369 3978 arbitratus
3408 3935 3495 3979 est
3525 3940 3592 3978 ex

2016 4013 2100 4068 bis
2142 4011 2322 4070 Jcsum
2382 4022 2646 4084 quastum
2700 4012 2899 4078 facere,
2933 4023 2989 4067 et
3044 4013 3245 4069 idcirco
3282 4015 3493 4069 laborat
3533 4026 3597 4070 ut

2013 4121 2137 4162 eum
2198 4107 2352 4176 sequi
2407 4113 2614 4176 posset,
2649 4118 2757 4173 quo
2786 4112 2840 4156 et
2872 4103 2987 4172 ipse
3051 4103 3256 4173 aliquid
3287 4104 3596 4175 colligeret.

2012 4197 2263 4255 Christus
2294 4209 2498 4266 autem,
2535 4200 2847 4270 cogitationi
2873 4198 3318 4268 ejusoccurrens,
3348 4201 3501 4270 quasi
3546 4201 3598 4254 in

2018 4290 2163 4346 hunc
2182 4291 2403 4347 modum
2438 4278 2571 4347 dicit
2595 4307 2610 4346 :
2631 4294 2712 4344 An
2745 4300 2901 4359 putas
2927 4306 3014 4345 me
3044 4292 3196 4359 sequi
3229 4299 3287 4345 ut
3316 4305 3449 4358 opes
3485 4289 3601 4344 col-

2017 4382 2192 4450 ligas?
2222 4397 2328 4439 non
2392 4382 2541 4438 vides
2600 4399 2668 4437 ne
2715 4383 2934 4439 domum
2981 4372 3202 4453 quidem
3264 4382 3394 4436 mihi
3439 4380 3601 4436 esse?

328 4502 640 4561 ἀκολουθῶν
670 4472 1126 4571 εμόὶξχρῆμαὲα
1174 4491 1475 4559 συλλέγειν·
1505 4488 1603 4558 οὐχ
1646 4486 1779 4557 ὁρᾷς
1826 4485 1909 4538 ὅτι

2016 4472 2200 4531 Talem
2230 4489 2354 4531 esse
2409 4484 2627 4544 oportet
2661 4484 2717 4529 et
2754 4488 2879 4530 eum
2906 4475 2997 4543 qui
3042 4489 3128 4529 uie
3178 4475 3442 4543 sequitur.
3478 4472 3603 4528 Haec

330 4596 513 4659 άοικός
549 4595 702 4663 εῖμις
741 4589 997 4653 Τοιοῦτος
1029 4586 1123 4645 καὶ
1156 4586 1185 4641 6
1221 4579 1530 4638 ἀκολουθῶν
1580 4578 1704 4650 ἐμοὶ
1754 4576 1912 4645 6:93!-

327 4694 403 4743 λει
427 4685 594 4743 εἶναι.
623 4683 810 4740 Ταῦτα
841 4682 898 4737 6's
924 4680 1112 4749 ελεγεν
1139 4676 1271 4732 ὡσεὶ
1299 4673 1465 4748 πείσῃ
1515 4671 1677 4726 αὺτὸν
1732 4686 1906 4740 μετα-

329 4780 595 4853 ϐληθέντα
617 4775 936 4834 ἀκολουθεῖν
971 4790 987 4805 ⁸
1023 4771 1053 4827 ὁ
1080 4771 1136 4825 δὲ
1168 4768 1462 4839 ἀναχωρεῖ.
1515 4764 1670 4826 Τινές
1692 4762 1749 4817 δὲ
1765 4761 1912 4853 ἀλω-

329 4852 501 4934 πεκας
525 4871 622 4925 καὶ
652 4866 896 4934 πετεινὰ,
916 4866 1042 4929 τοὺς
1068 4862 1330 4933 δαίμονας
1353 4859 1592 4929 λέγουσι.
1618 4856 1787 4925 Φησὶν
1815 4852 1910 4910 οὖν

327 4967 409 5021 ὅτι
440 4967 505 5023 Oi
533 4963 791 5032 δαίμονες
821 4960 880 5014 ἐν
905 4958 992 5012 σοὶ
1034 4952 1433 5018 ἀναπαύονται,
1462 4949 1557 5006 καὶ
1584 4947 1694 5018 ἐγὼ
1722 4946 1912 5002 λοιπὸν

329 5056 426 5110 οὐκ
453 5054 564 5126 [xm
597 5055 655 5107 ιν
678 5054 747 5123 τῇ
777 5052 843 5122 σῇ
860 5049 1005 5121 ψυχῇ
1023 5046 1363 5101 ἀνάπαυσιν.

406 5169 425 5201 ι
446 5149 674 5217 Ἕτερος
691 5145 750 5199 δὲ
767 5143 875 5199 τῶν
895 5139 1152 5214 μαθητῶν
1166 5130 1500 5199 αὑτοῦεϊπεν
1519 5130 1689 5203 αὐτῷ’
1713 5129 1910 5202 Κύριε,

332 5239 620 5312 ἐπίτρεψόν
679 5255 770 5310 μοι
802 5236 1020 5309 πρῶτον
1047 5232 1307 5287 ἀπελθεῖν
1341 5230 1436 5283 καὶ
1457 5227 1628 5297 θάψαι
1648 5224 1741 5279 τὸν
1796 5240 1904 5279 πα-

332 5336 461 5407 τέρα
488 5353 614 5407 μου.
659 5331 720 5387 Ὀ
748 5331 806 5385 δὲ
832 5326 1040 5401 Ἰησοῦς
1064 5321 1219 5380 εἷπεν
1246 5321 1416 5393 αὐτῷ’
1449 5316 1764 5374 Ἀκολούθει
1797 5333 1912 5388 μοι,

335 5429 426 5482 καὶ
460 5430 597 5498 ἄφες
627 5425 755 5488 τοὺς
784 5421 1013 5493 νεκροὺς
1039 5418 1210 5484 θάψαι
1231 5415 1360 5482 τοὺς
1379 5412 1590 5469 ἑαυτῶν
1607 5410 1857 5483 νεκρούς.
1890 5426 1908 5460 ι

333 5520 463 5576 Μεθ’
483 5520 512 5575 6
559 5518 723 5573 δώσει
747 5533 833 5580 τις
858 5513 1054 5569 ἑαυτὸν
1088 5510 1168 5584 τῷ
1195 5508 1341 5581 Θεῷ,
1373 5508 1474 5562 οὐκ
1503 5504 1712 5577 ὀφείλει
1754 5500 1915 5574 στρέ-

335 5613 524 5681 φεσθαι
547 5611 629 5675 είς
653 5608 724 5665 τά
748 5607 998 5682 βιωτικά.
1028 5606 1122 5660 Δεῖ
1165 5603 1266 5675 μὲν
1291 5604 1400 5673 γὰρ
1444 5599 1540 5654 καὶ
1568 5597 1698 5660 τοὺς
1730 5596 1913 5665 γονεῖς

334 5700 512 5772 τιμᾷν.
540 5697 681 5754 ἀλλά
705 5698 798 5752 16v
835 5695 971 5751 Θεὸν
1021 5694 1317 5768 προτιμᾷν.

338 5788 557 5858 ἄπιστος
600 5784 671 5864 ἦν
724 5790 753 5845 6
803 5787 997 5860 γονεὺς
1026 5824 1042 5854 ,
1087 5784 1185 5842 καὶ
1217 5783 1398 5857 δῆλον,
1434 5782 1501 5838 ἐκ
1558 5778 1653 5837 τοῦ
1700 5777 1907 5848 λέγειν·

1402 5687 1677 5749 Ἐνταῦθα
1723 5686 1783 5740 δὲ
1819 5685 1915 5739 καὶ
1986 5739 1989 5745 ,

2014 4575 2194 4620 autem
2243 4565 2479 4629 dicebat,
2532 4580 2641 4634 quo
2694 4564 3045 4634 persuaderet
3097 4564 3198 4627 illi,
3264 4574 3321 4618 ut
3378 4561 3603 4617 mutatis

2015 4660 2256 4714 moribus
2284 4666 2609 4728 sequeretur
2650 4676 2664 4712 :
2701 4666 2757 4713 at
2790 4655 2883 4712 ille
2904 4658 3152 4713 secessit.
3188 4655 3446 4710 Nonnulli
3481 4653 3601 4707 vul-

2015 4765 2110 4821 pes
2140 4760 2195 4805 et
2223 4749 2458 4804 volatilia
2502 4749 2750 4804 diabolos
2794 4750 2981 4804 dicunt
3016 4766 3030 4804 :
3057 4747 3208 4817 quasi
3238 4747 3466 4809 diceret,
3490 4746 3602 4800 dae-

2022 4858 2210 4897 mones
2246 4842 2297 4896 in
2330 4852 2382 4897 te
2414 4841 2661 4897 habitant
2693 4849 2747 4896 et
2776 4855 2878 4912 ego
2912 4841 2969 4895 in
3001 4841 3181 4894 anima
3217 4849 3306 4893 tua
3360 4838 3598 4906 quietem

2015 4957 2127 4998 non
2157 4941 2397 4997 invenio.

2087 5122 2257 5180 Vsus.
2299 5121 2396 5187 9|,
2443 5122 2514 5177 22
2549 5140 2570 5175 ι
2621 5103 2788 5175 Alius.
2822 5129 3002 5175 autem
3054 5131 3120 5172 ex
3167 5112 3442 5183 discipulis
3484 5111 3602 5168 suis

2019 5219 2156 5275 dixit
2185 5218 2232 5273 ei
2275 5238 2290 5272 :
2330 5217 2577 5279 Domine,
2603 5213 2858 5284 permitte
2905 5209 3035 5264 mihi
3064 5207 3300 5277 primum
3347 5207 3500 5261 abire
3544 5214 3604 5259 ut

2014 5310 2272 5381 sepeliant
2300 5317 2509 5377 patrem
2531 5319 2730 5359 meum.
2752 5306 2821 5357 At
2848 5299 3005 5357 Jesus
3034 5299 3171 5356 dixit
3202 5297 3277 5352 illi
3309 5313 3324 5351 :
3358 5296 3601 5362 Sequere

2016 5418 2122 5466 me,
2149 5409 2204 5455 et
2239 5401 2358 5454 sine
2395 5406 2639 5452 mortuos
2663 5393 2892 5463 sepelire
2921 5399 3165 5447 mortuos
3194 5401 3346 5444 suos.
3384 5405 3403 5438 ι
3433 5383 3595 5439 Post-

2017 5508 2175 5563 quam
2230 5490 2322 5560 qui
2372 5503 2494 5544 sese
2526 5485 2805 5541 tradiderit
2833 5484 2962 5551 Deo,
2989 5498 3094 5537 non
3118 5480 3276 5537 debet
3318 5476 3496 5533 denuo
3526 5474 3598 5528 ad

2014 5586 2138 5639 vita:
2194 5582 2352 5651 huius
2381 5594 2541 5636 curas
2569 5575 2810 5633 converti
2839 5594 2853 5631 :
2884 5580 3099 5645 Oportet
3134 5583 3264 5626 sane
3294 5576 3348 5622 et
3393 5580 3594 5636 paren-

2016 5685 2098 5732 tes
2130 5673 2405 5749 venerari,
2434 5672 2529 5729 sed
2548 5670 2718 5743 magis
2748 5676 2965 5739 Oportet
2992 5663 3236 5721 venerari
3270 5661 3459 5715 Deum.
3484 5653 3596 5708 "ll-

2012 5770 2101 5843 jns
2139 5774 2321 5824 autem
2359 5774 2512 5838 pater
2539 5761 2849 5822 incredulus
2881 5767 3020 5826 erat,
3053 5754 3195 5828 quod
3249 5748 3594 5808 manifestum
