4078 6464
870 175 904 190 υ

417 332 528 405 $.23
857 402 861 406 .
1272 338 1850 400 τιιιιοιτιιιιιρτι
1893 338 2305 403 summm
2347 345 2705 410 ARCIIIEP.
3048 294 3055 303 ’
3541 334 3649 399 ass

414 449 505 509 est
531 465 598 506 cx
624 464 686 504 co
713 447 853 519 quod
880 447 1031 511 dicit.
1055 447 1185 504 Sine
1212 459 1450 504 mortuos
1485 451 1711 520 sepelire
1743 459 1983 505 mortuos
2008 478 2024 512 Α

2059 454 2259 520 -Ἂφες
2296 457 2423 520 τοὺς
2472 457 2697 527 νεκροὺς
2730 494 2746 518 .
2809 453 3092 520 τουτέστι,
3158 451 3286 516 τοὺς
3351 449 3620 514 ἀπίστους
3653 490 3669 514 ,

413 558 564 607 suos,
601 542 701 596 hoc
726 539 1115 605 est,inl‘tdeles.
1137 541 1192 595 Si
1225 551 1405 595 autem
1439 542 1512 595 illi
1544 558 1719 611 neque
1774 554 1983 609 patrem

2100 543 2266 615 θάψαι
2325 548 2452 611 τοὺς
2502 546 2710 601 ἑαυτῶν
2750 545 3012 617 νεκρούςο
3067 546 3117 599 εί
3170 544 3230 597 δι
3277 543 3490 606 ἐκεῖνος
3547 541 3669 596 οὐδὲ

414 634 642 701 sepelire
677 632 844 694 licuit,
873 648 949 687 va;
976 633 1060 686 Itis
1105 633 1193 699 qui
1231 634 1584 688 monasticem
1646 633 1875 704 professi
1907 634 1975 689 ad

2094 632 2187 684 τὸν
2218 634 2433 704 πατέρα
2485 635 2653 701 θάψαι
2699 630 3072 704 συνεχωρήθη,
3092 629 3215 684 οὐαὶ
3277 632 3391 695 τοίς
3427 628 3569 700 μετὰ
3611 627 3673 683 τὸ

422 725 688 781 mundana
718 725 1092 790 regrediuntttr
1119 726 1352 794 negetia.

2095 722 2323 791 μονάσαι
2353 725 2432 787 είς
2485 725 2786 795 πράγματα
2827 722 2903 791 (ti)
2932 721 3344 792 στρεφομένοις.

500 816 666 870 Vens.
694 815 787 875 ‘25.
818 816 889 870 25
924 836 941 868 ι
987 816 1048 869 Et
1072 833 1193 867 eum
1244 824 1386 870 esset
1452 816 1728 887 ingressus
1788 820 1989 884 navim,

2171 832 2189 866 ι
2234 816 2344 869 Καὶ
2378 816 2607 886 ἐμϐάντι
2641 815 2789 886 αύτῷ
2814 816 2895 879 εἰς
2945 815 3006 867 τὸ
3038 815 3240 876 πλοῖον,
3295 812 3673 884 ἠκολούθησαν

423 910 595 963 set-uti
632 915 757 960 sunt
774 924 893 959 eum
924 908 1167 976 tlismpnii
1197 908 1302 969 sui,
1328 918 1380 960 et
1413 923 1537 962 ecce
1565 918 1742 964 motus
1766 925 1991 977 magnus

2103 904 2254 974 αὐτῷ
2283 906 2332 958 οἱ
2381 907 2621 977 μαθηταὶ
2657 906 2845 972 αὑτοῦ,
2872 908 2966 960 καὶ
2986 906 3096 960 ἰδοὺ
3121 905 3341 976 σεισμὸς
3361 905 3533 975 μέγας
3554 904 3675 972 ἐγέ-

422 1000 596 1053 l'actus
621 1010 701 1051 est
728 1000 779 1051 in
813 998 967 1063 mari,
996 1001 1065 1051 ita
1095 1008 1149 1052 ut
1181 1001 1331 1052 navis
1386 1017 1413 1051 a
1445 1000 1694 1054 ﬂuctibus
1743 1002 1992 1070 operire-

2108 1012 2231 1049 ’δετο
2250 998 2306 1049 ιν
2324 999 2390 1067 τῇ
2416 997 2683 1071 θαλάσσῃ,
2700 998 2838 1051 ὥστε
2876 999 2935 1051 τδ
2962 997 3144 1051 πλοῖον
3167 986 3543 1051 καλύπτεσθαι
3570 995 3676 1048 ὑπὸ

423 1098 513 1142 tur
548 1090 703 1155 :ipse
730 1104 857 1143 vero
905 1090 1226 1143 dormiebat.
1264 1108 1282 1140 ι
1322 1089 1614 1159 Discipulos
1642 1091 1783 1146 solos
1811 1107 1996 1147 serva-

2096 1086 2208 1139 τῶν
2257 1088 2539 1157 κυμάτων,
2560 1090 2724 1152 αὐτὸς
2755 1089 2812 1143 δὲ
2835 1089 3145 1144 ἐκάθευδεν.
3191 1108 3210 1141 ι
3238 1089 3397 1151 Τοὺς·
3425 1086 3678 1158 μαθητὰς

429 1182 508 1235 vit
539 1195 744 1244 Secum,
781 1192 837 1233 ut
870 1181 1183 1233 miraculum
1213 1182 1477 1235 viderent.
1511 1181 1762 1235 Permisit
1810 1191 1989 1236 autem

2096 1178 2289 1248 μόνους
2332 1180 2613 1252 κατέσχεν,
2652 1180 2792 1234 ὥστε
2829 1182 2977 1252 -ίδεϊν
3007 1182 3068 1235 τὸ
3111 1181 3314 1250 θαῦμα.
3365 1179 3582 1249 Ἀφίησι
3620 1179 3676 1230 δὲ

418 1285 513 1326 eos
548 1279 865 1341 tempestate
886 1272 1098 1341 agitari,
1130 1281 1186 1324 nt
1220 1274 1284 1325 ad
1321 1273 1645 1327 teutationes
1670 1252 1997 1327 exerceren-

2094 1268 2292 1332 αὐτοὺς
2342 1250 2795 1342 κλυδωνισθῆναι,
2823 1250 2920 1325 ἶνα
2970 1270 3326 1343 γυμνασθῶσι
3383 1270 3519 1341 πρὸς
3557 1287 3679 1322 πει-

419 1371 527 1428 tur,
558 1371 612 1417 et
639 1373 693 1417 ut
718 1378 813 1433 per
838 1363 1152 1418 miraculum
1196 1364 1402 1418 ﬁrmius
1431 1366 1734 1419 crederent.
1779 1364 1996 1419 Dormi-

2099 1360 2371 1431 ρασμοὺς,
2401 1362 2495 1416 καὶ
2546 1363 2636 1416 ἵνα
2681 1363 2770 1418 διὰ
2817 1362 2975 1418 τοῦτο
3001 1364 3063 1417 τὸ
3114 1365 3339 1433 σημεῖον
3366 1362 3457 1415 ἐπὶ
3492 1362 3676 1414 πλεῖον

419 1454 499 1506 vit
523 1467 674 1517 vero,
701 1463 755 1507 ut
799 1454 993 1508 timore
1021 1454 1245 1521 pereuisi
1275 1468 1427 1510 suam
1450 1464 1806 1525 agnoscerent
1842 1452 1999 1507 inﬁr-

2096 1451 2453 1509 πιστεύσωσι.
2518 1453 2789 1507 Καθεύδει
2832 1454 2908 1518 δὲ,
2942 1454 3017 1518 ὡς
3064 1453 3133 1508 ἂν
3181 1451 3512 1523 φοϐηθέντες
3555 1454 3677 1504 ἑπι-

421 1542 683 1609 mitatem,
708 1553 760 1599 et
788 1559 910 1598 eum
934 1543 1283 1600 obsecrarent
1315 1563 1329 1599 :
1364 1554 1642 1616 propterea
1681 1547 1811 1602 dicit
1837 1564 1853 1603 :

2098 1541 2270 1611 γνῶσι
2304 1542 2403 1614 τὴν
2441 1542 2581 1599 ίδὶαν
2610 1543 2917 1613 ἀσθένειαν,
2951 1545 3046 1600 καὶ
3068 1544 3525 1617 παρακαλέσωσιν
3575 1545 3678 1597 αύ-

2096 1629 2210 1685 τόν⁶
2242 1631 2325 1686 διό
2363 1649 2555 1687 φησιν’

495 1716 662 1773 Vens.
698 1718 791 1787 25,
846 1717 938 1774 26.
985 1738 1003 1772 ι
1051 1720 1117 1775 Ει
1161 1722 1484 1777 accedentes
1545 1723 1793 1793 discipuli
1846 1723 1991 1794 ejus,
2029 1781 2073 1798 _

2096 1649 2210 1685 τον·
2242 1649 2325 1686 οιο
2363 1649 2555 1703 φησιν’

2068 1790 2073 1798 ι
2171 1724 2279 1778 Kal
2320 1726 2709 1796 προσελθόντες
2747 1728 2797 1781 οί
2838 1726 3076 1798 μαθηταὶ
3116 1727 3280 1782 αὑτοῦ
3321 1727 3549 1798 ἧγειραν
3581 1726 3678 1779 αύ-

423 1809 795 1863 excitaverunt
818 1825 963 1875 ettm,
1002 1812 1242 1865 dicentes
1267 1833 1280 1867 :
1308 1815 1551 1877 Domine,
1578 1829 1731 1868 serva
1760 1830 1876 1879 nos,
1910 1831 1994 1886 pe-
2027 1782 2033 1842 Ι

2069 1791 2073 1833 ί
2101 1812 2210 1877 τὸν,
2232 1781 2502 1883 λέγοῦτες·
2547 1781 2741 1887 Κύριε,
2775 1781 2949 1870 σῶσον
2971 1781 3015 1886 Ιἢ
3026 1819 3151 1886 μᾶς,
3178 1781 3549 1887 ἀπολλύμεθα.
3567 1818 3679 1870 Καὶ

424 1906 613 1955 rimus.
643 1901 747 1974 41
795 1902 859 1957 Et
910 1904 1346 1972 diciteis:Quid
1397 1909 1563 1963 timidi
1619 1910 1772 1977 estis,
1807 1927 1994 1980 parum

2097 1905 2246 1974 λέγει
2273 1908 2484 1971 αὐτοῖς·
2515 1909 2581 1962 Τί
2602 1909 2762 1963 δειλοί
2815 1912 2958 1974 ἐστε,
2986 1909 3360 1978 ὁλιγόπιστοι;
3399 1910 3512 1964 Οὐκ
3545 1909 3678 1962 ἀπί-

427 1994 693 2049 lldentes?
724 2014 743 2048 ι
779 1994 893 2050 Non
947 1999 1254 2054 incredulos
1298 2000 1448 2064 dicit,
1482 2002 1575 2056 sed
1623 2017 1800 2071 parva:
1851 2002 1995 2056 ﬁdei.

2102 1994 2259 2060 στους
2282 1994 2453 2065 εἶπεν,
2493 1999 2609 2052 ἀλλ’
2628 1999 3025 2069 ὀλιγοπίστους·
3054 2001 3188 2054 καθὸ
3220 2001 3319 2072 μὲν
3351 2000 3459 2072 γὰρ
3491 1995 3669 2063 εἷπον,

425 2086 554 2140 Nam
583 2103 678 2158 per
706 2088 811 2143 hoc
841 2091 981 2158 quod
1007 2092 1214 2157 dicunt,
1249 2094 1490 2159 Domine,
1510 2109 1665 2149 serva
1697 2111 1814 2160 nos,
1842 2095 1998 2150 tidem

2100 2083 2294 2154 Κύριε,
2316 2088 2672 2159 σῶσονήμᾶς,
2694 2089 2877 2144 πίστιν
2895 2088 3281 2154 ἐνδείκνυνται.
3298 2090 3360 2145 τὸ
3373 2091 3451 2156 δὲ,
3484 2090 3683 2145 ’Δπολ-

427 2190 738 2233 monstrant
774 2198 787 2234 :
823 2181 965 2249 quod
1001 2192 1179 2237 autem
1208 2184 1415 2249 dicunt,
1450 2186 1716 2252 perimus,
1750 2201 1857 2240 non
1914 2196 1998 2243 est

2098 2174 2333 2247 λύμεθα,
2369 2178 2428 2231 ού
2453 2178 2707 2245 πίστεως.
2747 2182 2985 2237 Ἑκείνου
3015 2188 3125 2254 γὰρ
3150 2181 3542 2252 συμπλέοντος,
3578 2181 3683 2236 οὐκ

429 2270 575 2325 ﬁdei.
608 2270 699 2323 Illo
732 2272 875 2325 enim
904 2272 1062 2326 simul
1091 2275 1378 2343 navigante
1406 2291 1510 2330 non
1562 2285 1680 2332 erat
1704 2277 2003 2334 formidan-

2101 2267 2208 2321 ἔδει
2234 2269 2480 2327 δεδιέναι.
2515 2273 2652 2344 Ὅρα
2687 2273 2745 2327 δὲ
2788 2273 2872 2327 ὅτι
2904 2274 3179 2340 ὀνειδίζων
3210 2276 3398 2336 αὐτοῖς
3432 2271 3507 2336 ὡς
3564 2272 3680 2326 δει-

426 2363 573 2414 dum.
601 2360 736 2417 Vide
764 2372 944 2417 autem
983 2364 1152 2433 quod,
1207 2368 1540 2435 exprobrans
1575 2369 1656 2422 eis
1687 2378 1743 2422 ut
1777 2368 1999 2435 timidis,

2101 2358 2235 2423 λοῖς,
2266 2360 2539 2415 δείκνυσιν
2574 2362 2650 2426 ὡς
2697 2364 2731 2434 ή
2791 2363 2969 2417 δειλία
3022 2364 3175 2438 φέρει
3199 2364 3327 2428 τοὺς
3379 2362 3681 2425 κινδύνους.

434 2450 670 2504 ostendit
709 2450 957 2506 timorem
981 2451 1175 2507 aﬂ‘crre
1225 2454 1481 2521 pericula.
1515 2453 1717 2510 Idcirco
1769 2458 2003 2526 primum

2103 2448 2194 2501 Διὸ
2230 2449 2322 2502 καὶ
2346 2449 2565 2521 πρῶτον
2583 2449 2797 2515 παύσας
2826 2452 2918 2505 τὸν
2940 2452 3186 2523 χειμῶνα
3220 2454 3321 2524 τῆς
3367 2453 3546 2524 ψυχῆς
3583 2454 3683 2506 αύ-

426 2543 580 2597 sedat
624 2544 982 2600 turltationetu
1029 2548 1221 2600 anima:
1265 2546 1499 2611 illorum,
1547 2555 1604 2603 et
1648 2557 1778 2603 tunc
1835 2548 2007 2603 solvit

1648 2557 1778 2603 tunc
1835 2548 2007 2603 solvi;
2103 2538 2231 2605 τῶν,
2266 2540 2390 2594 τότε
2418 2539 2536 2595 λύει
2568 2541 2663 2596 καὶ
2692 2543 2789 2597 τὸν
2819 2543 2923 2615 τῆς
2952 2542 3248 2615 θαλάσσης.

431 2636 596 2688 ctiam
627 2636 791 2691 utaris
830 2635 1231 2697 tempestatem.
2830 2678 2843 2689 -

499 2721 667 2779 Vsus.
694 2723 787 2792 26,
813 2724 905 2779 27.
937 2744 956 2777 ι
992 2725 1142 2780 Tunc
1174 2728 1464 2793 excitatus,
1489 2727 1787 2798 increpavit
1816 2736 2003 2785 ventos

2180 2740 2201 2773 ι
2235 2721 2372 2776 Τότε
2402 2721 2668 2793 ἐγερθεὶς,
2694 2723 2995 2794 ἐπετίμησε
3018 2723 3133 2786 τοῖς
3175 2721 3403 2793 ἀνέμοις
3455 2720 3552 2775 καὶ
3603 2724 3671 2792 τῇ

429 2826 484 2871 et
514 2831 681 2882 mare,
708 2828 761 2872 et
816 2819 958 2871 facta
1025 2827 1109 2873 est
1163 2822 1432 2875 serenitas
1482 2836 1714 2892 magna:
1752 2821 2007 2877 homines

2107 2811 2350 2885 θαλάσσῃ
2379 2829 2393 2843 ·
2420 2814 2515 2865 καὶ
2537 2813 2753 2880 ἐγένετο
2783 2812 2990 2882 γαλήνη
3030 2809 3265 2882 μεγάλη.
3297 2810 3360 2864 0i
3385 2810 3441 2864 δὲ
3463 2809 3680 2880 ἄνθρω-

429 2925 561 2966 vero
620 2912 1048 2978 admirabantur,
1076 2913 1320 2970 dicentes
1362 2932 1377 2969 :
1409 2914 1593 2982 Qualis
1614 2923 1700 2971 est
1744 2915 1852 2982 hic,
1880 2915 2010 2987 quia

2109 2921 2201 2958 ποι
2254 2902 2593 2975 ἐθαύμασαν,
2621 2903 2892 2972 λέγοντεςο
2926 2903 3174 2966 Ποταπός
3227 2904 3376 2956 εστιν
3401 2895 3577 2967 οὗτος,
3601 2902 3688 2956 ὅτι

430 3004 573 3058 venti
601 3014 655 3058 et
694 3020 850 3061 mare
888 3004 1148 3060 obediunt
1179 3005 1267 3060 ei?
1303 3023 1322 3057 ι
1353 3006 1511 3074 Quod
1557 3006 1860 3073 videbatur,
1912 3005 2011 3062 h0-

2109 2999 2205 3052 καὶ
2233 2999 2281 3051 0t
2338 2997 2530 3068 ἄνεμοι
2558 2997 2657 3063 καλ,
2677 2998 2711 3067 ἡ
2747 2995 2991 3049 Θάλασσα
3051 2994 3415 3048 ὑπακούουσιν
3445 2992 3623 3066 αύτῷς
3657 3013 3677 3046 ι

429 3097 593 3152 mittis
619 3105 759 3163 erat,
787 3112 950 3168 opera
980 3106 1183 3164 autem,
1221 3099 1335 3155 Dei.
2036 3146 2039 3158 .

2074 3090 2192 3183 :Tb
2259 3090 2358 3160 μὲν
2422 3092 2532 3163 γὰρ
2603 3087 2906 3162 ὁρώμενον,
2933 3085 3222 3161 ἀνθρώπου
3252 3086 3361 3141 ’τὰ
3407 3087 3465 3141 δὲ
3521 3087 3684 3158 ἔργα,

2114 3181 2274 3237 Θεοῦ.

508 3270 673 3329 Vens.
705 3272 798 3328 28.
838 3291 857 3326 ι
886 3272 954 3329 Et
974 3289 1093 3328 cum
1124 3274 1361 3330 venisset
1394 3274 1461 3329 ad
1494 3275 1805 3333 ulteriorem
1836 3278 2007 3350 ripam

2209 3292 2229 3327 ι
2265 3274 2374 3327 Καὶ
2409 3272 2615 3327 ἐλθόντι
2637 3271 2784 3343 αὐτῷ
2817 3274 2897 3336 είς
2931 3270 2991 3325 τδ
3029 3270 3219 3342 πέραν,
3245 3271 3324 3334 είς
3355 3269 3454 3340 τὴν
3504 3269 3689 3342 χώραν

438 3364 492 3419 ἰιι
525 3365 794 3432 regionem
821 3364 1267 3435 Gergesenurum,
1292 3378 1647 3423 occurrerunt
1673 3370 1719 3423 ei
1765 3370 1872 3427 duo
1900 3372 2011 3427 dte-

2107 3364 2214 3417 τῶν
2241 3363 2616 3435 Γεργεσηνῶν,
2665 3363 2985 3433 ὑπήντησαν
3037 3359 3184 3431 αύτῷ
3231 3360 3326 3416 δύο
3376 3361 3689 3432 δαιμονιζό-

437 3456 727 3509 ινυιιίιιεί.»
756 3454 1260 3512 Dubitantibusillis
1282 3458 1334 3511 in
1355 3459 1475 3512 navi
1505 3460 1684 3529 qualis
1711 3472 1859 3515 esset
1890 3464 1999 3530 hic,

2113 3472 2280 3526 μενοι.
2316 3474 2334 3508 ι
2374 3455 2494 3507 Τῶν
2510 3457 2568 3509 ὲν
2592 3454 2669 3525 τῷ
2700 3453 2868 3524 πλοίῳ
2884 3452 3250 3518 δισταζόντων
3267 3455 3514 3516 ποταπός
3539 3453 3688 3507 ἐστιν

438 3551 571 3616 quia
610 3548 753 3600 venti
784 3558 839 3600 et
881 3563 1028 3603 mare
1092 3550 1350 3603 obedinnt
1375 3550 1446 3617 ei,
1480 3550 1701 3605 veniunt
1741 3553 2010 3608 daemones

2109 3539 2284 3610 οὗτος.
2314 3547 2395 3600 ὅτι
2422 3547 2515 3599 καὶ
2540 3546 2591 3598 οἰ
2623 3544 2818 3616 ἄνεμοι
2856 3547 2953 3599 καὶ
2980 3545 3014 3618 ἡ
3040 3544 3286 3600 θάλασσα
3310 3543 3686 3598 ὑπακούουσιν

447 3648 746 3699 praecones.
779 3634 931 3702 Quod
966 3637 1009 3691 si
1050 3647 1156 3692 tam
1189 3637 1400 3693 Marcus
1421 3655 1580 3709 quam
1617 3638 1791 3696 Lucas
1846 3658 2010 3698 unum

2112 3639 2280 3710 αὐτῷ,
2307 3638 2621 3711 ἔρχονταιοί
2645 3638 2896 3709 δαίμονες
2925 3638 3181 3709 κήρυκες.
3209 3637 3293 3706 {Et
3322 3636 3380 3690 δὲ
3405 3639 3433 3691 ό
3462 3636 3693 3706 Μάρκος

436 3724 638 3788 dicant,
691 3725 975 3782 Itabeut’em
1021 3730 1283 3799 legionem
1322 3731 1390 3794 ",
1477 3731 1882 3804 intelligendum
1930 3744 2013 3789 est

2112 3732 2208 3787 καὶ
2236 3734 2264 3785 ὁ
2297 3731 2511 3793 Λουκᾶς
2554 3730 2655 3785 ἕνα
2682 3730 2903 3798 λέγουσι
2932 3731 3025 3785 τδν
3048 3728 3146 3801 τὴν
3167 3728 3412 3799 λεγεῶνα
3464 3727 3682 3799 ἔχοντα,

440 3819 582 3884 quod
608 3833 744 3871 tutus
763 3833 830 3874 ex
866 3821 950 3874 Itis
976 3823 1188 3874 duobus
1212 3820 1377 3875 fuerit
1427 3820 1694 3891 insigniur
1745 3821 1905 3879 forte.
1965 3823 2007 3877 A

2109 3823 2299 3893 νόησον
2342 3823 2423 3876 ὅτι
2465 3823 2671 3886 ἐκεῖνος
2699 3817 2780 3887 εἷς
2820 3818 3108 3894 ἧντούτων
3132 3820 3241 3874 τῶν
3290 3819 3386 3873 δύο
3439 3819 3470 3872 ό
3540 3819 3685 3889 τάχα

442 3909 622 3978 scipso
645 3919 822 3990 autem
845 3911 909 3964 ad
934 3911 1052 3966 illos
1083 3911 1199 3979 ivit,
1247 3927 1403 3967 nemo
1418 3915 1560 3968 enim
1592 3913 1708 3969 illos
1738 3914 2007 3969 adducere

2111 3912 2512 3984 ἐπισημότερος
2542 3928 2558 3943 ⁸
2586 3912 2681 3982 ἀφ’
2735 3911 2930 3966 ἑαυτοῦ
2987 3908 3206 3983 δὲῆλθε
3268 3910 3405 3982 πρὸς
3458 3909 3692 3975 αὐτοὺς,

433 4002 665 4055 audebat
709 4021 723 4057 :
775 4013 881 4057 tam
929 4003 1176 4060 crudeles
1235 4014 1415 4060 erant.
1457 4021 1477 4055 ι
1535 4003 1578 4058 Ε
1639 4005 2004 4060 monumentis

2111 4004 2234 4056 ἐπεὶ
2256 4003 2520 4073 φοϐεροὺς
2542 4001 2721 4068 ὄντας,
2740 4002 2916 4066 οὐδεὶς
2953 4002 3157 4074 ἐτόλμα
3187 4002 3564 4074 προσαγαγεῖν
3589 4001 3692 4053 αύ-

434 4092 662 4160 egressi.
713 4094 841 4149 saevi
905 4096 1085 4159 nimis,
1149 4098 1310 4151 itaut
1351 4110 1507 4150 nemo
1535 4106 1719 4166 posset
1778 4098 2013 4152 transire

2110 4094 2258 4157 τούς.
2282 4112 2303 4146 ι
2350 4094 2450 4148 Ἐκ
2470 4094 2579 4147 τῶν
2605 4094 2885 4166 μνημείων
2906 4092 3273 4166 ἐξερχόμενοι,
3308 4094 3533 4164 χαλεποὶ
3547 4092 3690 4160 λίαν,

434 4199 533 4253 per
553 4185 691 4237 viam
727 4184 895 4239 illam.
932 4204 953 4238 ι
976 4184 1032 4239 ltt
1080 4189 1440 4241 monumentis
1473 4189 1855 4242 versabantur.
1890 4189 2008 4243 Da:-

2111 4184 2251 4238 ῶστε
2296 4183 2370 4255 μὴ
2404 4185 2612 4255 ἰσχύειν
2637 4187 2761 4240 τινὰ
2789 4186 3081 4258 παρελθεῖν
3105 4184 3195 4239 διὰ
3239 4188 3339 4254 τῆς
3364 4184 3487 4238 ὁδοῦ
3531 4183 3648 4238 ἐκεί
3668 4212 3687 4223 -

440 4293 628 4331 mones
675 4279 867 4353 dogma
921 4278 1192 4347 quoddam
1252 4277 1537 4333 instituere
1565 4279 1831 4346 volebant,
1860 4279 2004 4351 quod

2114 4291 2236 4345 νης.
2275 4293 2296 4327 ι
2347 4275 2435 4329 Ἐν
2463 4277 2575 4340 τοῖς
2615 4278 2904 4347 μνημείοις
2949 4275 3241 4347 διέτριϐον,
3276 4275 3454 4344 δόγμα
3514 4275 3696 4327 ἐνθεῖ-

438 4370 635 4439 anima:
660 4380 992 4424 mortuormn
1032 4369 1161 4423 [iant
1204 4370 1500 4436 daemones,
1536 4374 1679 4439 quod
1713 4387 1870 4425 nemo
1889 4387 2012 4426 cre-

2121 4383 2211 4421 ναι
2239 4366 2557 4439 βουλόμενοι
2585 4369 2633 4423 οί
2665 4368 2937 4439 δαίμονες,
2969 4366 3053 4420 ὅτι
3079 4367 3133 4419 αἱ
3156 4365 3326 4437 ψυχαὶ
3353 4365 3461 4418 τῶν
3490 4365 3697 4419 ἀποθα-

440 4463 572 4516 dere
632 4463 812 4516 debet.
863 4463 1051 4516 Anima
1100 4462 1244 4516 enim
1291 4477 1533 4531 egressa,
1566 4462 1621 4517 in
1658 4463 1855 4517 mundo
1882 4478 1988 4518 non
2042 4455 2050 4515 1

2085 4458 2321 4512 Ινόντων
2378 4458 2631 4529 δαίμονες
2684 4458 2943 4527 γίνονται.
2979 4457 3045 4510 ‘0
3093 4456 3227 4527 μηδὲ
3257 4455 3530 4526 ἑννοήσειέ
3564 4472 3649 4519 τις
3678 4469 3695 4486 ‘

439 4563 609 4607 errat.
634 4570 653 4605 ι
680 4549 956 4606 Justorunt
981 4551 1124 4607 enim
1141 4552 1334 4606 anima:
1361 4554 1410 4606 in
1435 4568 1592 4606 manu
1615 4552 1707 4608 Dei
1729 4563 1854 4607 sunt
1871 4552 1954 4607 ιιι
1985 4572 2005 4605 ι

2116 4551 2151 4621 ἡ
2175 4548 2321 4620 ψυχὴ
2347 4549 2456 4620 γὰρ
2485 4548 2796 4614 ἐξελθοῦσα,
2826 4549 2926 4602 οὐκ
2973 4549 3032 4603 ὲν
3057 4545 3134 4617 τῷ
3162 4546 3353 4616 κόσμῳ
3383 4546 3650 4600 πλανᾶται
3681 4562 3696 4579 ο

440 4655 784 4714 peccatorum
814 4659 945 4700 vero
975 4651 1029 4700 et
1050 4644 1180 4713 ipsa:
1203 4643 1328 4698 hinc
1360 4644 1723 4709 abducuntur,
1746 4651 1803 4698 ut
1831 4643 2011 4697 anima

2118 4644 2177 4696 αἱ
2208 4643 2305 4713 μὲν
2329 4642 2432 4711 γὰρ
2457 4642 2565 4694 τῶν
2588 4641 2834 4704 δικαίων,
2863 4641 2924 4694 ὲν
2969 4641 3114 4711 χειρὶ
3169 4637 3307 4692 Θεοῦ
3347 4655 3362 4669 ο
3387 4641 3445 4692 αἱ
3488 4638 3542 4691 δὲ
3586 4640 3698 4691 τῶν

443 4736 626 4791 divitis
656 4736 720 4791 ".
2118 4730 2482 4804 ἁμαρτωλῶν,
2517 4733 2611 4785 καὶ
2647 4731 2812 4785 αὑταὶ
2856 4729 3010 4784 ἐνθεν
3067 4728 3489 4799 ἀπάγονται,ὼς
3534 4730 3566 4800 ἡ
3600 4728 3698 4782 τοῦ

2126 4821 2387 4876 πλουσίου
2399 4862 2413 4876 .

513 4911 677 4967 Vens.
713 4911 804 4967 29.
831 4932 851 4964 ι
882 4910 945 4966 Ει
965 4926 1092 4966 ecce
1117 4910 1420 4967 clamabant
1443 4909 1683 4965 dicentes
1709 4927 1725 4964 :
1760 4908 1897 4977 Quid
1919 4926 2018 4966 uo-

2199 4931 2217 4964 ι
2247 4914 2356 4966 Καὶ
2390 4912 2497 4966 ἰδοὺ
2515 4910 3033 4983 ἔκραξανλὲγοντες·
3070 4912 3135 4965 Τί
3159 4913 3291 4983 ἡμῖν
3322 4912 3418 4967 καὶ⁸
3447 4911 3553 4977 σοὶ,
3590 4911 3702 4980 ἰηο

442 5005 525 5059 bis
545 5017 597 5059 et
633 5003 898 5071 tilii,Jesu
926 5004 997 5058 iiIi
1033 5003 1167 5059 Dei?
1203 5002 1407 5075 Venisti
1462 5003 1565 5056 lntc
1616 5013 1742 5060 ante
1791 5012 2008 5074 tempus

2108 5002 2207 5057 σοῦ
2233 5004 2329 5057 Υἱὲ
2358 5003 2453 5058 τοῦ
2484 5004 2618 5057 Θεοῦ
2642 5022 2657 5071 ;
2682 5000 2844 5075 ἦλθες
2864 4997 2967 5058 ὧδε
3013 5004 3118 5073 πρὸ
3145 5002 3340 5072 καιροῦ
3389 5000 3688 5074 βασανίσαι

443 5107 504 5152 ut
556 5110 807 5166 torqueas
861 5097 998 5152 nos?
1050 5115 1070 5148 ι
1119 5074 1273 5149 Ecce.
1312 5093 1505 5148 Filium
1559 5092 1650 5148 Dei
1693 5095 2006 5164 praedicant,

2103 5096 2286 5166 ημᾶςς
2322 5114 2340 5146 ι
2385 5094 2515 5148 ’ἰδοὺ
2552 5093 2680 5148 Υίδν
2708 5074 2805 5149 τοῦ
2840 5090 2974 5147 Θεοῦ
3036 5093 3396 5164 κηρύττουσι,
3426 5091 3694 5163 πρότερον

446 5191 597 5259 prius
624 5188 943 5242 confitentes
967 5187 1297 5243 inimicitias.
1325 5185 1676 5239 Tormentunt
1720 5195 1898 5239 autem
1957 5196 2013 5241 et

2102 5184 2497 5257 ὁμολογοῦντες
2558 5186 2658 5257 τὴν
2687 5184 2908 5256 ἔχθραν.
2944 5183 3181 5239 Βάσανον
3221 5184 3278 5239 δὲ
3333 5182 3589 5254 ἡγοῦνται
3639 5180 3703 5234 τδ

444 5281 742 5335 cruciatum
800 5286 1007 5348 putant,
1041 5278 1085 5332 si
1122 5292 1225 5330 non
1264 5277 1645 5346 permittantur
1692 5275 1882 5330 laedere
1912 5277 2009 5332 lto.

2111 5277 2187 5348 μὴ
2217 5277 2615 5349 συγχωρεῖσθαι
2643 5276 2847 5330 ἀδικεῖν
2875 5277 3001 5338 τοὺς
3023 5273 3345 5348 ἀνθρώπους
3376 5289 3389 5305 ·
3423 5274 3483 5328 τὸ
3512 5272 3568 5326 δὲ
3594 5271 3704 5342 πρὸ

447 5368 639 5424 mines.
696 5367 847 5436 Quod
886 5378 1066 5423 autem
1120 5368 1270 5433 dicit,
1297 5378 1425 5422 ante
1489 5376 1719 5438 tempus,
1775 5367 2014 5439 intellige

2108 5368 2330 5441 καιροῦ,
2353 5370 2463 5423 νόει
2494 5369 2577 5424 ὅτι
2603 5368 2852 5441 ἐνόμιζον
2871 5367 2965 5423 τδν
2994 5367 3229 5439 Χριστὸν
3255 5365 3331 5437 μὴ
3356 5362 3706 5434 ὑπομένοντα

508 5506 742 5567 “Mare.
769 5524 820 5575 ν,
855 5508 923 5576 9;
963 5507 1093 5563 Luc.
1131 5524 1250 5576 vm,
1282 5509 1376 5578 56,
1451 5508 1496 5542 ¹⁸
1528 5507 1654 5581 Sap.
1695 5523 1775 5574 ιιι,
1809 5507 1863 5563 1.
1940 5508 1982 5540 ⁸⁸
2017 5508 2118 5564 Luc

918 5525 923 5572 ι
963 5507 1093 5563 Luc.
1131 5524 1250 5576 vm,
1282 5509 1376 5578 56,
1451 5508 1496 5542 ¹⁴
1528 5507 1654 5581 Sap.
1695 5523 1775 5574 ιιι,
1809 5507 1863 5563 1.
1940 5508 1982 5540 ⁸⁸
2017 5508 2147 5565 Luc.
2173 5526 2287 5576 ινι,
2314 5508 2341 5564 l
2376 5524 2528 5580 seqq.

1082 5732 1086 5737 ο
1373 5652 1465 5713 Ex
1500 5648 1844 5724 collatione
1877 5648 2065 5715 codd.
2098 5650 2326 5715 Venet.
2360 5652 2424 5715 S.
2453 5649 2674 5715 Marci.

519 5770 599 5849 (ϐ)
632 5773 935 5849 Πράγματι
966 5775 1215 5847 βιωτικά,
1256 5776 1375 5834 cod.
1404 5777 1494 5834 32.
