4078 6464
322 410 428 474 23:5

975 409 1423 471 ENARRATIO
1464 408 1544 471 ΙΝ
1575 409 2083 474 EVANGELIUM
2130 409 2516 472 MATTIL‘EI.
2543 434 2613 449 ·-
2635 410 2794 476 CAP.
2834 414 2940 475 IX.

3478 415 3584 481 226

320 526 415 596 τὴν
448 524 757 598 ὑπερϐολὴν
785 523 882 595 τῆς
913 524 1112 589 κακίας
1139 524 1339 590 αὐτῶν,
1374 527 1449 597 μὴ
1488 525 1776 596 ἀναμεῖναι
1801 525 1893 579 τὸν

1998 523 2140 594 quod
2172 523 2557 580 existimabant
2579 525 2880 592 Christum,
2908 540 3011 581 non
3042 523 3303 583 ferentem
3349 526 3582 582 immen-

319 617 509 686 καιρὸν
542 618 648 686 τῆς
667 618 940 682 κολάσεως
960 633 974 648 ο
1006 618 1144 689 ὅπερ
1177 619 1280 671 οὐκ
1303 617 1452 671 εστιν
1483 634 1499 650 θ
1535 617 1639 682 ἓως
1671 618 1782 690 γὰρ
1797 620 1898 690 τῆς

312 708 642 774 συντελείας
666 710 863 765 ἐῶνται
891 709 1147 765 παλαίειν
1170 712 1334 781 ἡμῖν.

390 902 410 937 ι
446 879 564 938 Ἦν
592 884 655 939 δὲ
690 885 911 957 μακρὰν
936 884 1034 940 ἀπ’
1065 886 1245 940 αὐτῶν
1263 886 1432 959 ἀγέλη
1459 886 1658 957 χοίρων
1688 886 1901 942 πολλῶν

317 977 629 1049 βοσκομένη
661 993 675 1009 ’
709 979 759 1031 οἰ
785 977 841 1030 δὲ
861 977 1112 1048 δαίμονες
1134 977 1482 1048 παρεκάλουν
1515 978 1700 1042 αὐτὸν,
1719 978 1900 1047 λέγον·

311 1086 422 1133 τες
453 1069 521 1122 El
556 1069 1028 1140 ἐκϐάλλειςήμᾶς,
1056 1069 1348 1140 ἐπίτρεψον
1379 1071 1510 1140 ἡμῖν
1538 1070 1791 1123 ἀπελθεῖν
1817 1071 1898 1135 εἰς

310 1161 406 1235 τὴν
421 1161 633 1232 ἀγέλην
648 1161 756 1215 τῶν
776 1162 1115 1233 χοίρων.Καὶ
1130 1156 1281 1214 εἶπεν
1299 1161 1502 1225 αὐτοῖς·
1523 1160 1812 1228 Ὑπάγετε.
1829 1159 1893 1214 Ol

311 1254 367 1307 δὲ
417 1252 737 1319 ἐξελθόντες
758 1251 999 1322 ἀπῆλθον
1032 1253 1111 1315 εἰς
1132 1253 1230 1323 τὴν
1248 1251 1454 1323 ἀγέλην
1480 1251 1588 1306 τῶν
1610 1253 1831 1324 χοίρων.
1869 1272 1890 1306 ι

314 1344 374 1397 Ol
401 1344 501 1414 μὲν
529 1344 793 1415 δαίμονες
830 1342 1093 1407 αἰτοῦσιν,
1125 1342 1200 1406 ὡς
1226 1343 1319 1409 ἂν,
1358 1344 1485 1407 τοὺς
1528 1343 1745 1416 χοίρους
1772 1345 1895 1398 πνί-

315 1434 528 1500 ξαντες,
559 1432 854 1505 λυπήσωσι
914 1432 1040 1495 τοὺς
1078 1431 1349 1495 δεσπότας
1399 1431 1767 1499 αὐτῶν,ὥστε
1819 1431 1895 1503 μὴ

312 1523 731 1595 παραδέξασθαι
753 1524 844 1582 τὸν
873 1524 1130 1595 Χριστόν.
1172 1521 1231 1576 Ὀ
1259 1523 1318 1577 δὲ
1362 1523 1597 1595 Χριστὸς
1626 1524 1898 1595 συχχωρετ

311 1620 420 1680 τοῖς
441 1616 695 1686 δαίμοσι,
722 1615 986 1670 δεικνύων
1040 1613 1199 1667 ποίαν
1248 1616 1477 1685 πικρίαν
1519 1615 1704 1685 ἔχουσι
1760 1617 1896 1688 πρὸς

310 1709 435 1772 τοὺς
466 1707 827 1779 ἀνθρώπους,
857 1708 952 1761 καὶ
987 1707 1095 1770 ὅτι,
1126 1705 1175 1760 εἰ
1206 1706 1456 1772 ἐξουσίαν
1485 1700 1628 1777 εἰχον
1655 1705 1749 1759 καὶ
1796 1708 1896 1762 ούκ

313 1799 644 1866 ἰικωλύοντο,
670 1801 856 1871 χεῖρον
907 1798 975 1852 ἂν
1000 1798 1110 1852 τῶν
1153 1798 1353 1869 χοίρων
1399 1795 1638 1850 διέθεντο
1686 1798 1835 1868 ἡμᾶς
1876 1812 1890 1828 ·

2013 632 2103 671 sas
2154 616 2390 685 ipsormn
2440 616 2691 679 malitias,
2739 632 2842 671 nou
2894 628 3331 687 exspectaturum
3374 624 3582 689 tempus

2010 708 2436 777 Suppliciorum:
2466 709 2517 763 id
2541 713 2682 778 quod
2714 720 2952 763 nonest:
2991 726 3112 764 nam
3147 727 3314 779 usque
3348 718 3412 766 ad
3447 729 3577 765 cnn'

2004 802 2424 856 sutnmationetn
2477 802 2657 857 mundi
2701 805 2959 856 sinuntur
2996 815 3207 857 certare
3271 810 3573 860 nobiscum.

2074 892 2237 950 Vens.
2271 894 2460 948 30—52.
2501 913 2519 946 ι
2562 894 2688 949 Erat
2738 906 2914 949 autem
2946 894 3131 964 procul
3184 897 3250 950 ab
3301 897 3404 950 illis
3448 915 3573 965 grex

2006 1001 2292 1056 porcorum
2340 986 2630 1040 multorum
2662 1001 2927 1056 pascens;
2960 988 3231 1041 daemone-3
3265 1003 3441 1041 autem
3489 1007 3577 1041 ro-

2002 1076 2341 1147 gabauteum
2377 1077 2618 1131 dicentes
2650 1093 2663 1130 ι
2690 1076 2745 1131 Si
2787 1078 2939 1146 ejicis
2967 1093 3086 1141 nos,
3123 1080 3375 1146 permitte
3425 1083 3579 1135 nobis

2004 1176 2063 1222 ut
2096 1183 2283 1223 eamus
2313 1168 2365 1221 in
2397 1184 2613 1238 gregem
2669 1184 2975 1238 porcorum.
2999 1167 3066 1221 Et
3107 1170 3184 1224 ait
3214 1170 3317 1223 illis
3344 1190 3355 1223 :
3384 1172 3568 1225 Abite.

2002 1257 2079 1313 ΙΙΙί
2105 1273 2230 1314 vero
2269 1259 2472 1328 egressi
2524 1259 2776 1314 abierunt
2833 1258 2887 1314 in
2942 1275 3155 1331 gregem
3215 1277 3572 1329 pomorum.)

2004 1351 2281 1406 Daemones
2313 1362 2521 1419 petunt,
2559 1363 2617 1407 ut
2674 1353 2757 1408 vel
2813 1353 3091 1409 sullocatis
3145 1357 3321 1425 porcis
3378 1358 3579 1411 contri-

2001 1451 2147 1499 stent
2173 1443 2421 1500 dominos
2445 1444 2768 1510 illorum,~ut
2815 1462 2879 1501 ne
2905 1448 3190 1502 Christum
3219 1450 3574 1519 susciperent.

2001 1536 2250 1591 Christus
2306 1547 2484 1591 autem
2539 1539 2788 1593 concedit
2821 1539 3154 1594 daemonibus
3203 1557 3218 1595 :
3266 1555 3576 1597 monstrans

2002 1641 2105 1697 qua
2132 1628 2492 1683 amaritudine
2509 1639 2562 1683 ct
2590 1630 2715 1686 odio
2740 1645 2865 1698 erga
2891 1631 3136 1687 homines
3159 1633 3423 1699 ferantur,
3455 1646 3504 1689 et
3528 1635 3574 1690 si

2001 1727 2238 1789 potestas
2265 1720 2347 1775 eis
2386 1722 2631 1789 daretur,
2664 1732 2737 1775 eet
2794 1738 2900 1775 non
2954 1726 3390 1792 prohiberentur,
3421 1727 3573 1796 pejus

2003 1824 2102 1865 nos
2136 1826 2295 1879 quam
2327 1826 2523 1881 porcos
2551 1812 2678 1867 illos
2734 1811 3053 1884 allligerent.
3116 1816 3232 1886 ipse
3285 1820 3427 1874 enim
3479 1836 3572 1875 θυο-

311 1893 517 1956 ὲκείνος
562 1892 679 1965 γὰρ
735 1892 994 1963 φυλάττει
1053 1891 1178 1955 τοὺς
1216 1891 1612 1963 δαιμονῶντας.
1637 1890 1778 1946 ὥστε
1818 1891 1894 1966 μὴ

1998 1900 2158 1956 stodit
2179 1902 2562 1969 dauuoniacos,
2593 1919 2663 1959 ne
2690 1906 2898 1976 seipsos
2928 1906 3198 1963 occidant.

314 1985 563 2054 φονεύειν
591 1987 845 2049 ἑαυτούς.

384 2098 404 2131 ι
426 2080 540 2133 Kal
558 2081 677 2134 ἰδοὺ
707 2079 934 2152 ὥρμησε
963 2081 1116 2134 πᾶσα
1144 2081 1178 2150 ἡ
1206 2079 1374 2151 ἀγέλη
1404 2079 1514 2133 τῶν
1542 2079 1740 2151 χοίρων
1759 2079 1899 2137 κατὰ

311 2170 403 2225 τοῦ
428 2171 690 2243 κρημνοῦ
716 2173 796 2236 εἰς
824 2171 924 2243 τὴν
958 2171 1256 2237 θάλασσαν,
1278 2173 1375 2224 καὶ
1403 2171 1675 2225 ἀπέθανον
1694 2173 1752 2224 ὲν
1780 2171 1894 2235 τοῖς

316 2263 525 2318 ὕδασιν.
561 2265 632 2318 Οἱ
660 2265 718 2318 δὲ
753 2264 1043 2335 βόσκοντες
1065 2263 1289 2333 ἔφυγον,
1317 2264 1412 2317 καὶ
1441 2261 1768 2325 ἀπελθόντες
1814 2261 1894 2326 εἰς

311 2354 407 2425 τὴν
448 2355 635 2419 πόλιν,
669 2353 1010 2426 ἀπήγγειλαν
1048 2356 1248 2418 πάντα,
1293 2355 1388 2408 καὶ
1419 2353 1489 2407 τά
1515 2352 1623 2406 τῶν
1649 2355 1897 2423 δαιμονι-

314 2445 582 2516 ζομένων.
609 2446 724 2501 Kal
757 2447 866 2500 ἰδοὺ
896 2447 1046 2500 πᾶσα
1079 2447 1112 2517 ἡ
1143 2445 1297 2509 πόλις
1332 2444 1557 2515 ἐξῆλθεν
1580 2447 1662 2509 εἰς
1697 2445 1892 2498 συνάν-

312 2553 467 2608 τησιν
505 2538 588 2610 τῷ
634 2536 836 2610 Ἰησοῦ,
860 2538 957 2592 καὶ
1011 2537 1212 2602 ἰδόντες
1248 2536 1435 2603 αὑτὸν,
1493 2537 1891 2609 παρεκάλεσαν,

314 2630 456 2693 ὅπως
484 2631 710 2702 μεταδῇ
743 2630 854 2686 ἀπὸ
884 2630 994 2685 τῶν
1025 2631 1190 2701 ὁρίων
1219 2630 1421 2685 αὐτῶν.
1471 2648 1491 2682 ι
1520 2630 1891 2700 Λυπηθέντες,

316 2726 410 2775 καὶ
445 2723 712 2790 δόξαντες
736 2724 917 2796 χεῖρόν
949 2741 1003 2779 τι
1043 2724 1180 2794 μετὰ
1232 2721 1406 2776 ταῦτα
1452 2721 1662 2788 παθεῖν,
1695 2739 1894 2793 παραι-

318 2815 534 2870 τοῦνται
571 2816 763 2871 αὐτόν.
791 2817 864 2871 Σὺ
893 2816 951 2870 δὲ
984 2816 1148 2887 μάθε,
1178 2817 1260 2870 ὃτι
1287 2815 1417 2869 ἔνθα
1465 2814 1730 2886 χοιρὼδης
1754 2815 1892 2885 βίος,

316 2906 345 2958 δ
367 2906 610 2978 Χριστὸς
635 2908 734 2980 μὲν
765 2908 828 2964 οὐ
860 2908 1011 2981 μένει
1031 2909 1167 2975 ἐκεῖ,
1185 2907 1437 2980 δαίμονες
1456 2907 1534 2962 δέ.

923 3140 1172 3196 ΚΕΦΑΔ.
1207 3139 1285 3195 3'.

2068 2078 2233 2135 Vens.
2258 2077 2348 2142 55.
2381 2079 2470 2137 54.
2507 2098 2526 2133 ι
2557 2079 2622 2134 Ει
2646 2097 2772 2138 ecce
2804 2082 3083 2140 ferebatur
3115 2097 3257 2142 totus
3276 2105 3405 2159 grex
3440 2105 3569 2158 por-

1997 2181 2185 2224 corum
2222 2185 2319 2238 per
2349 2185 2586 2240 praeceps
2616 2172 2670 2226 in
2708 2189 2880 2242 mare,
2908 2185 2963 2229 et
3005 2178 3352 2248 perieruntin
3393 2184 3568 2252 aquis.

1997 2260 2168 2316 Porro
2196 2262 2289 2332 qui
2321 2265 2634 2331 pascebant,
2669 2264 3015 2338 aufugerunt,
3043 2281 3095 2324 et
3127 2270 3357 2340 digressi
3391 2275 3441 2326 in
3473 2274 3557 2327 ci-

1996 2354 2710 2420 vitatem,reuuntiaverunt
2757 2362 2962 2424 omnia,
2994 2371 3049 2416 et
3099 2364 3228 2434 quid
3283 2365 3566 2420 accidisset

1995 2445 2366 2504 dmmoniacis.
2406 2447 2472 2503 Et
2503 2464 2631 2505 ecce
2659 2460 2772 2507 tota
2803 2454 2996 2509 civitas
3021 2453 3129 2527 42
3161 2457 3327 2510 exivit
3362 2458 3413 2510 in
3471 2471 3567 2511 oc-

1995 2549 2215 2590 cursum
2235 2533 2363 2591 Jesu
2407 2555 2423 2592 :
2460 2548 2517 2592 et
2581 2553 2703 2593 cunt
2740 2542 3007 2599 vidissent
3075 2545 3252 2610 illum,
3310 2547 3571 2615 rOgabant

1996 2633 2053 2678 ut
2073 2624 2357 2681 decederet
2388 2641 2419 2681 a
2451 2627 2649 2683 ﬁnibus
2673 2630 2809 2688 suis.
2853 2650 2872 2683 ι
2905 2631 3158 2686 Tristitia
3185 2633 3358 2689 affecti
3388 2646 3567 2701 erant,

1993 2722 2047 2769 et
2101 2714 2493 2771 existimabant
2542 2732 2600 2771 se
2630 2720 2854 2789 gravius
2901 2720 3156 2790 quiddam
3203 2736 3483 2791 passuros,
3512 2734 3570 2778 et

1994 2806 2118 2861 ideo
2139 2809 2571 2876 deprecabantur
2597 2824 2743 2866 eum.
2785 2809 2866 2867 Tu
2890 2822 3071 2866 autem
3108 2813 3256 2867 disce
3305 2816 3446 2883 quod
3479 2812 3573 2871 ubi

1992 2907 2078 2953 est
2116 2899 2221 2954 vita
2255 2903 2500 2970 porcina,
2527 2902 2600 2960 ibi
2639 2918 2744 2959 non
2794 2913 2973 2960 manet
3029 2903 3295 2975 Christus,
3328 2907 3423 2962 sed
3453 2907 3573 2961 dia-

1992 2988 2169 3047 bolos.

2610 3148 2839 3206 CAPUT
2874 3149 2964 3206 IX.

319 3250 583 3335 Περίξοξ
605 3248 1038 3335 παραλυτικῷ.
1071 3259 1209 3335 ιζερι
1248 3256 1355 3335 τοᾷ
1375 3257 1703 3335 Ματθαίοιθ..
1753 3256 1892 3326 Περί

1998 3259 2077 3316 οε
2118 3262 2434 3335 paralytico.
2467 3264 2545 3320 De
2573 3264 2811 3323 Mattluzi
2831 3266 3120 3320 vocatione.
3151 3264 3226 3320 De
3274 3265 3565 3323 Salvatoris

381 3324 489 3377 τοῦ
528 3323 828 3394 Σωτῆρος
856 3324 1008 3392 μετὰ
1064 3323 1183 3379 τῶν
1238 3328 1514 3381 τελωνῶν
1558 3323 1892 3394 ἐσθίοντος.

389 3395 527 3466 Περί
552 3392 666 3461 τῆς
701 3397 992 3466 θυγατρὸς
1037 3397 1555 3466 ἀρχισυναγώγου.
1599 3398 1737 3465 Περί
1781 3392 1894 3465 τῆς

316 3510 319 3513 .
387 3465 851 3536 αἱμορῤοούσ-ης.
877 3466 1012 3534 Περὶ
1045 3467 1162 3536 τῶν
1194 3466 1305 3519 δύο
1328 3465 1590 3536 τυφλῶν.
1618 3466 1755 3535 Περὶ
1788 3467 1894 3521 τοῦ

387 3532 878 3603 δαιμονιζομένου
897 3532 1122 3604 κωφοῦ.

387 3662 408 3699 ι
441 3647 564 3701 Καὶ
591 3646 766 3718 ἐμϐὰς
806 3650 884 3712 εἰς
937 3649 998 3703 τὸ
1023 3649 1225 3714 πλοῖον,
1260 3650 1551 3723 διεπέρασε
1592 3652 1688 3706 καὶ
1731 3646 1896 3723 ἦλθεν

315 3739 392 3801 εἰς
438 3737 553 3809 τὴν
606 3739 742 3793 ἰδίαν
795 3740 973 3795 πόλιν.
1029 3742 1140 3795 Kal
1201 3742 1311 3796 ἰδοὺ
1366 3742 1704 3814 προσέφερον
1745 3741 1895 3812 αὐτῷ

317 3831 694 3903 παραλυτικὸν
740 3833 834 3887 ἐπὶ
869 3834 1056 3902 κλίνης
1110 3835 1463 3905 βεϐλημένον.
1524 3853 1543 3887 ι
1601 3834 1898 3889 Ἰδίαννπό-

317 3922 397 3978 λιν
443 3924 554 3993 τὴν
590 3926 965 3996 Καπερναοὺμ
1004 3925 1173 3995 λέγει,
1208 3928 1326 3980 ἐκεῖ
1370 3926 1479 3997 γὰρ
1497 3924 1629 3997 ᾤκει
1659 3942 1674 3957 ⁸
1719 3929 1753 3999 ἡ
1794 3927 1895 3997 μὲν

319 4013 425 4083 γὰρ
478 4013 737 4085 Βηθλεὲμ
789 4015 974 4068 ἔτεκεν
1010 4054 1026 4080 ,
1082 4016 1118 4088 ἡ
1181 4014 1239 4068 δὲ
1291 4016 1550 4087 Ναζαρετ
1619 4016 1845 4087 ἔθρεψεν
1876 4057 1894 4084 ,

306 4104 350 4172 ,η
388 4102 444 4156 δὲ
510 4105 887 4176 Καπερναοὺμ
918 4100 1030 4175 εἶχε
1077 4104 1342 4176 διηνεκῶς
1391 4106 1668 4161 οἰκοῦντα.
1741 4105 1801 4162 Ὀ
1837 4107 1895 4161 δὲ

322 4194 636 4265 παράλυτος
687 4189 844 4259 οὗτος
917 4194 1103 4267 ἕτερός
1176 4197 1294 4249 ἐστι
1345 4199 1497 4267 παρά
1551 4198 1641 4253 τὸν
1698 4199 1757 4251 ὲν
1817 4197 1895 4270 τῷ

332 4287 579 4361 Ἰωάννῃσ
613 4290 817 4352 ἐκεῖνος
853 4288 955 4360 μὲν
1008 4288 1141 4361 γὰρ,
1176 4289 1328 4360 παρά
1382 4292 1448 4359 τῇ
1490 4289 1797 4362 προϐατικῇ
1836 4293 1920 4359 ὲν⁹

334 4379 715 4453 Ἰερουσαλὴμ,
755 4375 910 4445 οὗτος
952 4381 1032 4445 δὲ,
1075 4384 1133 4437 ἐν
1159 4380 1551 4453 Καπερναούμ.
1575 4382 1685 4435 Kal
1726 4385 1755 4438 ό
1793 4383 1895 4455 μὲν

323 4473 418 4527 οὐκ
436 4469 585 4543 εῖχεν
617 4472 929 4544 ἄνθρωπον,
962 4466 1116 4537 οὗτος
1159 4471 1218 4526 δὲ
1262 4473 1365 4526 ὑπὸ
1390 4474 1670 4544 τεσσάρων
1693 4473 1894 4545 βαστά-

2069 3331 2344 3401 refectione
2375 3351 2493 3387 cum
2540 3334 2856 3402 publicanis.
2883 3337 2957 3389 De
3013 3337 3128 3403 [ilia
3181 3338 3429 3419 principis
3475 3354 3567 3460 εὖ·

2069 3418 2304 3460 ηαοοαω.
2357 3405 2430 3457 De
2474 3405 2887 3460 hwmorrltausa.
2930 3404 3006 3460 De
3027 3406 3228 3460 duobus
3260 3423 3432 3460 cteris.
3540 3423 3567 3460 ε

2067 3418 2304 3472 nagogw.
2357 3405 2430 3457 De
2474 3405 2887 3460 hwmorrltausa.
2930 3404 3006 3461 De
3027 3404 3228 3462 duobus
3260 3409 3432 3464 cteris.
3490 3404 3568 3462 De

2064 3476 2226 3527 surdo
2244 3474 2590 3529 dteutoniaco.

2079 3653 2232 3710 istis.
2249 3655 2299 3720 l,
2323 3656 2376 3710 2.
2405 3678 2424 3708 ι
2447 3654 2513 3711 ls‘t
2535 3657 2810 3727 ingressus
2834 3673 3048 3725 navem,
3092 3660 3306 3731 trajecit
3325 3674 3389 3715 ac
3417 3660 3567 3716 venit

1995 3744 2051 3800 in
2073 3760 2228 3801 suam
2259 3747 2558 3802 civitatem.
2599 3747 2666 3802 Et
2696 3762 2825 3804 ecce
2882 3751 3223 3805 adduxerunt
3274 3750 3350 3806 illi
3403 3767 3570 3822 para-

1995 3840 2212 3909 lyticum
2266 3840 2322 3894 in
2368 3839 2507 3895 lecto
2540 3842 2972 3897 decumbeutem.
3014 3861 3034 3896 ι
3092 3841 3258 3897 Suam
3287 3843 3564 3898 civitatem

1995 3928 2329 4001 Capernaum
2382 3930 2551 3998 dicit;
2579 3931 2685 3987 illic
2710 3933 2850 3986 enim
2905 3932 3226 3988 habitabat:
3252 3931 3564 3987 Bethlcltem

1996 4024 2139 4076 enim
2157 4021 2384 4092 peperit,
2402 4021 2674 4077 Nazareth
2691 4023 3311 4094 educavit,Caperuaum
3338 4024 3570 4091 praebuit

1993 4113 2345 4169 domicilium.
2380 4116 2721 4184 Paralyticus
2752 4126 2930 4170 autem
2961 4117 3063 4170 iste
3099 4115 3240 4171 alius
3273 4124 3359 4171 est
3401 4129 3565 4184 quam

1998 4204 2045 4259 is
2073 4204 2162 4273 qui
2191 4205 2332 4274 apud
2364 4202 2652 4260 Joannem.
2682 4204 2778 4260 llle
2808 4206 2952 4260 enim
2971 4214 3092 4259 erat
3134 4208 3202 4260 ad
3226 4206 3563 4276 probaticam

1996 4295 2053 4349 in
2103 4292 2426 4360 Jerusalem,
2463 4295 2551 4349 hic
2610 4304 2790 4350 autem
2855 4296 2911 4349 in
2959 4295 3326 4365 Capernaum.
3364 4293 3431 4349 Et
3475 4294 3568 4350 ille

1997 4383 2212 4455 quidem
2241 4400 2347 4440 non
2378 4385 2565 4440 habuit
2612 4386 2908 4452 hominem,
2941 4384 3028 4442 hic
3053 4396 3234 4442 autem
3275 4375 3315 4441 θ’
3335 4396 3570 4456 quatuor

1999 4484 2262 4545 portatur,
2288 4476 2425 4529 sicut
2458 4475 2668 4530 Marcus
2692 4475 2846 4551 dicit,
2881 4484 2936 4531 et
2969 4491 3069 4546 per
3098 4487 3295 4531 tectum
3326 4478 3566 4532 demitti-

325 4562 499 4630 ζεται,
527 4566 602 4627 ὡς
638 4565 907 4634 ὁΜάρκος
932 4566 1121 4634 φησὶν,
1153 4563 1293 4617 ὥστε
1335 4565 1431 4617 καὶ
1462 4563 1550 4618 διὰ
1575 4564 1677 4635 τῆς
1694 4564 1892 4635 στέγης

2001 4575 2088 4620 tur
2130 4566 2319 4636 :quod
2374 4563 2686 4635 allatthteo
2744 4568 3194 4642 praetermissum.
3236 4584 3257 4618 ι
3325 4565 3567 4635 Cumque

325 4655 679 4726 χαλασθῆναι,
734 4656 872 4726 ὅπερ
907 4657 937 4710 ὁ
991 4654 1271 4717 Ματθαῖος
1315 4655 1666 4726 παρέλειψεν.
1722 4674 1741 4709 ι
1785 4657 1897 4711 Kal

329 4746 449 4800 ἰδὼν
477 4749 506 4801 6
547 4744 754 4818 Ἰησοῦς
779 4746 881 4818 τὴν
930 4747 1114 4799 πίστιν
1167 4746 1371 4802 αὐτῶν.
1411 4764 1432 4799 ι
1465 4747 1536 4800 Ἢ
1572 4746 1680 4801 τῶν
1722 4763 1896 4818 προσ-

328 4840 688 4909 ενεγκάντων,
710 4840 807 4892 καὶ
847 4838 958 4910 γὰρ
978 4838 1235 4900 πολλάκις
1257 4839 1345 4893 διὰ
1366 4840 1466 4910 τὴν
1507 4839 1618 4892 τῶν
1663 4857 1899 4913 προσφε-

334 4930 532 4998 ρόντων
581 4929 766 4983 πίστιν
815 4927 1244 5000 θαυματουργεί,
1273 4927 1306 4999 ἢ
1338 4927 1435 4993 καὶ
1460 4926 1625 4980 αὐτοῦ
1650 4928 1884 4984 ἐκείνου.

335 5039 352 5072 ι
374 5019 505 5076 Εἷπε
527 5022 605 5093 τῷ
632 5020 1008 5094 παραλυτικῷ·
1032 5020 1253 5092 Θάρσει,
1278 5019 1486 5086 τέκνον,
1510 5020 1783 5089 ἀφέωνται
1813 5037 1896 5074 σοι

332 5116 387 5167 al
405 5115 670 5186 ἁμαρτίαι
699 5131 816 5168 σου.
852 5114 1096 5183 ›,Τέκνον
1123 5111 1298 5177 καλεῖ,
1329 5110 1363 5182 ἢ
1390 5111 1465 5176 ῶς
1488 5111 1713 5181 πλάσμα
1737 5111 1892 5175 Θεοῦ,

335 5202 367 5271 ἢ
394 5204 467 5263 ὡς
499 5201 892 5257 πιστεύσαντα·
928 5200 1141 5265 δεικνὺς
1164 5202 1241 5268 δὲ,
1269 5201 1352 5255 ὅτι
1382 5201 1619 5271 μάλιστα
1657 5202 1692 5272 ἠ
1719 5201 1896 5272 παρά-

332 5295 479 5360 λυσις
509 5295 570 5361 ἐξ
593 5295 899 5368 ἁμαρτιῶν,
927 5294 1043 5349 λύει
1071 5295 1285 5366 πρῶτον
1309 5293 1544 5357 ὲκείνας.

405 5409 425 5443 ι
450 5390 561 5445 Καὶ
584 5389 695 5443 ἰδού
716 5406 859 5452 τινες
873 5387 981 5441 τῶν
999 5387 1376 5459 Γραμματὲων
1405 5382 1558 5441 εἷπον
1576 5386 1632 5439 ἐν
1653 5387 1890 5449 ἑαυτοῖς·

336 5478 498 5547 Οὗτος
529 5481 862 5554 βλασφημεῖ.
886 5480 997 5535 Καὶ
1030 5480 1151 5533 ἰδὼν
1169 5481 1198 5532 ό
1222 5476 1426 5550 Ἰησοῦς
1443 5480 1542 5537 τὰς
1571 5479 1895 5549 ἐνθυμήσεις

335 5575 530 5642 αὐτῶν,
562 5570 715 5627 εἶπεν
750 5589 767 5606 ·
800 5574 917 5626 Ἵνα
946 5572 1000 5625 τί
1028 5573 1185 5643 ὑμεῖς
1222 5569 1542 5642 ἐνθυμεῖσθε
1590 5572 1803 5641 πονηρὰ
1835 5572 1894 5623 ὲν

337 5670 447 5732 ταῖς
481 5667 734 5737 καρδίαις
768 5664 955 5738 ὑμῶν;
985 5665 1051 5718 Τί
1078 5666 1187 5736 γάρ
1238 5666 1386 5717 ὲστιν
1416 5664 1793 5732 εὐκοπώτερον
1815 5665 1894 5715 εἰ-

337 5764 474 5827 πεῖν,
512 5760 814 5830 ’Δφέωνταί
835 5775 928 5814 σου
949 5759 1007 5812 αἰ
1033 5755 1375 5830 ἀμαρτίαι,ἢ
1410 5757 1608 5820 εἰπεῖν,
1643 5756 1892 5827 Ἔγειραι

337 5853 424 5911 καὶ
450 5855 774 5925 περιπάτει;
822 5871 843 5907 ι
886 5852 983 5907 Ἐκ
1015 5850 1110 5907 τοῦ
1144 5849 1257 5925 τιᾶις⁸
1287 5848 1610 5923 ἐνθυμήσεις
1667 5850 1889 5926 εἰδέναι,

1999 4655 2223 4712 vidisset
2243 4653 2401 4712 Jesus
2427 4656 2586 4711 ﬁdem
2618 4655 2854 4712 illorum.
2897 4674 2918 4709 ι
2950 4659 3059 4712 Aut
3085 4672 3271 4712 eorum
3295 4658 3384 4726 qui
3433 4656 3566 4711 alle-

1999 4747 2210 4812 rebant,
2259 4748 2524 4818 siquidem
2583 4746 2899 4818 frequenter
2951 4759 3169 4818 propter
3224 4747 3564 4803 allereutium

1998 4838 2155 4893 tidem
2185 4838 2443 4893 miracula
2473 4836 2605 4893 facit
2634 4857 2648 4893 :
2682 4848 2774 4893 aut
2798 4837 2940 4893 illius
2968 4839 3130 4894 etiam
3157 4838 3343 4908 ipsius.
3377 4856 3397 4889 ι
3425 4839 3566 4893 Dixit

1997 4928 2332 4999 paralytico:
2363 4928 2609 4995 Conﬁde,
2653 4929 2758 4998 fili;
2787 4930 3139 4985 remittuntur
3194 4930 3287 4982 tibi
3346 4938 3563 4999 peccata

2000 5033 2112 5078 tua.
2151 5041 2172 5075 ι
2207 5021 2400 5077 Filium
2433 5032 2609 5089 vocat,
2649 5022 2731 5077 vel
2761 5031 3065 5078 creaturam
3096 5020 3216 5086 Dei,
3245 5021 3327 5075 vel
3359 5032 3414 5076 ut
3435 5036 3561 5076 eum

1999 5116 2093 5186 qui
2117 5115 2454 5179 crediderat;
2483 5113 2765 5169 declarans
2791 5121 2969 5167 autem
2998 5114 3137 5182 quod
3167 5113 3450 5184 ,paralysis
3493 5127 3564 5168 ex

1997 5205 2235 5275 peccatis
2261 5213 2429 5268 esset,
2458 5204 2690 5273 primum
2717 5211 2933 5272 peccata
2968 5201 3151 5255 solvit.

1990 5438 1994 5442 .
2065 5385 2364 5443 ηυδε-5.
2392 5404 2411 5438 ι
2438 5387 2501 5439 Ει
2521 5400 2651 5442 ecce
2676 5383 2877 5441 Scriba:
2898 5386 3117 5457 quidam
3139 5386 3389 5442 dixerunt
3421 5387 3563 5442 intra

1993 5493 2321 5547 semetipsos
2349 5498 2363 5534 :
2389 5478 2485 5533 llic
2506 5479 2865 5549 blasphemat.
2900 5479 2966 5534 Et
3017 5492 3074 5535 ut
3101 5482 3239 5536 vidit
3280 5479 3441 5535 Jesus
3468 5495 3561 5531 co-

1993 5573 2281 5642 gitationes
2317 5572 2548 5637 illorum,
2580 5573 2713 5625 dixit
2755 5589 2769 5627 :
2810 5572 3009 5644 thuid
3053 5590 3149 5629 vos
3222 5573 3359 5626 mala
3414 5572 3559 5640 cogi-

1998 5666 2122 5718 latis
2178 5666 2227 5717 iu
2277 5666 2529 5719 cordibus
2565 5667 2973 5734 vestris?‘Quid
3031 5668 3173 5721 enim
3219 5677 3303 5720 est
3350 5663 3562 5718 facilius

1996 5758 2161 5823 dictu,
2182 5755 2551 5813 ltemittuutur
2580 5758 2672 5813 tibi
2699 5771 2917 5828 peccata
2936 5770 3046 5824 tua,
3067 5775 3137 5817 an
3165 5759 3363 5821 dicere,
3387 5753 3560 5821 Surge

1995 5860 2050 5906 et
2084 5849 2301 5926 ambula
2330 5850 2355 5905 'I
2391 5869 2411 5904 ι
2453 5850 2549 5908 Vel
2584 5865 2650 5908 ex
2678 5853 2782 5911 hoc
2816 5850 2959 5922 Quod
3003 5849 3353 5921 cogitationes
3390 5846 3559 5903 resci-
