4078 6464
1429 172 1476 194 ⁵

400 391 504 452 927

1249 379 1834 466 THEOPIIYLACTI
1865 374 2291 440 'BULGARUE
2339 369 2696 435 ARCIIIEP.

3532 372 3640 437 228

405 503 506 566 vit,
538 497 778 556 ostendit
813 513 870 553 εει
903 496 1091 552 Deum.
1133 494 1327 566 Arguit
1377 496 1540 568 igitur
1595 513 1688 552 eos
1711 498 1884 551 ferme
1906 494 1986 549 sic

2103 492 2364 545 δείκνυσιν
2395 489 2585 542 ἐαυτὸν
2607 487 2758 541 Θεὸν.
2806 483 3047 556 Ἐλέγχει
3089 485 3221 554 γοῦν
3262 487 3469 554 αὐτοὺς
3497 489 3669 558 λέγων

405 593 594 647 dicens
633 607 647 644 :
687 587 797 644 Vos
847 588 1068 658 quidem
1124 587 1327 657 putatis
1382 604 1468 644 me
1499 589 1889 659 blasphemum,
1921 601 1986 640 eo

405 685 550 754 quod
581 681 839 753 pollicear
871 695 956 734 me
981 680 1274 744 remittere
1301 689 1545 749 peccata,
1595 679 1647 732 id
1677 678 1821 748 quod
1871 692 1986 731 ma-

403 792 564 848 gnum
591 774 806 843 quidem
845 781 928 826 est
968 788 981 838 ;
1023 771 1237 824 videtur
1269 781 1447 824 autem
1500 771 1654 824 vobis
1706 772 1846 837 quod
1886 783 1987 839 ego

405 884 498 934 per
551 868 653 920 hoc
705 864 956 933 eﬂ'uginm
1025 879 1260 933 quanam
1326 873 1383 916 ut
1441 879 1547 917 non
1602 863 1985 932 reprehendar.

407 959 517 1025 Ego
553 958 790 1026 igituret
845 971 909 1009 ex
952 954 1196 1021 corporis
1235 969 1365 1009 cura
1415 954 1570 1007 [idem
1627 954 1778 1008 vobis
1849 952 1988 1006 facio

405 1050 548 1115 quod
575 1049 786 1100 animas
824 1061 1047 1099 sanem:
1092 1043 1193 1099 Per
1254 1059 1369 1098 rem
1427 1045 1690 1098 minorem
1743 1042 1984 1114 quidem,

407 1141 498 1193 sed
527 1136 942 1207 quadiﬂicilinr
965 1139 1235 1203 videatur,
1264 1137 1596 1191 conﬁrmans
1628 1145 1680 1190 et
1727 1147 1983 1206 peccato-

409 1240 585 1283 tnrum
612 1231 1007 1292 remissionem,
1033 1244 1151 1298 qua:
1180 1245 1371 1299 magna
1402 1228 1620 1297 quidem
1650 1234 1753 1294 est,
1780 1227 1872 1282 sed
1908 1226 1988 1279 fa-

410 1322 564 1376 cilior
596 1322 746 1376 vobis
767 1323 997 1383 Videtur,
1031 1336 1095 1374 eo
1127 1323 1270 1386 quod
1299 1319 1478 1373 minus
1506 1329 1783 1388 appareat.

487 1412 646 1466 Vnus.
673 1411 789 1468 6-8.
816 1428 836 1462 ί
873 1411 941 1467 Ut
973 1421 1149 1464 autem
1173 1410 1508 1479 sciatisqnod
1541 1419 1860 1478 potestatem
1892 1408 1988 1461 ha-

411 1506 530 1559 beat
559 1504 727 1558 Filius
751 1505 984 1558 hominis
1005 1518 1165 1570 super
1199 1513 1396 1557 terram
1433 1502 1712 1555 remittere
1741 1509 1984 1570 peccata.

412 1607 536 1650 tunc
559 1596 688 1648 dicit
723 1595 1043 1665 paralytico,
1074 1595 1246 1664 Surge
1280 1610 1295 1649 :
1323 1603 1378 1648 et
1418 1593 1544 1648 tolle
1576 1593 1771 1647 lectum
1807 1602 1984 1658 tuum,

408 1694 464 1740 et
489 1685 620 1739 vade
671 1685 720 1738 in
749 1684 969 1739 domum
1024 1694 1193 1738 tuam.
1243 1684 1601 1753 Surrexitque
1646 1684 1734 1738 ille
1779 1694 1832 1737 et
1855 1685 1988 1738 abiit

2089 581 2313 634 τοιαῦτα
2347 596 2364 612 ο
2405 579 2598 649 Ὑμεῖς
2635 578 2732 648 μὲν
2775 575 3025 648 νομίζετέ
3078 593 3147 648 με
3204 576 3555 650 βλάσφημον,
3591 580 3668 643 ὡς

2086 675 2462 745 ὑποσχόμενον
2492 672 2709 741 ἀφιέναι
2733 671 3034 740 ἁμαρτίας,
3068 671 3208 741 ὅπερ
3234 673 3380 742 μέγα
3408 674 3510 744 μέν
3530 674 3669 725 ἐστι·

2087 771 2295 823 δοκεῖτε
2333 768 2390 820 δέ
2417 784 2484 837 με
2507 767 2584 828 είς
2620 764 2776 818 τοῦτο
2807 763 3176 831 καταφεύγειν
3207 763 3282 827 ὠς
3310 764 3376 818 ἂν
3405 764 3480 834 μὴ
3515 765 3672 832 ἐλεγο

2087 859 2222 929 χθῶ.
2301 855 2442 924 Ἐγὼ
2487 855 2544 908 δέ
2601 855 2666 907 ἐκ
2718 854 2819 921 τῆς
2893 851 2990 904 τοῦ
3067 852 3318 924 σώματος
3378 853 3678 923 θεραπείας

2089 950 2430 1020 πιστώσομαι
2461 948 2556 1000 καὶ
2599 947 2699 1016 τὴν
2731 946 2827 1014 τῆς
2869 944 3072 1018 ψυχῆς,
3107 945 3196 999 διὰ
3240 945 3336 999 τοῦ
3385 946 3674 1010 ἐλάττονος

2092 1043 2213 1114 μὲν,
2243 1039 2648 1111 δυσκολωτέρου
2677 1038 2736 1092 δέ
2773 1035 3082 1102 δοκοῦντος,
3123 1038 3360 1104 βεδαιῶν
3410 1039 3506 1092 καὶ
3572 1039 3673 1110 τὴν

2087 1135 2197 1189 τῶν
2223 1133 2512 1205 ἁμαρτιῶν
2565 1132 2782 1200 ἄφεσιν,
2813 1129 2934 1198 ἥτις
2956 1128 3166 1201 μεγάλη
3191 1130 3310 1200 μέν,
3333 1130 3679 1201 εὖκολωτέρα

2087 1226 2143 1280 δὲ
2183 1226 2312 1296 ὑμῖν
2343 1225 2493 1278 δοκεῖ
2509 1224 2599 1278 διὰ
2626 1222 2687 1276 τὸ
2709 1219 2922 1290 ἀφανὴς
2945 1213 3106 1274 εῐναι.

2165 1433 2183 1466 ι
2211 1413 2328 1466 Ἵνα
2346 1411 2402 1464 δέ
2425 1409 2622 1478 εἰδῆτε,
2647 1408 2730 1461 ὅτι
2755 1405 3004 1471 ἐξουσίαν
3031 1404 3142 1475 ἔχει
3161 1404 3189 1457 6
3212 1405 3337 1464 Υἱὸς
3355 1403 3452 1457 τοῦ
3475 1405 3681 1474 ἀνθρω-

2089 1524 2191 1559 που
2210 1507 2300 1558 ἐπὶ
2319 1502 2530 1572 τῆςξγῆς
2554 1500 2770 1571 ἀφιέναι
2785 1498 3079 1569 ἁμαρτίας,
3099 1496 3220 1550 τότε
3237 1495 3383 1564 λέγει
3403 1496 3480 1566 τῷ
3497 1512 3683 1568 παρα-

2087 1594 2308 1664 λυτικῷ’
2349 1591 2662 1662 Ἐγερθεὶς,
2697 1586 2829 1661 ἆρόν
2869 1605 2961 1642 σου
2983 1591 3083 1658 τὴν
3122 1585 3332 1656 κλίνην,
3359 1586 3452 1639 καὶ
3499 1585 3684 1656 ὕπαγε

2090 1691 2172 1750 εἰς
2209 1687 2301 1740 τὸν
2351 1680 2500 1738 οἶκόν
2550 1699 2665 1736 σου.
2702 1683 2812 1735 Καὶ
2845 1679 3117 1750 ἐγερθεὶς,
3149 1677 3392 1748 ἀπῆλθεν
3441 1679 3522 1741 είς
3587 1679 3683 1732 τὸν

411 1780 464 1834 in
495 1779 714 1834 domum
737 1795 912 1834 suam.
950 1780 1016 1832 Et
1039 1793 1160 1832 cum
1183 1778 1445 1832 vidissent
1481 1777 1681 1842 turbae,
1706 1778 1986 1830 admiratae

2103 1777 2244 1832 οἷκον
2289 1776 2478 1832 αὑτοῦ.
2521 1774 2743 1836 Ἰδόντες
2760 1771 2818 1825 δέ
2832 1771 2882 1824 οί
2907 1769 3053 1840 ὄχλοι
3086 1767 3421 1840 ἐθαύμασαν,
3443 1769 3539 1821 καὶ
3563 1768 3684 1821 ἐδό-

409 1881 535 1925 sunt
556 1880 610 1924 et
632 1871 1070 1940 gloriﬁcaverunt
1095 1870 1284 1931 Deum,
1316 1869 1407 1936 qui
1465 1869 1613 1922 dedit
1675 1869 1987 1922 hominibus

2103 1872 2262 1937 Ξασαν
2297 1867 2388 1920 τὸν
2420 1865 2554 1919 Θεὸν
2597 1865 2691 1918 τὸν
2737 1863 2896 1916 δόντα
2951 1859 3202 1926 ἐξουσίαν
3252 1859 3516 1929 τοιαύτην
3563 1862 3684 1922 τοῖς

413 1968 740 2030 potestatem
780 1960 962 2015 talem.
1003 1978 1020 2011 ι
1053 1959 1293 2028 lnjunxit
1321 1960 1370 2013 ei
1409 1970 1466 2012 ut
1500 1959 1696 2013 lectum
1730 1969 1989 2028 gestaret,

415 2058 474 2108 ut
530 2064 602 2105 ne
646 2049 930 2120 phantasia
967 2048 1237 2115 videatur,
1267 2058 1320 2104 et
1369 2060 1426 2102 ut
1456 2050 1625 2104 turba:
1664 2051 1847 2114 simul,
1875 2065 1996 2122 qua:

414 2143 708 2200 maximum
745 2142 964 2212 quidem
1018 2143 1286 2208 omnium,
1313 2157 1505 2212 parum
1526 2151 1706 2197 tamen
1722 2142 1992 2197 hominem

414 2234 696 2302 putabant,
720 2232 1050 2286 miraculum
1081 2233 1415 2286 intueantur.

491 2325 655 2381 Vens.
689 2325 774 2381 9.:
804 2324 870 2378 Et
901 2327 1216 2394 praeteriens
1235 2321 1397 2377 Iesus
1420 2321 1527 2395 43
1559 2323 1725 2388 illinc,
1748 2324 1878 2378 vidit
1903 2324 1999 2378 ho-

417 2419 614 2472 minem
632 2420 908 2472 sedentem
937 2416 988 2470 in
1011 2415 1229 2480 telouio,
1251 2416 1338 2484 qui
1364 2415 1646 2472 blattlmus
1662 2417 1942 2471 dicebatur
1973 2435 1990 2472 :

416 2519 471 2563 et
520 2509 651 2563 dicit
710 2507 1076 2578 iUi,Sequere
1127 2522 1234 2562 me.
1261 2505 1330 2560 Et
1367 2522 1600 2576 surgens
1648 2519 1867 2562 secutus
1915 2519 1999 2563 est

416 2614 562 2655 eum.
595 2618 612 2650 ι
638 2596 754 2652 Non
774 2614 896 2654 cum
937 2598 1095 2652 Petro
1124 2607 1179 2654 et
1209 2595 1420 2652 Joanne
1445 2599 1590 2654 hunc
1628 2601 1869 2665 vocavit,
1902 2600 1998 2655 sed

417 2693 635 2760 quando
667 2691 803 2746 vidit
831 2691 1360 2761 obtemperaturum.
1407 2693 1500 2747 Sic
1529 2703 1584 2746 et
1625 2691 1850 2746 Paulum
1891 2707 1988 2748 vo-

417 2785 560 2839 cavit
585 2793 770 2852 postea
805 2798 905 2838 suo
937 2794 1200 2852 tempore.
1261 2783 1548 2836 Admirare
1599 2793 1778 2837 autem
1835 2797 2003 2838 evan-

417 2875 686 2944 gelistam,
718 2876 997 2944 quomodo
1025 2877 1190 2929 vitam
1244 2890 1400 2930 suam
1427 2874 1694 2944 invulgat,
1750 2877 2001 2943 quamvis

419 2967 509 3020 alii
541 2981 736 3021 nomen
757 2966 876 3035 ejus
899 2967 1269 3035 occultarnnt,
1309 2983 1432 3021 eum
1480 2967 1809 3037 appellantes
1849 2965 2000 3025 Levi.

421 3058 517 3114 Dei
547 3066 728 3113 autem
760 3045 893 3129 dpus
927 3057 1050 3126 fuit,
1079 3058 1193 3115 solo
1215 3060 1379 3116 verbo
1413 3074 1534 3114 eum
1567 3058 1833 3115 converti.

494 3240 656 3296 Vens.
693 3240 778 3308 i0,
811 3237 901 3297 ll.
943 3259 963 3294 ι
1004 3241 1070 3297 Et
1108 3240 1308 3297 factum
1334 3253 1416 3300 est
1444 3245 1538 3301 illo
1572 3247 1918 3302 recumbente
1942 3246 1994 3300 in

421 3332 602 3399 domo,
638 3348 765 3388 ecce
804 3333 956 3389 multi
993 3334 1259 3404 publicani
1288 3345 1342 3390 et
1365 3347 1681 3407 peccatores
1711 3346 1997 3404 venerunt,

423 3433 477 3479 et
512 3424 873 3479 recubnerunt
903 3440 1024 3479 cum
1053 3423 1179 3480 Jesu
1207 3435 1261 3481 et
1284 3425 1564 3498 discipulis
1602 3429 1739 3498 ejus.
1771 3429 1838 3484 Et
1871 3445 1994 3485 cum

425 3513 689 3570 vidissent
737 3515 1023 3578 Pharisaei,
1073 3517 1330 3572 dixerunt
1366 3520 1648 3590 discipulis
1690 3523 1848 3593 ejus:
1891 3522 2002 3577 Cur

426 3621 548 3660 cum
579 3607 878 3676 publicanis
909 3619 962 3663 et
1003 3612 1384 3679 peccatoribus
1416 3614 1587 3668 sumit
1625 3615 1804 3669 cibum
1864 3631 1998 3685 pra:-

427 3703 614 3769 cept‘or
642 3701 850 3754 vester?
893 3719 912 3753 ι
947 3701 1202 3758 Gaudcns
1236 3702 1519 3760 Matthaus
1551 3708 1697 3776 quod
1730 3709 1797 3762 ad
1831 3724 1888 3763 se
1915 3708 2001 3763 di-

424 3790 679 3843 vertissct
723 3787 902 3856 Jesus,
934 3789 1253 3858 publicanos
1288 3791 1426 3847 alios
1479 3794 1712 3848 vocavit.
1756 3793 2002 3849 Christus

424 3890 607 3934 autem
636 3881 796 3934 sinnd
831 3881 1152 3937 vescebatur
1181 3899 1302 3938 cum
1347 3883 1446 3950 eis,
1489 3894 1548 3938 ut
1590 3886 1672 3940 eis
1704 3889 1997 3957 prodesset

427 3973 644 4050 tametsi
687 3984 907 4044 prapter
943 3977 1045 4030 hoc
1087 3975 1226 4032 male
1260 3978 1498 4033 audiret.
1532 3977 1792 4034 Pharisaei
1823 3979 2000 4045 enim,

427 4062 670 4119 volentes
704 4065 996 4134 discipulos
1027 4067 1095 4121 ab
1129 4083 1196 4123 eo
1240 4069 1471 4124 avellere
1493 4109 1509 4135 ,
1545 4069 1872 4126 accusabant
1905 4086 2004 4138 pu-

429 4155 758 4210 blicanorum
783 4158 1110 4213 convivium.

501 4243 666 4301 νω.
698 4247 885 4313 l2,l3.
923 4268 942 4301 ι
978 4247 1162 4316 Jews,
1192 4253 1282 4306 ubi
1302 4254 1678 4319 audivit,dixit
1711 4255 1852 4310 illis:
1885 4255 2003 4313 Non

429 4351 567 4406 opus
614 4337 813 4390 habent
863 4338 899 4392 ii
940 4339 1032 4408 qui
1071 4339 1272 4406 valent,
1323 4343 1555 4409 medico,
1597 4344 1692 4398 sed
1730 4346 1868 4400 male
1909 4347 2006 4400 ha-

433 4429 643 4482 bentes.
677 4425 750 4482 [te
778 4438 978 4497 autem,
1001 4439 1054 4485 et
1079 4431 1267 4487 discite
1309 4434 1437 4503 quid
1464 4435 1555 4490 sit.
1582 4434 2003 4495 Misericordiam

2095 1961 2421 2033 ἀνθρώποις.
2450 1977 2468 2012 ι
2503 1955 2843 2030 Προσέταξεν
2874 1953 3022 2024 αῦτῷ
3042 1954 3140 2025 τὴν
3175 1952 3363 2024 κλίνην
3390 1952 3683 2022 βαστάσαι,

2096 2054 2184 2107 ἵνα
2227 2053 2302 2124 μὴ
2339 2050 2616 2122 φαντασία
2636 2047 2788 2120 δόξῃ,
2821 2047 2916 2100 καὶ
2965 2047 3080 2118 ἃμα
3111 2047 3198 2100 ἵνα
3222 2045 3406 2100 ἴδωσιν
3453 2045 3502 2098 οἱ
3534 2044 3687 2115 δχλοι

2095 2149 2156 2200 τὸ
2213 2147 2456 2215 σημεῖον,
2502 2143 2552 2196 οῖ
2610 2141 2687 2206 ὡς
2737 2140 2893 2211 ψιλὸν
2944 2140 3044 2212 μὲν
3077 2139 3368 2210 ἄνθρωπον
3420 2136 3676 2209 ἐνόμιζον

2096 2239 2282 2301 αὐτὸν,
2309 2239 2596 2308 κρείττονα
2655 2236 2844 2307 μέντοι
2875 2237 3112 2289 πάντων.

2177 2350 2196 2384 ι
2229 2331 2340 2385 Καὶ
2379 2331 2648 2400 παράγων
2669 2331 2697 2382 6
2735 2327 2942 2399 Ἰησοῦς
2970 2327 3201 2393 ἐκεῖθεν,
3230 2323 3370 2379 εἶδεν
3396 2324 3688 2396 ἄνθρωπον

2100 2419 2415 2489 καθήμενον
2463 2419 2559 2470 ἐπὶ
2615 2417 2676 2469 τὸ
2733 2415 3011 2480 τελώνιον,
3043 2417 3323 2471 Ματθαῖον
3360 2416 3684 2485 λεγόμενον,

2100 2512 2195 2565 καὶ
2215 2512 2370 2580 λέγει
2400 2509 2571 2579 αὐτῷ*
2604 2507 2918 2562 Ἀκολούθει
2947 2509 3185 2580 μοι.Κα“ι
3206 2508 3443 2572 ἀναστὰς
3466 2506 3692 2577 ⁴ἠκολού-

2101 2603 2268 2675 θησεν
2294 2601 2462 2673 αύτῷ.
2502 2620 2520 2654 ι
2552 2601 2627 2655 Οὐ
2663 2601 2803 2672 μετά
2827 2601 3038 2672 Πέτρου
3054 2600 3149 2654 καὶ
3198 2599 3450 2654 Ἰωάννου
3491 2599 3688 2653 τοῦτον

2101 2695 2388 2760 ἐκάλεσεν,
2418 2693 2532 2748 ἀλλ’
2571 2693 2661 2747 ὅτε
2712 2692 2830 2764 ᾔδει
2875 2691 3332 2763 πεισθησόμενον.
3385 2691 3540 2745 Οῦτω
3569 2690 3685 2760 γάρ

2101 2788 2196 2843 καὶ
2225 2787 2437 2842 Παῦλον
2473 2786 2734 2841 ἐκάλεσεν
2764 2784 2996 2856 ὕστερον
3052 2785 3141 2838 ὅτε
3174 2783 3366 2856 καιρὸς
3421 2778 3511 2854 ἦν.
3540 2782 3690 2837 Θαύ-

2106 2897 2278 2952 μασον
2323 2879 2379 2932 δὲ
2439 2879 2533 2932 τὸν
2589 2876 3008 2949 εὐαγγελιστὴν,
3064 2877 3181 2941 πῶς
3231 2875 3690 2948 ὲκπομπεύειτὺν

2103 2971 2297 3026 ἐαυτοῦ
2325 2971 2460 3042 βίον,
2487 2971 2662 3026 καίτοι
2692 2972 2741 3023 oi
2772 2970 2921 3024 ἄλλοι
2945 2969 3187 3040 ἔκρυψαν
3217 2969 3277 3024 τὸ
3297 2969 3468 3038 ὄνομα
3493 2965 3691 3034 αὑτοῦ,

2103 3063 2238 3119 Λευῒ
2267 3063 2814 3135 προσαγορεύσαντες
2848 3063 3011 3118 αὐτόν
3049 3077 3063 3093 ⁸
3094 3061 3232 3116 Θεοῦ
3283 3061 3342 3115 δέ
3379 3060 3560 3132 ἔργον,
3609 3058 3692 3130 τῷ

2105 3154 2249 3226 λόγῳ
2282 3154 2427 3225 μόνῳ
2470 3155 2848 3226 μεταστρέψαι
2871 3153 3056 3208 αὐτόν.

2183 3265 2200 3297 ι
2230 3245 2339 3300 Καὶ
2376 3245 2592 3315 ἐγένετο
2623 3244 2788 3298 αὑτοῦ
2823 3245 3185 3315 ἀνακειμένου
3215 3245 3272 3298 ἐν
3300 3244 3366 3314 τῇ
3393 3242 3562 3314 οἰκίᾳ,
3592 3243 3694 3294 καὶ

2109 3336 2219 3390 ἰδοὺ
2247 3335 2425 3390 πολλοὶ
2440 3337 2668 3390 τελῶναι
2692 3337 2787 3390 καὶ
2819 3325 3156 3408 ἀμαρτωλοὶ,
3191 3335 3437 3398 ἐλθόντες
3487 3351 3692 3388 συναν-

2107 3431 2314 3485 έκειντο
2333 3430 2410 3502 τῷ
2436 3430 2612 3502 Ἰησοῦ
2639 3433 2733 3484 καὶ
2758 3432 2872 3494 τοῖς
2934 3430 3201 3502 μαθηταῖς
3222 3431 3408 3483 αὐτοῦ’
3432 3429 3526 3482 καὶ
3556 3428 3696 3481 ίδὸνο

2105 3539 2197 3585 τες
2228 3523 2278 3574 οἱ
2309 3523 2612 3592 Φαρισαῖοι,
2653 3515 2806 3573 εἷπον
2844 3523 2956 3585 τοῖς
3000 3521 3272 3592 μαθηταῖς
3309 3519 3499 3574 αὐτοῦ’
3535 3517 3694 3573 Διατί

2112 3613 2252 3686 μετά
2273 3613 2381 3667 τῶν
2407 3612 2654 3666 τελωνῶν
2682 3615 2778 3667 καὶ
2813 3613 3152 3684 ἁμαρτωλῶν
3185 3612 3358 3666 ἐσθίει
3384 3613 3412 3665 6
3435 3612 3697 3665 διδάσκα-

2109 3704 2200 3769 λος
2232 3703 2415 3775 ὑμῶν;
2460 3723 2478 3755 ι
2509 3703 2948 3774 Εὗφραινόμενος
2974 3705 3000 3756 6
3031 3701 3306 3766 Ματθαῖος
3334 3705 3400 3773 τῇ
3435 3701 3528 3754 τοῦ
3555 3702 3697 3772 Χρι-

2110 3794 2237 3848 στοῦ
2263 3794 2519 3867 ὑποδοχῇ,
2559 3797 2685 3859 τοὺς
2713 3793 2954 3858 τελώνας
2979 3795 3229 3856 ἐκάλεσε,
3270 3797 3611 3847 συνεστιᾶται
3638 3792 3698 3846 δέ

2110 3887 2294 3951 αὐτοῖς
2328 3888 2356 3940 6
2394 3887 2652 3959 Χριστὸς,
2701 3885 2842 3940 ὥστε
2876 3886 3159 3956 ὠφελῆσαι
3191 3886 3412 3950 αὐτοὺς,
3465 3885 3568 3940 κᾶν
3603 3883 3697 3937 διὰ

2109 3979 2268 4033 τοῦτο
2296 3978 2560 4049 ὲψέγετω
2583 3981 2633 4032 οῖ
2661 3980 2768 4053 γὰρ
2791 3978 3104 4050 Φαρισαῖοι,
3131 3976 3375 4040 θέλοντες
3390 3977 3702 4046 ἀποστῆσαι

2110 4069 2276 4124 αὐτοῦ
2314 4071 2439 4134 τοὺς
2466 4070 2734 4141 μαθητὰς,
2775 4070 3054 4124 διέϐαλλον
3093 4069 3194 4138 τὴν
3231 4068 3372 4140 μετά
3397 4068 3504 4122 τῶν
3525 4067 3698 4121 τελω-

2111 4163 2219 4219 νῶν
2255 4163 2622 4217 συνεστίασιν.

2187 4274 2208 4308 ι
2259 4257 2318 4310 '0
2353 4258 2409 4311 δὲ
2455 4256 2662 4328 Ἰησοῦς
2693 4257 2954 4322 ἀκούσας,
2991 4251 3144 4313 εἶπεν
3173 4259 3380 4321 αὐτοῖς·
3409 4257 3484 4311 Οὐ
3508 4255 3702 4328 χρείαν

2113 4348 2325 4420 ἔχουσιν
2355 4351 2403 4402 oi
2443 4350 2722 4420 ίσχύοντες
2755 4351 2962 4422 ίατροῦ,
2996 4351 3112 4405 ἀλλ’
3155 4352 3205 4405 oi
3238 4350 3424 4415 κακῶς
3455 4351 3699 4421 ἔχοντες.

2116 4441 2476 4514 Πορευθέντες
2505 4442 2560 4494 δέ
2593 4441 2793 4511 μάθετε
2830 4442 2883 4494 τί
2926 4443 3043 4495 ἐστ-ι
3076 4442 3159 4495 τό·
3200 4441 3388 4494 Ἐλεον
3421 4441 3576 4506 θέλω,
3605 4441 3706 4495 καὶ

435 4517 582 4582 voio,
626 4527 678 4570 et
720 4532 822 4570 non
871 4519 1221 4575 sacriﬁcium.
1271 4521 1392 4578 Non
1438 4527 1582 4580 enim
1643 4528 1762 4580 veni
1811 4545 1999 4586 vocare

2111 4535 2168 4588 οὐ
2189 4535 2398 4588 θυσίαν.
2419 4533 2496 4589 Ού
2516 4534 2622 4606 γάρ
2638 4529 2800 4605 ἦλθον
2825 4534 3054 4589 καλέσαι
3076 4534 3336 4599 δικαίους,
3359 4535 3494 4590 ἀλλὰ
3514 4536 3705 4606 ἀμαρ-

430 4609 624 4679 justos,
654 4611 747 4664 sed
778 4617 1100 4679 peccatores
1132 4615 1199 4667 ad
1220 4615 1618 4683 ptenitentiam.
1661 4636 1682 4670 ι
1718 4616 1833 4673 Non
1865 4622 2008 4687 veni,

438 4699 632 4768 inquit,
652 4701 1264 4771 nunctauqnatnjudex,
1299 4708 1392 4760 sed
1423 4714 1484 4759 ut
1502 4707 1743 4762 medicus
1767 4724 1781 4760 :
1801 4712 1943 4763 unde
1959 4721 2013 4764 et

439 4789 688 4845 [nitorem
716 4789 852 4847 fero.
887 4792 1078 4862 Arguit
1109 4805 1286 4849 autem
1331 4796 1452 4851 illos
1496 4806 1553 4850 ut
1596 4797 1899 4867 imperitus,
1933 4800 2014 4854 dic-

439 4897 590 4951 cens,
624 4882 724 4949 lte,
752 4895 806 4938 et
833 4886 1048 4953 discite,
1082 4887 1184 4942 hoc
1209 4897 1315 4953 est,
1346 4889 1470 4958 quia
1502 4890 1771 4946 hactenus
1795 4907 1903 4946 non
1930 4891 2018 4946 di-

437 4977 669 5044 dicistis,
706 4979 784 5034 vel
829 4980 1020 5036 saltem
1068 4995 1212 5036 nunc
1243 4981 1318 5036 ite
1346 4990 1406 5036 et
1445 4983 1656 5049 discite,
1694 4987 1848 5054 quod
1874 4983 2017 5040 Deus

439 5071 610 5141 pluris
644 5070 772 5127 facit
805 5073 1229 5128 misericordiam
1265 5074 1319 5127 in
1357 5086 1691 5142 peccatores.
1731 5093 1891 5146 quam
1927 5093 2017 5131 sa-

441 5163 722 5218 criﬁcium.
767 5164 919 5232 Quod
965 5177 1148 5219 autem
1190 5165 1341 5231 dicit,
1390 5164 1507 5221 Non
1542 5170 1661 5222 veni
1708 5185 1902 5224 vocare
1931 5171 2020 5240 ju-

442 5265 578 5320 stos,
635 5270 732 5325 per
767 5255 994 5309 ironiam
1031 5257 1183 5321 dicit,
1226 5258 1324 5311 hoc
1354 5267 1460 5323 est,
1495 5273 1608 5324 vos,
1639 5261 1728 5328 qui
1753 5260 2022 5330 justiﬁca-

444 5349 514 5403 tis
545 5346 900 5418 vosmetipsos
930 5365 944 5402 :
975 5348 1102 5418 quis
1141 5347 1324 5403 nullus
1362 5349 1641 5403 hominum
1677 5361 1798 5406 erat
1819 5352 2020 5422 justus.

445 5438 605 5494 Venit
652 5439 815 5509 igitur
857 5454 1055 5496 vocare
1108 5450 1447 5510 peccatores,
1499 5457 1608 5500 non
1654 5453 1714 5498 ut
1769 5456 2022 5502 maneant

443 5544 778 5605 peccatores,
806 5531 900 5589 sed
928 5541 990 5589 ut
1019 5533 1365 5604 resipiscam.

443 5817 586 5856 ειειιι.

2104 4627 2306 4690 τωλοὺς
2335 4628 2414 4689 είς
2447 4628 2757 4697 μετάνοιαν.
2797 4647 2816 4678 ι
2863 4627 2981 4683 Ούκ
3021 4625 3206 4698 ἦλθον,
3270 4629 3427 4698 φησι,
3481 4629 3580 4680 νῦν
3624 4626 3705 4688 ὡς

2110 4719 2329 4789 κριτὴς,
2358 4719 2474 4771 ἀλλ’
2503 4720 2582 4782 ὡς
2610 4719 2819 4791 ἰατρὸς,
2846 4719 2966 4773 ὅθεν
2989 4721 3084 4773 καὶ
3107 4720 3372 4783 δυσωδίας
3403 4719 3700 4788 ἀνέχομαι.

2114 4811 2358 4880 Ἐλέγχει
2387 4811 2443 4864 δὲ
2474 4812 2669 4875 αὐτοὺς
2696 4814 2789 4866 καὶ
2811 4812 2886 4876 ὼς
2912 4813 3165 4882 ἀμαθεῖς,
3189 4812 3384 4880 λέγων·
3408 4810 3709 4883 Πορευθέν-

2112 4919 2208 4967 τες
2242 4903 2466 4973 μάθετε,
2500 4903 2805 4969 τουτέστιν,
2836 4905 2957 4958 imi
2991 4905 3154 4976 μέχρι
3185 4903 3281 4957 τοῦ
3306 4904 3401 4957 νῦν
3428 4904 3528 4956 οὐκ
3567 4904 3711 4972 ἐμά.-

2120 4995 2262 5060 θετε,
2296 4996 2400 5050 κᾶν
2438 4997 2546 5050 ἀπὸ
2571 4996 2665 5050 τοῦ
2696 4995 2788 5050 νῦν
2818 4997 3081 5051 ἀπέλθετε
3125 4999 3219 5052 καὶ
3254 4997 3475 5068 μάθετε,
3502 4997 3585 5049 ὃτι
3615 4994 3712 5047 τὸν

2123 5091 2204 5150 είς
2243 5088 2368 5151 τοὺς
2412 5087 2775 5160 ἁμαρτωλοὺς
2816 5089 2965 5142 ἔλεον
3002 5092 3248 5162 προτιμᾷ
3287 5090 3398 5144 τῶν
3438 5091 3636 5143 θυσιῶν
3682 5089 3714 5141 6

2120 5178 2274 5242 Θεός.
2303 5179 2376 5231 Τὸ
2403 5179 2480 5245 δέ,
2508 5180 2622 5233 υὺκ
2653 5175 2818 5251 ἦλθον
2862 5181 3086 5237 καλέσαι
3127 5182 3389 5247 δικαίους,
3423 5179 3715 5253 εἰρωνευό·

2121 5287 2281 5344 μενος
2322 5269 2495 5338 λέγει,
2525 5270 2808 5326 τουτέστιν
2849 5273 2996 5341 ὑμᾶς
3038 5273 3168 5338 τοὺς
3205 5272 3548 5335 δικαιοῦντας
3578 5272 3714 5324 ἐαυ-

2121 5362 2270 5426 τοῦς,
2303 5363 2428 5415 ἐπεὶ
2449 5363 2628 5427 οὐδεὶς
2655 5362 2765 5417 τῶν
2786 5361 3088 5436 ἀνθρώπων
3108 5365 3226 5418 ἐστὶ
3254 5365 3478 5428 δίκαιος.
3506 5357 3716 5417 Ἦλθον

2122 5451 2218 5506 οῦν
2251 5454 2477 5508 καλέσαι
2503 5455 2886 5526 ἁμαρτωλοὺς,
2916 5458 3014 5530 οὐχ
3038 5457 3125 5511 ἶνα
3155 5459 3414 5530 μείνωσιν
3445 5458 3714 5528 ἀμαρτω-

2127 5541 2230 5612 λοὶ,
2263 5546 2381 5600 ἀλλ’
2427 5547 2516 5600 ἴνα
2563 5549 2963 5620 μετανοήσωσι.

516 5731 754 5824 tu)Edii.
796 5731 918 5789 ιω.
995 5734 1220 5793 Videant
1284 5738 1626 5808 miraculum,
1692 5739 1986 5797 maximum
2039 5745 2248 5814 quidem
2325 5746 2994 5824 omniumjastimabant,
3047 5768 3240 5820 purum
3306 5761 3481 5808 tamen
3539 5753 3719 5810 hauri-
