4078 6464
360 412 470 477 229

1005 402 1453 468 ENARRATIO
1491 401 1572 464 IN
1603 394 2108 463 EVANGELIUM
2150 388 2534 453 MATTHJEI.
2573 412 2641 425 -ε
2674 385 2834 447 CAP.
2873 384 2978 443 IX.

3513 373 3620 438 230

421 540 439 573 ι
484 518 621 576 Τότε
654 517 1050 590 προσέρχονται
1084 513 1233 586 αύτῷ
1267 514 1318 568 οἱ
1371 509 1616 584 μαθηταὶ
1655 507 1929 571 Ἰωάννου,

2111 501 2274 556 Vens.
2338 500 2426 555 14.
2486 516 2504 551 ι
2564 496 2717 552 Tunc
2773 494 3039 550 accedunt
3076 489 3144 546 ad
3194 502 3317 545 eum
3371 484 3619 555 discipuli

334 614 626 677 λέγοντες
659 612 818 667 Διατί
866 612 1025 683 ἡμεῖς
1056 611 1153 665 καὶ
1199 609 1250 663 οξ
1279 608 1564 679 Φαρισαῖοι
1598 601 1935 674 νηστεύομεν

339 702 537 766 πολλα.
561 704 613 758 οί
632 702 690 758 δὲ
717 700 958 774 μαθηταί
983 716 1076 755 σου
1107 699 1170 753 οὐ
1195 696 1580 771 νηστεύουσιν;
1618 712 1637 746 ι
1663 693 1727 745 Οἱ
1758 690 1936 763 μαθη-

339 801 435 853 ταὶ
480 796 756 864 Ἰωάννου,
811 793 1165 870 φθονοῦντες.
1186 794 1255 864 τῇ
1305 791 1435 862 δόξῃ
1500 786 1598 842 τοῦ
1661 783 1931 858 Χριστοῦ,

340 889 674 958 ἐγκαλοῦσιν
719 887 869 959 αὐτῷ
918 887 994 958 μὴ
1035 883 1381 956 νηστεύοντιο
1421 880 1783 953 διηποροῦντο
1827 878 1937 949 γὰρ

344 988 506 1049 ἴσως,
526 985 645 1048 πῶς
670 982 799 1037 άνευ
827 982 1111 1052 ἀσκήσεως
1133 978 1201 1033 τά
1227 977 1375 1047 πάθη
1402 977 1549 1047 νικᾷ,
1577 976 1713 1045 ὅπερ
1755 972 1939 1027 Ἰωάν-

344 1093 446 1147 νης
468 1076 568 1128 οὐκ
596 1075 818 1145 ἴσχυσεν
840 1087 853 1101 ·
886 1071 1116 1142 ἠγνόουν
1143 1068 1251 1137 γὰρ
1285 1068 1366 1121 ὃτι
1402 1065 1659 1136 Ἰωάννης
1688 1063 1789 1134 μὲν
1844 1063 1939 1118 άνο

348 1165 571 1235 θρωπος
599 1164 775 1230 eos;
811 1164 905 1216 καὶ
933 1157 994 1227 ἐξ
1037 1159 1239 1231 ἀρετῆς
1275 1156 1487 1219 δίκαιος
1509 1172 1525 1188 ³
1574 1156 1812 1227 Χριστὸς
1855 1153 1936 1219 δὲ,

353 1257 685 1327 αὖτοαρετὴ,
719 1257 793 1320 ὼς
813 1255 964 1318 Θεὸς.

434 1460 453 1492 ι
492 1437 661 1492 Εἶπεν
688 1436 783 1491 οὖν
806 1436 991 1509 αὐτοῖς
1022 1436 1050 1489 ὁ
1096 1431 1328 1505 Ἰησοῦς·
1354 1432 1446 1503 Μὴ
1477 1431 1732 1487 δύνανται
1760 1432 1808 1485 οἱ
1835 1431 1942 1485 uici.

356 1532 449 1586 τοῦ
494 1531 785 1601 νυμφῶνος
827 1528 1063 1590 πενθεῖν,
1117 1527 1202 1597 ἐφ’
1250 1527 1375 1579 ὅσον
1424 1525 1541 1595 μετ’
1582 1524 1764 1579 αὐτῶν
1797 1526 1942 1577 ἐστιν

355 1625 386 1677 δ
414 1623 684 1693 νυμφίοςς
720 1619 1064 1674 Ἐλεύσονται
1102 1617 1158 1671 δὲ
1184 1618 1387 1689 ἡμέραι
1415 1617 1545 1670 ὅταν
1591 1614 1811 1686 ἀπαρθῇ
1847 1612 1941 1666 ἀπ’

355 1714 537 1767 αὐτῶν
582 1714 611 1767 ὁ
649 1712 902 1780 νυμφίος,
937 1709 1030 1762 καὶ
1066 1708 1188 1762 τότε
1236 1704 1646 1774 νηστεύσουσιν.
1689 1704 1940 1773 ιΧαρᾶς,

2036 594 2279 658 Joannis,
2307 591 2548 647 dicentes
2578 606 2594 644 :
2628 587 2806 655 Quare
2826 600 2923 640 nos
2950 593 3004 639 et
3024 579 3282 638 Pharisaei
3310 578 3623 650 jejunamus

2037 687 2372 756 frequenter,
2407 681 2652 751 discipuli
2681 689 2859 734 autem
2885 677 2961 731 tui
2989 690 3097 730 non
3118 671 3411 744 jejunaut?
3441 689 3461 723 ι
3491 668 3612 724 Dis-

2039 781 2201 850 cipuli
2267 778 2492 835 Joannis
2522 775 2762 831 invident
2786 772 2969 845 gloriae
2996 768 3222 834 Christi,
3254 778 3307 823 et
3333 765 3626 835 reprehen-

2037 874 2172 930 dunt
2211 888 2332 927 eum
2377 885 2481 925 non
2511 868 2868 939 jejunantem.
2933 863 3267 917 Dubitabant
3316 860 3460 914 enim
3512 855 3626 913 for-

2042 976 2187 1022 lasse
2231 962 2504 1035 quomodo
2553 962 2796 1014 vinceret
2841 958 3045 1024 absque
3094 952 3339 1029 corporis
3386 950 3624 1020 castiga-

2044 1062 2188 1118 tione
2220 1056 2555 1123 affectiones,
2588 1052 2638 1106 id
2672 1049 2816 1121 quod
2843 1046 3085 1101 Joannes
3111 1060 3215 1099 non
3246 1044 3442 1112 potuit.
3470 1040 3627 1109 Igno-

2041 1153 2235 1206 rabant
2285 1148 2429 1200 enim
2477 1142 2619 1214 quod
2658 1140 2894 1196 Joannes
2937 1136 3101 1190 homo
3139 1143 3285 1190 esset
3326 1146 3515 1203 purus,
3567 1139 3622 1184 et

2044 1245 2242 1296 virtute
2269 1240 2468 1311 justus.
2498 1235 2752 1291 Christus
2787 1239 2965 1285 autem
3022 1228 3196 1281 virtus
3250 1224 3401 1294 ipsa,
3441 1230 3628 1292 utpote

2046 1333 2207 1390 Dt‘llS.

2117 1426 2278 1479 \‘sns.
2315 1421 2400 1477 l5.
2435 1439 2453 1472 ι
2493 1417 2635 1472 Dixit
2659 1414 2824 1486 igitur
2852 1411 2958 1467 illis
2988 1408 3187 1465 Jesus:
3226 1403 3365 1460 Num
3400 1411 3630 1475 possunt

2048 1521 2139 1574 lilii
2173 1516 2395 1572 thalami
2446 1510 2631 1582 lugere
2681 1508 2921 1580 quandiu
2967 1518 3089 1560 cum
3126 1503 3206 1557 eis
3236 1509 3319 1555 est
3358 1498 3628 1570 Sponsus?

2046 1614 2279 1670 Venieut
2312 1619 2493 1665 autem
2537 1607 2654 1663 dies
2694 1619 2816 1659 cmn
2859 1601 3137 1655 auferetur
3169 1596 3236 1650 ab
3268 1596 3347 1650 eis
3372 1608 3625 1662 sponsus,

2045 1716 2100 1764 et
2151 1716 2279 1761 tunc
2328 1701 2672 1777 jejunabunl.
2727 1715 2746 1749 ι
2817 1695 3087 1754 Pra-sens,
3148 1688 3343 1759 inquit,
3397 1696 3627 1755 tempus,

358 1805 555 1875 φησὶν,
587 1804 617 1856 ὁ
649 1778 843 1872 παρῶν
873 1799 1087 1871 καιρὸς,
1117 1798 1225 1861 ἕως
1269 1791 1331 1852 οὗ
1366 1795 1503 1867 μετὰ
1531 1795 1641 1849 τῶν
1687 1794 1943 1866 μαθητῶν

2051 1809 2260 1866 tempus
2308 1794 2488 1867 gaudii
2537 1800 2643 1856 est,
2690 1787 2928 1859 quandiu
2986 1796 3112 1839 cum
3145 1778 3427 1849 discipulis
3481 1792 3625 1832 sum.

521 1856 775 1964 Diuptpiolv
799 1890 908 1961 γὰρ
938 1856 1131 1944 seuseu
1156 1856 1434 1959 ὀνομάζει,
1464 1885 1540 1950 ὡς
1568 1856 1941 1957 ἁρμοζόμενον

2051 1856 2337 1963 Sponsum“
2364 1886 2511 1944 enim
2559 1856 2796 1953 seipsum
2846 1887 3026 1942 vocat,
3072 1874 3215 1945 quod
3263 1877 3478 1940 cooptet
3525 1868 3630 1925 sibi

355 1983 538 2054 ἐαυτῷ
563 1984 665 2054 τὴν
710 1982 837 2036 νέαν
886 1978 1233 2051 συναγωγὴν,
1277 1976 1658 2049 ἀποθανούσης
1695 1978 1795 2048 τῆς
1835 1995 1942 2030 πα-

352 2075 515 2139 λαιᾶς
534 2091 549 2105 ·
576 2075 730 2139 υἱοὺς
760 2073 817 2126 δέ
842 2070 1152 2143 νυμφῶνος,
1184 2070 1310 2134 τοὺς
1367 2069 1720 2132 ἀποστόλους.
1750 2068 1945 2121 Ἔσται

354 2167 450 2225 οὖν
466 2167 682 2236 καιρὸς,
708 2165 898 2237 φησιν,
922 2165 1033 2232 ὅτε,
1060 2162 1195 2234 ἐμοῦ
1213 2162 1478 2226 παθόντος
1497 2163 1593 2217 καὶ
1609 2160 1946 2232 ἀναληφθέν-

352 2279 466 2325 cog,
496 2259 885 2331 νηστεύσουσιν
928 2258 988 2312 ἐν
1019 2254 1165 2326 λιμῷ
1202 2255 1305 2331 ,καὶ
1330 2253 1458 2326 δίψῃ
1491 2253 1835 2324 διωκόμενοι.
1872 2251 1946 2306 Τὸ

342 2330 559 2416 ’ἀτελὲς
579 2352 637 2405 δὲ
660 2350 769 2405 τῶν
801 2347 1065 2421 μαθητῶν
1087 2330 1371 2410 δεικνύων,
1405 2345 1625 2411 ἐπάγει·

434 2553 453 2585 ι
492 2533 684 2598 Οὐδεὶς
718 2534 777 2587 δὲ
807 2532 1092 2587 ἐπιϐάλλει
1126 2531 1406 2602 ἐπίϐλημα
1453 2530 1657 2601 ῥάκους
1696 2528 1944 2597 ἀγνάφου

357 2626 452 2680 ἐπὶ
479 2627 683 2698 ίματίῳ
705 2625 940 2697 παλαιῷ,
964 2625 1109 2695 αἴρει
1132 2625 1241 2696 γὰρ
1261 2626 1323 2678 τὸ
1345 2625 1619 2695 πλήρωμα
1644 2619 1810 2676 αὐτοῦ
1839 2620 1946 2675 άπὸ

354 2720 453 2774 τοῦ
484 2721 725 2791 ἱματίου,
764 2721 862 2774 καλ⁸
896 2721 1079 2790 χεῖρον
1113 2719 1322 2789 σχίσμα
1366 2717 1597 2786 γίνεται.
1638 2714 1771 2770 ossa
1812 2713 1945 2785 βάλ-

357 2810 545 2864 λουσιν
584 2804 730 2863 οῐνον
763 2808 881 2862 νέον
912 2810 991 2872 si;
1024 2809 1227 2874 ἀσκοὺς
1268 2807 1532 2872 παλαιούς
1557 2821 1572 2837 ο
1606 2807 1656 2860 εί
1689 2805 1745 2859 δὲ
1778 2805 1944 2875 μήγε,

362 2902 664 2974 ῥήγνυνται
687 2901 734 2954 oi
757 2900 940 2967 ἀσκοὶ,
968 2900 1105 2953 καὶὸ
1120 2895 1268 2965 οἶνος
1289 2900 1557 2968 ἐκχεῖται,
1583 2896 1677 2951 καὶ
1704 2895 1753 2949 οἱ
1785 2896 1947 2949 ἀσκοὶ⁴

360 2994 713 3050 ἀπόλλυνταιο
760 2995 899 3051 ἀλλὰ
941 2994 1231 3066 βάλλουσιν
1272 2988 1419 3047 οῖνον
1464 2994 1583 3047 νέον
1633 2993 1715 3055 είς
1744 2990 1948 3056 ἀσκοὺς

364 3088 608 3150 καινοὺς,
639 3084 734 3140 καὶ
757 3088 1047 3158 ἀμφότερα
1079 3082 1608 3157 συντηροῦνται.›οὒ
1621 3102 1726 3150 πω,
1754 3085 1946 3155 φησὶν,

446 3179 687 3250 μαθηταὶ
706 3179 1003 3272 γεγόνασιν
1030 3179 1270 3272 ίσχυροι,
1308 3178 1446 3233 ἀλλὰ
1480 3175 1943 3245 συγκαταὸάσεως
1972 3212 2016 3272 c

364 3267 572 3322 δέονται
590 3282 607 3301 ⁶
636 3268 731 3322 καὶ
756 3266 817 3321 ού
842 3267 949 3339 χρὴ
980 3268 1148 3338 βάρος
1207 3268 1389 3332 αὐτοῖς
1419 3266 1720 3321 ἐπιτιθέναι
1744 3266 1944 3319 ἐπιτα-

366 3358 613 3426 γμάτων.
639 3357 825 3413 Ταῦτα
846 3359 903 3413 δὲ
926 3360 1102 3428 ἐλεγε,
1125 3359 1392 3414 διδάσκων
1411 3359 1652 3423 καὶτοὺς
1675 3358 1947 3430 μαθητάς,

369 3449 454 3502 ἵνα
470 3450 567 3503 καὶ
592 3450 770 3516 αὐτοὶ,
799 3451 931 3504 ὃταν
958 3451 1306 3522 μαθητεύωσι
1329 3452 1427 3522 τὴν
1453 3451 1797 3522 οίκουμένην,
1826 3467 1952 3518 συγ-

369 3539 761 3595 καταϐαίνωσι.
805 3539 998 3606 Ῥάκος
1043 3539 1137 3598 οὖν
1194 3542 1433 3615 ἄγναφον
1481 3545 1515 3615 ἡ
1557 3543 1801 3615 νηστεία,
1857 3543 1952 3597 καὶ

368 3626 513 3696 οἶνος
542 3632 702 3697 νέοςο
739 3634 955 3705 ἱμάτιον
999 3636 1057 3689 δέ
1101 3636 1333 3690 παλαιὸν
1377 3636 1472 3691 καὶ
1511 3635 1694 3703 ἀσκοὶ,
1720 3638 1754 3707 ἡ
1784 3635 1951 3690 ἀσθέ-

369 3741 488 3778 νεια
511 3725 623 3778 τῶν
651 3724 930 3796 μαθητῶν.
1150 3750 1155 3754 -

446 3833 466 3865 ι
509 3815 694 3869 Ταῦτα
731 3816 897 3869 αὐτοῦ
947 3815 1234 3881 λαλοῦντος
1264 3819 1470 3885 αὐτοῖς,
1502 3819 1611 3876 ίδοὺ
1648 3821 1833 3895 ἄρχων
1864 3839 1950 3886 τις

370 3906 700 3978 προσεκύνει
724 3907 893 3978 αὐτῷ,
923 3908 1098 3978 λέγων
1117 3927 1133 3944 ο
1176 3909 1242 3964 Ἦ
1268 3910 1513 3984 θυγάτηρ
1549 3930 1650 3983 μου
1676 3914 1802 3984 ἄρτι
1830 3916 1949 3968 ἐτε-

371 3996 656 4069 λεύτησεν,
676 3998 812 4052 ἀλλὰ
829 3998 1001 4053 ἐλθὼν
1020 4000 1209 4065 ἐπίθες
1229 4002 1329 4074 τὴν
1352 4003 1627 4074 χεῖράσου
1650 4005 1736 4058 ἐπ’
1755 4004 1949 4076 αὐτὴν,

370 4091 468 4147 ιιι
492 4088 750 4169 ζήσεται·
803 4089 897 4143 καὶ
945 4089 1197 4162 ἐγερθεὶς
1240 4093 1270 4145 ὁ
1330 4091 1539 4162 Ἰησοῦς
1582 4093 1954 4166 ἠκολούθησεν

371 4180 542 4293 affigi,
690 4181 749 4293 oi‘
772 4181 1014 4293 μαθηταὶ
1030 4183 1225 4293 αὐτοῦ.
1261 4202 1280 4237 ι
1313 4185 1573 4293 Φαίνεται
1603 4187 1786 4241 πίστιν
1811 4185 1954 4258 ἔχων

369 4274 549 4340 οὗτος,
579 4275 630 4328 ἐί
660 4275 756 4328 mi.
801 4274 878 4346 μὴ
909 4274 1154 4346 μεγάλην
1175 4291 1190 4307 ’
1222 4277 1533 4349 παρακαλεῖ
1571 4278 1681 4349 γὰρ
1709 4278 1802 4333 τὸν
1845 4278 1954 4350 Ἰη-

372 4360 526 4430 σοῦν,
560 4365 684 4435 οὐχὶ
709 4364 853 4437 λόγῳ
896 4366 1045 4436 μόνῳ
1085 4367 1285 4432 εἰπεῖν,
1319 4367 1460 4422 ἀλλὰ
1487 4370 1585 4422 καὶ
1631 4368 1830 4438 ἐλθεῖν,
1858 4370 1955 4425 καὶ

368 4455 476 4526 τὴν
498 4455 656 4525 χεῖρα
682 4453 971 4510 ἐπιθεῖναι.
996 4455 1456 4528 Τετελευτηκέναι
1480 4457 1539 4512 δὲ
1561 4456 1710 4528 λέγει
1732 4457 1832 4531 τὴν
1860 4459 1955 4514 θυ-

2046 1999 2237 2042 novam
2269 1977 2763 2052 congregationem,
2791 1980 3004 2028 mortua
3025 1965 3333 2031 veteri,hoc
3360 1973 3464 2028 est,
3498 1976 3628 2033 syn-

2046 2090 2235 2147 agoga.
2287 2072 2456 2129 Filios
2542 2077 2723 2123 autem
2792 2060 3040 2125 thalami,
3104 2054 3381 2128 apostolos
3448 2061 3627 2107 vocat.

2047 2146 2285 2241 Tempus
2317 2166 2443 2233 erit,
2476 2162 2674 2233 inquit,
2709 2156 2924 2229 jejunii,
2955 2167 3078 2210 cum
3108 2164 3209 2223 ego
3231 2161 3424 2220 passus
3452 2146 3625 2208 fuero,

2047 2270 2102 2319 et
2146 2240 2455 2328 aSsumptus
2497 2256 2553 2310 in
2602 2250 2827 2309 caelum.
2869 2244 3201 2318 Jejunabunt
3243 2240 3385 2297 fame
3413 2246 3467 2294 et
3513 2240 3626 2302 siti,

2048 2351 2484 2426 persecutionem
2514 2346 2806 2418 patientes.
2837 2339 3087 2395 Ostendit
3118 2346 3296 2392 autem
3328 2346 3490 2405 quam
3526 2333 3632 2385 itu-

2047 2445 2276 2518 perl‘ecti
2302 2445 2414 2500 sint
2438 2437 2711 2509 discipuli,
2740 2444 2794 2490 et
2817 2434 2954 2489 dicit
2980 2450 2994 2488 :

2117 2538 2282 2594 Vsus.
2323 2536 2408 2603 l6,
2442 2535 2528 2588 l7.
2576 2549 2596 2584 ι
2635 2528 2824 2584 Nullus
2863 2534 3044 2581 autem
3078 2518 3323 2575 itnmittlt
3352 2529 3635 2570 assumen-

2050 2645 2161 2688 tum
2200 2629 2361 2701 panni
2395 2626 2546 2682 rudis
2584 2624 2640 2678 in
2672 2630 2825 2677 veste
2865 2616 3037 2673 veteri
3074 2632 3088 2669 :
3136 2612 3276 2668 tollit
3315 2609 3459 2665 enim
3507 2621 3635 2673 sup-

2046 2698 2375 2796 plementum
2427 2719 2572 2774 illius
2631 2730 2664 2770 a
2711 2711 3061 2773 vestimento,
3111 2702 3222 2778 44
3265 2701 3524 2774 pejorque
3577 2698 3636 2752 tit

2049 2794 2294 2889 ruptura.
2323 2812 2509 2884 Neque
2544 2808 2765 2864 mittunt
2797 2804 2982 2859 vinum
3018 2812 3216 2854 novum
3261 2794 3315 2847 in
3351 2801 3501 2846 utres
3537 2802 3632 2842 ve-

2052 2878 2194 2966 teres
2225 2928 2237 2963 :
2288 2878 2490 2974 alioqui
2543 2904 2867 2969 rumpuntur
2895 2903 3068 2957 utres,
3108 2894 3163 2943 et
3194 2886 3377 2939 vinum
3405 2878 3636 2936 elfundi-

2051 3007 2159 3064 tur,
2194 3003 2248 3052 et
2278 3004 2425 3049 utres
2472 2997 2742 3060 pereunt:
2791 2985 2885 3041 sed
2926 2983 3148 3037 mittunt
3201 2975 3385 3032 vinum
3431 2985 3631 3026 novum

2051 3088 2107 3143 in
2142 3097 2295 3143 utres
2320 3097 2511 3148 novos,
2548 3089 2603 3135 et
2637 3087 2870 3146 utraque
2892 3069 3053 3129 simul
3082 3073 3389 3123 servantur.
3428 3080 3448 3114 ι
3482 3058 3634 3114 Non.-

2052 3179 2203 3242 dum,
2236 3175 2433 3244 inquit,
2484 3170 2613 3224 facti
2659 3174 2787 3222 sunt
2827 3160 3077 3232 discipuli
3129 3156 3324 3220 fortes,
3367 3152 3463 3208 sed
3498 3162 3636 3218 opus

2056 3241 2257 3324 habent
2295 3241 2659 3331 indulgentia,
2703 3270 2878 3326 neque
2909 3251 3131 3322 gravius
3179 3246 3348 3302 moles
3380 3243 3485 3298 illis
3529 3241 3636 3296 im-

2058 3360 2303 3433 ponenda
2336 3355 2742 3412 mandatorum.
2778 3347 2908 3403 Haec
2947 3353 3128 3399 autem
3166 3338 3402 3405 dicebat,
3433 3335 3637 3389 docens

2056 3423 2112 3505 et
2146 3444 2460 3517 discipulos,
2493 3452 2551 3496 ut
2585 3448 2638 3494 et
2672 3436 2774 3507 ipsi
2803 3432 3017 3491 docturi
3044 3431 3253 3494 orbem,
3295 3423 3638 3495 indulgentes

2058 3543 2186 3598 sint.
2234 3516 2454 3593 Pannus
2507 3533 2651 3589 enim
2694 3527 2846 3584 rudis
2886 3523 3155 3596 jejunium
3204 3528 3311 3585 est,
3355 3524 3409 3572 et
3449 3516 3638 3570 vinum

2060 3649 2257 3690 novum
2303 3649 2318 3686 :
2374 3628 2541 3683 vestis
2588 3632 2771 3679 autem
2821 3627 2980 3675 vetus
3016 3623 3071 3672 et
3120 3619 3295 3679 utres,
3346 3606 3638 3666 iniit-initas

2060 3724 2469 3794 discipulorum.

2132 3815 2297 3869 Vens.
2339 3809 2425 3875 l8,
2468 3809 2554 3863 l...
2597 3825 2618 3859 ‹
2669 3819 2799 3860 eum
2833 3802 2948 3856 haec
2994 3796 3099 3852 illis
3130 3794 3466 3864 loqueretur,
3506 3803 3636 3845 ecce

2061 3908 2311 3977 princeps
2361 3900 2577 3972 quidam
2612 3894 2837 3952 accessit
2893 3901 2949 3948 et
2981 3889 3228 3945 adoravit
3258 3898 3381 3941 eum
3409 3883 3591 3937 dicens
3619 3899 3633 3935 :

2060 4000 2198 4056 Filia
2234 4012 2350 4052 mea
2411 3993 2569 4048 modo
2599 3988 2855 4047 defuncta
2907 3991 3030 4050 est;
3059 3981 3152 4036 sed
3191 3978 3351 4041 veni,
3395 3981 3450 4028 et
3497 3987 3636 4042 pone

2065 4110 2284 4150 manum
2323 4100 2469 4146 tuam
2510 4099 2676 4156 super
2703 4096 2848 4147 eam,
2891 4087 2949 4134 et
2977 4076 3143 4131 vivet.
3178 4070 3521 4139 Surgensque
3547 4063 3638 4120 Je-

2062 4202 2155 4244 sus
2182 4192 2403 4240 secutus
2423 4189 2506 4235 est
2527 4155 2651 4233 eum
2687 4183 2745 4230 et
2778 4168 3026 4240 discipuli
3051 4166 3190 4236 ejus.
3236 4181 3258 4216 ι
3280 4159 3507 4216 Videtur
3545 4155 3637 4211 ille

2066 4278 2224 4335 iidem
2253 4275 2471 4337 habere,
2492 4269 2740 4342 quamvis
2762 4279 2871 4320 non
2902 4273 3175 4332 magnam.
3205 4253 3468 4311 Obsecrat
3491 4247 3637 4342 enim

2062 4369 2268 4433 Iesum,
2296 4379 2404 4421 non
2433 4336 2494 4416 ut
2511 4336 2695 4414 solum
2709 4356 2936 4411 verbum
2960 4350 3126 4414 dicat,
3150 4343 3246 4401 sed
3268 4351 3324 4398 et
3349 4348 3410 4395 ut
3432 4336 3634 4403 veniat,

2061 4467 2116 4515 et
2149 4426 2370 4512 manum
2425 4453 2692 4521 imponat.
2737 4443 3057 4501 Defunctam
3105 4444 3285 4491 autem
3331 4443 3453 4487 esse
3502 4426 3637 4493 dicit

368 4546 603 4651 γατέρα,
629 4547 803 4602 καίτοι
834 4547 929 4601 τοῦ
971 4549 1159 4603 Λουκᾶ
1181 4519 1435 4618 λέγοντος
1482 4550 1560 4614 ὡς
1599 4519 1758 4606 οθπω
1786 4519 1946 4607 ’τετε-

2062 4552 2252 4615 tiliam,
2301 4519 2547 4617 quamvis
2589 4539 2733 4612 apud
2771 4536 2974 4592 Lucam
3007 4531 3221 4595 dicatur
3252 4523 3493 4651 nondut:
3540 4519 3636 4573 de-

2067 4646 2086 4651 -
2313 4641 2344 4651 ··
2384 4640 2417 4651 ’ξ
2531 4646 2543 4651 -
2620 4650 2625 4651 ν
2685 4631 2832 4651 ωι--ι
2888 4625 3191 4651 ---ει-..ουκ
3247 4632 3313 4651 οη
3351 4627 3458 4651 mm
3542 4619 3631 4651 re.

371 4635 660 4707 λεύτηκεν,
703 4637 736 4707 ἢ
778 4638 853 4702 ὡς
884 4610 1301 4710 στοχαζόμενος,
1351 4610 1441 4695 διά
1482 4610 1555 4696 τδ
1588 4642 1647 4695 ὲν
1695 4642 1946 4714 ἐσχάταις

2061 4610 2264 4707 functa,
2294 4610 2426 4695 dicit
2455 4610 2639 4692 autem
2684 4631 2836 4686 velut
2883 4625 3215 4696 coniectans,
3247 4632 3314 4674 eo
3351 4610 3495 4684 quod
3542 4619 3631 4664 re.

370 4730 671 4794 ἀναπνοαῖς
694 4730 865 4801 αὐτὴν
888 4732 1135 4800 ἀφεῖναι,
1187 4733 1221 4804 ἢ
1249 4729 1498 4798 αὐξάνων
1519 4732 1619 4806 τὴν
1644 4737 1950 4809 συμφοράν,

370 4820 447 4882 da,-
475 4824 555 4883 είς
582 4820 732 4875 ἔλεον
761 4822 989 4878 ἐλκύσαι
1016 4823 1107 4878 τὸν
1136 4824 1392 4895 Χριστόν.

452 5029 470 5061 ι
502 5011 609 5065 Καὶ
643 5011 751 5065 ἰδοὺ
778 5013 914 5084 γυνὴ
939 5012 1311 5085 αἱμορροοῦσα
1341 5010 1552 5068 δώδεκα
1576 5012 1696 5082 ἐτη,
1723 5013 1952 5084 προσελ-

369 5102 543 5161 θοῦσα
590 5106 835 5178 δπισθεν,
876 5110 1057 5181 ἥψατο
1099 5108 1193 5167 τοῦ
1240 5108 1552 5181 κρασπέδου
1595 5109 1689 5167 τοῦ
1730 5110 1949 5181 ίματίου

370 5194 557 5250 αὐτοῦ.
592 5198 782 5266 Ἔλεγε
806 5199 913 5271 γάρ
941 5200 999 5255 ἐν
1024 5202 1215 5272 ἑαυτῇ·
1248 5198 1376 5255 Ἐάν
1411 5202 1575 5270 μόνον
1599 5201 1827 5272 ἅψωμαι
1851 5201 1945 5257 τοῦ

372 5287 591 5356 ἱματίου
618 5290 805 5356 αὑτοῦ,
829 5292 1165 5364 σωθήσομαι.
1188 5294 1250 5347 '0
1273 5293 1331 5346 δὲ
1366 5293 1569 5364 Ἰησοῦς
1591 5294 1948 5366 ἐπιστραφεὶς

368 5378 470 5431 καὶ
499 5380 623 5434 ίδὼν
649 5382 841 5454 αὐτὴν,
862 5379 1003 5447 εἷπε·
1036 5385 1264 5457 Θάρσει,
1297 5387 1555 5457 θύγατερ,
1584 5387 1617 5457 ἠ
1643 5386 1820 5451 πίστις
1851 5403 1945 5440 σου

370 5467 582 5525 σέσωκέ
612 5488 706 5554 σε..
738 5474 848 5529 Καὶ
880 5475 1059 5548 ἐσώθη
1104 5478 1137 5547 ἡ
1176 5477 1315 5549 γυνὴ
1343 5478 1450 5532 ἀπὸ
1481 5479 1579 5551 τῆς
1611 5477 1759 5550 ὥρας
1794 5478 1941 5534 ἐκεί-

365 5579 486 5633 νης.
522 5583 542 5616 ι
587 5565 921 5640 Ἀκάθαρτος
951 5565 1085 5623 ούσα
1111 5569 1200 5625 διὰ
1241 5571 1302 5624 τὸ
1338 5571 1531 5639 πάθος,
1578 5570 1640 5624 ού
1671 5570 1943 5644 προσῆλθε

368 5654 618 5726 φανερῶς
667 5658 702 5731 ἡ
743 5661 902 5731 γυνὴ,
936 5661 1309 5734 εὐλαϐουμένη
1353 5666 1548 5735 μήπως
1604 5665 1853 5737 κωλυθῇ·
1894 5668 1945 5721 εί

366 5749 462 5803 καὶ
478 5752 698 5823 ἐνόμισε
716 5755 773 5809 δὲ
787 5756 1093 5824 λανθάνειν,
1116 5759 1257 5832 πλὴν
1274 5761 1506 5831 ἤλπισεν
1528 5761 1721 5831 ὑγείας
1738 5764 1941 5834 τυχεῖν,

368 5843 415 5893 εἰ
449 5840 610 5912 μόνον
638 5844 734 5900 τοῦ
766 5847 938 5920 ἄκρου
961 5849 1056 5906 τοῦ
1093 5850 1308 5921 ίματίου
1342 5852 1558 5923 ἅψεται.
1589 5855 1761 5910 Τοῦτο
1806 5856 1939 5926 γὰρ,

2060 4702 2292 4807 liquerat
2323 4746 2445 4786 eam
2477 4730 2588 4799 jam
2627 4733 2932 4782 extremum
2966 4714 3310 4773 exhalantem
3353 4702 3631 4776 spiritum,

2061 4792 2143 4883 νέι
2189 4836 2247 4881 ut
2274 4792 2493 4893 augens
2521 4816 2910 4878 calamitatem,
2952 4821 3060 4880 quo
3096 4804 3164 4860 ad
3201 4792 3626 4856 misericordiam

2061 4926 2382 4993 provocaret
2408 4915 2710 4971 Christum.

2129 5013 2296 5071 Vsus.
2349 5007 2540 5065 20-22.
2587 5023 2608 5057 ι
2665 5003 2732 5059 Et
2769 5013 2900 5057 ecce
2941 4991 3140 5052 mulier
3191 4990 3313 5058 qua:
3347 4978 3628 5062 sanguinis

2058 5103 2325 5178 proﬂuvio
2370 5098 2709 5156 laboraverat
2767 5090 2929 5147 annis
2973 5081 3284 5145 duodecim,
3310 5071 3543 5131 accessit
3594 5082 3629 5124 ι

2059 5166 2229 5270 tergo,
2263 5208 2320 5253 et
2361 5194 2535 5264 tetigit
2579 5188 2844 5247 ﬁmbriam
2894 5175 3197 5239 vestimenti
3227 5172 3381 5243 ejus;
3413 5166 3629 5222 dicebat

2055 5297 2199 5351 enim
2232 5295 2371 5348 intra
2404 5288 2755 5356 semetipsam
2790 5300 2806 5338 :
2840 5280 2896 5336 Si
2924 5283 3136 5332 tantum
3163 5270 3388 5340 tetigero
3419 5272 3627 5319 vestem

2054 5393 2194 5459 ejus,
2242 5388 2391 5445 salva
2435 5399 2552 5440 cro.
2601 5380 2761 5438 Jesus
2793 5385 2974 5431 autem
3012 5379 3343 5429 conversus,
3388 5366 3449 5416 ut
3492 5359 3628 5412 vidit

2055 5450 2221 5546 tuan},
2252 5481 2422 5535 dixit:
2449 5474 2692 5539 Conlide,
2726 5470 2859 5536 tilia,
2888 5466 3023 5522 ﬁdes
3046 5473 3136 5519 tua
3168 5459 3371 5517 salvam
3401 5461 3454 5509 te
3476 5450 3628 5509 fecit.

2057 5576 2120 5631 Et
2168 5574 2315 5629 salva
2352 5572 2491 5626 facta
2545 5566 2647 5623 fuit
2695 5562 2895 5621 mulier
2923 5575 2990 5615 ex
3030 5559 3165 5614 hora
3207 5552 3320 5608 illa.
3363 5567 3384 5604 ο
3431 5545 3627 5602 Mulier

2052 5671 2168 5726 haec
2198 5666 2457 5738 quoniam
2498 5662 2570 5720 ob
2602 5662 2852 5719 morbum
2904 5651 3180 5713 immunda
3210 5653 3352 5711 crat,
3386 5655 3495 5698 non
3533 5651 3627 5693 ac-

2051 5734 2230 5819 cessit
2263 5760 2570 5827 ntauifeste,
2601 5756 2776 5813 verita
2821 5767 2891 5810 ne
2933 5751 3076 5808 forte
3113 5761 3222 5819 quo
3250 5750 3410 5817 pacto
3436 5734 3627 5809 prohi-

2052 5859 2290 5913 beretur.
2327 5853 2585 5921 Quamvis
2626 5862 2802 5909 autem
2851 5848 3074 5921 putabat
3121 5861 3180 5905 se
3217 5856 3381 5918 posse
3427 5842 3621 5905 latere,
