4078 6464
368 349 476 412 235

1230 350 1809 412 THEOPHYLACTI
1849 350 1943 410 BU
1957 350 2257 410 LGARLE
2299 351 2658 410 ARCIIIEP.

3507 346 3626 409 236

355 462 450 516 'eis
491 461 720 519 faciendi
763 461 1019 514 miracula
1065 460 1343 526 virtutem,
1382 471 1437 514 ut
1469 476 1562 529 per
1598 461 1854 515 miracula
1897 459 1948 512 in

2054 474 2144 520 τες
2166 475 2178 488 ·
2211 457 2394 510 δίδωσι
2447 458 2502 511 δὲ
2529 458 2709 520 αὐτοῖς
2745 457 2803 510 τὺ
2853 456 3312 527 θαυματουργεῖν,
3338 458 3412 522 ὡς
3453 462 3518 513 ἂν
3549 465 3640 516 διὰ

370 554 786 611 admirationem
827 554 1180 618 adducerem,
1219 563 1271 607 et
1309 555 1477 624 magis
1508 553 1943 623 obtemperantes

365 648 636 703 doctrina:
669 646 904 701 habeant
936 646 1232 701 auditores.

442 737 603 793 Vens.
632 739 688 793 2.
722 758 739 790 ι
783 737 1070 793 Duodecim
1099 748 1276 794 autem
1314 740 1683 809 apostolorum
1721 738 1940 793 nomina

366 842 490 887 sunt
526 831 640 887 hac
683 849 696 886 :
742 831 955 886 Primus
1009 831 1191 887 Simon
1247 833 1335 902 qui
1390 831 1589 887 dicitur
1630 830 1841 897 Petrus,
1891 841 1944 886 et

365 922 608 977 Andreas
638 921 806 976 l'rater
831 921 966 989 ejus.
997 939 1016 973 ι
1049 919 1342 976 Enumerat
1367 929 1546 975 autem
1575 918 1941 990 apostolorum

372 1016 612 1078 nomina,
645 1022 866 1084 pr0pter
911 1013 1413 1084 pscudoapostolos.
1466 1011 1943 1082 Prazponitantem

369 1107 586 1162 Petrum
615 1106 691 1178 (a)
747 1117 800 1162 et
829 1107 1124 1171 Andream,
1157 1107 1410 1178 quoniam
1441 1116 1495 1163 et
1526 1107 1758 1176 primum
1791 1115 1946 1160 erant

371 1200 566 1256 vocati.
598 1198 797 1255 Deinde
837 1215 1043 1270 ponens
1077 1199 1213 1254 lilius
1243 1199 1510 1264 Zebedtei,
1560 1198 1820 1268 praeponit
1850 1195 1942 1252 Ja-

367 1291 562 1346 cohum
582 1289 804 1355 Joanni,
837 1307 943 1347 non
970 1302 1190 1362 propter
1213 1291 1553 1362 dignitatem,
1587 1291 1682 1346 sed
1715 1291 1839 1360 quia
1868 1289 1943 1345 ita

366 1385 660 1441 acciderat.
693 1383 832 1440 Dicit
856 1385 1018 1454 igitur
1049 1401 1083 1453 ι¹

440 1475 600 1530 Vens.
636 1476 692 1540 ’5,
737 1474 792 1529 4.
831 1492 851 1526 ι
885 1473 1119 1530 Jacobus
1149 1473 1394 1530 Zebedaei
1427 1475 1592 1540 (ilius,
1627 1484 1681 1530 et
1709 1473 1945 1530 Joannes

368 1569 534 1622 frater
556 1567 694 1638 eius,
723 1565 998 1635 Philippus
1030 1577 1085 1620 et
1117 1565 1573 1634 Bartliolommus,
1625 1566 1864 1622 Thomas
1893 1578 1947 1622 et

367 1660 650 1714 Mattliaius
689 1656 1025 1728 publicanus,
1051 1654 1286 1713 Iacobus
1323 1658 1554 1727 Alphaai,
1601 1666 1656 1712 et
1684 1657 1947 1713 Lebbmus

367 1761 726 1824 cognomento
752 1750 1078 1816 Thaddaaus,
1121 1749 1310 1806 Simon
1335 1750 1657 1818 Cananaeus,
1695 1761 1748 1806 et
1775 1749 1946 1808 Judas

2050 549 2159 603 τῶν
2199 551 2496 620 θαυμάτων
2535 551 3039 620 καταπλήσσοντες,
3075 551 3210 621 πρὸς
3247 550 3346 623 τὴν
3378 553 3637 610 διδασκα-

2051 643 2170 697 λίαν
2193 643 2505 714 πειθηνίους
2529 643 2696 714 ἔχωσι
2726 643 2852 706 τοὺς
2882 644 3178 714 ἀκροατάς.

2126 753 2143 784 ι
2185 733 2306 786 Τῶν
2368 733 2425 786 δὲ
2489 733 2699 786 δώδεκα
2761 733 3076 808 ἀποστόλων
3127 735 3194 787 τὰ
3245 736 3484 807 ὀνόματα
3529 739 3638 792 eici

2048 827 2245 882 ταῦτα·
2281 827 2508 898 Πρῶτος
2544 829 2727 897 Σίμων
2758 829 2787 881 6
2816 828 3110 900 λεγόμενος
3135 832 3362 904 Πέτρος,
3394 837 3485 887 καὶ
3520 836 3640 887 Ἀν-

2047 920 2213 990 δρέας
2243 922 2271 973 6
2299 919 2528 988 ἀδελφὸς
2560 919 2748 974 αὑτοῦ.
2780 939 2798 972 ι
2829 921 3136 988 Καταλέγει
3169 922 3236 975 τὰ
3267 924 3376 978 τῶν
3406 927 3639 978 ἀποστό-

2047 1011 2154 1065 λων
2199 1013 2460 1079 ὀνόματα,
2495 1010 2583 1066 διὰ
2630 1013 2758 1076 τοὺς
2803 1012 3296 1083 ψευδαποστόὶους.
3339 1017 3637 1084 Προτίθησι

2047 1103 2103 1156 δὲ
2137 1103 2340 1174 Πέτρον
2363 1105 2455 1158 καὶ
2485 1104 2766 1176 Ἀνδρέαν,
2791 1104 2925 1158 διότι
2950 1105 3044 1158 καὶ
3067 1107 3466 1178 πρωτόκλητοι.
3499 1103 3635 1162 Εἶτα

2047 1196 2170 1258 τοὺς
2196 1195 2290 1249 τοῦ
2320 1195 2609 1249 Ζεϐεδαίου
2635 1211 2650 1227 ο
2704 1195 2994 1267 προτάττει
3021 1196 3077 1251 δὲ
3106 1197 3198 1250 τὸν
3241 1197 3498 1252 Ἰάκωϐον
3536 1200 3633 1252 τοῦ

2061 1285 2340 1341 Ἰωάννου’
2368 1288 2428 1340 οὐ
2464 1288 2572 1358 γὰρ
2604 1288 2746 1340 κατά
2773 1289 2868 1356 τὴν
2896 1283 3076 1354 ἀξίαν,
3107 1285 3225 1342 ἀλλ’
3264 1289 3452 1353 ἀπλῶς
3489 1296 3634 1344 κατά

2048 1378 2107 1432 τὸ
2139 1380 2460 1450 παραπεσὸν
2498 1381 2792 1448 καταλέγει
2825 1380 3077 1444 τούτους.
3108 1382 3244 1450 Φησὶ
3275 1379 3407 1449 γοῦν
3440 1395 3454 1410 ⁸

2126 1489 2144 1522 ι
2191 1473 2447 1536 Ἰάκωϐος
2484 1475 2512 1526 6
2538 1471 2630 1526 τοῦ
2671 1472 2982 1539 Ζεϐεδαίου,
3013 1473 3110 1526 καὶ⁸
3140 1470 3397 1544 Ἰωάννης
3430 1475 3457 1526 6
3481 1474 3636 1527 ἀδελ-

2050 1569 2148 1633 φὸς
2176 1564 2362 1629 αὑτοῦ,
2392 1564 2660 1627 Φίλιππος
2705 1565 2801 1618 καὶ
2840 1564 3268 1637 Βαρθολομαῖος,
3298 1566 3502 1636 Θωμᾶς
3537 1567 3634 1619 καὶ

2049 1659 2329 1723 Ματθαῖος
2359 1661 2386 1712 6
2419 1655 2682 1731 τελώνης,
2723 1654 2983 1724 Ἰάκωϐος
3017 1663 3044 1714 6
3091 1659 3186 1714 τοῦ
3213 1661 3495 1731 Ἁλφαίου,
3543 1665 3640 1714 καὶ

2050 1753 2316 1815 Λεϐϐαῖος
2337 1753 2365 1804 6
2394 1752 2712 1824 ἐπικληθεὶς
2733 1753 3014 1818 Θαδδαῖος,
3037 1750 3220 1823 Σίμων
3242 1755 3270 1806 6
3300 1755 3578 1822 Κανανίτη
3590 1773 3637 1818 ς,

371 1819 677 1908 [scariotes,
709 1841 800 1910 qui
843 1852 896 1895 et
938 1841 1161 1896 tradidit
1201 1841 1372 1896 illum.
1424 1861 1443 1893 ι
1497 1841 1631 1897 Vide
1666 1842 1944 1896 humilitao

2054 1846 2142 1898 καὶ
2181 1845 2385 1908 Ἰούδας
2421 1819 2784 1916 Ἰσκαριώτης
2832 1847 2862 1899 6
2901 1846 2996 1898 καὶ
3047 1819 3324 1916 παραδοὺς
3373 1819 3576 1898 αὐτόν..
3613 1863 3634 1896 ι

370 1945 475 1988 lem
524 1932 785 1996 Matthxi,
819 1932 1094 2002 quomodo
1123 1947 1182 1987 se
1210 1941 1333 2002 post
1361 1932 1624 1989 Thomam
1657 1933 1942 1989 ordiuarit.

367 2027 447 2079 Ad
477 2024 670 2078 Judam
710 2035 886 2079 autem
915 2040 1037 2079 cum
1068 2025 1324 2090 venisset,
1362 2041 1466 2080 non
1504 2025 1676 2080 dixit:
1707 2024 1947 2082 Pollutus

368 2121 477 2185 ille,
504 2121 756 2177 inimicus
791 2122 880 2177 ille
911 2121 1027 2188 Dei,
1058 2124 1153 2179 sed
1183 2121 1497 2178 lseariotem
1532 2119 1680 2174 illum
1715 2133 1744 2172 a
1772 2118 1946 2188 patria

370 2213 687 2268 nominavit.
739 2213 870 2268 Erat
917 2215 1062 2267 enim
1103 2223 1157 2268 et
1200 2214 1340 2268 alius
1378 2211 1563 2277 Judas,
1601 2210 1691 2281 qui
1723 2220 1777 2266 et
1806 2208 1946 2264 Leb-

370 2307 514 2361 baeus
548 2316 602 2360 et
654 2305 954 2362 Thaddaeus
995 2305 1294 2361 dicebatur.
1345 2303 1460 2359 Duo
1509 2305 1673 2374 igitur
1734 2301 1944 2366 Jacobi,

370 2414 563 2469 nempe
607 2416 746 2455 unus
774 2399 1042 2465 Zebedaai,
1084 2399 1223 2454 alter
1250 2398 1456 2469 Alphaai
1487 2414 1501 2451 :
1537 2406 1593 2452 et
1633 2395 1740 2450 duo
1769 2393 1944 2459 Judze,

369 2490 674 2547 Thaddieus
701 2508 840 2548 unus
862 2533 878 2559 ,
913 2503 968 2547 et
1011 2492 1147 2547 alter
1177 2491 1438 2562 proditor.
1473 2491 1607 2546 Tres
1645 2499 1826 2546 autem
1862 2487 1948 2543 Si-

371 2597 578 2648 moues,
599 2585 806 2640 scilicet
825 2584 1039 2649 Petrus,
1068 2591 1123 2639 et
1150 2584 1473 2650 Cananaeus,
1499 2593 1553 2639 et
1575 2582 1834 2656 proditor.
1859 2581 1945 2638 Si-

370 2690 495 2728 mon
525 2677 668 2730 enim
701 2674 866 2730 Judas
889 2675 1174 2732 lscariotes
1203 2674 1312 2748 47
1341 2676 1644 2731 dicebatur.

443 2761 607 2818 Vens.
671 2764 790 2821 5-7.
847 2784 866 2818 ι
921 2763 1029 2822 llos
1072 2765 1354 2822 duodecim
1397 2767 1580 2821 emisit
1647 2763 1828 2833 Jesus,
1893 2773 1949 2818 et

370 2859 627 2927 praecepit
648 2857 748 2926 eis,
774 2859 962 2914 dicens
985 2877 999 2914 :
1024 2858 1080 2914 In
1103 2859 1241 2913 viam
1263 2859 1503 2930 gentium
1521 2874 1590 2914 ne
1613 2858 1952 2924 abieritis,et

372 2950 424 3004 in
443 2949 715 3005 civitatein
736 2950 1208 3005 Samaritanorum
1239 2965 1306 3005 ne
1325 2949 1700 3020 ingrediamini
1722 2963 1737 3003 :
1758 2949 1851 3004 sed
1876 2949 1948 3003 ilc

371 3043 553 3112 ponus
581 3043 649 3096 ad
681 3057 809 3097 oves
839 3043 1078 3114 perditas
1105 3043 1299 3099 domus
1327 3043 1511 3098 Israel.
1533 3039 1948 3097 Proliciscentes

372 3146 552 3190 autem
585 3135 894 3204 praedicate,
917 3136 1198 3192 dicentes:
1223 3135 1693 3208 Appropinquavit
1721 3149 1944 3206 regnum

370 3227 652 3281 caelorum.
694 3245 714 3280 ι
749 3227 876 3295 llos,
895 3228 1120 3297 quales?
1148 3229 1473 3294 Piscatores,
1493 3226 1950 3298 vulgares,publi-

371 3334 556 3375 cauos.
578 3319 820 3375 Primum
853 3330 1035 3376 autem
1067 3337 1162 3376 eos
1192 3321 1340 3376 misit
1366 3320 1432 3376 ad
1456 3319 1695 3386 Iudaeos,
1716 3334 1783 3375 ne
1811 3320 1955 3374 dice-

373 3427 431 3466 re
458 3408 692 3482 queant':
715 3414 982 3480 Quoniam
1015 3413 1081 3468 ad
1103 3413 1333 3486 gentiles
1351 3413 1500 3470 missi
1531 3413 1766 3478 fuerunt,
1787 3412 1950 3467 idcir-

373 3518 437 3559 co
466 3518 566 3560 nos
592 3503 762 3560 Juda’ei
786 3505 910 3576 jure
940 3520 1046 3561 non
1092 3505 1448 3561 credidimus.
1491 3507 1742 3561 Destituit
1789 3506 1951 3576 igitur

373 3595 589 3650 Judazos
626 3598 772 3652 omni
808 3599 1181 3654 excusatione.
1205 3597 1497 3670 Coniungit
1536 3611 1712 3654 autem
1751 3597 1946 3654 Sama-

376 3689 584 3743 ritanos
637 3689 951 3760 gentilibus,
989 3691 1251 3761 quoniam
1303 3690 1583 3762 Babylonii
1619 3703 1866 3759 eranl,et
1897 3682 1959 3746 in-

373 3781 555 3836 Judtea
593 3782 922 3838 domicilium
957 3784 1248 3852 habebant,
1273 3785 1670 3856 prophetasque
1712 3801 1817 3840 non
1862 3801 1947 3839 re-

375 3873 668 3942 cipiebant,
695 3875 790 3930 sed
825 3877 1200 3930 tantummodo
1243 3876 1482 3946 quinque
1528 3875 1697 3931 libros
1728 3875 1945 3946 Moysis.

377 3964 545 4020 Porro
592 3981 694 4048 per.
745 3982 973 4039 regnum
1025 3968 1310 4036 caelorum,
1356 3968 1660 4024 futurorum
1713 3969 1950 4036 intellige

378 4058 706 4116 lruitionem.
744 4061 935 4116 Annat
987 4073 1167 4117 autem
1220 4076 1314 4117 eos
1372 4061 1672 4128 miraculis,
1717 4063 1947 4117 dicens:

454 4339 617 4395 Vsus.
642 4342 695 4396 7.
726 4358 746 4393 ι
774 4341 1022 4396 Inﬁrmus
1044 4349 1257 4408 san-ate,
1279 4340 1522 4410 leprosos
1547 4341 1819 4406 mundate,
1842 4341 1952 4394 da:-

381 4447 571 4488 mones
613 4431 818 4500 ejicite.
843 4430 1025 4488 Gratis
1051 4433 1361 4503 accepistis,
1393 4432 1562 4502 gratis
1594 4434 1734 4487 date.
1758 4449 1777 4484 ι
1810 4431 1952 4486 Nihil

1976 3179 2018 3238 C

2053 1939 2156 1991 Ἴδε
2203 1938 2534 1991 ταπείνωσιν
2585 1937 2682 1992 τοῦ
2732 1938 3042 2004 Ματθαίου,
3089 1938 3208 2000 πῶς
3256 1937 3448 1990 ἑαυτὸν
3500 1937 3640 2006 μετά

2047 2029 2138 2084 τὸν
2168 2031 2370 2099 Θωμᾶν
2422 2029 2633 2096 ἔταξεν.
2685 2031 2810 2084 Ἐπὶ
2854 2027 2912 2083 δὲ
2939 2028 3029 2084 τὸν
3073 2027 3280 2082 Ἰούδαν
3310 2028 3500 2092 ἐλθὼν,
3539 2028 3642 2081 οὐκ

2047 2117 2200 2176 εἶπεν
2227 2124 2256 2176 6
2289 2121 2506 2194 μιαρὸς,
2538 2123 2566 2175 6
2596 2121 2687 2176 τοῦ
2719 2121 2853 2175 Θεοῦ
2885 2113 3100 2193 ἐχθρὸς,
3131 2116 3246 2176 ἀλλ’
3272 2121 3636 2190 Ἰσκαριώτην

2047 2214 2211 2269 αὑτὸν
2265 2213 2374 2268 ἀπὸ
2420 2215 2520 2286 τῆς
2572 2215 2831 2288 πατρίδος
2878 2214 3181 2284 ὠνόμασεν.
3227 2209 3336 2268 Ἷιν
3395 2214 3504 2284 γὰρ
3547 2213 3644 2265 καὶ

2046 2305 2231 2376 ἔτερος
2268 2304 2509 2369 Ἰούδας,
2554 2307 2581 2359 6
2624 2307 2719 2359 xui.
2771 2305 3038 2368 Λεϐϐαῖος
3069 2308 3160 2358 καὶ
3203 2305 3486 2365 Θαδδαῖος.
3536 2300 3644 2354 Δύο

2046 2397 2225 2452 τοίνυν
2255 2397 2530 2461 Ἰάκωϐοι,
2585 2400 2614 2450 6
2663 2397 2758 2451 τοῦ
2811 2393 3120 2463 Ζεϐεδαίου,
3168 2397 3262 2449 καὶ
3311 2397 3338 2448 6
3389 2395 3484 2447 τοῦ
3515 2394 3643 2447 ’Λλ-

2047 2490 2232 2559 φαίου,
2264 2491 2359 2543 καὶ
2387 2489 2479 2543 δύο
2511 2489 2728 2554 Ἰούδαι,
2767 2489 2796 2541 6
2837 2489 3118 2555 Θαδδαῖος,
3166 2490 3261 2541 καὶ
3289 2489 3318 2540 6
3347 2487 3635 2558 προδότης.

2050 2581 2158 2635 Καὶ
2188 2585 2338 2653 τρεῖς
2384 2583 2651 2652 Σίμωνες,
2694 2583 2722 2634 6
2767 2581 2996 2651 Πέτρος,
3030 2583 3057 2634 6
3106 2581 3440 2649 Κανανίτης,
3474 2579 3568 2632 καὶ
3603 2581 3636 2631 6

2049 2676 2338 2747 προδότης.
2367 2676 2550 2746 Σίμων
2591 2675 2699 2746 γάρ
2730 2674 2931 2738 Ἰούδας
2965 2673 3317 2746 Ἰσκαριώτης
3362 2674 3602 2742 ἐλέγετο.

2125 2788 2143 2822 ι
2173 2767 2410 2833 Τούτους
2432 2771 2556 2832 τοὺς
2593 2767 2799 2822 δώδεκα
2837 2767 3152 2821 ἀπέστειλεν
3177 2770 3205 2820 6
3234 2764 3461 2836 Ἰησοῦς,
3494 2782 3641 2836 παμο

2049 2861 2310 2932 αγγείλας
2365 2860 2572 2925 αὐτοῖς,
2609 2859 2818 2928 λέγων’
2860 2861 2951 2923 Εἰς
2991 2859 3107 2912 ὁδὸν
3141 2858 3310 2921 ἐθνῶν
3359 2857 3435 2929 μὴ
3472 2856 3641 2910 ἀπέλ-

2050 2953 2204 3024 θητε,
2232 2956 2326 3009 καὶ
2368 2955 2448 3016 είς
2500 2952 2655 3006 πόλιν
2682 2951 3039 3023 Σαμαρειτῶν
3064 2957 3142 3021 μη
3171 2949 3449 3018 εἰσέλθητε
3471 2961 3485 2976 ⁸
3535 2964 3638 2999 πο-

2053 3046 2274 3117 ρεύεσθε
2315 3045 2372 3098 δὲ
2415 3044 2616 3114 μάλλον
2647 3043 2784 3115 πρὸς
2820 3043 2888 3096 τά
2937 3041 3188 3114 πρόϐατα
3222 3042 3288 3094 τά
3321 3039 3642 3094 ἀπολωλότα

2049 3138 2200 3191 οἴκου
2229 3135 2467 3206 Ἰσραήλ.
2518 3135 2884 3206 Πορευόμενοι
2910 3133 2968 3187 δὲ
3000 3132 3328 3203 κηρύσσετε,
3357 3132 3641 3200 λέγοντες,

2050 3229 2132 3282 ὅτι
2180 3229 2448 3296 Ἤγγικεν
2497 3228 2530 3298 ὴ
2578 3227 2824 3298 βασιλεία
2871 3226 2980 3279 τῶν
3009 3219 3272 3294 οὐρανῶν.
3311 3244 3330 3275 ι
3378 3225 3637 3288 Τούτους·

2053 3315 2279 3384 ποίους;
2320 3313 2461 3380 Τοὺς
2511 3316 2703 3379 ἁλιεῖς,
2755 3316 2881 3378 τοὺς
2945 3314 3181 3379 ίδιώτας,
3229 3316 3355 3378 τοὺς
3380 3315 3641 3378 τελώνας.

2055 3408 2490 3480 Προηγουμένως
2516 3407 2573 3461 δὲ
2611 3409 2725 3471 τοῖς
2773 3406 3049 3470 Ἰουδαίοις
3079 3405 3395 3460 ἀποστέλλει
3419 3407 3642 3471 αὐτοὺς,

2049 3499 2140 3554 ἵνα
2179 3500 2254 3570 μὴ
2279 3499 2443 3570 ἔχωσι
2467 3499 2646 3568 λέγειν
2691 3499 2772 3552 ὅτι
2802 3499 2940 3568 πρὸς
2963 3498 3091 3560 τοὺς
3116 3497 3366 3562 ὲθνικοὺς
3394 3499 3640 3552 ἀπεστά-

2049 3593 2244 3661 λησαν,
2285 3593 2378 3646 καὶ
2403 3593 2490 3646 διὰ
2517 3592 2677 3646 τοῦτο
2706 3594 2867 3663 ἡμεῖς
2895 3592 2946 3644 οἱ
2991 3589 3236 3644 Ἰουδαῖοι
3265 3591 3366 3644 οὐκ
3386 3591 3644 3644 ἐπιστεύ-

2053 3699 2245 3756 σαμεν.
2300 3685 2776 3755 Ἀπροφασίστους
2832 3681 2925 3737 οὖν
2973 3683 3098 3746 τοὺς
3140 3683 3426 3745 Ἰουδαίους
3473 3685 3639 3735 ποιεῖ.

2053 3777 2322 3830 Σύνάπτει
2379 3777 2435 3829 δὲ
2482 3776 2610 3840 τοὺς
2663 3776 3010 3846 Σαμαρείτας
3057 3777 3173 3838 τοῖς
3226 3775 3484 3839 ἐθνικοῖς,
3518 3775 3646 3826 ἐπεὶ

2050 3865 2384 3918 Βαϐυλώνιοι
2441 3865 2594 3928 δντες
2649 3863 2981 3935 κατῴκησαν
3037 3864 3146 3946 τὴν
3205 3859 3493 3925 Ἰουδαίαν,
3545 3863 3645 3914 καὶ

2051 3959 2171 4013 οὐδὲ
2201 3959 2324 4022 τοὺς
2357 3959 2640 4030 προφήτας
2663 3958 2929 4030 ἐδέχοντο,
2988 3957 3124 4011 ἀλλᾶ
3200 3956 3339 4027 μόνα
3380 3956 3447 4009 τά
3480 3959 3641 4010 πέντε

2053 4048 2146 4103 τοῦ
2179 4050 2422 4113 Μωτέως
2453 4049 2634 4121 βιϐλία
2658 4067 2670 4081 ·
2705 4049 2983 4121 βασιλείαν
3011 4050 3067 4104 δὲ
3108 4050 3376 4120 οὐρανῶν,
3427 4051 3521 4102 καὶ
3543 4049 3644 4118 τὴν

2059 4145 2361 4214 μέλλουσαν
2399 4141 2703 4198 ἀπόλαυσιν
2735 4144 2871 4200 νόει.
2919 4142 3161 4207 Ὀπλίζει
3210 4143 3266 4195 δὲ
3298 4141 3494 4203 αὐτοὺς
3526 4143 3642 4200 τοῖς

2057 4236 2322 4306 θαύμασι,
2351 4235 2525 4304 λέγων
2545 4254 2557 4267 ο

2135 4368 2154 4398 σ
2209 4349 2598 4414 Ἀσθενοῦντας
2633 4351 2991 4422 θεραπεύετε,
3019 4351 3254 4419 λεπροὺς
3289 4341 3639 4412 καθαρίζετεν

2057 4443 2310 4513 δαιμόνια
2332 4442 2644 4497 ἐκϐάλλετε.
2681 4445 2900 4512 Δωρεάν
2937 4443 3182 4506 ἐλάϐετε,
3210 4437 3417 4505 δωρεὰν
3443 4435 3582 4488 δότε.
3617 4453 3631 4484 ι

380 4536 489 4580 tam
523 4527 682 4582 decet
710 4526 1014 4591 doctorem,
1037 4541 1197 4594 quam
1232 4525 1507 4579 humilitas
1557 4534 1610 4580 et
1639 4525 1950 4579 divitiarum

2063 4533 2230 4586 Οὐδὲν
2261 4534 2432 4598 οὕτως
2471 4536 2702 4608 ἁρμόζει
2741 4536 2818 4603 τῷ
2854 4535 3183 4600 διδασκάλῳ,
3212 4529 3286 4590 ὼς
3312 4529 3641 4590 ταπείνωσις

379 4627 746 4690 contemptus.
770 4616 888 4672 Duo
912 4619 1076 4688 igitur
1105 4621 1219 4673 haec
1247 4618 1347 4674 hoc
1378 4619 1493 4674 loco
1527 4620 1705 4683 docet,
1731 4618 1950 4673 dicens:

378 4712 558 4766 Gratis
585 4712 892 4780 accepistis,
931 4727 996 4766 ne
1025 4711 1386 4780 superbirent,
1414 4715 1555 4782 quod
1591 4712 1712 4766 talia
1746 4711 1881 4765 dona
1901 4721 1956 4764 et

381 4804 645 4858 haberent
686 4813 740 4858 et
767 4804 982 4859 darent.
1007 4802 1342 4859 Gratisenim
1371 4815 1420 4858 et
1439 4819 1536 4873 per
1567 4805 1796 4872 gratiam
1825 4803 1949 4856 talia

377 4896 688 4966 accepistis,
709 4897 803 4950 sed
841 4911 963 4950 cum
1009 4896 1315 4950 humilitate
1340 4905 1392 4949 et
1436 4894 1744 4949 divitiarum
1787 4902 1960 4949 estote

381 4995 806 5057 contemptores.
858 4985 1042 5041 Gratis
1065 4986 1234 5050 enim,
1262 4984 1456 5053 inquit,
1483 4987 1627 5039 date.
1653 4981 1720 5036 Et
1754 4993 1808 5037 ut
1838 4998 1961 5052 pcr-

383 5075 579 5132 fectius
610 5078 874 5132 malorum
897 5077 1141 5132 omnium
1181 5074 1329 5129 radix
1361 5075 1712 5144 exstirpetur,
1754 5075 1960 5146 inquit:

457 5289 622 5346 Vens.
639 5291 693 5354 9,
718 5290 800 5344 lO.
824 5308 841 5341 ι
868 5289 983 5344 Non
1003 5288 1324 5358 possidentis
1342 5302 1558 5352 aurum,
1578 5302 1750 5356 neque
1769 5303 1964 5358 argen-

388 5391 521 5445 tum,
541 5395 718 5450 neque
744 5396 819 5435 aes
849 5381 903 5434 in
929 5379 1081 5434 zonis
1098 5379 1316 5443 vestris,
1343 5395 1514 5449 neque
1537 5393 1722 5448 peram
1747 5379 1812 5431 ad
1839 5379 1965 5444 iter,

388 5488 560 5542 neque
580 5473 715 5527 duas
761 5472 994 5536 tunicas,
1021 5485 1193 5540 neque
1222 5471 1613 5533 calceamenta,
1638 5484 1814 5538 neque
1853 5469 1966 5523 vir-

387 5579 507 5634 gain
528 5583 538 5616 :
561 5563 750 5632 dignus
774 5565 918 5616 enim
940 5561 1318 5632 estoperarius
1340 5576 1437 5616 suo
1461 5560 1601 5616 cibo.
1633 5579 1650 5612 ι
1672 5559 1862 5628 Magno
1879 5569 1993 5614 stu-

459 5753 536 5823 (a)
569 5751 787 5810 Videtur
829 5756 916 5808 hic
955 5759 1212 5812 interesse
1249 5755 1637 5826 Tlieopliylacti
1680 5756 1968 5824 primatum

394 5822 530 5880 inter
562 5830 834 5896 apostolos
863 5827 1021 5882 Petro
1049 5832 1361 5893 coni-edere,
1394 5822 1515 5882 cum
1566 5822 1694 5883 vere
1733 5828 1963 5896 dignita-

2063 4629 2153 4681 καὶ
2191 4628 2568 4697 ἀκτημοσύνη.
2600 4621 2680 4680 Τά
2709 4627 2803 4679 δύο
2832 4628 3008 4680 τοίνυν
3056 4623 3225 4686 ταῦτα
3254 4619 3487 4673 ἐνταῦθα
3530 4621 3641 4672 δεί-

2061 4737 2156 4773 κνυ
2167 4737 2236 4780 σι,
2255 4719 2472 4788 Δωρεάν
2497 4718 2745 4782 ἐλάϐετε,
2765 4719 2958 4785 λέγι-,ν’
2978 4718 3050 4786 μὴ
3072 4715 3179 4784 γὰρ
3197 4712 3638 4784 ὑψηλοφρονεῖτε,

2063 4811 2137 4874 ώς
2169 4812 2393 4865 τοιαῦτα
2421 4812 2602 4879 ἀγαθά
2628 4812 2841 4881 ἔχοντες
2865 4812 2959 4863 καὶ
2990 4809 3243 4872 διδόντες.
3279 4809 3498 4881 Δωρεάν
3533 4807 3644 4876 γὰρ

2065 4902 2162 4956 καὶ
2195 4901 2377 4973 χάριτι
2436 4901 2607 4955 ταῦτα
2636 4901 2810 4970 ἔχετε,
2875 4900 3007 4953 ἀλλά
3043 4901 3139 4952 σὺν
3185 4899 3262 4970 τῷ
3287 4914 3649 4967 ταπεινοφρο-

2067 4998 2198 5059 νεῖν,
2224 4998 2316 5049 καὶ
2338 4994 2770 5065 ἀφιλοχρήματοι
2790 4991 3036 5070 γένεσθε.
3071 4993 3289 5061 Δωρεάν
3321 4991 3450 5062 γάρ,
3487 4990 3644 5059 φησὶ,

2067 5086 2208 5142 δότε.
2242 5086 2576 5155 Τελεώτερον
2607 5086 2664 5139 δὲ
2689 5085 2951 5139 ἀνασπῶν
2977 5084 3076 5154 τὴν
3109 5083 3266 5154 ῥίζαν
3295 5082 3512 5136 πάντων
3537 5080 3645 5133 τῶν

2069 5176 2275 5240 κακῶν,
2308 5176 2470 5245 φησίν
2492 5192 2505 5241 ς

2145 5309 2163 5341 ι
2194 5290 2284 5360 Μὴ
2313 5291 2587 5361 κτήσησθε
2614 5289 2832 5360 χρυσὸν,
2861 5288 2995 5359 μηδὲ
3018 5286 3282 5356 ἄργυρον,
3318 5285 3456 5355 μηδὲ
3513 5282 3645 5354 χαλ-

2070 5382 2166 5435 κδν
2189 5383 2267 5444 εἰς
2297 5381 2391 5445 τὰς
2419 5381 2594 5444 ζώνας
2625 5381 2801 5450 ὑμῶν,
2855 5381 2928 5450 μὴ
2978 5380 3160 5450 πήραν
3217 5378 3297 5441 είς
3325 5377 3465 5440 666v,
3516 5374 3648 5445 μηδὲ

2069 5471 2163 5524 δύο
2191 5471 2448 5541 χιτῶνας,
2499 5470 2636 5541 μηδὲ
2667 5471 3013 5540 ὑποδήματα,
3050 5468 3183 5538 μηδὲ
3217 5466 3444 5538 ῥάϐδους
3501 5464 3649 5527 ἄξιος

2071 5569 2181 5632 γὰρ
2213 5567 2239 5616 6
2264 5564 2500 5633 ἐργάτης
2531 5565 2629 5632 τῆς
2660 5562 2864 5632 τροφῆς
2895 5559 3058 5613 αὑτοῦ
3089 5561 3257 5612 ἐστιν.
3291 5575 3310 5609 ι
3357 5559 3448 5620 Εἰς
3468 5556 3651 5608 πᾶσαν

2082 5766 2185 5810 lem
2236 5757 2481 5810 absolute
2531 5773 2636 5811 non
2694 5753 3030 5810 vocationem
3093 5759 3402 5822 spectarent
3457 5746 3658 5812 ubique

2071 5829 2434 5896 exungeiism.
