4078 6464
355 394 468 461 Ξίἰτ

1039 380 1488 458 ΕΝΑΒΒᾹΤΙΟ
1529 393 1611 457 IN
1648 392 1948 454 EVANGE

2052 392 2153 453 UM
2182 386 2566 451 MATTIL‘EI.
2599 416 2660 426 —
2691 388 2848 451 CAP.
2884 390 2957 450 X.

3510 388 3616 453 238

358 511 651 584 ἀκρίϐειαν
707 500 904 573 αὐτοὺς
955 508 1245 579 γυμνάζει,
1298 510 1386 562 διὰ
1418 507 1576 561 τοῦτο
1619 506 1944 576 ἀπερίτεους

2052 502 2137 556 dio
2168 516 2261 555 eos
2291 508 2526 567 exercet,
2568 507 2620 552 et
2654 507 2933 568 prepterea
2985 499 3164 552 omnia
3210 498 3278 553 ab
3313 499 3395 553 his
3428 512 3615 567 super—

356 604 561 665 αὗτοὺς
600 601 878 665 παντελῶς
932 600 1101 653 ποιῶν
1156 602 1252 653 καὶ
1282 599 1643 672 ἀμερίμνους,
1696 597 1818 651 οὐδὲ
1851 597 1944 667 ρά-

358 696 520 758 ϐδους
554 696 833 765 συγχωρεῖ
854 693 1022 765 ἔχειν.
1048 692 1221 748 Τοῦτο
1251 692 1361 764 γὰρ
1382 695 1413 762 ἡ
1442 691 1678 762 ἀκριϐὴς
1702 692 1947 761 ἀκτημο-

360 789 526 858 σύνη,
573 786 805 840 ποιοῦσα
848 785 1201 840 πιστεύεσθαι
1247 786 1338 838 τὸν
1371 787 1499 856 περὶ
1561 782 1947 856 ἀκτημοσύνης

358 878 703 935 διδάσκοντα.
746 875 880 933 Είτα
916 878 1003 932 ἴνα
1030 878 1104 949 μὴ
1127 877 1349 946 λέγωσι,
1385 877 1556 932 Πόθεν
1581 875 1948 947 διατραφησό-

363 970 542 1041 eaea;
578 971 776 1040 φησιν·
817 988 836 1022 ι
870 970 1054 1035 Ἀξιος
1085 972 1113 1023 ὁ
1167 969 1409 1040 ἐργάτης
1455 970 1555 1039 τῆς
1592 968 1802 1039 τροφῆς
1849 966 1949 1020 αὐ-

359 1060 480 1121 τοῦ,
523 1079 543 1112 ι
608 1060 908 1123 τουτέστιν,
964 1062 1029 1113 ὲκ
1085 1059 1196 1112 τῶν
1264 1059 1524 1131 μαθητῶν
1575 1057 1945 1130 τραφήσεσθε.

364 1153 719 1222 Χρεωστοῦσι
749 1152 857 1222 γὰρ
886 1153 1046 1205 τοῦτο
1074 1152 1202 1223 ὑμῖν
1238 1153 1313 1215 ὼς
1336 1153 1612 1222 ἐργάταις.
1642 1150 1862 1222 Τροφῆς
1891 1148 1949 1202 δὲ

362 1239 544 1310 εἶπεν,
564 1248 625 1297 οὐ
650 1245 883 1315 τρυφῆς.
913 1246 990 1298 Οὐ
1039 1247 1147 1314 γάρ
1175 1246 1258 1298 δεῖ
1294 1246 1505 1317 τρυφᾷν
1536 1244 1660 1308 τοὺς
1683 1243 1908 1296 διδασκά
1926 1270 1949 1283 -

363 1337 516 1399 λους.
1184 1394 1198 1405 ,
1895 1380 1898 1382 ν

443 1448 463 1482 ι
500 1431 593 1493 Εἰς
626 1431 693 1502 ἢν
720 1429 765 1483 δ’
814 1429 881 1483 ἂν
916 1430 1071 1483 πόλιν
1110 1429 1366 1501 ῆκώμην
1404 1428 1708 1502 εἰσέλθητε,
1763 1427 1949 1494 ἐξετά-

362 1538 498 1574 σατε
552 1523 636 1586 τίς
687 1524 747 1576 έν
775 1523 914 1593 αὐτῇ
955 1523 1106 1588 ἄξιός
1143 1525 1283 1590 ἐστι,
1309 1524 1471 1577 κάκεῖ
1501 1522 1723 1594 μείνατε
1744 1523 1849 1586 ἕως
1882 1521 1950 1575 ἂν

362 1617 644 1688 ἐξέλθητε.
693 1639 711 1671 ›
770 1623 883 1675 Οὐκ
937 1622 1018 1686 εἰς
1056 1621 1266 1684 πάντας
1311 1620 1526 1676 κελεύει
1551 1619 1832 1692 ἔρχεσθαι,
1863 1619 1951 1673 ἵνα

365 1711 445 1782 μὴ
472 1715 584 1776 τοῖς
616 1713 856 1781 ἀναξίοις
893 1714 1237 1786 μιγνύμενοι,
1262 1713 1657 1770 διαϐάλλωνται
1678 1729 1693 1744 ·
1720 1712 1816 1767 ἐὰν
1843 1711 1951 1783 γὰρ

361 1806 447 1867 εἰς
480 1805 607 1864 τοὺς
644 1806 825 1873 ἀξίους
855 1808 1049 1877 μόνους
1095 1807 1388 1880 ἔρχωνται,
1434 1806 1652 1869 πάντως
1688 1806 1784 1858 καὶ
1831 1805 1948 1858 διαο

360 1899 759 1967 τραφήσονται.
790 1899 1021 1953 Κελεύει
1050 1899 1105 1953 δὲ
1158 1899 1510 1972 προσμένειν,
1544 1897 1639 1951 καὶ
1673 1894 1750 1967 μὴ
1772 1896 1948 1949 οἰκίαν

362 1985 428 2049 ἐξ
454 1987 633 2048 οἰκίας
663 1987 935 2056 ἀμείϐειν,
967 1988 1056 2041 ἵνα
1087 1988 1161 2059 μὴ
1197 1987 1273 2049 ὠς
1298 1985 1708 2057 γαστρίμαργοι
1735 1983 1950 2053 ψέγων-

361 2094 475 2141 ται,
512 2079 606 2132 καὶ
644 2079 837 2144 δόξωσι
857 2082 985 2139 τοὺς
1011 2080 1227 2152 πρῶτον
1251 2078 1582 2150 δεξαμένους
1605 2074 1873 2149 ὑϐρίζειν.
1929 2081 1947 2144 1

445 2188 463 2219 ι
498 2169 890 2239 Εἰσερχόμενοι
937 2169 994 2223 δὲ
1020 2171 1102 2234 εἰς
1138 2170 1240 2240 τὴν
1268 2168 1471 2231 οἰκίαν,
1497 2164 1819 2222 ἀσπάσασθε
1846 2164 1947 2219 αὐ-

362 2260 488 2331 τὴν,
516 2262 766 2329 λέγοντες
786 2278 802 2292 ·
856 2263 1063 2333 Εἰρήνη
1091 2261 1167 2332 τῷ
1193 2261 1328 2333 οἴκῳ
1350 2261 1525 2331 τούτῳ
1543 2243 1568 2289 θ’
1594 2260 1689 2312 καὶ
1717 2257 1812 2311 ἐὰν
1848 2257 1947 2328 μὲν

366 2350 404 2426 ᾖ
443 2356 476 2423 ἡ
502 2354 649 2407 οἰκία
695 2355 841 2421 ἀξία,
898 2355 1100 2408 ἐλθέτω
1137 2356 1172 2426 ἡ
1214 2355 1405 2426 εἰρήνη
1457 2351 1612 2423 ὑμῶν
1639 2352 1728 2404 ἐπ’
1753 2351 1944 2421 αὐτὴν,

367 2449 467 2498 ἐὰν
485 2445 542 2498 δὲ
568 2444 644 2517 μὴ
724 2445 870 2511 ἀξία,
889 2446 923 2515 ή
955 2445 1146 2516 εἰρήνη
1172 2446 1324 2515 ὑμῶν
1347 2443 1483 2515 πρὸς
1516 2442 1659 2512 ὑμᾶς
1683 2441 1947 2511 ἐπιστρα-

364 2540 543 2609 φήτω.
587 2557 608 2589 ι
655 2538 972 2609 Ἀσπασμὶν
994 2537 1091 2592 καὶ
1123 2539 1345 2609 εἰρήνην
1393 2537 1496 2609 τὴν
1529 2535 1782 2603 εὐλογίαν
1813 2532 1945 2599 νόει,

360 2629 488 2700 ἥτις
511 2630 822 2702 παραμένει
845 2629 1027 2702 μόνοις
1049 2632 1164 2694 τοῖς
1188 2629 1363 2695 ἀξίοις
1384 2646 1398 2661 ’
1458 2628 1599 2701 μάθε
1628 2626 1720 2682 οὖν
1757 2626 1944 2682 ἐντεῦ-

365 2723 459 2773 θεν
494 2721 578 2773 ὅτι
613 2721 850 2789 μάλιστα
869 2722 938 2775 τά
970 2721 1214 2794 ἡμέτερα
1238 2720 1374 2790 ἔργα
1399 2719 1714 2787 εὐλογοῦσιν
1738 2720 1907 2790 ἡμᾶς.

445 2828 464 2860 ι
497 2811 609 2864 Καὶ
629 2811 687 2874 δς
718 2810 784 2865 ἀν
815 2810 891 2882 μὴ
911 2810 1131 2882 δέξηται
1172 2811 1339 2881 ὑμᾶς,
1390 2809 1528 2881 μηδὲ
1580 2808 1794 2879 ἀκούσῃ
1819 2809 1947 2870 τοὺς

366 2901 562 2969 λόγους
587 2901 762 2972 ὑμῶν,
793 2901 1139 2973 ἐξερχόμενοι
1197 2902 1296 2973 τῆς
1342 2901 1519 2964 οἰκίας
1548 2900 1582 2971 ἢ
1615 2900 1714 2971 τῆς
1742 2899 1948 2963 πόλεως

363 2993 609 3063 ἐκείνης,
643 2994 962 3057 ἐκτινάξατε
987 2993 1079 3047 τὸν
1109 2992 1387 3064 κονιορτὸν
1411 2992 1520 3047 τῶν
1544 2992 1719 3046 ποδῶν
1765 2991 1940 3064 ὑμῶν.

378 3090 556 3159 Ἀμὴν
580 3089 723 3158 λέγω
755 3090 884 3161 ὑμῖν
906 3089 1262 3160 ἀνεκτότερον
1300 3088 1453 3143 ἔσται
1478 3091 1549 3160 γῇ
1581 3088 1827 3160 Σοδόμων
1850 3089 1948 3142 καὶ

364 3181 663 3252 Γομόρρων
684 3183 740 3234 έν
771 3182 955 3254 ἡμέρᾳ
986 3182 1242 3253 κρίσεως,
1284 3182 1317 3252 ἢ
1347 3183 1414 3252 τῇ
1467 3180 1621 3235 πόλει
1674 3180 1882 3252 ἐκείνῃ.
1919 3200 1938 3234 ι
1970 3224 2016 3284 6

376 3270 753 3325 Ἑκτινάσσειν
805 3270 1052 3342 βούλεται
1105 3271 1197 3323 τὸν
1249 3269 1548 3341 κονιορτὸν,
1578 3269 1944 3335 δεικνύοντας,

363 3363 448 3415 ὃτι
470 3362 624 3416 οὐδὲν
649 3363 841 3417 ἔλαϐον
869 3363 1098 3428 ἐκεῖθεν,
1121 3361 1208 3415 διὰ
1230 3362 1328 3433 τὴν
1366 3361 1651 3416 ἀπείθειαν
1672 3361 1873 3428 αὐτῶν,
1909 3361 1943 3434 ἢ

365 3452 511 3507 ὥστε
573 3454 875 3527 μαρτύριον
939 3451 1077 3508 εἶναι
1141 3455 1238 3526 τῆς
1280 3455 1499 3525 μακρᾶς
1546 3453 1852 3525 ὁδοιπορίας
1881 3454 1949 3525 ἦν

366 3548 648 3614 ὲϐἀδισαν,
679 3549 774 3603 καὶ
794 3550 990 3613 αὐτοὺς
1015 3551 1115 3603 οὐκ
1143 3547 1453 3618 ὠφέλησαν·
1478 3548 1830 3620 ἀνεκτότερον
1855 3544 1950 3602 οὖν

366 3640 526 3694 ἔσται
547 3643 660 3705 τοῖς
689 3641 964 3712 Σοδόμοις,
995 3642 1029 3711 ή
1061 3643 1175 3704 τοῖς
1202 3639 1512 3705 ἀπειθοῦσι,
1536 3639 1670 3693 διότι
1715 3639 1764 3693 οἱ
1794 3640 1950 3693 Σοδο-

370 3734 528 3801 μῖται
563 3732 803 3787 ἐνταῦθα
827 3732 1203 3797 κολασθέντες,
1239 3733 1358 3786 ἐκεῖ
1389 3730 1754 3803 μετριώτερον
1784 3730 1952 3784 κολοιά-

367 3822 687 3892 σθήσονται.

449 3937 468 3968 ι
512 3919 643 3972 ’ἰδοὺ
670 3917 782 3988 ἐγὼ
813 3917 1125 3973 ἀποστέλλω
1151 3918 1295 3989 ὑμᾶς
1328 3917 1404 3981 ὡς
1432 3917 1679 3990 πρόϐατα
1706 3917 1763 3971 ἐν
1798 3916 1950 3987 μέσῳ

363 4007 572 4064 λύκων.
624 4028 644 4061 ι
700 4009 1062 4063 Καθὼπλισεν
1132 4011 1330 4073 αὐτοὺς
1409 3998 1683 4079 σημείοις,
1732 4008 1956 4077 ἐποίησε

366 4100 595 4172 θαρρεῖν
624 4102 754 4172 περὶ
783 4101 883 4171 τῆς
910 4099 1255 4172 τροφῆς,τὰς
1281 4099 1391 4153 τῶν
1416 4099 1581 4164 ἀξίων
1603 4098 1821 4166 ἀνοίξας
1850 4097 1948 4152 θύ-

370 4206 497 4256 ρας.
523 4191 688 4259 Λέγει
719 4191 814 4247 νῦν
841 4192 936 4246 καὶ
956 4193 1027 4247 τὰ
1077 4192 1470 4264 συμϐησόμενα
1496 4191 1665 4258 δεινά,
1688 4192 1787 4262 τὴν
1814 4176 1950 4262 πρόδ-

369 4294 576 4344 γνωσιν
606 4282 839 4346 δεικνύς.
867 4284 1279 4354 Παραμυθεῖται
1296 4284 1375 4350 δὲ,
1398 4283 1487 4336 διὰ
1508 4283 1603 4336 τοῦ
1625 4281 1756 4352 ἐγώ.
1789 4282 1949 4352 Ἐγὼ,

372 4367 567 4439 φησὶν,
592 4371 625 4422 ό
666 4374 945 4443 κραταιός.
1003 4375 1165 4426 Ὥστε
1196 4374 1452 4446 θαρρεῖτε
1480 4389 1494 4404 ⁸
1530 4374 1819 4444 ἀχείρωτοι
1844 4375 1953 4445 γάρ

372 4461 591 4515 ἔσεσθε.
639 4461 952 4533 Ἐτοιμάζει
984 4466 1042 4519 δὲ
1075 4467 1275 4530 αὐτοὺς
1304 4466 1441 4537 πρὸς
1480 4465 1541 4519 τὺ
1571 4466 1802 4536 πάσχειν
1827 4481 1842 4495 σ
1879 4466 1956 4529 ὡς

2045 595 2148 647 ilua
2180 592 2377 655 aufert,
2396 602 2449 645 et
2482 605 2641 645 curas
2685 592 2765 645 eis
2803 590 3013 645 adimit.
3039 591 3170 644 Nam
3203 605 3377 661 neque
3411 591 3618 661 virgam

2044 699 2139 740 eos
2169 685 2369 739 habere
2416 684 2564 748 sinit,
2593 685 2737 754 quod
2789 692 2994 739 exactae
3050 683 3382 753 paupertatis
3413 694 3495 740 est
3526 694 3620 739 :et

2045 765 2239 850 dignos
2263 780 2365 835 llde
2397 778 2525 832 facit
2554 794 2666 843 eos,
2684 779 2775 849 qui
2793 787 3163 847 paupertatem
3192 778 3439 833 doceant.
3460 777 3622 833 Dein-

2046 870 2112 925 de
2130 885 2197 924 nc
2215 869 2418 934 dicant.
2437 868 2719 936 Quomodo
2740 865 3127 922 educabimur?
3146 867 3315 937 inquit
3337 883 3351 922 :
3373 885 3393 920 ι
3418 867 3623 939 Dignus

2049 970 2131 1017 est
2159 961 2440 1032 operarius
2471 961 2592 1016 cibo
2621 975 2742 1027 suo,
2771 978 2790 1012 ι
2824 960 2928 1015 hoc
2955 967 3061 1026 est,
3080 974 3110 1013 ε
3138 957 3414 1029 discipulis
3440 974 3623 1030 pasce-

2048 1053 2201 1108 tnini.
2222 1052 2506 1109 Debebunt
2548 1053 2692 1108 enim
2743 1054 2846 1107 hoc
2887 1051 3043 1108 vobis
3076 1060 3134 1106 ut
3164 1051 3449 1121 operariis.
3476 1051 3623 1107 Dixit

2046 1153 2227 1201 autem
2263 1145 2407 1212 cibo,
2433 1160 2536 1200 non
2567 1144 2922 1215 luxu.Neqne
2950 1143 3095 1200 enim
3137 1142 3377 1200 deliciari
3407 1152 3623 1215 oportet

2047 1234 2321 1291 doctores.

2121 1417 2286 1475 Vens.
2311 1420 2400 1478 11.
2432 1437 2452 1474 ι
2481 1420 2537 1477 in
2568 1435 2947 1493 quamcunque
2995 1424 3274 1480 civitatem
3320 1421 3405 1480 vel
3439 1425 3616 1477 vicum

2050 1513 2263 1571 fueritis
2315 1515 2567 1584 ingressi,
2644 1514 2916 1587 exquirite
2972 1518 3095 1587 quis
3160 1519 3211 1572 in
3289 1531 3354 1574 ea
3428 1517 3626 1588 dignus

2050 1607 2158 1663 sit:
2186 1617 2348 1678 atque
2392 1608 2502 1664 illic
2555 1620 2788 1676 manete,
2833 1610 3005 1666 donec
3058 1611 3288 1667 exeatis.
3329 1630 3348 1664 ι
3384 1610 3501 1666 Νοη
3556 1611 3623 1666 ad

2050 1714 2238 1755 omnes
2261 1700 2423 1772 jussit
2452 1700 2553 1768 ire,
2577 1717 2647 1758 ne
2679 1702 2820 1758 misti
2854 1700 3091 1774 indignis
3123 1713 3438 1776 arguantur.
3486 1702 3622 1758 Nam

2051 1786 2097 1841 si
2147 1785 2214 1841 ad
2259 1787 2405 1843 solos
2450 1789 2644 1861 dignos
2709 1790 2891 1855 ierint,
2933 1792 3159 1848 omnino
3211 1803 3265 1849 et
3314 1804 3622 1862 pascentur.

1983 1859 2024 1917 Β
2051 1876 2211 1934 lubet
2233 1886 2412 1935 autem
2444 1892 2684 1948 manere,
2708 1893 2763 1937 et
2792 1896 2898 1937 non
2930 1882 2998 1938 de
3026 1884 3255 1942 domoin
3274 1887 3490 1941 dommn
3522 1886 3623 1948 ire,

2057 1990 2124 2030 ne
2173 1986 2426 2047 tanquam
2459 1978 2632 2048 gulosi
2671 1981 2815 2036 male
2842 1981 3086 2050 audiant,
3107 1992 3162 2039 et
3198 1985 3483 2041 videantur
3517 1986 3628 2055 pri-

2057 2083 2173 2125 mos
2208 2070 2299 2139 qui
2331 2082 2705 2141 susceperant,
2732 2072 2928 2143 injuria
2960 2075 3197 2133 allicere.

2122 2163 2289 2217 Vens.
2312 2162 2402 2229 12,
2428 2165 2516 2222 l5.
2543 2184 2563 2217 ι
2602 2165 2734 2222 Cum
2761 2176 2943 2223 autem
2969 2168 3246 2227 intrabitis
3267 2160 3511 2233 domum.
3535 2185 3626 2225 sa-

2057 2255 2294 2312 lutabitis
2313 2258 2457 2312 illam
2480 2260 2723 2317 dicentes
2741 2279 2755 2315 :
2772 2259 2881 2317 Pax
2899 2258 3026 2318 huic
3042 2263 3224 2320 domui
3242 2283 3255 2319 :
3270 2275 3324 2320 et
3345 2265 3389 2320 si
3409 2263 3623 2334 quidem

2056 2345 2213 2402 fuerit
2229 2351 2420 2404 domus
2434 2350 2615 2421 digna,
2641 2355 2820 2409 veniat
2839 2370 2943 2424 pax
2961 2365 3133 2411 vestra
3153 2371 3314 2428 supra
3338 2357 3485 2412 illam
3510 2360 3627 2413 :sin

2057 2439 2232 2493 minus
2255 2438 2416 2496 fuerit
2439 2442 2623 2513 digna,
2672 2458 2776 2513 pax
2801 2456 2981 2500 vestra
3009 2444 3076 2502 ad
3111 2461 3203 2502 vos
3238 2460 3560 2504 revertatur.
3601 2471 3621 2503 ι

2055 2530 2158 2585 Per
2184 2530 2563 2588 salutationem
2588 2543 2642 2591 et
2658 2546 2867 2606 pacem,
2888 2534 3314 2595 benedictionem
3342 2540 3581 2613 iutellige
3606 2580 3625 2609 ,

2053 2637 2174 2695 quae
2236 2626 2375 2695 apud
2429 2626 2577 2681 solos
2628 2629 2837 2697 dignos-
2873 2640 3074 2686 manet.
3118 2626 3276 2688 Disce
3327 2633 3491 2703 igitur
3527 2636 3628 2689 hoc

2055 2720 2174 2773 loco
2217 2719 2359 2789 quod
2412 2731 2592 2775 nostra
2646 2720 2878 2778 maxime
2925 2738 3089 2794 opera
3138 2739 3241 2780 nos
3284 2726 3623 2802 benedicaut.

2126 2809 2289 2864 Vens.
2331 2810 2419 2876 14,
2448 2810 2534 2865 l5.
2592 2831 2610 2864 ι
2651 2811 2714 2866 Ει
2740 2813 3049 2885 quicunque
3079 2830 3184 2870 non
3216 2817 3490 2885 exceperit
3508 2833 3622 2882 vos,

2057 2916 2229 2970 neque
2254 2902 2487 2956 audierit
2533 2918 2813 2959 sermones
2859 2917 3092 2971 vosuos,
3118 2918 3378 2973 exeuntes
3404 2923 3469 2964 ex
3500 2912 3628 2966 acdi-

2055 2989 2156 3045 hus
2187 3000 2281 3044 aut
2305 2991 2524 3047 civitate
2553 2990 2662 3060 illa,
2686 2992 2928 3049 eXcutite
3129 2995 3400 3066 pulverem
3431 3002 3626 3068 pedum

2053 3096 2380 3142 vestrorum.
2407 3090 2574 3143 Amen
2608 3082 2730 3142 dico
2768 3086 2941 3155 Vobis,
2972 3090 3309 3147 tolerabilius
3336 3095 3438 3149 erit
3472 3104 3629 3151 teme

2057 3175 2413 3232 Sodomorum
2446 3186 2501 3232 et
2526 3175 2996 3232 Gomorrhmorum
3032 3178 3088 3235 in
3122 3179 3208 3235 die
3227 3178 3437 3249 judicii,
3465 3199 3627 3254 quam

2054 3270 2257 3326 civitati
2292 3270 2387 3324 illi.
2422 3289 2440 3322 ι
2474 3264 2742 3324 Excutere
2786 3269 2902 3323 vult
2942 3270 3240 3341 pulverem,
3264 3282 3630 3342 ttionstrantes

2053 3362 2196 3432 quod
2227 3360 2359 3415 nihil
2391 3360 2538 3415 illiue
2568 3361 2876 3429 acceperint
2896 3369 3117 3429 propter
3139 3360 3391 3415 duritiam
3414 3361 3628 3417 illorum

2054 3453 2144 3522 qui
2197 3450 2511 3522 persuaderi
2561 3467 2666 3506 non
2715 3460 3025 3522 potuerunt,
3051 3452 3134 3506 vel
3180 3453 3325 3523 quod
3356 3460 3629 3508 testantur

2053 3560 2111 3599 se
2143 3546 2353 3600 illorum
2388 3544 2604 3599 nomine
2634 3560 2884 3611 magnum
2913 3544 3015 3600 iter
3041 3543 3364 3613 confecisse,
3380 3543 3625 3616 nihilque

2053 3637 2159 3691 illis
2224 3636 2509 3707 profuisse.
2560 3634 2919 3691 Tolerabilius
2980 3635 3143 3707 igitur
3208 3638 3315 3692 erit
3374 3635 3628 3693 Sodomis

2053 3744 2214 3799 quam
2246 3729 2561 3795 incredulis,
2586 3742 2651 3784 eo
2683 3728 2824 3799 (ιιιοά
2858 3726 3153 3784 Sodomita:
3183 3729 3270 3784 hic
3302 3729 3498 3800 puniti,
3524 3729 3628 3785 ali-

2054 3820 2108 3875 bi
2143 3821 2329 3875 mitius
2356 3823 2670 3889 punientur.
3596 3870 3599 3877 ,

2128 3910 2293 3967 Vens.
2355 3912 2444 3965 16.
2499 3928 2518 3961 ι
2574 3909 2712 3966 Ecce
2773 3926 2873 3982 ego
2932 3911 3086 3965 mitto
3145 3927 3239 3967 vos
3297 3912 3439 3969 sicut
3498 3928 3629 3969 oves

2057 4004 2109 4058 in
2168 4002 2345 4058 medio
2396 4002 2669 4072 luporum.
2727 4021 2745 4054 ι
2799 4003 3123 4059 Armaverat
3170 4019 3266 4060 eos
3322 4002 3625 4070 miraculis.

2057 4096 2125 4150 de
2205 4094 2341 4149 cibis
2387 4094 2583 4149 bonam
2661 4095 2913 4149 ﬁduciam
2961 4096 3067 4152 illis
3121 4097 3346 4163 fecerat,
3419 4100 3627 4168 apertis

2056 4188 2340 4256 dignorum
2375 4183 2577 4256 januis.
2622 4186 2761 4243 Dicit
2791 4203 2931 4243 Illlllc
2963 4197 3020 4243 et
3062 4191 3246 4259 gravia
3294 4204 3414 4260 qute
3467 4205 3632 4246 even-

2056 4288 2174 4333 tura
2249 4288 2445 4341 erant,
2519 4294 2674 4334 suam
2758 4280 3160 4351 praescientiam
3248 4282 3627 4339 manifestans.

2055 4370 2384 4426 Consolatur
2435 4381 2613 4425 autem
2665 4387 2762 4441 per
2811 4372 2912 4426 hoc
2963 4373 3104 4442 quod
3153 4373 3307 4440 dicit,
3348 4390 3468 4445 ego.
3496 4374 3628 4446 Ego,

2056 4463 2251 4533 inquit,
2297 4472 2487 4530 potens
2524 4463 2635 4528 ille,
2681 4474 2734 4518 et
2770 4463 2999 4533 proinde
3032 4465 3217 4522 ﬁdite:
3248 4466 3432 4522 invicti
3484 4470 3629 4524 enim

370 4551 487 4618 γὰρ
515 4550 773 4605 ἀδύνατον
800 4554 857 4605 ὲν
883 4556 1035 4625 μέσῳ
1061 4555 1240 4608 λύκων
1264 4554 1536 4625 πρόϐατον
1581 4554 1656 4624 μὴ
1695 4554 1948 4620 πάσχειν,

2059 4556 2230 4609 eritis.
2258 4552 2482 4609 Instruit
2510 4565 2691 4609 autem
2721 4569 2814 4610 eos
2843 4556 2906 4609 ad
2940 4557 3269 4626 passionem.
3297 4558 3431 4613 Nam
3487 4560 3630 4615 sicut

369 4641 522 4695 οὕτω
547 4644 640 4696 καὶ
673 4644 818 4714 ὑμᾶς
847 4647 1050 4716 μεταξὺ
1084 4648 1193 4700 τῶν
1231 4647 1524 4711 Ἰουδαίων,
1556 4646 1691 4698 ἀλλά
1719 4646 1821 4700 κᾶν
1845 4646 1952 4699 πά-

373 4752 565 4806 σχητε,
599 4739 674 4808 μὴ
723 4737 1035 4808 ὀργίζεσθε·
1063 4740 1138 4803 ὡς
1158 4740 1404 4810 πρόϐατα
1423 4740 1530 4809 γὰρ
1555 4739 1763 4809 πράους
1809 4738 1955 4808 ὑμᾶς

372 4821 516 4875 εἶναι
558 4825 844 4895 βούλομαι,
903 4828 999 4881 καὶ
1032 4827 1177 4881 οὕτω
1213 4829 1413 4899 μᾶλλον
1447 4829 1623 4899 νικᾷν.
1664 4846 1683 4879 ι
1737 4827 1953 4881 Γίνεσθε

372 4907 469 4963 οὖν
497 4913 755 4981 φρόνιμοι
786 4914 861 4976 ὡς
886 4917 934 4968 οἰ
967 4915 1141 4985 ὄφεις,
1166 4916 1269 4970 ’καὶ
1304 4917 1553 4987 ἀκέραιοι
1583 4916 1658 4980 ὡς
1709 4919 1765 4970 αἰ
1807 4934 1956 4987 περι-

372 5005 585 5072 στεραί.
624 5023 644 5055 ›
673 5005 828 5058 Θέλει
866 5010 992 5071 τοὺς
1020 5008 1268 5081 μαθητὰς
1310 5012 1406 5064 καὶ
1441 5010 1741 5081 φρονίμους
1780 5005 1945 5063 εἶναι.

373 5092 494 5145 Ἵνα
517 5095 629 5164 γὰρ
651 5100 747 5166 μὴ,
781 5099 1027 5165 πρόϐατα
1056 5100 1278 5163 τούτους
1298 5101 1533 5166 ἀκούων,
1563 5103 1690 5172 νοῇς
1720 5101 1802 5154 ὅτι
1837 5100 1956 5170 ἠλί-

373 5191 489 5242 θιον
512 5191 592 5243 δεῖ
618 5186 761 5245 εἶναι
793 5193 886 5245 τὸν
916 5195 1262 5264 Χριστιανὸν,
1290 5196 1456 5266 φησὶν
1489 5198 1570 5249 ὅτι
1594 5197 1677 5250 δεῖ
1702 5196 1795 5250 καὶ
1822 5196 1955 5266 φρό-

372 5300 527 5352 νιμον
568 5282 730 5347 εἶναι,
781 5288 959 5341 εἰδότα
1004 5287 1119 5350 πῶς
1139 5287 1220 5341 δεῖ
1246 5287 1683 5359 ἀναστρέφεσθαι
1710 5289 1769 5340 ἐν
1803 5288 1953 5359 μέσῳ

371 5380 583 5433 πολλῶν
620 5382 850 5451 ἐχθρῶν.
888 5383 977 5442 Ὠς
1002 5383 1111 5453 γάρ
1137 5384 1166 5435 ό
1196 5382 1321 5450 ὄφις
1388 5383 1497 5435 πᾶν
1534 5381 1634 5451 μὲν
1678 5382 1739 5434 τὸ
1767 5381 1952 5434 λοιπὸν

372 5472 535 5542 σῶμα
583 5472 766 5525 δίδωσι
820 5472 1176 5542 πλήττεσθαι,
1231 5473 1330 5544 τὴν
1362 5472 1420 5525 δὲ
1469 5472 1711 5541 κεφαλὴν
1770 5473 1950 5544 τηρεῖ,

369 5564 513 5618 οὕτω
540 5566 633 5618 καὶ
662 5565 692 5617 ὁ
721 5567 763 5618 Χ
774 5567 1044 5637 ριστιανδς
1080 5567 1260 5619 πάντα
1288 5565 1355 5618 τὰ
1390 5564 1586 5618 ἑαυτοῦ
1618 5563 1826 5629 διδότω,
1855 5564 1953 5616 καὶ

368 5659 431 5711 τὶ
461 5658 623 5728 σῶμα
657 5657 824 5712 αὑτοῦ
850 5661 960 5723 τοῖς
981 5659 1275 5731 πλήττουσι
1293 5673 1307 5689 ⁸
1336 5659 1435 5730 τὴν
1456 5657 1513 5711 δὲ
1545 5656 1810 5727 κεφαλὴν,
1828 5656 1953 5726 ἥτις

371 5751 523 5803 ἐστὶν
577 5753 606 5803 ὁ
637 5750 871 5819 Χριστὸς
902 5753 997 5805 καὶ
1031 5753 1065 5821 ὴ
1099 5754 1180 5815 εἰς
1210 5752 1375 5805 αὑτὸν
1429 5750 1633 5815 πίστις,
1677 5750 1911 5821 τηρείτω
1934 5765 1948 5780 ο

365 5845 463 5898 καὶ
492 5842 684 5913 ὥσπερ
712 5846 740 5897 ό
769 5845 889 5914 ὄφις
934 5848 1095 5915 στενῇ
1146 5864 1251 5900 τινι
1289 5846 1398 5918 ὁπῇ
1452 5843 1950 5919 περισφιγγόμενος

2062 4647 2391 4717 impossibile
2420 4657 2503 4701 est
2535 4662 2664 4702 Oves
2705 4647 2756 4700 in
2805 4649 2981 4702 medio
3029 4647 3277 4719 luporum
3328 4650 3462 4704 nihil
3498 4651 3628 4719 pati,

2061 4740 2134 4794 ita
2175 4747 2231 4793 el.
2272 4755 2369 4794 vos
2413 4740 2555 4793 inter
2595 4737 2832 4806 Judaeos,
2858 4756 3043 4795 verum
3077 4743 3201 4795 licet
3228 4742 3535 4811 patiamini,
3560 4759 3628 4796 ne

2058 4820 2447 4884 succenseatis.
2481 4829 2611 4884 Volo
2657 4832 2803 4883 enim
2851 4846 2944 4883 vos
2990 4843 3306 4887 mansuetos
3332 4833 3632 4893 esse,sirut

2056 4935 2207 4985 oves,
2236 4931 2292 4975 et
2333 4921 2412 4975 sic
2446 4921 2616 4990 magis
2653 4919 2890 4975 vincere.
2921 4940 2940 4973 ι
2982 4919 3168 4976 Estote
3201 4923 3364 4990 igitur
3395 4924 3631 4998 pruden-

2060 5022 2138 5065 tes
2168 5012 2312 5066 sicut
2358 5024 2664 5081 serpentes,
2686 5019 2740 5066 et
2790 5012 3063 5080 simplices
3111 5014 3254 5067 velut
3291 5014 3573 5069 columbae.
3606 5034 3626 5067 ι

2055 5103 2182 5159 Vult
2209 5104 2502 5175 discipulos
2530 5106 2693 5161 etiam
2745 5108 3037 5175 prudentes
3085 5120 3224 5160 esse.
3254 5106 3460 5161 ideirco
3503 5122 3629 5162 cum

2058 5197 2298 5252 audieris
2328 5196 2675 5252 Christianos
2704 5198 2808 5251 diei
2854 5212 3007 5261 oves,
3032 5213 3141 5251 non
3178 5196 3445 5268 intelligas
3485 5201 3631 5269 quod

2056 5301 2305 5360 oporteat
2332 5305 2426 5345 eos
2462 5291 2706 5359 stupidos
2744 5303 2888 5352 esse,
2921 5304 3044 5342 nam
3070 5299 3124 5343 et
3148 5289 3443 5359 prudentes
3467 5307 3633 5359 opor-

2059 5394 2134 5438 tet
2166 5398 2308 5448 esse,
2332 5392 2386 5436 et
2415 5383 2557 5436 scire
2607 5379 2881 5450 quomodo
2917 5381 3238 5436 versandum
3269 5383 3339 5436 sit
3370 5383 3422 5436 in
3456 5387 3634 5437 medio

2058 5475 2352 5527 multorum
2410 5473 2777 5526 inimicorum.
2806 5472 2960 5527 Sicut
3005 5474 3150 5528 enim
3192 5491 3421 5544 serpens
3460 5487 3629 5530 totum

2054 5579 2250 5632 corpus
2287 5558 2475 5628 objicit
2504 5570 2563 5614 ut
2590 5561 2944 5629 percutiatur,
2972 5572 3134 5632 caput
3179 5575 3359 5618 autem
3408 5576 3585 5618 servat
3611 5580 3625 5623 ;

2055 5657 2129 5711 ita
2176 5667 2231 5710 et
2277 5642 2644 5716 Christianus.
2690 5654 2890 5724 inquit,
2936 5654 3120 5709 omnia
3176 5670 3272 5709 sua
3303 5657 3414 5716 det,
3460 5664 3622 5723 atque

2054 5750 2218 5803 etiam
2269 5762 2466 5818 corpus
2517 5761 2676 5801 suum
2718 5749 3177 5815 percutientibus;
3237 5755 3398 5816 caput
3446 5758 3626 5799 autem

2056 5841 2196 5910 quod
2232 5850 2313 5894 est
2344 5838 2616 5903 Christus,
2639 5848 2695 5892 et
2722 5836 2881 5893 ﬁdem
2917 5839 2970 5893 in
2999 5837 3145 5891 illum
3175 5846 3370 5891 servet.
3394 5832 3454 5888 Et
3488 5833 3629 5895 sicut
