4078 6464
427 382 544 445 .239

1314 377 1901 438 THEOPHYLACTI
1947 375 2360 436 BULGARLE
2403 375 2763 436 ARCHIEP.

3578 378 3687 445 240

438 506 660 562 serpens
693 491 746 546 in
775 498 1002 557 angusto
1027 486 1256 559 quodam
1291 487 1552 542 foramine
1579 487 2003 556 cireunmriugit

2111 484 2198 537 ml
2222 484 2651 554 διεξερχλῐμενός,
2679 483 2969 538 ἀποδύεται
2991 484 3050 538 τὸ
3075 486 3303 540 παλαιὸν
3324 487 3529 560 δέρμα,
3547 492 3689 548 οὓτω

435 602 517 652 se,
536 593 588 640 et
616 582 886 637 transiens
917 578 1108 650 pellem
1143 590 1372 634 veterem
1401 579 1700 650 cxspoliat:
1731 576 1804 632 ita
1827 589 1883 633 et
1908 592 2005 633 nos

430 693 533 749 per
570 684 856 745 angustam
889 675 1028 728 viam
1078 673 1496 738 incedamus,ut
1550 681 1783 726 veterem
1837 686 2005 725 exua-

436 761 1278 822 mushominem.Verumtamen
1319 759 1444 830 quia
1481 771 1535 812 et
1586 772 1808 826 serpens
1855 759 2006 812 noci-

435 873 535 913 vus
569 854 846 926 est,iubet
879 868 978 908 nos
1006 852 1277 922 simplices
1317 867 1457 916 esse,
1487 855 1585 906 hoc
1615 860 1720 915 est,
1745 852 2003 917 sineeros,

435 961 487 1004 et
518 950 721 1019 absque
751 947 974 1012 malitia,
1001 945 1317 1015 nullumque
1364 943 1718 1009 oﬁendentes,
1744 946 1884 1000 sicut
1917 959 2006 998 eu-

435 1044 629 1098 lutubte
657 1058 673 1097 :
701 1041 802 1097 illa:
845 1040 986 1095 enim
1043 1053 1164 1094 cum
1225 1035 1548 1092 auferuntur
1603 1038 1682 1091 eis
1733 1037 1919 1101 ﬂetus,
1951 1044 2004 1090 et

435 1135 861 1206 persecutionem
899 1133 1196 1205 patiuntur,
1228 1147 1415 1186 rursus
1466 1131 1531 1185 ad
1584 1131 1830 1186 dominos
1877 1146 2004 1186 suos

432 1235 799 1282 revertuntur.
827 1226 954 1280 Esto
999 1224 1164 1295 igitur
1207 1224 1442 1293 prudens
1491 1223 1649 1292 sicut!
1677 1225 2004 1291 serpens,ita

436 1331 492 1375 ut
528 1337 593 1375 ne
625 1317 920 1374 deridearis
949 1316 1018 1371 ob
1053 1316 1219 1370 vitam
1263 1315 1331 1368 ab
1372 1315 1510 1378 aliis,
1540 1315 1634 1370 sed
1686 1315 1864 1368 omnia
1916 1323 2002 1368 tua

432 1416 568 1468 citra
600 1412 772 1468 labem
805 1408 1071 1479 perﬁcias.
1103 1408 1238 1479 Erga
1271 1408 1404 1464 alios
1437 1416 1614 1460 autem
1651 1421 1718 1461 ne
1754 1407 1862 1462 illis
1902 1422 2004 1460 no-

434 1521 582 1568 ceas,
621 1503 696 1559 sis
733 1501 876 1557 velut
911 1499 1179 1564 columba,
1220 1503 1319 1553 hoc
1353 1508 1455 1562 est,
1487 1499 1798 1568 neutiquam
1852 1499 2004 1552 ntali-

436 1614 594 1668 gnus.

510 1693 670 1746 Vens.
717 1683 803 1754 l7,
867 1687 952 1741 l8.
1009 1705 1025 1738 ι
1067 1686 1263 1739 Cavete
1298 1693 1476 1739 autem
1538 1685 1604 1737 ab
1661 1682 1999 1747 hominibus,

437 1782 645 1836 tradent
675 1784 818 1834 enim
850 1795 946 1835 vos
971 1779 1022 1832 in
1074 1766 1326 1844 concilia,
1350 1785 1404 1832 et
1439 1777 1488 1831 in
1532 1775 1821 1848 synagogis
1887 1778 2002 1832 suis

2110 579 2204 631 καὶ
2234 579 2390 648 ἡμεῖς
2410 577 2497 630 διὰ
2520 580 2616 648 τῆς
2647 577 2834 647 στενῆς
2865 576 2982 631 ὁδοῦ
3013 577 3307 643 ὁδεύοντες,
3339 581 3429 634 τὸν
3455 583 3688 638 παλαιὸν

2108 670 2468 740 ἁποδυὼμεθα
2500 669 2806 740 ἄνθρωπον.
2851 670 3004 722 Ἐπεὶ
3028 671 3084 723 δὲ
3113 671 3142 722 6
3177 671 3299 739 ὅφις
3332 671 3426 725 καὶ
3457 671 3689 743 βλαπτι-

2107 763 2200 824 κός
2231 765 2371 827 ἐστι,
2431 762 2644 816 κελεύει
2679 765 2826 834 ἡμᾶς
2856 762 3147 833 ἀκεραίους
3179 759 3342 830 εἶναι,
3384 767 3690 831 τουτέστιν,

2106 855 2314 919 ἁπλοῦς
2373 857 2466 910 καὶ
2524 858 2833 928 ἀπονήρους
2876 855 2969 909 καὶ
3025 859 3098 926 μὴ
3135 855 3490 926 βλαπτικοῦς,
3518 860 3594 923 ὡς
3633 864 3690 915 al

2107 951 2425 1020 περιστεραί
2448 966 2459 981 ο
2498 943 2660 1004 αὗται
2692 950 2822 1020 γὰρ,
2849 952 2942 1003 καὶ
2988 949 3391 1018 ἀφαιρούμεναι
3421 953 3488 1005 τᾶ
3517 955 3689 1009 τέκνα
3785 987 3798 994 -

2107 1043 2200 1094 καὶ
2224 1041 2578 1113 διωκόμεναι,
2637 1037 2791 1105 αὖθις
2847 1041 3344 1112 ἑπανακάμπτουσι
3394 1044 3533 1114 πρὸς
3560 1047 3690 1110 τοὺς

2103 1133 2390 1198 δεσπότας,
2428 1135 2559 1188 Ἔσο
2585 1130 2678 1188 οὖν
2710 1136 2970 1204 φρόνιμος
3023 1134 3097 1198 ὡς
3129 1134 3272 1202 ὄφις,
3316 1133 3456 1188 ὥστε
3483 1134 3560 1207 μὴ
3593 1153 3690 1203 γε-

2104 1227 2297 1280 λᾶσθαι
2323 1228 2378 1279 ὲν
2401 1227 2479 1298 τῷ
2505 1226 2624 1298 βίῳ,
2651 1226 2785 1281 ἀλλὰ
2815 1227 2998 1280 πάντα
3030 1228 3097 1279 τά
3133 1226 3276 1279 κατὰ
3312 1226 3372 1279 σὲ
3411 1228 3690 1297 άμώμητα

2104 1315 2429 1368 διατιθέναι·
2460 1317 2594 1386 πρὸς
2646 1316 2702 1370 δὲ
2749 1315 2810 1369 τὸ
2841 1316 3101 1385 βλάπτειν
3147 1316 3393 1385 ἐτέρους,
3425 1315 3515 1368 ἔσο
3551 1315 3688 1370 ὡσεὶ

2107 1407 2424 1477 περιστερὰ,
2452 1407 2758 1472 τουτέστιν,
2801 1407 3096 1476 ἀπόνηρος.

2182 1699 2198 1731 ι
2243 1681 2544 1751 Προσέχετε
2574 1681 2630 1735 δὲ
2653 1682 2759 1734 ἀπὸ
2791 1682 2899 1736 τῶν
2936 1683 3262 1755 ἀνθρώπων,
3299 1685 3688 1757 παραδώσουσι

2106 1775 2216 1846 γὰρ
2247 1777 2390 1846 ὑμᾶς
2427 1779 2503 1839 είς
2536 1778 2810 1848 συνέδρια,
2841 1779 2936 1832 καὶ
2963 1781 3019 1833 ἐν
3049 1785 3170 1846 ταῖς
3219 1784 3560 1850 συναγωγαῖς
3587 1784 3688 1835 a6-

434 1872 776 1942 flagellabunt
831 1886 960 1936 vos,
1008 1879 1062 1925 et
1103 1869 1170 1924 ad
1225 1869 1391 1923 duces
1436 1877 1490 1922 et
1535 1881 1689 1938 reges
1737 1867 2005 1922 ducemini

2111 1869 2218 1921 τῶν
2247 1869 2686 1939 μαστιγώσουσιν
2738 1870 2906 1940 ὑμᾶς,
2956 1871 3051 1923 καὶ
3077 1872 3169 1925 ἐπὶ
3195 1871 3469 1942 ἡγεμόνας
3503 1871 3558 1923 δὲ
3590 1871 3687 1923 καὶ

433 1977 680 2038 propter__
703 1981 814 2028 me,
843 1966 896 2020 in
951 1963 1315 2019 testimonium
1379 1961 1510 2032 ipsis
1562 1977 1626 2017 ac
1679 1960 2000 2030 gentibus.)

435 2059 594 2114 Vides
625 2059 728 2113 hoc
756 2072 876 2112 esse
907 2055 1207 2124 prudentis,
1239 2068 1452 2118 cavere,
1472 2063 1527 2108 et
1557 2068 1660 2110 non
1691 2053 1819 2109 dare
1845 2066 2006 2107 occa-

433 2152 642 2206 sionem
700 2149 1002 2203 voleutibus
1064 2146 1337 2217 persequi,
1364 2147 1457 2200 sed
1507 2147 1799 2216 prudenter
1849 2157 2008 2216 agere

437 2258 523 2299 res
559 2251 793 2296 nostras.
825 2240 878 2296 Si
910 2239 1194 2312 pecuniam
1224 2237 1456 2294 voluerit
1493 2238 1585 2306 qui
1639 2237 2006 2308 persequitur,

435 2337 477 2388 si
511 2337 796 2400 honorem,
825 2333 890 2388 da
926 2343 982 2386 ut
1019 2347 1086 2386 ne
1116 2330 1455 2387 occasionem
1487 2331 1682 2385 habeat
1713 2347 1726 2384 :
1754 2329 1798 2385 si
1827 2339 2006 2384 autem

436 2428 593 2484 tidem
631 2426 828 2491 aufert,
861 2425 1068 2482 custodi
1102 2435 1250 2478 tuum
1286 2421 1605 2493 caput.Non
1635 2432 1818 2478 autem
1847 2420 2008 2476 disci-

435 2518 589 2587 pulos
621 2519 886 2573 missurus
914 2525 1030 2571 erat
1062 2517 1129 2570 ad
1160 2512 1375 2571 Judzeos
1405 2515 1602 2580 solum,
1625 2516 1719 2570 sed
1751 2513 1910 2568 etiam
1939 2512 2006 2566 ad

434 2618 620 2678 gentes
650 2625 663 2660 :
693 2607 896 2663 idcirco
924 2605 1055 2662 dicit
1077 2605 1169 2662 :ln
1197 2605 1562 2660 testimonium
1593 2604 1724 2676 ipsis
1750 2613 1804 2659 et
1833 2603 2010 2674 genti-

437 2708 562 2768 hus,
594 2702 698 2757 hoc
729 2700 908 2767 est,in
936 2707 1116 2753 notam
1148 2706 1200 2753 et
1228 2698 1279 2751 in
1313 2696 1788 2769 reprehensionem
1820 2709 2006 2749 eorum

433 2795 522 2864 qui
553 2808 656 2848 non
685 2793 929 2847 credunt.

507 2974 676 3030 Vens.
707 2971 904 3039 19,20.
935 2990 952 3023 ι
979 2972 1067 3041 ,ΑΙ
1114 2988 1236 3026 cum
1287 2969 1604 3025 tradiderint
1647 2967 1761 3040 49
1796 2984 1909 3034 vos,
1943 2983 2010 3024 ne

435 3072 552 3125 sitis
578 3071 788 3127 solliciti
831 3067 1101 3139 quomodo
1132 3075 1226 3120 aut
1255 3065 1382 3134 quid
1420 3061 1748 3132 loquamini;
1795 3063 2010 3116 dabitur

434 3161 577 3216 enim
601 3161 754 3217 vobis
795 3160 848 3214 iu
899 3157 986 3214 illa
1028 3159 1157 3213 hora
1203 3157 1330 3226 quid
1368 3155 1685 3226 loquamini.
1713 3153 1828 3209 Non
1863 3154 2008 3209 enim

437 3267 533 3307 vos
576 3251 711 3307 estis
759 3251 833 3306 illi
883 3250 1187 3321 loquentes,
1225 3248 1318 3302 sed
1351 3245 1590 3317 Spiritus
1634 3243 1811 3299 Patris
1845 3244 2008 3297 vestri

432 3345 524 3416 qui
594 3344 833 3414 loquitur
889 3343 945 3398 in
1018 3341 1193 3398 vobis.
1243 3360 1261 3392 ι
1317 3339 1393 3395 Ne
1442 3340 1680 3396 dicant:
1725 3337 2004 3404 Quomodo

433 3436 765 3505 persuadere
816 3434 1114 3505 poterimus
1172 3432 1351 3487 idiota!
1405 3431 1668 3499 sapientia
1719 3427 2006 3499 praeditos?

429 3528 582 3598 jubet
610 3525 862 3582 ﬁduciam
917 3523 1140 3588 habere,
1167 3534 1220 3579 et
1252 3523 1672 3579 sollicitudinem
1699 3522 2000 3592 deponere:

435 3635 561 3674 nam
682 3633 805 3673 cum
875 3616 1018 3672 inter
1096 3615 1283 3671 ﬁdeles
1365 3629 1673 3670 sermonem
1768 3612 2003 3668 habituri

433 3725 644 3774 smnus,
686 3710 902 3779 dignum
948 3717 1030 3764 est
1089 3717 1146 3762 ut
1199 3708 1660 3778 praettteditemur,
1713 3715 1769 3760 et
1825 3705 2002 3773 parati

435 3805 608 3859 simus
672 3802 738 3856 ad
817 3800 1214 3865 defensionem,
1270 3798 1730 3869 quemadmodum
1802 3796 1997 3851 Petrus

433 3896 686 3952 admonet
719 3895 784 3950 “.
818 3895 964 3950 Inter
995 3895 1182 3949 turbas
1232 3901 1409 3948 autem
1448 3901 1503 3946 et
1533 3905 1687 3960 reges
1733 3889 2008 3945 insanien-

434 3999 515 4042 tes
565 4002 721 4042 suum
774 3987 1042 4057 promittit
1077 3987 1263 4052 robur,
1289 4000 1358 4040 ne
1419 3983 1727 4038 timeamus.
1751 3980 2004 4036 Nostrum

430 4088 516 4133 est
579 4079 723 4132 enim
759 4079 1004 4134 conﬁteri
1038 4101 1049 4133 :
1084 4078 1359 4148 sapienter
1413 4085 1594 4130 autem
1653 4075 2002 4144 reSpondei-e,

434 4169 550 4223 Dei.
574 4167 640 4222 Et
664 4183 730 4222 ne
763 4169 1056 4238 suspiceris
1093 4166 1392 4221 naturalem
1431 4178 1556 4219 esse
1587 4163 1639 4218 in
1666 4161 2007 4218 defendendo

436 4259 779 4325 industriam,
815 4259 1038 4329 inquit:
1084 4255 1199 4312 Non
1227 4272 1326 4314 vos
1383 4255 1690 4327 loquimini,
1737 4256 1830 4310 sed
1889 4254 2010 4325 Spi-

437 4350 594 4404 ritus.

505 4437 670 4494 Vens.
698 4438 789 4493 2|.
825 4455 844 4490 ι
881 4437 1082 4493 Tradet
1106 4446 1288 4492 autem
1309 4434 1477 4490 frater
1512 4435 1736 4492 fratrem
1769 4436 1820 4490 in
1855 4450 2006 4489 mor-

438 4541 565 4596 tem,
612 4539 668 4585 et
729 4539 882 4600 pater
920 4530 1115 4593 filium,
1169 4538 1224 4584 et
1275 4528 1557 4600 insurgent
1613 4527 1707 4581 ﬁlii
1751 4528 2008 4581 adversus

2109 1961 2345 2032 βασιλεῖς
2375 1961 2676 2033 ἀχθήσεσθε
2718 1962 2904 2014 ἕνεκεν
2949 1961 3106 2032 ἐμοῦ,
3141 1965 3221 2026 είς
3257 1963 3555 2036 μαρτύριον
3581 1962 3684 2014 αύο

2107 2055 2222 2116 τοῖς
2250 2055 2341 2106 καὶ
2370 2057 2482 2117 τοῖς
2511 2052 2737 2106 ἔθνεσιν.
2777 2071 2794 2103 ι
2849 2054 3033 2124 Ὁρᾷς,
3079 2054 3236 2107 τοῦτὸ
3272 2055 3390 2106 ἐστι
3415 2054 3473 2107 τὸ
3498 2054 3688 2124 φρόνιο

2111 2164 2210 2216 μον
2241 2141 2399 2210 εἶναι,
2431 2146 2492 2198 τὸ
2516 2145 2803 2216 προσέχειν
2842 2145 2937 2198 καὶ
2970 2146 3043 2215 μὴ
3068 2145 3267 2198 διδόναι
3292 2145 3546 2216 ἀφορμὴν
3575 2147 3686 2207 τοῖς

2109 2237 2325 2291 θέλουσι
2381 2237 2607 2302 θλίϐειν,
2667 2236 2803 2290 ἀλλὰ
2857 2235 3136 2306 φρονίμως
3183 2237 3403 2289 διοικεῖν
3437 2236 3506 2289 τὰ
3559 2233 3688 2288 καθ’

2109 2330 2368 2392 ἑαυτούς’
2400 2328 2465 2382 ἂν
2505 2329 2763 2399 χρήματα
2793 2328 2922 2398 θέλῃ
2963 2330 2991 2381 6
3016 2326 3248 2394 διώκων,
3282 2327 3349 2387 ἂν
3380 2325 3564 2397 τιμὴν,
3596 2327 3686 2389 δὺς

2110 2422 2195 2476 ἵνα
2228 2421 2303 2492 μὴ
2329 2421 2426 2493 ἔχῃ
2453 2421 2743 2492 ἀφορμήν’
2787 2421 2853 2474 ἂν
2904 2420 2962 2470 δὲ
2999 2418 3096 2490 τὴν
3127 2418 3312 2472 πίστιν
3363 2418 3690 2488 ἀφαιρῆται,

2109 2513 2344 2582 φύλαττέ
2401 2529 2495 2565 σου
2537 2512 2638 2581 τὴν
2684 2511 2946 2582 κεφαλήν.
2981 2510 3057 2562 Οὐ
3092 2511 3251 2579 μόνον
3280 2507 3340 2562 δὲ
3374 2509 3508 2579 πρὸς
3557 2510 3691 2560 Ἰου-

2107 2605 2290 2668 δαίους
2319 2605 2562 2674 πέμπειν
2592 2602 2775 2674 μέλλει
2799 2603 2926 2665 τοὺς
2957 2600 3228 2672 μαθητὰς,
3261 2599 3397 2655 ἀλλὰ
3425 2599 3519 2652 καὶ
3546 2600 3688 2669 πρὸς

2107 2698 2178 2750 τὰ
2208 2697 2358 2767 ἔθνη,
2382 2696 2461 2749 διὸ
2487 2697 2580 2751 καὶ
2600 2693 2773 2764 λέγει,
2800 2695 2895 2758 Εἰς
2925 2693 3224 2766 μαρτύριον
3253 2692 3436 2755 αὐτοῖς
3459 2691 3552 2744 καὶ
3575 2694 3690 2753 τοῖς

2110 2790 2313 2855 ἔθνεσι,
2343 2788 2618 2842 τουτέστιν
2652 2789 2732 2850 είς
2772 2789 2992 2856 ἔλεγχον
3041 2785 3221 2839 αὐτῶν
3273 2785 3349 2855 μὴ
3403 2783 3690 2836 πιστευόν-

2109 2903 2239 2942 των.

2187 2996 2204 3028 ι
2238 2977 2404 3030 Ὅταν
2437 2976 2494 3029 δὲ
2522 2975 2891 3045 παραδιδῶσιν
2948 2976 3116 3046 ὑμᾶς,
3178 2975 3254 3046 μὴ
3313 2971 3690 3045 μεριμνήσητε

2111 3068 2228 3133 πῶς
2257 3069 2291 3139 ἢ
2325 3068 2376 3122 τί
2425 3069 2720 3139 λαλήσητε,
2779 3069 3066 3140 δοθήσεται
3113 3068 3222 3139 γὰρ
3252 3068 3380 3137 ὑμῖν
3413 3069 3471 3120 ὲν
3504 3065 3696 3136 ἐκείνῃ

2109 3163 2174 3232 τῇ
2205 3159 2324 3231 ὥρᾳ
2344 3160 2396 3213 τί
2427 3159 2722 3230 λαλήσητε.
2759 3160 2832 3214 Οὐ
2870 3161 2979 3231 γὰρ
3009 3159 3169 3230 ὑμεῖς
3198 3160 3322 3212 ὲστε
3369 3159 3420 3212 οἱ
3465 3156 3696 3210 λαλοῦν-

2110 3269 2224 3319 τες,
2263 3251 2401 3306 ἀλλὰ
2436 3252 2494 3306 τὸ
2517 3250 2745 3322 Πνεῦμα
2790 3251 2885 3304 τοῦ
2925 3251 3139 3323 Πατρδς
3169 3250 3346 3321 ὑμῶν,
3380 3249 3439 3303 τὸ
3494 3247 3694 3300 λαλοῦν

2112 3345 2170 3397 ἐν
2201 3345 2352 3414 ὑμῖν.
2411 3361 2429 3394 ι
2476 3343 2596 3397 ἰνα
2653 3343 2730 3413 μὴ
2763 3342 2982 3407 εἴπωσι,
3019 3342 3128 3396 Καὶ
3187 3341 3300 3406 πῶς
3351 3339 3692 3409 δυνησόμεθα

2112 3439 2294 3490 πεῖσαι
2325 3434 2521 3505 σοφοὺς
2547 3434 2752 3489 ἰδιῶται
2779 3435 2966 3502 δντες;
3015 3433 3228 3490 κελεύει
3285 3434 3533 3505 θαρρεῖν,
3587 3433 3687 3484 καὶ

2116 3529 2192 3599 μὴ
2235 3530 2510 3600 μεριμνᾷν
2543 3544 2556 3557 ’
2591 3529 2721 3583 ὅταν
2757 3527 2854 3598 μὲν
2886 3527 2995 3598 γὰρ
3046 3527 3333 3597 μέλλωμεν
3363 3525 3568 3595 μεταξὺ
3596 3539 3692 3575 πι-

2115 3621 2256 3675 στῶν
2281 3620 2646 3691 διαλέγεσθαι,
2699 3620 2779 3675 δεῖ
2833 3621 2978 3691 ἡμᾶς
3029 3619 3389 3690 προμελετᾷν,
3425 3619 3516 3671 καὶ
3550 3615 3694 3670 ἑτοί-

2115 3730 2248 3783 μους
2273 3709 2409 3767 είναι
2441 3714 2577 3784 πρὸς
2605 3711 2922 3779 ἀπολογίαν,
2973 3712 3048 3775 ὼς
3080 3713 3110 3764 6
3138 3709 3340 3779 Πέτρος
3395 3710 3689 3779 παραινεῖ·

2115 3806 2318 3877 μεταξὺ
2342 3805 2398 3858 δὲ
2427 3805 2599 3876 ὄχλων
2627 3806 2720 3859 καὶ
2754 3803 3014 3874 βασιλέων
3050 3803 3415 3874 μαινομένων,
3441 3800 3537 3869 τὴν
3561 3800 3692 3851 ἑαυ-

2112 3897 2204 3950 τοῦ
2233 3898 2573 3969 ὑπισχνεῖται
2615 3896 2788 3967 ἰσχὺν,
2851 3896 2938 3948 ἵνα
2991 3893 3066 3966 μὴ
3097 3893 3424 3964 φοϐηθῶμεν
3448 3909 3463 3923 ο
3499 3891 3561 3944 τὸ
3589 3891 3692 3958 μὲν

2113 3987 2224 4060 γὰρ
2251 3989 2554 4061 ὁμολογεῖν,
2584 3987 2854 4058 ἡμέτερον
2877 4002 2888 4016 ⁸
2917 3985 3048 4040 τὸδὲ
3071 3985 3250 4054 σοφῶς
3281 3981 3694 4051 ἀπολογεῖσθαι,

2113 4081 2268 4136 Θεοῦ.
2304 4082 2414 4136 Kal.
2436 4083 2523 4135 ἵνα
2556 4081 2631 4153 μὴ
2661 4079 2939 4151 ὑπολάϐῃς
2968 4079 3050 4133 ὅτι
3085 4078 3288 4148 φυσική
3316 4080 3464 4130 ἐστιν
3490 4077 3522 4144 ἡ
3555 4076 3693 4145 πρὸς

2113 4175 2211 4239 τὰς
2240 4174 2534 4243 ἀπολογίας
2564 4172 2958 4243 ἐπιτηδειότης,
3009 4171 3194 4241 φησὶν,
3229 4169 3342 4238 Οὐχ
3391 4167 3550 4238 ὑμεῖς
3589 4167 3694 4218 λα-

2114 4268 2282 4331 λεῖτε,
2317 4266 2452 4320 ἀλλὰ
2480 4266 2540 4318 τὸ
2573 4264 2818 4336 Πνεῦμα.

2193 4460 2213 4494 ι
2258 4440 2578 4513 Παραδώσει
2615 4443 2670 4496 δὲ
2699 4441 2928 4511 ἀδελφὸς
2963 4440 3190 4509 ἀδελφὸν
3221 4439 3299 4499 είς
3323 4438 3570 4497 θάνατον,
3597 4435 3693 4485 καὶ

2121 4534 2303 4606 πατὴρ
2327 4534 2536 4588 τέκνον.
2559 4535 2666 4588 Kal.
2693 4533 3164 4603 ἐπαναστήσονται
3184 4528 3348 4582 τέκνα
3378 4527 3470 4580 ἐπὶ
3493 4529 3697 4592 γονεῖς,

435 4630 711 4687 parentes,
741 4630 795 4674 et
820 4628 992 4674 morte
1020 4617 1257 4674 afficient
1280 4633 1390 4672 eos.
1437 4638 1455 4670 ι
1484 4619 1734 4673 Ρταιιιὶοἱι
1755 4619 1833 4673 eis
1849 4634 2005 4674 even-

2117 4625 2210 4680 καὶ
2240 4624 2642 4680 θανατώσουσιν
2665 4625 2880 4689 αὐτούς.
2914 4644 2933 4676 ι
2964 4623 3224 4694 Προλέγει
3247 4620 3428 4682 αὐτοῖς
3463 4617 3531 4670 τὰ
3557 4633 3697 4687 συμ-

439 4723 580 4774 tura,
606 4727 672 4766 ne
709 4711 996 4765 turbentur
1026 4726 1146 4765 cum
1178 4709 1498 4765 acciderint.
1538 4707 1789 4765 Ostendit
1828 4721 2008 4763 autem

435 4814 488 4857 et
523 4805 925 4873 praedicationis
954 4804 1085 4867 vim,
1117 4806 1387 4872 quomodo
1411 4815 1658 4858 naturam
1684 4803 1855 4873 ipsam
1878 4819 2012 4857 con-

437 4903 677 4949 temnere
729 4893 914 4949 faciat.
949 4893 1047 4949 llic
1092 4895 1239 4951 enim
1289 4893 1744 4950 Christianismus
1795 4904 1902 4957 εει,
1958 4904 2013 4947 et

439 4986 705 5040 insaniam
761 4986 972 5041 illorum
1006 4985 1225 5042 interim
1264 4985 1594 5052 manifestat,
1645 4989 1786 5058 quod
1836 5001 2012 5056 neque

439 5077 794 5133 familiaribus
823 5089 1069 5148 parcunt.

518 5169 678 5226 Vens.
728 5172 821 5230 εε.
883 5191 900 5224 ι
951 5173 1016 5226 Et
1066 5173 1221 5228 eritis
1271 5172 1397 5229 odio
1446 5171 1616 5227 habiti
1665 5171 1733 5226 ab
1760 5171 2010 5226 omnibus

438 5273 658 5331 propter
711 5277 902 5318 nomen
956 5279 1155 5319 meum.
1195 5264 1294 5331 Qui
1353 5273 1531 5319 autem
1580 5262 2010 5334 perseveraverit

437 5366 605 5419 usopie
633 5351 686 5405 iu
718 5351 903 5416 ﬁnem,
933 5352 1021 5407 hic
1053 5355 1236 5408 salvus
1269 5353 1396 5407 erit.
1442 5372 1460 5405 ι
1494 5353 1574 5407 Ab
1605 5352 1876 5415 omnibus,
1909 5351 2009 5406 hoc

436 5452 536 5504 est,
570 5459 598 5497 a
630 5441 831 5498 multis.
860 5443 975 5498 Non
1003 5445 1146 5500 enim
1187 5459 1376 5502 omnes
1419 5445 1537 5501 illos
1565 5447 1690 5500 odio
1721 5460 2008 5514 perseque-

437 5538 632 5586 bantur
675 5551 688 5587 :
725 5552 846 5588 nam
899 5538 1142 5592 nonmtlli
1193 5547 1248 5592 et
1303 5538 1462 5592 fidem
1507 5547 1851 5606 acceperant.
1904 5537 2003 5603 Qui

433 5639 610 5681 autem
649 5643 818 5695 usque
850 5629 902 5682 in
931 5630 1089 5684 ﬁnem
1127 5632 1576 5702 perseveraverit,
1610 5642 1660 5685 et
1688 5648 1792 5685 non
1830 5631 2004 5685 solum

435 5717 721 5783 inm-petit,
765 5719 850 5771 ille
873 5728 1090 5776 tetcrnre
1124 5722 1243 5775 vitm
1281 5722 1550 5794 particeps
1585 5718 1707 5776 erit.

507 5835 552 5901 ε’
586 5835 607 5892 ι
640 5835 786 5894 Petr.
822 5854 906 5895 ιιι.

2118 4719 2419 4790 ϐησόμενα,
2463 4718 2548 4772 ἴνα
2583 4719 2714 4773 ὅταν
2749 4721 3036 4786 γένωνται,
3076 4715 3152 4785 μὴ
3184 4711 3559 4784 θορυϐηθῶσιν
3583 4710 3698 4762 δεί-

2117 4829 2275 4865 κνυσι
2309 4811 2367 4864 δὲ
2417 4810 2512 4866 καὶ
2543 4811 2642 4882 τὴν
2699 4809 2796 4864 τοῦ
2852 4809 3210 4880 κηρύγματος
3264 4804 3515 4872 δύναμιν,
3579 4802 3698 4865 πῶς

2118 4906 2264 4957 ποιεῖ
2289 4905 2651 4974 καταφρονεῖν
2695 4902 2795 4972 τῆς
2830 4903 3072 4972 φύσεωςσ
3110 4897 3348 4960 τοιοῦτος
3378 4897 3485 4968 γὰρ
3508 4896 3535 4947 6
3560 4896 3697 4965 Χρι-

2122 4996 2438 5065 στιανισμός
2460 5012 2474 5027 ο
2507 4994 2643 5048 ἀλλὰ
2670 4997 2762 5048 καὶ
2792 4995 2891 5066 τὴν
2918 4994 3118 5062 μανίαν
3151 4991 3376 5046 ἐκείνων
3416 4987 3695 5059 ἐμφαίνει,

2119 5090 2199 5142 ὅτι
2231 5089 2350 5142 οὐδὲ
2375 5088 2482 5142 τῶν
2515 5089 2860 5142 οἰκειοτάτων
2899 5085 3204 5155 φείσονται.

2195 5199 2213 5232 ι
2256 5182 2363 5234 Καὶ
2391 5179 2580 5233 ἔσεσθε
2614 5181 2932 5250 μισούμενοι
2959 5180 3066 5232 ὑπὸ
3095 5179 3312 5232 πάντων
3333 5177 3422 5231 διὰ
3441 5177 3502 5231 τὸ
3527 5176 3700 5247 ὄνομα

2116 5292 2216 5343 μου
2238 5290 2251 5304 ·
2282 5275 2309 5326 6
2339 5273 2396 5326 δὲ
2439 5273 2740 5343 ὑπομείνας
2789 5275 2868 5336 εἰς
2902 5273 3073 5336 τέλος,
3102 5267 3255 5334 οὗτος
3307 5271 3631 5342 σωθήσεται.
3673 5289 3696 5322 ι

2117 5365 2188 5416 Τὸ
2217 5363 2321 5417 ὑπὸ
2351 5362 2588 5425 πάντων,
2625 5364 2745 5415 ἀντὶ
2779 5362 2893 5426 τοῦ,
2924 5363 3028 5414 ὑπὸ
3059 5363 3292 5420 πολλῶν.
3315 5363 3389 5417 οὐ
3419 5365 3527 5432 γάρ
3561 5360 3703 5413 πάν-

2114 5472 2204 5517 τες
2235 5454 2462 5524 ἐμίσουν
2489 5452 2710 5516 αὐτούς.
2743 5448 2922 5507 ὀυσαν
2950 5452 3059 5523 γὰρ
3088 5454 3181 5507 καὶ
3209 5453 3260 5505 oi.
3312 5451 3699 5521 παραδεξάμε-

2115 5563 2194 5598 νοι
2215 5544 2314 5613 τὴν
2340 5543 2558 5596 πίστιν·
2590 5546 2616 5596 6
2644 5543 2700 5597 δὲ
2750 5543 2877 5614 ἄχρι
2905 5544 3093 5606 τέλους
3134 5543 3457 5612 ὑπομείνας,
3491 5542 3586 5594 καὶ
3621 5541 3702 5612 μὴ

2117 5639 2174 5689 ὲν
2203 5640 2268 5708 τῇ
2297 5639 2437 5707 ἀρχῇ
2467 5636 2653 5706 μόνον,
2677 5637 2880 5699 ἐκεῖνος
2909 5635 3006 5703 τῆς
3035 5634 3258 5689 αἰωνίου
3289 5634 3502 5702 μεθέξει
3527 5632 3696 5701 ζωὴ
