  <div class='ocr_page' id='page_1' title='image "/cluster/home/n/w/nwhite01/storage/ocr_20150623/123/hvd.32044019208198/128.png"; bbox 0 0 4078 6464; ppageno 0'>
   <div class='ocr_carea' id='block_1_1' title="bbox 346 424 452 491">
    <p class='ocr_par' dir='ltr' id='par_1_1' title="bbox 346 424 452 491">
     <span class='ocr_line' id='line_1_1' title="bbox 346 424 452 491; baseline -0.019 -1"><span class='ocrx_word' id='word_1_1' title='bbox 346 424 452 491; x_wconf 63' lang='lat' dir='ltr'><strong>Si!</strong></span> 
     </span>
    </p>
   </div>
   <div class='ocr_carea' id='block_1_2' title="bbox 986 410 1949 497">
    <p class='ocr_par' dir='ltr' id='par_1_2' title="bbox 986 430 1940 493">
     <span class='ocr_line' id='line_1_2' title="bbox 986 430 1940 493; baseline -0.004 -1"><span class='ocrx_word' id='word_1_2' title='bbox 986 433 1130 492; x_wconf 76' lang='lat' dir='ltr'><strong>ENA</strong></span> <span class='ocrx_word' id='word_1_3' title='bbox 1145 432 1430 493; x_wconf 66' lang='lat' dir='ltr'><strong>RRATIO</strong></span> <span class='ocrx_word' id='word_1_4' title='bbox 1458 431 1537 491; x_wconf 71' lang='lat' dir='ltr'><strong>IN</strong></span> <span class='ocrx_word' id='word_1_5' title='bbox 1570 430 1940 493; x_wconf 80' lang='lat' dir='ltr'><strong>EVANGELI</strong></span> 
     </span>
    </p>
   </div>
   <div class='ocr_carea' id='block_1_3' title="bbox 2053 410 2921 497">
    <p class='ocr_par' dir='ltr' id='par_1_3' title="bbox 2053 410 2921 497">
     <span class='ocr_line' id='line_1_3' title="bbox 2053 410 2921 497; baseline 0.001 -8"><span class='ocrx_word' id='word_1_6' title='bbox 2053 430 2064 489; x_wconf 86' lang='grc'>[</span> <span class='ocrx_word' id='word_1_7' title='bbox 2106 429 2487 490; x_wconf 66' lang='lat' dir='ltr'><strong>murum.</strong></span> <span class='ocrx_word' id='word_1_8' title='bbox 2517 453 2591 466; x_wconf 88' lang='lat'><strong>—</strong></span> <span class='ocrx_word' id='word_1_9' title='bbox 2622 410 2778 491; x_wconf 77' lang='lat' dir='ltr'><strong>CAP.</strong></span> <span class='ocrx_word' id='word_1_10' title='bbox 2804 427 2921 497; x_wconf 3' lang='lat' dir='ltr'><strong>XXI.</strong></span> 
     </span>
    </p>
   </div>
   <div class='ocr_carea' id='block_1_4' title="bbox 3484 425 3604 487">
    <p class='ocr_par' dir='ltr' id='par_1_4' title="bbox 3484 425 3604 487">
     <span class='ocr_line' id='line_1_4' title="bbox 3484 425 3604 487; baseline 0 -1"><span class='ocrx_word' id='word_1_11' title='bbox 3484 426 3551 487; x_wconf 54' lang='grc' dir='ltr'><strong>ενι</strong></span> <span class='ocrx_word' id='word_1_12' title='bbox 3563 425 3604 487; x_wconf 64' lang='grc' dir='ltr'><strong>ε]</strong></span> 
     </span>
    </p>
   </div>
   <div class='ocr_carea' id='block_1_5' title="bbox 428 541 1949 617">
    <p class='ocr_par' dir='ltr' id='par_1_5' title="bbox 428 541 1927 617">
     <span class='ocr_line' id='line_1_5' title="bbox 428 541 1927 617; baseline 0.002 -24"><span class='ocrx_word' id='word_1_13' title='bbox 428 561 449 593; x_wconf 76' lang='grc' dir='ltr'><strong>ε</strong></span> <span class='ocrx_word' id='word_1_14' title='bbox 489 542 657 596; x_wconf 69' lang='grc' dir='ltr'><strong>Ὅταν</strong></span> <span class='ocrx_word' id='word_1_15' title='bbox 679 542 735 595; x_wconf 76' lang='grc' dir='ltr'><strong>δὲ</strong></span> <span class='ocrx_word' id='word_1_16' title='bbox 759 541 1029 599; x_wconf 80' lang='grc' dir='ltr'><strong>διώκωσιν</strong></span> <span class='ocrx_word' id='word_1_17' title='bbox 1057 545 1201 615; x_wconf 79' lang='grc' dir='ltr'><strong>ὑμᾶς</strong></span> <span class='ocrx_word' id='word_1_18' title='bbox 1220 547 1279 600; x_wconf 78' lang='grc' dir='ltr'><strong>ὲν</strong></span> <span class='ocrx_word' id='word_1_19' title='bbox 1303 549 1370 617; x_wconf 78' lang='grc' dir='ltr'><strong>τῇ</strong></span> <span class='ocrx_word' id='word_1_20' title='bbox 1399 547 1551 599; x_wconf 81' lang='grc' dir='ltr'><strong>πόλει</strong></span> <span class='ocrx_word' id='word_1_21' title='bbox 1584 545 1777 617; x_wconf 83' lang='grc' dir='ltr'><strong>ταύτῃ,</strong></span> <span class='ocrx_word' id='word_1_22' title='bbox 1795 542 1927 614; x_wconf 80' lang='grc' dir='ltr'><strong>φεύ-</strong></span> 
     </span>
    </p>
   </div>
   <div class='ocr_carea' id='block_1_6' title="bbox 2053 541 3607 617">
    <p class='ocr_par' dir='ltr' id='par_1_6' title="bbox 2102 544 3607 615">
     <span class='ocr_line' id='line_1_6' title="bbox 2102 544 3607 615; baseline 0 -17"><span class='ocrx_word' id='word_1_23' title='bbox 2102 544 2265 601; x_wconf 70' lang='lat' dir='ltr'><strong>Vens.</strong></span> <span class='ocrx_word' id='word_1_24' title='bbox 2301 546 2389 604; x_wconf 71' lang='lat'><strong>23.</strong></span> <span class='ocrx_word' id='word_1_25' title='bbox 2437 565 2456 599; x_wconf 74' lang='grc' dir='ltr'><strong>ι</strong></span> <span class='ocrx_word' id='word_1_26' title='bbox 2493 544 2627 602; x_wconf 89' lang='lat' dir='ltr'><strong>Cum</strong></span> <span class='ocrx_word' id='word_1_27' title='bbox 2662 555 2839 600; x_wconf 85' lang='lat' dir='ltr'><strong>autem</strong></span> <span class='ocrx_word' id='word_1_28' title='bbox 2876 560 2970 601; x_wconf 87' lang='lat' dir='ltr'><strong>vos</strong></span> <span class='ocrx_word' id='word_1_29' title='bbox 2996 544 3195 600; x_wconf 77' lang='lat' dir='ltr'><strong>fuerint</strong></span> <span class='ocrx_word' id='word_1_30' title='bbox 3234 544 3500 615; x_wconf 80' lang='lat' dir='ltr'><strong>persecuti</strong></span> <span class='ocrx_word' id='word_1_31' title='bbox 3541 546 3607 599; x_wconf 15' lang='lat' dir='ltr'><strong>in?</strong></span> 
     </span>
    </p>
   </div>
   <div class='ocr_carea' id='block_1_7' title="bbox 348 634 1930 710">
    <p class='ocr_par' dir='ltr' id='par_1_7' title="bbox 348 634 1930 710">
     <span class='ocr_line' id='line_1_7' title="bbox 348 634 1930 710; baseline 0.001 -21"><span class='ocrx_word' id='word_1_32' title='bbox 348 652 478 705; x_wconf 83' lang='grc' dir='ltr'><strong>τετε</strong></span> <span class='ocrx_word' id='word_1_33' title='bbox 509 639 590 701; x_wconf 87' lang='grc' dir='ltr'><strong>εἰς</strong></span> <span class='ocrx_word' id='word_1_34' title='bbox 616 634 715 708; x_wconf 76' lang='grc' dir='ltr'><strong>τὴν</strong></span> <span class='ocrx_word' id='word_1_35' title='bbox 747 636 939 706; x_wconf 74' lang='grc' dir='ltr'><strong>ἄλλην.</strong></span> <span class='ocrx_word' id='word_1_36' title='bbox 986 638 1161 710; x_wconf 77' lang='grc' dir='ltr'><strong>’Δμὴν</strong></span> <span class='ocrx_word' id='word_1_37' title='bbox 1194 638 1340 707; x_wconf 80' lang='grc' dir='ltr'><strong>λέγω</strong></span> <span class='ocrx_word' id='word_1_38' title='bbox 1381 640 1531 708; x_wconf 78' lang='grc' dir='ltr'><strong>ὑμῖν,</strong></span> <span class='ocrx_word' id='word_1_39' title='bbox 1585 640 1648 694; x_wconf 82' lang='grc' dir='ltr'><strong>οὐ</strong></span> <span class='ocrx_word' id='word_1_40' title='bbox 1684 639 1757 708; x_wconf 79' lang='grc' dir='ltr'><strong>μὴ</strong></span> <span class='ocrx_word' id='word_1_41' title='bbox 1779 638 1930 692; x_wconf 76' lang='grc' dir='ltr'><strong>τελέ-</strong></span> 
     </span>
    </p>
   </div>
   <div class='ocr_carea' id='block_1_8' title="bbox 353 729 1927 804">
    <p class='ocr_par' dir='ltr' id='par_1_8' title="bbox 353 729 1927 804">
     <span class='ocr_line' id='line_1_8' title="bbox 353 729 1927 804; baseline 0.002 -22"><span class='ocrx_word' id='word_1_42' title='bbox 353 746 487 799; x_wconf 84' lang='grc' dir='ltr'><strong>σητε</strong></span> <span class='ocrx_word' id='word_1_43' title='bbox 521 729 621 793; x_wconf 81' lang='grc' dir='ltr'><strong>τὰς</strong></span> <span class='ocrx_word' id='word_1_44' title='bbox 651 729 832 794; x_wconf 83' lang='grc' dir='ltr'><strong>πόλεις</strong></span> <span class='ocrx_word' id='word_1_45' title='bbox 855 729 948 784; x_wconf 84' lang='grc' dir='ltr'><strong>τοῦ</strong></span> <span class='ocrx_word' id='word_1_46' title='bbox 990 731 1208 803; x_wconf 77' lang='grc' dir='ltr'><strong>Ἰσραὴλ</strong></span> <span class='ocrx_word' id='word_1_47' title='bbox 1236 732 1343 797; x_wconf 69' lang='grc' dir='ltr'><strong>ἕως</strong></span> <span class='ocrx_word' id='word_1_48' title='bbox 1373 732 1447 787; x_wconf 82' lang='grc' dir='ltr'><strong>ἂν</strong></span> <span class='ocrx_word' id='word_1_49' title='bbox 1464 732 1593 804; x_wconf 68' lang='grc' dir='ltr'><strong>ἔλθῃ</strong></span> <span class='ocrx_word' id='word_1_50' title='bbox 1623 735 1651 786; x_wconf 84' lang='grc' dir='ltr'><strong>ό</strong></span> <span class='ocrx_word' id='word_1_51' title='bbox 1676 732 1804 795; x_wconf 81' lang='grc' dir='ltr'><strong>Υἰδς</strong></span> <span class='ocrx_word' id='word_1_52' title='bbox 1830 730 1927 786; x_wconf 73' lang='grc' dir='ltr'><strong>τοῦ</strong></span> 
     </span>
    </p>
   </div>
   <div class='ocr_carea' id='block_1_9' title="bbox 350 814 1924 891">
    <p class='ocr_par' dir='ltr' id='par_1_9' title="bbox 350 814 1924 891">
     <span class='ocr_line' id='line_1_9' title="bbox 350 814 1924 891; baseline -0.002 -18"><span class='ocrx_word' id='word_1_53' title='bbox 350 817 665 890; x_wconf 82' lang='grc' dir='ltr'><strong>ἀνθρώπου.</strong></span> <span class='ocrx_word' id='word_1_54' title='bbox 714 837 734 870; x_wconf 76' lang='grc' dir='ltr'><strong>ι</strong></span> <span class='ocrx_word' id='word_1_55' title='bbox 776 818 857 872; x_wconf 83' lang='grc' dir='ltr'><strong>Τὰ</strong></span> <span class='ocrx_word' id='word_1_56' title='bbox 889 819 989 890; x_wconf 82' lang='grc' dir='ltr'><strong>μὲν</strong></span> <span class='ocrx_word' id='word_1_57' title='bbox 1012 820 1125 875; x_wconf 81' lang='grc' dir='ltr'><strong>ἄνω</strong></span> <span class='ocrx_word' id='word_1_58' title='bbox 1153 819 1408 891; x_wconf 76' lang='grc' dir='ltr'><strong>ῥηθέντα,</strong></span> <span class='ocrx_word' id='word_1_59' title='bbox 1443 818 1675 889; x_wconf 73' lang='grc' dir='ltr'><strong>φοϐερά,</strong></span> <span class='ocrx_word' id='word_1_60' title='bbox 1707 814 1818 877; x_wconf 84' lang='grc' dir='ltr'><strong>οἷον</strong></span> <span class='ocrx_word' id='word_1_61' title='bbox 1843 818 1924 883; x_wconf 73' lang='grc' dir='ltr'><strong>τὸ,</strong></span> 
     </span>
    </p>
   </div>
   <div class='ocr_carea' id='block_1_10' title="bbox 353 909 1925 981">
    <p class='ocr_par' dir='ltr' id='par_1_10' title="bbox 353 909 1925 981">
     <span class='ocr_line' id='line_1_10' title="bbox 353 909 1925 981; baseline -0.004 -15"><span class='ocrx_word' id='word_1_62' title='bbox 353 909 784 981; x_wconf 83' lang='grc' dir='ltr'><strong>Παραδώσουσιν</strong></span> <span class='ocrx_word' id='word_1_63' title='bbox 843 910 1012 979; x_wconf 79' lang='grc' dir='ltr'><strong>ὑμᾶς,</strong></span> <span class='ocrx_word' id='word_1_64' title='bbox 1051 909 1145 965; x_wconf 75' lang='grc' dir='ltr'><strong>καὶ</strong></span> <span class='ocrx_word' id='word_1_65' title='bbox 1188 910 1271 977; x_wconf 71' lang='grc' dir='ltr'><strong>τὸ,</strong></span> <span class='ocrx_word' id='word_1_66' title='bbox 1306 909 1533 965; x_wconf 79' lang='grc' dir='ltr'><strong>Ἕσεσθε</strong></span> <span class='ocrx_word' id='word_1_67' title='bbox 1585 909 1925 980; x_wconf 78' lang='grc' dir='ltr'><strong>μισούμενοι,</strong></span> 
     </span>
    </p>
   </div>
   <div class='ocr_carea' id='block_1_11' title="bbox 354 994 1927 1074">
    <p class='ocr_par' dir='ltr' id='par_1_11' title="bbox 354 994 1927 1074">
     <span class='ocr_line' id='line_1_11' title="bbox 354 994 1927 1074; baseline -0.004 -17"><span class='ocrx_word' id='word_1_68' title='bbox 354 1002 484 1071; x_wconf 73' lang='grc' dir='ltr'><strong>περὶ</strong></span> <span class='ocrx_word' id='word_1_69' title='bbox 508 1000 620 1054; x_wconf 82' lang='grc' dir='ltr'><strong>τῶν</strong></span> <span class='ocrx_word' id='word_1_70' title='bbox 652 1000 791 1073; x_wconf 83' lang='grc' dir='ltr'><strong>μετά</strong></span> <span class='ocrx_word' id='word_1_71' title='bbox 818 1002 921 1074; x_wconf 81' lang='grc' dir='ltr'><strong>τὴν</strong></span> <span class='ocrx_word' id='word_1_72' title='bbox 961 1001 1254 1073; x_wconf 76' lang='grc' dir='ltr'><strong>’Δνάληψιν</strong></span> <span class='ocrx_word' id='word_1_73' title='bbox 1285 1000 1719 1073; x_wconf 77' lang='grc' dir='ltr'><strong>συμϐησομένων</strong></span> <span class='ocrx_word' id='word_1_74' title='bbox 1742 994 1883 1071; x_wconf 77' lang='grc' dir='ltr'><strong>ἦσαν</strong></span> <span class='ocrx_word' id='word_1_75' title='bbox 1911 1014 1927 1030; x_wconf 78' lang='grc' dir='ltr'><strong><em>ο</em></strong></span> 
     </span>
    </p>
   </div>
   <div class='ocr_carea' id='block_1_12' title="bbox 363 1091 1928 1166">
    <p class='ocr_par' dir='ltr' id='par_1_12' title="bbox 363 1091 1928 1166">
     <span class='ocr_line' id='line_1_12' title="bbox 363 1091 1928 1166; baseline -0.001 -19"><span class='ocrx_word' id='word_1_76' title='bbox 363 1095 427 1147; x_wconf 77' lang='grc' dir='ltr'><strong>τὸ</strong></span> <span class='ocrx_word' id='word_1_77' title='bbox 458 1093 517 1147; x_wconf 82' lang='grc' dir='ltr'><strong>δὲ</strong></span> <span class='ocrx_word' id='word_1_78' title='bbox 541 1093 638 1147; x_wconf 78' lang='grc' dir='ltr'><strong>νῦν</strong></span> <span class='ocrx_word' id='word_1_79' title='bbox 669 1093 984 1166; x_wconf 81' lang='grc' dir='ltr'><strong>λεγόμενον,</strong></span> <span class='ocrx_word' id='word_1_80' title='bbox 1010 1095 1140 1166; x_wconf 80' lang='grc' dir='ltr'><strong>περὶ</strong></span> <span class='ocrx_word' id='word_1_81' title='bbox 1166 1093 1275 1151; x_wconf 85' lang='grc' dir='ltr'><strong>τῶν</strong></span> <span class='ocrx_word' id='word_1_82' title='bbox 1305 1095 1411 1165; x_wconf 87' lang='grc' dir='ltr'><strong>πρὸ</strong></span> <span class='ocrx_word' id='word_1_83' title='bbox 1430 1094 1525 1150; x_wconf 80' lang='grc' dir='ltr'><strong>τοῦ</strong></span> <span class='ocrx_word' id='word_1_84' title='bbox 1562 1092 1820 1164; x_wconf 84' lang='grc' dir='ltr'><strong>σταυροῦ.</strong></span> <span class='ocrx_word' id='word_1_85' title='bbox 1852 1091 1928 1146; x_wconf 70' lang='grc'><strong>03</strong></span> 
     </span>
    </p>
   </div>
   <div class='ocr_carea' id='block_1_13' title="bbox 354 1183 1927 1257">
    <p class='ocr_par' dir='ltr' id='par_1_13' title="bbox 354 1183 1927 1257">
     <span class='ocr_line' id='line_1_13' title="bbox 354 1183 1927 1257; baseline -0.001 -20"><span class='ocrx_word' id='word_1_86' title='bbox 354 1183 432 1254; x_wconf 80' lang='grc' dir='ltr'><strong>μὴ</strong></span> <span class='ocrx_word' id='word_1_87' title='bbox 451 1184 564 1256; x_wconf 80' lang='grc' dir='ltr'><strong>γάρ</strong></span> <span class='ocrx_word' id='word_1_88' title='bbox 587 1184 846 1257; x_wconf 66' lang='grc' dir='ltr'><strong>τελέσητε</strong></span> <span class='ocrx_word' id='word_1_89' title='bbox 883 1187 982 1251; x_wconf 74' lang='grc' dir='ltr'><strong>τὰς</strong></span> <span class='ocrx_word' id='word_1_90' title='bbox 1001 1187 1184 1251; x_wconf 81' lang='grc' dir='ltr'><strong>πόλεις</strong></span> <span class='ocrx_word' id='word_1_91' title='bbox 1212 1185 1307 1240; x_wconf 77' lang='grc' dir='ltr'><strong>τοῦ</strong></span> <span class='ocrx_word' id='word_1_92' title='bbox 1348 1186 1566 1257; x_wconf 80' lang='grc' dir='ltr'><strong>Ἰσραὴλ</strong></span> <span class='ocrx_word' id='word_1_93' title='bbox 1586 1184 1927 1254; x_wconf 86' lang='grc' dir='ltr'><strong>διωκόμενοι,</strong></span> 
     </span>
    </p>
   </div>
   <div class='ocr_carea' id='block_1_14' title="bbox 354 1274 1932 1350">
    <p class='ocr_par' dir='ltr' id='par_1_14' title="bbox 354 1274 1932 1350">
     <span class='ocr_line' id='line_1_14' title="bbox 354 1274 1932 1350; baseline 0.001 -24"><span class='ocrx_word' id='word_1_94' title='bbox 354 1276 451 1329; x_wconf 69' lang='grc' dir='ltr'><strong>καὶ</strong></span> <span class='ocrx_word' id='word_1_95' title='bbox 469 1276 634 1341; x_wconf 75' lang='grc' dir='ltr'><strong>εὐθὺς</strong></span> <span class='ocrx_word' id='word_1_96' title='bbox 663 1277 958 1350; x_wconf 78' lang='grc' dir='ltr'>ἐλεύσομαι</span> <span class='ocrx_word' id='word_1_97' title='bbox 990 1278 1128 1349; x_wconf 71' lang='grc' dir='ltr'><strong>πρὸς</strong></span> <span class='ocrx_word' id='word_1_98' title='bbox 1160 1278 1324 1349; x_wconf 78' lang='grc' dir='ltr'><strong>ὑμᾶς.</strong></span> <span class='ocrx_word' id='word_1_99' title='bbox 1358 1276 1588 1332; x_wconf 82' lang='grc' dir='ltr'><strong>Κελεύει</strong></span> <span class='ocrx_word' id='word_1_100' title='bbox 1623 1276 1681 1332; x_wconf 74' lang='grc' dir='ltr'><strong>δὲ</strong></span> <span class='ocrx_word' id='word_1_101' title='bbox 1706 1274 1932 1344; x_wconf 75' lang='grc' dir='ltr'><strong>φεύγειν</strong></span> 
     </span>
    </p>
   </div>
   <div class='ocr_carea' id='block_1_15' title="bbox 352 1367 1937 1441">
    <p class='ocr_par' dir='ltr' id='par_1_15' title="bbox 352 1367 1937 1441">
     <span class='ocr_line' id='line_1_15' title="bbox 352 1367 1937 1441; baseline 0.008 -22"><span class='ocrx_word' id='word_1_102' title='bbox 352 1367 743 1437; x_wconf 78' lang='grc' dir='ltr'><strong>διωκομένους.</strong></span> <span class='ocrx_word' id='word_1_103' title='bbox 807 1369 882 1423; x_wconf 82' lang='grc' dir='ltr'><strong>Τὸ</strong></span> <span class='ocrx_word' id='word_1_104' title='bbox 909 1370 1017 1441; x_wconf 77' lang='grc' dir='ltr'><strong>γὰρ</strong></span> <span class='ocrx_word' id='word_1_105' title='bbox 1064 1369 1347 1440; x_wconf 78' lang='grc' dir='ltr'><strong>προδήλως</strong></span> <span class='ocrx_word' id='word_1_106' title='bbox 1378 1368 1590 1440; x_wconf 80' lang='grc' dir='ltr'><strong>ῥίπτειν</strong></span> <span class='ocrx_word' id='word_1_107' title='bbox 1616 1367 1815 1423; x_wconf 76' lang='grc' dir='ltr'><strong>ἑαυτδν</strong></span> <span class='ocrx_word' id='word_1_108' title='bbox 1850 1369 1937 1431; x_wconf 69' lang='grc' dir='ltr'><strong>εἰς</strong></span> 
     </span>
    </p>
   </div>
   <div class='ocr_carea' id='block_1_16' title="bbox 355 1459 1933 1532">
    <p class='ocr_par' dir='ltr' id='par_1_16' title="bbox 355 1459 1933 1532">
     <span class='ocr_line' id='line_1_16' title="bbox 355 1459 1933 1532; baseline 0.003 -21"><span class='ocrx_word' id='word_1_109' title='bbox 355 1459 624 1525; x_wconf 78' lang='grc' dir='ltr'><strong>κίνδυνον,</strong></span> <span class='ocrx_word' id='word_1_110' title='bbox 668 1460 761 1514; x_wconf 77' lang='grc' dir='ltr'><strong>καὶ</strong></span> <span class='ocrx_word' id='word_1_111' title='bbox 802 1462 976 1515; x_wconf 88' lang='grc' dir='ltr'><strong>αίτιον</strong></span> <span class='ocrx_word' id='word_1_112' title='bbox 1019 1459 1267 1530; x_wconf 85' lang='grc' dir='ltr'><strong>γίνεσθαι</strong></span> <span class='ocrx_word' id='word_1_113' title='bbox 1296 1460 1671 1532; x_wconf 77' lang='grc' dir='ltr'><strong>κατακρίσεως</strong></span> <span class='ocrx_word' id='word_1_114' title='bbox 1701 1461 1815 1523; x_wconf 79' lang='grc' dir='ltr'><strong>τοῖς</strong></span> <span class='ocrx_word' id='word_1_115' title='bbox 1836 1477 1933 1528; x_wconf 75' lang='grc' dir='ltr'><strong>φο-</strong></span> 
     </span>
    </p>
   </div>
   <div class='ocr_carea' id='block_1_17' title="bbox 2030 637 3594 710">
    <p class='ocr_par' dir='ltr' id='par_1_17' title="bbox 2030 637 3594 710">
     <span class='ocr_line' id='line_1_17' title="bbox 2030 637 3594 710; baseline -0.003 -16"><span class='ocrx_word' id='word_1_116' title='bbox 2030 642 2253 697; x_wconf 85' lang='lat' dir='ltr'><strong>civitate</strong></span> <span class='ocrx_word' id='word_1_117' title='bbox 2284 641 2407 707; x_wconf 81' lang='lat' dir='ltr'><strong>hac,</strong></span> <span class='ocrx_word' id='word_1_118' title='bbox 2437 639 2603 710; x_wconf 79' lang='lat' dir='ltr'><strong>fugite</strong></span> <span class='ocrx_word' id='word_1_119' title='bbox 2634 640 2685 695; x_wconf 91' lang='lat' dir='ltr'><strong>in</strong></span> <span class='ocrx_word' id='word_1_120' title='bbox 2716 638 2891 694; x_wconf 87' lang='lat' dir='ltr'><strong>aliam.</strong></span> <span class='ocrx_word' id='word_1_121' title='bbox 2929 639 3100 694; x_wconf 84' lang='lat' dir='ltr'><strong>Amen</strong></span> <span class='ocrx_word' id='word_1_122' title='bbox 3129 637 3249 692; x_wconf 88' lang='lat' dir='ltr'><strong>dico</strong></span> <span class='ocrx_word' id='word_1_123' title='bbox 3283 638 3460 700; x_wconf 81' lang='lat' dir='ltr'><strong>vobis.</strong></span> <span class='ocrx_word' id='word_1_124' title='bbox 3490 654 3594 692; x_wconf 90' lang='lat' dir='ltr'><strong>non</strong></span> 
     </span>
    </p>
   </div>
   <div class='ocr_carea' id='block_1_18' title="bbox 2030 724 3589 805">
    <p class='ocr_par' dir='ltr' id='par_1_18' title="bbox 2030 724 3589 805">
     <span class='ocr_line' id='line_1_18' title="bbox 2030 724 3589 805; baseline -0.004 -13"><span class='ocrx_word' id='word_1_125' title='bbox 2030 724 2532 805; x_wconf 81' lang='lat' dir='ltr'><strong>perambulaveritis</strong></span> <span class='ocrx_word' id='word_1_126' title='bbox 2577 749 2766 789; x_wconf 89' lang='lat' dir='ltr'><strong>omnes</strong></span> <span class='ocrx_word' id='word_1_127' title='bbox 2796 732 3043 788; x_wconf 73' lang='lat' dir='ltr'><strong>civitates</strong></span> <span class='ocrx_word' id='word_1_128' title='bbox 3075 730 3259 794; x_wconf 86' lang='lat' dir='ltr'><strong>Israel,</strong></span> <span class='ocrx_word' id='word_1_129' title='bbox 3290 730 3461 786; x_wconf 90' lang='lat' dir='ltr'><strong>donec</strong></span> <span class='ocrx_word' id='word_1_130' title='bbox 3490 745 3589 785; x_wconf 82' lang='lat' dir='ltr'><strong>vc-</strong></span> 
     </span>
    </p>
   </div>
   <div class='ocr_carea' id='block_1_19' title="bbox 2030 822 3592 900">
    <p class='ocr_par' dir='ltr' id='par_1_19' title="bbox 2030 822 3592 900">
     <span class='ocr_line' id='line_1_19' title="bbox 2030 822 3592 900; baseline -0.006 -16"><span class='ocrx_word' id='word_1_131' title='bbox 2030 829 2143 884; x_wconf 90' lang='lat' dir='ltr'><strong>niat</strong></span> <span class='ocrx_word' id='word_1_132' title='bbox 2180 827 2346 882; x_wconf 85' lang='lat' dir='ltr'><strong>Filius</strong></span> <span class='ocrx_word' id='word_1_133' title='bbox 2380 826 2633 881; x_wconf 85' lang='lat' dir='ltr'><strong>hominis.</strong></span> <span class='ocrx_word' id='word_1_134' title='bbox 2668 845 2687 878; x_wconf 75' lang='grc' dir='ltr'><strong>ι</strong></span> <span class='ocrx_word' id='word_1_135' title='bbox 2720 823 2849 892; x_wconf 64' lang='lat' dir='ltr'><strong>Quae</strong></span> <span class='ocrx_word' id='word_1_136' title='bbox 2879 822 3219 900; x_wconf 80' lang='lat' dir='ltr'><strong>supradicta</strong></span> <span class='ocrx_word' id='word_1_137' title='bbox 3254 832 3400 885; x_wconf 86' lang='lat' dir='ltr'><strong>sunt,</strong></span> <span class='ocrx_word' id='word_1_138' title='bbox 3431 823 3592 876; x_wconf 86' lang='lat' dir='ltr'><strong>terri-</strong></span> 
     </span>
    </p>
   </div>
   <div class='ocr_carea' id='block_1_20' title="bbox 2031 912 3591 987">
    <p class='ocr_par' dir='ltr' id='par_1_20' title="bbox 2031 912 3591 987">
     <span class='ocr_line' id='line_1_20' title="bbox 2031 912 3591 987; baseline -0.005 -13"><span class='ocrx_word' id='word_1_139' title='bbox 2031 920 2364 974; x_wconf 80' lang='lat' dir='ltr'><strong>bilia-erant</strong></span> <span class='ocrx_word' id='word_1_140' title='bbox 2399 936 2417 973; x_wconf 84' lang='lat'><strong>:</strong></span> <span class='ocrx_word' id='word_1_141' title='bbox 2450 928 2509 974; x_wconf 88' lang='lat' dir='ltr'><strong>ut</strong></span> <span class='ocrx_word' id='word_1_142' title='bbox 2541 919 2685 987; x_wconf 87' lang='lat' dir='ltr'><strong>quod</strong></span> <span class='ocrx_word' id='word_1_143' title='bbox 2726 917 2939 973; x_wconf 87' lang='lat' dir='ltr'><strong>tradent</strong></span> <span class='ocrx_word' id='word_1_144' title='bbox 2971 931 3088 980; x_wconf 82' lang='lat' dir='ltr'><strong>vos,</strong></span> <span class='ocrx_word' id='word_1_145' title='bbox 3127 926 3181 970; x_wconf 91' lang='lat' dir='ltr'><strong>et</strong></span> <span class='ocrx_word' id='word_1_146' title='bbox 3236 914 3390 971; x_wconf 89' lang='lat' dir='ltr'><strong>eritis</strong></span> <span class='ocrx_word' id='word_1_147' title='bbox 3441 912 3591 981; x_wconf 83' lang='lat' dir='ltr'><strong>odio,</strong></span> 
     </span>
    </p>
   </div>
   <div class='ocr_carea' id='block_1_21' title="bbox 2031 1004 3597 1083">
    <p class='ocr_par' dir='ltr' id='par_1_21' title="bbox 2031 1004 3597 1083">
     <span class='ocr_line' id='line_1_21' title="bbox 2031 1004 3597 1083; baseline -0.005 -17"><span class='ocrx_word' id='word_1_148' title='bbox 2031 1022 2150 1083; x_wconf 89' lang='lat' dir='ltr'><strong>post</strong></span> <span class='ocrx_word' id='word_1_149' title='bbox 2191 1011 2311 1080; x_wconf 85' lang='lat' dir='ltr'><strong>ejus</strong></span> <span class='ocrx_word' id='word_1_150' title='bbox 2358 1009 2739 1065; x_wconf 78' lang='lat' dir='ltr'><strong>Ascensionem</strong></span> <span class='ocrx_word' id='word_1_151' title='bbox 2794 1006 2969 1064; x_wconf 92' lang='lat' dir='ltr'><strong>futura</strong></span> <span class='ocrx_word' id='word_1_152' title='bbox 2999 1014 3199 1067; x_wconf 86' lang='lat' dir='ltr'><strong>erant:</strong></span> <span class='ocrx_word' id='word_1_153' title='bbox 3241 1004 3383 1073; x_wconf 88' lang='lat' dir='ltr'><strong>quod</strong></span> <span class='ocrx_word' id='word_1_154' title='bbox 3417 1016 3597 1059; x_wconf 87' lang='lat' dir='ltr'><strong>autem</strong></span> 
     </span>
    </p>
   </div>
   <div class='ocr_carea' id='block_1_22' title="bbox 2033 1095 3594 1171">
    <p class='ocr_par' dir='ltr' id='par_1_22' title="bbox 2033 1095 3594 1171">
     <span class='ocr_line' id='line_1_22' title="bbox 2033 1095 3594 1171; baseline -0.004 -14"><span class='ocrx_word' id='word_1_155' title='bbox 2033 1116 2195 1169; x_wconf 90' lang='lat' dir='ltr'><strong>nunc,</strong></span> <span class='ocrx_word' id='word_1_156' title='bbox 2224 1100 2420 1156; x_wconf 85' lang='lat' dir='ltr'><strong>dicitur</strong></span> <span class='ocrx_word' id='word_1_157' title='bbox 2450 1100 2517 1155; x_wconf 91' lang='lat' dir='ltr'><strong>de</strong></span> <span class='ocrx_word' id='word_1_158' title='bbox 2553 1100 2639 1156; x_wconf 90' lang='lat' dir='ltr'><strong>his</strong></span> <span class='ocrx_word' id='word_1_159' title='bbox 2694 1114 2814 1171; x_wconf 77' lang='lat' dir='ltr'><strong>qua:</strong></span> <span class='ocrx_word' id='word_1_160' title='bbox 2848 1108 2972 1167; x_wconf 85' lang='lat' dir='ltr'><strong>apte</strong></span> <span class='ocrx_word' id='word_1_161' title='bbox 2996 1111 3235 1154; x_wconf 87' lang='lat' dir='ltr'><strong>crucem.</strong></span> <span class='ocrx_word' id='word_1_162' title='bbox 3282 1095 3401 1153; x_wconf 84' lang='lat' dir='ltr'><strong>Non</strong></span> <span class='ocrx_word' id='word_1_163' title='bbox 3450 1096 3594 1151; x_wconf 80' lang='lat' dir='ltr'><strong>enim</strong></span> 
     </span>
    </p>
   </div>
   <div class='ocr_carea' id='block_1_23' title="bbox 2032 1188 3592 1264">
    <p class='ocr_par' dir='ltr' id='par_1_23' title="bbox 2032 1188 3592 1264">
     <span class='ocr_line' id='line_1_23' title="bbox 2032 1188 3592 1264; baseline -0.004 -15"><span class='ocrx_word' id='word_1_164' title='bbox 2032 1193 2535 1264; x_wconf 78' lang='lat' dir='ltr'><strong>perambulaveritis</strong></span> <span class='ocrx_word' id='word_1_165' title='bbox 2562 1193 2810 1248; x_wconf 82' lang='lat' dir='ltr'><strong>civitates</strong></span> <span class='ocrx_word' id='word_1_166' title='bbox 2832 1191 2998 1247; x_wconf 82' lang='lat' dir='ltr'><strong>Israel</strong></span> <span class='ocrx_word' id='word_1_167' title='bbox 3026 1191 3078 1246; x_wconf 90' lang='lat' dir='ltr'><strong>in</strong></span> <span class='ocrx_word' id='word_1_168' title='bbox 3104 1188 3592 1261; x_wconf 83' lang='lat' dir='ltr'><strong>persecutionihus.</strong></span> 
     </span>
    </p>
   </div>
   <div class='ocr_carea' id='block_1_24' title="bbox 2030 1280 3605 1351">
    <p class='ocr_par' dir='ltr' id='par_1_24' title="bbox 2030 1280 3605 1351">
     <span class='ocr_line' id='line_1_24' title="bbox 2030 1280 3605 1351; baseline -0.005 -9"><span class='ocrx_word' id='word_1_169' title='bbox 2030 1294 2089 1342; x_wconf 81' lang='lat' dir='ltr'><strong>et-</strong></span> <span class='ocrx_word' id='word_1_170' title='bbox 2134 1287 2316 1341; x_wconf 81' lang='lat' dir='ltr'><strong>statim</strong></span> <span class='ocrx_word' id='word_1_171' title='bbox 2365 1285 2576 1341; x_wconf 78' lang='lat' dir='ltr'><strong>veniam</strong></span> <span class='ocrx_word' id='word_1_172' title='bbox 2608 1285 2675 1340; x_wconf 86' lang='lat' dir='ltr'><strong>ad</strong></span> <span class='ocrx_word' id='word_1_173' title='bbox 2709 1299 2823 1340; x_wconf 83' lang='lat' dir='ltr'><strong>vos.</strong></span> <span class='ocrx_word' id='word_1_174' title='bbox 2859 1281 3021 1339; x_wconf 86' lang='lat' dir='ltr'><strong>Jubet</strong></span> <span class='ocrx_word' id='word_1_175' title='bbox 3071 1291 3251 1337; x_wconf 89' lang='lat' dir='ltr'><strong>autem</strong></span> <span class='ocrx_word' id='word_1_176' title='bbox 3291 1280 3477 1351; x_wconf 79' lang='lat' dir='ltr'><strong>fugere</strong></span> <span class='ocrx_word' id='word_1_177' title='bbox 3510 1295 3605 1335; x_wconf 87' lang='lat' dir='ltr'><strong>eos</strong></span> 
     </span>
    </p>
   </div>
   <div class='ocr_carea' id='block_1_25' title="bbox 2033 1371 3609 1449">
    <p class='ocr_par' dir='ltr' id='par_1_25' title="bbox 2033 1371 3609 1449">
     <span class='ocr_line' id='line_1_25' title="bbox 2033 1371 3609 1449; baseline -0.005 -18"><span class='ocrx_word' id='word_1_178' title='bbox 2033 1377 2125 1449; x_wconf 89' lang='lat' dir='ltr'><strong>qui</strong></span> <span class='ocrx_word' id='word_1_179' title='bbox 2157 1387 2573 1448; x_wconf 87' lang='lat' dir='ltr'><strong>persequuntur.</strong></span> <span class='ocrx_word' id='word_1_180' title='bbox 2617 1375 2901 1431; x_wconf 57' lang='lat' dir='ltr'><strong>Enimvero</strong></span> <span class='ocrx_word' id='word_1_181' title='bbox 2942 1385 3145 1431; x_wconf 71' lang='lat' dir='ltr'><strong>temere</strong></span> <span class='ocrx_word' id='word_1_182' title='bbox 3202 1388 3262 1428; x_wconf 91' lang='lat' dir='ltr'><strong>se</strong></span> <span class='ocrx_word' id='word_1_183' title='bbox 3306 1371 3358 1426; x_wconf 91' lang='lat' dir='ltr'><strong>in</strong></span> <span class='ocrx_word' id='word_1_184' title='bbox 3393 1371 3609 1439; x_wconf 85' lang='lat' dir='ltr'><strong>perieu-</strong></span> 
     </span>
    </p>
   </div>
   <div class='ocr_carea' id='block_1_26' title="bbox 2036 1462 3606 1539">
    <p class='ocr_par' dir='ltr' id='par_1_26' title="bbox 2036 1462 3606 1539">
     <span class='ocr_line' id='line_1_26' title="bbox 2036 1462 3606 1539; baseline -0.004 -16"><span class='ocrx_word' id='word_1_185' title='bbox 2036 1470 2144 1524; x_wconf 86' lang='lat' dir='ltr'><strong>lum</strong></span> <span class='ocrx_word' id='word_1_186' title='bbox 2171 1469 2414 1539; x_wconf 74' lang='lat' dir='ltr'><strong>injicere,</strong></span> <span class='ocrx_word' id='word_1_187' title='bbox 2447 1476 2503 1523; x_wconf 89' lang='lat' dir='ltr'><strong>et</strong></span> <span class='ocrx_word' id='word_1_188' title='bbox 2527 1477 2805 1523; x_wconf 88' lang='lat' dir='ltr'><strong>auctorem</strong></span> <span class='ocrx_word' id='word_1_189' title='bbox 2844 1464 2957 1520; x_wconf 82' lang='lat' dir='ltr'><strong>ﬁeri</strong></span> <span class='ocrx_word' id='word_1_190' title='bbox 2999 1463 3468 1521; x_wconf 87' lang='lat' dir='ltr'><strong>condcmnationis</strong></span> <span class='ocrx_word' id='word_1_191' title='bbox 3503 1462 3606 1517; x_wconf 85' lang='lat' dir='ltr'><strong>ho—</strong></span> 
     </span>
    </p>
   </div>
   <div class='ocr_carea' id='block_1_27' title="bbox 353 1552 1949 1629">
    <p class='ocr_par' dir='ltr' id='par_1_27' title="bbox 353 1552 1932 1626">
     <span class='ocr_line' id='line_1_27' title="bbox 353 1552 1932 1626; baseline 0.001 -21"><span class='ocrx_word' id='word_1_192' title='bbox 353 1554 594 1620; x_wconf 76' lang='grc' dir='ltr'><strong>νευταίς,</strong></span> <span class='ocrx_word' id='word_1_193' title='bbox 626 1554 722 1608; x_wconf 85' lang='grc' dir='ltr'><strong>καὶ</strong></span> <span class='ocrx_word' id='word_1_194' title='bbox 753 1553 982 1626; x_wconf 77' lang='grc' dir='ltr'><strong>ζημιοῦν</strong></span> <span class='ocrx_word' id='word_1_195' title='bbox 1017 1555 1144 1618; x_wconf 81' lang='grc' dir='ltr'><strong>τοὺς</strong></span> <span class='ocrx_word' id='word_1_196' title='bbox 1176 1554 1467 1626; x_wconf 75' lang='grc' dir='ltr'><strong>μέλλοντας</strong></span> <span class='ocrx_word' id='word_1_197' title='bbox 1497 1554 1823 1624; x_wconf 78' lang='grc' dir='ltr'><strong>ὠφελεῖσθαι</strong></span> <span class='ocrx_word' id='word_1_198' title='bbox 1844 1552 1932 1608; x_wconf 78' lang='grc' dir='ltr'><strong>διὰ</strong></span> 
     </span>
    </p>
   </div>
   <div class='ocr_carea' id='block_1_28' title="bbox 2053 1552 3606 1629">
    <p class='ocr_par' dir='ltr' id='par_1_28' title="bbox 2053 1556 3606 1629">
     <span class='ocr_line' id='line_1_28' title="bbox 2053 1556 3606 1629; baseline -0.005 -13"><span class='ocrx_word' id='word_1_199' title='bbox 2053 1561 2271 1627; x_wconf 84' lang='lat' dir='ltr'><strong>nicidis,</strong></span> <span class='ocrx_word' id='word_1_200' title='bbox 2307 1569 2363 1616; x_wconf 91' lang='lat' dir='ltr'><strong>et</strong></span> <span class='ocrx_word' id='word_1_201' title='bbox 2392 1561 2589 1616; x_wconf 87' lang='lat' dir='ltr'><strong>damno</strong></span> <span class='ocrx_word' id='word_1_202' title='bbox 2619 1573 2739 1615; x_wconf 84' lang='lat' dir='ltr'><strong>esse</strong></span> <span class='ocrx_word' id='word_1_203' title='bbox 2785 1558 2873 1615; x_wconf 85' lang='lat' dir='ltr'><strong>his</strong></span> <span class='ocrx_word' id='word_1_204' title='bbox 2899 1557 3096 1629; x_wconf 82' lang='lat' dir='ltr'><strong>quibus</strong></span> <span class='ocrx_word' id='word_1_205' title='bbox 3132 1572 3227 1627; x_wconf 88' lang='lat' dir='ltr'><strong>per</strong></span> <span class='ocrx_word' id='word_1_206' title='bbox 3261 1556 3606 1627; x_wconf 61' lang='lat' dir='ltr'><strong>praedicatio-</strong></span> 
     </span>
    </p>
   </div>
   <div class='ocr_carea' id='block_1_29' title="bbox 352 1641 1949 1723">
    <p class='ocr_par' dir='ltr' id='par_1_29' title="bbox 352 1641 1932 1713">
     <span class='ocr_line' id='line_1_29' title="bbox 352 1641 1932 1713; baseline 0.001 -20"><span class='ocrx_word' id='word_1_207' title='bbox 352 1642 450 1696; x_wconf 73' lang='grc' dir='ltr'><strong>τοῦ</strong></span> <span class='ocrx_word' id='word_1_208' title='bbox 489 1642 869 1713; x_wconf 84' lang='grc' dir='ltr'><strong>κηρύγματος,</strong></span> <span class='ocrx_word' id='word_1_209' title='bbox 897 1643 1202 1700; x_wconf 84' lang='grc' dir='ltr'><strong>διαϐολικόν</strong></span> <span class='ocrx_word' id='word_1_210' title='bbox 1233 1645 1351 1699; x_wconf 78' lang='grc' dir='ltr'><strong>ἐστι</strong></span> <span class='ocrx_word' id='word_1_211' title='bbox 1378 1662 1392 1675; x_wconf 89' lang='grc'><strong>·</strong></span> <span class='ocrx_word' id='word_1_212' title='bbox 1428 1643 1490 1698; x_wconf 80' lang='grc' dir='ltr'><strong>τὸ</strong></span> <span class='ocrx_word' id='word_1_213' title='bbox 1524 1641 1656 1713; x_wconf 73' lang='grc' dir='ltr'><strong>γοῦν</strong></span> <span class='ocrx_word' id='word_1_214' title='bbox 1694 1643 1839 1706; x_wconf 83' lang='grc' dir='ltr'><strong>Ἕως</strong></span> <span class='ocrx_word' id='word_1_215' title='bbox 1866 1642 1932 1697; x_wconf 84' lang='grc' dir='ltr'><strong>ἂν</strong></span> 
     </span>
    </p>
   </div>
   <div class='ocr_carea' id='block_1_30' title="bbox 2053 1641 3613 1723">
    <p class='ocr_par' dir='ltr' id='par_1_30' title="bbox 2053 1649 3613 1723">
     <span class='ocr_line' id='line_1_30' title="bbox 2053 1649 3613 1723; baseline -0.004 -16"><span class='ocrx_word' id='word_1_216' title='bbox 2053 1668 2156 1707; x_wconf 71' lang='lat' dir='ltr'><strong>nem</strong></span> <span class='ocrx_word' id='word_1_217' title='bbox 2189 1652 2445 1723; x_wconf 80' lang='lat' dir='ltr'><strong>prodesse</strong></span> <span class='ocrx_word' id='word_1_218' title='bbox 2478 1660 2717 1723; x_wconf 82' lang='lat' dir='ltr'><strong>poterat,</strong></span> <span class='ocrx_word' id='word_1_219' title='bbox 2741 1650 3066 1706; x_wconf 88' lang='lat' dir='ltr'><strong>diabolicum</strong></span> <span class='ocrx_word' id='word_1_220' title='bbox 3095 1659 3197 1707; x_wconf 87' lang='lat' dir='ltr'><strong>est.</strong></span> <span class='ocrx_word' id='word_1_221' title='bbox 3231 1649 3408 1705; x_wconf 90' lang='lat' dir='ltr'><strong>Donec</strong></span> <span class='ocrx_word' id='word_1_222' title='bbox 3436 1649 3613 1703; x_wconf 71' lang='lat' dir='ltr'><strong>veniat</strong></span> 
     </span>
    </p>
   </div>
   <div class='ocr_carea' id='block_1_31' title="bbox 354 1732 1949 1811">
    <p class='ocr_par' dir='ltr' id='par_1_31' title="bbox 354 1732 1935 1806">
     <span class='ocr_line' id='line_1_31' title="bbox 354 1732 1935 1806; baseline 0.001 -21"><span class='ocrx_word' id='word_1_223' title='bbox 354 1732 490 1806; x_wconf 71' lang='grc' dir='ltr'><strong>ἔλθῃ</strong></span> <span class='ocrx_word' id='word_1_224' title='bbox 538 1735 567 1787; x_wconf 89' lang='grc' dir='ltr'><strong>ό</strong></span> <span class='ocrx_word' id='word_1_225' title='bbox 593 1732 721 1800; x_wconf 64' lang='lat' dir='ltr'><strong>re;</strong></span> <span class='ocrx_word' id='word_1_226' title='bbox 769 1732 863 1788; x_wconf 76' lang='grc' dir='ltr'><strong>τοῦ</strong></span> <span class='ocrx_word' id='word_1_227' title='bbox 904 1732 1218 1805; x_wconf 79' lang='grc' dir='ltr'><strong>ἀνθρώπου,</strong></span> <span class='ocrx_word' id='word_1_228' title='bbox 1252 1734 1327 1805; x_wconf 82' lang='grc' dir='ltr'><strong>μὴ</strong></span> <span class='ocrx_word' id='word_1_229' title='bbox 1366 1734 1627 1804; x_wconf 75' lang='grc' dir='ltr'><strong>περὶτῆς</strong></span> <span class='ocrx_word' id='word_1_230' title='bbox 1675 1733 1935 1804; x_wconf 77' lang='grc' dir='ltr'><strong>δευτέρας</strong></span> 
     </span>
    </p>
   </div>
   <div class='ocr_carea' id='block_1_32' title="bbox 2053 1732 3607 1811">
    <p class='ocr_par' dir='ltr' id='par_1_32' title="bbox 2053 1740 3607 1811">
     <span class='ocr_line' id='line_1_32' title="bbox 2053 1740 3607 1811; baseline -0.006 -12"><span class='ocrx_word' id='word_1_231' title='bbox 2053 1743 2205 1800; x_wconf 63' lang='lat' dir='ltr'><strong>filius</strong></span> <span class='ocrx_word' id='word_1_232' title='bbox 2236 1744 2492 1806; x_wconf 84' lang='lat' dir='ltr'><strong>hominis,</strong></span> <span class='ocrx_word' id='word_1_233' title='bbox 2537 1759 2643 1798; x_wconf 91' lang='lat' dir='ltr'><strong>non</strong></span> <span class='ocrx_word' id='word_1_234' title='bbox 2673 1744 2741 1800; x_wconf 91' lang='lat' dir='ltr'><strong>de</strong></span> <span class='ocrx_word' id='word_1_235' title='bbox 2778 1743 3016 1798; x_wconf 88' lang='lat' dir='ltr'><strong>secundo</strong></span> <span class='ocrx_word' id='word_1_236' title='bbox 3060 1740 3291 1797; x_wconf 82' lang='lat' dir='ltr'><strong>adventu</strong></span> <span class='ocrx_word' id='word_1_237' title='bbox 3317 1740 3607 1811; x_wconf 76' lang='lat' dir='ltr'><strong>intelligas.</strong></span> 
     </span>
    </p>
   </div>
   <div class='ocr_carea' id='block_1_33' title="bbox 355 1822 1949 1898">
    <p class='ocr_par' dir='ltr' id='par_1_33' title="bbox 355 1822 1932 1898">
     <span class='ocr_line' id='line_1_33' title="bbox 355 1822 1932 1898; baseline 0.001 -23"><span class='ocrx_word' id='word_1_238' title='bbox 355 1823 667 1894; x_wconf 78' lang='grc' dir='ltr'><strong>παρουσίας</strong></span> <span class='ocrx_word' id='word_1_239' title='bbox 696 1823 897 1898; x_wconf 75' lang='grc' dir='ltr'><strong>νοήσῃς</strong></span> <span class='ocrx_word' id='word_1_240' title='bbox 918 1864 933 1890; x_wconf 92' lang='grc'><strong>,</strong></span> <span class='ocrx_word' id='word_1_241' title='bbox 973 1823 1112 1879; x_wconf 82' lang='grc' dir='ltr'><strong>ἀλλὰ</strong></span> <span class='ocrx_word' id='word_1_242' title='bbox 1150 1823 1282 1895; x_wconf 78' lang='grc' dir='ltr'><strong>περὶ</strong></span> <span class='ocrx_word' id='word_1_243' title='bbox 1313 1823 1411 1894; x_wconf 83' lang='grc' dir='ltr'><strong>τῆς</strong></span> <span class='ocrx_word' id='word_1_244' title='bbox 1443 1822 1548 1895; x_wconf 79' lang='grc' dir='ltr'><strong>πρὸ</strong></span> <span class='ocrx_word' id='word_1_245' title='bbox 1574 1822 1668 1876; x_wconf 85' lang='grc' dir='ltr'><strong>τοῦ</strong></span> <span class='ocrx_word' id='word_1_246' title='bbox 1696 1822 1932 1895; x_wconf 80' lang='grc' dir='ltr'><strong>σταυροῦ</strong></span> 
     </span>
    </p>
   </div>
   <div class='ocr_carea' id='block_1_34' title="bbox 2053 1822 3608 1898">
    <p class='ocr_par' dir='ltr' id='par_1_34' title="bbox 2053 1830 3608 1892">
     <span class='ocr_line' id='line_1_34' title="bbox 2053 1830 3608 1892; baseline -0.006 0"><span class='ocrx_word' id='word_1_247' title='bbox 2053 1837 2134 1892; x_wconf 74' lang='lat' dir='ltr'><strong>sed</strong></span> <span class='ocrx_word' id='word_1_248' title='bbox 2160 1836 2228 1891; x_wconf 88' lang='lat' dir='ltr'><strong>de</strong></span> <span class='ocrx_word' id='word_1_249' title='bbox 2255 1844 2520 1892; x_wconf 75' lang='lat' dir='ltr'><strong>conventu</strong></span> <span class='ocrx_word' id='word_1_250' title='bbox 2550 1843 2608 1892; x_wconf 87' lang='lat' dir='ltr'><strong>et</strong></span> <span class='ocrx_word' id='word_1_251' title='bbox 2645 1834 3010 1891; x_wconf 87' lang='lat' dir='ltr'><strong>consolatione</strong></span> <span class='ocrx_word' id='word_1_252' title='bbox 3038 1842 3167 1889; x_wconf 81' lang='lat' dir='ltr'><strong>ante</strong></span> <span class='ocrx_word' id='word_1_253' title='bbox 3191 1847 3432 1888; x_wconf 88' lang='lat' dir='ltr'><strong>crucem.</strong></span> <span class='ocrx_word' id='word_1_254' title='bbox 3462 1830 3608 1885; x_wconf 79' lang='lat' dir='ltr'><strong>Missi</strong></span> 
     </span>
    </p>
   </div>
   <div class='ocr_carea' id='block_1_35' title="bbox 358 1900 1949 1998">
    <p class='ocr_par' dir='ltr' id='par_1_35' title="bbox 358 1915 1939 1988">
     <span class='ocr_line' id='line_1_35' title="bbox 358 1915 1939 1988; baseline 0.003 -22"><span class='ocrx_word' id='word_1_255' title='bbox 358 1915 653 1979; x_wconf 80' lang='grc' dir='ltr'>συνουσίας</span> <span class='ocrx_word' id='word_1_256' title='bbox 678 1917 775 1970; x_wconf 77' lang='grc' dir='ltr'><strong>καὶ</strong></span> <span class='ocrx_word' id='word_1_257' title='bbox 816 1916 1188 1988; x_wconf 85' lang='grc' dir='ltr'><strong>παραμυθίας.</strong></span> <span class='ocrx_word' id='word_1_258' title='bbox 1234 1915 1652 1984; x_wconf 81' lang='grc' dir='ltr'><strong>Ἀποσταλέντες</strong></span> <span class='ocrx_word' id='word_1_259' title='bbox 1700 1916 1812 1987; x_wconf 78' lang='grc' dir='ltr'><strong>γὰρ</strong></span> <span class='ocrx_word' id='word_1_260' title='bbox 1845 1916 1939 1970; x_wconf 76' lang='grc' dir='ltr'><strong>καὶ</strong></span> 
     </span>
    </p>
   </div>
   <div class='ocr_carea' id='block_1_36' title="bbox 2053 1900 3612 1998">
    <p class='ocr_par' dir='ltr' id='par_1_36' title="bbox 2053 1923 3612 1998">
     <span class='ocr_line' id='line_1_36' title="bbox 2053 1923 3612 1998; baseline -0.004 -14"><span class='ocrx_word' id='word_1_261' title='bbox 2053 1930 2185 1985; x_wconf 74' lang='lat' dir='ltr'><strong>enim</strong></span> <span class='ocrx_word' id='word_1_262' title='bbox 2229 1929 2297 1984; x_wconf 89' lang='lat' dir='ltr'><strong>ad</strong></span> <span class='ocrx_word' id='word_1_263' title='bbox 2327 1927 2755 1998; x_wconf 87' lang='lat' dir='ltr'><strong>praedicandum,</strong></span> <span class='ocrx_word' id='word_1_264' title='bbox 2789 1926 2987 1981; x_wconf 88' lang='lat' dir='ltr'><strong>iterum</strong></span> <span class='ocrx_word' id='word_1_265' title='bbox 3027 1926 3093 1980; x_wconf 90' lang='lat' dir='ltr'><strong>ad</strong></span> <span class='ocrx_word' id='word_1_266' title='bbox 3132 1923 3404 1981; x_wconf 84' lang='lat' dir='ltr'><strong>Christum</strong></span> <span class='ocrx_word' id='word_1_267' title='bbox 3437 1923 3612 1978; x_wconf 85' lang='lat' dir='ltr'><strong>redie-</strong></span> 
     </span>
    </p>
   </div>
   <div class='ocr_carea' id='block_1_37' title="bbox 358 2006 1949 2088">
    <p class='ocr_par' dir='ltr' id='par_1_37' title="bbox 358 2006 1935 2082">
     <span class='ocr_line' id='line_1_37' title="bbox 358 2006 1935 2082; baseline 0 -23"><span class='ocrx_word' id='word_1_268' title='bbox 358 2006 721 2075; x_wconf 71' lang='grc' dir='ltr'><strong>κηρύξαντες,</strong></span> <span class='ocrx_word' id='word_1_269' title='bbox 753 2009 915 2064; x_wconf 85' lang='grc' dir='ltr'><strong>πάλιν</strong></span> <span class='ocrx_word' id='word_1_270' title='bbox 936 2008 1364 2082; x_wconf 76' lang='grc' dir='ltr'><strong>ὑπεστράφησαν</strong></span> <span class='ocrx_word' id='word_1_271' title='bbox 1393 2008 1530 2079; x_wconf 72' lang='grc' dir='ltr'><strong>πρὸς</strong></span> <span class='ocrx_word' id='word_1_272' title='bbox 1564 2008 1657 2064; x_wconf 82' lang='grc' dir='ltr'><strong>τὸν</strong></span> <span class='ocrx_word' id='word_1_273' title='bbox 1678 2009 1935 2081; x_wconf 79' lang='grc' dir='ltr'><strong>Χριστὸν,</strong></span> 
     </span>
    </p>
   </div>
   <div class='ocr_carea' id='block_1_38' title="bbox 2053 2006 3045 2088">
    <p class='ocr_par' dir='ltr' id='par_1_38' title="bbox 2053 2017 3045 2088">
     <span class='ocr_line' id='line_1_38' title="bbox 2053 2017 3045 2088; baseline -0.007 -11"><span class='ocrx_word' id='word_1_274' title='bbox 2053 2030 2195 2088; x_wconf 82' lang='lat' dir='ltr'><strong>runt,</strong></span> <span class='ocrx_word' id='word_1_275' title='bbox 2224 2029 2279 2077; x_wconf 89' lang='lat' dir='ltr'><strong>et</strong></span> <span class='ocrx_word' id='word_1_276' title='bbox 2309 2034 2429 2077; x_wconf 88' lang='lat' dir='ltr'><strong>eum</strong></span> <span class='ocrx_word' id='word_1_277' title='bbox 2464 2034 2530 2075; x_wconf 90' lang='lat' dir='ltr'><strong>eo</strong></span> <span class='ocrx_word' id='word_1_278' title='bbox 2560 2017 2867 2074; x_wconf 84' lang='lat' dir='ltr'><strong>conversati</strong></span> <span class='ocrx_word' id='word_1_279' title='bbox 2899 2024 3045 2073; x_wconf 87' lang='lat' dir='ltr'><strong>sunt.</strong></span> 
     </span>
    </p>
   </div>
   <div class='ocr_carea' id='block_1_39' title="bbox 358 2098 3444 2173">
    <p class='ocr_par' dir='ltr' id='par_1_39' title="bbox 358 2098 3444 2173">
     <span class='ocr_line' id='line_1_39' title="bbox 358 2098 3444 2173; baseline 0.01 -22"><span class='ocrx_word' id='word_1_280' title='bbox 358 2098 456 2153; x_wconf 75' lang='grc' dir='ltr'><strong>καὶ</strong></span> <span class='ocrx_word' id='word_1_281' title='bbox 484 2100 724 2171; x_wconf 78' lang='grc' dir='ltr'><strong>συνῆσαν</strong></span> <span class='ocrx_word' id='word_1_282' title='bbox 744 2101 913 2173; x_wconf 82' lang='grc' dir='ltr'><strong>αὐτῷ.</strong></span> <span class='ocrx_word' id='word_1_283' title='bbox 3429 2153 3444 2166; x_wconf 88' lang='grc'><strong>·</strong></span> 
     </span>
    </p>
   </div>
   <div class='ocr_carea' id='block_1_40' title="bbox 435 2188 1949 2268">
    <p class='ocr_par' dir='ltr' id='par_1_40' title="bbox 435 2188 1938 2265">
     <span class='ocr_line' id='line_1_40' title="bbox 435 2188 1938 2265; baseline 0 -23"><span class='ocrx_word' id='word_1_284' title='bbox 435 2209 456 2242; x_wconf 74' lang='grc' dir='ltr'><strong>ε</strong></span> <span class='ocrx_word' id='word_1_285' title='bbox 502 2191 618 2245; x_wconf 85' lang='grc' dir='ltr'><strong>Οὐκ</strong></span> <span class='ocrx_word' id='word_1_286' title='bbox 666 2190 783 2246; x_wconf 74' lang='grc' dir='ltr'><strong>ἔστι</strong></span> <span class='ocrx_word' id='word_1_287' title='bbox 840 2191 1088 2265; x_wconf 84' lang='grc' dir='ltr'><strong>μαθητὴς</strong></span> <span class='ocrx_word' id='word_1_288' title='bbox 1139 2192 1278 2264; x_wconf 78' lang='grc' dir='ltr'><strong>ὑπὲρ</strong></span> <span class='ocrx_word' id='word_1_289' title='bbox 1307 2192 1399 2247; x_wconf 74' lang='grc' dir='ltr'><strong>τὸν</strong></span> <span class='ocrx_word' id='word_1_290' title='bbox 1441 2190 1783 2254; x_wconf 84' lang='grc' dir='ltr'><strong>διδάσκαλον,</strong></span> <span class='ocrx_word' id='word_1_291' title='bbox 1814 2188 1938 2244; x_wconf 73' lang='grc' dir='ltr'><strong>οὐδὲ</strong></span> 
     </span>
    </p>
   </div>
   <div class='ocr_carea' id='block_1_41' title="bbox 2053 2188 3618 2268">
    <p class='ocr_par' dir='ltr' id='par_1_41' title="bbox 2117 2197 3618 2268">
     <span class='ocr_line' id='line_1_41' title="bbox 2117 2197 3618 2268; baseline -0.007 -8"><span class='ocrx_word' id='word_1_292' title='bbox 2117 2204 2280 2260; x_wconf 73' lang='lat' dir='ltr'><strong>Vsus.</strong></span> <span class='ocrx_word' id='word_1_293' title='bbox 2313 2202 2405 2257; x_wconf 66' lang='lat'><strong>24.</strong></span> <span class='ocrx_word' id='word_1_294' title='bbox 2445 2220 2463 2255; x_wconf 76' lang='grc' dir='ltr'><strong>ι</strong></span> <span class='ocrx_word' id='word_1_295' title='bbox 2502 2199 2620 2256; x_wconf 80' lang='lat' dir='ltr'><strong>Non</strong></span> <span class='ocrx_word' id='word_1_296' title='bbox 2653 2209 2737 2256; x_wconf 91' lang='lat' dir='ltr'><strong>est</strong></span> <span class='ocrx_word' id='word_1_297' title='bbox 2774 2197 3072 2268; x_wconf 86' lang='lat' dir='ltr'><strong>discipulus</strong></span> <span class='ocrx_word' id='word_1_298' title='bbox 3119 2211 3278 2266; x_wconf 78' lang='lat' dir='ltr'><strong>supra</strong></span> <span class='ocrx_word' id='word_1_299' title='bbox 3321 2205 3618 2268; x_wconf 81' lang='lat' dir='ltr'><strong>praecepto-</strong></span> 
     </span>
    </p>
   </div>
   <div class='ocr_carea' id='block_1_42' title="bbox 357 2280 1949 2362">
    <p class='ocr_par' dir='ltr' id='par_1_42' title="bbox 357 2280 1937 2355">
     <span class='ocr_line' id='line_1_42' title="bbox 357 2280 1937 2355; baseline 0.002 -22"><span class='ocrx_word' id='word_1_300' title='bbox 357 2280 546 2346; x_wconf 77' lang='grc' dir='ltr'><strong>δοῦλος</strong></span> <span class='ocrx_word' id='word_1_301' title='bbox 576 2281 718 2354; x_wconf 84' lang='grc' dir='ltr'><strong>ὑπὲρ</strong></span> <span class='ocrx_word' id='word_1_302' title='bbox 744 2282 836 2337; x_wconf 74' lang='grc' dir='ltr'><strong>τὸν</strong></span> <span class='ocrx_word' id='word_1_303' title='bbox 865 2283 1055 2354; x_wconf 81' lang='grc' dir='ltr'><strong>κύριον</strong></span> <span class='ocrx_word' id='word_1_304' title='bbox 1099 2283 1298 2338; x_wconf 77' lang='grc' dir='ltr'><strong>αὑτοῦ·</strong></span> <span class='ocrx_word' id='word_1_305' title='bbox 1328 2281 1563 2355; x_wconf 80' lang='grc' dir='ltr'><strong>ἀρκετὸν</strong></span> <span class='ocrx_word' id='word_1_306' title='bbox 1607 2281 1685 2353; x_wconf 80' lang='grc' dir='ltr'><strong>τῷ</strong></span> <span class='ocrx_word' id='word_1_307' title='bbox 1718 2281 1937 2353; x_wconf 76' lang='grc' dir='ltr'><strong>μαθητῇ</strong></span> 
     </span>
    </p>
   </div>
   <div class='ocr_carea' id='block_1_43' title="bbox 2053 2280 3619 2362">
    <p class='ocr_par' dir='ltr' id='par_1_43' title="bbox 2053 2287 3619 2362">
     <span class='ocr_line' id='line_1_43' title="bbox 2053 2287 3619 2362; baseline -0.005 -14"><span class='ocrx_word' id='word_1_308' title='bbox 2053 2308 2181 2360; x_wconf 86' lang='lat' dir='ltr'><strong>rem,</strong></span> <span class='ocrx_word' id='word_1_309' title='bbox 2219 2307 2393 2362; x_wconf 79' lang='lat' dir='ltr'><strong>neque</strong></span> <span class='ocrx_word' id='word_1_310' title='bbox 2431 2305 2623 2347; x_wconf 84' lang='lat' dir='ltr'><strong>servus</strong></span> <span class='ocrx_word' id='word_1_311' title='bbox 2667 2304 2830 2360; x_wconf 86' lang='lat' dir='ltr'><strong>supra</strong></span> <span class='ocrx_word' id='word_1_312' title='bbox 2855 2289 3131 2344; x_wconf 89' lang='lat' dir='ltr'><strong>dominum</strong></span> <span class='ocrx_word' id='word_1_313' title='bbox 3182 2301 3381 2343; x_wconf 88' lang='lat' dir='ltr'><strong>suum:</strong></span> <span class='ocrx_word' id='word_1_314' title='bbox 3417 2287 3619 2343; x_wconf 81' lang='lat' dir='ltr'><strong>sufficit</strong></span> 
     </span>
    </p>
   </div>
   <div class='ocr_carea' id='block_1_44' title="bbox 359 2373 1949 2455">
    <p class='ocr_par' dir='ltr' id='par_1_44' title="bbox 359 2373 1941 2448">
     <span class='ocr_line' id='line_1_44' title="bbox 359 2373 1941 2448; baseline 0.003 -22"><span class='ocrx_word' id='word_1_315' title='bbox 359 2373 453 2439; x_wconf 68' lang='grc' dir='ltr'>ἵνα</span> <span class='ocrx_word' id='word_1_316' title='bbox 475 2373 701 2445; x_wconf 78' lang='grc' dir='ltr'><strong>γένηται</strong></span> <span class='ocrx_word' id='word_1_317' title='bbox 730 2374 807 2441; x_wconf 83' lang='grc' dir='ltr'><strong>ὡς</strong></span> <span class='ocrx_word' id='word_1_318' title='bbox 834 2377 863 2430; x_wconf 84' lang='grc' dir='ltr'>ὁ</span> <span class='ocrx_word' id='word_1_319' title='bbox 893 2375 1210 2440; x_wconf 84' lang='grc' dir='ltr'><strong>διδάσκαλος</strong></span> <span class='ocrx_word' id='word_1_320' title='bbox 1248 2375 1438 2440; x_wconf 72' lang='grc' dir='ltr'><strong>αὐτοῦ,</strong></span> <span class='ocrx_word' id='word_1_321' title='bbox 1462 2376 1559 2431; x_wconf 58' lang='grc' dir='ltr'><strong>καὶ⁹</strong></span> <span class='ocrx_word' id='word_1_322' title='bbox 1582 2377 1610 2430; x_wconf 89' lang='grc' dir='ltr'><strong>ό</strong></span> <span class='ocrx_word' id='word_1_323' title='bbox 1642 2374 1831 2437; x_wconf 81' lang='grc' dir='ltr'><strong>δοῦλος</strong></span> <span class='ocrx_word' id='word_1_324' title='bbox 1862 2374 1941 2448; x_wconf 77' lang='grc' dir='ltr'><strong>ὡς</strong></span> 
     </span>
    </p>
   </div>
   <div class='ocr_carea' id='block_1_45' title="bbox 2053 2373 3619 2455">
    <p class='ocr_par' dir='ltr' id='par_1_45' title="bbox 2053 2381 3619 2455">
     <span class='ocr_line' id='line_1_45' title="bbox 2053 2381 3619 2455; baseline -0.006 -13"><span class='ocrx_word' id='word_1_325' title='bbox 2053 2386 2189 2442; x_wconf 85' lang='lat' dir='ltr'><strong>enim</strong></span> <span class='ocrx_word' id='word_1_326' title='bbox 2219 2383 2487 2455; x_wconf 87' lang='lat' dir='ltr'><strong>discipulo</strong></span> <span class='ocrx_word' id='word_1_327' title='bbox 2511 2391 2570 2438; x_wconf 87' lang='lat' dir='ltr'><strong>ut</strong></span> <span class='ocrx_word' id='word_1_328' title='bbox 2589 2381 2661 2438; x_wconf 88' lang='lat' dir='ltr'><strong>sit</strong></span> <span class='ocrx_word' id='word_1_329' title='bbox 2685 2383 2828 2438; x_wconf 82' lang='lat' dir='ltr'><strong>sicut</strong></span> <span class='ocrx_word' id='word_1_330' title='bbox 2847 2387 3148 2451; x_wconf 63' lang='lat' dir='ltr'><strong>praeceptor</strong></span> <span class='ocrx_word' id='word_1_331' title='bbox 3172 2386 3401 2446; x_wconf 66' lang='lat' dir='ltr'><strong>suus,,et</strong></span> <span class='ocrx_word' id='word_1_332' title='bbox 3426 2393 3619 2435; x_wconf 78' lang='lat' dir='ltr'><strong>servus</strong></span> 
     </span>
    </p>
   </div>
   <div class='ocr_carea' id='block_1_46' title="bbox 360 2465 1949 2538">
    <p class='ocr_par' dir='ltr' id='par_1_46' title="bbox 360 2465 1939 2538">
     <span class='ocr_line' id='line_1_46' title="bbox 360 2465 1939 2538; baseline 0.001 -19"><span class='ocrx_word' id='word_1_333' title='bbox 360 2467 390 2519; x_wconf 77' lang='grc' dir='ltr'><strong>ὁ</strong></span> <span class='ocrx_word' id='word_1_334' title='bbox 418 2465 610 2538; x_wconf 83' lang='grc' dir='ltr'><strong>κύριος</strong></span> <span class='ocrx_word' id='word_1_335' title='bbox 653 2465 845 2525; x_wconf 73' lang='grc' dir='ltr'><strong>αὐτοῦ.</strong></span> <span class='ocrx_word' id='word_1_336' title='bbox 874 2486 893 2519; x_wconf 79' lang='grc' dir='ltr'><strong>ι</strong></span> <span class='ocrx_word' id='word_1_337' title='bbox 931 2467 1182 2522; x_wconf 77' lang='grc' dir='ltr'><strong>Διδάσκει</strong></span> <span class='ocrx_word' id='word_1_338' title='bbox 1225 2467 1461 2522; x_wconf 76' lang='grc' dir='ltr'><strong>ἐνταῦθα</strong></span> <span class='ocrx_word' id='word_1_339' title='bbox 1499 2466 1788 2538; x_wconf 70' lang='grc' dir='ltr'><strong>ἀνέχεσθαι</strong></span> <span class='ocrx_word' id='word_1_340' title='bbox 1831 2466 1939 2520; x_wconf 78' lang='grc' dir='ltr'><strong>τῶν</strong></span> 
     </span>
    </p>
   </div>
   <div class='ocr_carea' id='block_1_47' title="bbox 2053 2465 3621 2538">
    <p class='ocr_par' dir='ltr' id='par_1_47' title="bbox 2053 2468 3621 2534">
     <span class='ocr_line' id='line_1_47' title="bbox 2053 2468 3621 2534; baseline -0.007 0"><span class='ocrx_word' id='word_1_341' title='bbox 2053 2476 2184 2534; x_wconf 83' lang='lat' dir='ltr'><strong>sicut</strong></span> <span class='ocrx_word' id='word_1_342' title='bbox 2244 2475 2493 2531; x_wconf 83' lang='lat' dir='ltr'><strong>dominus</strong></span> <span class='ocrx_word' id='word_1_343' title='bbox 2523 2488 2671 2530; x_wconf 89' lang='lat' dir='ltr'><strong>suus.</strong></span> <span class='ocrx_word' id='word_1_344' title='bbox 2706 2491 2725 2525; x_wconf 73' lang='grc' dir='ltr'><strong>ι</strong></span> <span class='ocrx_word' id='word_1_345' title='bbox 2762 2471 2930 2528; x_wconf 86' lang='lat' dir='ltr'><strong>Docet</strong></span> <span class='ocrx_word' id='word_1_346' title='bbox 2953 2471 3055 2527; x_wconf 86' lang='lat' dir='ltr'><strong>hoc</strong></span> <span class='ocrx_word' id='word_1_347' title='bbox 3096 2472 3214 2526; x_wconf 85' lang='lat' dir='ltr'><strong>loco</strong></span> <span class='ocrx_word' id='word_1_348' title='bbox 3241 2468 3492 2529; x_wconf 80' lang='lat' dir='ltr'><strong>ferendas</strong></span> <span class='ocrx_word' id='word_1_349' title='bbox 3537 2471 3621 2525; x_wconf 74' lang='grc' dir='ltr'><strong>ἰη-</strong></span> 
     </span>
    </p>
   </div>
   <div class='ocr_carea' id='block_1_48' title="bbox 363 2556 1949 2636">
    <p class='ocr_par' dir='ltr' id='par_1_48' title="bbox 363 2556 1942 2630">
     <span class='ocr_line' id='line_1_48' title="bbox 363 2556 1942 2630; baseline 0.002 -20"><span class='ocrx_word' id='word_1_350' title='bbox 363 2556 601 2629; x_wconf 75' lang='grc' dir='ltr'><strong>ίιϐρεων.</strong></span> <span class='ocrx_word' id='word_1_351' title='bbox 654 2559 718 2614; x_wconf 77' lang='grc' dir='ltr'><strong>Εἰ</strong></span> <span class='ocrx_word' id='word_1_352' title='bbox 748 2560 858 2629; x_wconf 76' lang='grc' dir='ltr'><strong>γάρ</strong></span> <span class='ocrx_word' id='word_1_353' title='bbox 915 2558 1029 2629; x_wconf 63' lang='grc' dir='ltr'><strong>εγὼ</strong></span> <span class='ocrx_word' id='word_1_354' title='bbox 1074 2560 1105 2615; x_wconf 83' lang='grc' dir='ltr'><strong>ό</strong></span> <span class='ocrx_word' id='word_1_355' title='bbox 1159 2559 1476 2625; x_wconf 82' lang='grc' dir='ltr'><strong>διδάσκαλος</strong></span> <span class='ocrx_word' id='word_1_356' title='bbox 1528 2561 1623 2614; x_wconf 79' lang='grc' dir='ltr'><strong>καὶ</strong></span> <span class='ocrx_word' id='word_1_357' title='bbox 1672 2560 1942 2630; x_wconf 82' lang='grc' dir='ltr'><strong>δεσπότης</strong></span> 
     </span>
    </p>
   </div>
   <div class='ocr_carea' id='block_1_49' title="bbox 2053 2556 3613 2636">
    <p class='ocr_par' dir='ltr' id='par_1_49' title="bbox 2053 2559 3613 2636">
     <span class='ocr_line' id='line_1_49' title="bbox 2053 2559 3613 2636; baseline -0.006 -14"><span class='ocrx_word' id='word_1_358' title='bbox 2053 2569 2233 2636; x_wconf 85' lang='lat' dir='ltr'><strong>int-ias.</strong></span> <span class='ocrx_word' id='word_1_359' title='bbox 2264 2565 2399 2622; x_wconf 82' lang='lat' dir='ltr'><strong>Nam</strong></span> <span class='ocrx_word' id='word_1_360' title='bbox 2426 2565 2472 2621; x_wconf 92' lang='lat' dir='ltr'><strong>si</strong></span> <span class='ocrx_word' id='word_1_361' title='bbox 2511 2578 2610 2636; x_wconf 87' lang='lat' dir='ltr'><strong>ego</strong></span> <span class='ocrx_word' id='word_1_362' title='bbox 2641 2572 2940 2635; x_wconf 85' lang='lat' dir='ltr'><strong>praeceptor</strong></span> <span class='ocrx_word' id='word_1_363' title='bbox 2970 2572 3024 2617; x_wconf 89' lang='lat' dir='ltr'><strong>ct</strong></span> <span class='ocrx_word' id='word_1_364' title='bbox 3055 2561 3315 2616; x_wconf 87' lang='lat' dir='ltr'><strong>Dominus</strong></span> <span class='ocrx_word' id='word_1_365' title='bbox 3360 2559 3613 2621; x_wconf 82' lang='lat' dir='ltr'><strong>sustinui,</strong></span> 
     </span>
    </p>
   </div>
   <div class='ocr_carea' id='block_1_50' title="bbox 362 2636 1949 2727">
    <p class='ocr_par' dir='ltr' id='par_1_50' title="bbox 362 2650 1945 2722">
     <span class='ocr_line' id='line_1_50' title="bbox 362 2650 1945 2722; baseline 0.001 -20"><span class='ocrx_word' id='word_1_366' title='bbox 362 2650 699 2721; x_wconf 72' lang='grc' dir='ltr'>ἠνεσχόμην,</span> <span class='ocrx_word' id='word_1_367' title='bbox 740 2650 923 2721; x_wconf 83' lang='grc' dir='ltr'><strong>πολλῷ</strong></span> <span class='ocrx_word' id='word_1_368' title='bbox 986 2651 1190 2721; x_wconf 80' lang='grc' dir='ltr'><strong>μᾶλλον</strong></span> <span class='ocrx_word' id='word_1_369' title='bbox 1222 2651 1382 2722; x_wconf 80' lang='grc' dir='ltr'>ὑμεῖς</span> <span class='ocrx_word' id='word_1_370' title='bbox 1440 2654 1490 2706; x_wconf 87' lang='grc' dir='ltr'><strong>οἰ</strong></span> <span class='ocrx_word' id='word_1_371' title='bbox 1525 2650 1787 2722; x_wconf 75' lang='grc' dir='ltr'><strong>’μαθηταὶ</strong></span> <span class='ocrx_word' id='word_1_372' title='bbox 1847 2650 1945 2704; x_wconf 77' lang='grc' dir='ltr'><strong>καὶ</strong></span> 
     </span>
    </p>
   </div>
   <div class='ocr_carea' id='block_1_51' title="bbox 2053 2636 3618 2727">
    <p class='ocr_par' dir='ltr' id='par_1_51' title="bbox 2053 2636 3618 2727">
     <span class='ocr_line' id='line_1_51' title="bbox 2053 2636 3618 2727; baseline -0.008 -14"><span class='ocrx_word' id='word_1_373' title='bbox 2053 2659 2218 2714; x_wconf 83' lang='lat' dir='ltr'><strong>multo</strong></span> <span class='ocrx_word' id='word_1_374' title='bbox 2245 2658 2419 2727; x_wconf 83' lang='lat' dir='ltr'><strong>magis</strong></span> <span class='ocrx_word' id='word_1_375' title='bbox 2452 2671 2548 2712; x_wconf 82' lang='lat' dir='ltr'><strong>vos</strong></span> <span class='ocrx_word' id='word_1_376' title='bbox 2579 2653 2825 2724; x_wconf 89' lang='lat' dir='ltr'><strong>discipuli</strong></span> <span class='ocrx_word' id='word_1_377' title='bbox 2859 2660 2914 2710; x_wconf 85' lang='lat' dir='ltr'><strong>et</strong></span> <span class='ocrx_word' id='word_1_378' title='bbox 2958 2652 3120 2708; x_wconf 76' lang='lat' dir='ltr'><strong>servi.</strong></span> <span class='ocrx_word' id='word_1_379' title='bbox 3169 2636 3477 2721; x_wconf 81' lang='lat' dir='ltr'><strong>Interrogas</strong></span> <span class='ocrx_word' id='word_1_380' title='bbox 3516 2664 3618 2703; x_wconf 80' lang='lat' dir='ltr'><strong>an-</strong></span> 
     </span>
    </p>
   </div>
   <div class='ocr_carea' id='block_1_52' title="bbox 362 2740 1949 2821">
    <p class='ocr_par' dir='ltr' id='par_1_52' title="bbox 362 2740 1944 2815">
     <span class='ocr_line' id='line_1_52' title="bbox 362 2740 1944 2815; baseline 0.001 -21"><span class='ocrx_word' id='word_1_381' title='bbox 362 2740 567 2796; x_wconf 74' lang='grc' dir='ltr'><strong>δοῦλοι.</strong></span> <span class='ocrx_word' id='word_1_382' title='bbox 619 2742 862 2815; x_wconf 76' lang='grc' dir='ltr'><strong>Ἐρωτᾷς</strong></span> <span class='ocrx_word' id='word_1_383' title='bbox 885 2743 941 2798; x_wconf 82' lang='grc' dir='ltr'><strong>δὲ</strong></span> <span class='ocrx_word' id='word_1_384' title='bbox 969 2743 1088 2808; x_wconf 82' lang='grc' dir='ltr'><strong>πῶς</strong></span> <span class='ocrx_word' id='word_1_385' title='bbox 1118 2760 1251 2813; x_wconf 83' lang='grc' dir='ltr'><strong>φησι</strong></span> <span class='ocrx_word' id='word_1_386' title='bbox 1280 2743 1363 2809; x_wconf 81' lang='grc' dir='ltr'><strong>τὸ,</strong></span> <span class='ocrx_word' id='word_1_387' title='bbox 1389 2743 1506 2799; x_wconf 82' lang='grc' dir='ltr'><strong>Οὐκ</strong></span> <span class='ocrx_word' id='word_1_388' title='bbox 1554 2743 1669 2797; x_wconf 79' lang='grc' dir='ltr'><strong>ἔστι</strong></span> <span class='ocrx_word' id='word_1_389' title='bbox 1696 2741 1944 2814; x_wconf 78' lang='grc' dir='ltr'><strong>μαθητὴς</strong></span> 
     </span>
    </p>
   </div>
   <div class='ocr_carea' id='block_1_53' title="bbox 2053 2740 3615 2821">
    <p class='ocr_par' dir='ltr' id='par_1_53' title="bbox 2053 2742 3615 2821">
     <span class='ocr_line' id='line_1_53' title="bbox 2053 2742 3615 2821; baseline -0.006 -15"><span class='ocrx_word' id='word_1_390' title='bbox 2053 2763 2157 2806; x_wconf 89' lang='lat' dir='ltr'><strong>lem</strong></span> <span class='ocrx_word' id='word_1_391' title='bbox 2188 2748 2456 2821; x_wconf 88' lang='lat' dir='ltr'><strong>quomodo</strong></span> <span class='ocrx_word' id='word_1_392' title='bbox 2489 2746 2645 2811; x_wconf 85' lang='lat' dir='ltr'><strong>dicit,</strong></span> <span class='ocrx_word' id='word_1_393' title='bbox 2676 2743 2793 2801; x_wconf 77' lang='lat' dir='ltr'><strong>Non</strong></span> <span class='ocrx_word' id='word_1_394' title='bbox 2820 2753 2902 2800; x_wconf 91' lang='lat' dir='ltr'><strong>est</strong></span> <span class='ocrx_word' id='word_1_395' title='bbox 2935 2742 3229 2812; x_wconf 89' lang='lat' dir='ltr'><strong>discipulus</strong></span> <span class='ocrx_word' id='word_1_396' title='bbox 3281 2757 3440 2812; x_wconf 85' lang='lat' dir='ltr'><strong>supra</strong></span> <span class='ocrx_word' id='word_1_397' title='bbox 3476 2759 3615 2812; x_wconf 79' lang='lat' dir='ltr'><strong>prac-</strong></span> 
     </span>
    </p>
   </div>
   <div class='ocr_carea' id='block_1_54' title="bbox 365 2832 1945 2906">
    <p class='ocr_par' dir='ltr' id='par_1_54' title="bbox 365 2832 1945 2906">
     <span class='ocr_line' id='line_1_54' title="bbox 365 2832 1945 2906; baseline 0.001 -20"><span class='ocrx_word' id='word_1_398' title='bbox 365 2834 507 2906; x_wconf 74' lang='grc' dir='ltr'><strong>ὑπὲρ</strong></span> <span class='ocrx_word' id='word_1_399' title='bbox 540 2834 634 2889; x_wconf 80' lang='grc' dir='ltr'><strong>τὸν</strong></span> <span class='ocrx_word' id='word_1_400' title='bbox 670 2833 1012 2901; x_wconf 79' lang='grc' dir='ltr'><strong>διδάσκαλον,</strong></span> <span class='ocrx_word' id='word_1_401' title='bbox 1049 2836 1186 2889; x_wconf 82' lang='grc' dir='ltr'><strong>ὅπου</strong></span> <span class='ocrx_word' id='word_1_402' title='bbox 1215 2851 1279 2903; x_wconf 93' lang='grc' dir='ltr'><strong>γε</strong></span> <span class='ocrx_word' id='word_1_403' title='bbox 1315 2832 1544 2898; x_wconf 74' lang='grc' dir='ltr'><strong>πολλοὺς</strong></span> <span class='ocrx_word' id='word_1_404' title='bbox 1597 2833 1816 2906; x_wconf 83' lang='grc' dir='ltr'><strong>όρῶμεν</strong></span> <span class='ocrx_word' id='word_1_405' title='bbox 1847 2850 1945 2904; x_wconf 86' lang='grc' dir='ltr'><strong>μα-</strong></span> 
     </span>
    </p>
   </div>
   <div class='ocr_carea' id='block_1_55' title="bbox 365 2923 1946 2999">
    <p class='ocr_par' dir='ltr' id='par_1_55' title="bbox 365 2923 1946 2999">
     <span class='ocr_line' id='line_1_55' title="bbox 365 2923 1946 2999; baseline 0.001 -22"><span class='ocrx_word' id='word_1_406' title='bbox 365 2925 540 2995; x_wconf 76' lang='grc' dir='ltr'><strong>θητάς</strong></span> <span class='ocrx_word' id='word_1_407' title='bbox 561 2926 848 2999; x_wconf 77' lang='grc' dir='ltr'><strong>κρείττους</strong></span> <span class='ocrx_word' id='word_1_408' title='bbox 865 2927 973 2983; x_wconf 85' lang='grc' dir='ltr'><strong>τῶν</strong></span> <span class='ocrx_word' id='word_1_409' title='bbox 992 2926 1366 2993; x_wconf 86' lang='grc' dir='ltr'><strong>διδασκάλων;</strong></span> <span class='ocrx_word' id='word_1_410' title='bbox 1398 2925 1554 2982; x_wconf 84' lang='grc' dir='ltr'><strong>Μάθε</strong></span> <span class='ocrx_word' id='word_1_411' title='bbox 1585 2923 1680 2980; x_wconf 80' lang='grc' dir='ltr'><strong>οὖν</strong></span> <span class='ocrx_word' id='word_1_412' title='bbox 1707 2926 1811 2989; x_wconf 86' lang='grc' dir='ltr'><strong>ὅτι,</strong></span> <span class='ocrx_word' id='word_1_413' title='bbox 1839 2925 1946 2989; x_wconf 73' lang='grc' dir='ltr'><strong>ἕως</strong></span> 
     </span>
    </p>
   </div>
   <div class='ocr_carea' id='block_1_56' title="bbox 366 3008 1946 3089">
    <p class='ocr_par' dir='ltr' id='par_1_56' title="bbox 366 3008 1946 3089">
     <span class='ocr_line' id='line_1_56' title="bbox 366 3008 1946 3089; baseline 0 -21"><span class='ocrx_word' id='word_1_414' title='bbox 366 3013 435 3068; x_wconf 75' lang='grc' dir='ltr'><strong>ἂν</strong></span> <span class='ocrx_word' id='word_1_415' title='bbox 462 3008 566 3069; x_wconf 78' lang='grc' dir='ltr'><strong>ὦσι</strong></span> <span class='ocrx_word' id='word_1_416' title='bbox 597 3016 861 3089; x_wconf 78' lang='grc' dir='ltr'><strong>μαθηταὶ,</strong></span> <span class='ocrx_word' id='word_1_417' title='bbox 895 3017 1152 3082; x_wconf 70' lang='grc' dir='ltr'><strong>ἐλάττους</strong></span> <span class='ocrx_word' id='word_1_418' title='bbox 1194 3017 1303 3073; x_wconf 79' lang='grc' dir='ltr'><strong>εἰσὶ</strong></span> <span class='ocrx_word' id='word_1_419' title='bbox 1335 3017 1444 3072; x_wconf 80' lang='grc' dir='ltr'><strong>τῶν</strong></span> <span class='ocrx_word' id='word_1_420' title='bbox 1468 3016 1825 3084; x_wconf 82' lang='grc' dir='ltr'><strong>διδασκάλων,</strong></span> <span class='ocrx_word' id='word_1_421' title='bbox 1850 3017 1946 3071; x_wconf 71' lang='grc' dir='ltr'><strong>ἐὰν</strong></span> 
     </span>
    </p>
   </div>
   <div class='ocr_carea' id='block_1_57' title="bbox 365 3100 1945 3179">
    <p class='ocr_par' dir='ltr' id='par_1_57' title="bbox 365 3100 1945 3179">
     <span class='ocr_line' id='line_1_57' title="bbox 365 3100 1945 3179; baseline 0.003 -25"><span class='ocrx_word' id='word_1_422' title='bbox 365 3100 425 3153; x_wconf 74' lang='grc' dir='ltr'><strong>δὲ</strong></span> <span class='ocrx_word' id='word_1_423' title='bbox 457 3102 741 3172; x_wconf 78' lang='grc' dir='ltr'><strong>κρείττους</strong></span> <span class='ocrx_word' id='word_1_424' title='bbox 765 3104 1052 3172; x_wconf 84' lang='grc' dir='ltr'><strong>γένωνται,</strong></span> <span class='ocrx_word' id='word_1_425' title='bbox 1091 3105 1192 3159; x_wconf 85' lang='grc' dir='ltr'><strong>οὐκ</strong></span> <span class='ocrx_word' id='word_1_426' title='bbox 1220 3105 1301 3159; x_wconf 71' lang='grc' dir='ltr'><strong>ἔτι</strong></span> <span class='ocrx_word' id='word_1_427' title='bbox 1327 3106 1514 3161; x_wconf 86' lang='grc' dir='ltr'><strong>λοιπόν</strong></span> <span class='ocrx_word' id='word_1_428' title='bbox 1550 3107 1657 3160; x_wconf 88' lang='grc' dir='ltr'><strong>είσι</strong></span> <span class='ocrx_word' id='word_1_429' title='bbox 1680 3106 1945 3179; x_wconf 73' lang='grc' dir='ltr'><strong>μαθηταὶ,</strong></span> 
     </span>
    </p>
   </div>
   <div class='ocr_carea' id='block_1_58' title="bbox 2046 2831 3618 2914">
    <p class='ocr_par' dir='ltr' id='par_1_58' title="bbox 2046 2831 3618 2914">
     <span class='ocr_line' id='line_1_58' title="bbox 2046 2831 3618 2914; baseline -0.008 -14"><span class='ocrx_word' id='word_1_430' title='bbox 2046 2851 2344 2914; x_wconf 84' lang='lat' dir='ltr'><strong>ceptorem,</strong></span> <span class='ocrx_word' id='word_1_431' title='bbox 2393 2855 2515 2897; x_wconf 90' lang='lat' dir='ltr'><strong>cum</strong></span> <span class='ocrx_word' id='word_1_432' title='bbox 2561 2837 2838 2894; x_wconf 84' lang='lat' dir='ltr'><strong>videamus</strong></span> <span class='ocrx_word' id='word_1_433' title='bbox 2877 2835 3075 2890; x_wconf 85' lang='lat' dir='ltr'><strong>multos</strong></span> <span class='ocrx_word' id='word_1_434' title='bbox 3136 2831 3429 2905; x_wconf 83' lang='lat' dir='ltr'><strong>discipulos</strong></span> <span class='ocrx_word' id='word_1_435' title='bbox 3481 2849 3618 2901; x_wconf 81' lang='lat' dir='ltr'><strong>prae—</strong></span> 
     </span>
    </p>
   </div>
   <div class='ocr_carea' id='block_1_59' title="bbox 2049 2925 3616 3008">
    <p class='ocr_par' dir='ltr' id='par_1_59' title="bbox 2049 2925 3616 3008">
     <span class='ocr_line' id='line_1_59' title="bbox 2049 2925 3616 3008; baseline -0.011 -15"><span class='ocrx_word' id='word_1_436' title='bbox 2049 2936 2362 3008; x_wconf 88' lang='lat' dir='ltr'><strong>ceptoribus</strong></span> <span class='ocrx_word' id='word_1_437' title='bbox 2401 2932 2725 2988; x_wconf 83' lang='lat' dir='ltr'><strong>antecellere</strong></span> <span class='ocrx_word' id='word_1_438' title='bbox 2747 2930 2773 2985; x_wconf 85' lang='lat'><strong>?</strong></span> <span class='ocrx_word' id='word_1_439' title='bbox 2793 2927 3032 2999; x_wconf 87' lang='lat' dir='ltr'><strong>lntellige</strong></span> <span class='ocrx_word' id='word_1_440' title='bbox 3063 2927 3226 2999; x_wconf 81' lang='lat' dir='ltr'><strong>igitur</strong></span> <span class='ocrx_word' id='word_1_441' title='bbox 3259 2925 3403 2996; x_wconf 89' lang='lat' dir='ltr'><strong>quod</strong></span> <span class='ocrx_word' id='word_1_442' title='bbox 3445 2926 3616 2979; x_wconf 77' lang='lat' dir='ltr'><strong>donec</strong></span> 
     </span>
    </p>
   </div>
   <div class='ocr_carea' id='block_1_60' title="bbox 2053 3019 3620 3098">
    <p class='ocr_par' dir='ltr' id='par_1_60' title="bbox 2053 3019 3620 3098">
     <span class='ocr_line' id='line_1_60' title="bbox 2053 3019 3620 3098; baseline -0.01 -13"><span class='ocrx_word' id='word_1_443' title='bbox 2053 3029 2253 3085; x_wconf 88' lang='lat' dir='ltr'><strong>fuerint</strong></span> <span class='ocrx_word' id='word_1_444' title='bbox 2277 3025 2549 3098; x_wconf 83' lang='lat' dir='ltr'><strong>discipuli,</strong></span> <span class='ocrx_word' id='word_1_445' title='bbox 2585 3024 2823 3079; x_wconf 84' lang='lat' dir='ltr'><strong>minores</strong></span> <span class='ocrx_word' id='word_1_446' title='bbox 2854 3020 2967 3093; x_wconf 77' lang='lat'><strong>50</strong></span> <span class='ocrx_word' id='word_1_447' title='bbox 2993 3027 3153 3076; x_wconf 89' lang='lat' dir='ltr'><strong>erunt</strong></span> <span class='ocrx_word' id='word_1_448' title='bbox 3180 3019 3620 3090; x_wconf 65' lang='lat' dir='ltr'><strong>praeceptoribus.</strong></span> 
     </span>
    </p>
   </div>
   <div class='ocr_carea' id='block_1_61' title="bbox 2053 3108 3618 3189">
    <p class='ocr_par' dir='ltr' id='par_1_61' title="bbox 2053 3108 3618 3189">
     <span class='ocr_line' id='line_1_61' title="bbox 2053 3108 3618 3189; baseline -0.009 -14"><span class='ocrx_word' id='word_1_449' title='bbox 2053 3119 2194 3189; x_wconf 83' lang='lat' dir='ltr'><strong>quod</strong></span> <span class='ocrx_word' id='word_1_450' title='bbox 2221 3120 2264 3174; x_wconf 87' lang='lat' dir='ltr'><strong>si</strong></span> <span class='ocrx_word' id='word_1_451' title='bbox 2297 3115 2699 3189; x_wconf 67' lang='lat' dir='ltr'><strong>prmstantiores</strong></span> <span class='ocrx_word' id='word_1_452' title='bbox 2727 3113 2945 3179; x_wconf 86' lang='lat' dir='ltr'><strong>fuerint,</strong></span> <span class='ocrx_word' id='word_1_453' title='bbox 2969 3113 3090 3180; x_wconf 64' lang='lat' dir='ltr'><strong>:uon</strong></span> <span class='ocrx_word' id='word_1_454' title='bbox 3118 3119 3278 3164; x_wconf 90' lang='lat' dir='ltr'><strong>erunt</strong></span> <span class='ocrx_word' id='word_1_455' title='bbox 3314 3108 3425 3179; x_wconf 77' lang='lat' dir='ltr'><strong>jam</strong></span> <span class='ocrx_word' id='word_1_456' title='bbox 3454 3108 3618 3163; x_wconf 88' lang='lat' dir='ltr'><strong>disci-</strong></span> 
     </span>
    </p>
   </div>
   <div class='ocr_carea' id='block_1_62' title="bbox 366 3189 1949 3307">
    <p class='ocr_par' dir='ltr' id='par_1_62' title="bbox 366 3189 1949 3307">
     <span class='ocr_line' id='line_1_62' title="bbox 366 3189 1949 3307; baseline 0.007 -65"><span class='ocrx_word' id='word_1_457' title='bbox 366 3189 561 3307; x_wconf 50' lang='grc' dir='ltr'><strong>ὦισπερ</strong></span> <span class='ocrx_word' id='word_1_458' title='bbox 590 3192 685 3246; x_wconf 78' lang='grc' dir='ltr'><strong>καὶ</strong></span> <span class='ocrx_word' id='word_1_459' title='bbox 705 3195 731 3247; x_wconf 88' lang='grc' dir='ltr'><strong>ό</strong></span> <span class='ocrx_word' id='word_1_460' title='bbox 755 3191 960 3260; x_wconf 83' lang='grc' dir='ltr'><strong>δοῦλος,</strong></span> <span class='ocrx_word' id='word_1_461' title='bbox 989 3195 1094 3260; x_wconf 68' lang='grc' dir='ltr'><strong>ἕως</strong></span> <span class='ocrx_word' id='word_1_462' title='bbox 1124 3194 1190 3249; x_wconf 84' lang='grc' dir='ltr'><strong>ἂν</strong></span> <span class='ocrx_word' id='word_1_463' title='bbox 1270 3195 1475 3266; x_wconf 81' lang='grc' dir='ltr'><strong>δοῦλος,</strong></span> <span class='ocrx_word' id='word_1_464' title='bbox 1496 3197 1596 3253; x_wconf 80' lang='grc' dir='ltr'><strong>οὐκ</strong></span> <span class='ocrx_word' id='word_1_465' title='bbox 1628 3195 1775 3253; x_wconf 76' lang='grc' dir='ltr'><strong>ἔστιν</strong></span> <span class='ocrx_word' id='word_1_466' title='bbox 1808 3198 1949 3272; x_wconf 68' lang='grc' dir='ltr'><strong>ὑπὲρ</strong></span> 
     </span>
    </p>
   </div>
   <div class='ocr_carea' id='block_1_63' title="bbox 2053 3189 3621 3307">
    <p class='ocr_par' dir='ltr' id='par_1_63' title="bbox 2054 3191 3621 3281">
     <span class='ocr_line' id='line_1_63' title="bbox 2054 3191 3621 3281; baseline -0.008 -15"><span class='ocrx_word' id='word_1_467' title='bbox 2054 3210 2165 3281; x_wconf 89' lang='lat' dir='ltr'><strong>puli</strong></span> <span class='ocrx_word' id='word_1_468' title='bbox 2198 3227 2213 3266; x_wconf 91' lang='lat'><strong>:</strong></span> <span class='ocrx_word' id='word_1_469' title='bbox 2245 3208 2701 3279; x_wconf 87' lang='lat' dir='ltr'><strong>quemadmodum</strong></span> <span class='ocrx_word' id='word_1_470' title='bbox 2728 3213 2783 3260; x_wconf 91' lang='lat' dir='ltr'><strong>et</strong></span> <span class='ocrx_word' id='word_1_471' title='bbox 2804 3191 2999 3259; x_wconf 72' lang='lat' dir='ltr'><strong>servus</strong></span> <span class='ocrx_word' id='word_1_472' title='bbox 3029 3200 3268 3272; x_wconf 89' lang='lat' dir='ltr'><strong>quandiu</strong></span> <span class='ocrx_word' id='word_1_473' title='bbox 3306 3210 3389 3256; x_wconf 91' lang='lat' dir='ltr'><strong>est</strong></span> <span class='ocrx_word' id='word_1_474' title='bbox 3412 3215 3621 3266; x_wconf 56' lang='lat' dir='ltr'><strong>servus,</strong></span> 
     </span>
    </p>
   </div>
   <div class='ocr_carea' id='block_1_64' title="bbox 366 3281 899 3354">
    <p class='ocr_par' dir='ltr' id='par_1_64' title="bbox 366 3281 899 3354">
     <span class='ocr_line' id='line_1_64' title="bbox 366 3281 899 3354; baseline 0.013 -20"><span class='ocrx_word' id='word_1_475' title='bbox 366 3281 464 3336; x_wconf 71' lang='grc' dir='ltr'><strong>τὸν</strong></span> <span class='ocrx_word' id='word_1_476' title='bbox 487 3282 677 3354; x_wconf 83' lang='grc' dir='ltr'><strong>κύριον</strong></span> <span class='ocrx_word' id='word_1_477' title='bbox 710 3284 899 3343; x_wconf 77' lang='grc' dir='ltr'><strong>αὐτοῦ.</strong></span> 
     </span>
    </p>
   </div>
   <div class='ocr_carea' id='block_1_65' title="bbox 447 3376 1946 3453">
    <p class='ocr_par' dir='ltr' id='par_1_65' title="bbox 447 3376 1946 3453">
     <span class='ocr_line' id='line_1_65' title="bbox 447 3376 1946 3453; baseline 0.008 -24"><span class='ocrx_word' id='word_1_478' title='bbox 447 3393 467 3428; x_wconf 79' lang='lat' dir='ltr'><strong>t</strong></span> <span class='ocrx_word' id='word_1_479' title='bbox 503 3377 566 3430; x_wconf 87' lang='grc' dir='ltr'><strong>Εἰ</strong></span> <span class='ocrx_word' id='word_1_480' title='bbox 592 3376 684 3430; x_wconf 79' lang='grc' dir='ltr'><strong>τὸν</strong></span> <span class='ocrx_word' id='word_1_481' title='bbox 741 3378 1125 3453; x_wconf 73' lang='grc' dir='ltr'><strong>οἰκοδεσπότην</strong></span> <span class='ocrx_word' id='word_1_482' title='bbox 1192 3381 1522 3450; x_wconf 75' lang='grc' dir='ltr'><strong>Βεελζεϐοὺλ</strong></span> <span class='ocrx_word' id='word_1_483' title='bbox 1575 3385 1946 3453; x_wconf 81' lang='grc' dir='ltr'><strong>ἀπεκάλεσαν,</strong></span> 
     </span>
    </p>
   </div>
   <div class='ocr_carea' id='block_1_66' title="bbox 370 3466 1949 3551">
    <p class='ocr_par' dir='ltr' id='par_1_66' title="bbox 370 3466 1949 3551">
     <span class='ocr_line' id='line_1_66' title="bbox 370 3466 1949 3551; baseline 0.008 -32"><span class='ocrx_word' id='word_1_484' title='bbox 370 3466 526 3539; x_wconf 81' lang='grc' dir='ltr'><strong>πόσῳ</strong></span> <span class='ocrx_word' id='word_1_485' title='bbox 561 3467 766 3537; x_wconf 80' lang='grc' dir='ltr'><strong>μᾶλλον</strong></span> <span class='ocrx_word' id='word_1_486' title='bbox 795 3471 921 3534; x_wconf 76' lang='grc' dir='ltr'><strong>τοὺς</strong></span> <span class='ocrx_word' id='word_1_487' title='bbox 950 3473 1227 3538; x_wconf 82' lang='grc' dir='ltr'><strong>οἰκιακοὺς</strong></span> <span class='ocrx_word' id='word_1_488' title='bbox 1247 3474 1446 3543; x_wconf 60' lang='lat' dir='ltr'><strong>aurati;</strong></span> <span class='ocrx_word' id='word_1_489' title='bbox 1505 3478 1597 3549; x_wconf 78' lang='grc' dir='ltr'><strong>Μὴ</strong></span> <span class='ocrx_word' id='word_1_490' title='bbox 1652 3474 1747 3534; x_wconf 75' lang='grc' dir='ltr'><strong>οὖν</strong></span> <span class='ocrx_word' id='word_1_491' title='bbox 1777 3480 1949 3551; x_wconf 79' lang='grc' dir='ltr'><strong>φοϐη-</strong></span> 
     </span>
    </p>
   </div>
   <div class='ocr_carea' id='block_1_67' title="bbox 370 3556 1952 3640">
    <p class='ocr_par' dir='ltr' id='par_1_67' title="bbox 370 3556 1952 3640">
     <span class='ocr_line' id='line_1_67' title="bbox 370 3556 1952 3640; baseline 0.011 -30"><span class='ocrx_word' id='word_1_492' title='bbox 370 3556 505 3628; x_wconf 82' lang='grc' dir='ltr'><strong>θῆτε</strong></span> <span class='ocrx_word' id='word_1_493' title='bbox 556 3559 758 3624; x_wconf 76' lang='grc' dir='ltr'><strong>αὐτοὺς</strong></span> <span class='ocrx_word' id='word_1_494' title='bbox 781 3601 796 3626; x_wconf 93' lang='grc'><strong>,</strong></span> <span class='ocrx_word' id='word_1_495' title='bbox 828 3561 982 3616; x_wconf 78' lang='grc' dir='ltr'><strong>οὐδὲν</strong></span> <span class='ocrx_word' id='word_1_496' title='bbox 1010 3564 1118 3637; x_wconf 85' lang='grc' dir='ltr'><strong>γάρ</strong></span> <span class='ocrx_word' id='word_1_497' title='bbox 1163 3566 1295 3623; x_wconf 70' lang='grc' dir='ltr'><strong>ἐστι,</strong></span> <span class='ocrx_word' id='word_1_498' title='bbox 1327 3567 1746 3640; x_wconf 80' lang='grc' dir='ltr'><strong>κεκαλυμμένον</strong></span> <span class='ocrx_word' id='word_1_499' title='bbox 1796 3570 1825 3623; x_wconf 84' lang='grc' dir='ltr'><strong>ὃ</strong></span> <span class='ocrx_word' id='word_1_500' title='bbox 1850 3572 1952 3627; x_wconf 77' lang='grc' dir='ltr'><strong>οὐκ</strong></span> 
     </span>
    </p>
   </div>
   <div class='ocr_carea' id='block_1_68' title="bbox 368 3647 1946 3732">
    <p class='ocr_par' dir='ltr' id='par_1_68' title="bbox 368 3647 1946 3732">
     <span class='ocr_line' id='line_1_68' title="bbox 368 3647 1946 3732; baseline 0.009 -31"><span class='ocrx_word' id='word_1_501' title='bbox 368 3647 922 3722; x_wconf 77' lang='grc' dir='ltr'><strong>ἀποκαλυφθήσεται,</strong></span> <span class='ocrx_word' id='word_1_502' title='bbox 948 3654 1042 3707; x_wconf 75' lang='grc' dir='ltr'><strong>καὶ</strong></span> <span class='ocrx_word' id='word_1_503' title='bbox 1067 3655 1307 3727; x_wconf 85' lang='grc' dir='ltr'><strong>κρυπτὸν</strong></span> <span class='ocrx_word' id='word_1_504' title='bbox 1326 3655 1355 3710; x_wconf 86' lang='grc' dir='ltr'><strong>ὃ</strong></span> <span class='ocrx_word' id='word_1_505' title='bbox 1394 3658 1453 3710; x_wconf 80' lang='grc' dir='ltr'><strong>οὐ</strong></span> <span class='ocrx_word' id='word_1_506' title='bbox 1490 3659 1893 3732; x_wconf 85' lang='grc' dir='ltr'><strong>γνωσθήσεται.</strong></span> <span class='ocrx_word' id='word_1_507' title='bbox 1928 3682 1946 3715; x_wconf 73' lang='grc' dir='ltr'><strong>ι</strong></span> 
     </span>
    </p>
   </div>
   <div class='ocr_carea' id='block_1_69' title="bbox 373 3742 1953 3825">
    <p class='ocr_par' dir='ltr' id='par_1_69' title="bbox 373 3742 1953 3825">
     <span class='ocr_line' id='line_1_69' title="bbox 373 3742 1953 3825; baseline 0.009 -31"><span class='ocrx_word' id='word_1_508' title='bbox 373 3742 829 3814; x_wconf 81' lang='grc' dir='ltr'><strong>Παραμυθετσθε,</strong></span> <span class='ocrx_word' id='word_1_509' title='bbox 864 3745 1054 3817; x_wconf 72' lang='grc' dir='ltr'><strong>φησιν,</strong></span> <span class='ocrx_word' id='word_1_510' title='bbox 1085 3747 1194 3803; x_wconf 79' lang='grc' dir='ltr'><strong>ἀπὸ</strong></span> <span class='ocrx_word' id='word_1_511' title='bbox 1222 3748 1329 3802; x_wconf 86' lang='grc' dir='ltr'><strong>τῶν</strong></span> <span class='ocrx_word' id='word_1_512' title='bbox 1353 3749 1504 3822; x_wconf 75' lang='grc' dir='ltr'>ἐμῶν</span> <span class='ocrx_word' id='word_1_513' title='bbox 1529 3767 1545 3783; x_wconf 87' lang='grc'><strong>·</strong></span> <span class='ocrx_word' id='word_1_514' title='bbox 1606 3755 1656 3805; x_wconf 84' lang='grc' dir='ltr'><strong>εἰ</strong></span> <span class='ocrx_word' id='word_1_515' title='bbox 1696 3754 1806 3825; x_wconf 77' lang='grc' dir='ltr'><strong>γὰρ</strong></span> <span class='ocrx_word' id='word_1_516' title='bbox 1850 3755 1953 3825; x_wconf 76' lang='grc' dir='ltr'><strong>ἐμὲ</strong></span> 
     </span>
    </p>
   </div>
   <div class='ocr_carea' id='block_1_70' title="bbox 350 3834 1954 3919">
    <p class='ocr_par' dir='ltr' id='par_1_70' title="bbox 350 3834 1954 3919">
     <span class='ocr_line' id='line_1_70' title="bbox 350 3834 1954 3919; baseline 0.01 -33"><span class='ocrx_word' id='word_1_517' title='bbox 350 3834 615 3905; x_wconf 70' lang='grc' dir='ltr'><strong>-ἄρχοντα</strong></span> <span class='ocrx_word' id='word_1_518' title='bbox 643 3835 753 3889; x_wconf 83' lang='grc' dir='ltr'><strong>τῶν</strong></span> <span class='ocrx_word' id='word_1_519' title='bbox 783 3837 1076 3907; x_wconf 81' lang='grc' dir='ltr'><strong>δαιμονίων</strong></span> <span class='ocrx_word' id='word_1_520' title='bbox 1106 3841 1397 3909; x_wconf 76' lang='grc' dir='ltr'><strong>ἐκάλεσαν,</strong></span> <span class='ocrx_word' id='word_1_521' title='bbox 1439 3842 1493 3895; x_wconf 88' lang='grc' dir='ltr'><strong>τί</strong></span> <span class='ocrx_word' id='word_1_522' title='bbox 1530 3843 1704 3899; x_wconf 76' lang='grc' dir='ltr'><strong>δεινὸν</strong></span> <span class='ocrx_word' id='word_1_523' title='bbox 1731 3848 1779 3900; x_wconf 89' lang='grc' dir='ltr'><strong>εί</strong></span> <span class='ocrx_word' id='word_1_524' title='bbox 1811 3848 1954 3919; x_wconf 81' lang='grc' dir='ltr'><strong>ὑμᾶς</strong></span> 
     </span>
    </p>
   </div>
   <div class='ocr_carea' id='block_1_71' title="bbox 368 3928 1958 4009">
    <p class='ocr_par' dir='ltr' id='par_1_71' title="bbox 368 3928 1958 4009">
     <span class='ocr_line' id='line_1_71' title="bbox 368 3928 1958 4009; baseline 0.008 -27"><span class='ocrx_word' id='word_1_525' title='bbox 368 3928 691 3983; x_wconf 81' lang='grc' dir='ltr'><strong>διαϐαλοῦσι</strong></span> <span class='ocrx_word' id='word_1_526' title='bbox 716 3930 845 3993; x_wconf 84' lang='grc' dir='ltr'><strong>τοὺς</strong></span> <span class='ocrx_word' id='word_1_527' title='bbox 870 3931 1104 3995; x_wconf 82' lang='grc' dir='ltr'><strong>οἰκείους</strong></span> <span class='ocrx_word' id='word_1_528' title='bbox 1121 3932 1245 4005; x_wconf 74' lang='grc' dir='ltr'><strong>ἐμοί</strong></span> <span class='ocrx_word' id='word_1_529' title='bbox 1269 3951 1284 4000; x_wconf 86' lang='grc'><strong>;</strong></span> <span class='ocrx_word' id='word_1_530' title='bbox 1311 3935 1606 3999; x_wconf 81' lang='grc' dir='ltr'><strong>Οἰκιακοὺς</strong></span> <span class='ocrx_word' id='word_1_531' title='bbox 1627 3938 1736 4009; x_wconf 82' lang='grc' dir='ltr'><strong>γάρ</strong></span> <span class='ocrx_word' id='word_1_532' title='bbox 1761 3940 1958 4004; x_wconf 77' lang='grc' dir='ltr'><strong>αὐτοὺς</strong></span> 
     </span>
    </p>
   </div>
   <div class='ocr_carea' id='block_1_72' title="bbox 368 4024 1959 4102">
    <p class='ocr_par' dir='ltr' id='par_1_72' title="bbox 368 4024 1959 4102">
     <span class='ocr_line' id='line_1_72' title="bbox 368 4024 1959 4102; baseline 0.01 -27"><span class='ocrx_word' id='word_1_533' title='bbox 368 4024 659 4080; x_wconf 71' lang='grc' dir='ltr'><strong>ἐκάλεσεν.</strong></span> <span class='ocrx_word' id='word_1_534' title='bbox 691 4025 833 4081; x_wconf 80' lang='grc' dir='ltr'><strong>Ἀλλ’</strong></span> <span class='ocrx_word' id='word_1_535' title='bbox 860 4026 923 4080; x_wconf 85' lang='grc' dir='ltr'><strong>οὐ</strong></span> <span class='ocrx_word' id='word_1_536' title='bbox 953 4026 1194 4097; x_wconf 80' lang='grc' dir='ltr'><strong>δούλους,</strong></span> <span class='ocrx_word' id='word_1_537' title='bbox 1214 4028 1314 4101; x_wconf 79' lang='grc' dir='ltr'><strong>τὴν</strong></span> <span class='ocrx_word' id='word_1_538' title='bbox 1345 4031 1482 4102; x_wconf 84' lang='grc' dir='ltr'><strong>πρὸς</strong></span> <span class='ocrx_word' id='word_1_539' title='bbox 1510 4032 1710 4097; x_wconf 76' lang='grc' dir='ltr'><strong>αὐτοὺς</strong></span> <span class='ocrx_word' id='word_1_540' title='bbox 1743 4035 1959 4100; x_wconf 82' lang='grc' dir='ltr'><strong>δεικνὺς</strong></span> 
     </span>
    </p>
   </div>
   <div class='ocr_carea' id='block_1_73' title="bbox 371 4117 1959 4198">
    <p class='ocr_par' dir='ltr' id='par_1_73' title="bbox 371 4117 1959 4198">
     <span class='ocr_line' id='line_1_73' title="bbox 371 4117 1959 4198; baseline 0.008 -29"><span class='ocrx_word' id='word_1_541' title='bbox 371 4117 711 4188; x_wconf 86' lang='grc' dir='ltr'><strong>οἰκειότητα.</strong></span> <span class='ocrx_word' id='word_1_542' title='bbox 759 4117 924 4174; x_wconf 79' lang='grc' dir='ltr'><strong>Ἀλλά</strong></span> <span class='ocrx_word' id='word_1_543' title='bbox 947 4118 1220 4193; x_wconf 70' lang='grc' dir='ltr'><strong>θαρρεῖτε.</strong></span> <span class='ocrx_word' id='word_1_544' title='bbox 1251 4123 1325 4176; x_wconf 78' lang='grc' dir='ltr'><strong>Οὐ</strong></span> <span class='ocrx_word' id='word_1_545' title='bbox 1355 4123 1463 4194; x_wconf 81' lang='grc' dir='ltr'><strong>γὰρ</strong></span> <span class='ocrx_word' id='word_1_546' title='bbox 1513 4124 1547 4197; x_wconf 79' lang='grc' dir='ltr'><strong>ἡ</strong></span> <span class='ocrx_word' id='word_1_547' title='bbox 1577 4124 1805 4196; x_wconf 70' lang='grc' dir='ltr'><strong>ἀλήθεια</strong></span> <span class='ocrx_word' id='word_1_548' title='bbox 1829 4145 1959 4198; x_wconf 87' lang='grc' dir='ltr'><strong>συγ-</strong></span> 
     </span>
    </p>
   </div>
   <div class='ocr_carea' id='block_1_74' title="bbox 373 4207 1958 4291">
    <p class='ocr_par' dir='ltr' id='par_1_74' title="bbox 373 4207 1958 4291">
     <span class='ocr_line' id='line_1_74' title="bbox 373 4207 1958 4291; baseline 0.011 -32"><span class='ocrx_word' id='word_1_549' title='bbox 373 4207 739 4280; x_wconf 80' lang='grc' dir='ltr'><strong>κρυϐήσεται,</strong></span> <span class='ocrx_word' id='word_1_550' title='bbox 765 4209 882 4263; x_wconf 82' lang='grc' dir='ltr'><strong>ἀλλ’</strong></span> <span class='ocrx_word' id='word_1_551' title='bbox 907 4211 936 4264; x_wconf 87' lang='grc' dir='ltr'><strong>ό</strong></span> <span class='ocrx_word' id='word_1_552' title='bbox 961 4210 1153 4282; x_wconf 84' lang='grc' dir='ltr'><strong>χρόνος</strong></span> <span class='ocrx_word' id='word_1_553' title='bbox 1187 4212 1350 4279; x_wconf 81' lang='grc' dir='ltr'><strong>δείξει</strong></span> <span class='ocrx_word' id='word_1_554' title='bbox 1393 4215 1487 4269; x_wconf 76' lang='grc' dir='ltr'><strong>καὶ</strong></span> <span class='ocrx_word' id='word_1_555' title='bbox 1508 4215 1606 4288; x_wconf 81' lang='grc' dir='ltr'><strong>τὴν</strong></span> <span class='ocrx_word' id='word_1_556' title='bbox 1640 4218 1794 4289; x_wconf 80' lang='grc' dir='ltr'>ὑμῶν</span> <span class='ocrx_word' id='word_1_557' title='bbox 1824 4220 1958 4291; x_wconf 79' lang='grc' dir='ltr'><strong>ἀρε-</strong></span> 
     </span>
    </p>
   </div>
   <div class='ocr_carea' id='block_1_75' title="bbox 374 4300 1960 4383">
    <p class='ocr_par' dir='ltr' id='par_1_75' title="bbox 374 4300 1960 4383">
     <span class='ocr_line' id='line_1_75' title="bbox 374 4300 1960 4383; baseline 0.009 -29"><span class='ocrx_word' id='word_1_558' title='bbox 374 4300 505 4372; x_wconf 79' lang='grc' dir='ltr'><strong>τὴν,</strong></span> <span class='ocrx_word' id='word_1_559' title='bbox 531 4302 625 4356; x_wconf 73' lang='grc' dir='ltr'><strong>καὶ</strong></span> <span class='ocrx_word' id='word_1_560' title='bbox 647 4301 746 4374; x_wconf 75' lang='grc' dir='ltr'><strong>τὴν</strong></span> <span class='ocrx_word' id='word_1_561' title='bbox 775 4302 887 4356; x_wconf 82' lang='grc' dir='ltr'><strong>τῶν</strong></span> <span class='ocrx_word' id='word_1_562' title='bbox 913 4302 1313 4363; x_wconf 83' lang='grc' dir='ltr'><strong>διαϐαλλόντων</strong></span> <span class='ocrx_word' id='word_1_563' title='bbox 1360 4307 1584 4374; x_wconf 84' lang='grc' dir='ltr'><strong>κακίαν,</strong></span> <span class='ocrx_word' id='word_1_564' title='bbox 1613 4310 1676 4364; x_wconf 77' lang='grc' dir='ltr'><strong>οὐ</strong></span> <span class='ocrx_word' id='word_1_565' title='bbox 1706 4312 1815 4383; x_wconf 78' lang='grc' dir='ltr'><strong>γάρ</strong></span> <span class='ocrx_word' id='word_1_566' title='bbox 1844 4314 1960 4371; x_wconf 78' lang='grc' dir='ltr'><strong>ἐστι</strong></span> 
     </span>
    </p>
   </div>
   <div class='ocr_carea' id='block_1_76' title="bbox 376 4393 1962 4474">
    <p class='ocr_par' dir='ltr' id='par_1_76' title="bbox 376 4393 1962 4474">
     <span class='ocr_line' id='line_1_76' title="bbox 376 4393 1962 4474; baseline 0.008 -27"><span class='ocrx_word' id='word_1_567' title='bbox 376 4393 626 4463; x_wconf 73' lang='grc' dir='ltr'><strong>κρυπτὸν</strong></span> <span class='ocrx_word' id='word_1_568' title='bbox 650 4393 679 4447; x_wconf 82' lang='grc' dir='ltr'><strong>ὃ</strong></span> <span class='ocrx_word' id='word_1_569' title='bbox 705 4394 766 4448; x_wconf 86' lang='grc' dir='ltr'><strong>οὗ</strong></span> <span class='ocrx_word' id='word_1_570' title='bbox 795 4395 1171 4467; x_wconf 75' lang='grc' dir='ltr'><strong>γνωσθήσεται</strong></span> <span class='ocrx_word' id='word_1_571' title='bbox 1191 4413 1205 4429; x_wconf 80' lang='grc'><em>’</em></span> <span class='ocrx_word' id='word_1_572' title='bbox 1237 4397 1379 4453; x_wconf 81' lang='grc' dir='ltr'><strong>ὥστε</strong></span> <span class='ocrx_word' id='word_1_573' title='bbox 1401 4401 1450 4453; x_wconf 79' lang='grc' dir='ltr'><strong>εἰ</strong></span> <span class='ocrx_word' id='word_1_574' title='bbox 1472 4401 1568 4455; x_wconf 76' lang='grc' dir='ltr'><strong>καὶ</strong></span> <span class='ocrx_word' id='word_1_575' title='bbox 1590 4401 1962 4474; x_wconf 81' lang='grc' dir='ltr'><strong>διαϐαλοῦσιν,</strong></span> 
     </span>
    </p>
   </div>
   <div class='ocr_carea' id='block_1_77' title="bbox 378 4482 1312 4557">
    <p class='ocr_par' dir='ltr' id='par_1_77' title="bbox 378 4482 1312 4557">
     <span class='ocr_line' id='line_1_77' title="bbox 378 4482 1312 4557; baseline 0.006 -19"><span class='ocrx_word' id='word_1_576' title='bbox 378 4484 500 4539; x_wconf 77' lang='grc' dir='ltr'><strong>ἀλλ’</strong></span> <span class='ocrx_word' id='word_1_577' title='bbox 540 4482 765 4556; x_wconf 80' lang='grc' dir='ltr'><strong>ὕστερον</strong></span> <span class='ocrx_word' id='word_1_578' title='bbox 795 4484 1114 4556; x_wconf 53' lang='grc' dir='ltr'><strong>γνωριοῦσιν</strong></span> <span class='ocrx_word' id='word_1_579' title='bbox 1146 4486 1312 4557; x_wconf 73' lang='grc' dir='ltr'><strong>ὑμᾶς.</strong></span> 
     </span>
    </p>
   </div>
   <div class='ocr_carea' id='block_1_78' title="bbox 459 4675 1960 4749">
    <p class='ocr_par' dir='ltr' id='par_1_78' title="bbox 459 4675 1960 4749">
     <span class='ocr_line' id='line_1_78' title="bbox 459 4675 1960 4749; baseline 0.001 -19"><span class='ocrx_word' id='word_1_580' title='bbox 459 4697 479 4730; x_wconf 72' lang='grc' dir='ltr'>ι</span> <span class='ocrx_word' id='word_1_581' title='bbox 517 4680 582 4733; x_wconf 89' lang='lat'><strong>’0</strong></span> <span class='ocrx_word' id='word_1_582' title='bbox 603 4677 745 4745; x_wconf 75' lang='grc' dir='ltr'><strong>λέγω</strong></span> <span class='ocrx_word' id='word_1_583' title='bbox 772 4678 900 4747; x_wconf 77' lang='grc' dir='ltr'>ὑμῖν</span> <span class='ocrx_word' id='word_1_584' title='bbox 928 4677 985 4732; x_wconf 72' lang='grc' dir='ltr'><strong>ἐν</strong></span> <span class='ocrx_word' id='word_1_585' title='bbox 1010 4679 1075 4749; x_wconf 78' lang='grc' dir='ltr'><strong>τῇ</strong></span> <span class='ocrx_word' id='word_1_586' title='bbox 1116 4676 1327 4748; x_wconf 73' lang='grc' dir='ltr'><strong>σκοτίᾳ,</strong></span> <span class='ocrx_word' id='word_1_587' title='bbox 1368 4675 1556 4731; x_wconf 71' lang='grc' dir='ltr'><strong>εἴπατε</strong></span> <span class='ocrx_word' id='word_1_588' title='bbox 1602 4676 1661 4730; x_wconf 79' lang='grc' dir='ltr'><strong>ὲν</strong></span> <span class='ocrx_word' id='word_1_589' title='bbox 1691 4676 1770 4747; x_wconf 85' lang='grc' dir='ltr'><strong>τῷ</strong></span> <span class='ocrx_word' id='word_1_590' title='bbox 1800 4677 1960 4745; x_wconf 82' lang='grc' dir='ltr'><strong>φωτί.</strong></span> 
     </span>
    </p>
   </div>
   <div class='ocr_carea' id='block_1_79' title="bbox 382 4766 1963 4841">
    <p class='ocr_par' dir='ltr' id='par_1_79' title="bbox 382 4766 1963 4841">
     <span class='ocr_line' id='line_1_79' title="bbox 382 4766 1963 4841; baseline 0.001 -19"><span class='ocrx_word' id='word_1_591' title='bbox 382 4769 498 4823; x_wconf 73' lang='grc' dir='ltr'><strong>Καὶ</strong></span> <span class='ocrx_word' id='word_1_592' title='bbox 517 4768 546 4821; x_wconf 87' lang='grc' dir='ltr'><strong>ὃ</strong></span> <span class='ocrx_word' id='word_1_593' title='bbox 571 4770 652 4832; x_wconf 83' lang='grc' dir='ltr'><strong>είς</strong></span> <span class='ocrx_word' id='word_1_594' title='bbox 680 4769 743 4821; x_wconf 79' lang='grc' dir='ltr'><strong>τὸ</strong></span> <span class='ocrx_word' id='word_1_595' title='bbox 779 4767 873 4831; x_wconf 76' lang='grc' dir='ltr'><strong>οὓς</strong></span> <span class='ocrx_word' id='word_1_596' title='bbox 893 4767 1144 4835; x_wconf 78' lang='grc' dir='ltr'><strong>ἀκούετε,</strong></span> <span class='ocrx_word' id='word_1_597' title='bbox 1198 4767 1473 4841; x_wconf 82' lang='grc' dir='ltr'><strong>κηρύξατε</strong></span> <span class='ocrx_word' id='word_1_598' title='bbox 1513 4768 1605 4832; x_wconf 51' lang='lat' dir='ltr'><strong>Qui.</strong></span> <span class='ocrx_word' id='word_1_599' title='bbox 1639 4766 1749 4823; x_wconf 84' lang='grc' dir='ltr'><strong>τῶν</strong></span> <span class='ocrx_word' id='word_1_600' title='bbox 1780 4769 1963 4841; x_wconf 85' lang='grc' dir='ltr'><strong>δωμά-</strong></span> 
     </span>
    </p>
   </div>
   <div class='ocr_carea' id='block_1_80' title="bbox 380 4849 1964 4928">
    <p class='ocr_par' dir='ltr' id='par_1_80' title="bbox 380 4849 1964 4928">
     <span class='ocr_line' id='line_1_80' title="bbox 380 4849 1964 4928; baseline 0.002 -19"><span class='ocrx_word' id='word_1_601' title='bbox 380 4874 512 4912; x_wconf 85' lang='grc' dir='ltr'><strong>των.</strong></span> <span class='ocrx_word' id='word_1_602' title='bbox 542 4876 561 4910; x_wconf 72' lang='grc' dir='ltr'><strong>ι</strong></span> <span class='ocrx_word' id='word_1_603' title='bbox 602 4857 801 4928; x_wconf 76' lang='grc' dir='ltr'><strong>Ἀπερ,</strong></span> <span class='ocrx_word' id='word_1_604' title='bbox 837 4859 993 4927; x_wconf 70' lang='grc' dir='ltr'><strong>φησὶ,</strong></span> <span class='ocrx_word' id='word_1_605' title='bbox 1035 4858 1219 4927; x_wconf 78' lang='grc' dir='ltr'><strong>μόνοις</strong></span> <span class='ocrx_word' id='word_1_606' title='bbox 1250 4858 1378 4927; x_wconf 81' lang='grc' dir='ltr'>ὑμῖν</span> <span class='ocrx_word' id='word_1_607' title='bbox 1434 4849 1609 4920; x_wconf 74' lang='grc' dir='ltr'><strong>εἷπον,</strong></span> <span class='ocrx_word' id='word_1_608' title='bbox 1656 4857 1751 4910; x_wconf 81' lang='grc' dir='ltr'><strong>καί</strong></span> <span class='ocrx_word' id='word_1_609' title='bbox 1778 4858 1836 4910; x_wconf 81' lang='grc' dir='ltr'><strong>ὲν</strong></span> <span class='ocrx_word' id='word_1_610' title='bbox 1883 4858 1964 4912; x_wconf 76' lang='grc' dir='ltr'><strong>ἑνὶ</strong></span> 
     </span>
    </p>
   </div>
   <div class='ocr_carea' id='block_1_81' title="bbox 380 4936 1963 5022">
    <p class='ocr_par' dir='ltr' id='par_1_81' title="bbox 380 4936 1963 5022">
     <span class='ocr_line' id='line_1_81' title="bbox 380 4936 1963 5022; baseline 0.003 -21"><span class='ocrx_word' id='word_1_611' title='bbox 380 4950 558 5020; x_wconf 81' lang='grc' dir='ltr'><strong>τόπῳ,</strong></span> <span class='ocrx_word' id='word_1_612' title='bbox 587 4947 744 5004; x_wconf 79' lang='grc' dir='ltr'><strong>τοῦτο</strong></span> <span class='ocrx_word' id='word_1_613' title='bbox 774 4949 885 5022; x_wconf 86' lang='grc' dir='ltr'><strong>γάρ</strong></span> <span class='ocrx_word' id='word_1_614' title='bbox 919 4949 1033 5004; x_wconf 69' lang='grc' dir='ltr'><strong>ἐστι</strong></span> <span class='ocrx_word' id='word_1_615' title='bbox 1057 4949 1119 5003; x_wconf 79' lang='grc' dir='ltr'><strong>τὸ</strong></span> <span class='ocrx_word' id='word_1_616' title='bbox 1140 4949 1275 5020; x_wconf 82' lang='grc' dir='ltr'><strong>πρὸς</strong></span> <span class='ocrx_word' id='word_1_617' title='bbox 1307 4949 1369 5003; x_wconf 82' lang='grc' dir='ltr'><strong>τὸ</strong></span> <span class='ocrx_word' id='word_1_618' title='bbox 1406 4943 1499 5012; x_wconf 78' lang='grc' dir='ltr'><strong>οὖς</strong></span> <span class='ocrx_word' id='word_1_619' title='bbox 1526 4936 1619 5004; x_wconf 67' lang='grc' dir='ltr'><strong>καὶ</strong></span> <span class='ocrx_word' id='word_1_620' title='bbox 1647 4950 1705 5004; x_wconf 74' lang='grc' dir='ltr'><strong>ὲν</strong></span> <span class='ocrx_word' id='word_1_621' title='bbox 1736 4952 1801 5021; x_wconf 81' lang='grc' dir='ltr'><strong>τῇ</strong></span> <span class='ocrx_word' id='word_1_622' title='bbox 1832 4968 1963 5005; x_wconf 88' lang='grc' dir='ltr'><strong>σκο-</strong></span> 
     </span>
    </p>
   </div>
   <div class='ocr_carea' id='block_1_82' title="bbox 379 5040 1960 5114">
    <p class='ocr_par' dir='ltr' id='par_1_82' title="bbox 379 5040 1960 5114">
     <span class='ocr_line' id='line_1_82' title="bbox 379 5040 1960 5114; baseline 0.001 -20"><span class='ocrx_word' id='word_1_623' title='bbox 379 5040 663 5111; x_wconf 75' lang='grc' dir='ltr'><strong>τίᾳ.μετ.ἰ</strong></span> <span class='ocrx_word' id='word_1_624' title='bbox 714 5040 1030 5114; x_wconf 73' lang='grc' dir='ltr'><strong>παρρησίας</strong></span> <span class='ocrx_word' id='word_1_625' title='bbox 1080 5040 1326 5106; x_wconf 63' lang='grc' dir='ltr'><strong>διδάξετε</strong></span> <span class='ocrx_word' id='word_1_626' title='bbox 1378 5040 1471 5095; x_wconf 72' lang='grc' dir='ltr'><strong>καὶ</strong></span> <span class='ocrx_word' id='word_1_627' title='bbox 1538 5040 1960 5113; x_wconf 73' lang='grc' dir='ltr'><strong>μεγαλοφώνως,</strong></span> 
     </span>
    </p>
   </div>
   <div class='ocr_carea' id='block_1_83' title="bbox 384 5131 1963 5207">
    <p class='ocr_par' dir='ltr' id='par_1_83' title="bbox 384 5131 1963 5207">
     <span class='ocr_line' id='line_1_83' title="bbox 384 5131 1963 5207; baseline 0 -21"><span class='ocrx_word' id='word_1_628' title='bbox 384 5133 527 5187; x_wconf 78' lang='grc' dir='ltr'><strong>ὥστε</strong></span> <span class='ocrx_word' id='word_1_629' title='bbox 553 5131 763 5197; x_wconf 80' lang='grc' dir='ltr'><strong>πάντας</strong></span> <span class='ocrx_word' id='word_1_630' title='bbox 796 5132 1018 5186; x_wconf 77' lang='grc' dir='ltr'><strong>ἀκούειν</strong></span> <span class='ocrx_word' id='word_1_631' title='bbox 1066 5132 1243 5203; x_wconf 59' lang='grc' dir='ltr'><strong>ὑμῶν,</strong></span> <span class='ocrx_word' id='word_1_632' title='bbox 1277 5132 1436 5185; x_wconf 69' lang='grc' dir='ltr'><strong>Ἐπεὶ</strong></span> <span class='ocrx_word' id='word_1_633' title='bbox 1487 5131 1544 5187; x_wconf 82' lang='grc' dir='ltr'><strong>δὲ</strong></span> <span class='ocrx_word' id='word_1_634' title='bbox 1572 5134 1639 5204; x_wconf 77' lang='grc' dir='ltr'><strong>τῇ</strong></span> <span class='ocrx_word' id='word_1_635' title='bbox 1680 5134 1963 5207; x_wconf 72' lang='grc' dir='ltr'><strong>παρρησίᾳ</strong></span> 
     </span>
    </p>
   </div>
   <div class='ocr_carea' id='block_1_84' title="bbox 382 5224 1284 5292">
    <p class='ocr_par' dir='ltr' id='par_1_84' title="bbox 382 5224 1284 5292">
     <span class='ocr_line' id='line_1_84' title="bbox 382 5224 1284 5292; baseline 0 -14"><span class='ocrx_word' id='word_1_636' title='bbox 382 5225 609 5278; x_wconf 70' lang='grc' dir='ltr'><strong>ἕπονται</strong></span> <span class='ocrx_word' id='word_1_637' title='bbox 630 5224 723 5279; x_wconf 74' lang='grc' dir='ltr'><strong>καὶ</strong></span> <span class='ocrx_word' id='word_1_638' title='bbox 752 5224 1007 5287; x_wconf 83' lang='grc' dir='ltr'><strong>κίνδυνοι,</strong></span> <span class='ocrx_word' id='word_1_639' title='bbox 1038 5224 1236 5292; x_wconf 75' lang='grc' dir='ltr'><strong>ἐπάγει</strong></span> <span class='ocrx_word' id='word_1_640' title='bbox 1271 5240 1284 5255; x_wconf 91' lang='grc'><strong>·</strong></span> 
     </span>
    </p>
   </div>
   <div class='ocr_carea' id='block_1_85' title="bbox 462 5315 1965 5389">
    <p class='ocr_par' dir='ltr' id='par_1_85' title="bbox 462 5315 1965 5389">
     <span class='ocr_line' id='line_1_85' title="bbox 462 5315 1965 5389; baseline 0.003 -21"><span class='ocrx_word' id='word_1_641' title='bbox 462 5335 483 5368; x_wconf 75' lang='grc' dir='ltr'><strong>ε</strong></span> <span class='ocrx_word' id='word_1_642' title='bbox 525 5316 636 5371; x_wconf 77' lang='grc' dir='ltr'><strong>Καὶ</strong></span> <span class='ocrx_word' id='word_1_643' title='bbox 688 5315 764 5387; x_wconf 83' lang='grc' dir='ltr'><strong>μὴ</strong></span> <span class='ocrx_word' id='word_1_644' title='bbox 798 5315 1072 5389; x_wconf 82' lang='grc' dir='ltr'><strong>φοϐηθῆτε</strong></span> <span class='ocrx_word' id='word_1_645' title='bbox 1126 5317 1235 5372; x_wconf 84' lang='grc' dir='ltr'><strong>άπὸ</strong></span> <span class='ocrx_word' id='word_1_646' title='bbox 1284 5316 1395 5371; x_wconf 81' lang='grc' dir='ltr'><strong>τῶν</strong></span> <span class='ocrx_word' id='word_1_647' title='bbox 1440 5316 1872 5373; x_wconf 82' lang='grc' dir='ltr'><strong>ἀποκτεινόντων</strong></span> <span class='ocrx_word' id='word_1_648' title='bbox 1902 5318 1965 5373; x_wconf 76' lang='grc' dir='ltr'><strong>τὸ</strong></span> 
     </span>
    </p>
   </div>
   <div class='ocr_carea' id='block_1_86' title="bbox 387 5404 1962 5480">
    <p class='ocr_par' dir='ltr' id='par_1_86' title="bbox 387 5404 1962 5480">
     <span class='ocr_line' id='line_1_86' title="bbox 387 5404 1962 5480; baseline 0.002 -20"><span class='ocrx_word' id='word_1_649' title='bbox 387 5407 568 5475; x_wconf 85' lang='grc' dir='ltr'><strong>σῶμα,</strong></span> <span class='ocrx_word' id='word_1_650' title='bbox 600 5405 700 5475; x_wconf 80' lang='grc' dir='ltr'><strong>τὴν</strong></span> <span class='ocrx_word' id='word_1_651' title='bbox 739 5406 796 5460; x_wconf 83' lang='grc' dir='ltr'><strong>δὲ</strong></span> <span class='ocrx_word' id='word_1_652' title='bbox 822 5406 1003 5480; x_wconf 72' lang='grc' dir='ltr'><strong>ψυχὴν</strong></span> <span class='ocrx_word' id='word_1_653' title='bbox 1033 5408 1108 5479; x_wconf 75' lang='grc' dir='ltr'><strong>μὴ</strong></span> <span class='ocrx_word' id='word_1_654' title='bbox 1139 5404 1452 5479; x_wconf 77' lang='grc' dir='ltr'><strong>δυναμένων</strong></span> <span class='ocrx_word' id='word_1_655' title='bbox 1484 5408 1825 5476; x_wconf 83' lang='grc' dir='ltr'><strong>ἀποκτεῖναι,</strong></span> <span class='ocrx_word' id='word_1_656' title='bbox 1862 5427 1962 5480; x_wconf 76' lang='grc' dir='ltr'><strong>φο-</strong></span> 
     </span>
    </p>
   </div>
   <div class='ocr_carea' id='block_1_87' title="bbox 385 5499 1967 5572">
    <p class='ocr_par' dir='ltr' id='par_1_87' title="bbox 385 5499 1967 5572">
     <span class='ocr_line' id='line_1_87' title="bbox 385 5499 1967 5572; baseline 0.003 -21"><span class='ocrx_word' id='word_1_657' title='bbox 385 5499 590 5570; x_wconf 79' lang='grc' dir='ltr'><strong>ϐήθητε</strong></span> <span class='ocrx_word' id='word_1_658' title='bbox 617 5499 674 5555; x_wconf 71' lang='grc' dir='ltr'><strong>δὲ</strong></span> <span class='ocrx_word' id='word_1_659' title='bbox 703 5500 906 5571; x_wconf 83' lang='grc' dir='ltr'><strong>μᾶλλον</strong></span> <span class='ocrx_word' id='word_1_660' title='bbox 933 5500 1024 5553; x_wconf 80' lang='grc' dir='ltr'><strong>τὸν</strong></span> <span class='ocrx_word' id='word_1_661' title='bbox 1048 5500 1344 5570; x_wconf 80' lang='grc' dir='ltr'><strong>δυνάμενον</strong></span> <span class='ocrx_word' id='word_1_662' title='bbox 1361 5499 1454 5554; x_wconf 75' lang='grc' dir='ltr'><strong>καὶ</strong></span> <span class='ocrx_word' id='word_1_663' title='bbox 1480 5499 1658 5572; x_wconf 77' lang='grc' dir='ltr'><strong>ψυχὴν</strong></span> <span class='ocrx_word' id='word_1_664' title='bbox 1677 5501 1773 5554; x_wconf 74' lang='grc' dir='ltr'><strong>καὶ</strong></span> <span class='ocrx_word' id='word_1_665' title='bbox 1801 5500 1967 5572; x_wconf 82' lang='grc' dir='ltr'><strong>σῶμα</strong></span> 
     </span>
    </p>
   </div>
   <div class='ocr_carea' id='block_1_88' title="bbox 383 5591 1967 5665">
    <p class='ocr_par' dir='ltr' id='par_1_88' title="bbox 383 5591 1967 5665">
     <span class='ocr_line' id='line_1_88' title="bbox 383 5591 1967 5665; baseline 0.001 -20"><span class='ocrx_word' id='word_1_666' title='bbox 383 5591 654 5649; x_wconf 67' lang='grc' dir='ltr'><strong>ἀπολέσαι</strong></span> <span class='ocrx_word' id='word_1_667' title='bbox 680 5592 739 5646; x_wconf 76' lang='grc' dir='ltr'><strong>ὲν</strong></span> <span class='ocrx_word' id='word_1_668' title='bbox 754 5592 966 5665; x_wconf 80' lang='grc' dir='ltr'><strong>γεέννῃ.</strong></span> <span class='ocrx_word' id='word_1_669' title='bbox 984 5610 1007 5645; x_wconf 74' lang='grc' dir='ltr'><strong>ι</strong></span> <span class='ocrx_word' id='word_1_670' title='bbox 1037 5592 1290 5647; x_wconf 80' lang='grc' dir='ltr'><strong>Διδάσκει</strong></span> <span class='ocrx_word' id='word_1_671' title='bbox 1316 5593 1412 5646; x_wconf 68' lang='grc' dir='ltr'><strong>καὶ</strong></span> <span class='ocrx_word' id='word_1_672' title='bbox 1429 5591 1662 5647; x_wconf 88' lang='grc' dir='ltr'><strong>θανάτου</strong></span> <span class='ocrx_word' id='word_1_673' title='bbox 1687 5610 1967 5663; x_wconf 82' lang='grc' dir='ltr'><strong>καταφρο-</strong></span> 
     </span>
    </p>
   </div>
   <div class='ocr_carea' id='block_1_89' title="bbox 383 5682 1961 5758">
    <p class='ocr_par' dir='ltr' id='par_1_89' title="bbox 383 5682 1961 5758">
     <span class='ocr_line' id='line_1_89' title="bbox 383 5682 1961 5758; baseline 0.008 -23"><span class='ocrx_word' id='word_1_674' title='bbox 383 5684 498 5735; x_wconf 82' lang='grc' dir='ltr'>νεῖν</span> <span class='ocrx_word' id='word_1_675' title='bbox 518 5697 534 5714; x_wconf 81' lang='grc' dir='ltr'><strong>ο</strong></span> <span class='ocrx_word' id='word_1_676' title='bbox 576 5682 930 5754; x_wconf 75' lang='grc' dir='ltr'><strong>φοϐερωτέρα</strong></span> <span class='ocrx_word' id='word_1_677' title='bbox 950 5682 1081 5755; x_wconf 86' lang='grc' dir='ltr'><strong>γὰρ,</strong></span> <span class='ocrx_word' id='word_1_678' title='bbox 1115 5684 1303 5756; x_wconf 68' lang='grc' dir='ltr'>φησὶν,</span> <span class='ocrx_word' id='word_1_679' title='bbox 1338 5684 1372 5755; x_wconf 76' lang='grc' dir='ltr'>ἡ</span> <span class='ocrx_word' id='word_1_680' title='bbox 1399 5684 1457 5737; x_wconf 78' lang='grc' dir='ltr'><strong>ὲν</strong></span> <span class='ocrx_word' id='word_1_681' title='bbox 1493 5682 1690 5758; x_wconf 79' lang='grc' dir='ltr'><strong>γεέννῃ</strong></span> <span class='ocrx_word' id='word_1_682' title='bbox 1709 5684 1961 5748; x_wconf 77' lang='grc' dir='ltr'><strong>κόλασι;’</strong></span> 
     </span>
    </p>
   </div>
   <div class='ocr_carea' id='block_1_90' title="bbox 383 5772 1964 5849">
    <p class='ocr_par' dir='ltr' id='par_1_90' title="bbox 383 5772 1964 5849">
     <span class='ocr_line' id='line_1_90' title="bbox 383 5772 1964 5849; baseline 0.003 -24"><span class='ocrx_word' id='word_1_683' title='bbox 383 5775 431 5826; x_wconf 74' lang='grc' dir='ltr'><strong>οἰ</strong></span> <span class='ocrx_word' id='word_1_684' title='bbox 466 5772 567 5842; x_wconf 80' lang='grc' dir='ltr'><strong>μὲν</strong></span> <span class='ocrx_word' id='word_1_685' title='bbox 602 5774 712 5849; x_wconf 73' lang='grc' dir='ltr'><strong>γὰρ</strong></span> <span class='ocrx_word' id='word_1_686' title='bbox 767 5774 1123 5839; x_wconf 74' lang='grc' dir='ltr'><strong>θανατοῦντες</strong></span> <span class='ocrx_word' id='word_1_687' title='bbox 1187 5774 1354 5847; x_wconf 86' lang='grc' dir='ltr'><strong>μόνης</strong></span> <span class='ocrx_word' id='word_1_688' title='bbox 1437 5775 1638 5848; x_wconf 79' lang='grc' dir='ltr'><strong>σαρκὸς</strong></span> <span class='ocrx_word' id='word_1_689' title='bbox 1686 5776 1964 5831; x_wconf 70' lang='grc' dir='ltr'><strong>ποιοῦνται</strong></span> 
     </span>
    </p>
   </div>
   <div class='ocr_carea' id='block_1_91' title="bbox 386 5865 1966 5941">
    <p class='ocr_par' dir='ltr' id='par_1_91' title="bbox 386 5865 1966 5941">
     <span class='ocr_line' id='line_1_91' title="bbox 386 5865 1966 5941; baseline 0.004 -26"><span class='ocrx_word' id='word_1_690' title='bbox 386 5866 618 5937; x_wconf 40' lang='lat' dir='ltr'><strong>ccupas,</strong></span> <span class='ocrx_word' id='word_1_691' title='bbox 657 5866 750 5939; x_wconf 72' lang='grc' dir='ltr'><strong>τὴν</strong></span> <span class='ocrx_word' id='word_1_692' title='bbox 778 5866 833 5919; x_wconf 65' lang='grc' dir='ltr'><strong>δξ</strong></span> <span class='ocrx_word' id='word_1_693' title='bbox 865 5865 1043 5939; x_wconf 66' lang='grc' dir='ltr'><strong>ψυχὴν</strong></span> <span class='ocrx_word' id='word_1_694' title='bbox 1088 5868 1247 5940; x_wconf 64' lang='grc' dir='ltr'><strong>τυχὸν</strong></span> <span class='ocrx_word' id='word_1_695' title='bbox 1280 5869 1369 5922; x_wconf 63' lang='grc' dir='ltr'><strong>κτλ</strong></span> <span class='ocrx_word' id='word_1_696' title='bbox 1398 5867 1810 5941; x_wconf 74' lang='grc' dir='ltr'><strong>εὐεργετοῦσινο</strong></span> <span class='ocrx_word' id='word_1_697' title='bbox 1851 5871 1879 5922; x_wconf 81' lang='grc' dir='ltr'><strong>ό</strong></span> <span class='ocrx_word' id='word_1_698' title='bbox 1909 5868 1966 5923; x_wconf 77' lang='grc' dir='ltr'><strong>δὲ</strong></span> 
     </span>
    </p>
   </div>
   <div class='ocr_carea' id='block_1_92' title="bbox 2052 3299 2993 3371">
    <p class='ocr_par' dir='ltr' id='par_1_92' title="bbox 2052 3299 2993 3371">
     <span class='ocr_line' id='line_1_92' title="bbox 2052 3299 2993 3371; baseline -0.009 -12"><span class='ocrx_word' id='word_1_699' title='bbox 2052 3319 2158 3359; x_wconf 89' lang='lat' dir='ltr'><strong>non</strong></span> <span class='ocrx_word' id='word_1_700' title='bbox 2187 3303 2292 3358; x_wconf 79' lang='lat' dir='ltr'><strong>erit</strong></span> <span class='ocrx_word' id='word_1_701' title='bbox 2315 3313 2477 3371; x_wconf 81' lang='lat' dir='ltr'><strong>supra</strong></span> <span class='ocrx_word' id='word_1_702' title='bbox 2511 3299 2785 3354; x_wconf 88' lang='lat' dir='ltr'><strong>dominum</strong></span> <span class='ocrx_word' id='word_1_703' title='bbox 2812 3313 2993 3354; x_wconf 90' lang='lat' dir='ltr'><strong>suum.</strong></span> 
     </span>
    </p>
   </div>
   <div class='ocr_carea' id='block_1_93' title="bbox 2123 3388 3625 3463">
    <p class='ocr_par' dir='ltr' id='par_1_93' title="bbox 2123 3388 3625 3463">
     <span class='ocr_line' id='line_1_93' title="bbox 2123 3388 3625 3463; baseline -0.005 -16"><span class='ocrx_word' id='word_1_704' title='bbox 2123 3393 2286 3450; x_wconf 73' lang='lat' dir='ltr'><strong>Vens.</strong></span> <span class='ocrx_word' id='word_1_705' title='bbox 2312 3393 2402 3459; x_wconf 72' lang='lat'><strong>25,</strong></span> <span class='ocrx_word' id='word_1_706' title='bbox 2443 3391 2533 3448; x_wconf 73' lang='lat'><strong>26.</strong></span> <span class='ocrx_word' id='word_1_707' title='bbox 2569 3410 2588 3445; x_wconf 75' lang='grc' dir='ltr'><strong>ι</strong></span> <span class='ocrx_word' id='word_1_708' title='bbox 2630 3390 2688 3447; x_wconf 87' lang='lat' dir='ltr'><strong>Si</strong></span> <span class='ocrx_word' id='word_1_709' title='bbox 2748 3391 2922 3463; x_wconf 90' lang='lat' dir='ltr'><strong>ipsum</strong></span> <span class='ocrx_word' id='word_1_710' title='bbox 2979 3388 3423 3462; x_wconf 81' lang='lat' dir='ltr'><strong>patremfamilias</strong></span> <span class='ocrx_word' id='word_1_711' title='bbox 3464 3402 3625 3442; x_wconf 78' lang='lat' dir='ltr'><strong>voca-</strong></span> 
     </span>
    </p>
   </div>
   <div class='ocr_carea' id='block_1_94' title="bbox 2050 3477 3628 3553">
    <p class='ocr_par' dir='ltr' id='par_1_94' title="bbox 2050 3477 3628 3553">
     <span class='ocr_line' id='line_1_94' title="bbox 2050 3477 3628 3553; baseline -0.007 -11"><span class='ocrx_word' id='word_1_712' title='bbox 2050 3493 2247 3542; x_wconf 80' lang='lat' dir='ltr'><strong>verunt</strong></span> <span class='ocrx_word' id='word_1_713' title='bbox 2276 3483 2605 3550; x_wconf 86' lang='lat' dir='ltr'><strong>Beelzebub,</strong></span> <span class='ocrx_word' id='word_1_714' title='bbox 2647 3493 2848 3553; x_wconf 82' lang='lat' dir='ltr'><strong>quanto</strong></span> <span class='ocrx_word' id='word_1_715' title='bbox 2883 3481 3053 3550; x_wconf 85' lang='lat' dir='ltr'><strong>magis</strong></span> <span class='ocrx_word' id='word_1_716' title='bbox 3084 3480 3411 3537; x_wconf 83' lang='lat' dir='ltr'><strong>demesticos</strong></span> <span class='ocrx_word' id='word_1_717' title='bbox 3435 3478 3576 3533; x_wconf 81' lang='lat' dir='ltr'><strong>illius</strong></span> <span class='ocrx_word' id='word_1_718' title='bbox 3604 3477 3628 3530; x_wconf 71' lang='grc' dir='ltr'><strong><em>τ</em></strong></span> 
     </span>
    </p>
   </div>
   <div class='ocr_carea' id='block_1_95' title="bbox 2052 3568 3625 3648">
    <p class='ocr_par' dir='ltr' id='par_1_95' title="bbox 2052 3568 3625 3648">
     <span class='ocr_line' id='line_1_95' title="bbox 2052 3568 3625 3648; baseline -0.008 -17"><span class='ocrx_word' id='word_1_719' title='bbox 2052 3575 2131 3631; x_wconf 88' lang='lat' dir='ltr'><strong>Ne</strong></span> <span class='ocrx_word' id='word_1_720' title='bbox 2158 3575 2324 3648; x_wconf 90' lang='lat' dir='ltr'><strong>igitur</strong></span> <span class='ocrx_word' id='word_1_721' title='bbox 2352 3574 2584 3630; x_wconf 74' lang='lat' dir='ltr'><strong>timentis</strong></span> <span class='ocrx_word' id='word_1_722' title='bbox 2605 3586 2702 3629; x_wconf 86' lang='lat' dir='ltr'><strong>eos</strong></span> <span class='ocrx_word' id='word_1_723' title='bbox 2731 3587 2745 3625; x_wconf 89' lang='lat'><strong>:</strong></span> <span class='ocrx_word' id='word_1_724' title='bbox 2780 3571 2915 3627; x_wconf 87' lang='lat' dir='ltr'><strong>nihil</strong></span> <span class='ocrx_word' id='word_1_725' title='bbox 2944 3571 3091 3627; x_wconf 90' lang='lat' dir='ltr'><strong>enim</strong></span> <span class='ocrx_word' id='word_1_726' title='bbox 3116 3581 3201 3627; x_wconf 88' lang='lat' dir='ltr'><strong>est</strong></span> <span class='ocrx_word' id='word_1_727' title='bbox 3226 3580 3454 3634; x_wconf 85' lang='lat' dir='ltr'><strong>tectum,</strong></span> <span class='ocrx_word' id='word_1_728' title='bbox 3482 3568 3625 3637; x_wconf 82' lang='lat' dir='ltr'><strong>quod</strong></span> 
     </span>
    </p>
   </div>
   <div class='ocr_carea' id='block_1_96' title="bbox 2057 3659 3628 3737">
    <p class='ocr_par' dir='ltr' id='par_1_96' title="bbox 2057 3659 3628 3737">
     <span class='ocr_line' id='line_1_96' title="bbox 2057 3659 3628 3737; baseline -0.008 -14"><span class='ocrx_word' id='word_1_729' title='bbox 2057 3685 2162 3726; x_wconf 87' lang='lat' dir='ltr'><strong>non</strong></span> <span class='ocrx_word' id='word_1_730' title='bbox 2200 3668 2272 3723; x_wconf 77' lang='lat' dir='ltr'><strong>sit</strong></span> <span class='ocrx_word' id='word_1_731' title='bbox 2310 3663 2659 3737; x_wconf 76' lang='lat' dir='ltr'><strong>retegendum</strong></span> <span class='ocrx_word' id='word_1_732' title='bbox 2690 3682 2705 3719; x_wconf 92' lang='lat'><strong>:</strong></span> <span class='ocrx_word' id='word_1_733' title='bbox 2736 3673 2786 3719; x_wconf 87' lang='lat' dir='ltr'><strong>et</strong></span> <span class='ocrx_word' id='word_1_734' title='bbox 2817 3663 2947 3718; x_wconf 85' lang='lat' dir='ltr'><strong>nihil</strong></span> <span class='ocrx_word' id='word_1_735' title='bbox 2994 3662 3265 3719; x_wconf 74' lang='lat' dir='ltr'><strong>occultum</strong></span> <span class='ocrx_word' id='word_1_736' title='bbox 3300 3660 3429 3732; x_wconf 79' lang='lat' dir='ltr'><strong>quin</strong></span> <span class='ocrx_word' id='word_1_737' title='bbox 3485 3659 3628 3714; x_wconf 88' lang='lat' dir='ltr'><strong>futu-</strong></span> 
     </span>
    </p>
   </div>
   <div class='ocr_carea' id='block_1_97' title="bbox 2059 3753 3628 3822">
    <p class='ocr_par' dir='ltr' id='par_1_97' title="bbox 2059 3753 3628 3822">
     <span class='ocr_line' id='line_1_97' title="bbox 2059 3753 3628 3822; baseline -0.005 -9"><span class='ocrx_word' id='word_1_738' title='bbox 2059 3774 2173 3814; x_wconf 88' lang='lat' dir='ltr'><strong>rum</strong></span> <span class='ocrx_word' id='word_1_739' title='bbox 2206 3766 2265 3813; x_wconf 91' lang='lat' dir='ltr'><strong>ut</strong></span> <span class='ocrx_word' id='word_1_740' title='bbox 2297 3759 2521 3813; x_wconf 76' lang='lat' dir='ltr'><strong>sciatur.</strong></span> <span class='ocrx_word' id='word_1_741' title='bbox 2554 3775 2573 3809; x_wconf 71' lang='grc' dir='ltr'><strong>ο</strong></span> <span class='ocrx_word' id='word_1_742' title='bbox 2614 3754 3071 3819; x_wconf 72' lang='lat' dir='ltr'><strong>Consolationem,</strong></span> <span class='ocrx_word' id='word_1_743' title='bbox 3109 3755 3305 3822; x_wconf 84' lang='lat' dir='ltr'><strong>inquit,</strong></span> <span class='ocrx_word' id='word_1_744' title='bbox 3336 3753 3579 3822; x_wconf 81' lang='lat' dir='ltr'><strong>accipite</strong></span> <span class='ocrx_word' id='word_1_745' title='bbox 3601 3769 3628 3805; x_wconf 89' lang='lat' dir='ltr'><strong>a</strong></span> 
     </span>
    </p>
   </div>
   <div class='ocr_carea' id='block_1_98' title="bbox 2058 3843 3627 3915">
    <p class='ocr_par' dir='ltr' id='par_1_98' title="bbox 2058 3843 3627 3915">
     <span class='ocr_line' id='line_1_98' title="bbox 2058 3843 3627 3915; baseline -0.005 -12"><span class='ocrx_word' id='word_1_746' title='bbox 2058 3864 2166 3903; x_wconf 89' lang='lat' dir='ltr'><strong>me.</strong></span> <span class='ocrx_word' id='word_1_747' title='bbox 2200 3847 2256 3903; x_wconf 89' lang='lat' dir='ltr'><strong>Si</strong></span> <span class='ocrx_word' id='word_1_748' title='bbox 2304 3846 2448 3913; x_wconf 81' lang='lat' dir='ltr'><strong>enim</strong></span> <span class='ocrx_word' id='word_1_749' title='bbox 2490 3860 2578 3900; x_wconf 89' lang='lat' dir='ltr'><strong>me</strong></span> <span class='ocrx_word' id='word_1_750' title='bbox 2607 3844 2906 3915; x_wconf 85' lang='lat' dir='ltr'><strong>principem</strong></span> <span class='ocrx_word' id='word_1_751' title='bbox 2959 3843 3344 3899; x_wconf 67' lang='lat' dir='ltr'><strong>dmuoniorum</strong></span> <span class='ocrx_word' id='word_1_752' title='bbox 3400 3857 3627 3896; x_wconf 78' lang='lat' dir='ltr'><strong>vocave-</strong></span> 
     </span>
    </p>
   </div>
   <div class='ocr_carea' id='block_1_99' title="bbox 2058 3932 3631 4010">
    <p class='ocr_par' dir='ltr' id='par_1_99' title="bbox 2058 3932 3631 4010">
     <span class='ocr_line' id='line_1_99' title="bbox 2058 3932 3631 4010; baseline -0.008 -13"><span class='ocrx_word' id='word_1_753' title='bbox 2058 3948 2207 4004; x_wconf 85' lang='lat' dir='ltr'><strong>runt,</strong></span> <span class='ocrx_word' id='word_1_754' title='bbox 2236 3938 2365 4009; x_wconf 91' lang='lat' dir='ltr'><strong>quid</strong></span> <span class='ocrx_word' id='word_1_755' title='bbox 2392 3952 2554 4010; x_wconf 75' lang='lat' dir='ltr'><strong>grave</strong></span> <span class='ocrx_word' id='word_1_756' title='bbox 2577 3938 2622 3993; x_wconf 87' lang='lat' dir='ltr'><strong>si</strong></span> <span class='ocrx_word' id='word_1_757' title='bbox 2654 3943 2708 3994; x_wconf 84' lang='lat' dir='ltr'><strong>et</strong></span> <span class='ocrx_word' id='word_1_758' title='bbox 2731 3951 2832 3993; x_wconf 81' lang='lat' dir='ltr'><strong>vos</strong></span> <span class='ocrx_word' id='word_1_759' title='bbox 2858 3936 3152 3991; x_wconf 79' lang='lat' dir='ltr'><strong>familiares</strong></span> <span class='ocrx_word' id='word_1_760' title='bbox 3190 3949 3340 3990; x_wconf 88' lang='lat' dir='ltr'><strong>meos</strong></span> <span class='ocrx_word' id='word_1_761' title='bbox 3370 3932 3631 3989; x_wconf 75' lang='lat' dir='ltr'><strong>conviciis</strong></span> 
     </span>
    </p>
   </div>
   <div class='ocr_carea' id='block_1_100' title="bbox 2062 4030 3627 4091">
    <p class='ocr_par' dir='ltr' id='par_1_100' title="bbox 2062 4030 3627 4091">
     <span class='ocr_line' id='line_1_100' title="bbox 2062 4030 3627 4091; baseline -0.006 -2"><span class='ocrx_word' id='word_1_762' title='bbox 2062 4030 2665 4089; x_wconf 75' lang='lat' dir='ltr'><strong>taxent?Domesticos</strong></span> <span class='ocrx_word' id='word_1_763' title='bbox 2713 4030 2923 4087; x_wconf 81' lang='lat' dir='ltr'><strong>vocavit</strong></span> <span class='ocrx_word' id='word_1_764' title='bbox 2952 4069 2966 4091; x_wconf 86' lang='lat'><strong>,</strong></span> <span class='ocrx_word' id='word_1_765' title='bbox 3032 4044 3137 4083; x_wconf 94' lang='lat' dir='ltr'><strong>non</strong></span> <span class='ocrx_word' id='word_1_766' title='bbox 3188 4041 3370 4083; x_wconf 86' lang='lat' dir='ltr'><strong>autem</strong></span> <span class='ocrx_word' id='word_1_767' title='bbox 3422 4041 3627 4086; x_wconf 85' lang='lat' dir='ltr'><strong>servos.</strong></span> 
     </span>
    </p>
   </div>
   <div class='ocr_carea' id='block_1_101' title="bbox 2061 4120 3629 4196">
    <p class='ocr_par' dir='ltr' id='par_1_101' title="bbox 2061 4120 3629 4196">
     <span class='ocr_line' id='line_1_101' title="bbox 2061 4120 3629 4196; baseline -0.005 -14"><span class='ocrx_word' id='word_1_768' title='bbox 2061 4140 2214 4182; x_wconf 89' lang='lat' dir='ltr'><strong>suam</strong></span> <span class='ocrx_word' id='word_1_769' title='bbox 2246 4139 2375 4196; x_wconf 86' lang='lat' dir='ltr'><strong>erga</strong></span> <span class='ocrx_word' id='word_1_770' title='bbox 2406 4123 2525 4181; x_wconf 84' lang='lat' dir='ltr'><strong>illos</strong></span> <span class='ocrx_word' id='word_1_771' title='bbox 2552 4122 2836 4180; x_wconf 87' lang='lat' dir='ltr'><strong>declarans</strong></span> <span class='ocrx_word' id='word_1_772' title='bbox 2875 4121 3323 4179; x_wconf 81' lang='lat' dir='ltr'><strong>familiaritatem.</strong></span> <span class='ocrx_word' id='word_1_773' title='bbox 3364 4120 3468 4175; x_wconf 84' lang='lat' dir='ltr'><strong>Sed</strong></span> <span class='ocrx_word' id='word_1_774' title='bbox 3498 4136 3629 4175; x_wconf 85' lang='lat' dir='ltr'><strong>ron-</strong></span> 
     </span>
    </p>
   </div>
   <div class='ocr_carea' id='block_1_102' title="bbox 2063 4211 3636 4281">
    <p class='ocr_par' dir='ltr' id='par_1_102' title="bbox 2063 4211 3636 4281">
     <span class='ocr_line' id='line_1_102' title="bbox 2063 4211 3636 4281; baseline -0.004 -13"><span class='ocrx_word' id='word_1_775' title='bbox 2063 4213 2231 4281; x_wconf 84' lang='lat' dir='ltr'><strong>lldite,</strong></span> <span class='ocrx_word' id='word_1_776' title='bbox 2263 4213 2470 4272; x_wconf 83' lang='lat' dir='ltr'><strong>veritas</strong></span> <span class='ocrx_word' id='word_1_777' title='bbox 2506 4227 2613 4270; x_wconf 86' lang='lat' dir='ltr'><strong>non</strong></span> <span class='ocrx_word' id='word_1_778' title='bbox 2666 4212 3044 4278; x_wconf 79' lang='lat' dir='ltr'><strong>occultabitur,</strong></span> <span class='ocrx_word' id='word_1_779' title='bbox 3081 4211 3176 4271; x_wconf 83' lang='lat' dir='ltr'><strong>sed</strong></span> <span class='ocrx_word' id='word_1_780' title='bbox 3237 4219 3445 4279; x_wconf 80' lang='lat' dir='ltr'><strong>tempus</strong></span> <span class='ocrx_word' id='word_1_781' title='bbox 3484 4223 3636 4263; x_wconf 78' lang='lat' dir='ltr'><strong>reve-</strong></span> 
     </span>
    </p>
   </div>
   <div class='ocr_carea' id='block_1_103' title="bbox 2064 4298 3632 4369">
    <p class='ocr_par' dir='ltr' id='par_1_103' title="bbox 2064 4298 3632 4369">
     <span class='ocr_line' id='line_1_103' title="bbox 2064 4298 3632 4369; baseline -0.005 -10"><span class='ocrx_word' id='word_1_782' title='bbox 2064 4303 2196 4360; x_wconf 85' lang='lat' dir='ltr'><strong>labit</strong></span> <span class='ocrx_word' id='word_1_783' title='bbox 2219 4311 2276 4359; x_wconf 89' lang='lat' dir='ltr'><strong>et</strong></span> <span class='ocrx_word' id='word_1_784' title='bbox 2299 4311 2535 4359; x_wconf 80' lang='lat' dir='ltr'><strong>vestram</strong></span> <span class='ocrx_word' id='word_1_785' title='bbox 2570 4303 2850 4369; x_wconf 83' lang='lat' dir='ltr'><strong>virtutem,</strong></span> <span class='ocrx_word' id='word_1_786' title='bbox 2900 4312 2951 4358; x_wconf 90' lang='lat' dir='ltr'><strong>et</strong></span> <span class='ocrx_word' id='word_1_787' title='bbox 2993 4301 3420 4357; x_wconf 78' lang='lat' dir='ltr'><strong>conviciatorum</strong></span> <span class='ocrx_word' id='word_1_788' title='bbox 3477 4298 3632 4352; x_wconf 82' lang='lat' dir='ltr'><strong>mali-</strong></span> 
     </span>
    </p>
   </div>
   <div class='ocr_carea' id='block_1_104' title="bbox 2066 4390 3631 4462">
    <p class='ocr_par' dir='ltr' id='par_1_104' title="bbox 2066 4390 3631 4462">
     <span class='ocr_line' id='line_1_104' title="bbox 2066 4390 3631 4462; baseline -0.005 -11"><span class='ocrx_word' id='word_1_789' title='bbox 2066 4397 2217 4453; x_wconf 89' lang='lat' dir='ltr'><strong>tiam.</strong></span> <span class='ocrx_word' id='word_1_790' title='bbox 2250 4395 2394 4452; x_wconf 82' lang='lat' dir='ltr'><strong>Nihil</strong></span> <span class='ocrx_word' id='word_1_791' title='bbox 2424 4395 2568 4452; x_wconf 88' lang='lat' dir='ltr'><strong>enim</strong></span> <span class='ocrx_word' id='word_1_792' title='bbox 2599 4402 2685 4452; x_wconf 85' lang='lat' dir='ltr'><strong>est</strong></span> <span class='ocrx_word' id='word_1_793' title='bbox 2728 4393 3023 4461; x_wconf 78' lang='lat' dir='ltr'><strong>occultum,</strong></span> <span class='ocrx_word' id='word_1_794' title='bbox 3058 4392 3200 4462; x_wconf 88' lang='lat' dir='ltr'><strong>quod</strong></span> <span class='ocrx_word' id='word_1_795' title='bbox 3252 4406 3357 4446; x_wconf 90' lang='lat' dir='ltr'><strong>non</strong></span> <span class='ocrx_word' id='word_1_796' title='bbox 3405 4390 3631 4446; x_wconf 78' lang='lat' dir='ltr'><strong>sciatur.</strong></span> 
     </span>
    </p>
   </div>
   <div class='ocr_carea' id='block_1_105' title="bbox 2065 4486 3643 4558">
    <p class='ocr_par' dir='ltr' id='par_1_105' title="bbox 2065 4486 3643 4558">
     <span class='ocr_line' id='line_1_105' title="bbox 2065 4486 3643 4558; baseline -0.004 -15"><span class='ocrx_word' id='word_1_797' title='bbox 2065 4487 2218 4545; x_wconf 89' lang='lat' dir='ltr'><strong>Licet</strong></span> <span class='ocrx_word' id='word_1_798' title='bbox 2270 4487 2434 4558; x_wconf 77' lang='lat' dir='ltr'><strong>igitur</strong></span> <span class='ocrx_word' id='word_1_799' title='bbox 2483 4502 2628 4543; x_wconf 87' lang='lat' dir='ltr'><strong>nunc</strong></span> <span class='ocrx_word' id='word_1_800' title='bbox 2687 4486 3013 4554; x_wconf 82' lang='lat' dir='ltr'><strong>traducant,</strong></span> <span class='ocrx_word' id='word_1_801' title='bbox 3057 4493 3239 4541; x_wconf 81' lang='lat' dir='ltr'><strong>tamen</strong></span> <span class='ocrx_word' id='word_1_802' title='bbox 3307 4491 3492 4555; x_wconf 78' lang='lat' dir='ltr'><strong>postea</strong></span> <span class='ocrx_word' id='word_1_803' title='bbox 3542 4497 3643 4538; x_wconf 85' lang='lat' dir='ltr'><strong>vos</strong></span> 
     </span>
    </p>
   </div>
   <div class='ocr_carea' id='block_1_106' title="bbox 1995 4577 2717 4642">
    <p class='ocr_par' dir='ltr' id='par_1_106' title="bbox 1995 4577 2717 4642">
     <span class='ocr_line' id='line_1_106' title="bbox 1995 4577 2717 4642; baseline -0.003 -6"><span class='ocrx_word' id='word_1_804' title='bbox 1995 4586 2039 4642; x_wconf 74' lang='grc' dir='ltr'><strong>Β</strong></span> <span class='ocrx_word' id='word_1_805' title='bbox 2066 4579 2231 4636; x_wconf 88' lang='lat' dir='ltr'><strong>etiam</strong></span> <span class='ocrx_word' id='word_1_806' title='bbox 2261 4578 2438 4635; x_wconf 89' lang='lat' dir='ltr'><strong>claros</strong></span> <span class='ocrx_word' id='word_1_807' title='bbox 2472 4577 2717 4635; x_wconf 86' lang='lat' dir='ltr'><strong>reddent.</strong></span> 
     </span>
    </p>
   </div>
   <div class='ocr_carea' id='block_1_107' title="bbox 2141 4669 3636 4739">
    <p class='ocr_par' dir='ltr' id='par_1_107' title="bbox 2141 4669 3636 4739">
     <span class='ocr_line' id='line_1_107' title="bbox 2141 4669 3636 4739; baseline -0.002 -14"><span class='ocrx_word' id='word_1_808' title='bbox 2141 4672 2301 4730; x_wconf 76' lang='lat' dir='ltr'><strong>Vsus.</strong></span> <span class='ocrx_word' id='word_1_809' title='bbox 2332 4672 2424 4728; x_wconf 72' lang='lat'><strong>27.</strong></span> <span class='ocrx_word' id='word_1_810' title='bbox 2465 4689 2484 4725; x_wconf 75' lang='grc' dir='ltr'><strong>ι</strong></span> <span class='ocrx_word' id='word_1_811' title='bbox 2521 4671 2671 4739; x_wconf 84' lang='lat' dir='ltr'><strong>Quod</strong></span> <span class='ocrx_word' id='word_1_812' title='bbox 2698 4672 2819 4727; x_wconf 75' lang='lat' dir='ltr'><strong>dico</strong></span> <span class='ocrx_word' id='word_1_813' title='bbox 2844 4671 3001 4728; x_wconf 72' lang='lat' dir='ltr'><strong>vobis</strong></span> <span class='ocrx_word' id='word_1_814' title='bbox 3025 4673 3077 4726; x_wconf 92' lang='lat' dir='ltr'><strong>in</strong></span> <span class='ocrx_word' id='word_1_815' title='bbox 3116 4669 3372 4737; x_wconf 76' lang='lat' dir='ltr'><strong>tenebris,</strong></span> <span class='ocrx_word' id='word_1_816' title='bbox 3402 4670 3505 4725; x_wconf 93' lang='lat' dir='ltr'><strong>hoc</strong></span> <span class='ocrx_word' id='word_1_817' title='bbox 3549 4670 3636 4724; x_wconf 84' lang='lat' dir='ltr'><strong>di-</strong></span> 
     </span>
    </p>
   </div>
   <div class='ocr_carea' id='block_1_108' title="bbox 2064 4760 3647 4833">
    <p class='ocr_par' dir='ltr' id='par_1_108' title="bbox 2064 4760 3647 4833">
     <span class='ocr_line' id='line_1_108' title="bbox 2064 4760 3647 4833; baseline -0.003 -12"><span class='ocrx_word' id='word_1_818' title='bbox 2064 4767 2170 4821; x_wconf 87' lang='lat' dir='ltr'><strong>cite</strong></span> <span class='ocrx_word' id='word_1_819' title='bbox 2209 4765 2262 4820; x_wconf 93' lang='lat' dir='ltr'><strong>in</strong></span> <span class='ocrx_word' id='word_1_820' title='bbox 2296 4764 2413 4820; x_wconf 89' lang='lat' dir='ltr'><strong>luce</strong></span> <span class='ocrx_word' id='word_1_821' title='bbox 2444 4780 2460 4818; x_wconf 88' lang='lat'><strong>:</strong></span> <span class='ocrx_word' id='word_1_822' title='bbox 2486 4763 2706 4833; x_wconf 86' lang='lat' dir='ltr'><strong>etquod</strong></span> <span class='ocrx_word' id='word_1_823' title='bbox 2737 4763 2790 4818; x_wconf 92' lang='lat' dir='ltr'><strong>in</strong></span> <span class='ocrx_word' id='word_1_824' title='bbox 2841 4778 3029 4819; x_wconf 88' lang='lat' dir='ltr'><strong>aurem</strong></span> <span class='ocrx_word' id='word_1_825' title='bbox 3074 4762 3302 4827; x_wconf 69' lang='lat' dir='ltr'><strong>auditis,</strong></span> <span class='ocrx_word' id='word_1_826' title='bbox 3347 4760 3647 4831; x_wconf 74' lang='lat' dir='ltr'><strong>przeditate</strong></span> 
     </span>
    </p>
   </div>
   <div class='ocr_carea' id='block_1_109' title="bbox 2065 4851 3653 4924">
    <p class='ocr_par' dir='ltr' id='par_1_109' title="bbox 2065 4851 3653 4924">
     <span class='ocr_line' id='line_1_109' title="bbox 2065 4851 3653 4924; baseline -0.004 -13"><span class='ocrx_word' id='word_1_827' title='bbox 2065 4857 2118 4911; x_wconf 91' lang='lat' dir='ltr'><strong>in</strong></span> <span class='ocrx_word' id='word_1_828' title='bbox 2156 4857 2333 4912; x_wconf 86' lang='lat' dir='ltr'><strong>tectis.</strong></span> <span class='ocrx_word' id='word_1_829' title='bbox 2382 4873 2403 4908; x_wconf 71' lang='grc' dir='ltr'>ι</span> <span class='ocrx_word' id='word_1_830' title='bbox 2445 4852 2662 4924; x_wconf 74' lang='lat' dir='ltr'><strong>ldquod</strong></span> <span class='ocrx_word' id='word_1_831' title='bbox 2695 4867 2939 4909; x_wconf 85' lang='lat' dir='ltr'><strong>seorsum</strong></span> <span class='ocrx_word' id='word_1_832' title='bbox 2986 4852 3096 4907; x_wconf 74' lang='lat' dir='ltr'><strong>diti</strong></span> <span class='ocrx_word' id='word_1_833' title='bbox 3151 4851 3323 4914; x_wconf 81' lang='lat' dir='ltr'><strong>vobis,</strong></span> <span class='ocrx_word' id='word_1_834' title='bbox 3360 4862 3416 4906; x_wconf 88' lang='lat' dir='ltr'><strong>et</strong></span> <span class='ocrx_word' id='word_1_835' title='bbox 3450 4852 3504 4904; x_wconf 90' lang='lat' dir='ltr'><strong>in</strong></span> <span class='ocrx_word' id='word_1_836' title='bbox 3531 4867 3653 4905; x_wconf 82' lang='lat' dir='ltr'><strong>ttno-</strong></span> 
     </span>
    </p>
   </div>
   <div class='ocr_carea' id='block_1_110' title="bbox 2063 4941 3640 5014">
    <p class='ocr_par' dir='ltr' id='par_1_110' title="bbox 2063 4941 3640 5014">
     <span class='ocr_line' id='line_1_110' title="bbox 2063 4941 3640 5014; baseline -0.006 -9"><span class='ocrx_word' id='word_1_837' title='bbox 2063 4951 2203 5014; x_wconf 87' lang='lat' dir='ltr'><strong>loco,</strong></span> <span class='ocrx_word' id='word_1_838' title='bbox 2239 4951 2339 5004; x_wconf 88' lang='lat' dir='ltr'><strong>hoc</strong></span> <span class='ocrx_word' id='word_1_839' title='bbox 2365 4956 2449 5004; x_wconf 89' lang='lat' dir='ltr'><strong>est</strong></span> <span class='ocrx_word' id='word_1_840' title='bbox 2470 4946 2709 5013; x_wconf 86' lang='lat' dir='ltr'><strong>enim,in</strong></span> <span class='ocrx_word' id='word_1_841' title='bbox 2738 4959 2923 5001; x_wconf 88' lang='lat' dir='ltr'><strong>aurem</strong></span> <span class='ocrx_word' id='word_1_842' title='bbox 2973 4953 3028 4999; x_wconf 92' lang='lat' dir='ltr'><strong>et</strong></span> <span class='ocrx_word' id='word_1_843' title='bbox 3064 4943 3119 4999; x_wconf 86' lang='lat' dir='ltr'><strong>in</strong></span> <span class='ocrx_word' id='word_1_844' title='bbox 3145 4943 3406 5010; x_wconf 83' lang='lat' dir='ltr'><strong>tenebris,</strong></span> <span class='ocrx_word' id='word_1_845' title='bbox 3470 4941 3640 4999; x_wconf 81' lang='lat' dir='ltr'><strong>fiden-</strong></span> 
     </span>
    </p>
   </div>
   <div class='ocr_carea' id='block_1_111' title="bbox 2067 5036 3638 5111">
    <p class='ocr_par' dir='ltr' id='par_1_111' title="bbox 2067 5036 3638 5111">
     <span class='ocr_line' id='line_1_111' title="bbox 2067 5036 3638 5111; baseline -0.006 -13"><span class='ocrx_word' id='word_1_846' title='bbox 2067 5054 2148 5099; x_wconf 89' lang='lat' dir='ltr'><strong>ter</strong></span> <span class='ocrx_word' id='word_1_847' title='bbox 2185 5044 2373 5098; x_wconf 86' lang='lat' dir='ltr'><strong>docete</strong></span> <span class='ocrx_word' id='word_1_848' title='bbox 2426 5048 2483 5096; x_wconf 92' lang='lat' dir='ltr'><strong>et</strong></span> <span class='ocrx_word' id='word_1_849' title='bbox 2513 5053 2709 5111; x_wconf 86' lang='lat' dir='ltr'><strong>magna</strong></span> <span class='ocrx_word' id='word_1_850' title='bbox 2745 5051 2898 5105; x_wconf 87' lang='lat' dir='ltr'><strong>voce,</strong></span> <span class='ocrx_word' id='word_1_851' title='bbox 2951 5036 3023 5092; x_wconf 86' lang='lat' dir='ltr'><strong>ita</strong></span> <span class='ocrx_word' id='word_1_852' title='bbox 3053 5044 3114 5092; x_wconf 93' lang='lat' dir='ltr'><strong>ut</strong></span> <span class='ocrx_word' id='word_1_853' title='bbox 3160 5049 3350 5090; x_wconf 86' lang='lat' dir='ltr'><strong>omnes</strong></span> <span class='ocrx_word' id='word_1_854' title='bbox 3400 5049 3496 5092; x_wconf 65' lang='lat' dir='ltr'><strong>vos</strong></span> <span class='ocrx_word' id='word_1_855' title='bbox 3543 5051 3638 5093; x_wconf 82' lang='lat' dir='ltr'><strong>au-</strong></span> 
     </span>
    </p>
   </div>
   <div class='ocr_carea' id='block_1_112' title="bbox 2066 5127 3640 5200">
    <p class='ocr_par' dir='ltr' id='par_1_112' title="bbox 2066 5127 3640 5200">
     <span class='ocr_line' id='line_1_112' title="bbox 2066 5127 3640 5200; baseline -0.006 -9"><span class='ocrx_word' id='word_1_856' title='bbox 2066 5136 2234 5191; x_wconf 86' lang='lat' dir='ltr'><strong>diant.</strong></span> <span class='ocrx_word' id='word_1_857' title='bbox 2276 5133 2410 5200; x_wconf 83' lang='lat' dir='ltr'><strong>Quia</strong></span> <span class='ocrx_word' id='word_1_858' title='bbox 2469 5140 2650 5187; x_wconf 89' lang='lat' dir='ltr'><strong>autem</strong></span> <span class='ocrx_word' id='word_1_859' title='bbox 2703 5129 2914 5186; x_wconf 85' lang='lat' dir='ltr'><strong>dicendi</strong></span> <span class='ocrx_word' id='word_1_860' title='bbox 2965 5129 3270 5186; x_wconf 84' lang='lat' dir='ltr'><strong>libertatem</strong></span> <span class='ocrx_word' id='word_1_861' title='bbox 3316 5138 3368 5183; x_wconf 87' lang='lat' dir='ltr'><strong>et</strong></span> <span class='ocrx_word' id='word_1_862' title='bbox 3404 5127 3640 5196; x_wconf 71' lang='lat' dir='ltr'><strong>patienia</strong></span> 
     </span>
    </p>
   </div>
   <div class='ocr_carea' id='block_1_113' title="bbox 2065 5221 2653 5295">
    <p class='ocr_par' dir='ltr' id='par_1_113' title="bbox 2065 5221 2653 5295">
     <span class='ocr_line' id='line_1_113' title="bbox 2065 5221 2653 5295; baseline -0.009 -13"><span class='ocrx_word' id='word_1_863' title='bbox 2065 5222 2333 5295; x_wconf 78' lang='lat' dir='ltr'><strong>Sequuntu</strong></span> <span class='ocrx_word' id='word_1_864' title='bbox 2344 5240 2387 5288; x_wconf 74' lang='grc' dir='ltr'><strong>ι’,</strong></span> <span class='ocrx_word' id='word_1_865' title='bbox 2421 5221 2602 5277; x_wconf 86' lang='lat' dir='ltr'><strong>suhdit</strong></span> <span class='ocrx_word' id='word_1_866' title='bbox 2639 5240 2653 5277; x_wconf 92' lang='lat'><strong>:</strong></span> 
     </span>
    </p>
   </div>
   <div class='ocr_carea' id='block_1_114' title="bbox 2137 5311 3642 5382">
    <p class='ocr_par' dir='ltr' id='par_1_114' title="bbox 2137 5311 3642 5382">
     <span class='ocr_line' id='line_1_114' title="bbox 2137 5311 3642 5382; baseline -0.004 -10"><span class='ocrx_word' id='word_1_867' title='bbox 2137 5317 2301 5373; x_wconf 68' lang='lat' dir='ltr'><strong>Vens.</strong></span> <span class='ocrx_word' id='word_1_868' title='bbox 2329 5317 2421 5375; x_wconf 75' lang='grc'><strong>28.</strong></span> <span class='ocrx_word' id='word_1_869' title='bbox 2462 5337 2481 5370; x_wconf 76' lang='grc' dir='ltr'>ι</span> <span class='ocrx_word' id='word_1_870' title='bbox 2522 5316 2589 5371; x_wconf 81' lang='lat' dir='ltr'><strong>Et</strong></span> <span class='ocrx_word' id='word_1_871' title='bbox 2648 5330 2715 5371; x_wconf 86' lang='lat' dir='ltr'><strong>ue</strong></span> <span class='ocrx_word' id='word_1_872' title='bbox 2767 5311 3000 5369; x_wconf 88' lang='lat' dir='ltr'><strong>timeatis</strong></span> <span class='ocrx_word' id='word_1_873' title='bbox 3033 5313 3100 5369; x_wconf 82' lang='lat' dir='ltr'><strong>ab</strong></span> <span class='ocrx_word' id='word_1_874' title='bbox 3133 5312 3218 5369; x_wconf 85' lang='lat' dir='ltr'><strong>his</strong></span> <span class='ocrx_word' id='word_1_875' title='bbox 3245 5312 3337 5382; x_wconf 86' lang='lat' dir='ltr'><strong>qui</strong></span> <span class='ocrx_word' id='word_1_876' title='bbox 3386 5312 3642 5369; x_wconf 87' lang='lat' dir='ltr'><strong>occidunt</strong></span> 
     </span>
    </p>
   </div>
   <div class='ocr_carea' id='block_1_115' title="bbox 2069 5403 3638 5479">
    <p class='ocr_par' dir='ltr' id='par_1_115' title="bbox 2069 5403 3638 5479">
     <span class='ocr_line' id='line_1_115' title="bbox 2069 5403 3638 5479; baseline -0.004 -16"><span class='ocrx_word' id='word_1_877' title='bbox 2069 5423 2303 5479; x_wconf 82' lang='lat' dir='ltr'><strong>corpus,</strong></span> <span class='ocrx_word' id='word_1_878' title='bbox 2357 5409 2596 5465; x_wconf 85' lang='lat' dir='ltr'><strong>animam</strong></span> <span class='ocrx_word' id='word_1_879' title='bbox 2647 5414 2829 5462; x_wconf 79' lang='lat' dir='ltr'><strong>autem</strong></span> <span class='ocrx_word' id='word_1_880' title='bbox 2886 5420 2993 5460; x_wconf 88' lang='lat' dir='ltr'><strong>non</strong></span> <span class='ocrx_word' id='word_1_881' title='bbox 3046 5412 3272 5475; x_wconf 83' lang='lat' dir='ltr'><strong>possunt</strong></span> <span class='ocrx_word' id='word_1_882' title='bbox 3339 5403 3638 5461; x_wconf 73' lang='lat' dir='ltr'><strong>occidere:</strong></span> 
     </span>
    </p>
   </div>
   <div class='ocr_carea' id='block_1_116' title="bbox 2068 5495 3641 5568">
    <p class='ocr_par' dir='ltr' id='par_1_116' title="bbox 2068 5495 3641 5568">
     <span class='ocr_line' id='line_1_116' title="bbox 2068 5495 3641 5568; baseline -0.006 -14"><span class='ocrx_word' id='word_1_883' title='bbox 2068 5501 2254 5555; x_wconf 89' lang='lat' dir='ltr'><strong>timete</strong></span> <span class='ocrx_word' id='word_1_884' title='bbox 2274 5510 2454 5554; x_wconf 86' lang='lat' dir='ltr'><strong>autem</strong></span> <span class='ocrx_word' id='word_1_885' title='bbox 2492 5498 2664 5568; x_wconf 84' lang='lat' dir='ltr'><strong>magis</strong></span> <span class='ocrx_word' id='word_1_886' title='bbox 2700 5511 2824 5553; x_wconf 89' lang='lat' dir='ltr'><strong>enm</strong></span> <span class='ocrx_word' id='word_1_887' title='bbox 2857 5497 2948 5567; x_wconf 89' lang='lat' dir='ltr'><strong>qui</strong></span> <span class='ocrx_word' id='word_1_888' title='bbox 2994 5504 3174 5565; x_wconf 80' lang='lat' dir='ltr'><strong>potest</strong></span> <span class='ocrx_word' id='word_1_889' title='bbox 3197 5504 3252 5550; x_wconf 90' lang='lat' dir='ltr'><strong>et</strong></span> <span class='ocrx_word' id='word_1_890' title='bbox 3296 5495 3534 5549; x_wconf 81' lang='lat' dir='ltr'><strong>animam</strong></span> <span class='ocrx_word' id='word_1_891' title='bbox 3586 5501 3641 5546; x_wconf 91' lang='lat' dir='ltr'><strong>ct</strong></span> 
     </span>
    </p>
   </div>
   <div class='ocr_carea' id='block_1_117' title="bbox 2065 5586 3635 5661">
    <p class='ocr_par' dir='ltr' id='par_1_117' title="bbox 2065 5586 3635 5661">
     <span class='ocr_line' id='line_1_117' title="bbox 2065 5586 3635 5661; baseline -0.008 -14"><span class='ocrx_word' id='word_1_892' title='bbox 2065 5605 2263 5661; x_wconf 79' lang='lat' dir='ltr'><strong>corpus</strong></span> <span class='ocrx_word' id='word_1_893' title='bbox 2296 5590 2522 5659; x_wconf 88' lang='lat' dir='ltr'><strong>perdere</strong></span> <span class='ocrx_word' id='word_1_894' title='bbox 2568 5588 2621 5642; x_wconf 92' lang='lat' dir='ltr'><strong>in</strong></span> <span class='ocrx_word' id='word_1_895' title='bbox 2668 5588 2988 5660; x_wconf 74' lang='lat' dir='ltr'><strong>gehennam.</strong></span> <span class='ocrx_word' id='word_1_896' title='bbox 3052 5604 3072 5641; x_wconf 75' lang='grc' dir='ltr'>ι</span> <span class='ocrx_word' id='word_1_897' title='bbox 3109 5586 3274 5643; x_wconf 88' lang='lat' dir='ltr'><strong>Docet</strong></span> <span class='ocrx_word' id='word_1_898' title='bbox 3309 5594 3362 5641; x_wconf 89' lang='lat' dir='ltr'><strong>et</strong></span> <span class='ocrx_word' id='word_1_899' title='bbox 3409 5593 3635 5638; x_wconf 87' lang='lat' dir='ltr'><strong>mortem</strong></span> 
     </span>
    </p>
   </div>
   <div class='ocr_carea' id='block_1_118' title="bbox 2067 5675 3639 5749">
    <p class='ocr_par' dir='ltr' id='par_1_118' title="bbox 2067 5675 3639 5749">
     <span class='ocr_line' id='line_1_118' title="bbox 2067 5675 3639 5749; baseline -0.006 -11"><span class='ocrx_word' id='word_1_900' title='bbox 2067 5681 2534 5738; x_wconf 85' lang='lat' dir='ltr'><strong>contemnendam.</strong></span> <span class='ocrx_word' id='word_1_901' title='bbox 2567 5678 2887 5735; x_wconf 86' lang='lat' dir='ltr'><strong>Terribilius</strong></span> <span class='ocrx_word' id='word_1_902' title='bbox 2931 5679 3098 5746; x_wconf 82' lang='lat' dir='ltr'><strong>enim,</strong></span> <span class='ocrx_word' id='word_1_903' title='bbox 3136 5676 3335 5749; x_wconf 82' lang='lat' dir='ltr'><strong>inquit.</strong></span> <span class='ocrx_word' id='word_1_904' title='bbox 3376 5675 3639 5748; x_wconf 68' lang='lat' dir='ltr'><strong>gehennae</strong></span> 
     </span>
    </p>
   </div>
   <div class='ocr_carea' id='block_1_119' title="bbox 2069 5767 3676 5843">
    <p class='ocr_par' dir='ltr' id='par_1_119' title="bbox 2069 5767 3676 5843">
     <span class='ocr_line' id='line_1_119' title="bbox 2069 5767 3676 5843; baseline -0.006 -14"><span class='ocrx_word' id='word_1_905' title='bbox 2069 5772 2388 5843; x_wconf 87' lang='lat' dir='ltr'><strong>supplicium</strong></span> <span class='ocrx_word' id='word_1_906' title='bbox 2429 5781 2533 5828; x_wconf 85' lang='lat' dir='ltr'><strong>est.</strong></span> <span class='ocrx_word' id='word_1_907' title='bbox 2568 5768 2671 5836; x_wconf 84' lang='lat' dir='ltr'><strong>Qui</strong></span> <span class='ocrx_word' id='word_1_908' title='bbox 2714 5770 2858 5826; x_wconf 86' lang='lat' dir='ltr'><strong>enim</strong></span> <span class='ocrx_word' id='word_1_909' title='bbox 2889 5770 3166 5834; x_wconf 84' lang='lat' dir='ltr'><strong>occidunt,</strong></span> <span class='ocrx_word' id='word_1_910' title='bbox 3211 5767 3385 5824; x_wconf 84' lang='lat' dir='ltr'><strong>solum</strong></span> <span class='ocrx_word' id='word_1_911' title='bbox 3440 5779 3676 5837; x_wconf 63' lang='lat' dir='ltr'><strong>corpus</strong></span> 
     </span>
    </p>
   </div>
   <div class='ocr_carea' id='block_1_120' title="bbox 2072 5857 3615 5933">
    <p class='ocr_par' dir='ltr' id='par_1_120' title="bbox 2072 5857 3615 5933">
     <span class='ocr_line' id='line_1_120' title="bbox 2072 5857 3615 5933; baseline -0.007 -10"><span class='ocrx_word' id='word_1_912' title='bbox 2072 5866 2399 5933; x_wconf 82' lang='lat' dir='ltr'><strong>destruunt,</strong></span> <span class='ocrx_word' id='word_1_913' title='bbox 2467 5866 2661 5921; x_wconf 67' lang='lat' dir='ltr'><strong>aniune</strong></span> <span class='ocrx_word' id='word_1_914' title='bbox 2719 5872 2898 5918; x_wconf 77' lang='lat' dir='ltr'><strong>autem</strong></span> <span class='ocrx_word' id='word_1_915' title='bbox 2962 5860 3205 5919; x_wconf 81' lang='lat' dir='ltr'><strong>fortassis</strong></span> <span class='ocrx_word' id='word_1_916' title='bbox 3272 5857 3615 5918; x_wconf 85' lang='lat' dir='ltr'><strong>hencfaclunt</strong></span> 
     </span>
    </p>
   </div>
  </div>
