4078 6464
307 356 414 418 2.7

1167 356 1751 419 THEOPHYLACTI
1787 359 2196 424 BULGARHi
2229 368 2586 432 ARCHIEP.

3449 369 3559 430 2-ίὸ

312 461 582 531 intelligas
634 463 774 532 quod
811 461 986 533 justus
1035 463 1378 519 existimetur
1434 466 1600 520 etiam
1650 466 1736 519 ille
1789 467 1879 535 qui

2013 470 2219 538 λήψεται
2245 489 2256 502 ·
2285 474 2316 544 ῆ
2350 477 2443 529 καὶ
2474 477 2677 547 ἑτέρως
2699 480 2934 547 νοήσεις,
2966 479 3047 532 δτι
3075 479 3282 543 δίκαιος
3308 479 3561 548 λογισθὴ-

314 555 562 625 suscipit,
604 565 656 610 et
685 556 915 627 accipiet
951 557 1253 612 mercedem
1288 573 1451 628 quam
1485 558 1612 628 justi
1643 560 1882 630 capiunt.

384 739 550 796 Vens.
591 742 680 798 4‘2.
720 763 739 796 ι
785 742 850 798 Ει
874 744 1183 816 quicunque
1212 747 1478 815 potaverit
1509 762 1673 802 unum
1701 763 1763 802 ex
1791 763 1887 816 pu-

311 832 447 887 sillis
488 833 609 888 istis
638 835 830 901 poculo
859 834 1072 904 frigidae
1105 853 1258 905 aqua:
1309 846 1514 894 tantum
1574 837 1627 890 in
1671 838 1887 892 nomine

313 926 581 995 discipuli,
615 943 776 984 amen
803 929 928 984 dico
955 931 1128 994 vobis,
1161 946 1268 985 non
1294 933 1605 1001 perditurus
1641 941 1724 986 est
1753 946 1889 986 nter-

313 1021 498 1074 a-edem
537 1037 712 1078 suam.
764 1041 783 1074 ι
822 1021 901 1078 Ne
939 1033 1310 1095 paupertatem
1339 1025 1461 1094 quis
1495 1031 1780 1094 praetexat,
1814 1025 1889 1080 di-

313 1114 386 1166 cit
415 1114 561 1183 quod
601 1115 717 1172 Etsi
767 1116 1021 1186 peculnm
1077 1132 1230 1186 aqua:
1273 1101 1483 1186 frigida;
1536 1122 1631 1171 des
1667 1117 1773 1188 52
1825 1133 1890 1174 eo

315 1207 456 1274 quod
482 1206 570 1262 ille
602 1223 756 1266 meus
783 1209 1082 1280 discipulus
1101 1213 1190 1276 sit,
1223 1219 1276 1266 et
1298 1210 1459 1280 hujus
1482 1211 1719 1280 accipies
1749 1227 1890 1266 ruer-

315 1296 522 1355 cedem.
580 1297 838 1369 Poculuont
892 1310 1068 1358 autem
1097 1318 1252 1372 aqua:
1303 1303 1514 1375 frigidae
1557 1306 1649 1357 dat
1693 1315 1747 1357 et
1795 1303 1889 1372 qui

316 1389 472 1448 docet
522 1393 827 1464 quempiam
874 1393 1193 1460 ﬂagrantem
1258 1397 1383 1467 igne
1445 1396 1742 1449 iracundia:
1799 1395 1884 1448 vel

317 1483 876 1550 concupiscentiarum
908 1496 961 1540 et
1004 1485 1284 1541 faciteum
1338 1487 1608 1542 nominari
1655 1485 1894 1555 discipue

319 1571 426 1626 lum
463 1572 664 1630 Christi
699 1594 713 1631 :
741 1591 839 1634 nec
862 1578 951 1634 hic
980 1578 1144 1647 igitur
1169 1581 1354 1648 perdet
1390 1565 1695 1636 mercedem
1715 1595 1888 1634 suam.

907 1711 1136 1768 CAPUT
1191 1712 1282 1769 XI.

635 1823 708 1884 De
741 1825 806 1879 iis
839 1827 930 1898 qui
963 1827 1109 1880 missi
1144 1837 1264 1880 sunt
1295 1844 1326 1880 α
1356 1826 1583 1880 Joanne.

395 1938 560 1996 Vens.
597 1942 647 1997 Ι.
689 1961 708 1993 ι
747 1940 810 1998 Et
831 1942 1034 1997 factum
1078 1953 1162 1997 est
1191 1957 1312 1997 cum
1346 1942 1508 1997 ﬁnem
1541 1941 1761 1998 fecisset
1803 1939 1896 1997 Je-

324 2047 415 2086 Sus
463 2033 754 2086 mandandi
786 2034 1068 2092 duodecim
1111 2033 1392 2104 discipulis
1427 2035 1540 2088 suis
1576 2051 1588 2088 :
1623 2035 1899 2103 digressus

325 2133 407 2174 est
447 2121 594 2177 illinc
625 2131 682 2176 ut
733 2125 952 2178 doceret
1006 2131 1062 2178 et
1115 2125 1436 2192 praedicaret
1490 2125 1544 2177 in
1589 2121 1901 2179 civitatibus

326 2210 567 2270 illorum.
607 2234 626 2270 ι
663 2215 840 2270 Missis
873 2214 1155 2284 discipulis
1193 2218 1306 2286 ipse
1348 2223 1528 2272 cessat
1569 2214 1746 2269 facere
1798 2212 1901 2271 mi-

329 2303 535 2368 racula,
570 2315 620 2360 et
677 2305 852 2360 solum
910 2305 1139 2364 docebat
1191 2305 1245 2360 iu
1295 2305 1604 2375 synagOgis.
1671 2301 1806 2358 Nam
1853 2302 1898 2356 si

328 2395 443 2463 ipse
478 2411 715 2465 prtesens
742 2407 1007 2460 curasset,
1050 2395 1180 2450 uirili
1245 2406 1370 2450 tunc
1416 2394 1778 2451 accessissent
1822 2393 1902 2447 di-

331 2489 568 2560 scipulos
593 2510 607 2546 :
632 2500 690 2547 ut
715 2491 879 2562 igitur
909 2501 966 2548 et
1004 2491 1080 2546 illi
1120 2491 1357 2548 habeant
1409 2491 1593 2548 iocum
1647 2488 1900 2554 sanandi,

328 2579 444 2653 ipse
476 2583 749 2654 digresms
779 2593 882 2640 est.

401 2670 561 2728 Vens.
590 2673 645 2738 2,
674 2675 727 2728 5.
767 2693 786 2726 ι
811 2674 1048 2736 Joannes
1077 2686 1255 2732 autem
1282 2689 1405 2730 cum
1438 2673 1685 2730 audisset
1706 2672 1758 2726 in
1781 2685 1903 2727 caro

330 2779 455 2820 cere
486 2764 627 2822 facta
659 2765 883 2831 Christi,
916 2768 1096 2824 missis
1122 2768 1331 2823 duobus
1363 2781 1431 2822 ex
1461 2765 1742 2835 discipulis
1771 2766 1902 2829 suis,

333 2859 469 2913 dixit
493 2859 567 2912 illi
595 2876 610 2914 :
640 2858 717 2914 Tu
747 2875 806 2917 es
825 2861 916 2931 qui
951 2869 1212 2915 venturus
1231 2875 1312 2924 es,
1335 2875 1403 2914 an
1439 2859 1602 2913 alium
1627 2869 1904 2926 exspecta-

335 2951 508 3006 ntus?
549 2971 568 3005 ι
623 2953 740 3007 Νοη
794 2952 1092 3024 interrogat
1145 2951 1387 3008 Joannes
1439 2949 1598 3022 quasi
1653 2949 1907 3020 ignorans

335 3043 633 3102 Christum.
664 3042 798 3098 Nam
829 3060 938 3115 quo
979 3053 1137 3114 pacto
1171 3044 1467 3112 ignoraret,
1501 3058 1625 3100 cum
1681 3050 1908 3096 testatus

1990 579 2142 617 σεται
2174 567 2270 620 καὶ
2302 569 2465 629 αὐτὸς
2501 569 2529 620 ὁ
2552 570 2868 640 δεξάμενος.
2899 571 2991 625 καὶ
3020 570 3252 642 λήψεται
3284 572 3475 642 μισθὸν
3501 573 3562 625 δν

1987 657 2036 708 οἱ
2067 658 2265 711 δικαιοι
2291 659 2684 730 λαμϐάνουσιν.

2068 768 2088 801 ι
2133 753 2241 806 Καὶ
2271 751 2330 816 ὃς
2359 754 2454 805 ἐὰν
2488 753 2684 825 ποτίσῃ
2712 753 2809 807 ἕνα
2836 753 2946 807 τῶν
2975 755 3190 824 μικρῶν
3223 755 3426 808 τούτων
3465 774 3564 808 τιο-

1988 839 2178 908 τήριον
2206 840 2417 911 ψυχροῦ
2449 842 2630 912 μόνον,
2662 845 2743 904 είς
2763 842 2934 913 ὂνομα
2959 844 3225 913 μαθητοῦ,
3252 845 3400 914 ἀμὴν
3422 845 3566 912 λέγω

1990 932 2138 1001 ὑμῖν.
2166 933 2228 986 οὗ
2263 935 2337 1003 μὴ
2385 935 2624 1008 ἀπολέσῃ
2673 936 2764 990 τὸν
2803 935 2994 1006 μισθὸν
3025 936 3213 990 αὑτοῦ.
3255 958 3272 988 ι
3321 937 3438 989 Ἵνα
3491 936 3566 1006 μὴ

1994 1025 2186 1078 πενίαν
2215 1026 2588 1098 προϐάλληται
2610 1045 2712 1092 τις,
2765 1029 2954 1098 φησὶν,
2997 1028 3082 1080 ὅτι
3139 1027 3258 1081 Κᾶν
3309 1030 3568 1096 ποτήριον

1992 1117 2186 1182 ὓδατος
2219 1119 2426 1190 ψυχροῦ
2466 1120 2596 1192 δῷς,
2646 1121 2810 1192 χάριν
2843 1120 2938 1172 τοῦ
2968 1118 3106 1173 εἶναι
3148 1120 3279 1186 ἐμὸν
3323 1119 3568 1188 μαθητὴν

1992 1212 2219 1275 ἐκεῖνον,
2261 1213 2354 1265 καὶ
2381 1212 2573 1267 τούτου
2623 1212 2768 1286 λήψῃ
2803 1212 2894 1265 τὸν
2943 1211 3172 1275 μισθόν·
3219 1213 3476 1279 ποτήριον
3510 1211 3568 1262 δὲ

1991 1302 2200 1373 ψυχροῦ
2223 1303 2406 1357 δίδωσι
2432 1304 2526 1358 καὶ
2551 1307 2579 1359 δ
2612 1304 2878 1358 διδάσκων
2919 1303 3041 1355 τινὰ
3069 1301 3454 1370 φλογιζόμενον
3493 1300 3571 1369 τῷ

1992 1397 2084 1449 τοῦ
2109 1395 2280 1467 θυμοῦ
2301 1397 2434 1466 πυρὶ
2463 1397 2559 1449 καὶ
2591 1397 2699 1449 τῶν
2728 1395 3056 1464 ἐπιθυμιῶν.
3089 1395 3194 1448 Καὶ
3218 1393 3386 1445 ποιῶν
3411 1393 3572 1445 αὑτὸν

1997 1488 2243 1558 μαθητὴν
2269 1487 2632 1557 ὀνομάζεσθαι
2662 1487 2922 1558 Χριστοῦ,
2953 1487 3074 1542 οὐδὲ
3104 1481 3258 1548 οὗτος
3288 1484 3380 1544 οῦν
3405 1484 3576 1537 ἀπόλπ

1994 1575 2114 1627 λυσι
2144 1575 2234 1628 τὸν
2269 1575 2461 1645 μισθὸν
2488 1576 2678 1630 αὑτοῦ.

2582 1709 2836 1766 ΚΕΦΑΛ.
2879 1709 2980 1764 IA'.

2109 1827 2245 1895 Περὶ
2280 1825 2399 1882 τῶν
2437 1825 2910 1884 ἀποσταλέντων
2955 1826 3113 1894 παρὰ
3169 1824 3463 1882 Ἰωάννου.

2079 1962 2098 1994 ι
2135 1941 2246 1995 Καὶ
2284 1942 2500 2009 ἐγένετο
2531 1942 2620 1996 ὅτε
2660 1939 2905 1994 ἐτέλεσεν
2949 1941 2977 1992 6
3028 1937 3234 2009 Ἰησοῦς
3267 1938 3579 1992 διατάσσων

1999 2035 2112 2096 τοῖς
2153 2031 2363 2085 δώδεκα
2401 2030 2671 2102 μαθηταῖς
2719 2029 2912 2097 αὑτοῦ,
2965 2030 3172 2102 μετέϐη
3224 2029 3433 2082 ἐκεῖθεν
3477 2026 3574 2080 τοῦ

1999 2127 2271 2184 διδάσκειν
2311 2125 2409 2178 καὶ
2461 2125 2760 2193 κηρύσσειν
2793 2123 2851 2176 ἐν
2891 2125 3013 2187 ταῖς
3051 2121 3270 2174 πόλεσιν
3307 2119 3505 2173 αὐτῶν.
3547 2138 3572 2172 ι

2002 2221 2142 2282 Τοὺς
2175 2218 2423 2288 μαθητὰς
2459 2216 2807 2281 ἀποστείλας,
2839 2215 3004 2279 αὐτὸς
3047 2212 3236 2267 λοιπὸν
3290 2211 3575 2281 ἡσυχάζει,

2006 2312 2169 2383 μηδὲν
2205 2309 2662 2380 θαυματουργῶν,
2695 2308 2830 2362 ἀλλὰ
2863 2308 3024 2378 μόνον
3067 2306 3334 2360 διδάσκων
3374 2306 3430 2357 ἐν
3460 2308 3576 2365 ταῖς

2007 2406 2380 2472 συναγωγαῖς.
2430 2404 2492 2456 Εἰ
2533 2401 2642 2474 γὰρ
2677 2402 2842 2464 αὐτὸς
2873 2399 3174 2470 ἐθεράπευε
3219 2397 3430 2469 παρὼν,
3466 2397 3578 2457 ,οὒκ

2005 2498 2072 2554 ἂν
2107 2495 2484 2568 προσήρχοντό
2511 2511 2658 2558 τινες
2690 2496 2802 2557 τοῖς
2831 2493 3100 2564 μαθηταῖς
3122 2507 3136 2522 ·
3172 2492 3259 2546 ἵνα
3290 2490 3385 2544 οὖν
3410 2485 3578 2560 σχῶπ

2003 2590 2186 2662 χώραν
2219 2591 2414 2642 ἐκεῖνοι
2441 2587 2535 2641 τοῦ
2567 2585 2913 2657 θεραπεύειν,
2962 2584 3124 2646 αὐτὸς
3156 2581 3504 2650 μεταϐαίνει.

2084 2703 2102 2734 ι
2155 2682 2214 2736 Ὀ
2241 2682 2296 2735 δέ
2342 2679 2595 2753 Ἰωάννης
2627 2678 2867 2741 ἀκούσας
2897 2680 2955 2731 ἐν
2989 2676 3068 2747 τῷ
3111 2673 3473 2745 δεσμωτηρίῳ
3512 2672 3580 2724 τὰ

2007 2776 2144 2845 ἔργα
2173 2773 2266 2827 τοῦ
2304 2773 2568 2844 Χριστοῦ,
2595 2770 2817 2841 πέμψας
2845 2769 2940 2822 δύο
2960 2768 3071 2822 τῶν
3099 2765 3363 2837 μαθητῶν
3391 2761 3578 2824 αὑτοῦ,

2007 2865 2159 2925 εἶπεν
2191 2866 2371 2937 αὐτῷ’
2403 2865 2475 2919 Σὺ
2506 2860 2558 2918 εῐ
2577 2865 2606 2917 6
2633 2862 2948 2935 ἐρχόμενος,
2978 2860 3012 2930 ἢ
3043 2859 3230 2930 ἕτερον
3263 2854 3582 2928 προσδοκῶ-

2013 2979 2142 3033 μεν;
2192 2980 2209 3012 ι
2251 2960 2365 3030 Οὐχ
2395 2959 2470 3022 ὡς
2501 2957 2662 3022 αὐτὸς
2701 2955 2912 3024 ἀγνοῶν
2943 2953 3037 3007 τὸν
3066 2951 3304 3021 Χριστὸν
3331 2951 3359 3002 6
3399 2947 3580 3001 Ἰωάν-

2007 3071 2106 3123 νης
2136 3053 2334 3123 ἐρωτᾷ.
2369 3049 2494 3112 Πῶς
2519 3045 2650 3116 γὰρ,
2679 3047 2818 3116 ὑπὲρ
2845 3037 2906 3099 οῦ
2938 3045 3270 3114 ἐμαρτύρει,
3302 3041 3383 3093 ὅτι
3419 3057 3437 3089 ι
3477 3036 3580 3089 Ἴδε

338 3138 403 3191 sit
431 3155 445 3192 :
479 3137 614 3192 Ecce
642 3139 825 3223 Agnus
856 3138 947 3192 Dei
972 3137 996 3191 ?
1020 3137 1218 3193 Verum
1249 3138 1375 3208 quia
1401 3135 1647 3207 discipuli
1680 3135 1799 3205 ejus
1829 3135 1909 3188 in-

2013 3148 2038 3199 6
2081 3143 2275 3214 Ἀμνδς
2309 3141 2402 3195 τοῦ
2432 3139 2604 3204 Θεοῦς
2649 3157 2668 3190 ι
2721 3137 2859 3192 Ἀλλ’
2903 3138 3025 3190 ἐπεὶ
3057 3136 3104 3188 οί
3151 3131 3392 3204 μαθηταὶ
3418 3127 3586 3183 αὐτοῦ.

338 3229 854 3292 videbantChristo,
885 3238 945 3285 ιιι
989 3229 1236 3289 pluribus
1275 3228 1612 3299 argumentis
1648 3228 1911 3286 certiores

337 3336 431 3375 eos
459 3321 753 3376 redderet:
781 3331 1005 3391 propter
1051 3321 1156 3378 hoc
1211 3320 1378 3376 mittit
1403 3334 1520 3385 eos,
1561 3329 1618 3373 ut
1662 3318 1745 3370 vel
1787 3318 1914 3372 visis

344 3412 620 3467 miraculis
648 3414 871 3470 credant
912 3413 1192 3470 Christum
1223 3411 1438 3472 Joanne
1461 3411 1720 3480 majorem
1754 3425 1910 3465 esse:

340 3511 395 3556 et
424 3501 624 3556 idcirco
659 3501 807 3570 ﬁngit
834 3517 894 3558 se
927 3518 1157 3572 rogare:
1197 3502 1276 3558 Tu
1303 3518 1364 3557 es
1396 3501 1486 3572 qui
1512 3510 1770 3556 venturus
1797 3514 1857 3554 es
1889 3498 1912 3551 ‘1

340 3595 440 3650 hoc
461 3600 564 3660 est,
586 3593 678 3663 qui
700 3603 1045 3664 exspectatur
1074 3595 1127 3648 in
1157 3593 1452 3665 Scripturis
1471 3593 1526 3649 in
1551 3606 1716 3648 carne
1733 3599 1916 3644 ventu-

344 3700 458 3760 rus,
489 3683 742 3742 Nonnulli
767 3687 1180 3748 autem-dicunt,
1206 3687 1350 3756 quod
1375 3701 1497 3742 cum
1551 3684 1747 3739 dixerit
1782 3697 1914 3736 vett-

343 3786 544 3842 turum,
570 3775 921 3846 interrogavit
967 3780 1034 3840 de
1061 3779 1320 3842 descensu
1359 3778 1428 3832 ad
1482 3777 1706 3843 inferos,
1759 3775 1914 3846 quasi

343 3863 833 3936 iguoretdoannesIl
861 3876 918 3922 et
946 3868 1088 3926 dicat
1120 3885 1133 3921 :
1161 3869 1232 3922 Es
1271 3877 1323 3926 tu
1369 3867 1458 3922 ille
1501 3867 1592 3937 qui
1630 3867 1695 3919 ad
1728 3865 1898 3920 infer-

346 3971 470 4010 unm
500 3965 759 4011 venturus
775 3964 877 4023 est,
895 3969 962 4011 an
988 3955 1150 4010 alium
1167 3955 1583 4025 exspectamus?
1608 3953 1721 4010 Hoc
1735 3963 1914 4009 autem

344 4048 596 4104 frivolum
647 4047 812 4103 fuerit
865 4047 1066 4102 dicere.
1101 4045 1236 4100 Cum
1282 4048 1426 4104 enim
1464 4046 1743 4117 prophetis
1798 4044 1918 4099 aliis

344 4141 694 4198 excellentior
725 4142 892 4197 fuerit
919 4139 1178 4208 Joannes,
1209 4141 1477 4209 quomodo
1509 4138 1915 4194 cruciﬁxionem

346 4236 542 4290 Christi
576 4245 630 4290 et
663 4235 778 4304 ejus
839 4235 904 4289 ad
957 4235 1166 4290 inferos
1215 4236 1534 4298 descensum
1595 4232 1914 4302 ignorasset,

349 4329 648 4399 praesertim
716 4343 837 4381 cum
889 4325 1168 4382 Christum
1231 4341 1427 4396 agnum
1492 4323 1803 4386 nominarit,
1855 4337 1918 4375 eo

349 4423 491 4488 quod
550 4438 647 4493 pro
694 4421 1244 4477 nobisimmolandus
1289 4418 1706 4474 erat?Sciebal
1754 4417 1919 4486 igitur

2013 3237 2271 3307 ἐφθόνουν
2299 3234 2378 3305 τῷ
2400 3233 2642 3306 Χριστῷ.
2672 3233 2762 3286 ἵνα
2783 3229 3177 3302 πληροφορήσῃ
3208 3225 3470 3286 ἐκείνους,
3496 3222 3582 3274 διὰ

2014 3327 2170 3381 τοῦτο
2193 3326 2510 3381 ἀποστέλλει
2542 3325 2760 3387 αὐτοὺς,
2784 3323 2860 3387 ὡς
2886 3323 2952 3376 ἂν
2971 3321 3040 3374 τὰ
3070 3320 3325 3388 θαύματα
3388 3313 3584 3373 ἰδόντες

2015 3418 2332 3482 πεισθῶσιν,
2359 3417 2441 3471 ὃτι
2468 3416 2668 3486 μείζων
2699 3414 2794 3468 τοῦ
2828 3413 3078 3468 Ἰωάννου
3109 3410 3255 3463 ἐστὶν
3275 3411 3304 3462 6
3328 3404 3582 3477 Χριστός·

2014 3510 2102 3564 διὰ
2139 3508 2299 3562 τοῦτο
2331 3509 2422 3563 καὶ
2463 3505 2857 3576 σχηματίζεται
2907 3504 3067 3566 αὐτὸς
3089 3503 3323 3573 ἐρωτᾷν,
3375 3499 3447 3552 Σὺ
3480 3492 3530 3548 εἴ
3559 3497 3591 3557 6

2016 3601 2349 3670 ἐρχόμενος;
2404 3598 2704 3660 τουτέστιν,
2755 3597 2784 3647 ὁ
2833 3593 3286 3667 προσδοκώμενος
3349 3592 3408 3643 ἐν
3468 3590 3585 3649 ταῖς

2017 3693 2257 3764 Γραφαῖς
2287 3690 2544 3762 ἔρχεσθαι
2598 3688 2734 3760 μετᾶ
2767 3687 2989 3758 σαρκός.
3021 3687 3179 3747 Τινὲς
3206 3684 3262 3738 δέ
3300 3699 3462 3752 φασιν
3503 3683 3586 3734 ὅτι.

2015 3787 2076 3844 τὸ
2108 3785 2421 3856 ἐρχόμενος,
2454 3783 2584 3851 περὶ
2615 3781 2714 3853 τῆς
2749 3782 2828 3842 εἰς
2859 3779 2992 3851 ᾅδην
3017 3777 3249 3830 καθόδου
3279 3775 3582 3846 ἠρώτησεν,

2015 3880 2091 3944 ὡς
2127 3878 2337 3947 ἀγνοῶν
2365 3877 2394 3929 6
2435 3875 2709 3945 Ἰωάννης,
2740 3875 2941 3930 ὡσανεὶ
2979 3872 3152 3940 λέγων
3172 3888 3185 3901 ο
3216 3870 3290 3923 Σὺ
3319 3865 3370 3922 εἴ
3391 3871 3416 3921 6
3435 3867 3587 3937 ἐρχό-

2023 3989 2183 4042 μενος
2232 3971 2327 4024 καὶ
2369 3971 2446 4032 εἰς
2501 3969 2593 4021 τὸν
2639 3967 2794 4039 ᾅδην,
2835 3966 2868 4037 ἢ
2923 3965 3112 4036 ἕτερον
3170 3961 3585 4034 προσδοκῶμενς

2019 4065 2200 4120 Τοῦτο
2225 4063 2281 4116 δέ
2313 4062 2557 4131 ἀνόητον.
2603 4059 2662 4113 '0
2705 4059 2816 4129 γὰρ
2857 4057 3115 4125 Ἰωάννης
3161 4052 3457 4126 προφητῶν
3490 4067 3590 4102 πε-

2022 4155 2337 4228 ρισσότερος
2370 4151 2465 4217 ὣν,
2500 4152 2616 4216 πῶς
2651 4153 2717 4206 ἂν
2770 4151 2962 4220 ὴγνόει
3007 4149 3106 4219 τὴν
3153 4145 3463 4216 σταύρωσιν
3494 4140 3590 4201 τοῦ¹

2021 4245 2260 4318 Χριστοῦ
2288 4245 2380 4297 καί⁸
2407 4244 2508 4316 τὴν
2531 4246 2611 4307 είς
2652 4243 2777 4316 ᾅδου
2809 4241 3057 4305 κάθοδον,
3093 4240 3189 4292 καὶ
3224 4237 3394 4291 ταῦτα
3421 4233 3597 4305 ἀμνὸν,

2021 4337 2184 4392 αὑτὸν
2203 4336 2495 4406 ὀνομάσας,
2517 4335 2605 4389 διὰ
2622 4336 2683 4388 τὸ
2705 4334 2921 4405 μέλλειν
2942 4333 3080 4404 ὑπὲρ
3103 4329 3260 4401 ἡμῶν
3280 4325 3552 4397 σφαγῆναι
3573 4338 3589 4388 ;

2033 4429 2194 4500 'I‘l6st
2225 4427 2405 4484 τοίνυν
2432 4427 2460 4480 6
2503 4428 2754 4496 Ἰωάννης
2781 4428 2864 4480 ὅτι
2881 4425 2975 4478 καὶ
2994 4426 3072 4486 είς
3101 4422 3227 4493 ᾅδου
3260 4419 3537 4474 ἐλεύσεται
3565 4417 3593 4468 6

349 4512 583 4568 Joattnes
617 4514 759 4584 quod
800 4516 866 4568 ad
895 4514 1164 4569 infernum
1189 4521 1447 4568 venturus
1483 4520 1620 4566 esset
1659 4509 1909 4563 Dominus

2025 4522 2227 4592 Κύριος
2264 4519 2402 4588 μετὰ
2431 4519 2530 4588 τῆς
2557 4519 2753 4588 ψυχῆς,
2807 4519 2893 4572 ἵνα
2923 4517 3085 4569 κάκεί
3113 4513 3282 4585 σώσῃ,
3309 4510 3383 4575 ὦς
3430 4527 3592 4579 φησιν

349 4620 473 4658 cum
506 4606 710 4669 anima,
747 4615 804 4660 ιιι
849 4615 902 4660 et
932 4607 1039 4661 illic
1072 4605 1330 4671 salvaret,
1362 4603 1503 4659 sicut
1525 4601 1662 4656 dixit
1706 4598 1924 4670 Grego—

354 4700 469 4753 rius
503 4697 829 4766 Theologus,
884 4713 1075 4754 omnes
1125 4697 1216 4769 qui
1264 4693 1523 4750 credituri
1578 4700 1731 4748 erant
1776 4690 1820 4746 si
1874 4691 1923 4744 in

357 4793 550 4846 diebus
606 4793 842 4862 ipsorum
897 4792 1089 4852 fuisset
1141 4792 1478 4846 incarnatus.
1523 4786 1585 4841 Et
1623 4801 1731 4845 non
1784 4785 1926 4841 sicut

359 4888 613 4955 ignorans
647 4894 821 4954 rogat,
879 4883 977 4942 sed.
1029 4885 1170 4939 sicut
1207 4881 1392 4938 volens
1418 4879 1652 4948 copiosis
1686 4877 1927 4933 testimo-

361 4979 468 5032 niis
499 4976 795 5044 discipulos
823 4991 952 5036 snos
981 4978 1176 5032 docere
1203 4974 1270 5028 de
1295 4973 1515 5028 Christo
1545 4972 1614 5027 ob
1639 4971 1928 5026 miraculo-
1955 5002 1958 5004 η

359 5083 475 5121 rum
505 5069 897 5136 operationem.
936 5065 1070 5121 Vide
1098 5067 1243 5120 enim
1269 5064 1470 5134 etquid
1501 5062 1750 5121 Christus
1781 5062 1926 5119 dicat

358 5160 423 5213 ad
462 5159 602 5212 hanc
631 5156 1126 5226 interrogationem.
1155 5195 1173 5212 .

436 5249 596 5318 Vens.
633 5247 752 5312 4-6.
785 5247 1080 5316 Respondit
1113 5257 1290 5307 autem
1321 5245 1505 5312 Iesus,
1537 5255 1592 5302 et
1629 5247 1764 5304 dixit
1796 5248 1874 5303 eis
1909 5269 1922 5304 :

360 5345 436 5398 ite
470 5352 524 5398 et
553 5341 858 5396 renuntiate
879 5338 1071 5394 loauni
1108 5354 1169 5394 ea
1201 5356 1321 5407 quae
1350 5340 1552 5396 auditis
1577 5350 1632 5394 et
1683 5340 1876 5394 videtis
1908 5355 1928 5391 ι-

359 5435 500 5490 ι]ωοί
533 5434 736 5498 vident,
774 5441 827 5488 et
859 5432 1032 5488 claudi
1069 5432 1346 5488 ambulant
1377 5449 1396 5487 :
1427 5434 1629 5504 leprosi
1671 5433 1926 5488 mundan-

367 5541 479 5590 tur,
509 5535 566 5588 et
597 5526 746 5582 surdi
784 5525 1010 5580 audiunt
1042 5543 1056 5580 :
1095 5526 1288 5582 mortui
1328 5526 1652 5588 excitantur.
1687 5536 1742 5581 et
1793 5541 1928 5594 pau-

362 5633 519 5686 peres
556 5618 1022 5689 avangelizantur.
1062 5617 1125 5671 Et
1169 5618 1357 5672 beatus
1409 5627 1490 5672 est
1525 5619 1771 5691 quisquis
1819 5633 1924 5676 non

361 5709 526 5763 fuerit
559 5707 796 5764 oﬂ'ensus
850 5723 945 5777 per
1007 5724 1113 5761 me.
1165 5728 1184 5760 ι
1228 5707 1343 5762 bon
1392 5711 1550 5773 dixit,
1598 5711 1929 5764 Anunutiate

347 5801 572 5862 'Joanni.
604 5801 715 5871 Ego
739 5816 855 5855 sum
898 5800 989 5873 qui
1018 5809 1272 5855 venturus
1301 5816 1417 5856 sum
1459 5817 1470 5853 :
1510 5801 1602 5856 sed
1648 5813 1704 5855 ut
1745 5803 1923 5859 scier:

2028 4615 2054 4666 6
2083 4610 2344 4679 Θεολόγος
2377 4611 2416 4663 Γ
2421 4610 2698 4680 ρηγόριος,
2725 4611 2873 4674 τοὺς,
2893 4608 3008 4661 ὅσοι
3039 4603 3315 4658 πιστεύειν
3349 4602 3590 4672 ἔμελλον.

2027 4705 2076 4758 εί
2129 4704 2220 4756 ἐπὶ
2252 4701 2362 4754 τῶν
2397 4700 2624 4772 ἡμερῶν
2657 4700 2836 4752 αὐτῶν
2889 4695 3216 4769 ἐσαρκώθηο
3249 4694 3344 4748 καὶ
3385 4693 3482 4763 οὐχ
3521 4691 3595 4754 ὡς

2028 4791 2242 4862 ἀγνοῶν
2277 4790 2498 4862 ἐρωτᾷ,
2533 4789 2647 4842 ἀλλ’
2688 4789 2761 4850 ὡς
2806 4787 2974 4840 θέλων
3015 4783 3432 4856 πληροφορῆσαι
3473 4781 3595 4841 τοὺς

2033 4884 2281 4955 μαθητὰς
2331 4880 2498 4936 αὑτοῦ
2552 4880 2682 4951 περὶ
2731 4878 2824 4931 τοῦ
2881 4876 3140 4947 Χριστοῦ,
3193 4877 3279 4929 διὰ
3346 4875 3443 4942 τῆς
3487 4871 3597 4925 τῶν

2029 4973 2322 5042 θαυμάτων
2345 4971 2626 5042 ἐργασίας.
2651 4971 2794 5040 Ὅρα
2811 4969 2919 5040 γὰρ
2943 4969 3037 5022 καὶ
3065 4970 3093 5022 6
3117 4967 3349 5037 Χριστὸς
3377 4966 3427 5019 τί
3451 4965 3595 5032 λέγει

2030 5063 2166 5137 πρὸς
2194 5065 2292 5134 τὴν
2349 5066 2607 5133 τοιαύτην
2640 5060 2928 5136 ἐρώτησιν.

2105 5266 2126 5300 ι
2173 5243 2517 5315 Ἀποκριθεὶς
2565 5243 2620 5298 δὲ
2649 5243 2677 5294 6
2722 5241 2950 5313 Ἰησοῦς,
3001 5237 3154 5294 εἶπεν
3194 5241 3413 5302 αὐτοῖς·
3443 5259 3461 5291 ι
3497 5240 3601 5291 Πο-

2031 5339 2316 5410 ρευθέντες
2359 5336 2728 5406 ἀπαγγείλατε
2775 5335 2994 5406 Ἰωάννῃ
3029 5331 3064 5392 ἃ
3091 5331 3318 5390 ἀκούετε
3352 5333 3444 5386 καὶ
3480 5331 3599 5401 βλέ-

2029 5445 2192 5484 πετεο
2227 5428 2420 5498 τυφλοὶ⁸
2447 5429 2830 5492 ἀναϐλέπουσι,
2872 5427 2968 5484 καὶ
3006 5426 3166 5496 χωλοὶ
3203 5423 3600 5496 περιπατοῦσι·

2029 5523 2221 5595 λεπροὶ
2267 5521 2684 5592 καθαρίζονται,
2728 5523 2823 5575 καὶ
2863 5520 3040 5588 κωφοὶ
3083 5520 3341 5574 ἀκούουσι
3367 5537 3380 5549 -
3419 5517 3601 5587 νεκροὶ

2033 5617 2361 5686 ἐγείρονται,
2399 5615 2730 5684 καὶ.πτωχοὶ
2773 5614 3235 5682 εὐαγγελίζονται.
3277 5614 3384 5667 Καὶ
3420 5612 3597 5680 μακά-

2037 5710 2146 5780 ριός
2176 5712 2344 5772 ἐστιν,
2394 5708 2453 5770 ὃς
2491 5709 2586 5760 ἐᾶν
2621 5708 2695 5776 μὴ
2727 5706 3087 5776 σκανδαλισθῇ
3131 5709 3188 5758 ἐν
3228 5707 3369 5775 ἐμοί.
3435 5725 3450 5754 ι
3488 5706 3599 5758 Ουκ

2035 5799 2184 5854 ’τπεν
2243 5803 2322 5854 ὅτι
2367 5801 2759 5867 Ἀπαγγείλατε
2801 5800 2876 5870 τῷ
2922 5800 3160 5872 Ἰωάννῃ,
3211 5800 3288 5852 ὅτι
3338 5795 3448 5864 ἐγώ
3485 5795 3606 5863 είμι
