4078 6464
455 387 560 452 251
1338 383 1919 447 THEUPHYLACTI
1974 383 2388 444 ΒυιϐΑιῖῐίΕ
2427 385 2786 451 ARCHIEP.
3647 374 3758 438 252

457 497 570 566 puli
600 496 847 559 Joannis,
877 510 945 550 ne
970 496 1217 552 videatur
1247 497 1295 553 ei
1325 495 1558 551 adulari.
1594 494 1915 550 Vaticinium
1948 510 2045 548 an-

2168 496 2404 565 (ριστδς,
2442 497 2528 550 ἵνα
2573 498 2648 568 μὴ
2677 498 2806 572 δόξῃ
2836 480 3158 551 κολακεύειν
3182 494 3438 549 ἐκεῖνον.
3471 486 3770 563 Μαλαχίου

465 598 571 641 tem
596 587 798 641 dictum
833 585 1112 643 Maluchiae
1135 598 1240 642 est.

2168 587 2259 658 et;
2288 587 2520 659 ρηθεῐσα
2552 590 2885 663 προφητεία.

535 700 701 756 Vens.
731 700 818 757 Η.
859 716 878 751 ι
910 700 1083 756 Amen
1114 700 1241 756 dico
1272 701 1446 767 vobis,
1481 716 1588 757 non
1616 701 1859 756 surrexit
1900 702 2046 757 inter

2229 718 2249 751 ι
2299 700 2475 773 Ἀμὴν
2504 703 2648 770 λέγω
2692 701 2843 773 ὑμῖν,
2872 702 2973 754 οὐκ
3021 702 3326 771 ἐγήγερται
3357 700 3422 751 ἑν
3476 669 3801 765 γεννητοῖς⁸

463 804 616 847 natos
638 793 921 847 mulierum
953 792 1123 860 major
1153 791 1360 848 Joanne
1384 794 1644 863 Baptista.
1676 811 1696 846 ι
1718 791 1857 849 Cum
1890 790 2040 847 amr-

2168 794 2429 862 ruvatm‘bv
2484 796 2688 865 μείζων
2725 794 2977 849 Ἰωάννου
3009 793 3102 852 τοῦ
3138 787 3497 846 Βαπτιστοῦ.
3540 806 3560 837 ι
3610 784 3770 841 Μετὰ

463 885 701 939 matione
738 885 839 939 hoc
873 884 1073 940 asserit
1106 884 1250 954 quod
1280 899 1385 939 non
1415 885 1488 940 sit
1516 886 1800 954 quisquam
1837 881 2046 939 Joanne

2168 887 2503 955 3:6attiisato;
2549 889 2708 943 τοῦτο
2753 888 3139 959 ἀποῳαίνεται,
3186 888 3271 943 ὅτι
3326 884 3442 938 οὐκ
3492 880 3620 935 ἐστι
3682 897 3768 944 τις

464 975 653 1042 maior.
694 974 891 1030 Dieens
932 984 1115 1030 autem
1165 974 1475 1041 mulierum,
1527 977 1763 1047 seipsum
1806 975 2044 1045 excepit.

461 1068 713 1123 Christus
752 1068 897 1123 enim
952 1083 983 1122 a
1028 1067 1238 1138 virgine
1290 1077 1449 1122 natus
1493 1078 1597 1132 est,
1642 1082 1749 1122 non
1795 1067 2046 1133 muliere,

464 1178 584 1230 qua:
611 1163 787 1216 virum
818 1176 1005 1231 passa.
1040 1181 1060 1213 ‹
1114 1160 1215 1228 Qui
1247 1169 1429 1216 autem
1468 1161 1645 1216 minor
1672 1170 1754 1215 est
1784 1160 1838 1214 in
1881 1172 2050 1228 regno

466 1253 751 1318 rmlorum,
777 1254 953 1323 major
988 1253 1080 1308 illo
1102 1262 1204 1310 est.
1249 1272 1268 1305 ι
1295 1253 1564 1320 Quoniam
1596 1253 1793 1307 multas
1822 1249 2049 1307 Joannis

468 1345 577 1419 54
612 1347 796 1402 laudes
830 1348 1068 1413 dixerat,
1096 1356 1155 1401 ut
1187 1363 1256 1403 ne
1298 1356 1489 1419 putent
1519 1346 1662 1417 quod
1687 1356 1742 1401 et
1773 1361 1833 1401 se
1875 1344 2049 1414 major

469 1440 541 1493 sit
570 1439 676 1503 ille,
725 1438 898 1507 inquit
944 1440 1047 1493 hoc
1079 1439 1196 1494 loco
1245 1437 1603 1504 rnanifestius,
1647 1438 1791 1508 quod
1816 1451 1919 1507 ego
1950 1436 2050 1490 mi-

471 1546 592 1595 nor,
623 1540 679 1586 et
704 1541 829 1585 natu
859 1532 1067 1601 junior,
1100 1543 1153 1588 et
1174 1534 1331 1602 juxta
1356 1541 1592 1587 vestram
1620 1531 1933 1603 opinionem
1970 1532 2051 1585 iu-

471 1623 658 1689 ferior,
689 1625 863 1694 major
900 1626 993 1681 illo
1027 1641 1146 1682 sum
1182 1627 1235 1680 in
1272 1641 1438 1696 regno
1477 1626 1760 1690 cmlorum,
1798 1626 1900 1680 hoc
1938 1636 2051 1690 est,

472 1717 524 1770 iu
552 1716 921 1784 spiritualibus
964 1725 1019 1771 et
1050 1716 1368 1772 cmiestibus
1402 1716 1576 1771 bonis.
1622 1714 1754 1770 Nam
1788 1715 1878 1772 hic
1925 1716 2048 1787 qui-

472 1811 591 1864 dem
620 1810 734 1879 ipso
778 1810 957 1865 minor
998 1825 1140 1875 sum,
1177 1820 1233 1865 et
1262 1820 1537 1879 quatenus
1580 1810 1731 1879 prior
1762 1825 1850 1865 me
1889 1821 2049 1864 natus

2153 980 2357 1050 μείζων
2413 980 2697 1035 Ἰωάννου⁶
2753 980 3030 1049 γυναικῶν
3073 980 3130 1036 δὲ
3191 976 3399 1041 εἰπὼν,
3462 972 3765 1040 ύπεξεϊλεν

2151 1072 2366 1127 ἑαυτὸν.
2394 1072 2592 1143 ,Αὐτὸς
2669 1072 2778 1143 γάρ
2827 1074 2856 1126 6
2893 1072 3129 1142 Χριστος
3180 1068 3465 1140 γεννητὸς
3506 1062 3584 1137 ἦν
3620 1081 3765 1136 παρ-

2151 1163 2330 1230 θένου,
2366 1164 2487 1235 οὐχὶ
2538 1166 2824 1234 γυναικὸς,
2873 1165 3177 1227 τουτέστιν,
3224 1152 3514 1229 ἐλθούσης
3548 1161 3635 1223 είς
3665 1160 3766 1227 γά-

2154 1272 2276 1324 μον.
2319 1275 2338 1308 ι
2398 1256 2456 1309 ’0
2487 1257 2543 1310 δὲ
2576 1258 2902 1329 μικρότερος
2943 1258 3002 1310 ἐν
3032 1258 3097 1327 τῇ
3146 1254 3418 1326 βασιλείᾳ
3450 1252 3568 1306 τῶν
3596 1252 3768 1321 οὐρα-

2151 1346 2258 1401 νῶν
2335 1348 2538 1419 μείζων
2599 1348 2766 1402 αὐτοῦ
2844 1349 3014 1402 ἔστιν.
3087 1347 3309 1418 Ἐπειδὴ
3376 1343 3561 1399 πολλὰ
3611 1338 3766 1395 εἶπεν

2151 1436 2407 1508 ἐγκώμια
2437 1438 2568 1509 περὶ
2614 1438 2886 1503 Ἰωάννου,
2921 1437 3008 1491 ἵνα
3060 1437 3135 1509 μὴ
3170 1436 3508 1506 νωμίσωσιν
3552 1435 3637 1487 ὃτι
3673 1434 3767 1485 καὶ

2152 1531 2319 1587 αὐτοῦ
2368 1532 2574 1603 μείζων
2615 1530 2764 1585 ἐστὶν
2809 1533 3040 1597 ἐκεῖνος,
3072 1530 3240 1601 φησὶν
3292 1527 3557 1583 ἐνταῦθα
3599 1543 3766 1595 quva-

2155 1623 2414 1696 ρώτερον,
2437 1625 2522 1678 ὅτι
2552 1625 2580 1677 6
2607 1624 2933 1696 μικρότερος
2964 1622 3076 1693 ἐγὼ
3098 1624 3195 1677 καὶ
3222 1623 3377 1677 κατὰ
3406 1621 3513 1693 τὴν
3539 1621 3762 1692 ἡλικίαν

2154 1723 2250 1774 καὶ
2277 1719 2420 1773 κατὰ
2449 1719 2548 1790 τὴν
2579 1719 2735 1790 ὑμῶν
2769 1718 3064 1790 ὑπόληψιν,
3099 1718 3305 1789 μείζων
3340 1714 3522 1770 αὐτοῦ
3555 1717 3674 1785 εἰμι
3703 1715 3761 1767 ὲν

2156 1814 2220 1883 τῇ
2259 1810 2511 1883 βασιλείᾳ
2538 1809 2649 1864 τῶν
2696 1810 2968 1881 οὐρανῶν,
3002 1810 3309 1874 τουτέστιν,
3354 1808 3422 1861 ὲν
3456 1809 3579 1868 τοῖς
3600 1821 3765 1858 πνευ-

471 1912 577 1968 est,
601 1911 657 1955 et
684 1911 954 1972 quatenus
989 1902 1103 1972 ipse
1128 1900 1282 1956 vobis
1304 1916 1532 1970 magnus
1558 1900 1776 1957 videtur
1823 1904 1916 1958 sed
1943 1900 2052 1957 illic

2168 1905 2412 1974 ματικοῖς
2441 1904 2536 1957 καὶ
2559 1903 2837 1974 οὐρανίοις
2871 1903 3118 1971 ἀγαθοῖς.
3167 1900 3455 1954 Ἑνταῦοα
3498 1899 3606 1969 μὲν
3651 1896 3760 1967 γὰρ

476 1992 648 2062 major
678 2010 821 2050 sum.

546 2310 712 2368 Vens.
760 2313 848 2391 12.
886 2332 904 2364 ‹
945 2314 989 2367 Δ
1026 2313 1218 2368 diebus
1269 2322 1449 2370 autem
1516 2314 1740 2372 Joannis
1794 2316 2053 2389 Baptista:

478 2417 653 2472 usque
685 2402 750 2457 ad
783 2403 926 2458 hunc
958 2404 1099 2458 diem
1143 2420 1369 2474 regnum
1397 2405 1659 2461 caelorum
1694 2408 1800 2462 vim
1832 2410 2055 2479 patitur,

477 2504 532 2548 et
550 2495 765 2551 violenti
792 2495 1005 2565 rapiunt
1040 2496 1188 2551 illud.
1219 2516 1238 2548 ι
1265 2496 1529 2552 Videntur
1544 2497 1661 2554 haec
1688 2501 2060 2571 superioribus

485 2604 592 2644 non
644 2591 940 2656 cohaerere,
989 2590 1083 2644 sed
1156 2605 1264 2644 non
1328 2589 1407 2645 sic
1436 2590 1623 2647 habet.
1680 2592 1813 2648 Vide
1872 2594 2058 2664 igitur,

479 2684 682 2738 etenim
738 2684 805 2739 de
862 2698 923 2739 se
989 2684 1204 2739 dixerat
1261 2682 1514 2741 Christus
1563 2687 1707 2755 quod
1765 2688 1943 2759 major
1988 2689 2061 2743 sit

477 2775 710 2839 J0antte,
772 2785 827 2832 et
890 2777 1036 2848 cogit
1080 2776 1199 2831 illos
1249 2788 1307 2831 ut
1351 2778 1399 2832 ei
1443 2778 1694 2838 credant,
1762 2779 2059 2835 oszendens

478 2869 627 2939 quod
690 2869 842 2924 multi
894 2869 1112 2938 rapiunt
1179 2884 1404 2939 regnum
1479 2870 1769 2935 caelorum,
1809 2871 1911 2926 hoc
1953 2885 2058 2940 est,

484 2960 639 3016 iidem
682 2962 840 3017 inse.
890 2961 1040 3031 Opus
1064 2969 1243 3016 autem
1286 2970 1371 3015 est
1422 2960 1621 3015 virtute
1655 2962 1845 3016 multa.
1875 2962 2062 3018 Relin-

482 3069 652 3124 quere
695 3055 840 3110 enim
886 3065 1095 3125 patrem
1138 3063 1193 3108 et
1240 3064 1493 3120 matrem,
1539 3065 1596 3109 et
1635 3055 1871 3110 animam
1904 3069 2061 3111 suam

486 3157 855 3211 contemnere,
885 3155 1089 3216 quanta
1136 3143 1251 3199 vis?

559 3351 726 3407 Vens.
762 3352 844 3408 15.
898 3372 917 3404 ι
957 3353 1159 3410 Omnes
1205 3355 1352 3411 enim
1387 3354 1665 3425 prephetaa
1713 3365 1769 3410 et
1816 3356 1930 3427 ipsa
1977 3358 2061 3412 lex

487 3438 755 3515 usque'ad
790 3444 1055 3499 Joannem
1086 3445 1626 3516 prophetizaverunt.
1667 3464 1686 3498 ι
1713 3446 1781 3502 Ει
1805 3447 1908 3503 hoc
1930 3450 2065 3505 bene

489 3540 579 3592 illa
618 3538 1007 3608 consequitur:
1057 3539 1189 3593 dicit
1215 3539 1398 3594 enim:
1444 3540 1557 3607 Ego
1597 3554 1716 3595 sum
1750 3539 1838 3595 ille
1876 3550 2067 3596 ventu-

489 3648 605 3698 rus,
637 3647 829 3686 onmes
850 3632 996 3686 enim
1027 3632 1303 3701 prophetae
1326 3632 1529 3701 impleti
1552 3641 1705 3687 sunt.
1740 3631 1857 3687 Non
1884 3644 2064 3689 autem

490 3724 696 3793 itupleti
739 3723 996 3789 fuissent,
1035 3724 1081 3779 si
1122 3739 1225 3796 ego
1260 3739 1368 3780 non
1394 3724 1686 3780 venissem.
1733 3724 1875 3781 Nihil
1902 3727 2070 3798 igitur

490 3818 818 3886 exspectetis
863 3816 1111 3873 ulterius.

564 3956 731 4013 Vens.
776 3958 856 4013 14.
898 3978 916 4010 ε
956 3956 1023 4012 Ει
1062 3955 1107 4012 si
1152 3955 1316 4012 vultis
1342 3956 1610 4027 recipere,
1647 3957 1761 4024 ipse
1804 3969 1884 4015 est
1920 3961 2070 4015 lilias

494 4051 584 4107 ille
609 4051 699 4120 qui
726 4059 987 4106 venturus
1026 4057 1169 4104 erat.
1213 4067 1232 4102 ι
1265 4048 1319 4104 Si
1351 4049 1534 4112 vultis,
1570 4049 1767 4120 inquit,
1802 4052 2070 4117 accipere,

497 4140 600 4197 hoc
625 4152 730 4204 est,
767 4141 812 4194 si
838 4154 971 4196 sana
1008 4136 1485 4206 mcntejudicatis,
1507 4149 1562 4194 et
1591 4154 1697 4193 non
1732 4140 1934 4205 invida,
1960 4142 2075 4210 ipse

494 4245 573 4288 est
604 4232 748 4287 Elias
777 4246 937 4300 quem
967 4231 1104 4286 dixit
1146 4230 1414 4301 propheta
1443 4229 1737 4285 Malachias
1760 4241 2071 4287 venturum.

496 4326 708 4381 Etenim
746 4324 1058 4379 PliBCUI'SOI‘
1111 4338 1176 4378 ac
1209 4323 1354 4378 Elias
1391 4321 1529 4377 idem
1564 4325 1739 4379 sortiti
1759 4331 1885 4381 sunt
1920 4324 2078 4379 mini-

499 4416 775 4471 stet-ium:
825 4425 881 4469 et
924 4414 1014 4469 hic
1058 4413 1278 4484 quidem
1337 4414 1532 4484 prioris
1579 4415 1868 4481 adventus,
1936 4415 2079 4472 Elias

500 4518 680 4563 autem
747 4507 1066 4575 posterioris
1125 4522 1451 4577 praecursor.
1512 4507 1716 4563 Deinde
1781 4509 2077 4565 ostendens

501 4601 643 4668 quod
673 4598 902 4670 aenigma
927 4600 999 4653 sit
1036 4597 1300 4654 Joannem
1334 4598 1505 4652 Eliam
1540 4613 1682 4666 esse,
1717 4610 1770 4654 ct
1801 4600 2078 4657 intellectu

498 4705 636 4761 opus
672 4692 738 4744 ad
773 4690 1209 4760 intelligendum,
1237 4690 1414 4761 inquit
1441 4708 1455 4745 :

575 4900 741 4955 Vens.
807 4899 894 4954 15.
952 4916 971 4950 r
1032 4898 1134 4964 Qui
1190 4897 1351 4952 habet
1394 4913 1554 4955 aures
1598 4900 1663 4953 ad
1729 4899 2078 4964 audiendum,

503 4990 709 5045 audiat.
774 5007 793 5041 ι
837 4988 916 5042 lla
969 4990 1234 5045 inducens
1281 5003 1375 5044 eos
1426 5000 1483 5044 ut
1521 4992 1858 5062 interrogent
1904 5005 1967 5045 ac
2003 4991 2084 5045 di-

501 5091 679 5140 scatit.

577 5198 741 5252 Vens.
782 5197 870 5264 16,
926 5198 1011 5252 l7.
1064 5217 1081 5250 ι
1133 5199 1230 5253 Cui
1269 5211 1446 5255 autem
1490 5201 1803 5258 assimilabo
1848 5212 2082 5272 genera-

504 5292 706 5347 tionem
743 5290 927 5345 hanc?
959 5290 1165 5345 Similis
1196 5300 1280 5346 est
1306 5292 1838 5360 pueris'scdentibus
1860 5292 1913 5347 in
1942 5293 2080 5356 foro,

502 5392 557 5438 et
602 5381 1028 5438 acclamantibus
1060 5382 1338 5438 sodalibus
1380 5384 1494 5438 suis
1522 5392 1578 5437 et
1609 5382 1955 5437 dicentibus:
1986 5379 2083 5433 Τί-

483 5475 591 5533 .bia
647 5475 952 5531 cecinimus
1003 5475 1181 5541 vobis,
1225 5464 1281 5532 et
1333 5492 1437 5531 non
1486 5474 1779 5531 saltastis:
1831 5471 2081 5543 lugubria

503 5568 804 5623 cecinimus
844 5569 1017 5636 vobis,
1063 5579 1118 5624 et
1150 5586 1258 5627 non
1301 5568 1607 5640 planxistis.
1648 5584 1666 5618 ι
1706 5565 1953 5620 lnsinuat
1993 5561 2084 5617 hic

503 5658 813 5716 Judzeorum
869 5664 1262 5718 morositatem.
1314 5660 1569 5715 Diﬂiciles
1614 5658 1757 5713 enim
1817 5654 2080 5717 moribus,

507 5769 683 5824 neque
720 5753 944 5811 Joannis
986 5755 1329 5821 austeritate,
1377 5764 1555 5822 neque
1586 5747 1789 5804 Christi
1822 5743 2085 5814 simplici-

510 5858 617 5904 tate
651 5847 866 5906 invitari
898 5860 1198 5921 potuerunt
1228 5867 1240 5904 :
1274 5848 1366 5904 sed
1408 5844 1617 5902 similes
1648 5826 1867 5899 fucrtint
1896 5837 2085 5911 pot-ris

2154 1996 2486 2069 ἐλαττοῦμαι
2519 1995 2710 2062 αὐτοῦ,
2740 1997 2835 2050 καὶ
2876 1995 3001 2049 καθ’
3041 1996 3071 2048 ὃ
3111 1993 3389 2066 πρότερός
3441 2009 3552 2063 μου
3603 1994 3763 2059 ἐγεν-

2154 2090 2314 2163 νήθη,
2348 2091 2442 2143 καὶ
2481 2088 2603 2143 καθ’
2650 2088 2847 2142 δδοκεϊ
2889 2088 3018 2159 ὑμῖν
3083 2086 3246 2151 αὐτὸς
3308 2084 3521 2157 μέγας,
3559 2086 3680 2140 ἐκεῖ
3704 2084 3758 2138 δὲ

2161 2182 2363 2255 μείζων
2398 2181 2537 2253 είμί.

2237 2315 2434 2371 ιςἋπὺ
2463 2316 2519 2370 δὲ
2550 2315 2660 2370 τῶν
2708 2314 2930 2388 ἡμερῶν
2978 2315 3230 2371 Ἰωάννου
3279 2313 3385 2368 τοῦ
3442 2311 3758 2370 Βαπτιστοῦ

2162 2411 2267 2474 ’ἐως
2292 2410 2420 2482 ἄρτι
2466 2410 2498 2480 ή
2561 2407 2810 2479 βασιλεία
2842 2407 2951 2461 τῶν
2979 2407 3226 2479 οὐρανῶν
3257 2406 3550 2479 βιάζεται,
3586 2405 3683 2459 καὶ
3710 2406 3759 2457 οί

2165 2504 2386 2577 βιασταὶ⁸
2417 2502 2756 2573 ἁρπάζουσιν
2789 2501 2983 2570 αὐτήν.
3030 2520 3049 2554 ι
3084 2501 3343 2555 Φαίνεται
3389 2497 3759 2553 ἀνακόλουθον

2161 2592 2303 2650 εἶναι
2353 2594 2530 2660 τοῦτο,
2569 2593 2670 2648 οὐκ
2720 2592 2836 2647 ἐστι
2892 2593 2972 2647 δέ.
3033 2591 3235 2649 Σκόπει
3285 2592 3426 2662 γοῦν
3455 2607 3472 2624 θ
3530 2594 3627 2644 καὶ
3658 2590 3761 2658 γάρ

2164 2686 2297 2759 περὶ
2350 2684 2543 2739 ἑαυτοῦ
2594 2683 2765 2738 εἰπὼν
2805 2686 2833 2738 6
2888 2684 3145 2756 Χριστὸς,
3200 2683 3285 2738 ὅτι
3329 2683 3546 2753 μείζων
3615 2679 3758 2734 ἐστὶν

2163 2778 2437 2841 Ἰωάννου,
2488 2777 2719 2830 συνωθεῖ
2757 2776 2956 2840 αὐτοὺς
3008 2778 3087 2838 είς
3144 2775 3199 2828 t6
3230 2775 3541 2828 πιστεῦσαι
3580 2772 3757 2841 αὐτῷ·

2162 2872 2425 2926 δεικνύων
2457 2873 2539 2925 ὅτι
2588 2870 2773 2923 πολλοὶ
2809 2868 3118 2940 ἁρπάζουσι
3152 2869 3251 2937 τὴν
3303 2867 3610 2939 βασιλείαν
3651 2864 3757 2922 τῶν

2169 2964 2444 3037 οὐρανῶν,
2478 2963 2753 3028 τουτέστι,
2802 2964 2901 3034 τὴν
2950 2963 3030 3026 είς
3073 2961 3234 3015 αὐτὸν
3280 2961 3476 3014 πίστιν
3500 2976 3514 2990 ⁸
3552 2959 3675 3029 βίας
3703 2969 3758 3010 οε

2165 3057 2324 3128 χρεία
2355 3055 2577 3125 πολλῆς.
2611 3054 2686 3108 T6
2722 3054 2830 3126 γάρ
2859 3055 3076 3123 ἀφεῖναι
3106 3052 3321 3123 πατέρα
3372 3053 3471 3106 καὶ
3526 3050 3756 3122 μητέρα,

2168 3149 2261 3204 καὶ
2319 3147 2651 3220 τῆςηψυχῆς
2694 3147 2867 3218 αὐτῆς
2914 3148 3352 3221 καταφρονῆσαι,
3405 3144 3586 3215 πόσης
3640 3142 3754 3215 βίας

2087 3218 2131 3274 (τ
2167 3242 2323 3307 ὲστίς

2243 3378 2263 3410 1
2332 3358 2544 3423 Πάντες
2582 3357 2692 3428 γάρ
2751 3357 2803 3410 oi
2844 3356 3120 3428 προφῆται
3195 3353 3290 3407 καὶ
3346 3355 3376 3407 6
3429 3352 3601 3423 νόμος
3657 3350 3757 3412 ἕως

2178 3452 2426 3506 Ἰωάννου
2475 3452 2915 3524 προεφήτευσαν.
2981 3467 2999 3500 ι
3060 3446 3172 3502 Καὶ
3222 3449 3393 3501 τοῦτο
3439 3446 3543 3516 τῆς
3591 3443 3756 3511 αὐτῆς

2169 3542 2492 3607 ἀκολουθίας
2537 3542 2836 3612 ὲστί.ιι>ησ)⁸
2873 3541 3005 3612 γὰρ,
3055 3539 3137 3593 ὅτι
3179 3538 3323 3609 Ἐγώ
3373 3540 3496 3608 είμι
3535 3539 3564 3591 6
3606 3533 3754 3607 ἐρχόσ

2172 3650 2372 3704 μενος,
2423 3634 2624 3699 πάντες
2671 3636 2780 3705 γάρ
2845 3634 2895 3686 οἱ
2955 3630 3237 3701 προφῆται
3293 3630 3702 3702 πεπλήρωνται
3735 3640 3750 3657 ·

2170 3726 2272 3778 οὐκ
2302 3725 2370 3781 ἂν
2400 3725 2459 3779 δὲ
2500 3723 2924 3795 ἐπληρώθησαν,
2972 3724 3020 3774 εί
3064 3721 3139 3791 μὴ
3181 3718 3294 3792 ἐγὼ
3327 3717 3499 3794 ἦλθον
3528 3737 3544 3751 ·
3590 3716 3755 3788 μηδὲν

2169 3818 2263 3874 οὖν
2298 3818 2630 3889 προσδοκᾶτε
2666 3817 2995 3887 περαιτέρω.

2250 3977 2269 4009 ι
2314 3958 2427 4013 Καὶ
2461 3957 2510 4010 εἰ
2560 3954 2743 4009 θέλετε
2786 3952 3064 4018 δέξασθαι,
3120 3952 3282 4016 αὐτός
3312 3953 3466 4006 ἐστιν
3514 3947 3701 4009 Ἠλίας
3730 3945 3758 3997 6

2179 4051 2389 4122 μέλλων
2417 4048 2694 4121 ἔρχεσθαι.
2733 4067 2753 4098 ι
2779 4048 2841 4100 Ei
2865 4047 3067 4111 θέλετε,
3094 4046 3251 4118 φησὶ,
3281 4043 3569 4112 δέξασθαι,
3599 4057 3754 4094 τουτ-

2176 4145 2345 4208 έστιν,
2392 4146 2485 4196 ἐὰν
2518 4143 2881 4211 εὐγνωμόνως
2944 4138 3190 4210 κρίνητε,
3225 4139 3323 4191 καὶ
3357 4137 3435 4208 μὴ
3462 4130 3753 4204 φθονερῶς,

2177 4234 2341 4298 αὐτός
2383 4235 2530 4287 ἐστιν
2559 4232 2618 4285 ὃν
2659 4227 2816 4284 εἶπεν
2847 4232 2875 4282 6
2909 4228 3195 4299 προφήτης
3226 4225 3519 4297 Μαλαχίας
3571 4218 3752 4274 Ἠλίαν

2183 4326 2466 4398 μέλλοντα.
2500 4324 2608 4377 Καὶ
2655 4321 2764 4393 γὰρ
2800 4321 2829 4374 6
2880 4319 3194 4391 Πρὸδρομος
3235 4319 3331 4372 καὶ
3375 4318 3407 4375 6
3446 4312 3634 4375 Ἠλίας
3662 4308 3755 4378 τὴν

2180 4418 2349 4489 αὐτὴν
2379 4417 2564 4487 ἔχουσι
2596 4413 2896 4468 διακονίαν.
2949 4411 3009 4464 Ὀ
3035 4411 3133 4480 μὲν
3160 4410 3260 4480 τῆς
3306 4409 3534 4480 πρώτης
3563 4415 3754 4472 παρουο

2185 4511 2307 4575 σίας
2350 4506 2707 4581 προδραμὼν.
2745 4508 2773 4559 6
2817 4505 2875 4560 δὲ
2920 4504 3111 4566 Ἥλίας
3147 4503 3247 4574 τῆς
3282 4499 3589 4573 μελλούσης
3621 4508 3751 4563 προ-

2182 4603 2579 4674 δραμούμενος.
2614 4594 2745 4653 Εἶτα
2776 4597 3041 4652 δεικνύων
3072 4596 3154 4650 ὅτι
3178 4595 3413 4664 αἴνιγμά
3437 4594 3552 4652 ἐστι
3581 4589 3639 4642 τὸ
3667 4585 3751 4637 τὸν

2184 4695 2441 4763 Ἰωάννην
2484 4692 2672 4746 Ἠλίαν
2704 4685 2867 4755 εἶναι,
2896 4688 2993 4743 καὶ
3038 4686 3308 4755 συνέσεως
3343 4684 3506 4758 χρεία
3538 4679 3669 4751 πρὸς
3698 4676 3754 4731 τὸ

2184 4784 2396 4854 νοῆσαι,
2410 4782 2608 4852 φησὶν,
2643 4781 2726 4834 ὅτι

2260 4916 2278 4950 ι
2325 4897 2383 4950 '0
2410 4895 2550 4967 ἔχων
2575 4889 2689 4949 ὦτα
2711 4892 2958 4955 ἀκούειν,
2985 4890 3255 4957 ἀκουέτω,
3287 4909 3306 4942 ι
3339 4887 3549 4955 ἐνάγων
3563 4881 3752 4947 αὐτοὺς

2184 4989 2263 5051 εἰς
2302 4985 2364 5041 τὸ
2388 4985 2660 5057 ἐρωτῆσαι
2683 4984 2777 5037 καὶ
2807 4981 3024 5055 μαθεῖν.

2263 5211 2281 5243 ‹
2323 5190 2442 5244 Τίνι
2481 5189 2538 5243 δὲ
2566 5186 2821 5258 ὁμοιώσω
2867 5186 2971 5259 τὴν
3020 5184 3219 5254 γενεὰν
3266 5184 3504 5252 ταύτην;
3565 5172 3748 5245 Ὁμοία

2186 5282 2303 5338 ἐστὶ
2351 5279 2583 5342 παιδίοις
2621 5275 2957 5349 καθημένοις
3006 5276 3064 5328 ὲν
3118 5276 3313 5346 ἀγορᾷ,
3363 5273 3458 5327 καὶ
3507 5280 3747 5339 προσφω-

2184 5373 2338 5429 νοῢσι
2368 5374 2481 5435 τοῖς
2506 5353 2742 5441 ἑταίροις
2764 5367 2969 5431 αὐτῶν,
2999 5368 3093 5420 καὶ
3111 5366 3366 5433 λέγουσιν
3393 5380 3407 5394 ο
3433 5359 3747 5429 Ηύλήσαμεν

2187 5465 2340 5534 ὑμῖν,
2369 5463 2462 5518 καί
2493 5460 2595 5513 οὐκ
2638 5457 2989 5530 ὠρχήσασθε.
3029 5457 3448 5526 Ἐθρηνήσαμεν
3481 5451 3628 5519 ὑμῖν,
3664 5441 3749 5496 καὶ

2184 5557 2285 5609 οὐκ
2318 5550 2609 5621 ἐκόψασθε.
2651 5569 2668 5602 ι
2712 5551 2786 5604 T6
2811 5551 3141 5622 δυσάρεστον
3160 5549 3266 5602 τῶν
3300 5542 3566 5600 Ἰουδαίων
3585 5534 3746 5590 αἰνίτ-

2186 5665 2338 5701 τεται
2363 5643 2619 5699 ἐνταῦθα.
2659 5642 2961 5713 Δύστροποι
2990 5641 3099 5713 γάρ
3132 5642 3306 5706 ὄντες,
3341 5637 3465 5693 οὐτε
3499 5636 3565 5704 τῇ
3598 5626 3748 5693 σκληο

2192 5740 2441 5813 ραγωγίᾳ
2498 5736 2594 5792 τοῦ
2652 5736 2901 5790 Ἰωάννου
2968 5737 3292 5807 ἠρέσκοντο,
3356 5729 3475 5786 οὐτε
3539 5726 3601 5794 τῇ
3658 5714 3741 5771 τοῦ

2187 5833 2427 5906 Χριστοῦ
2455 5830 2739 5901 ἁπλότητι⁸
2770 5826 2885 5883 ἀλλ’
2911 5829 3087 5900 ὅμοιοι
3112 5822 3250 5899 ἦσαν
3276 5824 3502 5884 παιδίοις
3527 5819 3741 5883 δυσαρε⁴
