4078 6464
322 375 435 441 $5

959 373 1408 434 ENABRATIO
1453 374 1533 434 IN
1585 373 2090 438 EVANGELIUM
2123 373 2509 434 MATTH/EI.
2550 399 2612 410 ’-
2645 374 2801 435 CAP.
2845 374 2981 436 XII.
3044 335 3050 341 Ι

3475 375 3586 443 266

325 507 432 545 νων
459 483 976 557 παραμυθούμενος,
1002 488 1064 538 οὐ
1090 487 1231 539 θέλει
1250 486 1638 557 φανεροῦσθαι.
1675 482 1897 539 Ἐσπούι

2011 499 2113 554 ret,
2175 482 2508 545 mant'fe'stari
2565 505 2667 543 non
2719 492 2851 546 vult.
2927 489 3069 546 Nihil
3113 491 3256 546 enim
3308 492 3591 551 omittebat

326 582 456 646 δαςε
488 580 598 650 γὰρ
631 583 798 635 παντὶ
829 580 1016 650 τρόπῳ
1041 577 1370 649 θεραπεύειν
1402 577 1621 640 αὐτούς.

402 693 422 726 ι
460 675 653 736 Ὅπως
684 672 948 745 πληρωθῇ
975 672 1036 724 τὸ
1069 670 1234 742 ῥηθὲν
1264 670 1352 723 sta
1385 670 1610 724 Ἦσαῖου
1645 669 1736 723 τοῦ
1768 687 1904 739 προ-

325 768 498 839 φήτου
581 766 874 835 λέγοντος’
919 765 1053 818 Ἰδοὺ
1080 766 1107 817 ὁ
1154 765 1310 826 παῖς.
1323 780 1427 832 μου
1469 762 1529 815 ὃν
1555 761 1789 834 ᾑρέτισα
1814 779 1826 792 ·
1874 762 1904 814 ὁ

321 857 611 927 ἀγαπητός
649 875 774 928 μου,
807 858 889 920 εἰς
920 856 978 908 ὃν
1013 854 1305 924 εὐδόκησεν
1335 856 1367 922 ἡ
1399 853 1545 923 ψυχή
1585 870 1710 923 μου.
1741 851 1903 923 Θήσω

318 952 384 1004 τὺ
420 949 643 1026 πνεῦμά
676 967 779 1019 μου
827 950 917 1001 ἐπ’
952 949 1138 1013 αὑτὸν,
1177 948 1273 1002 καὶ
1321 947 1506 1017 κρίσιν
1531 948 1642 1010 τοῖς
1693 945 1903 998 ἔθνεσιν

320 1044 647 1110 ἀπαγγελεῖ.
697 1043 813 1096 Οὐκ
863 1042 1065 1114 ἐρίσει,
1100 1040 1224 1094 οὐδὲ
1256 1038 1582 1110 κραυγάσει.
1620 1058 1638 1090 ι
1674 1039 1902 1106 Είσάγει

321 1136 419 1187 καὶ
449 1133 544 1186 τὸν
576 1135 864 1205 προφήτην
905 1132 1164 1203 μάρτυρα
1193 1130 1293 1201 τῆς
1323 1130 1416 1184 τοῦ
1443 1129 1620 1200 Ἰησοῦ
1655 1132 1901 1202 πραότη-

324 1243 439 1288 τος.
476 1225 618 1277 ’Ὅσα
651 1224 785 1295 γὰρ,
819 1225 976 1294 φησι,
1010 1223 1255 1292 θέλουσιν
1284 1223 1332 1275 oi
1355 1222 1628 1284 Ἰουδαῖοι,
1659 1222 1899 1292 ποιήσει’

318 1319 369 1369 εί
407 1317 658 1370 θέλουσιν
689 1315 854 1369 αὑτὸν
895 1317 972 1386 μὴ
1015 1313 1330 1385 φαίνεσθαι,
1377 1312 1575 1368 οὐκοῦν
1627 1313 1902 1367 καὶτοῦτο

321 1409 562 1478 ποιησει,
605 1407 700 1459 καὶ
746 1406 848 1460 οὐκ
896 1405 1279 1475 ἀντιστήσεται
1316 1402 1393 1468 ὡς
1439 1402 1732 1472 φιλόδοξος,
1781 1402 1902 1455 οὑδὲ

321 1498 519 1566 ἐρίσει.
563 1495 728 1549 Ἀλλὰ
760 1494 1102 1566 παραγγελεῖ
1129 1497 1242 1558 τοῖς
1272 1494 1450 1566 ὄχλοις
1483 1493 1573 1547 ἴνα
1619 1494 1694 1564 μὴ
1737 1510 1902 1562 φανε-

320 1585 577 1652 ριῦσωσιν
605 1585 794 1650 αὑτὸν,
825 1585 963 1638 ἀλλὰ
987 1585 1082 1637 καὶ
1104 1586 1216 1648 τοῖς
1239 1583 1418 1637 έθνεσι
1445 1582 1626 1654 κρίσιν
1653 1586 1903 1651 ἀπαγγε-

319 1677 421 1740 λεῖ,
456 1677 727 1742 τουτέστι,
756 1678 854 1730 καὶ
880 1677 1007 1739 τοὺς
1033 1675 1283 1738 ὲθνικοὺς
1307 1675 1529 1741 διδάξει.
1556 1674 1756 1746 Κρίσις
1792 1674 1900 1744 γὰρ

317 1772 351 1838 ἡ
385 1768 733 1833 διδασκαλία,
775 1770 868 1822 καὶ
899 1768 1124 1836 γνῶσις,
1160 1768 1256 1822 καὶ
1284 1767 1558 1837 διάκρισις
1582 1766 1674 1821 τοῦ
1706 1765 1896 1821 καλοῦ.

2011 583 2152 653 quod
2181 584 2244 636 ad
2273 584 2481 638 illorum
2531 597 2714 637 curam
2756 585 3078 651 pertinebat.

2087 676 2248 732 Vens.
2289 678 2375 743 I7,
2409 677 2495 732 IS.
2531 695 2550 728 ι
2591 676 2658 731 Ut
2691 675 3048 745 compleretur
3079 679 3220 747 quod
3246 679 3448 734 dictum
3474 691 3594 734 erat

2012 783 2109 839 per
2136 767 2324 824 Isaiam
2367 769 2706 838 prophetam,
2749 767 3224 824 dicenteszcce
3255 768 3397 824 filius
3440 783 3594 824 meus

2011 875 2170 930 quem
2195 861 2370 930 elegi:
2406 860 2638 915 dilectus
2661 853 2835 925 meus,
2868 859 2922 914 in
2960 874 3065 930 quo
3106 861 3430 930 complacuit
3469 861 3589 913 ani-

2012 965 2098 1004 ma
2124 966 2262 1005 mea.
2315 951 2522 1004 Ponam
2567 949 2813 1018 spiritum
2869 964 3048 1004 meum
3107 963 3271 1018 super
3324 948 3494 1014 illum,
3538 957 3593 1002 et

2014 1041 2277 1110 judicium
2302 1040 2557 1110 gentibus
2591 1039 2700 1111 59
2732 1038 3091 1093 annuntiabit.
3118 1035 3248 1098 Non
3278 1038 3588 1098 contendet,

2012 1148 2186 1203 neque
2219 1133 2491 1189 clamabit.
2525 1153 2544 1186 ι
2606 1133 2900 1188 lntroducit
2936 1141 2990 1188 et
3037 1131 3351 1202 prepbetam
3399 1138 3590 1183 testem

2009 1226 2442 1280 mansuetudinis
2474 1225 2623 1281 Jesu.
2653 1224 3000 1293 Quzccunque
3037 1223 3208 1290 enim,
3235 1220 3433 1291 inquit,
3490 1234 3589 1274 vo-

2009 1317 2212 1372 luerint
2239 1316 2431 1383 Judaei,
2463 1317 2646 1372 faciet.
2682 1315 2736 1372 Si
2769 1315 3038 1372 voluerint
3068 1325 3125 1371 ut
3159 1329 3264 1370 non
3308 1323 3587 1384 appareat,

2009 1409 2171 1464 faciet
2228 1409 2388 1464 etiam
2447 1410 2610 1475 iSItld,
2639 1418 2694 1464 et
2728 1397 2830 1464 aen
2891 1408 3263 1474 reluctabitur,
3316 1417 3373 1462 ut
3413 1406 3590 1460 inanis

2009 1501 2193 1571 gloria:
2241 1501 2453 1565 avidus,
2496 1515 2672 1570 neque
2717 1499 3028 1563 contendet,
3084 1498 3179 1553 sed
3244 1496 3589 1551 annuntiabit

2011 1591 2202 1654 turbis.
2233 1607 2303 1648 ne
2352 1590 2700 1646 manifestent
2733 1606 2880 1658 eum,
2924 1599 2982 1645 et
3032 1589 3284 1659 gentibus
3321 1587 3586 1656 judicium

2008 1677 2376 1740 annuntiabit,
2415 1673 2666 1736 hoc'est,
2705 1676 2868 1731 etiam
2918 1684 3107 1746 gentes
3157 1673 3390 1728 docebit.
3435 1670 3590 1725 Judi-

2008 1768 2152 1822 cium
2184 1768 2326 1824 enim
2375 1778 2460 1824 est
2505 1769 2754 1824 doctrina
2791 1778 2844 1823 et
2893 1766 3142 1829 scientia.
3183 1775 3238 1820 et
3270 1763 3586 1836 dijudicatio

323 1863 394 1914 Ἦ
432 1863 528 1914 καὶ
570 1861 668 1931 τὴν
707 1861 1007 1931 μέλλουσαν
1039 1859 1221 1930 κρίσιν
1258 1859 1569 1928 ἀπαγγελεῖ
1604 1860 1717 1922 τοῖς
1763 1858 1897 1912 ὲθνι-

2011 1861 2157 1928 boni,
2189 1862 2293 1927 vel,
2319 1870 2373 1916 et
2407 1861 2644 1916 futurum
2689 1860 2951 1930 judicium
2977 1859 3348 1924 ,annuntiabit
3394 1859 3586 1913 Ethni-

320 1955 458 2018 κοῖς,
485 1952 537 2005 οἳ
567 1954 821 2006 οὐδέποτε
863 1953 1102 2023 ἥκουσαν
1134 1952 1264 2023 περὶ
1297 1950 1595 2022 μελλούσης
1640 1950 1896 2022 κρίσεως.

318 2062 342 2092 ‹
382 2043 520 2097 usas
570 2044 800 2097 ἀκούσει
841 2060 925 2106 τις
964 2043 1023 2096 ἐν
1050 2043 1170 2105 ταῖς
1225 2042 1509 2107 πλατείαις
1565 2044 1663 2114 τὴν
1715 2042 1900 2113 φωνὴν

319 2135 511 2188 αὑτοῦ.
561 2152 580 2186 ι
621 2136 696 2189 Οὐ
732 2135 840 2207 γὰρ
865 2136 922 2188 ὲν
953 2134 1103 2206 μέσῳ
1139 2136 1347 2206 ἀγορᾶς
1385 2134 1461 2198 ὡς
1505 2135 1555 2188 οἱ
1609 2134 1898 2204 φιλόδοξοι,

319 2226 437 2278 ἀλλ’
488 2231 546 2280 ὲν
575 2227 651 2297 τῷ
691 2227 821 2299 ἱερῷ
871 2229 964 2281 καὶ
1007 2229 1128 2289 ταῖς
1181 2228 1562 2295 συναγωγαῖς,
1611 2227 1706 2280 καὶ
1737 2228 1794 2279 ἐν
1825 2226 1902 2298 τῷ

316 2319 457 2388 δρει,
491 2318 586 2372 καὶ
621 2320 772 2389 παρὰ
800 2320 911 2382 τοῖς
940 2318 1211 2387 αἰγιαλοῖς
1237 2317 1535 2371 ἐδίδασκεν.

395 2428 415 2460 ε
457 2409 721 2480 Κάλαμον
751 2410 1213 2482 συντετριμμένον
1242 2409 1302 2463 ού
1334 2408 1608 2474 κατεάξει,
1634 2409 1728 2462 καὶ⁸
1757 2409 1901 2464 λῖνον

315 2502 622 2572 τυςξόμενον
653 2503 715 2556 ού
760 2502 962 2556 σ6έσει.
1013 2521 1032 2554 ι
1081 2503 1360 2568 Ἦδύνατο,
1413 2502 1571 2573 φησὶ,
1604 2503 1728 2566 τοὺς
1767 2502 1900 2556 Ἰου-

315 2595 502 2657 δαίους
525 2595 599 2659 ὡς
633 2595 879 2667 κάλαμον
915 2596 1380 2667 συντετριμμένον
1413 2595 1774 2659 κατακλάσαι,
1807 2597 1901 2649 καὶ

315 2690 412 2742 τὸν
438 2689 610 2759 θυμὸν
632 2689 810 2742 αὐτῶν
827 2689 903 2752 ὡς
921 2689 1065 2742 λίνον
1089 2689 1412 2759 τυφόμενον,
1445 2688 1564 2758 ἦτοι
1588 2687 1897 2758 καιόμενον,

316 2781 539 2843 σϐέσαι,
585 2781 699 2835 ἀλλ’
743 2782 843 2834 οὐκ
883 2781 1170 2853 ἠθέλησεν,
1218 2781 1322 2843 ’έως
1365 2775 1424 2834 οῦ
1477 2780 1743 2852 πληρώσῃ
1804 2781 1901 2850 τὴν

314 2873 654 2942 οἰκονομίαν,
691 2873 784 2925 καὶ
837 2875 1036 2947 νικήσῃ
1091 2874 1176 2928 διὰ
1208 2875 1424 2928 πάντων
1459 2874 1674 2937 αὐτούς.
1733 2873 1902 2927 Τοῦτο

313 2965 430 3034 γὰρ
464 2964 720 3034 σημαίνει
749 2967 808 3018 τὸ
840 2967 1204 3036 ἐπαγόμενον.

401 3072 419 3102 σ
455 3053 602 3116 Ἕως
636 3053 701 3108 ἂν
748 3054 951 3127 ἐκϐάλῃ
979 3056 1056 3118 εἰς
1099 3058 1245 3119 νῖκος
1290 3055 1390 3126 τὴν
1441 3055 1655 3126 κρίσιν·
1700 3058 1792 3110 καὶ
1823 3055 1900 3126 τῷ

312 3145 552 3214 ὀνόματι
582 3145 749 3200 αὐτοῦ
783 3147 912 3217 ἔθνη
949 3146 1249 3202 ἐλπιοῦσιν.
1279 3167 1298 3200 ι
1340 3147 1459 3201 Ἵνα
1492 3149 1602 3220 γὰρ
1637 3147 1712 3218 μὴ
1737 3147 1900 3218 ἔχωσί

315 3255 371 3287 τι
409 3237 868 3306 προφασίζεσθαι,
915 3239 1093 3294 πάντα
1122 3238 1415 3309 ὑπέμενεν,
1451 3239 1525 3303 ὡς
1569 3241 1634 3294 ἂν
1672 3239 1913 3310 ὕστερον

315 3327 664 3399 καταδικὰσῃ
694 3329 914 3394 αὐτοὺς,
944 3328 1038 3383 καὶ
1070 3333 1270 3401 νικήσῃ
1301 3330 1467 3400 μηδὲν
1493 3331 1895 3399 ἀντιλέγοντας.

315 3419 435 3472 Καὶ
489 3418 540 3470 τί
570 3421 679 3491 γὰρ
728 3421 827 3475 οὐκ
890 3420 1146 3492 ἐποίησεν
1183 3421 1271 3474 ἵνα
1337 3423 1578 3494 κερδήσῃ
1613 3423 1894 3486 ἐκείνους;

328 3510 475 3564 Ἀλλ’
515 3512 612 3564 οὐκ
657 3513 964 3583 ἠθέλησαν
1018 3513 1142 3566 ὅθεν
1193 3514 1261 3567 τὰ
1311 3513 1437 3584 ἔθνη
1489 3513 1767 3568 ἐλπιοῦσιν
1810 3515 1896 3568 ἐπ’

311 3603 509 3667 αὐτὸν,
544 3604 732 3674 ἐπειδὴ
767 3602 814 3656 ἃ
872 3604 1116 3658 Ἰουδαῖοι
1160 3605 1260 3658 οὐκ
1286 3604 1580 3676 ἠθέλησαν.

397 3716 510 3783 (I6)
566 3734 584 3766 ι
625 3716 760 3770 Τότε
815 3717 1166 3788 προσηνέχθη
1233 3717 1382 3789 αὐτῷ
1428 3718 1895 3789 δαιμονιζόμενος,

313 3807 524 3874 τυφλὸς
557 3808 652 3862 καὶ
702 3809 906 3877 κωφὸς,
951 3811 1047 3861 καὶ
1085 3809 1453 3878 ἐθεράπευσεν
1504 3810 1702 3876 αὐτὸν,
1756 3809 1896 3864 ὥστε

314 3899 418 3950 τδν
447 3900 642 3969 τυφλὸν
675 3901 771 3952 καλ⁵
809 3900 992 3969 κωφὸν
1036 3901 1134 3955 καὶ
1159 3901 1342 3956 λαλεῖν
1376 3903 1472 3956 καὶ
1506 3901 1743 3972 βλέπειν.
1789 3902 1899 3955 Καὶ

312 3990 604 4056 ἐξίσταντο
648 3993 847 4056 πάντες
874 3994 923 4046 oi
953 3993 1121 4064 ὄχλοι,
1175 3995 1270 4048 καὶ
1300 3994 1518 4062 ἔλεγον·
1550 3995 1698 4064 Μήτι
1742 3987 1898 4058 οὗτός

313 4085 533 4136 ἑστινό
559 4084 673 4148 υίὸς
703 4086 900 4152 Δαυῖδς
940 4106 960 4137 ι
1002 4087 1114 4151 Τὰς
1174 4087 1310 4159 πρὸς
1367 4085 1465 4158 τὴν
1515 4085 1700 4141 πίστιν
1745 4087 1898 4152 ὁδοὺς

314 4174 652 4228 ἀπέκλεισεν
716 4177 745 4229 ό
790 4176 999 4248 δαίμων
1045 4176 1381 4247 ὀφθαλμοὺς,
1417 4181 1511 4233 καὶ
1566 4180 1756 4249 ἀκοὴν,
1803 4178 1898 4233 καὶ

315 4266 594 4334 γλῶτταν.
642 4268 785 4320 Ἀλλ’
807 4269 836 4322 ό
883 4271 1093 4339 Ἰησοῦς
1131 4274 1299 4336 ἰᾶται,
1325 4272 1420 4325 καὶ
1447 4272 1561 4335 υἱὸς
1587 4269 1753 4325 Δαυτδ
1777 4272 1897 4324 ὀνο-

319 4357 564 4428 μάζεται
605 4361 757 4432 παρὰ
784 4360 894 4414 τῶν
920 4361 1115 4431 ὄχλων.
1163 4363 1539 4432 Προσεδοκᾶτο
1563 4363 1672 4433 γὰρ
1702 4365 1730 4416 ὁ
1759 4363 1895 4434 Χρι-

324 4451 455 4513 στὸς
477 4452 540 4505 ὲκ
568 4453 885 4524 σπέρματος
925 4454 1092 4507 Δαυῖδ
1113 4469 1127 4484 ·
1158 4454 1253 4507 καὶ
1282 4453 1378 4508 νῦν
1410 4455 1488 4523 δὲ,
1511 4454 1608 4508 ἐὰν
1631 4455 1749 4527 ῐδης
1773 4455 1897 4508 τινὰ

2003 1954 2102 2020 cis,
2135 1953 2226 2022 qui
2279 1968 2553 2023 nunquam
2607 1955 2929 2009 audiverunt
2983 1953 3050 2008 de
3101 1953 3284 2006 futuro
3330 1949 3534 2020 judicio
3568 1965 3582 1978 ·

2009 2064 2026 2093 ι
2068 2041 2252 2113 Neque
2301 2042 2355 2097 in
2405 2043 2594 2111 plateis
2647 2042 2827 2098 audiet
2873 2043 2996 2112 quis
3027 2057 3209 2096 vocem
3251 2037 3387 2110 ejus.
3415 2059 3434 2090 ι
3467 2039 3581 2094 Non

2004 2134 2146 2187 enim
2203 2134 2256 2188 in
2315 2133 2491 2190 medio
2517 2132 2641 2197 fori,
2685 2143 2742 2187 ut
2781 2133 2966 2204 gloria:
3004 2141 3341 2204 appetentes,
3385 2130 3479 2187 sed
3525 2132 3582 2185 in

2005 2226 2207 2295 templo
2241 2235 2296 2281 et
2322 2227 2610 2297 synagogis
2653 2234 2709 2281 et
2760 2227 2814 2280 in
2872 2235 3054 2281 monte
3097 2235 3148 2282 et
3192 2227 3346 2296 juxta
3397 2225 3581 2278 littora

2002 2315 2250 2370 docebat.

2077 2402 2242 2460 Vsus.
2263 2405 2353 2460 20.
2386 2423 2406 2456 ι
2433 2403 2770 2460 Arundinem
2803 2403 3189 2460 comminutam
3216 2418 3320 2458 non
3338 2402 3581 2458 confrin-

2005 2506 2113 2566 get,
2149 2505 2204 2552 et
2245 2497 2412 2550 linum
2456 2495 2735 2566 fumigans
2775 2512 2881 2550 non
2922 2497 3248 2566 exstinguat.
3283 2514 3302 2547 ι
3340 2495 3580 2560 Poterat,

2003 2588 2457 2659 inquit.'Judzeos
2488 2599 2546 2642 ut
2572 2589 2841 2643 calamum
2884 2589 3175 2643 contritum
3214 2586 3578 2656 confringere,

2003 2693 2056 2737 et
2081 2682 2216 2736 iram
2247 2696 2436 2736 eorum
2477 2689 2536 2735 ut
2572 2681 2742 2734 linum
2779 2679 3072 2750 fumigans,
3098 2681 3202 2735 hoc
3226 2690 3330 2745 est,
3357 2681 3576 2744 ardens.

2003 2773 2390 2844 exstinguere:
2444 2773 2544 2828 sed
2577 2773 2768 2841 noluit,
2814 2773 2993 2842 quoad
3029 2771 3361 2840 dispensatio
3403 2772 3580 2824 adim-

2004 2865 2265 2935 pleretur,
2314 2874 2366 2922 et
2396 2881 2492 2935 per
2523 2865 2704 2921 omnia
2749 2866 2992 2921 vinceret
3036 2880 3150 2921 eos.
3185 2863 3296 2920 Hoc
3327 2865 3471 2921 enim
3506 2865 3581 2919 si-

2001 2959 2224 3031 gniﬁcat
2249 2957 2393 3030 quod
2418 2957 2684 3014 subditur.

2076 3051 2237 3108 Vens.
2273 3052 2365 3117 20,
2395 3053 2488 3108 2i.
2517 3070 2536 3104 ι
2564 3052 2750 3107 Donec
2781 3051 2964 3120 ejiciat
3009 3051 3075 3106 ad
3123 3051 3411 3106 vietoriam
3432 3049 3582 3122 judi-

2004 3144 2169 3200 cium.
2213 3146 2280 3199 Et
2309 3145 2362 3199 in
2413 3145 2630 3200 nomine
2681 3143 2825 3198 illius
2855 3150 3043 3212 gentes
3079 3143 3394 3214 sperabunt.
3438 3162 3458 3197 ι
3502 3144 3581 3198 Ne

2001 3237 2145 3292 enim
2176 3237 2442 3294 haberent
2487 3238 2632 3309 quod
2664 3245 3044 3308 prmtexerent,
3081 3237 3263 3291 omnia
3293 3237 3579 3303 sustinuit,

2002 3335 2063 3381 ut
2113 3335 2298 3396 postea
2344 3331 2732 3384 condemnaret
2766 3342 2879 3392 eos,
2908 3337 2962 3382 et
3000 3326 3246 3381 vinceret
3277 3327 3407 3381 nihil
3441 3343 3576 3383 con-

2000 3420 2347 3476 tradicentes.
2381 3419 2443 3474 Et
2468 3421 2724 3490 quidnam
2754 3429 2836 3476 est
2865 3421 3009 3490 quod
3037 3435 3142 3475 non
3171 3419 3300 3475 fecit
3330 3431 3388 3474 ut
3413 3421 3579 3476 lucri-

2003 3511 2166 3566 faciat
2209 3511 2362 3567 illos?
2389 3515 2480 3568 sed
2514 3513 2823 3571 noluerunt.
2861 3512 3019 3569 Unde
3046 3523 3237 3586 gentes
3281 3514 3576 3584 sperabunt

2001 3602 2055 3656 in
2079 3617 2225 3668 eum,
2254 3605 2511 3674 quoniam
2533 3603 2703 3661 Judaei
2733 3605 3038 3663 noluerunt.

2070 3715 2237 3773 Vens.
2260 3718 2351 3784 2'2,
2375 3719 2465 3774 25.
2506 3737 2524 3770 ι
2561 3719 2714 3775 Tunc
2737 3721 2999 3777 adductus
3022 3731 3106 3779 est
3131 3725 3198 3780 ad
3217 3740 3338 3780 eum
3378 3727 3578 3783 daemo-

2001 3808 2187 3864 niacus
2213 3824 2469 3866 emensae
2497 3822 2694 3879 mutus,
2719 3821 2774 3868 et
2802 3814 3195 3882 sanavitillum,
3215 3817 3286 3871 ita
3317 3828 3369 3872 ut
3401 3834 3574 3874 ca'cus

2001 3913 2065 3954 ac
2095 3908 2274 3954 mutus
2323 3900 2635 3969 loqueretur
2667 3910 2721 3956 et
2763 3913 3030 3959 cerneret.
3077 3905 3143 3958 Et
3176 3907 3573 3976 obstupuerunt

1999 4005 2188 4046 omnes
2219 3991 2409 4057 turbae,
2457 3992 2852 4063 dicebantque:
2901 3994 3038 4049 Num
3077 3995 3162 4050 hic
3193 4007 3274 4051 est
3307 3997 3445 4054 ﬁlius
3471 4001 3573 4054 Da-

2001 4081 2129 4136 vid?
2161 4099 2180 4134 ι
2238 4083 2366 4138 Vias
2409 4083 2477 4137 ad
2515 4083 2671 4138 fidem
2733 4083 3034 4141 occluserat
3071 4087 3303 4153 dannon,
3353 4090 3566 4154 oculos,

2002 4189 2164 4232 aures
2215 4187 2270 4232 et
2299 4176 2538 4248 linguam
2573 4195 2588 4233 :
2629 4179 2724 4234 sed
2753 4177 2910 4234 Iesus
2940 4189 3117 4243 sanat,
3147 4191 3201 4235 et
3229 4179 3372 4236 ﬁlius
3405 4183 3572 4238 David

2003 4283 2030 4324 a
2054 4267 2228 4324 turbis
2254 4270 2586 4324 nominatur.
2621 4270 3044 4340 Exspectabatur
3071 4272 3214 4326 enim
3235 4271 3484 4327 Christus
3506 4289 3572 4329 ex
3604 4281 3618 4294 ’

2003 4359 2213 4413 semine
2245 4360 2434 4414 David.
2476 4360 2540 4414 Et
2571 4375 2712 4416 nunc
2733 4363 2776 4416 si
2809 4363 3009 4418 videris
3051 4364 3358 4434 quempiam
3400 4379 3574 4434 neque

2001 4453 2130 4522 quid
2156 4454 2352 4508 bonum
2391 4453 2459 4508 sit
2497 4468 2591 4524 per
2616 4470 2675 4510 se
2711 4454 3122 4526 intelligentem,
3144 4470 3320 4527 neque
3347 4455 3572 4512 alterius

1270 4636 1360 4696 Ex
1391 4634 1742 4699 collatione
1782 4635 1966 4697 codd.
2009 4637 2240 4696 Venet.
2276 4635 2338 4697 S.
2369 4634 2586 4696 Marci.

399 4821 510 4900 (ιϐ)
546 4822 678 4900 God.
705 4822 792 4900 :52
815 4864 830 4889 ,
864 4825 1360 4900 ΣιιντετριμμένονΔ
1391 4824 1636 4900 κάλαμον
1657 4864 1710 4900 ..Α
1730 4825 1896 4893 φησὶν

2004 4823 2254 4900 Basilius,
2291 4830 2419 4893 puto
2458 4837 2581 4900 esse
2633 4837 2754 4876 eum
2811 4824 2902 4892 qui
2953 4826 3204 4900 passione
3238 4829 3412 4900 aliqua
3473 4832 3565 4886 Dei

323 4885 550 4964 όμέγας
584 4885 883 4964 Βασίλειος,
912 4885 1200 4964 λογίζομαι
1223 4895 1313 4947 τὸν
1345 4895 1402 4946 ὲν
1429 4885 1592 4948 πάθει
1616 4885 1722 4947 τινλ⁵
1743 4885 1890 4946 ’ποι-

323 4962 492 5016 οῦντα
531 4963 750 5031 ἐντολὴν
785 4964 942 5030 Θεοῦ,
997 4963 1056 5018 ὃν
1096 4962 1380 5028 κατεάξειν
1430 4966 1525 5017 καὶ
1558 4964 1891 5018 ἀποκόπτειν

325 5033 388 5084 οὐ
433 5032 564 5103 χρὴ,
598 5032 735 5085 ἀλλὰ
770 5035 968 5103 μᾶλλον
1009 5034 1352 5105 θεραπεύειν,
1385 5034 1459 5097 ὼς
1486 5035 1513 5085 ό
1549 5035 1752 5104 Κύριος
1789 5033 1894 5112 ἐξί-

324 5102 546 5157 δασκεν.
577 5101 767 5154 εἰπών’
803 5105 1133 5157 Ποοσέγετε
1148 5103 1262 5157 τὴν
1281 5104 1707 5157 ἐλεημοσύνην
1725 5106 1893 5157 ὺιιων

324 5103 546 5168 δασκεν,
577 5103 767 5154 εἰπών’
803 5103 1133 5172 Προσέχετε
1148 5103 1262 5169 τὴν
1281 5103 1707 5172 ἐλεημοσύνην
1725 5103 1893 5172 ὑμῶν

321 5173 408 5239 μὴ
444 5172 636 5225 ποιεῖν
655 5173 994 5238 ἔμπροσθεν
1022 5173 1141 5227 τῶν
1157 5174 1480 5240 ἀνθρώπων
1498 5174 1646 5240 πρὸς
1666 5175 1728 5226 τὸ
1762 5176 1894 5226 θεα-

329 5243 507 5312 θῆναι
523 5243 726 5312 αὐτοῖς
747 5258 762 5271 ο
789 5244 880 5295 καὶ
911 5247 938 5297 ό
954 5244 1272 5306 Ἀπόστολος
1293 5244 1660 5312 παραγγέλλει
1683 5243 1857 5311 λέγων
1874 5257 1889 5273 °

329 5311 536 5383 Πάντα
556 5310 778 5383 ποιεῖτε
790 5314 965 5380 χωρὶς
980 5315 1338 5383 γογγυσμῶν
1352 5310 1448 5366 καὶ
1461 5310 1888 5382 διαλογισμῶν·

327 5382 426 5435 καὶ
458 5381 696 5453 ἀλλαχοῦ
725 5399 741 5413 ·
785 5383 987 5450 Μηδὲν
1013 5381 1138 5453 κατ’
1167 5381 1428 5452 ἐρίθειαν
1455 5384 1492 5450 ἢ
1519 5381 1889 5447 κενοδοξίαν.

328 5453 514 5524 Λίνον
547 5451 604 5524 δὲ
644 5451 1074 5524 τετυφωμένον,
1109 5451 1346 5524 ὅταντις
1387 5455 1513 5524 ποιῇ
1547 5456 1646 5523 τὴν
1675 5453 1894 5523 ἐντολὴν

327 5526 406 5644 μὴ
430 5521 679 5592 διαπύρῳ
704 5521 968 5596 ἐπιθυμίᾳ
991 5527 1081 5578 καὶ
1112 5523 1290 5595 τελεία
1314 5521 1539 5594 σπουδῇ,
1558 5521 1892 5594 νωθρότερον

359 5595 382 5645 έ
425 5609 539 5648 πως
572 5595 1038 5648 κα”ι,γαυνότεοον.
1070 5597 1164 5648 Ὃν
1190 5595 1249 5647 οὐ
1286 5600 1391 5648 imit
1433 5594 1656 5648 παύειν.
1691 5592 1892 5648 διεγεί-

330 5610 382 5645 οε
425 5610 539 5650 πως
572 5610 667 5644 και
685 5610 1038 5665 ,χαυνοτερον.
1071 5610 1164 5648 "uv
1190 5610 1249 5647 ου
1286 5610 1392 5664 χρη
1433 5611 1656 5659 παύειν,
1691 5610 1890 5660 οιεγει-

330 5680 445 5735 perv
469 5661 545 5735 ιδξ
567 5661 768 5735 μᾶλλον
794 5664 1092 5735 ὑπομνήσει
1136 5665 1245 5719 τῶν
1288 5665 1570 5735 χριμάτων
1607 5665 1699 5735 τοῦ
1730 5661 1890 5735 Θεοῦ,

329 5731 424 5784 καὶ
477 5731 589 5805 τῷν
637 5731 1201 5805 ἐπαγγελιῶνίαύτοῦ.
1238 5731 1686 5805 Τότεπροσήχθη
1722 5733 1891 5802 αὐτῷ.

331 5820 384 5857 κ.
422 5819 474 5855 τ.
511 5801 561 5853 λ.
601 5816 621 5849 ¢
657 5802 1415 5870 Arundlncmcomminutum,
1443 5801 1618 5875 inquit
1669 5801 1895 5874 magnus

557 5897 832 5957 Ριτιιοι.
880 5897 991 5959 (in.
1046 5897 1319 5960 CXXIII.

2003 4895 2313 4966 mandatum
2344 4893 2691 4966 exsequitur:
2722 4907 2880 4966 quem
2917 4893 3254 4966 cenfringere
3278 4893 3566 4956 et’exscin-

2002 4964 2130 5039 dere
2157 4978 2262 5039 non
2298 4970 2508 5039 oportet
2534 4980 2548 5016 :
2578 4963 2674 5039 sed
2707 4964 2886 5039 potius
2917 4965 3089 5039 ipsum
3118 4963 3342 5039 curare;
3375 4985 3563 5039 quem.

2005 5034 2291 5088 admodum
2346 5033 2530 5088 docuit
2583 5033 2838 5086 Dominus
2898 5036 3082 5090 dicens
3128 5055 3142 5089 :
3192 5033 3453 5092 Attendite
3502 5057 3565 5094 ne

2001 5103 2380 5172 eleemosynam
2411 5112 2650 5172 vestrami
2685 5103 2892 5170 faciatis
2938 5121 3112 5158 coram
3145 5107 3458 5172 hominibus,
3508 5123 3562 5162 ut

2001 5171 2286 5248 videamini
2319 5173 2383 5225 ab
2405 5171 2788 5248 illis._(Ifattlt.
2811 5189 2886 5248 γι.
2913 5176 2986 5244 Ι.)
3017 5175 3082 5246 Et
3113 5177 3396 5244 Apostolus
3427 5171 3565 5248 prm-

2002 5243 2134 5312 cipit
2155 5244 2372 5297 dicens:
2405 5242 2594 5296 Omnia
2611 5242 2775 5312 facite
2793 5243 2904 5296 sine
2937 5242 3349 5302 murmuratione
3377 5242 3564 5305 efﬁat-

2001 5311 2332 5366 sitationibus
2359 5311 2613 5383 (Philipp.
2637 5329 2696 5377 ιι,
2719 5313 2826 5381 14).
2855 5314 2932 5367 Ac
2961 5315 3086 5369 alibi
3113 5334 3126 5370 :
3162 5315 3313 5385 Nihil
3328 5335 3419 5385 per
3439 5335 3564 5374 con-

2005 5380 2490 5458 t_e_ntionem,néque
2517 5398 2609 5450 per
2649 5380 2858 5437 inanem
2900 5385 3141 5452 gloriam.
3180 5380 3344 5458 ςιιιιιζ
3388 5404 3446 5452 tt,
3481 5389 3560 5458 ὅ).

2005 5399 2306 5446 tentionem,
2328 5399 2392 5437 ne
2430 5399 2490 5435 ue
2517 5399 2609 5450 per
2649 5399 2858 5437 titanem
2900 5399 3141 5452 gloriam.
3183 5399 3344 5454 (lem.
3388 5404 3446 5452 It,
3481 5399 3560 5458 ὃ).

2003 5452 2193 5524 Linum
2222 5467 2354 5524 vero
2387 5399 2654 5521 iuungam
2684 5463 2874 5524 vocat,
2909 5469 3057 5515 eum.
3100 5456 3191 5524 qui
3244 5458 3562 5515 mandatum

2005 5523 2098 5594 Dei
2132 5523 2261 5594 facit
2297 5536 2414 5594 non
2455 5526 2637 5575 animo
2677 5521 2934 5594 fervente,
2964 5540 3027 5578 ac
3057 5521 3237 5579 studio
3290 5529 3557 5594 perfecto;

2002 5591 2097 5645 sed
2131 5591 2432 5656 languidius
2497 5606 2559 5643 ac
2588 5591 2827 5663 segnius
2859 5609 2874 5645 :
2907 5609 3066 5663 quem
3112 5611 3217 5648 non
3252 5591 3461 5662 oportet
3491 5591 3564 5652 ab

2001 5675 2163 5730 opere
2216 5673 2477 5732 avocare;
2507 5661 2599 5712 sed
2628 5661 2822 5732 potius
2858 5661 3099 5718 excitare
3136 5675 3190 5718 et
3219 5661 3426 5732 erigere
3447 5707 3460 5728 ,
3491 5669 3559 5720 ad

2005 5729 2317 5803 mettigriam
2343 5729 2441 5803 ipsi
2480 5730 2791 5803 revecando
2807 5730 3030 5798 judicia,
3073 5747 3137 5788 ac
3170 5729 3558 5803 proniissioues

2007 5802 2119 5858 Dei.
2152 5797 2305 5853 Tune
2333 5797 2594 5854 adductus
2621 5807 2705 5856 est
2727 5797 2971 5868 adeum,
3002 5820 3022 5855 ι
3054 5811 3159 5858 etc.

3211 5892 3253 5956 9
