4078 6464
489 405 492 408 ’
508 393 615 458 267

1397 393 1976 455 THEOPHYLACTI
2027 389 2275 450 BULGA
2289 393 2438 452 [{le
2479 395 2834 456 ARCHIEP.

3638 403 3748 467 268

506 522 810 563 sermonem
865 506 1270 575 suscipientem,
1303 505 1549 558 existima
1587 505 1732 559 illum
1785 519 1984 558 rtecnm
2021 512 2074 556 et

2190 504 2307 574 μήτ’
2338 505 2498 558 αὑτὸν
2549 505 2770 560 νοοῦντα
2819 506 2879 560 τὸ
2909 505 3130 575 ἀγαθὸν,
3167 509 3304 580 μήτε
3343 507 3530 581 ἐτέρου
3559 509 3751 582 λόγους

504 611 732 666 mutum,
761 614 921 672 quem
953 599 1156 653 utinam
1177 598 1379 652 sanarit
1415 598 1552 652 Dens
1585 607 1727 652 tacto
1755 597 1872 666 ejus
1893 596 2069 650 corde.

578 787 740 840 Vens.
773 784 863 840 24.
906 802 925 836 ι
983 782 1117 850 Quae
1147 797 1269 838 cum
1309 782 1637 837 audivissent
1669 781 1946 841 Pharisaei,
1991 779 2076 833 di-

505 879 705 934 cebant
739 893 754 932 :
783 876 883 930 llic
910 891 1017 930 non
1062 874 1211 945 ejicit
1244 874 1510 930 daemonia
1545 874 1649 929 nisi
1686 874 1738 926 in
1775 871 2077 926 Beelzebub

503 969 750 1039 principe
771 965 1180 1022 daamoniorum.
1215 983 1234 1016 ι
1273 963 1508 1018 Tametsi
1553 962 1809 1017 Dominus
1859 969 2078 1030 propter

506 1077 603 1116 eos
637 1067 960 1124 secesserat,
1012 1057 1086 1111 illi
1121 1054 1474 1110 nihilominus
1503 1055 1665 1110 etiam
1697 1053 1885 1124 procul
1922 1050 2077 1105 andi-

504 1167 656 1212 entes
677 1155 939 1210 taxabunt
970 1163 1235 1220 :cnmqne
1257 1149 1504 1204 homines
1531 1147 1716 1202 multis
1738 1144 2079 1200 adicerentur

505 1247 977 1314 beneﬁciis,erant
999 1254 1108 1298 tam
1133 1250 1342 1301 naturae
1370 1241 1596 1307 inimici,
1629 1254 1788 1309 quam
1813 1237 2073 1293 diabolus.

577 1338 743 1394 Vens.
775 1337 867 1402 25,
894 1335 984 1390 26.
1023 1353 1042 1386 ι
1078 1331 1213 1388 Cum
1266 1340 1447 1387 autem
1482 1331 1645 1386 sciret
1681 1328 1840 1384 Jesus
1870 1327 2076 1397 cogita-

509 1435 688 1487 tiones
745 1430 981 1492 illorntn,
1037 1425 1174 1480 dixit
1217 1423 1359 1479 illis:
1388 1420 1562 1478 Omne
1591 1435 1814 1490 regnum
1845 1418 2076 1474 divisum

504 1525 764 1581 adversus
780 1535 921 1586 sese,
952 1516 1258 1574 desolatnr:
1288 1513 1536 1570 etomnis
1555 1512 1748 1567 civitas
1775 1520 1865 1565 aut
1890 1513 2080 1566 domus

502 1616 671 1671 divisa
705 1613 968 1669 adversus
1018 1608 1274 1678 seipsam,
1315 1620 1420 1660 non
1450 1603 1638 1658 stabit.
1673 1603 1738 1657 Et
1771 1603 1815 1658 si
1851 1601 2080 1656 Satanas

505 1709 758 1760 Satanam
793 1703 963 1772 ejicit,
992 1702 1252 1755 adversus
1282 1697 1518 1766 seipsum
1550 1695 1757 1751 divisus
1786 1702 1873 1749 est
1899 1710 1914 1748 :
1939 1705 2078 1760 quo-

2177 595 2489 664 δεχόμενον,
2549 597 2740 650 τοῦτον
2787 597 2972 668 νόμιζε
3023 597 3224 666 τυφλὸν
3291 600 3386 652 καὶ
3428 604 3635 669 κωφὸν,
3694 605 3753 656 ὃν

2179 687 2391 742 ἰάσαιτο
2419 691 2444 740 ὁ
2475 688 2606 752 Θεὸς
2646 687 2946 760 ἁπτόμενος
2976 689 3074 759 τῆς
3095 689 3323 760 καρδίας
3357 691 3545 746 αὑτοῦ.

2255 796 2273 829 ι
2305 779 2368 830 Ol
2395 779 2452 832 δέ
2491 781 2774 850 Φαρισαῖοι
2826 779 3180 848 ἀκούσαντες,
3227 779 3381 836 εἶπον
3409 800 3423 813 ο
3456 777 3627 847 Οὗτος
3655 785 3754 836 οὐκ

2180 869 2433 924 ἐκϐάλλει
2451 873 2518 926 τὰ
2543 873 2817 940 δαιμόνια,
2837 871 2980 944 εἰμὴ
3004 874 3062 926 ἐν
3083 873 3161 944 τῷ
3183 875 3511 938 Βεελζεϐοὺλ
3534 875 3756 946 ἄρχοντι

2179 958 2287 1012 τῶν
2313 960 2627 1030 δαιμονίων.
2658 979 2676 1013 ι
2708 962 2904 1015 Καίτοι
2933 978 2997 1030 γε
3025 963 3374 1034 ἀνεχώρησεν
3397 964 3425 1015 ό
3459 964 3666 1034 Κύριος
3689 965 3756 1016 δι’

2181 1051 2398 1114 αὐτοὺς,
2435 1051 2550 1105 ἀλλ’
2604 1053 2804 1108 ἐκεῖνοι
2848 1057 2943 1108 καὶ
2978 1055 3264 1128 πόρρωθεν
3313 1057 3613 1120 ἀκούοντες
3642 1057 3758 1110 δια-

2179 1139 2489 1206 ϐάλλουσιν,
2532 1144 2628 1196 καὶ
2661 1143 3137 1216 εὐεργετουμένων
3166 1146 3276 1201 τῶν
3313 1146 3646 1218 ἀνθρώπων,
3669 1147 3760 1201 οὖ-

2178 1245 2286 1294 τως
2314 1225 2456 1301 ἦσαν
2487 1232 2670 1302 ἐχθροὶ
2693 1234 2791 1304 τῆς
2823 1233 3039 1304 φύσεως
3082 1235 3158 1299 ὡς
3190 1237 3218 1290 ό
3245 1235 3510 1299 διάϐολος.

2255 1341 2273 1373 ι
2320 1322 2492 1386 Εἰδὼς
2515 1323 2573 1377 δέ
2598 1327 2626 1375 ὁ
2670 1324 2878 1395 Ἰησοῦς
2899 1326 2997 1390 τὰς
3022 1327 3350 1398 ἐνθυμήσεις
3380 1329 3580 1394 αὐτῶν,
3603 1323 3759 1382 εἶπεν

2179 1413 2392 1478 αὐτοῖς’
2442 1417 2598 1469 Πᾶσα
2647 1415 2895 1486 βασιλεία
2951 1418 3272 1488 μερισθεῖσα
3333 1419 3457 1473 καθ’
3531 1419 3756 1489 ἑαυτῆς,

2179 1506 2484 1576 ἐρημοῦται
2509 1523 2522 1539 ·
2556 1509 2650 1562 καί
2678 1511 2828 1564 πᾶσα
2857 1510 3010 1574 πόλις
3037 1511 3070 1582 ἢ
3100 1513 3248 1566 οἰκία
3269 1512 3594 1583 μερισθεῖσα
3635 1511 3758 1564 καθ’

2181 1598 2404 1669 ἐαυτῆς,
2457 1599 2520 1654 οὑ
2554 1602 2904 1673 σταθήσεται.
2933 1603 3043 1656 Καὶ
3065 1603 3113 1656 εἰ
3134 1604 3162 1658 ὁ
3187 1604 3432 1667 Σατανᾶς
3463 1603 3553 1656 τὸν
3581 1605 3758 1657 Σατα-

2179 1691 2277 1743 νᾶν
2311 1689 2582 1758 ἐκϐάλλει,
2615 1693 2701 1762 ἐφ’
2731 1694 2924 1748 ἐαυτὸν
2953 1694 3220 1765 ἐμερίσθη
3245 1711 3260 1728 ο
3288 1695 3410 1758 πῶς
3433 1691 3527 1749 οὖν
3562 1696 3759 1766 σταθή-

506 1800 662 1854 modo
719 1798 884 1867 igitur
948 1794 1116 1850 stabit
1180 1805 1405 1862 regnum
1452 1789 1609 1859 ejus?
1665 1807 1686 1842 ι
1748 1783 2081 1856 lnvulgando

2190 1797 2336 1835 σεται
2367 1783 2400 1853 ὴ
2441 1781 2691 1853 βασιλεία
2722 1785 2924 1853 αὑτοῦ;
2970 1805 2990 1840 ι
3026 1786 3125 1840 Διὰ
3153 1785 3248 1840 τοῦ
3279 1786 3628 1859 δημοσιεύειν
3657 1787 3756 1848 τὰς

503 1891 856 1962 cogitationes
901 1887 1140 1951 illorum,
1187 1887 1357 1940 Deum
1413 1901 1472 1940 se
1520 1896 1642 1939 esse
1687 1877 2080 1950 comprobavit.

2190 1849 2511 1946 ἐνθυμήσεις
2537 1875 2738 1942 αὐτῶν,
2785 1849 3056 1931 δείκνυσιν
3087 1877 3168 1931 ὅτι
3202 1849 3547 1941 Θεόςηέστιν.
3596 1881 3759 1934 Ἀπο-

504 1986 741 2040 Excusat
769 1990 949 2035 autem
980 1992 1038 2034 se
1069 1980 1209 2049 apud
1243 1977 1368 2034 illos
1391 1973 1769 2032 communibus
1799 1969 2082 2039 exemplis,

503 2084 556 2128 ct
615 2079 885 2126 monstrat
931 2067 1297 2139 insipientiam
1347 2081 1556 2122 eorum.
1605 2061 1886 2130 Quomodo
1936 2059 2082 2114 enim

507 2169 780 2218 daemones
810 2161 1018 2230 seipsos
1051 2159 1296 2232 ejiciunt,
1339 2173 1460 2212 cum
1508 2156 1679 2226 magis
1705 2153 1847 2209 inter
1867 2166 1924 2207 se
1954 2165 2083 2205 con-

502 2255 762 2311 veniant?
791 2253 957 2309 Satan
985 2260 1162 2307 autem
1187 2251 1386 2308 dicitur
1415 2247 1780 2303 adversarius.

579 2347 742 2402 Vens.
780 2346 870 2400 27.
911 2363 929 2396 ι
990 2343 1056 2398 Ει
1097 2343 1209 2414 60
1245 2342 1289 2396 si
1325 2356 1424 2410 ego
1466 2339 1519 2394 in
1573 2333 1875 2391 Beelzebub
1926 2331 2084 2400 ejicio

505 2439 789 2503 themonia,
829 2436 924 2492 tilii
947 2436 1111 2492 vestri
1142 2436 1195 2489 in
1228 2449 1336 2504 quo
1364 2430 1628 2500 ejicinnt?
1654 2427 1949 2496 Propterea
1980 2423 2082 2492 ipsi

503 2535 667 2592 vestri
696 2530 1113 2602 ernntjudices.
1152 2545 1170 2580 ι
1212 2524 1360 2591 Esto,
1389 2523 1585 2594 inquit,
1616 2520 1761 2591 quod
1813 2533 1915 2588 ego
1963 2514 2086 2570 talis

503 2629 606 2684 sim
641 2645 654 2680 :
691 2625 782 2679 lilii
818 2623 1005 2687 vestri,
1039 2621 1146 2676 hoc
1177 2628 1280 2684 est,
1316 2617 1422 2672 mei
1453 2613 1726 2683 discipuli,
1760 2611 1813 2664 in
1848 2623 1955 2678 quo
1985 2605 2086 2676 eji-

505 2717 685 2772 ciunt?
724 2714 906 2784 Neque
938 2712 1082 2766 enim
1115 2714 1171 2764 et
1199 2706 1273 2763 illi
1299 2707 1356 2760 in
1378 2701 1721 2760 Beelzebub?
1745 2699 1900 2766 Quod
1931 2699 1974 2751 si
2009 2696 2084 2749 illi

505 2811 685 2867 divina
706 2809 928 2871 virtute,
960 2803 1129 2860 multo
1158 2802 1332 2872 magis
1363 2815 1480 2872 ego.
1509 2798 1585 2852 llli
1609 2796 1751 2851 enim
1789 2795 1841 2848 in
1871 2793 2087 2869 nomine

507 2918 628 2958 meo
662 2898 922 2958 miracula
954 2904 1267 2968 operantur,
1295 2901 1576 2962 pmpterea
1602 2889 1676 2944 illi
1703 2901 1800 2942 vos
1831 2884 2087 2938 condem-

508 2993 688 3050 naturi
725 2999 872 3056 sunt,
899 2989 1024 3059 quia
1049 2985 1170 3042 illos
1200 2985 1395 3039 videtis
1424 2983 1478 3036 in
1513 2995 1634 3036 meo
1662 2980 1882 3034 nomine
1917 2975 2084 3029 mira-

507 3083 626 3137 cula
656 3079 853 3145 facere,
880 3086 933 3134 et
963 3077 1138 3131 adhuc
1173 3088 1258 3128 me
1290 3070 1583 3127 accusatis.

581 3269 745 3322 Vens.
771 3265 861 3320 28.
899 3281 916 3314 ι
961 3261 1115 3329 Quod
1145 3259 1189 3314 si
1223 3258 1274 3312 in
1307 3254 1497 3320 spiritu
1539 3251 1632 3307 Dei
1666 3265 1764 3323 ego
1820 3248 2084 3303 daemonia

504 3360 685 3431 ejicio,
714 3371 840 3427 ergo
863 3351 1108 3425 pervenit
1133 3349 1199 3404 ad
1223 3363 1316 3403 vos
1335 3359 1558 3416 regnum
1589 3343 1700 3397 Dei.
1737 3360 1754 3392 ι
1794 3342 1906 3396 Hoc
1935 3341 2084 3428 dicit,

511 3453 679 3522 quod,
721 3450 778 3505 Si
809 3450 862 3503 in
895 3445 1076 3501 divina
1102 3443 1304 3497 virtute
1327 3454 1427 3510 ego
1463 3436 1622 3508 ejicio
1645 3436 1928 3499 da‘monia,
1959 3449 2089 3504 ergo

510 3563 612 3616 ego
667 3557 783 3600 sum
829 3539 998 3594 Filius
1048 3535 1168 3600 Dei,
1215 3541 1273 3589 et
1319 3530 1540 3587 advenit
1586 3537 1804 3599 propter
1855 3542 1974 3592 vos,
2029 3534 2088 3578 ut

511 3634 815 3692 aﬂiciamini
867 3627 1167 3690 beneﬁciis,
1227 3632 1388 3694 atque
1447 3622 1519 3676 ita
1577 3619 1823 3687 pervenit
1881 3619 1933 3670 in
1987 3631 2084 3670 vos

511 3743 664 3785 meus
710 3725 1019 3780 adventus:
1058 3718 1147 3774 hic
1191 3717 1335 3772 enim
1383 3721 1468 3770 est
1512 3725 1737 3780 regnum
1775 3708 1868 3762 Dei
1905 3726 1918 3761 :
1960 3709 2088 3777 quid

511 3823 675 3892 igitur
717 3817 1006 3874 adventum
1048 3825 1248 3874 meum,
1295 3807 1385 3878 qui
1427 3814 1648 3876 propter
1673 3819 1767 3858 vos
1802 3810 1904 3866 est,
1930 3815 2090 3854 accu-

509 3912 748 4058 εωθδεῖιιε.
781 3997 871 4054 29.
914 4015 932 4048 ι
970 3995 1077 4051 Αυι
1111 3987 1380 4063 quomodo
1422 3994 1600 4058 potest
1639 3983 1836 4054 aliquis
1885 3985 2090 4039 intrare

515 4101 732 4155 domum
756 4089 1016 4163 potentis,
1035 4096 1090 4142 et
1112 4099 1237 4142 vasa
1255 4083 1373 4153 ejus
1390 4080 1642 4151 diripere,
1661 4077 1760 4133 nisi
1785 4077 1938 4148 prius
1962 4076 2094 4145 liget

512 4197 817 4260 potentem,
850 4191 904 4238 et
923 4189 1051 4234 tunc
1077 4177 1295 4234 domum
1320 4171 1439 4242 ejus
1471 4169 1732 4240 diripiet?
1772 4186 1791 4219 ι
1832 4166 2088 4233 Tantum,

481 4297 486 4302 '
513 4279 709 4349 inquit,
739 4275 890 4330 abest
918 4279 978 4326 nt
1008 4269 1214 4324 amicos
1248 4265 1474 4322 habeam
1503 4260 1796 4325 daetnones,
1827 4269 1886 4315 ut
1916 4269 1970 4314 et
1997 4260 2094 4314 ad-

513 4369 784 4428 versarios
815 4366 1142 4427 habeam,ct
1175 4360 1332 4428 ligem
1374 4371 1467 4412 eos
1500 4356 1588 4425 qui
1623 4364 1746 4410 ante
1779 4367 1956 4408 meum
1993 4353 2091 4408 ad-

515 4474 732 4518 ventum
780 4460 950 4515 fortes
983 4463 1158 4511 erant.
1205 4454 1265 4507 In
1304 4451 1522 4507 domum
1570 4459 1774 4514 autem,
1807 4447 1858 4502 id
1905 4456 2007 4511 est,
2038 4447 2092 4501 in

2185 1967 2423 2036 λογέῖται
2454 1968 2512 2022 δέ
2545 1969 2730 2034 αὐτοῖς
2761 1970 2869 2025 άπδ
2900 1969 3010 2023 τῶν
3033 1970 3230 2023 κοινῶν
3268 1970 3756 2038 παραδειγμάτων,

2184 2059 2280 2114 xui.
2333 2060 2573 2114 δείκνυσι
2620 2062 2718 2132 τὴν
2768 2041 3082 2133 ἀφροσύνην
3132 2063 3331 2117 αὐτῶν.
3384 2063 3508 2125 Πῶς
3560 2065 3669 2133 γὰρ
3713 2064 3762 2114 οἰ

2184 2152 2440 2222 δαίμονες
2471 2154 2700 2217 ἑαυτοὺς
2733 2153 3111 2220 ἐκϐάλλουσιν,
3148 2155 3283 2208 ὅπου
3308 2171 3370 2223 γε
3401 2153 3600 2224 μᾶλλον
3637 2156 3763 2206 ἑαυ-

2184 2246 2311 2306 τοὺς
2335 2245 2732 2316 συγκροτοῦσι;
2771 2247 2948 2301 Σατάν
2981 2247 3038 2300 δέ
3069 2247 3286 2316 λέγεται
3317 2250 3344 2300 ὁ
3366 2246 3762 2316 ἀντικείμενος.

2264 2355 2282 2386 ι
2321 2335 2433 2389 Καὶ
2465 2337 2513 2388 εί
2544 2335 2654 2404 ἐγὼ
2683 2339 2740 2390 ἐν
2771 2338 3102 2402 Βεελζεϐοὺλ
3131 2339 3378 2393 ἐκϐάλλω
3402 2339 3470 2393 τὰ
3489 2339 3765 2408 δαιμόνια,

2185 2431 2234 2481 οἰ
2292 2427 2397 2481 υίοί
2439 2428 2594 2498 ὑμῶν
2627 2429 2685 2480 ἐν
2733 2431 2842 2482 τίνι
2891 2429 3246 2496 tamencum;
3279 2432 3376 2484 Διὰ
3407 2430 3564 2483 τοῦτο
3607 2431 3765 2481 αὐτοὶ

2186 2521 2340 2590 ὑμῶν
2371 2521 2585 2574 ἔσονται
2611 2523 2849 2593 κριταί.»
2885 2523 3086 2588 Ἔστω,
3131 2523 3316 2594 φησὶν,
3349 2523 3431 2575 ὅτι
3459 2521 3568 2590 ἐγὼ
3593 2522 3768 2574 τοιοῦ-

2185 2614 2278 2678 τός
2314 2616 2431 2683 εἰμι
2455 2631 2468 2644 ·
2501 2616 2549 2667 οί
2584 2613 2641 2667 δὲ
2674 2614 2778 2667 υἱοὶ
2816 2615 2992 2683 ὑμῶν,
3023 2614 3323 2677 τουτέστιν,
3357 2616 3404 2667 oi
3432 2614 3557 2684 ἐμοὶ
3590 2613 3769 2683 paen-

2185 2705 2298 2770 ταὶ,
2328 2707 2386 2758 ἐν
2421 2705 2525 2759 τίνι
2578 2706 2967 2774 ἐκϐάλλουσινς
2997 2709 3071 2760 Ού
3107 2709 3216 2780 γὰρ
3245 2708 3308 2778 δὴ
3350 2708 3445 2760 καὶ
3474 2709 3672 2760 ἐκεῖνοι
3710 2712 3770 2759 ἐν

2188 2797 2266 2867 τῷ
2321 2796 2688 2865 Βεελζεϐούλς
2728 2799 2870 2853 Εἰδέ
2906 2803 3102 2854 ἐκεῖνοι
3133 2801 3254 2873 θείᾳ
3299 2802 3548 2871 δυνάμει,
3585 2799 3768 2868 πολλῷ

2197 2886 2399 2955 μᾶλλον
2428 2886 2558 2955 ἐγώ.
2611 2889 2838 2943 Ἐκεῖνοι
2874 2891 2982 2960 γὰρ
3015 2893 3070 2944 ἐν
3099 2891 3176 2962 τῷ
3219 2891 3338 2963 ἐμῷ
3383 2891 3606 2961 ὀνόματι
3635 2889 3771 2942 θαυ-

2191 2979 2589 3048 ματουργοῦσι·
2627 2979 2715 3034 διὰ
2746 2980 2903 3034 τοῦτο
2925 2977 3022 3036 οὖν
3050 2984 3247 3037 ἐκεῖνοι
3275 2983 3410 3054 πρὸς
3438 2981 3767 3052 κατάκρισιν

2191 3071 2344 3140 ὑμῶν
2397 3071 2634 3135 ἔσονται,
2684 3073 2767 3127 ὅτι
2817 3075 2912 3129 καὶ
2962 3075 3203 3140 ἐκείνους
3239 3073 3526 3145 βλέποντες
3578 3075 3636 3126 ἐν
3686 3074 3768 3145 τῷ

2111 3184 2155 3242 c
2189 3164 2306 3235 ἐμῷ
2338 3164 2562 3236 ὀνόματι
2595 3165 3164 3236 θαυματουργοῦντας,
3201 3167 3282 3218 ἔτι
3324 3165 3639 3220 διαϐάλλετέ
3673 3183 3766 3234 με.

2273 3275 2291 3308 ι
2341 3257 2400 3310 Εἰ
2431 3257 2486 3310 δέ
2514 3255 2624 3325 ἐγὼ
2654 3260 2711 3311 ἐν
2738 3257 3159 3328 πνεύματιΘεοῦ
3201 3258 3447 3312 ἐκϐάλλω
3477 3259 3545 3311 τὰ
3576 3258 3771 3328 δαιμό-

2195 3368 2302 3415 νια,
2352 3351 2458 3420 ἄρα
2488 3349 2721 3419 ἔφθασεν
2749 3351 2833 3419 ἐφ’
2864 3351 3008 3421 ὑμᾶς
3044 3353 3076 3421 ἡ
3119 3349 3366 3420 βασιλεία
3406 3349 3499 3403 τοῦ
3545 3350 3700 3404 Θεοῦ.
3742 3369 3763 3401 ι

2195 3439 2366 3493 Τοῦτο
2419 3439 2588 3508 λέγει,
2620 3439 2700 3494 ὅτι
2730 3440 2794 3492 Εἰ
2846 3441 2904 3492 ἐν
2931 3439 3050 3510 θείᾳ
3100 3441 3326 3509 δυνάμει
3370 3437 3481 3507 ἐγὼ
3523 3438 3772 3492 ἐκϐάλλω

2195 3531 2262 3584 τά
2294 3531 2566 3601 δαιμόνια,
2596 3531 2704 3601 ἀρα
2755 3529 2865 3599 ἐγώ
2915 3532 3030 3601 εἰμι
3081 3531 3108 3582 ὁ
3160 3530 3287 3594 Υίὸς
3333 3529 3427 3584 τοῦ
3472 3529 3629 3594 Θεοῦ,
3675 3528 3774 3582 καὶ

2199 3623 2554 3693 παραγέγονα
2613 3622 2682 3675 δι’
2732 3623 2896 3692 ὑμᾶς,
2979 3623 3067 3676 ἵνα
3126 3622 3543 3693 εύεργετηθῆτε.
3605 3623 3771 3674 Ὥστε

2198 3713 2430 3782 ἔφθασεν
2487 3715 2564 3777 εἰς
2596 3715 2806 3784 ὑμᾶςή
2859 3713 2966 3782 ἐμὴ
3019 3715 3307 3785 παρουσία.
3369 3713 3518 3782 Αῦτη
3574 3715 3681 3782 γὰρ
3737 3717 3770 3781 ἡ

2199 3805 2440 3876 βασιλεία
2471 3805 2564 3858 τοῦ
2590 3805 2725 3858 Θεοῦ
2747 3821 2762 3835 ⁶
2795 3806 2845 3858 τί
2876 3807 3056 3858 τοίνυν
3081 3807 3178 3876 τὴν
3204 3806 3268 3859 δι’
3301 3806 3444 3876 ὑμᾶς
3469 3808 3774 3874 γενομένην

2198 3899 2504 3968 παρουσίαν
2542 3915 2644 3968 μου
2677 3898 3030 3964 διαϐάλλετες

2273 4008 2292 4042 ι
2334 3992 2404 4044 Ἢ
2429 3991 2541 4054 πῶς
2573 3989 2795 4044 δύναταί
2824 4006 2909 4052 τις
2940 3988 3205 4043 εἰσελθεῖν
3232 3991 3311 4053 εἰς
3339 3992 3437 4060 τὴν
3465 3991 3647 4044 οἰκίαν
3676 3987 3772 4042 τοῦ

2202 4082 2446 4155 ἰσχυροῦ,
2503 4083 2596 4136 καὶ
2643 4081 2712 4134 τὰ
2758 4080 2927 4150 σκεύη
2973 4080 3135 4134 αὐτοῦ
3172 4082 3492 4152 διαρπάσαι,
3548 4081 3640 4134 ἐὰν
3697 4080 3774 4150 μὴ

2202 4174 2417 4245 πρῶτον
2444 4172 2585 4246 δήσῃ
2619 4171 2710 4226 τὸν
2746 4171 2991 4242 ἰσχυρὸν,
3023 4172 3118 4226 καὶ
3144 4173 3265 4224 τότε
3288 4172 3384 4241 τὴν
3410 4172 3586 4225 οἰκίαν
3607 4170 3772 4224 αὑτοῦ
3809 4235 3818 4243 1

2199 4265 2521 4336 διαρπάσει;
2563 4283 2582 4316 ι
2615 4263 2906 4326 Τοσοῦτον,
2943 4264 3143 4334 φησὶν,
3182 4263 3375 4334 ἀπέχω
3429 4261 3523 4314 τοῦ
3585 4263 3772 4332 φίλους

2201 4359 2345 4429 ἔχειν
2375 4357 2501 4420 τοὺς
2535 4356 2820 4426 δαίμονας,
2847 4355 2988 4409 ὥστε
3026 4355 3122 4423 καί,
3146 4356 3543 4426 ιάντιτάττομαι
3566 4356 3770 4426 αὐτοῖς,

2201 4451 2300 4509 καὶ
2349 4449 2534 4521 δισμῶ
2569 4450 2788 4512 αὐτοὺς,
2822 4448 2948 4511 τοὺς
2979 4447 3084 4518 πρὸ
3115 4450 3212 4518 τῆς
3273 4447 3414 4517 ἐμῆς
3470 4447 3771 4518 παρουσίας

517 4553 776 4607 mundum
809 4552 1085 4620 ingressus
1111 4545 1269 4602 Iesus
1290 4583 1304 4610 ,
1329 4555 1458 4597 vasa
1494 4541 1819 4607 daemonum,
1847 4539 2085 4596 homines

2203 4543 2456 4616 ἰσχυροὺς
2482 4542 2663 4605 ὄντας·
2689 4543 2766 4604 εἰς
2797 4540 2895 4611 τήν
2916 4541 3092 4594 οἰκίαν
3110 4540 3240 4610 γὰρ,
3269 4539 3388 4612 ἧτοι
3414 4540 3506 4593 τὸν
3541 4541 3770 4607 κόσμον,

515 4645 635 4699 dico
663 4642 903 4698 abstulit.

591 4825 754 4881 Vens.
787 4823 876 4879 50.
919 4840 937 4874 ι
979 4820 1078 4888 Qui
1117 4833 1222 4874 non
1255 4808 1336 4874 est
1368 4831 1604 4883 mecum,
1634 4827 1822 4872 contra
1853 4824 2090 4878 me'est:

2201 4635 2460 4693 εἰσελθὼν
2500 4636 2528 4688 ό
2575 4633 2833 4705 Χριστὸς,
2869 4633 2937 4686 τὰ
2963 4632 3132 4701 σκεύη
3166 4632 3274 4686 τῶν
3307 4632 3599 4702 δαιμόνων,
3649 4635 3770 4696 τοὺς

2200 4729 2518 4800 ἀνθρώπους
2547 4727 2707 4794 λέγω,
2748 4727 3094 4795 ἀφήρπασεν.

2274 4819 2386 4890 (17)
2431 4837 2450 4868 ι
2511 4816 2570 4869 Ὀ
2619 4816 2692 4886 μὴ
2722 4815 2952 4884 (iw-nari
2974 4813 3130 4884 ἐμοῦ,
3165 4815 3285 4869 κατ’
3314 4813 3450 4886 ἐμοῦ
3482 4815 3598 4868 ἐστι
3627 4832 3639 4844 ⁸
3660 4817 3771 4868 ,καί

2861 4903 2968 4942 ‘\-..,.
3047 4934 3078 4939 -.

1468 4955 1558 5014 Ex
1591 4954 1936 5018 collatione
1971 4960 2156 5022 codd.
2192 4961 2422 5021 Venet.
2455 4955 2518 5015 8.
2553 4954 2771 5016 Marci.

589 5082 701 5151 (Π)
959 5078 1029 5132 52
1065 5075 1250 5151 Διιιίςίὶί
1294 5077 1927 5151 ,λε-,Παραδειγματικῶς
1985 5082 2090 5150 μὲν

518 5146 704 5222 ἐξάγει
725 5149 818 5222 τόν
848 5148 1028 5222 λόγον..
1057 5146 1327 5222 ὑποδηλοῖ-
1348 5147 1418 5222 δέ⁸
1457 5146 1693 5222 ἰσχυρὸν
1727 5150 1828 5222 μὲν
1859 5151 1949 5206 τὸν
1988 5146 2090 5221 ἀρ,-

518 5218 680 5294 χοντα
709 5220 818 5273 τῶν
849 5218 1147 5294 δαιμόνων,
1174 5218 1374 5294 οὑχέῖρς
1407 5218 1627 5294 ἰσχ-υρδν
1656 5218 1738 5294 τῇ
1761 5219 1953 5294 φύσει,
1975 5218 2090 5274 ἀλλ’

517 5283 592 5357 ὣς
615 5283 979 5362 τυραννοῦντα
1024 5287 1185 5358 μέχρι
1214 5283 1372 5341 τοῦδε
1415 5283 1512 5342 καὶ
1537 5283 2091 5344 ’καταδυναστεύοντα

519 5363 630 5416 τῶν
670 5359 1036 5418 ἀσθενούντων
1064 5359 1121 5409 ἐν
1149 5357 1446 5427 ῥᾳθυμίαις
1469 5374 1482 5388 ·
1515 5358 1683 5427 σκεύη
1719 5358 1777 5410 δέ
1814 5360 1979 5413 αὐτοῦ
2023 5363 2093 5416 τά

522 5379 630 5416 των
670 5376 1036 5418 ασυενουντων
1064 5376 1121 5409 εν
1149 5376 1446 5428 ραυυμιαις
1469 5376 1482 5388 ·
1515 5376 1683 5428 σκευη
1719 5376 1777 5410 οε
1814 5377 1979 5413 αυτου
2023 5376 2093 5416 τα

522 5431 937 5502 ὑποτεταγμένα
961 5427 1107 5502 αὐτῷ
1126 5428 1398 5502 δαιμόνια,
1535 5428 1678 5502 ὅπλα.
1705 5428 1890 5502 αὑτοῦὴ
1920 5430 2095 5502 σκεύη

519 5503 630 5574 γὰρ
651 5497 1004 5574 ὀνομάζονται
1022 5497 1114 5574 καὶ
1143 5497 1210 5551 τὰ
1237 5498 1396 5574 ς’ἒτιλα.
1429 5498 1687 5574 Διὸᾼκμξό
1707 5499 1920 5574 Λουκᾷς
1940 5497 2095 5574 παν-ἶ

520 5561 944 5632 ἐπεξιὼν-’,αὑτοῦ
997 5567 1167 5621 ταῦτα
1221 5568 1490 5638 ὠνόμασε,
1517 5568 1584 5622 δι’
1617 5561 1690 5622 ὧν
1715 5568 2096 5624 κατεδουλοῦτο

520 5645 647 5705 τοὺς
670 5640 885 5702 ἀθλίους
925 5638 1264 5709 ἀνθρώπους.
1327 5637 1548 5709 ἰξᾲίσάγει
1600 5639 1656 5692 δέ
1706 5637 1964 5709 λογισμὸν
2002 5639 2090 5693 διά

522 5714 764 5768 τοιούτου
790 5707 1232 5780 παραδείγματος
1263 5707 1611 5780 όῌΧριστὸς,Δ
1633 5708 1965 5780 δεικνύοντα,
2004 5710 2091 5761 ὅτι

523 5785 582 5838 οὺ
618 5784 774 5852 μόνον
812 5776 914 5852 οὐκ
934 5776 1227 5852 ἔχειςφίλον
1261 5777 1369 5830 τῶν
1392 5777 1690 5852 Δδαιμονίων
1715 5776 1805 5852 τὸν
1830 5777 2089 5852 ἄρχοντα,

524 5846 658 5910 ἀλλά
681 5857 768 5908 καὶ
794 5846 993 5922 μᾶλλον
1017 5846 1313 5917 ἐδέσμησεν
1346 5847 1510 5900 αὑτοῦ
1543 5846 1638 5917 τὴν
1678 5848 1849 5916 ἰσχὺν,
1875 5846 1955 5910 ὡς
1997 5848 2088 5918 έχ-

2196 5083 2398 5136 θιστον.
2436 5081 2593 5134 Ἐστι
2647 5079 2756 5150 γάρ
2787 5077 2880 5150 τοῦ
2915 5074 3176 5150 λογισμοῦ
3215 5076 3435 5150 σκοπὸς,
3452 5076 3546 5150 ἑὸτι
3577 5072 3771 5150 ὥσπερ

2193 5154 2254 5205 οὺ
2287 5151 2511 5206 δύναταί
2543 5168 2624 5212 τις
2652 5142 2914 5202 εἰσελθεῖν
2944 5142 3024 5210 εἰς
3052 5142 3151 5213 τὴν
3181 5147 3358 5200 οἰκίαν
3383 5146 3476 5200 τοῦ
3526 5142 3772 5214 ἰσχυροῦ,

2196 5223 2291 5276 καὶ
2333 5223 2402 5274 τὰ
2434 5221 2607 5288 σκεύη
2650 5219 2815 5282 αὑτοῦ
2861 5217 3163 5288 διαρπάσαι
3216 5218 3594 5288 φυλαττόμενα
3647 5217 3773 5288 παρ’

2195 5293 2381 5354 αὑτοῦ,
2425 5292 2518 5342 ἐὰν
2563 5285 2636 5359 μὴ
2689 5289 2905 5359 πρῶτον
2933 5285 3068 5359 δήσῃ
3118 5285 3207 5339 τὸν
3251 5287 3503 5359 ίσχυρρν,
3535 5285 3679 5359 οὕτω
3710 5285 3770 5359 Δδ

2208 5306 2381 5354 ιυτου,
2425 5306 2518 5342 εαν
2563 5307 2636 5359 μη
2689 5306 2905 5359 πρωτον
2933 5306 3070 5410 οησὲ
3118 5306 3207 5339 τον
3251 5306 3503 5357 ισχυρον,
3535 5306 3679 5338 ουτω
3732 5306 3763 5336 ο

2208 5361 2370 5424 αὐτὸς
2403 5362 2462 5414 ού
2495 5361 2896 5430 διήρπασενιᾶν
2922 5360 2990 5411 τά
3073 5359 3314 5430 αιμονία,
3347 5356 3492 5430 τοῦτ’
3545 5355 3660 5430 ἐστι
3704 5354 3772 5406 δι-

2207 5427 2639 5503 εσκόρπισεν,Ὕεί
2677 5431 2750 5501 μὴ
2779 5430 3039 5540 πρότερον
3067 5429 3362 5496 ὲδέσμευσε
3397 5428 3490 5481 τὸν
3538 5427 3773 5496 ἄρχοντα

2207 5502 2410 5540 "Murum
2441 5500 2530 5540 στλυ
2563 5503 2784 5540 ἰηνιιηλν
2833 5495 2982 5540 mret:
3009 5498 3070 5540 'n
3094 5497 3174 5540 ln‘t
3200 5495 3285 5540 ὢν
3324 5498 3444 5540 ,μετ’
3465 5497 3612 5540 ium.)
3632 5535 3645 5540 Α
3681 5495 3772 5540 καὶ

2204 5495 2410 5574 τούτων
2441 5500 2530 5574 τρν
2562 5495 2784 5574 ἰσχυρόν
2815 5495 3070 5574 δντοιζζρ
3083 5497 3174 5574 μῂ
3197 5495 3286 5574 ibi:
3315 5498 3444 5566 μετέ
3465 5495 3646 5566 ἐμοῦ,
3681 5495 3772 5546 καὶ

2201 5589 2252 5628 τ.
2385 5591 2403 5623 ι
2547 5559 2760 5640 quidem
2791 5559 3210 5647 ιτχοιισέῥίθξῖέέιι
3245 5559 3603 5647 similitudine
3619 5559 3770 5618 eom-

2202 5644 2392 5710 probat
2427 5643 2512 5695 ille
2549 5634 2850 5713 ἐετιιιυιιριιι
2902 5634 3190 5713 ξιῇιῐεηςὶις
3225 5639 3530 5700 snbindicat
3579 5634 3772 5689 fortem

2201 5705 2322 5765 esse
2380 5713 2674 5778 principe."
2733 5705 3160 5778 da-moh-ior-um;
3223 5717 3620 5778 attamen_non
3676 5718 3770 5756 na-

2201 5792 2340 5843 tura,
2374 5773 2464 5835 Sed
2505 5773 2630 5847 quin
2667 5778 3004 5848 tyrannidem
3053 5773 3274 5848 exercet
3299 5817 3314 5841 ,
3367 5789 3422 5840 et
3461 5775 3770 5848 dntninatttt

2198 5852 2249 5905 in
2274 5841 2387 5915 eos,
2411 5852 2501 5920 qui
2519 5841 2760 5904 socordia
2791 5866 2852 5902 ac
2873 5841 3094 5917 pigritia
3131 5841 3426 5904 imbecilles
3458 5846 3610 5904 ﬁunt.
3635 5842 3770 5900 Vasa
