4078 6464
309 396 419 461 269

926 392 1374 454 ENARRATIO
1418 391 1495 451 ΙΝ
1533 385 1908 451 EVANGEL]

2010 385 2040 443 τι
2076 381 2462 444 ΜΑΤΤΗΑΞΙ.
2501 404 2553 416 ον
2591 381 2749 444 CAP.
2793 381 2930 442 ΧΙῘ.

3484 388 3590 452 270

310 512 442 582 ὁμὴ
478 509 731 578 συνάγων
767 508 883 579 μετ’
916 505 1072 579 ἐμοῦ,
1107 506 1411 580 σκορπίζει.
1465 527 1481 557 ι
1531 505 1676 569 Πῶς,
1709 504 1896 573 φησὶν,

2010 498 2165 568 etqui
2193 513 2296 552 non
2321 495 2524 566 colligit
2551 507 2781 560 mecum,
2811 495 3086 570 dispergit.
3121 516 3138 551 t
3163 499 3467 568 Quomodo,
3507 505 3590 560 inc

315 605 343 656 ὁ
385 601 720 666 Βεελζεϐοὺλ
763 600 959 671 ἔμελλέ
1005 618 1095 667 μοι
1127 602 1426 668 συνεργεῖν,
1461 598 1520 661 ὃς
1549 597 1900 666 άντιπράττει

319 715 412 768 μοι
449 695 654 767 μᾶλλον
683 713 697 759 ;
737 694 880 763 Ἐγὼ
915 694 1015 764 μὲν
1042 693 1151 762 γὰρ
1173 693 1374 764 ἀρετὴν
1405 693 1664 754 διδάσκω,
1696 694 1902 754 ἐκεῖνος

311 791 367 843 δὲ
398 789 623 842 κακίαν.
668 787 792 850 Πῶς
818 785 910 840 οὖν
933 789 1053 840 ἐστι
1088 787 1205 857 μετ’
1235 785 1412 856 ὲμοῦς
1447 784 1617 854 Κάγὼ
1645 785 1744 855 μὲν
1773 801 1900 849 συν-

314 881 437 948 άγω
495 880 626 942 τοὺς
683 878 1016 950 ἀνθρώπους
1083 881 1165 941 είς
1215 879 1515 948 σωτηρίαν,
1575 880 1785 941 ἐκεῖνος
1843 877 1903 930 δὲ

316 970 611 1042 σκορπίζει
635 988 648 1000 '
704 972 1004 1026 αἰνίττεται
1053 972 1112 1026 δὲ
1146 972 1242 1024 καὶ
1277 973 1406 1037 τοὺς
1439 973 1788 1044 Φαρισαίους,
1818 973 1901 1025 ὃτι

313 1062 484 1116 αὑτοῦ
522 1063 866 1127 διδάσκοντος
899 1063 993 1116 καὶ
1041 1063 1377 1132 ὠφελοῦντος
1416 1064 1664 1128 πολλοὺς,
1702 1066 1900 1116 ἐκεῖνοι

312 1156 674 1209 ἐσκεδάννυον
699 1155 793 1208 τὸν
820 1155 968 1223 λαὸν,
997 1154 1140 1209 ὥστε
1168 1157 1242 1227 μὴ
1283 1154 1686 1227 προσέρχεσθαι
1728 1154 1895 1225 αὐτῷ.

313 1247 606 1300 Δείκνυσιν
627 1244 722 1302 οὖν
754 1247 955 1310 αὐτοὺς
992 1247 1370 1318 δαιμονιώδεις
1399 1247 1477 1318 τῷ
1507 1247 1645 1302 ὄντι.

394 1360 415 1392 ι
453 1342 550 1393 Διὰ
579 1340 739 1394 τοῦτο
766 1341 910 1409 λέγω
937 1341 1067 1412 ὑμῖν
1090 1357 1102 1370 ·
1157 1342 1312 1394 Πᾶσα
1337 1339 1583 1411 ἁμαρτία
1613 1340 1706 1393 καὶ
1740 1338 1902 1409 βλασ-

315 1433 501 1501 φημία
529 1432 863 1500 ἀφεθήσεται
880 1434 994 1495 τοῖς
1020 1430 1355 1502 ἀνθρώποις,
1377 1432 1410 1500 ἡ
1439 1431 1496 1484 δὲ
1520 1431 1615 1483 τοῦ
1643 1429 1896 1500 Πνεῦμα-

313 1540 411 1584 τος
467 1523 789 1592 βλασφημία
851 1523 953 1576 οὐκ
1004 1522 1338 1593 ἀφεθήσεται
1404 1523 1518 1584 τοῖς
1569 1519 1898 1592 ἀνθρώποις.

315 1617 429 1667 Καὶ
455 1614 516 1678 ὃς
550 1616 644 1668 ἐάν
677 1617 808 1687 εἴπῃ
835 1615 993 1684 λόγον
1023 1615 1163 1669 κατὰ
1183 1614 1274 1668 τοῦ
1300 1611 1430 1668 Υἱοῢ
1459 1614 1554 1667 τοῦ
1585 1612 1897 1683 ἀνθρώπου,

314 1703 661 1774 άψεθήσεται
694 1705 844 1777 αὑτῷ
863 1723 877 1738 ο
899 1705 958 1769 ὃς
983 1705 1026 1758 δ’
1046 1706 1111 1760 ἂν
1143 1706 1274 1778 εἴπῃ
1294 1705 1436 1759 κατὰ
1456 1705 1550 1759 τοῦ
1581 1705 1720 1760 Πνεύ
1731 1722 1901 1774 ματος

314 1795 414 1848 τοῦ
462 1797 643 1863 άγίου,
698 1798 797 1850 οὐκ
852 1797 1190 1874 ἀφεθήσεται
1246 1796 1397 1868 αὑτῷ
1441 1795 1564 1850 οὔτε
1597 1800 1654 1851 ἐν
1686 1797 1765 1867 τῷ
1805 1797 1900 1852 νῦν

319 1885 507 1949 αἰῶνι,
537 1884 658 1939 οὔτε
687 1888 744 1939 ἐν
784 1887 863 1956 τῷ
889 1885 1158 1957 μέλλοντι.
1197 1906 1217 1938 ι
1255 1887 1426 1940 Τοῦτο
1459 1886 1694 1940 ἐνταῦθα
1726 1887 1894 1954 λέγει,
1931 1861 1974 1917 Β

316 1980 402 2031 ὅτι
436 1981 588 2031 πᾶσα
621 1978 721 2048 μὲν
767 1979 900 2049 ἄλλη
934 1979 1202 2051 ἁμαρτία,
1237 1980 1344 2033 κᾶν
1390 1982 1592 2050 μικρὰν
1621 1980 1752 2048 γοῦν
1785 1981 1896 2050 ἔχει

319 2071 647 2139 ἀπολογίαν,
688 2065 797 2126 οἷον
829 2073 1075 2143 πορνεία,
1107 2074 1303 2144 κλοπή.
1335 2075 1772 2143 Καταφεύγομεν
1791 2076 1901 2144 γάρ

320 2168 406 2227 εἰς
434 2165 535 2234 τὴν
563 2166 914 2236 ἀνθρωπίνην
947 2165 1254 2232 ἀσθένειαν,
1290 2168 1383 2223 καὶ
1431 2168 1899 2238 συγγνωστότεροί

321 2257 512 2325 ἐσμεν,
541 2258 708 2310 Ὅταν
743 2258 800 2311 δέ
833 2275 914 2321 τις
944 2259 1116 2331 βλέπῃ
1139 2260 1393 2330 θαύματα
1414 2260 1502 2313 διὰ
1530 2259 1622 2312 τοῦ
1649 2261 1901 2331 Πνεύμα-

319 2363 410 2410 τος
445 2347 768 2416 τελούμενα,
798 2350 892 2402 καὶ
914 2349 1176 2422 διαϐάλλῃ
1203 2351 1379 2406 ταῦτα
1403 2352 1478 2413 ῶς
1503 2352 1608 2406 ὑπὸ
1647 2351 1899 2420 δαίμονος

319 2441 609 2510 γινόμενα,
663 2443 822 2495 ποίαν
895 2443 1009 2508 ἕξει
1055 2439 1208 2507 οὗτος
1254 2445 1582 2512 άτιολογίαν;
1629 2445 1901 2515 Πρόδηλον

319 2534 431 2602 γὰρ
459 2533 543 2585 ὅτι
565 2529 675 2588 οἶδε
710 2535 806 2603 μὲν
845 2534 928 2588 ὅτι
957 2535 1064 2588 ἀπὸ
1091 2536 1408 2606 Πνεύματος
1437 2537 1596 2607 ἁγίου
1637 2539 1900 2607 γίνονται,

317 2622 640 2678 ἐθελοκακεῖ
694 2626 771 2679 δέ.
819 2626 942 2687 Πῶς
993 2621 1088 2680 οὖν
1138 2627 1169 2679 ὁ
1217 2627 1458 2692 τοιοῦτος
1517 2631 1901 2696 συγγνωστόςς

319 2714 498 2767 Ὅταν
531 2715 631 2784 μὲν
661 2716 757 2769 οὖν
781 2716 1008 2771 ἔϐλεπον
1033 2719 1083 2772 οἱ
1123 2719 1360 2774 Ἰουδαῖοι
1401 2720 1491 2772 τὸν
1519 2719 1725 2789 Κύριον
1765 2721 1904 2792 τρώ-

318 2823 493 2875 γοντα
524 2810 620 2861 καὶ
672 2809 918 2874 πίνοντα,
953 2811 1047 2863 καὶ
1076 2813 1218 2881 μετὰ
1248 2811 1498 2866 τελωνῶν
1524 2814 1776 2883 διάγοντα
1809 2816 1904 2872 καὶ

322 2899 566 2968 πορνῶν,
596 2901 691 2953 καὶ
720 2902 889 2956 τᾶλλα
924 2904 1102 2956 πάντα
1134 2903 1209 2967 ὡς
1237 2904 1364 2957 Υἱὸν
1393 2905 1683 2976 ἀνθρώπου
1728 2909 1903 2977 πράτ-

319 3008 512 3057 τοντα,
540 2987 660 3046 εἶτα
682 2994 958 3048 διέϐαλλον
987 2997 1151 3050 αὐτὸν
1171 2997 1248 3062 ὡς
1280 2997 1455 3066 φάγον
1474 2999 1570 3052 καὶ
1593 3001 1900 3072 οἰνοπότην,

319 3082 472 3153 ὑπὲρ
513 3084 705 3138 τούτου
743 3086 1075 3158 συγγνώμης
1110 3089 1270 3170 ἄξιοι,
1324 3092 1418 3145 καὶ
1455 3092 1576 3145 οὐδὲ
1614 3094 1906 3163 μετάνοιαν

2005 591 2143 660 quit,
2177 588 2479 644 Beelzebub
2509 588 2638 642 mihi
2670 598 3056 658 cooperaturus
3087 602 3192 658 est,
3224 594 3316 662 qui
3365 605 3586 650 contra-

2007 683 2149 736 rium
2176 681 2309 736 mibi
2348 681 2646 750 operatur?
2677 680 2790 751 Ego
2828 682 3046 751 quidem
3114 684 3366 741 virtutem
3393 687 3583 754 doceo,

2005 771 2099 827 ille
2145 783 2324 828 autem
2368 771 2654 837 malitiam,
2704 775 2974 842 quomodo
3023 775 3191 844 igitur
3218 783 3303 832 es’t
3336 779 3587 833 mecum?

2006 864 2076 918 Et
2117 879 2217 934 ego
2249 864 2468 934 quidem
2513 878 2784 935 congrege
2823 863 3072 920 homines
3102 869 3170 922 ad
3206 867 3459 934 salutem,
3496 871 3586 924 ille

2006 965 2188 1011 autem
2219 956 2497 1027 dispergit.
2549 953 2718 1010 Notat
2760 963 2942 1010 autem
2979 955 3304 1020 Pharisaaos,
3340 945 3486 1029 qiiod
3528 973 3588 1014 se

2005 1052 2237 1107 docente
2291 1061 2345 1107 et
2381 1051 2566 1105 multis
2588 1050 2843 1120 prodesse
2869 1047 3142 1120 cupiente,
3178 1050 3280 1119 ipsi
3310 1051 3590 1122 disperge-

2004 1152 2128 1198 rent
2166 1143 2420 1212 populum
2467 1143 2565 1206 ita,
2619 1157 2687 1196 ne
2723 1143 3044 1197 accederent
3090 1143 3155 1196 ad
3185 1156 3266 1198 se.
3305 1143 3461 1199 Unde
3492 1155 3586 1200 os-

2008 1236 2180 1290 tendit
2205 1249 2299 1292 θοι
2325 1249 2508 1289 revera
2544 1233 2826 1289 daemoniis
2861 1233 3070 1303 plenos.

2078 1331 2240 1384 Vens.
2261 1330 2351 1394 3i,
2370 1328 2441 1382 52
2463 1327 2721 1399 [cldcirco
2748 1329 2870 1385 dico
2891 1330 3076 1386 vobis:
3106 1330 3282 1387 Omne
3303 1341 3587 1401 peceatum

2004 1437 2057 1480 et
2087 1426 2392 1482 convicium
2425 1427 2729 1480 remittetur
2754 1425 3085 1492 hominibus,
3119 1437 3172 1481 at
3198 1427 3504 1482 convicium
3536 1430 3589 1483 in

2005 1511 2268 1582 Spiritum
2311 1525 2560 1570 sanctum
2621 1528 2726 1568 non
2787 1515 3096 1570 remittetur
3143 1515 3469 1572 hominibus.
3525 1517 3591 1572 Et

2002 1607 2249 1676 quisquis
2297 1607 2497 1663 dixerit
2528 1607 2756 1662 verbum
2801 1609 3061 1665 adversus
3090 1609 3287 1666 Filium
3327 1612 3586 1674 hominis.

2006 1700 2314 1755 remittetur
2342 1699 2418 1754 illi
2446 1721 2457 1756 :
2493 1701 2582 1770 qui
2606 1711 2785 1755 autem
2811 1702 3009 1757 dixerit
3031 1705 3292 1760 adversus
3323 1703 3585 1774 Spiritum

2004 1801 2274 1856 sanctum,
2313 1809 2422 1849 non
2458 1794 2765 1849 remittetur
2789 1795 2861 1860 ei,
2911 1809 3086 1865 neque
3124 1796 3178 1850 in
3204 1799 3456 1866 praesenti
3488 1813 3589 1852 ειε-

2001 1884 2153 1952 cuin,
2182 1899 2356 1955 neque
2381 1885 2435 1939 in
2473 1884 2676 1939 futuro.
2717 1901 2738 1937 ι
2774 1885 2917 1939 Dicit
2947 1886 3052 1940 hoc
3095 1885 3214 1941 loco
3241 1901 3404 1942 omne
3433 1888 3586 1941 aliud

2001 1986 2283 2044 peccatum
2329 1974 2410 2030 vel
2443 1989 2663 2046 parvam
2698 1975 2891 2030 saltem
2917 1976 3124 2031 habere
3151 1979 3588 2044 excusationem.

2003 2075 2190 2136 utpote
2222 2068 2634 2132 scortationem,
2671 2066 2877 2122 furtum
2913 2085 2926 2120 :
2961 2067 3304 2137 contingimus
3330 2070 3472 2124 enim
3520 2071 3588 2124 ad

2003 2161 2294 2214 humanam
2333 2158 2728 2224 inﬁrmitatem,
2758 2167 2811 2214 et
2847 2160 2905 2212 tit
2935 2160 3104 2214 venite
3137 2159 3287 2215 locus
3317 2179 3332 2217 :
3367 2161 3590 2231 quando

2010 2262 2191 2307 autem
2223 2251 2345 2322 quis
2369 2252 2564 2306 viderit
2601 2252 2862 2307 miracula
2909 2265 3005 2322 per
3046 2251 3304 2322 Spiritum
3340 2263 3589 2308 sanctum

2007 2345 2144 2406 ﬁeri.
2179 2354 2232 2399 et
2263 2344 2599 2399 accusaverit
2638 2358 2700 2398 ea
2725 2345 2881 2414 quasi
2915 2360 2945 2397 a
2975 2344 3192 2399 diabolo
3231 2343 3372 2399 facta
3402 2361 3416 2398 :
3453 2359 3589 2413 qua-

2002 2436 2111 2493 lem
2143 2438 2428 2494 habiturus
2454 2445 2538 2494 est
2555 2438 2644 2493 ille
2670 2437 3113 2493 excusationem?
3140 2437 3480 2494 Manifestum
3503 2447 3589 2492 est

2006 2531 2147 2585 enim
2171 2531 2314 2584 scire
2331 2545 2455 2588 eum
2486 2531 2631 2601 quod
2667 2546 2694 2584 a
2723 2530 2926 2600 Spiritu
2956 2541 3147 2587 sancto
3181 2531 3332 2597 ﬁant,
3363 2545 3461 2586 sua
3492 2547 3590 2585 au-

2008 2636 2114 2682 tem
2139 2635 2334 2692 sponte
2351 2627 2491 2682 male
2504 2628 2718 2696 operari
2745 2644 2760 2680 :
2786 2629 3058 2696 quomodo
3095 2626 3262 2694 igitur
3292 2625 3418 2682 talis
3432 2627 3588 2682 venia

2005 2724 2195 2794 dignus
2215 2723 2354 2778 erit?
2379 2720 2562 2792 Itaque
2589 2720 2756 2776 Judaei
2784 2720 3002 2790 quando
3036 2719 3286 2776 viderunt
3311 2720 3589 2775 Christum

2007 2815 2422 2869 manducantem
2453 2822 2510 2869 et
2541 2813 2838 2878 bibentem,
2881 2828 2944 2868 ac
2978 2825 3286 2869 versantem
3332 2828 3454 2869 cum
3489 2829 3589 2883 pu-

2006 2905 2236 2961 blicanis
2280 2915 2335 2960 et
2359 2905 2758 2972 meretricibus,
2802 2906 3017 2976 aliaque
3046 2906 3226 2960 omnia
3260 2921 3412 2961 more
3464 2903 3590 2960 Filii

2011 3000 2253 3055 hominis
2311 2999 2625 3068 iacientem,
2673 3009 2728 3054 et
2768 2999 2965 3054 deinde
3011 3009 3314 3071 arguerunt
3361 3015 3485 3055 eum
3531 3009 3592 3054 ut

2006 3094 2380 3162 comedonem,
2415 3102 2471 3149 et
2506 3093 2617 3147 vini
2660 3102 2903 3164 potorem
2933 3110 2947 3146 :
3007 3093 3063 3148 in
3110 3093 3213 3148 hoc
3241 3100 3397 3146 erant
3436 3092 3592 3148 venia

322 3176 802 3246 ἁπαιτηθὴσονται
827 3179 966 3250 ὑπὲρ
1004 3181 1214 3236 τούτου.
1261 3183 1488 3238 Δοκοῦσι
1532 3184 1640 3256 γὰρ
1670 3186 1908 3255 εὐλόγως

2013 3184 2196 3256 digni,
2234 3195 2289 3240 et
2342 3200 2519 3256 neque
2546 3186 2866 3257 pauitantia
2901 3201 3063 3255 super
3103 3187 3206 3241 hoc
3255 3186 3323 3240 ab
3353 3185 3434 3239 eis
3484 3185 3589 3255 61

325 3269 804 3334 σκανδαλίζεσθαι.
855 3273 1022 3326 Ὅταν
1055 3273 1114 3327 δὲ
1149 3273 1439 3344 βλέποντες
1481 3277 1644 3330 αὑτὸν
1690 3278 1907 3349 θαυμα-

323 3359 687 3430 τουργοῦντα,
731 3362 1014 3418 διέϐαλλον
1054 3367 1146 3420 καὶ
1179 3366 1565 3439 ἐθιασφὴμουν
1595 3370 1656 3423 τὸ
1682 3370 1907 3439 Πνεῦμα

329 3453 394 3504 τὸ
418 3454 595 3521 ἆγιον,
618 3455 870 3523 λέγοντες
902 3459 1037 3513 αὐτὸ,
1068 3459 1433 3530 δαιμονιῶδες
1461 3457 1624 3529 εἶναι,
1663 3462 1778 3526 πῶς
1808 3463 1912 3531 ἁφ-

328 3548 591 3616 εθήσιται
629 3550 788 3604 τοῦτο
812 3552 873 3605 τὺ
905 3553 1208 3624 ἁμάρτημα
1243 3556 1446 3620 αὐτοῖς,
1478 3557 1574 3610 ἐὰν
1611 3556 1685 3628 μὴ
1743 3575 1906 3627 μετα-

337 3641 607 3705 νοήσωσιν
629 3658 644 3704 ;
678 3640 844 3693 Ὥστε
875 3643 1114 3710 γίνωσκε
1141 3645 1217 3708 ὡς
1248 3647 1276 3698 ὁ
1309 3647 1408 3716 μὲν
1435 3648 1512 3710 εἰς
1539 3646 1634 3700 τὸν
1656 3648 1783 3700 Υίὸν
1808 3647 1902 3700 τοῦ

333 3728 623 3799 ἀνθρώπου
672 3729 1032 3804 βλασφημῶν,
1071 3734 1436 3806 ἀνθρωπικῶς
1466 3736 1645 3801 ζῶντα
1688 3737 1906 3809 βλέπων

331 3819 518 3885 αὑτὸν,
557 3822 652 3873 καὶ
691 3822 869 3890 λέγων
914 3824 1076 3878 αὐτὸν
1116 3825 1269 3892 φίλον
1299 3827 1536 3896 πορνῶν,
1571 3829 1666 3882 καὶ
1711 3829 1908 3899 φάγον,

330 3909 430 3962 καὶ
474 3909 780 3981 οἰνοπότην,
824 3912 915 3965 διὰ
953 3913 1014 3966 τὺ
1042 3913 1218 3968 ταῦτα
1253 3917 1346 3968 τὸν
1383 3917 1622 3987 Χριστὸν
1659 3920 1850 3983 ποιεῖν,
1884 3921 1913 3973 ὁ

332 4003 578 4066 τοιοῦτος
608 4003 716 4058 κᾶν
768 4004 842 4077 μὴ
875 4008 1204 4078 μετανοήσῃ,
1248 4009 1311 4062 οὗ
1345 4007 1505 4062 δώσει
1551 4009 1690 4082 ὑπὲρ
1722 4011 1912 4066 τούτου

332 4090 532 4161 λόγονῖ
563 4095 999 4164 συγγινώσκεται
1020 4098 1127 4170 γάρ
1155 4099 1230 4163 ὡς
1263 4101 1337 4172 μὴ
1370 4102 1566 4172 νοήσας
1596 4101 1760 4155 αὐτὸν
1782 4103 1914 4156 Θεὸν

339 4190 472 4244 εντα
499 4194 744 4262 κρυπτὸν
765 4209 778 4223 ·
817 4196 846 4247 ὁ
886 4193 943 4246 δὲ
972 4196 1054 4257 εἰς
1081 4193 1142 4246 τὸ
1166 4193 1322 4262 ἅγιον
1371 4194 1617 4264 Πνεῦμα,
1664 4194 1786 4265 ἦτοι
1815 4193 1914 4258 τὰς

337 4285 718 4354 πνευματικὰς
745 4285 975 4356 πράξεις
1001 4285 1093 4340 τοῦ
1129 4286 1392 4358 Χριστοῦ,
1429 4286 1785 4359 βλασφημῶν,
1818 4287 1914 4343 καὶ

335 4377 512 4444 λέγων
563 4378 731 4442 αὑτὰς
779 4379 1176 4448 δαιμονιώδεις,
1211 4381 1306 4434 ἐὰν
1354 4380 1429 4452 μὴ
1483 4383 1814 4452 μετανοήσῃ,
1851 4381 1912 4434 οὐ

339 4468 820 4538 συγγνωσθήσεται
841 4485 854 4500 °
894 4470 969 4541 μὴ
995 4471 1103 4541 γὰρ
1137 4469 1357 4539 εὔλογόν
1386 4488 1508 4524 τινα
1548 4471 1802 4542 ἀφορμὴν
1836 4471 1915 4534 εἰς

2012 3280 2281 3350 exigetur.
2324 3280 2667 3336 Videbantur
2704 3279 2850 3334 enim
2921 3279 3325 3334 rationabiliter
3367 3277 3590 3334 oﬂ'endi.

2011 3374 2242 3440 Quando
2288 3383 2468 3429 autem
2505 3375 2759 3429 viderunt
2810 3388 2930 3428 eum
2964 3373 3179 3442 operari
3225 3372 3503 3437 miracula,
3540 3384 3596 3426 et

2011 3476 2334 3536 arguerunt,
2366 3475 2420 3522 et
2445 3455 2891 3537 bIaSphemarunt
2913 3465 3177 3536 Spiritum
3207 3473 3473 3530 sanctum,
3508 3463 3595 3518 di-

2013 3569 2202 3615 centes
2231 3559 2337 3615 hoc
2389 3559 2783 3614 daemoniacum
2812 3573 2955 3621 esse,
2987 3557 3258 3630 quomodo
3286 3558 3597 3611 remittetur

2011 3650 2116 3704 hoc
2172 3658 2454 3719 peccatum
2505 3649 2610 3702 nisi
2669 3648 3048 3717 pmnitentinm
3109 3645 3358 3718 egerint?
3403 3645 3469 3701 Et
3519 3647 3596 3701 ita

2011 3740 2162 3797 disce
2197 3739 2339 3810 quod
2369 3739 2458 3794 ille
2490 3740 2583 3809 qui
2621 3739 2965 3810 biasphemat
2989 3741 3044 3794 in
3091 3737 3285 3794 Filium
3329 3741 3592 3804 hominis,

2011 3830 2206 3886 videns
2257 3843 2381 3884 eum
2415 3829 2656 3884 humano
2687 3844 2840 3884 more
2884 3829 3088 3892 vivere,
3119 3838 3174 3884 et
3229 3829 3420 3883 dicens
3453 3847 3466 3884 ι
3496 3827 3596 3883 Hic

2013 3923 2421 3979 meretricarius
2454 3931 2562 3987 cst,
2585 3936 2751 3976 vorax
2778 3928 2832 3976 et
2863 3920 2971 3974 vini
3004 3931 3183 3990 potor,
3202 3921 3326 3975 dum
3347 3918 3596 3974 Christus

2013 4015 2114 4070 hoc
2143 4013 2306 4070 facit:
2341 4013 2462 4069 talis
2489 4015 2593 4069 etsi
2617 4027 2721 4068 non
2750 4013 3033 4082 paeniteat,
3059 4011 3126 4066 de
3151 4011 3254 4066 hoc
3276 4027 3381 4065 non
3408 4010 3598 4066 reddet

2012 4109 2302 4165 rationem.
2359 4107 2582 4162 Veniam
2612 4107 2758 4160 enim
2806 4105 3039 4176 accepit,
3074 4113 3331 4176 tanquam
3353 4104 3445 4175 qui
3479 4119 3591 4158 non

2014 4201 2341 4257 intellexerit
2363 4201 2510 4255 illum
2538 4200 2706 4255 fuisse
2727 4199 2918 4265 Deum,
2944 4213 3008 4254 eo
3031 4198 3175 4269 quod
3203 4209 3312 4253 tam
3345 4196 3598 4255 occultus

2013 4293 2198 4349 fuerit.
2227 4293 2327 4359 Qui
2362 4302 2541 4348 autem
2571 4291 2907 4362 blasphemat
2945 4290 2998 4346 in
3035 4291 3297 4361 Spiritum
3324 4302 3596 4354 sanctum,

2015 4385 2118 4441 hoc
2147 4393 2250 4450 est,
2303 4385 2357 4439 in
2405 4383 2710 4455 spiritualia
2762 4398 2929 4454 opera
2965 4381 3188 4450 Christi,
3244 4395 3299 4439 et
3341 4385 3475 4439 dicit
3521 4399 3588 4439 ea

2015 4492 2140 4535 esse
2165 4477 2454 4543 diabolica,
2489 4477 2596 4532 nisi
2626 4477 3002 4547 paenitentiam
3027 4476 3220 4545 egerit,
3250 4477 3461 4531 veniam
3488 4490 3594 4532 non

336 4557 400 4610 τὸ
467 4558 773 4612 διαεάλλειν
831 4556 999 4630 εἶχεν,
1040 4559 1232 4631 ῶσπερ
1260 4561 1516 4624 ἐκεῖνοςὸ
1549 4561 1641 4614 τὸν
1681 4561 1908 4630 Χριστὸν

2020 4577 2363 4640 assequetur.
2395 4567 2512 4624 Non
2558 4569 2705 4624 enim
2745 4567 3121 4623 rationabilem
3163 4581 3383 4622 causam
3411 4567 3598 4623 habuit

336 4649 483 4717 δρῶν
521 4651 660 4721 μετὰ
687 4652 904 4722 πορνῶν
934 4652 1062 4707 ὄντα
1096 4653 1190 4706 καὶ
1226 4651 1501 4718 τελωνῶν,
1533 4647 1654 4706 εἶτα
1692 4652 1916 4706 διαϐάλ-

337 4745 482 4806 itera;
521 4743 636 4797 Οὐκ
666 4744 1000 4816 ἀφεθήσεται
1021 4743 1118 4800 οὖν
1155 4745 1332 4818 τούτῳ
1361 4744 1486 4800 οὔτε
1526 4745 1761 4799 ἐνταῦθα
1791 4745 1914 4799 οὔτε

337 4837 492 4888 ἐκεῖ·
537 4836 674 4892 ἀλλὰ
719 4840 815 4892 καὶ
862 4839 1095 4894 ἐνταῦθα
1145 4838 1241 4894 καὶ
1301 4841 1419 4893 ἐκεῖ
1444 4838 1913 4911 τιμωρηθήσεται.

340 4930 536 4983 Πολλοὶ
561 4933 670 5001 γάρ
706 4931 939 4988 ἐνταῦθα
983 4934 1086 5006 μὲν
1131 4933 1486 5000 κολάζονται,
1541 4933 1662 4987 ἐκεῖ
1691 4932 1752 4986 δὲ
1803 4932 1914 4989 οὐδ’

334 5025 475 5088 ὃλως
501 5040 514 5053 ⁸
545 5025 624 5088 ὡς
654 5028 683 5080 ὀ
713 5026 924 5097 auexit;
951 5029 1223 5100 Λάζαρος.
1258 5028 1443 5083 ’Ἄλλοι
1471 5028 1549 5093 δὲ,
1583 5027 1679 5084 καὶ
1705 5020 1808 5082 ὧδε
1825 5027 1917 5081 καὶ

2017 4673 2076 4720 ut
2101 4662 2551 4727 calunmiaretur,
2573 4661 3029 4728 quemadmodum
3052 4660 3142 4716 ille
3187 4661 3278 4731 qui
3311 4659 3594 4717 Christum

2016 4749 2209 4806 videns
2233 4764 2357 4804 cum
2391 4749 2772 4806 meretricibus
2810 4757 2866 4804 et
2895 4748 3198 4818 publicanis
3223 4748 3453 4812 versari,
3483 4757 3596 4803 tum

2018 4840 2472 4895 calumniabatur.
2511 4837 2629 4896 Non
2669 4839 2976 4896 remittetur
3019 4841 3183 4911 igitur
3216 4838 3300 4895 vel
3358 4839 3466 4906 hic,
3512 4839 3598 4893 vel

2019 4931 2147 4988 alibi
2176 4947 2193 4986 :
2227 4931 2321 4990 sed
2346 4939 2400 4986 et
2429 4931 2517 4988 hic
2541 4938 2601 4987 et
2629 4929 2758 4987 alibi
2791 4931 3068 5002 punietur.
3115 4929 3267 4986 Multi
3297 4928 3442 4986 enim
3473 4936 3600 4985 sunt

2019 5026 2112 5098 qui
2135 5025 2224 5081 hic
2241 5024 2458 5095 quidem
2479 5025 2798 5097 puniuntur,
2826 5024 2923 5082 sed
2949 5024 3072 5081 alibi
3097 5037 3326 5094 prorsus
3344 5025 3587 5080 inmune

1306 5188 1393 5246 Ex
1445 5185 1790 5250 collatione
1823 5186 2010 5252 codd.
2048 5189 2274 5250 Venet.
2311 5188 2374 5249 S.
2398 5188 2620 5250 Marci.

337 5368 525 5432 autem
567 5357 703 5432 eius,
753 5359 1014 5432 daemonia
1040 5360 1233 5432 eidem
1277 5360 1524 5430 subjecta
1555 5371 1732 5428 vocat;
1791 5378 1916 5432 quae

338 5429 552 5483 scilicet
584 5429 731 5486 velut
763 5445 912 5500 arma
951 5431 1120 5500 ipsius
1149 5441 1276 5488 sunt
1301 5449 1314 5486 :
1353 5429 1478 5488 vasa
1509 5434 1654 5490 enim
1677 5443 1732 5488 et
1761 5429 1917 5490 arma

341 5509 765 5572 nuncupantur.
826 5498 1009 5570 Quare
1083 5499 1260 5558 Lucas
1332 5511 1661 5562 araretur-am
1748 5503 1918 5572 ipsius

337 5569 536 5622 eadem
597 5569 884 5640 appellavit
913 5588 930 5627 :
960 5572 1084 5639 quia
1121 5586 1218 5639 per
1268 5572 1358 5628 illa
1406 5573 1634 5631 miseros
1670 5569 1919 5630 homines

341 5639 448 5691 sibi
481 5639 700 5714 Subigit.
729 5641 980 5698 Christus
1012 5642 1195 5714 itaque
1225 5642 1326 5714 bac
1355 5645 1604 5712 exemplo
1631 5658 1922 5714 argumen-

2023 5363 2170 5418 xime
2220 5362 2486 5425 invisam.
2547 5357 2869 5425 alligaverit.
2933 5356 3030 5416 Est
3079 5369 3208 5414 vero
3255 5356 3378 5412 tatis
3439 5369 3596 5424 argm-

2025 5377 2170 5418 xune
2220 5376 2486 5425 invisam.
2547 5376 2634 5418 am
2679 5376 2869 5417 ενοι-ιι.
2935 5376 3030 5416 ut
3079 5376 3208 5414 vero
3255 5376 3378 5412 laus
3439 5376 3596 5424 argu.

2025 5433 2188 5488 menti
2222 5433 2367 5490 illius
2386 5447 2604 5501 scapus.
2641 5376 3110 5501 Quemadmodum
3126 5441 3296 5501 nemo
3312 5428 3368 5489 in
3383 5428 3600 5483 domum

2026 5503 2254 5572 alicujus
2285 5496 2518 5571 potentis
2540 5503 2763 5562 intrare,
2785 5514 3028 5572 vasaque
3051 5497 3167 5572 eius
3198 5496 3603 5572 abipsovcusto-

2027 5574 2140 5646 dita
2158 5566 2400 5646 diripere
2420 5579 2617 5640 potest,
2648 5573 2700 5646 si
2724 5566 3016 5646 prius_n'o_n
3033 5569 3336 5646 alligaverit
3364 5566 3556 5646 fortem
3584 5583 3598 5619 :

2031 5644 2114 5700 sic
2145 5653 2202 5698 et
2234 5638 2348 5712 ipse
2371 5638 2646 5710 nunquam
2671 5638 2934 5712 daemonia
2963 5638 3298 5712 diripuisset,
3321 5638 3430 5694 nisi
3454 5638 3604 5712 prius

339 5716 459 5762 tum
515 5702 799 5784 eﬂ'u'rniat,
848 5702 1143 5784 ostendens
1171 5713 1312 5784 quod
1343 5729 1455 5784 non
1493 5702 1921 5784 s'oiumivnullam
2031 5702 2332 5784 principem
2362 5702 2622 5781 ipsorum,
2657 5712 2750 5782 qui
2785 5711 2943 5769 furtis
2981 5702 3102 5775 σοι,
3148 5702 3466 5778 οηίεοιεθιξ
3491 5702 3605 5776 Qui

343 5793 469 5833 cum
530 5779 774 5850 principe
835 5775 1224 5842 daemoniorum
1308 5775 1602 5838 amicitiam
1680 5783 1918 5849 habeat;

346 5864 534 5907 verum
594 5851 758 5908 etiam
813 5854 955 5922 quod
1013 5854 1268 5910 virtutem
1314 5854 1466 5923 ejus,
1535 5865 1594 5910 ut
1650 5855 1754 5912 sibi
1803 5869 1918 5911 ma-

2030 5797 2221 5840 nonest
2251 5800 2474 5851 mecum,
2509 5801 2529 5836 t
2559 5793 2664 5841 etc.
