4078 6464
322 446 432 513 273

973 448 1425 510 ENARRATIO
1456 450 1535 510 ΙΝ
1580 446 1910 521 EVANGEI

2014 448 2085 507 ’Μ
2122 449 2508 511 ΜΑΤΤΗίΕΙ.
2545 475 2613 483 -
2639 450 2799 511 CAP.
2840 451 2984 512 XII.

3488 450 3592 513 274

328 560 417 611 δεῖ
444 554 683 609 ἐνταῦθα
732 557 901 627 ἡμᾶς,
948 558 1030 610 ὅτι
1076 559 1168 611 καὶ
1204 558 1347 629 ὑπὲρ
1395 559 1488 612 τοῦ
1534 558 1704 629 ἀργοῦ
1757 558 1910 627 λόγου

2023 559 2213 614 Terret
2250 561 2334 615 hic
2370 576 2488 627 nos,
2521 562 2775 631 quoniam
2806 571 2861 617 et
2890 578 2987 631 pro
3014 563 3191 621 otioso
3217 540 3385 620 verbo
3424 565 3593 628 ratio-

326 648 575 719 δώσομεν
601 648 789 717 λόγον,
819 650 1093 716 τουτέστι,
1122 651 1215 704 τοῦ
1238 651 1488 721 ψευδοῦς,
1521 651 1614 704 τοῦ
1650 669 1918 720 συκοφαν-

328 740 506 806 τικοῦ,
531 741 564 810 ἢ
589 742 687 794 καὶ
710 741 804 793 τοῦ
833 742 1071 795 ἀτάκτου
1096 745 1189 796 καὶ
1217 743 1555 812 γελοιώδους.
1580 739 1710 797 Εἶτα
1734 744 1917 813 τίθησι

330 831 646 900 μαρτυρίαν
670 832 777 883 ἀπὸ
812 831 911 901 τῆς
936 833 1179 903 Γραφῆς,
1220 835 1306 887 ἵνα
1338 835 1413 906 μὴ
1439 835 1564 906 δόξῃ
1596 835 1772 889 οἰκεῖά
1795 853 1918 889 τινα

326 922 508 989 λέγειν
536 939 550 952 ⁸
588 942 606 974 ι
632 923 726 975 Ἐκ
744 923 855 977 τῶν
885 924 1058 994 λόγων
1084 943 1175 979 σου
1204 926 1561 1000 δικαιωθήσῃ,
1590 926 1687 982 καὶ
1717 929 1782 981 ἐκ
1808 928 1918 983 τῶν

325 1013 503 1082 λόγων
532 1031 625 1067 σου
650 1015 1118 1100 καταδικασθήσῃ.
1160 1037 1206 1083 ι,

402 1121 421 1153 ι
464 1103 601 1155 Τότε
633 1104 1018 1177 ἀπεκρίθησαν
1066 1125 1210 1172 τινες
1254 1109 1362 1164 τῶν
1397 1110 1775 1183 γραμματέων
1822 1111 1918 1166 καὶ

322 1194 660 1263 Φαρισαίων,
693 1195 979 1264 λέγοντεςο
1012 1200 1337 1269 Διδάσκαλε,
1375 1202 1614 1274 θέλομεν
1660 1205 1769 1259 ἀπὸ
1820 1203 1915 1258 σοῦ

325 1292 554 1359 σημεῖον
606 1289 755 1346 ἰδεῖν.
805 1312 824 1344 ι
864 1292 1171 1364 Θαυμάςων
1203 1298 1231 1349 ό
1278 1297 1696 1370 εὐαγγελιστὴς,
1740 1316 1915 1369 προσ-

323 1379 493 1448 έθηκε
542 1380 626 1444 16,
675 1381 820 1435 τότε.
857 1382 986 1436 Ὅτε
1022 1384 1131 1457 γὰρ
1175 1386 1517 1457 ὑποταγῆναι
1569 1388 1679 1443 ἔδει
1727 1389 1816 1444 διὰ
1846 1388 1917 1444 τά

323 1472 714 1541 προγεγονότα
756 1473 1035 1542 θαύματα,
1091 1476 1215 1528 τότε
1262 1480 1489 1549 σημεῖον
1542 1479 1819 1535 αἰτοῦσινο
1857 1480 1917 1548 ἐξ

320 1562 561 1632 ούρανοῦ
590 1562 647 1615 δὲ
679 1562 927 1616 θέλουσιν
968 1565 1097 1618 ἰδεῖν
1143 1570 1393 1638 σημεῖον,
1432 1570 1506 1634 ὡς
1542 1570 1702 1635 ἀλλος
1753 1572 1916 1642 εὐαγ-

319 1655 585 1726 γελιστὴς
628 1656 798 1724 λέγει.
849 1658 1099 1713 Ἐδόκουν
1137 1660 1268 1731 γὰρ,
1317 1662 1397 1715 ὅτι
1426 1663 1495 1717 τὰ
1540 1664 1635 1721 ἐπὶ
1680 1666 1779 1735 τῆς
1813 1666 1917 1737 γῆς

320 1744 608 1817 θαύματα,
662 1749 771 1802 ἀπὸ
821 1748 923 1818 τῆς
968 1750 1063 1804 τοῦ
1114 1751 1361 1806 διαϐόλου
1415 1754 1700 1826 δυνάμεως
1750 1760 1912 1811 ποιεῖ’

322 1841 726 1912 κοσμοκράτωρ
750 1841 859 1912 γὰρ
904 1843 930 1895 6
955 1843 1222 1907 διάὄολος.
1266 1845 1331 1898 Τί
1373 1843 1467 1901 οὖν
1493 1848 1520 1899 6
1546 1849 1773 1919 Σωτήρ;

2023 664 2145 703 nent
2180 651 2358 705 daturi
2394 666 2597 715 sumus,
2638 652 2739 705 hoc
2772 659 2879 715 est,
2914 667 3011 721 pro
3048 653 3353 719 mendacio,
3385 653 3594 708 calum-

2022 741 2133 807 nia,
2169 750 2261 795 aut
2299 742 2460 795 etiam
2497 755 2594 811 pro
2625 740 2949 797 inordinatis
2987 751 3043 797 et
3085 742 3351 799 ridiculis.
3394 742 3595 799 Deinde

2022 833 2170 902 ponit
2193 832 2556 887 testimonium
2583 847 2647 888 ex
2674 832 2972 901 Scriptura,
3015 847 3083 888 ne
3112 835 3359 890 videatur
3374 836 3594 906 propria

2021 923 2218 978 dicere.
2247 921 2326 977 Ex
2348 925 2695 979 sermonibus
2728 925 2838 979 tuis
2856 924 3266 994 justiﬁeaberis,
3304 935 3361 982 et
3389 942 3454 981 ex
3479 942 3595 984 ser-

2022 1015 2273 1071 monibus
2307 1014 2412 1069 tuis
2439 1017 2914 1072 condemnaberis.

2090 1105 2254 1161 Vens.
2295 1105 2384 1161 38.
2422 1107 2573 1161 Tunc
2606 1109 3005 1173 responderunt
3035 1108 3255 1178 quidam
3286 1121 3354 1163 ex
3398 1107 3597 1163 scribis

2019 1209 2074 1253 et
2103 1198 2414 1267 Pbarisaeis,
2438 1200 2679 1255 dicentes
2703 1217 2719 1256 :
2748 1199 3296 1271 Magister,volumus
3329 1201 3395 1253 ad
3437 1209 3489 1255 te
3517 1200 3595 1255 si-

2018 1301 2182 1354 gnum
2204 1285 2409 1342 videre.
2435 1304 2455 1338 ι
2478 1286 2765 1361 Admirans
2792 1290 3123 1360 evangelista
3141 1291 3411 1360 apposuit,
3441 1300 3588 1347 tunc.

2017 1375 2154 1432 Cum
2224 1380 2367 1433 enim
2414 1378 2633 1434 obedire
2687 1379 2811 1437 illos
2856 1390 3131 1452 oporteret
3175 1391 3395 1453 propter
3438 1385 3595 1452 signa

2018 1470 2398 1541 praecedentia,
2433 1480 2560 1527 tunc
2601 1471 2812 1543 signum
2862 1482 3073 1543 petunt.
3117 1472 3194 1529 De
3233 1473 3374 1529 ccelo
3410 1484 3592 1529 autem

2019 1563 2207 1618 volunt
2245 1563 2459 1634 signum
2490 1564 2678 1620 videre
2706 1565 2849 1621 sicut
2886 1565 3027 1621 alius
3061 1565 3395 1636 evangelista
3426 1566 3591 1621 dicit:

2018 1658 2278 1726 putabant
2310 1657 2454 1713 enim
2497 1658 2637 1728 quod
2679 1658 2831 1728 signa
2871 1674 3034 1729 super
3069 1668 3269 1713 terram
3328 1665 3597 1729 potestate

2017 1749 2220 1804 diaboli
2265 1749 2506 1805 faceret:
2553 1750 2741 1804 mundi
2786 1750 2930 1805 enim
2974 1760 3154 1805 rector
3186 1759 3269 1806 est
3325 1750 3591 1806 diabolus.

2021 1840 2159 1907 Quid
2193 1840 2356 1911 igitur
2377 1840 2445 1895 ad
2472 1841 2588 1895 haec
2618 1840 2905 1896 Salvator?

406 1951 423 1983 ι
477 1933 536 1985 '0
561 1932 639 1998 δὲ,
667 1934 985 2005 ἀποκριθεὶς
1028 1930 1181 1992 εἶπεν
1212 1937 1398 2002 αὐτοῖς
1430 1954 1444 1969 ο
1489 1939 1658 1993 Γενεά
1688 1915 1910 2012 -πονηρά

2091 1931 2252 1988 Vens.
2286 1933 2376 2000 59,
2404 1932 2494 1989 40.
2528 1953 2546 1986 ι
2586 1935 2655 1988 At
2692 1934 2778 1989 ille
2810 1934 3146 2003 respondens
3174 1936 3310 1990 dixit
3333 1935 3459 1990 illis:
3483 1934 3591 1990 Ge-

331 2024 431 2075 καὶ
470 2025 719 2094 μοιχαλὶς
753 2028 978 2095 σημεῖον
1025 2026 1296 2099 ἐπιζητεῖ,
1346 2030 1440 2083 καὶ
1477 2034 1704 2101 σημεῖον
1730 2033 1791 2086 οὐ
1829 2033 1914 2086 δο-

321 2114 556 2184 θήσεται
585 2116 747 2186 αὐτῇ,
782 2118 829 2168 εἰ
854 2115 927 2187 μὴ
949 2117 1010 2169 τὸ
1042 2121 1270 2188 σημεῖον
1307 2119 1573 2173 Ἰωνᾶ.τοῦ
1602 2124 1908 2193 προφήτου.

324 2207 543 2277 Ὠσπερ
570 2208 678 2276 γὰρ
709 2202 777 2278 ἦν
823 2208 1007 2272 Ἰωνᾶς
1041 2211 1098 2262 ὲν
1117 2212 1183 2280 τῇ
1211 2211 1386 2283 κοιλίᾳ
1419 2211 1514 2266 τοῦ
1546 2214 1741 2285 κήτους
1764 2218 1914 2286 τρεῖς

328 2299 553 2368 ἡμέρας
609 2300 701 2353 καὶ
732 2302 877 2370 τρεῖς
918 2301 1142 2367 νύκτας,
1175 2301 1347 2368 οὕτως
1396 2304 1549 2357 ἐσται
1601 2307 1694 2359 καὶ
1727 2308 1755 2360 6
1781 2307 1911 2373 Υίὸς

320 2391 425 2443 τοῦ
464 2391 755 2463 ἀνθρώπου
795 2393 854 2447 ἐν
895 2396 962 2464 τῇ
998 2395 1199 2468 καρδίᾳ
1251 2396 1352 2467 τῆς
1385 2397 1492 2467 γῆς
1518 2401 1666 2469 τρεῖς
1699 2400 1912 2472 ἡμέρας

324 2486 425 2537 καὶ
482 2487 631 2555 τρεῖς
686 2484 909 2549 νύκτας.
951 2507 969 2540 ι
1016 2489 1267 2558 Πονηράν
1320 2489 1421 2558 μὲν
1468 2490 1663 2559 γενεάν
1712 2494 1913 2558 αὐτοὺς

324 2576 506 2640 καλεῖ,
538 2576 613 2640 ὡς
643 2578 990 2647 ἐπηρεαστάς
1043 2581 1141 2633 καὶ
1185 2580 1458 2652 δολερούς.
1496 2584 1800 2653 Μοιχαλίδα
1831 2585 1909 2654 δὲ,

318 2668 403 2730 ὡς
436 2669 841 2737 ἀφισταμένους
871 2670 979 2723 ἀπὸ
1004 2670 1098 2723 τοῦ
1131 2670 1287 2738 Θεοῦ,
1323 2674 1414 2726 καὶ
1459 2672 1679 2744 δαίμοσι
1707 2676 1911 2731 κολλω-

332 2757 552 2827 μένους.
601 2759 835 2828 Σημείον
864 2760 920 2813 δὲ
951 2761 1100 2830 λέγει
1132 2763 1257 2833 τὴν·
1283 2764 1582 2819 ἀνάστασιν
1616 2766 1805 2834 αὑτοῦ,
1835 2768 1911 2833 ὡς

324 2850 670 2919 παράδοξον·
712 2855 770 2904 ἐν
803 2856 911 2924 γὰρ
942 2857 1007 2924 τῇ
1039 2854 1239 2927 καρδίᾳ
1286 2855 1388 2925 τῆς
1440 2856 1565 2929 γῆς,
1599 2857 1677 2928 τῷ
1726 2876 1908 2913 κατω-

321 2944 477 2995 τάτω
506 2942 649 3009 λέγω
678 2944 851 3015 τόπῳ,
888 2945 964 3015 τῷ
992 2945 1091 3018 ᾄδῃ
1114 2947 1357 3018 δηλονότι
1386 2948 1652 3015 καταὸἀς,
1670 2939 1912 3023 ’τριήμε-

326 3050 425 3104 ρος
480 3034 711 3104 ἀνέστη·
762 3038 861 3100 τὰς
921 3040 1070 3110 τρεῖς
1123 3039 1181 3092 δὲ
1235 3040 1450 3112 ἡμέρας
1485 3044 1582 3095 καὶ
1628 3041 1728 3106 τὰς
1760 3046 1910 3115 τρεῖς

327 3126 557 3190 νύκτας,
615 3129 724 3182 ἀπὸ
776 3131 978 3201 μέρους
1033 3132 1225 3201 νόησον
1284 3134 1379 3186 καὶ
1433 3132 1507 3205 μὴ
1555 3134 1908 3208 ὁλοκλήρους.

2016 2026 2228 2081 neratio
2259 2040 2423 2095 prava
2454 2036 2510 2083 et
2539 2026 2780 2081 adultera
2804 2027 3018 2097 signum
3046 2028 3260 2096 quaerit,
3292 2038 3343 2085 et
3378 2031 3593 2097 signum

2015 2133 2123 2173 non
2153 2117 2372 2172 dabitur
2398 2117 2496 2185 illi,
2530 2117 2629 2173 nisi
2657 2117 2870 2188 signum
2900 2116 3049 2172 Jona:
3076 2119 3563 2187 prophetaz.Quem

2014 2210 2306 2265 admodum
2342 2211 2486 2266 enim
2542 2210 2643 2265 fuit
2691 2208 2857 2265 Jonas
2918 2210 2969 2264 in
3014 2220 3206 2266 ventre
3254 2211 3360 2264 ceti
3420 2209 3592 2264 tribus

2014 2303 2204 2360 diebus
2232 2318 2295 2359 ac
2325 2303 2498 2358 tribus
2523 2304 2800 2370 noctibus,
2834 2302 2916 2359 sic
2951 2302 3056 2357 erit
3082 2301 3250 2357 Filius
3278 2301 3511 2358 hominis
3537 2305 3592 2357 in

2013 2396 2178 2452 corde
2220 2406 2379 2451 terrae
2412 2396 2584 2453 tribus
2605 2397 2795 2452 diebus
2820 2406 2874 2451 et
2898 2396 3067 2450 tribus
3088 2394 3359 2451 noctibus.
3395 2414 3413 2448 ι
3456 2396 3590 2450 Pra-

2014 2504 2133 2545 vam
2178 2488 2579 2559 generationem
2635 2497 2793 2542 vocat
2833 2501 2950 2553 eos,
2984 2488 3108 2554 quia
3142 2489 3328 2543 dolose
3378 2504 3592 2555 semptr

2016 2581 2328 2636 tentabant:
2375 2578 2673 2635 adulteram
2720 2587 2924 2645 autem,
2971 2581 3100 2649 quia
3139 2581 3519 2637 desciscebant
3558 2598 3590 2637 a

2021 2673 2147 2739 Deo,
2188 2681 2243 2726 et
2270 2669 2616 2726 adhaerebant
2650 2670 3005 2726 daemonibus.
3043 2670 3268 2741 Signum
3299 2681 3480 2726 autem
3507 2672 3593 2726 di-

2016 2766 2091 2821 cit
2113 2762 2569 2819 resurrectionem
2587 2775 2763 2824 suam,
2787 2768 2848 2815 ut
2868 2761 3265 2816 admirabilem.
3286 2760 3587 2833 Postquam

2014 2858 2156 2913 enim
2180 2856 2236 2911 in
2259 2869 2354 2912 cor
2378 2864 2557 2919 terrae,
2587 2853 2643 2907 in
2678 2853 2924 2908 inﬁmum
2949 2853 3173 2925 inquam
3203 2854 3399 2921 locum,
3427 2856 3594 2911 infer-

2014 2967 2141 3007 num
2187 2949 2418 3015 scilicet,
2462 2947 2760 3014 descendit,
2786 2947 2943 3003 tertio
2977 2947 3066 3003 die
3103 2948 3422 3003 resurrexit.
3457 2949 3591 3004 Tres

2014 3047 2193 3095 autem
2226 3039 2344 3094 dies
2379 3045 2435 3093 et
2471 3043 2584 3092 tres
2613 3045 2800 3092 noctes
2827 3051 2857 3090 a
2883 3030 3036 3107 parte
3063 3036 3355 3109 intelligas,
3386 3048 3443 3093 et
3479 3054 3585 3093 non

2014 3132 2270 3201 integras.
2303 3129 2548 3187 Mortuus
2578 3129 2723 3187 enim
2753 3136 2840 3185 est
2866 3129 2919 3183 in
2958 3128 3278 3194 Parasceve,
3324 3144 3443 3199 qua:
3471 3131 3589 3201 ipsa

339 3218 606 3313 :.\11é0e~as
626 3222 760 3313 ἡμὲν
785 3223 898 3295 γὰρ
930 3227 996 3295 τῇ
1032 3228 1379 3298 παρασκευῇ,
1418 3227 1519 3295 μία
1544 3227 1682 3300 αὕτη
1726 3230 1910 3302 ήμέρα

2016 3239 2121 3280 una
2145 3224 2262 3280 dies
2281 3231 2397 3279 est:
2430 3232 2486 3278 et
2524 3216 2771 3278 mortuus
2792 3219 2896 3276 fuit
2919 3219 3178 3286 Sabbato,
3212 3234 3339 3278 ecce
3388 3231 3443 3278 et
3482 3223 3591 3278 alia

322 3307 420 3382 ἦν’
459 3312 552 3364 καὶ
582 3312 657 3382 τῷ
702 3314 966 3387 Σαϐϐάτῳ
1000 3319 1212 3388 νεκρὸς,
1262 3319 1369 3377 ιδοὺ
1400 3321 1498 3373 καὶ
1530 3320 1665 3393 ἀλλη
1694 3322 1902 3395 ήμέραο

326 3402 427 3456 καὶ
453 3405 485 3473 ή
514 3404 610 3469 νὺξ
638 3405 693 3459 δέ
723 3406 822 3477 τῆς
870 3410 1176 3477 Κυριακῆς,
1212 3410 1292 3464 ἔτι
1326 3413 1518 3483 νεκρὸν
1570 3414 1733 3468 αὑτὸν
1778 3434 1910 3471 κατ-

327 3496 511 3551 έλαϐε.
541 3498 681 3568 Τρία
705 3494 798 3553 οὖν
828 3502 1197 3572 ήμερονύκτια
1227 3504 1335 3558 ἀπὸ
1367 3506 1566 3576 μέρους
1606 3507 1909 3579 ἀριθμοῦν-

324 3604 445 3642 ται.
489 3588 644 3642 Ἐπεὶ
674 3592 769 3643 καὶ
803 3592 974 3657 οὕτως
1002 3585 1274 3667 εἰώθαμεν
1330 3598 1593 3663 πολλάκις
1627 3601 1905 3672 ἀριθμεῖν.

406 3700 423 3731 ι
468 3680 692 3753 Ἀνδρες
741 3684 1023 3739 Νινευῗται
1069 3688 1469 3760 ἀναστήσονται
1519 3693 1576 3745 ἐν
1614 3695 1678 3765 τῇ
1727 3694 1907 3763 κρίσει

328 3771 471 3840 μετά
501 3772 600 3842 τῆς
631 3775 826 3842 γενεᾶς
859 3775 1079 3846 ταύτης,
1116 3780 1211 3830 καὶ
1253 3781 1678 3851 κατακρινοῦσιν
1716 3784 1908 3855 αὐτὴν,

322 3863 408 3915 ὅτι
472 3866 804 3933 μετενόησαν
870 3869 950 3931 είς
997 3868 1057 3920 τὸ
1105 3871 1371 3942 κήρυγμα
1436 3873 1610 3939 Ἰωνᾶ,
1658 3874 1754 3927 καὶ
1798 3876 1907 3930 ἰδοὺ

324 3960 512 4013 πλεῖον
542 3961 701 4013 Ἰωνᾶ
725 3957 846 4016 ὧδε.
890 3982 907 4015 ι
955 3964 1016 4016 ’0
1053 3966 1149 4035 μὲν
1189 3967 1398 4030 Ἰωνᾶς,
1433 3969 1584 4036 φησὶ,
1634 3970 1771 4039 μετά
1810 3969 1909 4038 τήν

325 4052 392 4104 ἐκ
431 4052 525 4105 τοῦ
560 4054 760 4122 κήτους
813 4055 1008 4123 ἔξοδον,
1055 4058 1299 4128 κηρύξας
1343 4061 1665 4131 ἐπιστεύθη·
1707 4061 1818 4130 ἐγὼ
1852 4060 1910 4115 δὲ

325 4144 448 4197 οὐδὲ
482 4146 625 4214 μετά
653 4146 750 4217 τήν
775 4148 1071 4205 ἀνάστασιν
1102 4153 1230 4221 ὑμῖν
1259 4153 1714 4225 πιστευθήσομαι.
1749 4155 1911 4210 Ὅθεν

330 4237 425 4287 καὶ
457 4238 928 4310 κατακριθήσεσθε
962 4243 1065 4295 ὑπὸ
1100 4244 1208 4297 τῶν
1237 4246 1541 4299 Νινευῖτῶν
1575 4246 1908 4301 πιστευσάν-
1948 4293 1958 4303 .

331 4345 433 4380 των
464 4329 541 4398 τῷ
568 4329 739 4400 δούλῳ
777 4350 876 4401 μου
919 4334 1076 4405 Ἰωνᾷ
1100 4339 1271 4406 χωρὶς
1313 4338 1579 4407 σημείων,
1615 4339 1908 4395 καὶταῦτα

328 4420 628 4490 Βαρϐάρων
662 4422 850 4476 ὄντων·
890 4426 1047 4495 ὑμεῖς
1079 4429 1129 4480 οἱ
1160 4431 1467 4501 προφήταις
1494 4432 1908 4504 συντεθραμμέ-

327 4528 433 4574 νοι,
464 4512 512 4563 οἱ
548 4516 751 4581 σημεῖα
798 4514 1017 4581 ἰδόντες,
1059 4517 1134 4589 μὴ
1182 4521 1511 4577 πιστεύσατε
1562 4526 1687 4596 ἐμοὶ
1710 4525 1787 4597 τῷ
1819 4526 1907 4580 δε-

2007 3324 2161 3381 dies:
2194 3333 2301 3377 nox
2331 3326 2510 3374 autem
2534 3316 2829 3375 Dominicee
2876 3317 3055 3389 ipsum
3102 3318 3285 3374 adhuc
3314 3329 3590 3374 mortuum

2010 3412 2392 3489 apprehendit.
2434 3410 2569 3468 Tres
2597 3411 2762 3483 igitur
2786 3412 2903 3468 dies
2930 3421 2987 3468 et
3016 3420 3205 3469 noctes
3230 3428 3259 3467 a
3289 3422 3442 3483 parte
3488 3429 3592 3479 nu-

2011 3516 2315 3573 merantur,
2348 3505 2474 3577 quia
2503 3513 2560 3560 et
2590 3504 2669 3561 sic
2698 3519 2842 3576 saepe
2864 3519 3152 3561 numerare
3184 3504 3588 3561 consuevimus.

2083 3691 2247 3747 Vens.
2275 3692 2366 3748 41.
2398 3709 2415 3744 ι
2440 3690 2557 3747 Viri
2605 3688 2854 3745 Ninivita:
2893 3698 3117 3759 surgent
3147 3689 3200 3744 in
3240 3688 3445 3761 judicio
3464 3704 3588 3743 cum

2014 3785 2366 3854 generatione
2404 3784 2528 3849 hac,
2561 3790 2617 3838 et
2657 3782 3101 3837 condemnabunt
3135 3795 3279 3846 eam,
3311 3781 3454 3850 quod
3486 3780 3590 3850 ipsi

2013 3877 2384 3947 paenitentiam
2409 3874 2619 3945 egerint
2636 3875 2702 3928 ad
2722 3873 3158 3943 praedicationem
3175 3872 3361 3928 Jonas:
3390 3879 3444 3927 et
3463 3886 3592 3927 ecce

2012 3969 2130 4038 plus
2183 3982 2343 4035 quant
2389 3964 2557 4020 Jonas
2606 3974 2689 4021 est
2744 3963 2849 4019 hoc
2896 3963 3036 4018 loco.
3075 3981 3094 4015 ι
3140 3961 3469 4033 Postquam,
3506 3962 3593 4016 in-

2014 4060 2154 4131 quit,
2180 4059 2346 4113 Jonas
2366 4058 2497 4113 exiit
2524 4072 2555 4111 a
2582 4068 2724 4123 ceto,
2748 4066 2803 4111 et
2832 4054 3168 4128 praedicavit,
3202 4054 3586 4111 crediderunt:

2012 4155 2068 4209 in
2108 4168 2190 4209 me
2224 4162 2427 4217 autem,
2462 4153 2623 4207 etiam
2653 4168 2772 4207 cum
2815 4166 3108 4208 surrexere
3129 4193 3144 4218 ,
3176 4164 3282 4207 non
3331 4149 3591 4206 credetis.

2013 4244 2166 4302 Unde
2230 4254 2286 4299 et
2335 4244 2828 4300 condemnabimini
2880 4260 2909 4299 a
2967 4244 3243 4310 Ninivitis,
3314 4243 3408 4314 qui
3469 4258 3592 4298 cre-

2011 4337 2265 4392 diderunt
2342 4351 2498 4391 servo
2560 4352 2678 4392 meo
2768 4335 2918 4392 Iona:
3000 4335 3207 4407 absque
3289 4334 3589 4399 miraculis,

2012 4430 2260 4499 quamvis
2323 4428 2546 4485 Barbati
2594 4429 2834 4485 fuerint:
2873 4445 2970 4486 vos
2991 4441 3174 4486 autem
3224 4429 3422 4487 assueti
3465 4444 3593 4500 pro-

2011 4522 2210 4591 phetis,
2233 4521 2362 4578 visis
2391 4522 2582 4593 signis,
2614 4539 2719 4578 non
2739 4522 2961 4577 creditis
2992 4523 3124 4577 mihi
3157 4523 3419 4578 Domino:
3447 4523 3592 4594 quod

326 4601 524 4669 σπότη.
562 4602 731 4656 Τοῦτο
783 4605 889 4676 γάρ
939 4608 1194 4679 σημαίνει
1237 4611 1319 4677 16,
1354 4614 1463 4668 Καὶ
1511 4615 1644 4669 ιδοὺ
1690 4616 1907 4672 πλεῖον

2014 4614 2301 4686 signiﬁcat,
2340 4615 2557 4670 dicens:
2586 4616 2652 4669 Et
2682 4630 2798 4669 ecce
2818 4613 2937 4685 plus
2960 4614 3101 4670 lana
3121 4614 3219 4671 hac
3247 4616 3382 4671 loco.

328 4692 498 4749 Ἰωνᾶ
522 4688 655 4749 ὧδε.

400 4803 419 4835 r
466 4785 767 4840 Βασίλισσα
794 4788 968 4842 Νότου
998 4791 1355 4863 ἐγερθήσεται
1378 4794 1435 4849 ἐν
1457 4798 1521 4867 τῇ
1552 4796 1732 4868 κρίσει
1770 4800 1909 4869 μετά

326 4877 425 4946 τῆς
465 4880 665 4945 γενεᾶς
690 4882 914 4953 ταύτης,
939 4886 1033 4937 καὶ
1064 4891 1387 4958 κατακρινεῖ
1417 4890 1610 4962 αὐτὴν,
1636 4893 1721 4946 ὅτι
1743 4889 1909 4965 ἦλθεν

323 4972 386 5021 ἐκ
416 4970 526 5022 τῶν
558 4972 811 5041 περάτων
842 4975 941 5044 τῆς
972 4980 1078 5048 γῆς
1118 4978 1349 5032 ἀκοῦσαι
1377 4981 1478 5053 τὴν
1522 4982 1715 5053 σοφίαν
1746 4984 1907 5038 Σολο-

326 5080 353 5127 1.:
367 5061 569 5122 ὦντοςσ
619 5063 713 5115 καὶ
747 5064 855 5117 ἰδοὺ
888 5065 1069 5119 πλεῖον
1100 5068 1446 5138 Σολομῶντος
1475 5066 1596 5126 ὧδε.
1637 5092 1655 5123 ι
1710 5074 1773 5126 Ἦ
1805 5075 1903 5145 μὲν

323 5152 639 5220 βασίλισσα,
673 5155 829 5224 φησι,
866 5157 1139 5227 μακρόθεν
1182 5155 1335 5230 ἦλθε,
1378 5163 1556 5215 καίτοι
1578 5166 1714 5235 γυνὴ
1740 5166 1904 5219 ἀσθε-

323 5242 420 5311 νὴς
448 5242 606 5308 οὖσα,
637 5244 723 5296 ἵνα
757 5247 885 5317 περὶ
917 5247 1149 5319 δένδρων
1181 5254 1276 5306 καὶ
1318 5252 1490 5316 ξύλων
1531 5258 1626 5309 καὶ
1656 5258 1902 5327 φυσικῶν

330 5352 483 5387 τινων
505 5336 737 5408 ἀκούσῃ.
778 5338 968 5409 Ὑμεῖς
995 5340 1071 5403 δὲ,
1105 5344 1199 5397 καὶ
1214 5344 1437 5399 ἐλθόντα
1470 5364 1538 5416 με
1562 5351 1697 5419 πρὸς
1732 5351 1898 5421 ὑμᾶς,

322 5428 418 5481 καὶ
446 5430 736 5501 ἀπόρρητα
766 5431 1014 5500 λέγοντα,
1043 5434 1143 5488 οὐκ
1165 5435 1434 5501 ἐδέξασθε.

401 5541 420 5572 ι
453 5522 623 5577 Ὀταν
653 5523 711 5577 δὲ
743 5524 805 5577 16
829 5525 1137 5597 ἀκάθαρτον
1173 5528 1392 5600 πνεῦμα
1439 5530 1631 5603 ἐξέλθῃ
1662 5533 1771 5587 ἀπὸ
1802 5533 1896 5587 τοῦ

2088 4801 2248 4856 Vens.
2274 4801 2363 4856 42.
2403 4819 2421 4853 ι
2470 4800 2674 4872 Regina
2711 4792 2892 4856 Austri
2940 4800 3267 4857 excitabitur
3295 4801 3348 4855 in
3382 4799 3589 4869 judicio

2010 4909 2132 4949 cum
2180 4892 2528 4964 generatione
2579 4893 2699 4958 hac,
2722 4900 2778 4946 et
2812 4893 3197 4948 condemnabit
3256 4907 3410 4947 eam:
3460 4891 3587 4962 quia

2010 4986 2210 5041 venita
2250 4984 2630 5045 tinibusterra:
2657 4994 2716 5038 ut
2742 4985 2954 5039 audiret
2979 4982 3302 5053 sapientiam
3339 4980 3587 5037 Salomo-

2012 5079 2136 5145 nis;
2172 5088 2227 5133 et
2286 5093 2411 5133 ecce
2441 5078 2561 5147 plus
2592 5093 2752 5147 quam
2786 5077 3039 5131 Salomon
3100 5076 3201 5130 hoc
3239 5075 3377 5131 loco.
3418 5094 3437 5127 ι
3474 5073 3587 5129 Re-

2009 5168 2157 5236 gina,
2187 5168 2432 5235 inquit,a
2483 5166 2640 5233 longe
2697 5165 2863 5231 venit,
2905 5165 3153 5234 quamvis
3212 5171 3369 5219 esset'
3393 5161 3585 5219 mulier

2012 5260 2248 5322 inﬁrma,
2274 5267 2332 5312 ut
2351 5258 2417 5313 de
2443 5258 2728 5313 arboribus
2754 5264 2818 5311 et
2839 5255 2997 5324 lignis
3022 5265 3074 5309 et
3098 5253 3435 5309 naturalibus
3460 5255 3584 5323 qui-

2010 5351 2235 5405 busdam
2263 5351 2514 5406 audiret:
2543 5364 2635 5404 vos
2677 5357 2854 5403 autem
2879 5362 2986 5415 me,
3007 5348 3115 5419 63
3137 5362 3257 5402 cum
3275 5348 3341 5401 ad
3365 5362 3458 5403 vos
3487 5363 3586 5403 ve-

2007 5442 2179 5498 nerim
2218 5451 2270 5497 et
2292 5456 2489 5495 arcana
2517 5439 2767 5505 dixerim,
2798 5454 2903 5495 non
2931 5439 3263 5508 suscepistis.
3322 5490 3327 5494 ,

2078 5534 2244 5589 Vens.
2288 5533 2480 5587 45-45.
2528 5550 2547 5585 ι
2592 5532 2728 5587 Cum
2774 5541 2952 5588 autem
3010 5530 3322 5586 immundus
3359 5527 3582 5600 spiritus

1309 5689 1404 5752 Ex
1438 5687 1783 5751 collatione
1819 5687 2007 5751 codd.
2042 5680 2267 5750 Venet.
2299 5690 2360 5751 S.
2396 5686 2617 5750 Marci.

324 5808 594 5880 proqedal.
634 5807 739 5880 Sed
771 5810 817 5863 si
848 5812 963 5880 quis
1005 5811 1167 5864 bonus
1197 5812 1266 5864 ad
1293 5813 1694 5880 mdiﬁmtioncm
1747 5814 1891 5880 ﬁdei,

326 5886 388 5933 tu
411 5878 495 5932 det
543 5878 773 5949 gratiam
807 5878 1159 5938 audientibus.
1183 5881 1365 5938 Nolite
1395 5878 1705 5939 contristare
1726 5878 1899 5956 Spiri-

2002 5823 2110 5884 tum
2164 5822 2402 5866 sanctum
2437 5811 2570 5884 Dei;
2623 5825 2732 5881 quo
2764 5810 2893 5880 quid
2952 5809 3104 5884 pejus
3181 5821 3304 5868 esse
3358 5809 3583 5884 poma!

2009 5883 2201 5941 Terret
2252 5899 2429 5940 autem
2492 5883 2577 5941 hic
2622 5897 2743 5951 nos,
2786 5900 2804 5934 ι
2833 5888 2940 5937 etc.
