4078 6464
479 399 586 463 ιτε

1370 400 1952 468 TIIEOI’HYLACTI
1995 405 2412 470 BULGARM‘]
2452 407 2809 468 ARCHIEP.

3645 403 3754 468 276

481 517 676 591 exierit
717 515 786 572 ab
827 517 1071 586 homine,
1116 520 1460 590 perambulat
1515 538 1610 592 per
1653 525 1864 578 arentia
1928 524 2065 591 loca,

2173 519 2499 594 ἀνθρώπου,
2561 525 2834 596 διέρχεται
2881 523 2949 576 δι’
2995 521 3240 594 ἀνύδρων
3289 523 3506 589 τόπων,
3553 522 3751 592 ζητοῦν

481 622 730 677 qtnerens
772 609 1042 679 requiem,
1068 621 1126 666 et
1166 628 1271 667 non
1305 613 1547 679 invenit;
1577 626 1702 670 tunc
1733 616 1863 669 dicit
1893 635 1906 670 :
1948 614 2058 669 Rea

483 707 663 753 vertar
691 699 742 754 in
774 699 992 756 domum
1022 715 1219 771 meam,
1249 704 1577 770 nn-defexivi.
1599 707 1801 761 Etcum
1825 707 2058 774 venerit,

484 786 688 856 reperit
726 801 849 843 eam
893 801 1201 858 vacantem,
1245 802 1301 848 et
1343 794 1526 864 scopis
1569 806 1850 866 purgatam
1897 804 2063 866 atque

482 888 751 934 ornatam.
791 879 942 936 Tune
982 882 1098 938 abit
1138 892 1196 940 et
1240 883 1491 956 adiungit
1533 886 1637 942 sibi
1675 897 1884 957 septem
1925 888 2064 944 alios

481 969 708 1039 spiritus
733 973 1116 1030 sceleratiores
1143 989 1223 1040 se,
1257 982 1310 1030 et
1338 976 1565 1048 ingressi
1599 977 1907 1034 inhabitant
1928 978 2058 1034 illic:

479 1070 535 1115 et
570 1062 707 1117 linat
739 1069 1018 1134 postrema
1050 1066 1287 1122 hominis
1323 1068 1468 1124 illius
1498 1069 1682 1140 pejora
1717 1071 1930 1140 primis.
1968 1069 2064 1127 Sic

480 1153 586 1209 crit
625 1163 682 1210 et
715 1157 1051 1228 generatinni
1100 1159 1229 1216 huic
1273 1175 1565 1232 perversae.
1605 1179 1624 1214 ι
1661 1161 1915 1220 Ostendit
1940 1163 2065 1220 illos

482 1261 654 1318 usque
677 1249 731 1303 in
757 1260 1056 1306 extremam
1078 1253 1434 1321 perditionem
1466 1253 1704 1318 venisse.
1723 1256 1864 1326 quod
1889 1257 2062 1327 ipsum

482 1351 592 1393 non
645 1339 1007 1410 susceperint.
1052 1341 1120 1395 Et
1160 1341 1300 1397 sicut
1333 1358 1364 1398 a
1403 1343 1690 1399 daemoniis
1739 1343 1976 1412 liberati,
2017 1346 2064 1401 si

483 1427 660 1495 ignavi
686 1427 908 1494 fuerint,
934 1430 1170 1487 deterius
1197 1433 1396 1488 habent
1420 1451 1434 1488 :
1463 1435 1537 1488 ita
1558 1444 1614 1490 et
1631 1445 1808 1490 vestra
1828 1451 2065 1507 genera-

484 1521 559 1575 tio
575 1535 606 1575 a
633 1521 900 1577 deiminio
941 1523 1223 1579 tenebatur
1249 1539 1370 1580 cum
1393 1525 1533 1581 idola
1555 1527 1828 1590 sdoraret.
1856 1527 1950 1583 sed
1971 1543 2067 1599 per

481 1614 779 1684 prophetas
801 1611 1008 1682 ejectus
1032 1623 1122 1673 est,
1137 1615 1224 1670 ille
1249 1615 1482 1673 damon.
1511 1617 1646 1674 Veni
1669 1629 1849 1674 autem
1869 1623 2066 1690 et_'ego,

479 1705 744 1762 inundare
775 1721 872 1763 vos
899 1708 1072 1776 magis
1099 1708 1320 1764 volens:
1351 1711 1446 1764 sed
1463 1712 1588 1780 quia
1606 1712 1879 1781 repulistis
1909 1727 1994 1767 me
2013 1720 2067 1768 et

2163 619 2489 682 ἀνάπαυσιν,
2507 618 2602 670 καὶ
2629 619 2727 687 οὐχ
2750 615 2996 688 εὑρίσκει
3017 633 3028 645 ·
3050 615 3172 669 τότε
3196 614 3366 684 λέγει·
3410 615 3752 686 Ἑπιστρὲψω

2161 714 2240 776 είς
2270 712 2361 765 τὸν
2400 706 2549 764 οἶκόν
2581 727 2683 781 μου
2715 710 2837 764 ὅθεν
2867 708 3112 780 ἐξῆλθον.
3152 707 3264 760 Καὶ
3290 707 3465 772 ἐλθὸν,
3506 708 3751 778 εὑρίσκει

2163 802 2516 872 σχολάζοντα,
2575 801 2958 872 σεσαρωμένον
3006 800 3101 854 καὶ
3144 797 3577 870 κεκοσμημένον.
3615 799 3749 852 Τότε

2161 896 2492 966 πορεύεται,
2553 895 2648 949 καὶ
2697 893 3117 968 παραλαμϐάνει
3170 891 3290 962 μεθ’
3358 889 3555 945 ἑαυτοῦ
3609 890 3755 944 ἐτιτά

2161 984 2327 1056 ’ἐτερα
2359 983 2652 1055 πνεύματα
2682 985 3026 1054 πονηρότερα
3055 981 3276 1036 ἐαυτοῦ.
3297 971 3410 1036 Καὶ
3439 979 3753 1034 εἰσελθόντα

2163 1079 2411 1130 κατοικεῖ
2451 1077 2589 1140 ἐκεῖ,
2622 1076 2717 1130 καὶ
2747 1077 2959 1144 γίνεται
2991 1075 3062 1129 τὰ
3093 1074 3299 1146 ἐσχατα
3330 1072 3426 1127 τοῦ
3460 1072 3752 1144 ἀνθρώπου

2161 1167 2400 1230 ἐκείνου,
2435 1167 2653 1238 χείρονα
2683 1166 2793 1221 τῶν
2841 1165 3078 1236 πρώτων
3099 1178 3114 1194 ·
3165 1164 3340 1229 οὕτως
3368 1164 3525 1218 ἔσται
3563 1164 3660 1217 καὶ
3682 1164 3751 1233 τῇ

2164 1258 2329 1328 γενεᾷ
2373 1257 2547 1328 ταύτῃ
2599 1260 2665 1328 τῇ
2714 1257 2950 1328 πονηρᾷ.
2995 1274 3012 1307 ι
3064 1253 3349 1310 Δείκνυσιν
3410 1254 3614 1316 αὐτοὺς
3670 1253 3752 1317 είς

2161 1348 2390 1419 ἔσχατον
2444 1347 2723 1411 ἀπωλείας
2755 1349 3199 1414 καταντήσοντας
3239 1349 3304 1401 ἐκ
3332 1347 3426 1400 τοῦ
3472 1345 3548 1418 μὴ
3573 1360 3754 1415 παρα-

2159 1442 2417 1507 δέξασθαι
2445 1442 2631 1498 αὺτόν.
2669 1443 2885 1513 Ὥσπερ
2925 1441 3035 1513 γὰρ
3065 1443 3112 1496 οἱ
3139 1441 3411 1511 δαιμόνων
3448 1439 3751 1511 ἐλευθερω-

2165 1533 2368 1599 θέντες,
2399 1534 2496 1588 ἐὰν
2531 1533 2912 1606 ρᾳθυμήσωσι,
2965 1533 3188 1603 χείρονα
3216 1533 3521 1601 πάσχουσιν
3541 1547 3556 1562 ο
3607 1529 3754 1582 οὕτω

2163 1627 2312 1698 καὶὴ
2338 1627 2580 1698 ὑμετέρα
2595 1626 2758 1694 γενεὰ
2784 1626 3071 1696 κατείχετο
3093 1625 3332 1696 δαίμονι,
3354 1625 3441 1677 ὅτε
3462 1621 3531 1676 τὰ
3556 1621 3754 1676 εἴδωλα

2163 1721 2575 1789 προπκυνείτε·
2607 1718 2745 1772 ἀλλὰ
2777 1718 2866 1772 διὰ
2896 1716 3002 1772 τῶν
3033 1716 3330 1788 προφητῶν
3357 1714 3608 1780 ἐξέϐαλον
3629 1712 3753 1767 τοῦ·

483 1798 796 1856 interimere
817 1800 1084 1872 vultis,{ut
1101 1802 1319 1872 gravius
1340 1811 1650 1873 peccantes,
1669 1803 1884 1873 gravius
1901 1804 2062 1858 etiam

2171 1827 2257 1863 τον
2293 1811 2384 1864 τὸν
2404 1810 2654 1880 δαίμονα.
2680 1805 2883 1863 Ἦλθον
2909 1809 2966 1862 δέ
2992 1810 3086 1862 καὶ
3114 1809 3298 1873 αὐτὸς,
3324 1808 3484 1860 πλέον
3513 1805 3751 1876 καθᾶραι

483 1891 891 1960 punieminl:et
918 1871 1161 1954 extrema
1192 1871 1480 1963 captivitas
1515 1871 1697 1954 vestra,
1719 1897 1941 1966 gravior
1957 1898 2064 1950 erit

2171 1903 2312 1973 ὑμᾶς
2352 1871 2696 1972 βουλόμενος
2748 1902 2864 1956 ἀλλ’
2908 1901 3096 1972 ἐπειδὴ
3153 1871 3482 1972 παρῶσασθέ
3532 1915 3621 1969 με,
3657 1871 3752 1951 irai.

488 1984 780 2052 prioribus.
811 1980 891 2040 Tu
908 1993 1090 2041 autem
1114 1985 1351 2056 intellige
1368 1986 1564 2051 ethoc,
1585 1990 1729 2056 quod
1761 2002 1858 2057 per
1893 1987 2066 2058 bapti-

485 2089 659 2129 smum
695 2076 910 2146 ejicitur
953 2079 1264 2133 immundus
1290 2080 1536 2149 spiritus,
1560 2089 1614 2134 et
1638 2080 1784 2134 vadit
1842 2081 1908 2132 ad
1946 2080 2061 2136 loca

486 2163 766 2233 inaquosa,
792 2175 846 2222 et
861 2167 1070 2224 animas
1091 2181 1199 2223 non
1218 2167 1539 2238 baptizatas,
1556 2169 1646 2223 sed
1669 2169 1725 2223 in
1745 2168 1848 2223 illis
1863 2183 1970 2223 non
1989 2169 2066 2222 in-

487 2256 632 2310 venit
649 2258 910 2325 requiem.
924 2255 1161 2326 Requies
1175 2259 1320 2314 enim
1338 2267 1421 2314 est
1435 2260 1736 2324 diemoniis,
1762 2260 2063 2328 baptizatos

489 2345 712 2404 turbare
738 2362 836 2418 per
849 2349 985 2403 mala
1008 2364 1196 2420 opera,
1218 2351 1472 2420 quoniam
1498 2366 1602 2406 non
1628 2351 1930 2420 baptizatos
1945 2350 2057 2420 jam

487 2440 685 2495 habet:
728 2443 1062 2497 convertitur
1081 2443 1243 2512 igitur
1263 2445 1329 2499 ad
1353 2446 1682 2514 baptizatum
1715 2460 1836 2500 cum
1857 2445 2062 2514 spiriti-

484 2531 587 2589 bus
599 2544 826 2602 septem.
850 2535 1158 2591 Sicutenim
1185 2544 1388 2606 septem
1407 2535 1692 2591 senta-ana
1719 2535 2065 2607 Spiritus,ita

485 2640 514 2678 ο
538 2624 754 2680 diverso
785 2634 990 2695 septem
1018 2635 1146 2681 sunt
1178 2627 1397 2682 malitiae
1429 2628 1670 2697 spiritus.
1693 2627 1831 2683 Cum
1886 2639 2065 2684 autem

484 2716 764 2787 ingressus
788 2716 950 2773 fuerit
978 2718 1031 2773 in
1049 2717 1402 2788 baptizatum,
1432 2720 1741 2776 deterinrtit
1759 2720 2065 2777 calamitas.

485 2809 644 2864 Prius
694 2809 840 2864 enim
885 2824 1010 2879 spes
1033 2818 1153 2864 erat
1185 2824 1280 2878 per
1310 2810 1639 2880 baptismum
1705 2826 1829 2868 esse
1869 2827 2068 2883 purga-

475 2912 642 2957 tum:
675 2911 859 2974 postea
907 2912 1086 2963 autem
1117 2913 1338 2958 nonest
1365 2917 1493 2972 spes
1531 2903 1757 2960 secundi
1791 2905 2065 2973 baptismi,

486 2995 588 3050 nisi
623 3009 721 3064 per
770 2993 1166 3062 pmnitentiam,
1196 3007 1316 3064 qua:
1344 2994 1498 3050 valde
1535 2993 1804 3050 laboriosa
1821 3005 1924 3052 est.

2167 1994 2380 2047 ἀνελεῖν
2421 1994 2623 2064 μᾶλλον
2675 1993 2962 2059 σπεύδετε,
2993 1993 3068 2057 ὡς
3105 1996 3288 2064 χεῖρον
3319 1991 3748 2063 ἁμαρτάνοντες,

2169 2087 2351 2158 χεῖρον
2385 2087 2480 2138 καὶ
2515 2085 2943 2156 κολασθήσεσθε,
2973 2085 3066 2139 καὶ
3100 2088 3133 2155 ἠ
3165 2084 3370 2155 ἐσχάτη
3403 2081 3752 2154 αἰχμαλωσία

2170 2177 2324 2247 ὑμῶν
2375 2176 2652 2249 βαρυτέρα
2681 2177 2835 2231 ἔσται
2857 2176 2966 2232 τῶν
2991 2177 3294 2248 προτέρων.
3333 2176 3404 2228 Σὺ
3430 2174 3487 2228 δέ
3517 2174 3628 2228 νόει
3658 2171 3754 2226 καὶ

2171 2268 2351 2334 τοῦτο,
2399 2269 2482 2322 ὅτι
2525 2269 2616 2322 διὰ
2642 2269 2737 2324 τοῦ
2773 2269 3147 2339 βαπτίσματος
3177 2267 3499 2322 ἐκϐάλλεται
3533 2277 3594 2318 το
3616 2263 3753 2318 ἀκά-

2168 2361 2364 2434 θαρτον
2396 2361 2635 2434 πνεῦμα,
2672 2364 2767 2418 καὶ
2794 2362 3085 2433 πορεύεται
3121 2364 3180 2416 ἐν
3205 2362 3324 2424 ταῖς
3354 2359 3606 2429 ἀνύδροις
3658 2357 3754 2410 καὶ

2169 2455 2528 2517 ἀϐαπτίστοις
2575 2455 2774 2524 ψυχαῖς
2796 2471 2810 2486 ⁸
2847 2455 2963 2509 ἀλλ’
2998 2457 3055 2508 ἐν
3085 2454 3321 2516 ἐκείναις
3364 2453 3462 2523 ούχ
3507 2450 3753 2520 εὑρίσκει

2172 2547 2501 2600 ἀνάπαυσιν.
2566 2546 2895 2608 Ἀνάπαυσις
2942 2545 3052 2616 γὰρ
3096 2547 3208 2608 τοῖς
3258 2543 3500 2613 δαίμοσι,
3532 2539 3594 2594 τὸ
3639 2541 3753 2600 τοῖς

2177 2634 2636 2706 βεϐαπτισμένοις
2676 2634 2914 2704 ἐνοχλεῖν
2947 2634 3034 2688 διὰ
3058 2634 3166 2686 τῶν
3195 2630 3449 2702 πονηρῶν
3475 2629 3750 2700 πράξεων,

2177 2727 2300 2782 ἐπεὶ
2330 2729 2455 2791 τοὺς
2491 2727 2860 2792 ἀϐαπτίστους
2881 2729 2980 2799 ἤδη
3021 2727 3155 2797 ἔχει.
3200 2724 3633 2794 Ὑποστρέφεται
3659 2717 3755 2774 οὖν

2177 2817 2269 2870 ἐπὶ
2306 2818 2398 2871 τὸν
2429 2817 2858 2890 βεϐαπτισμένον
2899 2819 3038 2888 μετὰ
3069 2817 3178 2871 τῶν
3209 2816 3351 2871 ἑπτὰ
3395 2813 3752 2884 πνευμάτων.

2177 2908 2390 2978 Ὠσπερ
2410 2911 2517 2980 γὰρ
2537 2911 2678 2965 me
2695 2911 2766 2964 τὰ
2780 2910 2872 2964 τοῦ
2892 2911 3202 2980 πνεύματος
3219 2909 3556 2980 χαρίσματα,
3580 2904 3756 2968 οὕτως

2176 3002 2239 3052 ἐκ
2271 3000 2368 3054 τοῦ
2409 3004 2652 3056 ἐναντίου
2687 3003 2828 3058 ἐπτὰ
2861 3005 2955 3057 καὶ
2982 3002 3051 3056 τὰ
3075 3004 3172 3072 τῆς
3201 3002 3402 3064 κακίας
3443 2997 3753 3069 πνεύματα.

495 3091 671 3146 Ἐπὰν
697 3089 754 3143 δὲ
781 3088 999 3161 εἰσέλθῃ
1023 3089 1106 3152 είς
1133 3089 1226 3144 τὸν
1263 3088 1717 3175 βεϐαπτισμένον,
1787 3091 1988 3164 χείρων
2046 3096 2079 3164 ἡ
2124 3098 2400 3168 σύμφορα.
2457 3098 2731 3171 Πρότερον
2768 3099 2868 3170 μὲν
2915 3098 3026 3170 γὰρ
3069 3097 3224 3161 ἐλπὶς
3281 3091 3351 3167 ἦν
3389 3094 3477 3149 διὰ
3527 3092 3625 3146 τοῦ
3661 3091 3760 3160 βα..

483 3184 790 3254 πτίσματος
862 3181 1283 3255 καθαρισθῆναι.
1353 3185 1585 3238 "Euan
1645 3185 1734 3253 δὲ,
1797 3186 2059 3257 δευτέρου
2101 3186 2478 3260 βαπτίσματος
2527 3193 2627 3246 οὐκ
2671 3192 2819 3246 ἔστιν
2891 3190 3078 3256 ἐλπὶς,
3141 3188 3294 3261 εἰμὴ
3324 3187 3419 3243 τοῦ
3465 3189 3554 3243 διὰ
3587 3203 3758 3259 μετα-

483 3272 652 3338 νοίας,
681 3272 712 3325 ὃ
744 3273 949 3344 σφόδρα
976 3272 1255 3328 ἐπίπονον.

559 3363 723 3421 Vens.
751 3365 840 3420 46.
878 3383 898 3418 ι
930 3367 1120 3422 Adhuc
1149 3377 1329 3421 autem
1355 3367 1610 3436 loquente
1642 3367 1732 3422 illo
1761 3369 1829 3424 ad
1855 3371 2062 3438 turbas,

2245 3395 2263 3428 ι
2294 3377 2413 3429 Ἔτι
2433 3373 2670 3429 δέαύτοῦ
2697 3370 2986 3436 λαλοῦντος
3012 3372 3125 3433 τοῖς
3148 3368 3347 3440 ὄχλοις,
3375 3367 3484 3420 ίδοὺ
3509 3367 3540 3433 ή
3565 3365 3755 3435 μήτηρ

487 3474 615 3514 ecce
639 3469 812 3514 mater
845 3458 963 3529 ejus
983 3467 1037 3512 et
1065 3459 1233 3515 frater
1261 3460 1378 3530 ejus
1405 3462 1624 3516 stabant
1653 3460 1788 3518 foris
1810 3477 2064 3532 (ποιεῖτον

492 3565 572 3606 tes
616 3552 663 3605 ei
708 3551 878 3621 loqui.
920 3570 940 3604 ι
976 3550 1283 3606 Humanum
1330 3554 1459 3624 quid
1518 3554 1734 3610 volebat
1779 3556 2067 3612 ostendere

489 3655 682 3710 mmer,
719 3644 861 3715 quod
893 3651 956 3699 ut
999 3647 1052 3698 in
1099 3643 1266 3698 filium
1302 3655 1624 3716 potestatem
1661 3647 1886 3704 habeat:
1933 3649 2067 3704 nihil

488 3738 635 3793 enim
661 3749 912 3808 magnum
943 3735 1120 3791 adhuc
1146 3738 1213 3791 de
1240 3749 1306 3792 eo
1329 3738 1683 3809 intelligebal,
1715 3748 1932 3810 propter
1961 3741 2063 3796 hoc

495 3833 610 3898 ipso
639 3829 817 3884 adhuc
848 3825 1123 3897 loquente,
1154 3828 1368 3884 volebat
1391 3831 1461 3884 ad
1495 3845 1554 3886 se
1586 3830 1744 3886 illum
1766 3831 2066 3898 attrahere.

494 3923 650 3992 quasi
683 3921 1029 3977 ambitiosula
1053 3930 1206 3977 tanto
1251 3922 1354 3978 sibi
1385 3923 1495 3977 lilio
1521 3923 1757 3979 subdito.
1801 3923 1939 3991 Quid
1965 3925 2066 3996 igi-

493 4027 581 4070 tur
596 4015 885 4071 Christus?
902 4014 1191 4085 Postquam
1227 4017 1582 4072 intentionem
1605 4017 1729 4087 ejus
1753 4020 1923 4082 novit,
1943 4019 2067 4072 audi

489 4108 618 4178 quid
653 4107 818 4164 dicat.

561 4201 730 4258 Vens.
764 4200 953 4256 47-50.
992 4220 1010 4254 ι
1043 4201 1384 4257 Dixitautem
1417 4204 1634 4274 quidam
1669 4202 1764 4256 illi.
1791 4201 1937 4259 Ecce
1954 4217 2069 4258 ma-

495 4303 580 4350 ter
613 4304 703 4348 tua
731 4302 789 4348 et
817 4293 1016 4348 fratres
1050 4294 1124 4348 tui
1153 4292 1290 4348 foris
1325 4303 1492 4360 Stant,
1518 4305 1820 4364 quaerentes
1861 4295 1954 4351 tibi
1987 4297 2069 4352 lo-

497 4386 611 4457 qui.
645 4387 716 4441 At
745 4386 834 4442 ille
864 4387 1196 4456 respondens
1223 4387 1363 4441 dixit
1383 4386 1432 4441 ei
1463 4389 1555 4457 qui
1590 4387 1693 4444 sibi
1724 4387 2070 4443 renuntiave-

500 4485 582 4534 rat
605 4476 770 4544 :Qute
805 4485 892 4534 est
926 4487 1102 4534 mater
1132 4492 1273 4544 mea,
1297 4489 1390 4532 aut
1419 4480 1508 4548 qui
1544 4490 1673 4541 sunt
1711 4477 1908 4535 fratres
1935 4481 2073 4534 mei?

502 4568 565 4624 Et
583 4570 878 4624 extendens
901 4583 1120 4646 manum
1149 4586 1302 4625 suam
1333 4571 1398 4624 ad
1425 4571 1720 4641 discipulos
1745 4587 1872 4628 suos
1897 4573 2030 4628 dixit
2054 4589 2066 4624 :

497 4663 634 4720 Ecce
673 4673 844 4720 mater
884 4680 1001 4720 mea
1034 4674 1090 4720 et
1115 4663 1312 4718 fratres
1351 4665 1477 4720 mei.
1508 4664 1766 4735 Quisquis
1798 4667 1942 4719 enim
1978 4665 2068 4719 fe-

2171 3467 2269 3520 καὶ
2309 3465 2360 3519 oi
2387 3466 2627 3535 ιὰδελφοὶ
2671 3463 2838 3519 αὐτοῦ
2880 3464 3232 3534 είστήκεισαν
3283 3457 3410 3524 ἔξω,
3461 3455 3756 3525 ζητοῦντες

2169 3558 2321 3629 αὐτῷ
2339 3557 2593 3628 λαλῆσαι.
2622 3576 2640 3610 t
2661 3555 3028 3627 ’Δνθρώπινόν
3054 3573 3108 3608 τι
3139 3553 3389 3607 ἐϐούλετο
3410 3547 3754 3614 ἐνδείξασθαι

2170 3651 2204 3720 ή
2237 3648 2442 3721 μήτηρ,
2471 3650 2553 3703 ὅτι
2588 3647 2890 3714 ἐξουσιάζει
2919 3647 3012 3701 τοῦ
3036 3645 3244 3708 παιδός.
3279 3644 3443 3697 Οὑόἐν
3470 3641 3579 3711 γὰρ
3609 3639 3756 3710 μέγα

2169 3741 2324 3795 οὔπω
2355 3742 2484 3812 περὶ
2541 3740 2704 3795 αὐτοῦ
2737 3737 2916 3794 ἐνόειδ
2976 3739 3065 3792 διὰ
3097 3737 3255 3792 τοῦτο
3287 3730 3380 3790 οὖν
3417 3734 3512 3787 καὶ
3542 3731 3625 3786 ἔτι
3655 3731 3758 3785 λα-

2172 3831 2392 3899 λοῦντα,
2437 3831 2685 3903 βούλεται
2725 3832 2861 3902 πρὸς
2893 3832 3096 3900 ἑαυτὴν
3141 3825 3573 3890 ἐπισπάσασθαι,
3606 3823 3760 3894 φιλο-

2170 3923 2476 3995 τιμουμένη
2533 3924 2608 3986 ὼς
2663 3924 3101 3994 ὑποταττομένου
3162 3922 3299 3992 αὐτῇ
3352 3918 3448 3974 τοῦ
3494 3918 3634 3972 υἱοῦ.
3687 3917 3758 3971 Τί

2173 4018 2304 4086 γοῦν
2333 4016 2644 4088 όΧριστός;
2667 4016 2821 4070 Ἐπεὶ
2851 4017 2938 4070 τὸν
2972 4015 3174 4069 σκοπὸν
3209 4013 3378 4084 αὐτῆς
3407 4010 3756 4082 ἕγνω,ἇκουε

2171 4113 2224 4166 τί
2253 4128 2438 4181 φησιν.

2249 4224 2268 4255 ι
2313 4197 2449 4256 Eine
2498 4201 2556 4256 δέ
2602 4219 2686 4264 τις
2742 4199 2912 4270 αὐτῷ.
2951 4198 3148 4268 Ἰδοὺή
3188 4198 3372 4268 μήτηρ
3412 4211 3507 4248 σου
3557 4192 3654 4248 καὶ
3701 4192 3754 4244 ol

2175 4293 2392 4362 ἀδελφοί
2427 4310 2521 4346 σου
2549 4291 2655 4358 ἐξω
2681 4293 2945 4362 ἑστήκασι
2995 4288 3288 4362 ζητοῦντές
3314 4305 3396 4342 σοι
3427 4279 3689 4360 λαλῆσαν
3721 4287 3758 4337 ό

2172 4390 2252 4454 δέ,
2279 4387 2602 4460 ἀποκριθεὶς
2639 4382 2760 4442 εἷπε
2803 4385 2882 4458 τῷ
2922 4385 3132 4440 εἰπόντι
3179 4383 3329 4455 αὐτῷ
3351 4399 3365 4414 ο
3406 4383 3502 4446 Τίς
3535 4383 3683 4436 ἐστιν
3714 4381 3752 4449 ἡ

2174 4481 2365 4552 μήτηρ
2407 4498 2543 4551 μου.
2602 4481 2696 4534 καὶ
2727 4479 2873 4542 τίνες
2921 4479 3061 4531 εἰσὶν
3103 4479 3153 4530 oi
3204 4475 3422 4544 ἀδελφοί
3472 4491 3611 4547 μου;
3654 4476 3755 4528 καὶ

2175 4572 2429 4635 ἐκτείνας
2473 4572 2572 4642 τὴν
2601 4573 2760 4641 χεῖρα
2789 4569 2955 4624 αὑτοῦ
2983 4568 3074 4622 ἐπὶ
3107 4560 3233 4632 τοὺς
3274 4567 3523 4638 μαθητὰς
3561 4564 3755 4630 αὐτοῦ,

2179 4660 2501 4716 εἶπενοἸδοὺ
2533 4665 2565 4733 ἡ
2599 4663 2783 4734 μήτηρ
2818 4680 2919 4733 μου
2948 4662 3042 4714 καὶ
3067 4663 3117 4714 οἱ
3152 4659 3369 4728 ἀδελφοί
3402 4675 3526 4729 μου.
3562 4659 3758 4720 Ὅστις

496 4757 636 4812 cerit
667 4757 994 4811 voluntatem
1027 4755 1206 4811 Patris
1247 4757 1351 4810 mel
1379 4756 1472 4825 qui
1518 4765 1602 4810 est
1644 4757 1696 4810 in
1738 4757 1912 4823 melis,
1957 4757 2066 4826 ipse

2178 4756 2285 4828 γὰρ
2317 4756 2382 4809 ἂν
2413 4755 2614 4826 ποιήσῃ
2651 4754 2712 4807 τὸ
2741 4755 2952 4824 θέλημα
3001 4753 3095 4806 τοῦ
3145 4752 3361 4822 Πατρός
3425 4768 3526 4822 μου
3567 4748 3661 4803 τοῦ
3694 4751 3756 4800 ἐν

499 4865 651 4908 meus
683 4853 876 4919 frater,
919 4862 975 4908 et
1010 4867 1166 4908 soror
1202 4861 1256 4907 et
1295 4861 1468 4906 mater
1513 4860 1615 4907 εει.
1665 4869 1684 4903 ι
1717 4849 1835 4906 Non
1883 4850 2075 4920 injuria

499 4943 736 5001 alliciens
775 4955 1026 5011 matrem,
1068 4947 1181 4999 haec
1210 4945 1364 5005 dixit.
1399 4943 1492 4998 sed
1519 4944 1802 5012 corrigens
1836 4953 2072 4998 mentem

499 5035 617 5104 ejus
646 5035 830 5106 gloriae
864 5035 1078 5089 avidam
1122 5043 1178 5088 et
1220 5033 1530 5088 humanam.
1559 5031 1677 5086 Non
1725 5033 1869 5089 enim
1898 5033 2068 5087 dicit:

497 5123 615 5180 Non
649 5137 733 5180 est
771 5137 946 5181 mater
973 5139 1124 5181 tnea:
1153 5125 1268 5190 sed,
1295 5124 1340 5180 si
1373 5140 1479 5178 non
1525 5124 1714 5178 fecerit
1745 5123 2073 5178 voluntatem

2176 4850 2446 4920 οὐρανοῖς,
2479 4848 2638 4912 αὐτός
2672 4865 2775 4917 μου
2807 4847 3035 4915 ἀδελφὸς
3075 4846 3170 4899 καὶ
3199 4844 3402 4914 ἀδελφὴ
3437 4844 3531 4900 καὶ
3567 4845 3756 4914 μήτηρ

2180 4939 2347 4995 ἐστίν.
2385 4958 2405 4992 ι
2443 4939 2556 5012 Οὐχ
2588 4939 2824 5010 ὑϐρίζων
2859 4939 2953 5010 τὴν
2975 4940 3188 5011 μητέρα
3211 4937 3359 5005 λέγει
3388 4936 3582 5001 ταῦτα,
3615 4935 3757 4989 ἀλλὰ

2173 5031 2556 5104 διορθούμενος
2600 5031 2700 5103 τὴν
2734 5029 3016 5099 φιλόδοξον
3049 5029 3224 5098 αὐτῆς
3273 5029 3367 5082 καὶ
3405 5027 3760 5099 ἀνθρωπίνην

2175 5123 2422 5194 γνώμην.
2457 5123 2532 5176 Ού
2585 5123 2696 5194 γὰρ
2743 5118 3002 5179 εἷπενὸτι
3055 5123 3169 5176 Οὐκ
3218 5122 3334 5173 ἐστι
3380 5137 3481 5190 μου
3531 5119 3755 5188 μήτηρ’

506 5219 624 5286 Dei,
648 5217 723 5272 nil
749 5218 801 5273 ei
827 5219 1070 5287 proderit
1095 5217 1238 5287 quod
1261 5234 1346 5272 me
1364 5217 1568 5288 genuit.
1604 5216 1722 5270 Non
1747 5216 1892 5270 enim
1921 5232 2066 5286 negat

2175 5215 2312 5280 ἀλλ’,
2343 5216 2425 5268 ὅτι
2470 5215 2599 5268 Ἐὰν
2632 5214 2708 5286 μὴ
2759 5217 2886 5286 ποιῇ
2936 5215 2998 5267 τὸ
3042 5214 3253 5284 θέλημα
3292 5212 3384 5266 τοῦ
3413 5210 3574 5275 Θεοῦ,
3604 5211 3762 5264 οὐδὲν

503 5310 804 5366 naturalem
824 5309 936 5383 64
961 5311 1368 5383 cognationem,
1389 5310 1482 5365 sed
1518 5309 1739 5378 apponit
1759 5309 1920 5363 etiam
1951 5324 2072 5362 eam

505 5419 626 5474 quae
647 5412 731 5460 est
762 5419 858 5474 per
893 5404 1168 5458 virtutem.
1199 5403 1384 5458 Nullus
1430 5400 1577 5457 enim
1615 5399 1866 5471 indignus
1901 5414 1932 5453 a
1977 5416 2074 5454 co-

505 5497 760 5568 gnatione
789 5496 1076 5552 utilitatem
1107 5496 1273 5565 capit.
1311 5495 1480 5562 Igitur
1503 5501 1751 5548 correcto
1778 5507 1928 5545 vanm
1962 5490 2076 5561 glo-

510 5588 604 5642 ria:
633 5588 842 5654 morbo,
871 5586 1068 5644 iterum
1098 5587 1285 5644 obedit
1307 5585 1464 5644 matri
1507 5583 1736 5643 vocanti.
1770 5583 1908 5639 Dicit
1930 5584 2073 5638 enim

502 5678 830 5750 evangelista
859 5696 874 5736 :

2186 5305 2354 5377 αὐτὴν
2390 5306 2664 5377 ὠφελήσει
2691 5307 2750 5359 τὸ
2776 5306 3036 5376 γεννῆσαί
3088 5323 3176 5376 με,
3221 5307 3298 5359 Οὐ
3348 5305 3458 5376 γὰρ
3509 5304 3763 5374 ἀρνεῖται

2185 5401 2284 5470 τὴν
2314 5399 2456 5452 κατὰ
2505 5399 2666 5469 φύσιν
2713 5399 3054 5467 συγγένειαν,
3107 5399 3244 5452 ἀλλὰ
3292 5395 3616 5468 προστίθησι
3664 5397 3762 5447 καὶ

2183 5492 2282 5562 τήν
2313 5493 2432 5545 κατ’
2473 5493 2696 5562 ἀρετήν.
2751 5493 2939 5555 Οὐδεὶς
2983 5493 3091 5561 γὰρ
3136 5490 3358 5557 ἀνάξιος
3415 5489 3523 5543 ἀπὸ
3555 5504 3760 5564 συγχε-

2183 5585 2333 5648 νείας
2365 5585 2676 5654 ὠφελεῖται.
2715 5585 3161 5654 Διορθωσὰμενος
3204 5583 3384 5636 τοίνυν
3407 5581 3509 5650 τῆς
3538 5579 3759 5633 κενοδο-

2185 5675 2303 5742 ξίας
2330 5677 2392 5729 τὸ
2421 5676 2635 5749 νόσημα
2657 5719 2670 5744 ,
2697 5679 2848 5748 ὅμως
2882 5675 3044 5730 πάλιν
3071 5673 3332 5730 ὑπακούει
3354 5676 3421 5748 τῇ
3454 5671 3625 5746 μητρὶ
3652 5687 3759 5726 κα-

2185 5768 2370 5842 λούσῃ.
2404 5770 2538 5840 Φησὶ
2569 5769 2677 5839 γὰρ
2705 5771 2734 5823 ό
2770 5768 3160 5839 εὐαγγελιστής
3185 5788 3198 5803 ο
