4078 6464
350 377 448 444 281

954 381 1404 446 ENARRATIO
1434 381 1514 445 ΙΝ
1558 385 1925 448 EVANGELJ

2027 388 2057 447 r‘l
2097 387 2484 448 ΜΑΤΤΗΑΞΙ.
2511 409 2574 422 -
2605 387 2766 452 CAP.
2796 388 2967 450 XIII.

3495 389 3602 454 282

350 496 519 566 ἡμᾶς.
565 493 739 548 Τοῦτο
769 488 863 548 οῦν
910 497 1003 548 καὶ
1033 495 1268 550 ἐνταῦθα
1319 497 1594 568 δηλοῦται.
1627 498 1764 568 Φησὶ
1792 501 1921 570 γὰρ,

2031 517 2155 556 nos.
2221 501 2332 557 tloc
2387 500 2554 571 igitur
2619 509 2673 556 et
2722 501 2774 554 in
2826 501 2932 555 iste
2996 499 3118 556 loco
3194 500 3598 558 manifestatur.

350 586 429 635 ὅτι
458 583 765 646 Βλέποντες
815 584 1081 653 φυσικῶς,
1139 586 1440 651 τουτέστιν,
1487 589 1590 640 ὑπὸ
1639 587 1734 640 τοῦ
1788 588 1926 642 Θεοῦ

351 675 854 745 δημιουργηθέντες
899 679 1074 743 νοεῖν,
1108 677 1169 730 ού
1199 677 1455 748 βλέπουσι
1507 680 1926 750 προαιρετικῶςο

352 768 443 821 καὶ
489 769 831 836 ἀκούοντες,
879 769 1164 836 τουτέστι,
1229 771 1472 840 φυσικῶς
1507 771 1611 825 ὑπὸ
1649 770 1744 825 τοῦ
1793 770 1929 825 Θεοῦ

348 859 890 932 δημιουργηθέντες,
941 861 1082 916 ὥστε
1124 863 1345 917 ἀκούειν
1395 863 1489 917 καὶ
1536 863 1797 930 συνιέναι,
1831 865 1932 917 οὐκ

350 951 672 1016 ἀκούουσιν,
724 953 846 1008 οὐδὲ
903 955 1148 1009 συνιᾶσιν
1189 955 1298 1010 ἀπὸ
1344 955 1738 1027 προαιρέσεως.
1796 953 1931 1008 Εἰπὲ

349 1041 455 1111 γάρ
493 1060 623 1112 μοι,
683 1044 785 1098 οὐκ
836 1043 1066 1101 ἔϐλεπον
1105 1047 1174 1101 τὰ
1218 1045 1474 1116 θαύματα
1508 1044 1604 1100 τοῦ
1651 1045 1926 1118 Χριστοῦ;

351 1134 474 1195 Ναὶ,
505 1134 629 1187 ἀλλ’
659 1137 880 1192 ἐποίουν
906 1137 1136 1202 ἑαυτοὺς
1168 1137 1424 1208 τυφλοὺς,
1462 1138 1555 1194 καὶ
1588 1137 1930 1208 κατηγόρουν

347 1224 538 1280 αὑτοῦ.
571 1226 752 1282 Τοῦτο
782 1230 913 1298 γοῦν
962 1232 1080 1284 ὲστι
1108 1232 1190 1296 τὸ,
1246 1231 1534 1302 βλέποντες
1558 1232 1619 1285 ού
1648 1230 1926 1302 βλέπουσι.

347 1319 600 1389 Παράγει
631 1322 815 1378 τοίνυν
843 1324 936 1378 καὶ
965 1323 1058 1378 τὸν
1085 1325 1371 1396 προφήτην
1399 1325 1679 1395 μάρτυρα.

420 1431 440 1463 ι
477 1412 592 1465 Καὶ
623 1414 1036 1486 ἀναπληροῦται
1068 1419 1252 1481 αὐτοῖς
1275 1419 1308 1487 ἡ
1338 1419 1646 1488 προφητεία
1681 1416 1926 1482 Ἡσαΐου,

348 1501 377 1568 ἡ
413 1500 692 1569 λέγουσαο
719 1503 882 1576 Ἀκοῇ
913 1505 1195 1572 ἀκούσετε,
1235 1505 1328 1560 καὶ
1362 1507 1422 1560 οὐ
1456 1506 1530 1576 μὴ
1568 1506 1784 1575 συνῆτε,
1836 1505 1930 1558 καὶ

347 1593 641 1664 βλέποντες
663 1597 912 1667 βλέψετε,
942 1601 1037 1653 καὶ
1067 1600 1127 1652 ού
1158 1599 1233 1671 μὴ
1264 1599 1433 1670 ἴδητε.
1478 1597 1786 1669 Ἐπαχύνθη
1819 1598 1930 1667 γὰρ

345 1688 618 1757 ἡκαρδία
653 1688 748 1742 τοῦ
794 1689 927 1744 λαοῦ
982 1691 1198 1756 τούτου,
1235 1691 1330 1746 καὶ
1385 1693 1500 1756 τοῖς
1554 1691 1659 1744 ὠσὶ
1717 1691 1928 1762 βαρέως

342 1779 617 1848 ηκουσαν,
673 1783 766 1835 καὶ
807 1784 931 1844 τοὺς
983 1783 1293 1853 ὀφθαλμοὺς
1351 1784 1528 1838 αὐτῶν
1578 1783 1924 1855 ἐκάμμυσαν,

346 1874 558 1940 μήποτε
603 1873 754 1927 ἴδωσι
787 1877 902 1936 τοῖς
941 1874 1262 1945 ὀφθαλμοῖς,
1301 1878 1394 1930 καὶ⁸
1443 1879 1556 1937 τοῖς
1599 1877 1742 1944 ὠσὶν,
1765 1874 1929 1931 ἀκού-
1961 1862 2000 1917 Β

342 1981 500 2027 σωσι,
533 1966 638 2019 καὶ
665 1968 730 2037 τῇ
763 1966 957 2039 καρδία
990 1969 1212 2036 συνῶσι,
1249 1971 1342 2022 καὶ
1388 1969 1789 2041 ἐπιστρέψωσι,
1832 1970 1928 2022 καὶ

345 2057 594 2128 ἱάσωμαι
655 2059 874 2123 αὐτούς.
915 2079 935 2112 ι
989 2061 1153 2131 Ὁρᾷς
1205 2061 1258 2114 τί
1305 2079 1468 2132 φησιν
1519 2065 1552 2133 ἡ
1590 2062 1925 2133 προφητεία;

341 2147 490 2214 Ὅτι,
524 2149 594 2201 ού
621 2150 708 2204 διὰ
746 2150 903 2204 τοῦτο
932 2151 992 2204 ού
1026 2151 1100 2220 μὴ
1126 2151 1340 2222 συνῆτε,
1367 2153 1446 2206 ὅτι
1476 2155 1709 2222 παχεῖαν
1739 2151 1928 2205 ἔκτισα

343 2242 443 2310 τὴν
475 2243 718 2312 καρδίαν
749 2244 926 2314 ὑμῶν,
961 2244 1076 2299 ἀλλ’
1105 2246 1185 2300 ὅτι
1213 2246 1516 2316 ἐπαχύνθη,
1547 2247 1719 2318 λεπτὴ
1744 2247 1928 2316 δηλον-

339 2333 420 2385 ότι
473 2333 749 2404 πρότερον
800 2330 974 2390 οὖσα·
1023 2337 1084 2390 τὸ
1127 2337 1246 2410 γὰρ
1281 2337 1677 2408 παχυνόμενον,
1728 2338 1925 2392 λεπτὸν

343 2425 621 2496 πρότερον
651 2423 741 2497 ἦν.
800 2429 1176 2501 Παχυνθείσης
1223 2430 1280 2485 δὲ
1329 2430 1555 2498 ταύτης,
1607 2430 1751 2486 οὕτω
1799 2432 1925 2495 τοὺς

340 2517 661 2588 ὀφθαλμοὺς
684 2520 863 2576 αὐτῶν
893 2523 1242 2592 ἐκάμμυσαν.
1277 2522 1390 2576 Ούκ
1416 2520 1537 2576 εἷπε
1559 2522 1614 2575 δὲ
1636 2523 1717 2576 ὅτι
1754 2523 1925 2591 ἐκάμ-

345 2629 515 2680 μυσεν
555 2614 584 2665 δ
617 2613 750 2677 Θεδς
779 2616 907 2679 τοὺς
935 2615 1250 2687 ὀφθαλμοὺς
1290 2616 1491 2684 αὐτῶν,
1523 2616 1640 2670 ἀλλ’
1671 2617 1755 2670 ὃτι
1781 2619 1926 2670 ἐκεῖ-

340 2718 418 2754 νοι
449 2703 519 2754 ὲκ
567 2703 961 2774 προαιρέσεως.
995 2705 1164 2760 Τοῦτο
1191 2706 1248 2759 δὲ
1281 2706 1566 2777 ἐποίησαν,
1619 2709 1802 2778 φησὶν,
1836 2710 1925 2765 ἵνα

347 2791 418 2860 μὴ
459 2793 840 2864 ἐπιστρέψωσι
883 2796 977 2849 καὶ
1023 2796 1260 2866 ίάσωμαι
1305 2795 1533 2860 αύτούς·
1585 2796 1924 2865 ὲθελοκάκως

341 2882 447 2950 γὰρ
534 2881 879 2938 ἐσπούδασαν
950 2882 1315 2956 ἀθεράπευτοι
1373 2884 1468 2937 καὶ
1535 2884 1922 2957 ἀνεπίστροφοι

343 2976 550 3044 μεῖναι.

413 3087 432 3120 ι
485 3069 680 3139 ’Υμῶν
715 3071 771 3126 δὲ
819 3073 1082 3145 μακάριοι
1112 3076 1162 3128 οἰ
1196 3075 1488 3147 ὀφθαλμοὶ,
1521 3078 1602 3131 ὅτι
1635 3074 1918 3147 βλέπουσι,

341 3164 430 3216 καὶ
459 3165 536 3218 τὰ
555 3158 669 3218 ὦτα
696 3166 871 3236 ὑμῶν,
899 3167 982 3221 ὅτι
1011 3167 1216 3222 ἀκούει.
1259 3170 1431 3242 Ἀμὴν
1458 3171 1566 3242 γὰρ
1593 3170 1736 3239 λέγω
1770 3171 1916 3240 ὑμῖν.

339 3257 417 3310 ὅτι
452 3258 644 3312 πολλοὶ
673 3260 948 3330 προφῆται
979 3261 1074 3314 καὶ
1117 3261 1314 3316 δίκαιοι
1349 3263 1704 3334 ἐπεθύμησαν
1735 3263 1862 3317 ἰδεῖν
1881 3261 1917 3317 ἃ

345 3348 598 3416 βλέπετε,
637 3349 731 3402 καὶ
756 3351 856 3403 οὐκ
886 3345 1049 3412 εἶδον.
1087 3353 1184 3406 καὶ
1218 3352 1511 3409 ἀκοῦσαιᾶ
1540 3353 1791 3421 ἀκούετε,
1823 3356 1917 3407 καὶ

341 3442 437 3494 οὐκ
479 3443 747 3513 ἥκουσαν.
787 3463 807 3497 ι
845 3445 954 3497 Καὶ
995 3447 1045 3498 oi
1075 3445 1325 3517 αἰσθητοὶ⁸
1367 3447 1465 3518 μὲν
1506 3448 1776 3519 ὀφθαλμοὶ
1809 3447 1918 3501 τῶν

341 3534 660 3588 ἀποστόλων
693 3536 786 3589 καὶ
815 3536 882 3590 τὰ
914 3529 1028 3590 ὦτα
1062 3538 1335 3608 μακάριαο
1375 3539 1514 3610 πλὴν
1545 3539 1679 3595 ἀλλὰ
1718 3540 1918 3611 μᾶλλον

341 3629 386 3678 οἱ
417 3627 642 3696 ψυχικοὶ
675 3627 945 3698 ὀφθαλμοὶ
984 3628 1176 3682 καὶτὰ
1221 3623 1336 3684 ὦτα
1371 3630 1723 3702 μακαρισμοῦ
1766 3629 1914 3698 ἄξια,

342 3723 420 3774 ὅτι
472 3719 690 3790 ἐπέγνω
713 3721 825 3791 ,τὸν
866 3722 1124 3792 Χριστόν.
1162 3723 1410 3793 Προτιμᾷ
1453 3722 1510 3776 δὲ
1541 3721 1765 3786 τούτους
1809 3723 1919 3776 τῶν

344 3815 664 3886 προφητῶν,
695 3816 829 3870 διότι
859 3817 953 3871 καὶ
982 3819 1309 3888 σωματικῶς
1339 3813 1479 3871 εἶδον
1500 3812 1647 3872 οῦτοι
1675 3815 1766 3869 τὸν
1788 3817 1922 3887 Χρι-

347 3908 494 3974 στὸν,
525 3910 723 3962 ἐκεῖνοι
749 3908 826 3975 δὲ,
864 3910 1063 3980 νοερῶς
1100 3909 1294 3981 μόνον·
1325 3910 1461 3964 ἀλλὰ
1488 3911 1581 3964 καὶ
1611 3911 1693 3964 ὃτι
1722 3911 1920 3964 ἐκεῖνοι

343 4001 402 4054 ού
454 4001 730 4055 τοσούτων
783 4002 1100 4074 μυστηρίων
1147 4002 1241 4056 καὶ
1296 4003 1553 4074 τοιαύτης
1609 4001 1922 4072 ἠξιώθησαν

343 4093 628 4161 γνώσεως,
660 4095 792 4164 ὅσης
819 4089 962 4148 οῦτοι
985 4111 999 4126 ο
1037 4093 1181 4148 κατὰ
1209 4093 1303 4147 δύο
1331 4089 1424 4147 οὖν
1463 4095 1788 4164 ὑπερέχουσι
1813 4093 1923 4146 τῶν

345 4187 646 4257 προφητῶν
689 4189 738 4240 οἱ
775 4186 1098 4254 ἀπόστολοι,
1143 4187 1242 4240 καὶ
1315 4187 1453 4240 κατὰ
1498 4187 1559 4239 τὶ)
1595 4184 1924 4256 σωματικῶς

348 4279 502 4344 ἰδεῖν,
551 4279 646 4332 xal.
691 4278 834 4332 κατὰ
870 4279 929 4331 τὸ
963 4278 1482 4350 πνευματικώτερον
1536 4279 1810 4349 μυηθῆναι
1854 4279 1924 4333 τὰ

345 4371 487 4427 θεῖα.
518 4370 812 4441 Σαφηνίζει
849 4369 940 4423 οῦν
967 4372 1066 4442 τὴν
1099 4370 1416 4442 παραδολὴν
1463 4373 1577 4436 τοῖς
1632 4371 1920 4442 μαθηταῖς,

345 4481 518 4530 ιεγων
538 4480 552 4494 ο

421 4573 441 4605 ι
495 4555 684 4624 Ὑμεῖς
712 4555 806 4609 οῦν
839 4555 1109 4609 ἀκούσατε
1136 4556 1236 4626 τὴν
1266 4554 1584 4626 παραδολὴν
1616 4555 1708 4609 τοῦ
1759 4555 1913 4608 σπεί-
1946 4579 1992 4634 D

347 4663 557 4716 ροντος.
603 4648 814 4711 Παντὸς
844 4648 1133 4713 ἀκούοντος
1159 4649 1250 4703 τὸν
1275 4649 1431 4717 λόγον
1460 4649 1559 4719 τῆς
1614 4647 1912 4716 βασιλείας,

345 4740 437 4790 καὶ
469 4739 544 4807 μὴ
574 4740 869 4803 συνιέντος,
903 4741 1118 4810 ἔρχεται
1149 4741 1176 4793 ὁ
1205 4739 1436 4810 πονηρὸς
1466 4741 1559 4794 καὶ
1591 4739 1828 4811 ἁρπάζει
1857 4739 1916 4792 τὸ

343 4829 691 4899 ἐσπαρμένον
715 4831 773 4882 ἐν
791 4832 857 4900 τῇ
892 4830 1086 4902 καρδίᾳ
1112 4829 1298 4892 αὑτοῦ,
1334 4822 1495 4894 οῦτός
1534 4833 1681 4884 ἐστιν
1710 4832 1738 4884 ὁ
1763 4829 1916 4901 παρᾶ

343 4925 441 4990 τὴν
468 4921 587 4976 ὁδὸν
618 4923 866 4993 σπαρείς.
907 4941 926 4974 t
957 4923 1331 4994 Προτρέπεται
1373 4924 1520 4993 ἡμᾶς
1546 4925 1624 4986 εἰς
1649 4923 1710 4975 τὸ
1741 4923 1916 4976 συνιέ-

344 5034 430 5068 ναι
461 5017 569 5068 τῶν
600 5015 910 5086 λεγομένων
960 5016 1110 5086 παρὰ
1147 5015 1255 5068 τῶν
1301 5016 1683 5079 διδασκόντων,
1718 5015 1806 5067 ἵνα
1839 5015 1914 5084 μὴ

348 5109 439 5158 καὶ
469 5107 630 5176 ἡμεῖς
656 5107 830 5175 ὅμοιοι
862 5100 1011 5176 ὦμεν
1041 5108 1152 5168 τοῖς
1195 5106 1347 5177 παρά
1373 5106 1472 5176 τὴν
1505 5106 1651 5158 ὁδόνο
1705 5108 1914 5181 μήποτε

346 5198 419 5257 δὲ,
454 5200 574 5250 ἐπεὶ
603 5199 718 5260 ὁδός
767 5200 911 5252 ἐστιν
939 5199 968 5251 ὁ
995 5199 1247 5268 Χριστὸς,
1283 5197 1437 5268 παρὰ
1482 5197 1582 5268 τὴν
1625 5198 1742 5250 ὀδόν
1776 5198 1915 5250 εἰσιν

346 5292 395 5342 οἱ
435 5289 538 5355 ἔξω
568 5290 662 5343 τοῦ
708 5291 969 5361 Χριστοῦ.
1001 5291 1064 5345 Οἳ
1096 5293 1195 5344 ούκ
1229 5293 1368 5344 εἰσὶν
1393 5291 1452 5344 ὲν
1484 5293 1550 5362 τῇ
1601 5291 1726 5362 ὁδῷ,
1777 5290 1916 5345 ἀλλὰ

350 5400 483 5452 παρέ
495 5382 622 5445 κτὸς
651 5382 750 5452 τῆς
780 5382 921 5436 ὁδοῦ.

421 5494 438 5525 ι
491 5475 549 5528 ’0
571 5476 629 5527 δὲ
660 5476 752 5528 ἐπὶ
776 5475 843 5529 τὰ
872 5474 1122 5545 πετρώδη
1149 5476 1402 5545 σπαρείς,
1423 5468 1576 5538 οὗτος
1604 5479 1750 5530 ἐστιν
1776 5479 1804 5530 ὁ
1824 5477 1912 5530 τὸν

349 5565 500 5634 λόγον
550 5567 762 5620 ἁκούων
819 5569 910 5620 καὶ
963 5565 1124 5627 εὐθὺς
1191 5567 1330 5621 μετὰ
1385 5569 1560 5638 χαρᾶς
1615 5567 1909 5638 λαμϐάνων

2036 592 2177 648 Dicit
2239 591 2382 647 enim
2444 592 2590 662 quod
2650 592 2896 646 videntes
2963 600 3180 656 natura,
3241 593 3343 648 hoc
3399 603 3505 658 est,
3571 609 3598 650 a

2034 681 2142 736 Deo
2171 681 2318 746 facti,
2348 692 2404 738 ut
2433 692 2625 736 natura
2667 681 2968 752 intelligere
3011 683 3242 752 possint,
3273 700 3377 738 nou
3418 685 3603 740 vident

2035 772 2357 838 voluntarie,
2396 779 2450 826 et
2476 772 2778 838 audientes,
2808 773 2910 826 hoc
2938 781 3044 837 est,
3079 773 3402 828 naturaliter
3433 789 3462 827 a
3495 775 3602 829 Deo

2034 864 2108 918 ita
2140 864 2292 931 facti,
2320 874 2378 920 ut
2409 867 2598 921 audire
2623 875 2679 922 et
2729 865 3028 935 intelligere
3051 876 3276 936 queant,
3308 883 3412 922 non
3441 868 3600 921 audi-

2033 965 2128 1008 unt
2191 969 2363 1025 neque
2431 956 2736 1028 intelligunt
2794 965 3014 1025 propter
3086 955 3446 1012 voluntatem.
3506 956 3604 1010 Dic

2032 1047 2202 1114 enim,
2261 1063 2466 1117 (ιυωει),
2492 1065 2560 1103 an
2595 1064 2698 1103 non
2746 1047 3001 1104 videbant
3047 1047 3308 1102 miracula
3360 1047 3605 1102 Christi?

2031 1139 2282 1196 Profecto
2310 1159 2323 1194 :
2349 1140 2444 1196 sed
2490 1139 2760 1197 faciebant
2803 1141 3013 1212 seipsos
3035 1154 3228 1205 ctccos,
3254 1148 3309 1194 et
3341 1139 3602 1194 laxabant

2031 1247 2176 1289 eum.
2223 1230 2337 1288 Hoc
2368 1247 2496 1302 ergo
2542 1243 2648 1299 est,
2680 1232 2920 1289 videntes
2961 1247 3067 1288 non
3097 1233 3308 1288 vident.
3370 1233 3605 1287 Adducit

2032 1325 2196 1394 igitur
2219 1333 2271 1379 et
2294 1325 2611 1396 prophetam
2649 1335 2860 1379 testem.

2104 1415 2270 1472 Vens.
2301 1418 2390 1484 i4,
2443 1418 2530 1473 15.
2571 1435 2590 1469 ι
2629 1417 2696 1473 Et
2742 1417 2996 1487 impletur
3042 1417 3096 1472 in
3145 1416 3253 1472 illis
3315 1415 3600 1486 prophetia

2032 1510 2186 1566 Isaiae
2221 1526 2341 1581 quas
2361 1511 2527 1566 dicit:
2560 1510 2799 1566 Auribus
2828 1509 3082 1572 audietis,
3105 1518 3160 1565 et
3187 1524 3292 1563 non
3321 1508 3598 1577 intellige-

2033 1604 2144 1660 tis:
2177 1613 2232 1658 et
2264 1604 2509 1659 videntes
2549 1603 2817 1668 videbitis,
2846 1611 2900 1657 et
2939 1617 3044 1656 non
3094 1601 3351 1658 cernetis.
3389 1599 3601 1654 lncras-

2031 1703 2208 1752 satum
2256 1705 2341 1752 est
2387 1696 2532 1750 enim
2572 1710 2668 1750 cor
2714 1694 2892 1764 populi
2939 1693 3120 1762 hujus,
3144 1703 3199 1749 et
3226 1693 3452 1747 auribus
3477 1707 3601 1762 gra-

2033 1791 2172 1845 viter
2213 1789 2523 1853 audierunt,
2573 1799 2628 1844 et
2671 1789 2856 1844 oculos
2908 1803 3037 1844 suos
3088 1787 3455 1849 occluserunt,
3507 1803 3601 1840 ne-

2031 1881 2246 1950 quando
2299 1879 2545 1934 viderent
2603 1878 2813 1944 oculis,
2849 1887 2904 1934 et
2959 1879 3182 1934 auribus
3234 1877 3488 1932 audirent
3544 1885 3600 1930 et

2029 1973 2192 2028 corde
2212 1971 2592 2042 intelligerent,
2615 1978 3086 2036 etconvertantur,
3114 1978 3166 2023 et
3187 1983 3372 2023 sanem
3413 1967 3550 2022 illos.
3575 1985 3595 2019 ο

2030 2064 2194 2120 Vides
2225 2064 2352 2134 quid
2387 2066 2529 2119 dicat
2567 2062 2895 2134 prophetia?
2927 2076 3207 2131 pr0pterea
3243 2075 3348 2114 non
3391 2058 3603 2114 intelli-

2029 2157 2187 2224 getis,
2221 2171 2324 2209 non
2357 2154 2496 2224 quod
2545 2168 2792 2208 crassum
2845 2152 3142 2206 creaverim
3193 2165 3289 2206 cor
3336 2157 3600 2214 vestrum,

2028 2249 2121 2303 sed
2167 2246 2309 2317 quod
2354 2247 2712 2300 incrassatuin
2743 2244 2834 2309 sit,
2861 2245 3004 2312 quod
3057 2251 3214 2298 antea
3251 2241 3600 2297 manifestum

2027 2349 2110 2394 est
2171 2335 2366 2394 subtile
2422 2337 2609 2392 fuisse.
2660 2337 2809 2403 Quod
2861 2336 3006 2390 enim
3061 2335 3416 2398 incrassatnr,
3453 2335 3604 2402 prius

2027 2443 2185 2487 tenue
2207 2429 2304 2484 fuit
2334 2447 2347 2484 :
2377 2429 2682 2484 incrassato
2737 2436 2917 2482 autem
2965 2427 3075 2493 illo,
3109 2427 3189 2482 sic
3237 2427 3420 2482 oculos
3473 2441 3603 2481 suos

2027 2523 2374 2578 occluserunt
2402 2539 2416 2576 :
2449 2537 2555 2575 non
2595 2520 2733 2574 dixit
2761 2521 2903 2590 quod
2950 2519 3246 2574 occlttserit
3286 2518 3475 2572 oculos
3503 2533 3596 2571 co-

2028 2629 2146 2668 rum
2185 2613 2346 2674 Deus,
2381 2610 2472 2666 sed
2509 2609 2585 2663 illi
2623 2624 2720 2663 sua
2756 2601 3217 2663 voluntatealllud
3251 2607 3395 2662 enim
3455 2606 3600 2661 feccc

2027 2713 2184 2770 runt,
2213 2703 2423 2771 inquit,
2469 2717 2536 2758 ne
2564 2710 2972 2766 convertantur,
3001 2709 3056 2754 et
3090 2714 3278 2753 sanem
3319 2698 3456 2753 illos.
3491 2697 3601 2751 Sua

2025 2792 2172 2849 enim
2203 2792 2409 2847 malitia
2455 2806 2675 2862 operam
2699 2789 2962 2845 dederunt
2991 2798 3048 2844 ut
3080 2788 3404 2845 incurabiles
3449 2794 3504 2845 et
3533 2789 3599 2842 ad

2025 2883 2438 2940 conversionem
2469 2882 2637 2954 inepti
2669 2881 2882 2938 fierent.

2097 3070 2262 3126 Vens.
2294 3069 2383 3137 16,
2417 3069 2506 3124 17.
2535 3088 2554 3121 ι
2590 3066 2772 3125 Vestri
2795 3081 2925 3124 vero
2950 3067 3092 3124 beati
3123 3077 3251 3125 sunt
3281 3067 3444 3136 oculi,
3474 3067 3600 3140 quia

2030 3163 2247 3230 vident;
2274 3171 2330 3218 et
2357 3177 2516 3219 aures
2541 3171 2758 3228 vestra‘,
2782 3164 2906 3231 quia
2933 3161 3177 3216 audiunt.
3203 3162 3374 3216 Amen
3402 3159 3600 3231 quippe

2022 3253 2142 3310 dico
2169 3253 2344 3318 vobis,
2387 3252 2530 3323 quod
2565 3252 2721 3307 multi
2759 3251 3035 3323 prOplietae
3067 3262 3120 3308 et
3151 3252 3280 3322 justi
3315 3251 3600 3308 desidera-

2021 3355 2214 3403 verunt
2240 3345 2426 3401 videre
2450 3359 2572 3415 qua:
2602 3344 2819 3411 videtis,
2854 3353 2906 3400 et
2950 3359 3057 3400 non
3097 3345 3386 3400 viderunt:
3413 3353 3469 3399 et
3502 3358 3602 3398 an-

2021 3439 2140 3494 dire
2177 3451 2296 3508 quae
2333 3436 2558 3502 auditis,
2585 3445 2640 3492 et
2675 3451 2781 3490 non
2817 3434 3130 3491 audierunt.
3167 3453 3186 3487 ι
3222 3434 3287 3488 Et
3315 3435 3600 3491 sensibiles

2023 3534 2241 3604 quidem
2267 3531 2637 3604 apostolorum
2660 3529 2801 3586 oculi
2828 3539 2884 3585 et
2905 3545 3064 3586 aures
3093 3529 3286 3593 beatae,
3314 3529 3408 3584 sed
3431 3528 3600 3585 multo

2023 3627 2194 3703 magis
2251 3623 2559 3695 spiritttales
2625 3622 2766 3678 oculi
2817 3633 2982 3692 atque
3038 3637 3201 3678 aures
3259 3621 3602 3677 beatitudine

2022 3720 2197 3790 dignm
2244 3717 2389 3788 quod
2443 3725 2779 3787 agnoverunt
2825 3715 3129 3772 Christum.
3159 3713 3384 3770 Praefert
3417 3724 3602 3769 autem

2024 3816 2143 3872 illos
2181 3813 2480 3885 prophetis,
2511 3830 2576 3868 eo
2609 3813 2752 3882 quod
2813 3813 2866 3867 hi
2913 3812 3192 3868 Christum
3248 3811 3605 3881 corporaliter

2025 3908 2294 3970 viderunt,
2322 3905 2397 3962 illi
2435 3906 2747 3960 mentaliter
2769 3914 3002 3968 tantum,
3025 3903 3118 3958 sed
3145 3913 3200 3958 et
3225 3903 3370 3973 quod
3391 3902 3464 3956 illi
3496 3917 3602 3956 non

2025 3996 2260 4054 assecuti
2297 3996 2518 4050 fuerunt
2543 4003 2693 4048 tanta
2726 3994 2986 4064 mysteria
3033 4001 3088 4047 et
3134 3991 3297 4047 talem
3348 3991 3599 4046 nutitiatn

2025 4097 2287 4160 quantum
2315 4090 2372 4145 ii.
2399 4089 2456 4144 ιιι
2501 4085 2712 4143 duobus
2753 4087 2898 4140 enim
2945 4085 3324 4157 praecellebant
3362 4084 3598 4154 prophe-

2029 4193 2111 4236 tas
2132 4179 2388 4249 apostoli,
2412 4188 2467 4233 et
2499 4176 2855 4248 corporaliter
2885 4175 3135 4242 vivendo,
3156 4184 3218 4230 et
3247 4174 3419 4245 magis
3441 4173 3602 4244 spiri-

2028 4273 2248 4328 tualiter
2272 4271 2620 4342 intelligendo
2649 4270 2854 4325 divina.
2881 4267 3194 4324 Mauifestat
3223 4267 3392 4338 igitur
3440 4280 3601 4337 para-

2024 4366 2204 4422 bolam
2235 4365 2540 4436 discipulis,
2573 4363 2758 4418 dicens
2805 4380 2819 4417 :

2104 4451 2264 4509 Vens.
2303 4451 2529 4518 18,19.
2586 4471 2604 4504 ι
2661 4449 2766 4507 Vos
2820 4451 2986 4522 igitur
3048 4450 3231 4507 audite
3288 4448 3600 4521 parabolain

2023 4547 2360 4602 seminantis.
2392 4547 2526 4602 Cum
2577 4547 2702 4618 quis
2731 4548 2970 4603 audierit
3002 4561 3310 4602 sermonem
3344 4545 3515 4615 regni,
3547 4555 3602 4599 et

2021 4656 2126 4695 non
2152 4641 2506 4706 intellexerit,
2536 4642 2685 4694 vadit
2714 4641 2980 4712 malignus
2999 4640 3107 4708 ille,
3132 4650 3188 4696 et
3207 4639 3594 4710 rapitoinsitutn

2023 4733 2076 4786 in
2105 4747 2202 4787 cor
2241 4731 2374 4801 ejus.
2405 4731 2506 4786 llic
2533 4741 2617 4788 est
2648 4733 2737 4800 qui
2764 4733 2921 4800 juxta
2949 4733 3088 4786 viam
3111 4732 3410 4788 seminatus
3433 4738 3536 4784 est.
3572 4746 3592 4780 ι

2023 4829 2368 4881 Adhortatur
2417 4841 2517 4880 nos
2557 4824 2624 4879 ad
2678 4822 3092 4892 intelligendum
3131 4836 3252 4892 qua:
3283 4821 3536 4874 dicuntur
3565 4834 3596 4874 ιι

2023 4917 2369 4984 docentibus,
2393 4932 2460 4972 ne
2491 4927 2546 4970 ct
2583 4930 2681 4970 nos
2716 4915 2920 4970 similes
2963 4913 3155 4967 fiamus
3186 4913 3271 4966 his
3306 4911 3396 4981 qui
3437 4909 3594 4978 juxta

2025 5011 2188 5064 viam.
2215 5007 2471 5063 Fortasse
2515 5017 2692 5060 autem
2723 5005 2845 5074 quia
2879 5005 2964 5058 via
2995 5013 3075 5058 est
3105 5002 3356 5058 Christus
3379 4999 3479 5074 (α),
3503 5001 3594 5070 qui

2019 5116 2175 5158 secus
2216 5101 2355 5154 viam
2383 5106 2528 5165 sunt,
2557 5101 2610 5154 bi
2635 5109 2786 5152 extra
2813 5097 3090 5152 Christum
3119 5103 3267 5160 sunt,
3301 5109 3408 5150 non
3448 5093 3591 5148 enim

2016 5203 2144 5250 sunt
2171 5192 2228 5248 in
2251 5192 2356 5256 via,
2384 5191 2477 5247 sed
2506 5201 2656 5244 extra
2687 5189 2850 5243 viain.

2089 5474 2250 5527 Vens.
2276 5471 2368 5534 ΞΟ,
2392 5471 2477 5525 21.
2517 5489 2536 5522 ι
2581 5473 2649 5524 At
2687 5470 2778 5540 qui
2843 5470 2894 5524 in
2936 5480 3149 5540 petrosa
3178 5485 3360 5526 semen
3387 5469 3588 5539 jat'tnm

2017 5576 2324 5636 exceperat,
2373 5566 2458 5620 hic
2483 5574 2564 5617 cst
2601 5564 2691 5635 qui
2721 5581 3027 5622 sermonem
3057 5563 3223 5630 audit,
3252 5581 3312 5619 ac
3345 5561 3588 5632 protinus

416 5809 489 5872 (α)
525 5806 668 5865 Edtt.
696 5806 817 5862 Lttt.
848 5810 933 5878 qui
965 5817 1114 5863 cura
1158 5808 1422 5862 Christum
1471 5819 1609 5861 sunt.
1640 5808 1687 5860 lu
1721 5807 1907 5862 (λείου
1952 5806 2156 5863 videtur
2186 5808 2387 5877 aliquid
2419 5810 2625 5866 deesse.
