4078 6464
480 338 595 404 233

1373 353 1918 417 THEOPIIYLACT
1926 359 1952 418 Ι
1994 359 2410 424 BULGARUE
2451 368 2814 432 ARCHIEP.

3613 391 3718 456 286

477 467 599 505 cum
614 451 806 521 gaudio
824 453 1012 524 arripit
1031 472 1152 512 eum
1172 478 1185 514 :
1209 475 1312 514 non
1335 463 1494 518 habet
1517 476 1694 521 autem
1716 471 1953 526 radicem
1989 472 2001 526 i

477 543 656 574 cnincn
708 543 802 574 οΔιι
837 549 1194 574 ιιιηιηη-...,ε.-,
1236 561 1311 574 .--ι
1376 573 1385 574 ,
1427 555 1525 574 n_,,
1788 563 1798 573 .
1882 563 1892 573 .
1919 565 1929 574 .
2002 567 2004 574 ι

2110 519 2116 534 ,
2146 476 2329 541 αὐτὸν,
2367 481 2466 532 οὐκ
2492 481 2604 552 ἔχει
2634 483 2690 536 δὲ
2715 485 2874 553 ῥίζαν
2901 487 2958 540 ἐν
2984 489 3186 562 ἐαυτῷ,
3221 492 3358 550 ἀλλὰ
3389 501 3724 574 πρόσκαιρός

476 543 679 607 scipso,
707 543 802 597 sed
837 549 1201 615 temporarias
1231 561 1335 607 est.
1373 573 1391 606 ι
1424 555 1593 611 Porro
1626 574 1750 614 cum
1787 563 2042 618 inciderit

473 635 776 700 persecutio
789 637 871 690 vel
899 638 1115 696 alIlictio
1138 653 1357 714 propter
1382 649 1708 717 sermonem,
1733 656 1912 708 statim
1931 658 2039 727 67

471 722 782 781 oll‘enditur.
810 725 1068 796 Alﬂictio,
1100 733 1298 803 inquit,
1329 741 1454 807 quia
1471 742 1623 796 multi
1659 762 1686 797 ιι
1722 722 2038 813 parentibu—s

467 813 550 868 vel
614 816 734 872 aliis
787 819 1069 877 infortunii
1125 824 1346 892 aﬂlicti,
1401 832 1580 886 statim
1640 833 2035 904 blasphemant.

469 902 779 960 Persecutio
808 920 988 966 autem
1033 914 1162 970 dicit
1208 928 1427 988 propter
1471 936 1567 977 eos
1597 902 1794 994 quibus
1825 931 2035 998 tyranni

467 995 677 1051 molesti
707 1011 854 1056 sunt.

540 1087 818 1147 “133.22.
861 1113 880 1146 ι
922 1094 990 1149 At
1017 1098 1107 1166 qui
1155 1099 1207 1153 in
1237 1099 1435 1170 fspinas
1485 1119 1671 1163 semen
1722 1123 2033 1184 exceperat,

464 1174 550 1229 llic
577 1188 662 1231 est
698 1181 787 1248 qui
825 1184 1048 1239 verbum
1099 1189 1270 1256 audit,
1298 1199 1353 1246 et
1382 1207 1510 1248 cura
1552 1200 1733 1253 saeculi
1791 1200 1950 1273 hujus
1980 1216 2034 1262 et

464 1266 709 1334 deceptio
733 1270 1038 1328 divitiarum
1059 1278 1285 1335 sull'ocal
1315 1286 1557 1353 verbum,
1586 1298 1640 1344 et
1669 1266 1971 1351 sterilis'lit.
2007 1317 2025 1351 ι

461 1354 577 1411 Non
611 1359 766 1428 dixit,
801 1364 1062 1422 Saeculum
1091 1371 1191 1427 hoc
1218 1373 1476 1440 suﬂ‘ocat.
1505 1382 1599 1434 sed
1622 1381 1763 1437 Cura
1806 1390 1986 1444 saeculi
2013 1409 2028 1446 :

462 1465 636 1520 neque
661 1453 987 1523 Divitiae,sed
1014 1462 1255 1534 deceptio
1293 1469 1622 1530 divitiarum.
1649 1475 1855 1533 Divitiae
1883 1481 2026 1536 enim

461 1544 672 1608 (plaudo
720 1545 1125 1620 disperguntur,
1181 1572 1286 1612 non
1339 1560 1747 1631 sull'ocant,sed
1782 1585 2029 1629 crescere

460 1631 665 1689 faciunt
694 1639 937 1696 verbum.
975 1643 1154 1713 Spinae
1192 1659 1396 1717 autem,
1434 1668 1576 1709 cura:
1606 1667 1660 1712 et
1703 1661 1929 1726 delicis.
1961 1681 2028 1720 eo

457 1728 597 1791 quod
639 1728 814 1798 ignem
847 1738 1290 1807 concupiscentia:
1315 1753 1372 1799 et
1415 1738 1673 1817 gehenna:
1696 1756 2020 1812 accendunt.

466 1814 528 1871 Et
554 1818 862 1891 sicutspina
886 1838 1039 1882 acuta
1067 1831 1118 1884 in
1155 1847 1351 1902 corpus
1387 1850 1655 1907 penetrat,
1675 1853 1730 1900 et
1763 1847 1849 1902 vix
1897 1865 2022 1904 era-

453 1909 704 1966 dicatur:
737 1916 816 1970 sic
873 1930 925 1974 et
978 1921 1183 1979 deliciae
1224 1928 1616 1992 invalescentes
1674 1937 1728 1994 in
1779 1941 2018 2000 animam

455 1999 848 2077 ingrediuntur,
888 2014 1044 2068 etvix
1079 2019 1442 2080 cradicautur.

525 2279 680 2335 Vens.
711 2282 802 2339 23.
831 2301 850 2336 ι
892 2285 1160 2344 Caeterum
1187 2295 1349 2363 quiin
1384 2307 1582 2355 terram
1618 2303 1812 2361 bonam
1855 2324 1990 2367 exce

448 2367 522 2434 pit
554 2383 759 2439 semen,
792 2375 878 2429 hic
906 2387 988 2431 est
1028 2381 1117 2449 qui
1152 2386 1375 2441 verbum
1431 2393 1580 2446 audit
1634 2405 1688 2450 et
1737 2398 2013 2470 intelligit,

446 2459 542 2527 qui
603 2463 832 2534 denique
864 2467 1096 2524 fructum
1135 2476 1307 2530 reddit
1337 2491 1392 2533 et
1440 2481 1587 2550 facit,
1623 2486 1760 2543 alius
1797 2459 2012 2560 quidem

444 2552 772 2621 centuplum,
790 2557 926 2614 alius
956 2577 1084 2618 vero
1099 2574 1692 2642 sexagecuplum,‘alius
1713 2592 1890 2638 autem
1916 2587 2014 2640 tri-

443 2645 742 2712 gecuplnm.
774 2667 792 2701 ι
834 2649 1003 2709 Varia:
1028 2656 1242 2714 virtutis
1265 2667 1476 2732 species
1507 2679 1652 2737 sunt,
1671 2675 1806 2730 varii
1831 2684 1887 2733 et
1917 2680 2009 2748 qui

442 2737 746 2801 proliciunt.
785 2741 912 2799 Vide
947 2757 1123 2804 autem
1147 2754 1392 2811 ordinem
1425 2761 1478 2813 in
1503 2766 1780 2829 parabola.
1817 2737 2003 2840 Opor-

441 2835 515 2878 tet
539 2830 679 2882 enim
715 2847 813 2888 nos
859 2837 1091 2905 primum
1122 2844 1310 2901 audire
1352 2864 1657 2910 sermonem
1719 2867 1774 2914 et
1812 2860 2009 2919 intelli-

439 2934 569 2980 gere
598 2936 664 2975 ue
685 2924 856 2981 simus
882 2929 1023 2984 sicut
1051 2934 1143 3002 qui
1168 2934 1324 3005 juxta
1354 2941 1517 3000 viam.
1546 2945 1749 3006 Deinde
1778 2952 2008 3010 llrmiter

436 3013 674 3088 retinere
727 3021 868 3088 quod
919 3025 1162 3080 auditum
1219 3041 1352 3090 est:
1406 3048 1667 3107 praeterea
1723 3059 1829 3100 non
1884 3062 2005 3106 esse

437 3111 710 3160 amatores
737 3122 917 3178 opum.
955 3114 1092 3180 Quid
1138 3122 1280 3178 enim
1317 3129 1582 3196 proderit,
1609 3133 1655 3186 si
1685 3135 1905 3192 audiero
1949 3149 2004 3195 et

439 3191 734 3261 retinuero,
765 3207 818 3254 et
843 3202 1147 3264 divitiarum
1165 3227 1349 3271 amore
1378 3219 1657 3279 sull‘ocor?

509 3283 869 3387 “utsii-50.
904 3313 922 3348 ι
951 3296 1128 3353 Aliam
1159 3306 1468 3372 parabolam
1490 3316 1768 3383 pr0posuit
1799 3320 1902 3387 eis,
1922 3323 2006 3379 di-

436 3385 594 3430 cens:
627 3375 814 3437 Simile
831 3383 1030 3444 factum
1051 3401 1134 3447 est
1154 3408 1371 3464 regnum
1393 3402 1655 3458 ctelorum
1685 3408 1890 3466 homini
1913 3427 2002 3468 se-

433 3465 659 3523 minanli
679 3470 878 3529 bonum
904 3491 1086 3536 semen
1106 3482 1158 3537 in
1186 3501 1315 3554 agro
1330 3483 1464 3559 suo;
1494 3497 1588 3550 sed
1613 3497 2004 3562 dormientibus

435 3557 737 3617 hominibus
770 3568 917 3624 venit
952 3570 1092 3630 illius
1123 3575 1372 3638 inimicus
1392 3589 1755 3646 etseminavit
1792 3597 2000 3653 zizania

427 3646 574 3703 inter
608 3652 864 3726 triticum,
920 3661 1176 3734 abiitque.
1219 3668 1352 3727 Cum
1409 3686 1589 3732 autem
1641 3685 2003 3751 germinasset

428 3740 618 3811 herba,
643 3755 696 3802 et
723 3747 953 3808 fructum
985 3754 1221 3827 fecisset,
1265 3771 1388 3820 tunc
1411 3781 2002 3838 apparueruntetziza-

429 3834 890 3900 nia.Accedentes
916 3855 1095 3903 autem
1130 3853 1272 3906 servi
1308 3858 1710 3923 patrisfamilias
1750 3869 2001 3926 dixerunt

429 3926 554 3984 illi:
600 3929 849 4001 Domine,
883 3952 1061 3996 nonne
1106 3941 1304 3999 bonum
1339 3963 1523 4004 semen
1581 3957 1884 4016 seminaras
1943 3963 1996 4017 in

363 4005 366 4009 ’
430 4027 520 4073 ιυο
553 4024 717 4091 agro?
747 4029 886 4083 unde
915 4028 1254 4100 igiturhabet
1282 4037 1488 4093 zizania
1519 4041 1659 4100 ?llle
1701 4062 1827 4102 vero
1859 4051 1998 4109 dixit

428 4112 536 4172 illis
566 4135 579 4170 :
604 4117 859 4177 Inimicus
886 4126 1046 4182 homo
1072 4129 1171 4184 hoc
1188 4131 1331 4186 fecit.
1365 4132 1517 4188 Servi
1537 4147 1713 4192 autem
1744 4140 1997 4199 dixerunt

425 4205 500 4259 illi
536 4225 550 4261 :
589 4208 684 4264 Vis
713 4212 874 4282 igitur
914 4217 1190 4287 abeamus,
1222 4233 1276 4278 et
1318 4226 1630 4296 colligamus
1679 4231 1778 4286 ea?
1809 4235 1876 4288 At
1907 4237 1995 4293 ille

424 4298 558 4353 dixit
595 4299 754 4357 :Non
788 4323 801 4358 :
832 4321 900 4361 ne
949 4309 1073 4362 dum
1111 4313 1365 4383 colligitis
1414 4318 1656 4387 zizania,
1708 4327 1993 4385 eradicetis

423 4387 583 4441 simul
624 4404 744 4444 cum
794 4393 899 4448 illis
929 4406 982 4451 et
1019 4399 1255 4456 triticum
1287 4406 1488 4462 :siuite
1518 4409 1720 4476 pariter
1747 4431 1993 4476 crescere

423 4485 649 4547 utraque
708 4475 876 4552 usque
919 4487 988 4542 ad
1043 4505 1296 4560 messem,
1331 4507 1384 4550 et
1430 4499 1482 4552 in
1527 4511 1767 4573 tempore
1799 4511 1992 4566 messis

421 4568 596 4623 dicam
651 4577 978 4634 messoribus
1031 4596 1046 4636 :
1090 4581 1338 4654 Colligite
1395 4592 1628 4658 primum
1680 4598 1911 4669 zizania,
1939 4614 1993 4659 et

419 4660 669 4732 Colligate
706 4664 758 4720 in
821 4667 1104 4730 fasciculos
1135 4678 1201 4732 ad
1247 4683 1676 4744 comburi-udum
1737 4707 1798 4746 ea
1827 4735 1842 4759 ,
1893 4697 1992 4749 tri-

419 4751 583 4807 ticum
625 4771 752 4810 vero
801 4776 1124 4834 congregate
1176 4770 1231 4825 in
1288 4773 1543 4832 horreum
1603 4796 1809 4840 meum.
1864 4806 1882 4838 ι
1931 4789 1988 4844 In

416 4843 580 4913 priori
641 4851 893 4917 parabola
958 4857 1120 4926 dixit,
1181 4876 1430 4932 quartam
1495 4881 1702 4939 partem
1764 4878 1989 4934 seminis

416 4940 609 4996 cadere
645 4944 694 4996 in
731 4953 928 5003 terram
983 4952 1202 5024 bonam;
1240 4959 1294 5014 in
1351 4962 1458 5018 hac
1503 4975 1686 5022 autem
1727 4974 1984 5040 ostendit,

415 5031 555 5098 quod
591 5049 764 5104 neque
801 5039 931 5096 illud
965 5043 1138 5111 ipsum
1183 5064 1366 5106 semen
1398 5058 1540 5124 quod
1569 5057 1623 5112 in
1657 5069 1856 5118 terram
1891 5031 1987 5121 bo:

417 5137 538 5175 nam
587 5126 803 5194 cecidit,
837 5130 1209 5204 incorruptum
1267 5142 1408 5196 sinat
1445 5146 1638 5214 hosﬁs,
1682 5151 1812 5206 dum
1881 5171 1982 5212 nos

413 5217 710 5275 dormimus
743 5233 798 5277 et
860 5226 1035 5296 ignavi
1071 5246 1277 5288 sumus.
1308 5237 1452 5304 Ager
1483 5245 1684 5299 etenim
1751 5246 1982 5306 Mundus

410 5317 514 5371 est,
554 5309 629 5363 vel
662 5313 895 5381 cujusvis
943 5323 1142 5379 anima.
1175 5325 1343 5382 Porro
1372 5329 1621 5392 Christus
1652 5346 1735 5394 est
1765 5341 1858 5410 qui
1890 5357 1979 5399 se-

415 5397 655 5454 minavit.
688 5402 890 5461 Bonum
947 5425 1151 5481 semen,
1185 5417 1311 5474 boni
1349 5421 1596 5482 homines
1628 5429 1712 5484 vel
1765 5435 1975 5504 cogita-

410 5489 605 5546 tiones.
664 5493 907 5566 Zizania,
957 5503 1189 5565 haereses
1238 5513 1322 5567 vel
1373 5518 1529 5574 mala:
1593 5523 1974 5592 cogitationes.

405 5580 512 5648 Qui
546 5599 673 5640 vero
722 5591 955 5648 seminat
1012 5600 1147 5667 hare,
1194 5603 1462 5664 diabolus.
1518 5615 1590 5668 At
1649 5616 1977 5675 dormientes

411 5675 677 5746 homines,
712 5682 802 5752 qui
825 5697 1042 5756 propter
1073 5692 1337 5762 ignaviam
1381 5717 1534 5759 suam
1581 5705 1759 5763 locum
1809 5711 1966 5768 dede-

415 5778 533 5822 runt
593 5771 859 5832 haereticis
895 5782 973 5836 vel
1009 5784 1162 5842 nudis
1197 5791 1652 5864 cogitationibus;
1686 5803 1827 5857 servi
1875 5819 1972 5858 au-

2146 567 2283 620 ἐστι.
2332 589 2350 620 ι
2397 571 2701 643 Γενομένης
2745 576 2804 629 δὲ
2848 576 3080 648 θλίψεως
3120 583 3152 653 ἢ
3199 567 3442 658 διωγμοῧ
3482 591 3568 645 διὰ

2142 657 2320 727 λόγον,
2364 662 2526 728 εὐθὺς
2579 667 3016 734 σκανδαλίζεται.
3062 673 3310 745 Θλίψεως
3345 657 3542 748 εἶπεν,
3597 686 3721 740 ἐπεὶ

2143 751 2328 805 πολλοὶ
2379 753 2483 807 ὑπὸ
2529 758 2794 830 γονέωνῆ
2836 759 3012 815 ἄλλων
3045 768 3343 837 συμφορῶν
3383 771 3717 844 θλιϐόμενοι,

2141 843 2302 906 εὐθὺς
2336 844 2758 918 βλασφημοῦσι·
2810 852 3051 925 διωγμοῦ
3086 857 3164 922 δὲ,
3204 859 3292 914 διὰ
3323 863 3449 926 τοὺς
3477 843 3569 918 ἐπὶ
3608 869 3718 922 τῶν

2139 935 2422 1006 τυράννων
2462 943 2937 1011 παραπίπτοντας.
3391 943 3400 956 ’

2215 1139 2233 1172 ι
2284 1120 2340 1174 '0
2373 1121 2431 1175 δὲ
2476 1125 2556 1187 εἰς
2599 1126 2695 1190 τὰς
2736 1127 2978 1195 ἀκάνθας
3017 1137 3266 1206 σπαρεὶς,
3292 1131 3448 1204 οὗτός
3493 1143 3640 1197 ἐστιν
3677 1148 3709 1198 6

2136 1210 2228 1264 τὸν
2249 1210 2408 1281 λόγον
2446 1215 2681 1283 ἀκούων,
2709 1221 2800 1273 καὶ
2833 1224 2865 1294 ἡ
2897 1224 3136 1296 μέριμνα
3163 1227 3257 1281 τοῦ
3285 1232 3485 1297 αίῶνος
3519 1237 3710 1290 τούτου

2137 1304 2230 1357 καὶ
2281 1307 2315 1376 ἡ
2377 1306 2559 1378 ἀπάτη
2608 1310 2702 1363 τοῦ
2749 1312 2986 1368 πλούτου
3046 1321 3344 1388 συμπνίγει
3395 1323 3485 1376 τὸν
3528 1324 3710 1393 λόγον,

2135 1395 2230 1448 καὶ
2252 1397 2496 1464 ἄκαρπος
2533 1399 2759 1467 γίνεται.
2804 1421 2822 1455 ι
2858 1405 2970 1458 Οὐκ
2990 1402 3162 1473 εἶπεν,
3185 1411 3267 1463 ὅτι
3301 1413 3361 1465 '0
3383 1414 3516 1466 αἰὼν
3551 1411 3709 1481 οὗτος

2136 1487 2577 1557 συμπνίγει,ἀλλ’
2604 1491 2669 1544 Ἢ
2693 1493 2930 1565 μέριμνα
2959 1498 3052 1550 τοῦ
3083 1500 3276 1565 αἰῶνος
3297 1520 3311 1534 ο
3332 1505 3453 1558 οὐδὲ
3485 1506 3516 1559 6
3548 1508 3712 1561 πλοῦ-

2131 1594 2244 1642 τος,
2300 1580 2414 1634 ἀλλ’
2442 1582 2504 1634 Ἠ
2534 1583 2716 1655 ἀπάτη
2778 1587 2871 1639 τοῦ
2905 1589 3157 1646 πλούτου.
3212 1593 3268 1646 Ὀ
3309 1595 3533 1662 πλοῦτος
3597 1600 3710 1673 γὰρ

2130 1669 2255 1722 ὅταν
2303 1673 2650 1744 σκορπισθῇ,
2700 1675 2759 1728 οὐ
2818 1681 3157 1749 συμπνίγει,
3226 1683 3343 1737 ἀλλ’
3403 1686 3558 1752 αὔξει
3615 1669 3708 1742 τὸν

2131 1761 2286 1830 λόγον
2314 1781 2326 1794 ·
2352 1764 2588 1820 ἄκανθαι
2609 1767 2688 1833 δὲ,
2721 1769 2778 1822 ai
2807 1771 3073 1842 μέριμναι
3107 1775 3200 1828 καὶ
3223 1777 3278 1829 αἱ
3313 1781 3537 1847 τρυφαὶ,
3570 1783 3708 1839 διότι

2058 1839 2096 1892 Β
2133 1854 2192 1908 τὸ
2236 1855 2346 1926 πῦρ
2379 1857 2474 1910 καὶ
2526 1857 2585 1911 τὸ
2627 1859 2726 1930 τῆς
2765 1839 3060 1933 ἐπιθυμίας
3121 1865 3217 1919 καὶ
3249 1868 3307 1920 τὸ
3481 1839 3708 1945 γεέννης

2134 1945 2456 1999 ἀνάπτουσι.
2510 1947 2620 2000 Καὶ
2647 1948 2836 2022 ὥσπερ
2873 1953 2906 2023 ἡ
2941 1952 3150 2009 ἄκανθα
3182 1956 3329 2022 ὀξεῖα
3375 1957 3532 2028 οὖσα,
3581 1967 3703 2019 εἰσ-

2136 2036 2286 2090 δόνει
2331 2039 2412 2102 είς
2472 2039 2530 2093 τὸ
2571 2040 2754 2111 σῶμα,
2805 2045 2898 2097 καὶ
2951 2047 3105 2116 μόλις
3160 2049 3499 2119 ἐκϐάλλεται,
3561 2057 3704 2113 οὕτω

2129 2129 2311 2201 καὶ-ἡ
2349 2133 2549 2202 τρυφὴ,
2594 2133 2688 2187 ἐὰν
2744 2135 2922 2206 ψυχῆς
2983 2141 3256 2213 κρατήσῃ,
3296 2146 3549 2214 είσδύνει,
3607 2155 3701 2206 καὶ

2131 2221 2286 2292 μόλις
2337 2223 2668 2294 ὲκριζοῢται.

2205 2332 2224 2365 ‹
2277 2314 2336 2366 Ὁ
2384 2314 2440 2368 δὲ
2466 2317 2560 2368 ἐπὶ
2597 2316 2695 2386 τὴν
2745 2319 2846 2389 γῆν
2882 2319 2980 2390 τὴν
3029 2322 3199 2394 καλὴν
3252 2328 3505 2396 σπαρεὶς,
3543 2325 3700 2394 οὗτός

2125 2406 2273 2458 ἐστιν
2299 2409 2327 2458 6
2351 2407 2443 2460 τὸν
2472 2407 2629 2475 λόγον
2660 2409 2873 2464 ἀκούων
2904 2412 2998 2466 καὶ
3041 2414 3257 2482 συνιὼν,
3287 2417 3344 2480 ὃς
3376 2418 3438 2488 δὴ
3489 2437 3698 2491 καρποο

2126 2498 2284 2565 φορεῖ
2310 2498 2399 2551 καὶ
2455 2501 2619 2562 ποιεῖ,
2651 2502 2679 2553 6
2716 2501 2816 2571 μὲν
2866 2503 3080 2570 ἑκατὸν,
3113 2507 3141 2558 6
3173 2506 3228 2559 δὲ
3257 2507 3545 2579 ἑξήκοντα,
3581 2514 3608 2563 6
3639 2513 3699 2564 δὲ

2123 2589 2436 2658 τριάκοντα.
2477 2610 2496 2642 ι
2535 2593 2778 2663 Διάφορα
2814 2593 2883 2648 τὰ
2923 2597 3024 2665 τῆς
3055 2599 3256 2668 ἀρετῆς
3295 2601 3697 2673 είδηκδιάφοροι

2125 2679 2220 2732 καὶ
2243 2681 2290 2732 οἱ
2330 2680 2746 2752 προκόπτοντες.
2791 2687 2930 2757 Ὅρα
2959 2688 3036 2751 δὲ,
3062 2690 3141 2742 ὅτι
3173 2690 3323 2755 τάξις
3362 2694 3508 2746 ἐστὶν
3538 2697 3594 2748 ἐν
3626 2700 3693 2768 τῇ

2121 2771 2428 2844 παραϐολῇ.
2459 2775 2552 2828 Δεῖ
2588 2776 2691 2847 γὰρ
2738 2778 2887 2847 ἡμᾶς
2919 2780 3136 2851 πρῶτον
3183 2783 3284 2853 μὲν
3318 2786 3550 2839 ἀκοῦσαι
3599 2789 3692 2841 τὸν

2120 2861 2276 2936 λόγον
2321 2866 2414 2918 καὶ
2450 2867 2709 2932 συνιέναι,
2735 2869 2822 2922 ἵνα
2877 2873 2950 2940 μὴ
3001 2865 3146 2943 ὦμεν
3176 2873 3248 2936 ὡς
3296 2877 3344 2928 ei
3385 2880 3532 2948 παρὰ
3591 2880 3692 2950 τὴν

2120 2954 2258 3010 ὁδόν.
2291 2957 2522 3010 Ἔπειτα
2553 2964 2847 3030 κατασχεῖν
2879 2963 3107 3032 ὲδραίως
3147 2965 3205 3016 τὸ
3232 2968 3517 3024 ἀκουσθέν.
3557 2966 3693 3024 Εἶτα

2123 3047 2199 3119 μὴ
2237 3049 2679 3121 φιλοχρημάτους
2723 3051 2884 3109 εἶναι.
2911 3056 2974 3109 Τί
3007 3059 3114 3127 γὰρ
3136 3058 3332 3128 ὄφελος
3367 3062 3417 3113 εἰ
3471 3064 3690 3119 ἀκούσω

2117 3141 2214 3236 καὶ.
2241 3143 2518 3215 κατάσχω,
2545 3146 2649 3198 ὑπὸ
2677 3145 2734 3198 δὲ
2757 3147 3188 3219 φιλοχρηματίας
3206 3153 3510 3222 συμπνίξω;

2185 3344 2204 3377 ι
2249 3326 2454 3398 ’Ἄλλην
2509 3329 2829 3401 παραϐολὴν
2887 3332 3198 3402 παρέθηκεν
3233 3337 3436 3403 αυτοῖς,
3464 3337 3636 3407 λέγων
3665 3356 3683 3372 ο

2115 3414 2445 3488 Ὦμοιώθηή
2481 3417 2726 3488 βασιλεία
2771 3421 2878 3475 τῶν
2923 3423 3167 3493 οὐρανῶν
3211 3426 3482 3499 ἀνθρώπῳ
3516 3432 3688 3500 ,σπείι

2107 3523 2259 3578 ραντι
2291 3507 2453 3561 καλὸν
2483 3509 2702 3579 σπέρμα
2722 3510 2778 3563 ὲν
2801 3511 2875 3580 τῷ
2895 3503 3052 3582 ἀγρῷ
3077 3514 3263 3580 αὑτοῦ,
3299 3517 3355 3568 ὲν
3372 3518 3427 3571 δὲ
3450 3520 3523 3590 τῷ
3545 3522 3685 3575 καθ-

2103 3599 2276 3652 εύδειν
2314 3600 2440 3663 τοὺς
2485 3600 2830 3672 ἀνθρώπους,
2869 3599 3230 3674 ἦλθενεαὺτοῦ
3279 3610 3546 3682 ὁὲχθρὸς,
3591 3617 3685 3668 καὶ

2104 3691 2328 3763 ἔσπειρε
2365 3692 2578 3758 ζιζάνια
2617 3695 2720 3749 ἀνὰ
2758 3695 2923 3765 μέσον
2947 3699 3040 3752 τοῦ
3081 3701 3252 3767 σίτου,
3285 3705 3379 3757 καὶ
3415 3705 3680 3773 ἀπῆλθεν.

2105 3784 2235 3837 Ὅτε
2282 3784 2340 3837 δὲ
2396 3786 2728 3857 ἐϐλάστησεν
2757 3790 2784 3841 6
2827 3790 3019 3861 χόρτος
3057 3794 3151 3847 καὶ
3195 3795 3406 3865 καρπὸν
3433 3799 3677 3868 ἐποίησε,

2102 3876 2224 3930 τότε
2286 3880 2461 3949 ἐφάνη
2504 3881 2599 3933 καὶ
2654 3881 2725 3934 τὰ
2783 3880 3023 3947 ζιζάνια.
3070 3887 3467 3956 Προσελθόντες
3517 3891 3574 3944 δὲ
3627 3894 3678 3946 οἱ

2100 3966 2272 4021 δοῦλοι
2318 3969 2411 4022 τοῦ
2461 3971 2863 4041 οἰκοδεσπότου,
2912 3970 3064 4029 εἷπον
3095 3978 3281 4048 αὐτῷ’
3315 3981 3510 4050 Κύριε,
3557 3984 3680 4053 οὐχὶ

2100 4059 2263 4111 καλὸν
2315 4062 2536 4132 σπέρμα
2589 4062 2854 4134 ἔσπειρας
2906 4069 2962 4120 ἐν
3019 4068 3096 4137 τῷ
3145 4071 3222 4140 σῷ
3278 4073 3472 4143 ἁγρῷ;
3507 4075 3678 4130 Πόθεν

2097 4149 2189 4203 οὖν
2220 4149 2331 4221 ἔχει
2355 4153 2423 4204 τὰ
2446 4153 2696 4220 ζιζάνια;
2741 4156 2798 4209 '0
2826 4155 2880 4209 δὲ
2909 4157 3010 4229 ἔφη
3042 4161 3225 4226 αὐτοῖς
3251 4180 3263 4194 ·
3294 4163 3521 4236 Ἐχθρὸς
3576 4169 3674 4222 ἄν·

2099 4240 2484 4311 θρωποςτοῦτο
2524 4247 2796 4316 ἐποίησεν.
2831 4251 2892 4303 0i
2944 4250 3000 4302 δὲ
3039 4252 3213 4309 δοῦλοι
3276 4253 3430 4313 εἶπον
3484 4262 3659 4333 αὐτῷ’

2098 4334 2282 4399 Θέλεις
2306 4334 2400 4389 οὖν
2437 4337 2765 4403 ἀπελθόντες
2793 4342 3134 4414 συλλέξωμεν
3161 4350 3333 4416 αὑτάς
3372 4350 3430 4403 '0
3457 4353 3513 4405 δὲ
3543 4355 3668 4427 ἔφη·

2095 4425 2195 4478 Οΰ·
2225 4428 2438 4498 μήποτε
2464 4431 2820 4496 συλλέγοντες
2845 4437 2912 4488 τά
2938 4437 3173 4504 ζιζάνια,
3194 4441 3528 4514 ἐκριζώσητε
3553 4446 3670 4516 ἅμα

2096 4513 2278 4578 αὐτοῖς
2305 4515 2393 4569 τὸν
2415 4520 2791 4591 σῖτον.”Αφετε
2805 4520 2906 4580 ,οὖν
2928 4528 3353 4594 συναυξάνεσθαι
3380 4535 3665 4606 ἀμφότερα

2101 4604 2262 4675 μέχρι
2288 4606 2379 4659 τοῦ
2413 4607 2697 4680 θερισμοῦ,
2726 4615 2819 4667 καὶ
2847 4617 2903 4668 ἐν
2943 4617 3019 4688 τῷ
3050 4620 3228 4691 καιρῷ
3263 4623 3355 4676 τοῦ
3403 4604 3666 4697 θερισμοῦ

2098 4696 2209 4766 ἐρῶ
2266 4699 2694 4770 τοῖςιθερισταῖςο
2731 4704 3023 4770 Συλλέξατε
3056 4712 3270 4782 πρῶτον
3302 4715 3370 4767 τὰ
3430 4715 3666 4784 ζιζάνια,

2095 4787 2188 4837 καὶ
2237 4788 2437 4860 δήσατε
2474 4793 2614 4847 αὐτὰ
2653 4798 2731 4861 εἰς
2790 4798 2998 4869 δέσμας
3029 4803 3167 4872 πρὸς
3230 4805 3289 4856 τὸ
3322 4811 3668 4864 κατακαῦσαι

2093 4879 2254 4944 αὐτὰ,
2306 4883 2397 4934 τὸν
2430 4883 2488 4937 δὲ
2544 4887 2689 4940 σῖτον
2723 4891 3072 4960 συναγάγετε,
3109 4895 3189 4958 είς
3240 4896 3340 4968 τὴν
3378 4901 3668 4972 ἀποθήκην

2093 4989 2217 5041 μου.
2275 4992 2293 5024 ι
2379 4974 2466 5028 Ἐν
2512 4979 2577 5048 τῇ
2641 4979 2880 5052 προτέρᾳ
2935 4987 3220 5058 παραϐολῇ
3272 4985 3393 5043 εἶπε
3458 4994 3515 5046 τὸ
3582 4995 3667 5047 τέ-

2087 5079 2285 5132 ταρτον
2340 5065 2504 5136 μέρος
2550 5066 2644 5120 τοῦ
2695 5071 2895 5140 σπόρου
2930 5076 3114 5126 πεσεῖν
3165 5077 3246 5139 εἰς
3298 5077 3398 5148 τὴν
3432 5080 3533 5148 γῆν
3565 5082 3664 5152 τὴν

2087 5154 2317 5226 ἀγαθὴν,
2349 5158 2407 5210 ὲν
2437 5157 2493 5210 δὲ
2522 5161 2587 5230 τῇ
2638 5161 2885 5233 παρούσῃ
2936 5163 3225 5232 δείκνυσιν,
3261 5169 3342 5221 ὅτι
3383 5171 3503 5224 οὐδὲ
3533 5174 3663 5227 αὐτὸ

2086 5248 2261 5302 ἐκεῖνο
2290 5251 2350 5304 τὸ
2384 5252 2548 5306 πεσὸν
2581 5256 2660 5318 εἰς
2676 5254 2775 5327 τὴν
2800 5256 2902 5326 γῆν
2932 5257 3030 5327 τὴν
3061 5259 3297 5327 ἀγαθὴν,
3335 5263 3661 5336 ἀδιάφθορον

2084 5343 2268 5396 εἴασεν
2315 5346 2342 5398 6
2393 5345 2606 5416 ἐχθρὸς,
2657 5348 2748 5402 διὰ
2803 5351 2864 5404 τὸ
2925 5351 3206 5408 καθεύδειν
3251 5359 3343 5410 καὶ
3391 5358 3659 5430 ῥᾳθυμεῖν

2083 5434 2250 5505 ἡμᾶς.
2288 5436 2484 5509 Ἀγρὸς
2515 5439 2630 5505 οὖν,
2664 5442 2692 5495 6
2737 5443 2958 5514 κόσμος,
2995 5446 3027 5514 ἦ
3058 5449 3090 5518 ή
3129 5449 3358 5503 ἑκάστου
3386 5451 3553 5521 ψυχή.
3600 5453 3657 5505 Ὀ

2083 5525 2336 5596 στείρας,
2360 5531 2388 5582 6
2416 5530 2680 5598 Χριστός.
2709 5534 2889 5590 Καλὸν
2935 5537 3180 5609 σπέρμα,
3210 5541 3260 5593 οι
3307 5542 3505 5610 ἀγαθοὶ
3555 5544 3650 5595 ἇν-

2083 5616 2344 5691 θρωποιῆ
2377 5620 2648 5693 λογισμοί.
2678 5627 2923 5694 Ζιξάνια,
2957 5632 3011 5684 αί
3039 5631 3275 5702 αἱρέσεις
3319 5633 3351 5704 ἢ
3388 5635 3437 5685 ei
3487 5652 3654 5704 πονη-

2083 5714 2166 5783 ροὶ
2187 5713 2457 5787 λογισμοί.
2504 5719 2560 5772 '0
2586 5721 2814 5794 σπείρας
2843 5726 2899 5779 δὲ
2930 5728 3123 5793 ταῦτα,
3155 5731 3183 5783 6
3211 5731 3476 5794 διάϐολος.
3500 5733 3653 5787 Καθ-

2079 5805 2318 5875 εύδοντες
2345 5810 2400 5864 δὲ
2430 5812 2728 5885 ἄνθρωποι,
2752 5819 2923 5874 οῖδίά
2951 5821 3226 5895 ρᾳθυμίαν
3271 5826 3456 5896 χώραν
3481 5824 3653 5881 διδόν-
