4078 6464
345 320 455 384 235

934 325 1397 389 'ENARBATIO
1428 322 1514 391 IN
1544 328 1944 395 EVANGELII

2084 324 2465 390 ΜΑΤΤΗᾸΞΙ.
2493 354 2560 363 -
2579 322 2739 392 CAP.
2774 330 2947 391 XIII.

3502 330 3611 393 “236

346 448 439 496 τες
472 433 598 498 τοῖς
660 436 957 507 αἱρετικοῖς
1013 440 1109 493 καὶ
1166 441 1280 506 τοῖς
1338 446 1594 516 πονηροῖς
1639 444 1944 516 λογισμοῖς.

2052 451 2158 500 tem
2184 442 2382 514 angeli,
2413 444 2504 514 qui
2548 440 2896 515 indignantur
2932 460 3050 501 esse
3078 448 3311 502 bmreses
3341 446 3423 501 vel
3458 447 3611 500 mali-

347 524 542 580 Δοῦλοι
572 520 660 593 δὲ,
691 527 743 582 ot
770 525 1012 599 ἄγγελοι,
1037 532 1088 585 οἳ
1120 531 1522 602 ἀγανακτοῦσιν
1559 536 1650 588 ἐπὶ
1690 535 1770 607 τῷ
1798 531 1940 590 εἶναι

347 618 628 688 αἱρέσεις,
651 618 683 693 ἢ
714 622 980 695 πονηρίας
1012 624 1073 679 ὲν
1100 627 1167 695 τῇ
1187 624 1359 698 ψυχῇ,
1388 629 1483 680 καὶ
1514 625 1795 697 βούλονται
1818 627 1944 682 ἁνα-

346 712 501 781 σπᾷν
528 714 636 766 καὶ
670 712 961 770 ἐκκόπτειν
991 716 1057 770 ὲκ
1076 714 1172 769 τοῦ
1208 714 1327 787 βίου
1378 716 1505 782 τούς
1537 735 1597 772 τε
1631 720 1943 791 αἱρετικούς

343 803 441 855 καὶ
467 803 611 868 τοὺς
640 804 710 860 τά
736 805 950 879 πονηρά
998 806 1398 879 λογιζομένους.
1441 809 1501 865 '0
1544 808 1677 874 Θεὸς
1706 812 1771 866 οὐ
1807 828 1941 880 συγ-

343 897 523 964 χωρεῖ
556 896 692 961 τοὺς
748 899 1063 969 αίρετικοὺς
1089 899 1182 954 διὰ
1227 900 1484 972 πολέμων
1529 901 1938 968 ἀναλίσκεσθαι,

344 986 435 1041 ἵνα
462 987 545 1060 μὴ
577 989 946 1062 συμπάσχωσι
976 992 1081 1056 καὶ,
1100 990 1647 1066 συν[αν]αλίσκωνται
1669 995 1763 1048 καὶ
1780 995 1831 1047 oi
1861 993 1942 1048 δί-

342 1095 524 1134 καιοι.
572 1081 815 1153 Ὀμοίως
850 1082 973 1136 οὐδὲ
1025 1068 1273 1148 διάτούς
1322 1084 1596 1157 πονηροὺς
1645 1084 1942 1155 λογισμοὺς

343 1170 496 1225 θέλει
519 1173 555 1227 6
581 1172 726 1239 θεὸς
766 1172 1065 1230 ¹ὲκκόέιτειτειν
1117 1175 1211 1230 τῖον
1255 1176 1564 1247 ἄνθρωπον,
1602 1175 1692 1232 ἵνα
1739 1175 1815 1249 μὴ
1847 1175 1942 1231 καὶ

338 1262 371 1315 6
416 1260 575 1329 σῖτος
626 1266 1015 1339 συνδιαφθαρῇ.
1039 1265 1170 1321 υἷον
1221 1267 1317 1323 ἐὰν
1361 1268 1389 1320 6
1441 1262 1718 1333 Ματθαῖος
1784 1265 1938 1332 ζιζά-

340 1369 458 1409 νιον
492 1355 581 1412 ὢν
627 1356 898 1430 έκόπήέκ
936 1360 1038 1431 τῆς
1082 1359 1251 1430 ζωῆς,
1302 1360 1640 1433 συνεξεκόπη
1670 1360 1738 1416 ἃν
1793 1360 1942 1432 αὐτῷ

341 1448 443 1501 κα)⁵
469 1449 501 1502 6
540 1447 780 1519 ὕστερον
805 1449 1017 1522 μέλλων
1046 1451 1105 1517 ἐξ
1132 1451 1297 1507 αὐτοῦ
1330 1450 1629 1524 βλαστῆσαι
1658 1451 1754 1506 τοῦ
1778 1452 1940 1522 λόγου

342 1542 520 1605 σῖτοςο
566 1542 775 1614 ὁμοίως
798 1543 890 1597 καὶ
910 1538 939 1596 ό
969 1543 1203 1612 Παῦλος,
1227 1545 1322 1599 καὶ
1343 1541 1373 1599 ό
1388 1545 1595 1618 λῃστής
1612 1563 1627 1577 ο
1653 1537 1802 1598 οὗτοι
1832 1545 1942 1615 γὰρ

342 1632 582 1697 ζιζάνια
613 1632 787 1698 ὅντες,
822 1628 923 1687 οὐκ
966 1628 1328 1702 ὲξεκόπησαν,
1355 1630 1493 1687 ἀλλά
1552 1634 1940 1705 συνεχωρήθη-

340 1739 447 1777 σαν
483 1723 621 1796 ζῇν,
673 1725 763 1779 ἵνα
814 1722 1024 1796 αὐξηθῇ
1069 1726 1269 1796 ήμετά
1300 1725 1475 1781 ταῦτα
1521 1724 1700 1779 αὐτῶν
1746 1723 1939 1795 ἀρετή.

2045 537 2171 591 tiam
2202 536 2254 590 in
2285 535 2544 601 animam,
2567 544 2622 591 et
2652 537 2833 591 volunt
2863 535 3106 592 evellere
3132 547 3183 591 et
3203 537 3519 594 exscindere
3549 553 3616 592 ex

2044 627 2148 684 bac
2173 630 2281 683 vita
2311 629 2617 691 haereticos,
2642 638 2694 683 et
2720 628 2855 682 mala
2879 631 2992 701 68
3013 630 3331 700 cegitantes.
3360 631 3499 686 Deus
3520 647 3603 685 an.

2044 726 2153 776 tem
2222 735 2326 775 non
2375 720 2640 791 permittit
2686 716 2973 776 haereticos
3018 720 3172 776 bellis
3229 722 3498 785 censumi,
3551 736 3618 775 ne

2045 808 2206 866 simul
2230 808 2506 881 patiantur
2534 820 2589 865 et
2610 820 3002 866 consumantur
3034 810 3185 880 justi.
3224 810 3488 867 Similiter
3519 829 3615 867 ne-

2042 916 2148 972 que
2187 912 2408 972 propter
2447 903 2616 957 malas
2657 902 3011 973 cogitationes
3042 901 3155 956 vult
3184 903 3325 957 Deus
3371 904 3615 959 exscindi

2041 990 2345 1059 hominem,
2397 1007 2469 1050 ne
2524 1001 2579 1048 et
2632 991 2873 1048 triticum
2924 993 3087 1048 simul
3163 1003 3546 1064 corrumpatur
3594 1012 3615 1063 ξ

2042 1082 2272 1154 exempli
2305 1077 2502 1154 gratia,
2541 1083 2585 1139 si
2618 1080 2904 1140 Manhmus
2944 1084 3157 1140 eteisus
3189 1083 3379 1141 luisset
3417 1099 3484 1139 ex
3517 1084 3620 1140 hac

2042 1179 2174 1241 vita,
2223 1190 2347 1234 cum
2407 1185 2553 1233 esset
2602 1177 2896 1243 zizaniam,
2943 1177 3104 1233 simul
3149 1175 3335 1247 utique
3378 1176 3618 1232 excisqu

2043 1265 2232 1322 ΐυίεεεει
2255 1273 2309 1321 ει
2334 1254 2601 1323 sermonis
2629 1265 2981 1333 frumentum,
3018 1267 3159 1337 quod
3184 1274 3369 1337 postea
3405 1281 3470 1320 ex
3504 1266 3621 1335 ipso

2041 1359 2306 1413 oriturum
2346 1366 2498 1424 erat;
2557 1358 2810 1414 similiter
2865 1369 2921 1413 et
2963 1354 3187 1425 Paulus,
3238 1367 3293 1414 et
3343 1357 3501 1414 latro.
3551 1356 3615 1412 lii

2042 1451 2184 1506 enim
2218 1465 2341 1505 cum
2383 1450 2591 1505 zizauia
2629 1457 2834 1518 essent,
2865 1466 2969 1505 non
3024 1459 3152 1506 sunt
3183 1450 3492 1521 exstirpati,
3522 1446 3615 1505 sed

2042 1538 2291 1607 permissi
2338 1544 2464 1593 sunt
2489 1538 2691 1605 vivere,
2729 1549 2787 1595 ut
2833 1547 3110 1595 cresceret
3166 1546 3352 1610 postea
3400 1537 3614 1594 illorum

2043 1631 2236 1687 virtus.
2268 1627 2473 1685 Dicitur
2513 1630 2677 1701 igitur
2706 1630 2775 1685 de
2813 1630 3020 1702 angelis
3065 1632 3209 1701 quod
3262 1631 3316 1686 in
3364 1647 3616 1687 consum-

2047 1721 2281 1775 matione
2309 1728 2444 1776 tunc
2468 1720 2872 1790 congregabunt
2903 1722 3134 1787 zizania,
3170 1721 3273 1777 hoc
3305 1731 3408 1785 est,
3443 1721 3618 1776 hiare-

340 1794 760 1883 AéYEtW‘mIVUV
808 1818 923 1880 τοῖς
942 1794 1201 1886 γάγγέλοις
1232 1860 1248 1883 ,
1276 1818 1380 1884 ὅτι,
1425 1813 1515 1870 Ἐν
1541 1813 1608 1887 τῇ
1640 1794 1939 1886 συντελείᾳ,

2046 1813 2201 1868 ticos.
2243 1810 2349 1868 Sed
2372 1813 2678 1884 quomodo?
2720 1813 2776 1868 In
2807 1813 3117 1879 fasciculos,
3155 1814 3254 1869 hoc
3301 1823 3406 1879 est,
3445 1813 3621 1882 ligatis

342 1905 473 1958 τότε
534 1906 802 1974 συνάξετε
867 1908 937 1963 τά
1003 1907 1241 1976 ζιζάνια,
1265 1909 1385 1981 ltro:
1436 1909 1563 1974 τούς
1613 1907 1943 1979 αἱρετικούς.

356 1996 528 2052 Ἀλλά
552 1997 724 2066 ’πῶςς
772 1998 868 2061 Εἰς
903 1999 1131 2071 δέσμας,
1157 2000 1424 2066 τουτέστι,
1459 1999 1723 2071 δήσαντες
1760 1998 1944 2055 αὐτῶν

344 2091 549 2160 χεῖρας
601 2091 698 2144 καὶ
729 2090 920 2155 πόδαςο
947 2093 1047 2146 οὐκ
1102 2091 1184 2146 ἔτι
1245 2092 1353 2163 γάρ
1381 2090 1615 2148 δύνατοίί
1660 2109 1746 2156 τις
1773 2092 1944 2162 ἐργά-

348 2182 562 2235 σασθαι
589 2183 730 2247 τότε,
762 2183 898 2238 ἀλλά
947 2184 1098 2238 πᾶσα
1149 2183 1427 2256 πρακτικὴ
1469 2182 1699 2254 δύναμις
1730 2180 1948 2252 δεσμεῖ-

347 2289 465 2328 τιι.
509 2274 580 2329 Ὀ
638 2275 696 2329 δὲ
727 2277 893 2340 σῖτος,
954 2276 1075 2346 ήτοι
1117 2277 1168 2331 οί
1221 2272 1390 2345 ἅγιοι,
1421 2274 1747 2345 συνάγονται
1789 2273 1942 2344 παρὰ

347 2364 461 2418 τῶν
492 2364 769 2435 θεριστῶν
793 2366 1042 2435 ἀγγέλων
1072 2365 1151 2432 είς
1173 2366 1274 2430 τὰς
1311 2364 1601 2439 οὐρανίους
1630 2360 1939 2436 ἀποθήκας.

361 2456 609 2525 ’δμοίως
650 2454 746 2514 οὖν
777 2460 873 2513 καὶ
901 2462 950 2514 οε.
1007 2459 1240 2532 πονηροὶ
1287 2460 1539 2531 λογισμοὶ
1581 2457 1676 2523 οὓς
1714 2453 1861 2529 εἶχεν
1916 2460 1945 2512 ό

355 2549 586 2612 Παῦλος
640 2551 769 2606 ὅταν
834 2550 1058 2606 ἐδίωκεν
1091 2591 1107 2617 ,
1166 2551 1482 2621 ἐκαύθησαν
1533 2549 1613 2620 τῷ
1661 2550 1801 2622 ιιτυρλ⁸
1848 2548 1944 2603 τοῦ

355 2639 685 2710 Epist-05,6
731 2636 864 2712 ἦλθε
923 2639 1108 2712 βαλεῖν
1152 2640 1246 2695 ἐπὶ
1285 2640 1387 2710 τῆς
1426 2638 1555 2708 γῆς,
1594 2638 1626 2690 6
1670 2636 1729 2691 δὲ
1775 2631 1943 2701 σῖτος.

356 2733 481 2801 ἢτοι
503 2734 559 2786 oi
581 2731 780 2800 ἀγαθοὶ
805 2731 1078 2803 λογισμοὶ,
1114 2729 1459 2802 συνήχθησαν
1489 2730 1571 2794 είς
1601 2726 1702 2792 τὰς
1737 2719 1945 2797 ἀποθή-

359 2842 461 2888 κας
511 2824 618 2894 τῆς
672 2824 1024 2896 Ἐκκλησίας.

438 2936 459 2968 σ
523 2916 731 2987 Ἄλλην
771 2917 1085 2988 παραϐολήν
1137 2916 1453 2989 παρέθηκεν
1502 2917 1690 2979 αὐτοῖς
1741 2913 1938 2983 λέγων’

379 3009 584 3079 Ὁμοία
621 3008 768 3061 ἐστὶν
802 3009 834 3078 ἢ
868 3006 1110 3079 βασιλεία
1149 3007 1258 3062 τῶν
1286 3006 1531 3080 οὐρανῶν
1572 3005 1756 3077 κόκκῳ
1794 3004 1946 3059 σινά-

363 3116 538 3165 πεως,
586 3101 645 3154 ὃν
696 3098 878 3155 λαϐὼν
923 3100 1209 3173 ἄνθρωπος
1260 3099 1518 3170 ἔσπειρεν
1576 3100 1635 3153 ὲν
1661 3098 1741 3202 τῷ
1787 3097 1944 3170 ἀγρῷ
1970 3144 2014 3203 c

364 3191 574 3246 αὐτοῦ·
609 3191 637 3245 ὅ
680 3191 1005 3264 μικρότερον
1046 3192 1146 3264 μέν
1189 3190 1338 3246 ἐστιν
1386 3191 1605 3245 πάντων
1635 3188 1747 3244 τῶν
1779 3204 1945 3261 σπερ-

368 3285 579 3354 μάτων.
617 3285 786 3339 Ὅταν
830 3283 888 3337 δὲ
918 3283 1152 3356 αὐξηθῇ,
1192 3283 1375 3355 μεῖζον
1436 3283 1654 3338 πάντων
1682 3281 1793 3336 τῶν
1849 3282 1946 3337 λα-

366 3376 549 3445 χάνων
597 3375 737 3440 ἐστὶ,
787 3376 884 3430 καὶ
939 3374 1149 3445 γίνεται
1194 3376 1434 3450 δένδρον,
1474 3375 1615 3431 ὥστε
1659 3375 1831 3431 nam
1877 3374 1947 3428 τὰ

367 3467 602 3523 πετεινὰ
625 3468 720 3523 τοῦ
742 3467 973 3539 οὐρανοῦ
998 3468 1094 3522 καὶ
1140 3467 1521 3540 κατασκηνοῦν
1575 3469 1633 3521 ἐν
1662 3469 1775 3531 τοῖς
1807 3465 1946 3522 κλά-

367 3562 481 3626 δοις
506 3561 693 3616 αὐτοῦ.
726 3580 745 3613 ι
780 3560 995 3624 Κόκκος
1028 3560 1320 3624 σινάπεως,
1343 3560 1405 3614 τὸ
1441 3562 1707 3633 κήρυγμα
1745 3561 1840 3616 καὶ
1895 3559 1946 3613 oi

368 3655 681 3707 ἀπόστολον
713 3650 883 3721 ὀλίγοι
911 3651 1022 3723 γὰρ
1050 3650 1332 3713 δοκοῦντες
1356 3644 1524 3718 οὗτοι,
1567 3652 1667 3722 τὴν
1690 3650 1944 3720 οἰκουμέ-

368 3761 468 3813 νην
497 3742 627 3812 ὃλην
655 3742 980 3814 περιέλαῦον
1013 3758 1030 3774 ο
1062 3740 1205 3795 ὥστε
1224 3742 1293 3795 τὲ
1316 3742 1540 3796 πετεινὰ
1566 3741 1658 3795 τοῦ
1690 3739 1942 3811 οὐρανοῦ,

369 3836 642 3900 τουτέστι,
684 3836 812 3898 τοὺς
846 3832 1055 3904 κούφην
1103 3835 1200 3887 καὶ
1231 3834 1518 3903 πτερωτὴν
1555 3833 1689 3904 πρὸς
1718 3833 1787 3885 τά
1834 3831 1946 3887 ἄνω

372 3928 593 3997 ἔχοντας
644 3925 892 3999 γνώμην,
936 3925 1310 3981 ἀναπαύεσθαι
1340 3917 1399 3980 ἓν
1452 3926 1661 3988 αὐτοῖς.
1710 3924 1820 3978 Καὶ
1879 3925 1944 3979 σὺ

369 4016 552 4069 τοίνυν
576 4015 669 4070 ἔσο
693 4016 894 4081 κόκκος
924 4017 1222 4081 σινάπεως,
1260 4016 1456 4087 μικρὸς
1484 4016 1580 4086 μὲν
1604 4013 1667 4066 τὸ
1686 4012 1944 4084 φαινόμε-

374 4126 462 4162 νον
490 4107 578 4181 (οὐ
611 4109 723 4180 γάρ
760 4110 843 4164 δεῖ
878 4109 1183 4182 θεατρίζειν
1221 4109 1323 4180 τήν
1364 4106 1608 4179 ἀρετήν),
1640 4106 1843 4177 θερμὸς
1888 4106 1946 4160 δὲ

373 4201 470 4255 καὶ
499 4200 749 4271 ζηλωτὴς
776 4200 873 4255 καὶ
900 4201 1098 4273 δριμὺς
1133 4201 1228 4255 καὶ
1260 4192 1574 4269 ἑλετκτικός
1606 4214 1622 4232 ο
1664 4196 1808 4252 οὕτω
1840 4195 1946 4268 γὰρ

372 4293 579 4363 γενήσῃ
605 4291 809 4362 μείζων
843 4292 954 4346 τῶν
979 4292 1250 4363 λαχάνων,
1280 4291 1547 4356 τουτέστι,
1569 4290 1678 4345 τῶν
1702 4288 1946 4344 ἀσθενῶν

373 4386 469 4439 καὶ
512 4382 576 4438 οὐ
632 4383 874 4449 τελείων,
929 4383 1134 4448 τέλειος
1182 4383 1344 4446 αὐτὸς
1395 4382 1493 4448 ῶν,
1535 4382 1678 4438 ὥστε
1731 4384 1829 4436 καὶ
1876 4379 1947 4436 τὰ

2046 1918 2230 1959 eorum
2279 1906 2529 1960 manibus
2576 1916 2631 1960 et
2664 1905 2935 1976 pedibus;
2988 1922 3093 1965 nun
3145 1906 3288 1960 enim
3325 1915 3451 1960 tunc
3480 1904 3620 1959 ultra

2046 1996 2170 2065 Quis
2195 1996 2407 2065 operari
2456 1996 2677 2067 poterit,
2707 1999 2800 2062 sed
2829 1996 3008 2053 omnis
3062 1996 3322 2068 operandi
3352 1998 3433 2053 vis
3488 1998 3622 2067 liga-

2045 2085 2213 2143 bitur.
2247 2088 2595 2144 Frumentum
2633 2099 2837 2155 autem,
2875 2090 3049 2145 saneti
3083 2088 3358 2154 videlicet,
3391 2105 3420 2143 a
3480 2105 3621 2144 mes-

2046 2176 2259 2235 soribus
2302 2180 2505 2250 angelis
2561 2181 2980 2252 congregabitur
3013 2181 3066 2235 in
3110 2181 3353 2237 ctelestia
3403 2180 3617 2236 horrea.

2054 2268 2223 2340 Igitur
2284 2271 2537 2326 similiter
2599 2272 2755 2328 mala:
2815 2272 3171 2343 cogitationes
3234 2261 3369 2340 quas
3433 2272 3622 2326 habuit

2044 2356 2263 2426 Paulus,
2323 2360 2540 2430 quando
2574 2363 3022 2434 persequebatur,
3075 2368 3280 2417 exustae
3338 2371 3463 2417 sunt
3512 2362 3619 2434 igni

2045 2449 2268 2516 Christi,
2299 2456 2643 2522 quem‘venit
2669 2453 2722 2509 in
2759 2463 2959 2508 terram
3005 2454 3219 2509 mittere
3252 2453 3618 2510 :Irumentum

2044 2551 2248 2606 autem,
2284 2538 2341 2596 id
2377 2549 2480 2605 est,
2510 2541 2667 2598 bona:
2694 2542 3071 2613 cogitationes,
3102 2552 3440 2615 congregata:
3491 2556 3621 2600 Sunt

2046 2630 2099 2685 in
2134 2631 2328 2687 horrea
2366 2630 2636 2688 Ecclesiae.
3063 2652 3090 2684 ο

2117 2912 2284 2968 Vens.
2325 2911 2414 2979 31,
2475 2911 2567 2967 52.
2622 2928 2642 2964 ι
2716 2912 2888 2968 Aliam
2937 2912 3246 2984 parabolam
3293 2912 3490 2985 adjecit
3518 2916 3619 2982 eis,

2045 3005 2268 3062 dicens:
2303 3002 2496 3060 Simile
2532 3016 2615 3060 est
2649 3019 2868 3076 regnum
2896 3007 3157 3060 caelorum
3190 3022 3359 3077 grano
3390 3008 3618 3077 sinapis,

2048 3096 2187 3167 quod
2227 3096 2437 3167 accepit
2478 3096 2664 3152 -Ιιοηιο
2690 3136 2705 3163 ,
2737 3107 2790 3152 ει
2836 3097 3124 3152 seminavit
3182 3097 3236 3152 in
3295 3112 3426 3167 agro
3476 3113 3615 3154 suo-

2048 3190 2190 3260 quod
2243 3189 2524 3245 minimum
2580 3188 2797 3259 quidem
2861 3197 2945 3245 est
3004 3190 3245 3244 omnium
3302 3190 3617 3256 seminum;

2047 3281 2260 3351 quando
2292 3293 2472 3338 autem
2510 3282 2765 3345 Creverit,
2800 3280 3097 3336 maximum
3146 3290 3224 3335 est
3279 3281 3423 3338 inter
3447 3280 3620 3348 olera,

2046 3383 2098 3426 et
2125 3370 2183 3425 ﬁt
2213 3373 2394 3438 arbor,
2427 3372 2561 3429 adeo
2586 3379 2643 3426 ut
2681 3371 3168 3428 veniantvolucres
3190 3373 3334 3439 creti,
3359 3380 3414 3429 et
3463 3375 3624 3428 nidu-

2047 3463 2225 3518 lcntur
2254 3463 2306 3519 in
2337 3466 2502 3520 ramis
2527 3465 2689 3521 illius.
2716 3483 2734 3517 ι
2768 3463 3009 3521 Granum
3039 3465 3266 3536 sinapis,
3298 3467 3616 3537 praedicatio

2047 3566 2149 3631 est,
2172 3564 2227 3611 et
2255 3555 2482 3626 apostoli
2517 3572 2531 3609 :
2570 3555 2724 3626 pauci
2761 3556 2906 3611 enim
2935 3553 3189 3611 videntur
3241 3556 3322 3622 bi,
3348 3566 3402 3611 et
3451 3567 3619 3612 totum

2046 3648 2230 3703 orbem
2270 3654 2690 3718 occupaverunt,
2734 3655 2897 3718 atque
2929 3648 3037 3715 ita,
3089 3655 3148 3702 ut
3178 3648 3418 3704 volatilia
3464 3651 3614 3715 creli,

2048 3738 2152 3793 hoc
2176 3747 2281 3803 εει,
2316 3740 2405 3809 qui
2439 3738 2607 3795 levem
2636 3747 2690 3794 et
2736 3738 2939 3794 alatam
2983 3737 3049 3794 ad
3098 3740 3353 3797 caelestia,
3386 3748 3620 3796 utentem

2050 3832 2269 3897 habent,
2305 3832 2357 3886 in
2407 3831 2487 3887 eis
2540 3832 2847 3901 quiescant.
2874 3828 2941 3886 Et
2974 3844 3029 3888 tu
3076 3846 3290 3902 quoque
3340 3841 3458 3888 esto
3498 3848 3621 3902 gra-

2046 3937 2177 3978 num
2234 3922 2463 3993 sinapis,
2495 3924 2638 3994 quod
2673 3938 2898 3993 parvum
2952 3922 3167 3994 quidem
3216 3922 3449 3979 videtur.
3491 3924 3613 3979 Non

2046 4015 2451 4093 euimpportet
2496 4018 2751 4072 virtutem
2800 4017 3031 4086 jactare,
3082 4017 3175 4073 sed
3230 4016 3495 4072 fervidum
3561 4028 3622 4073 se

2045 4104 2286 4178 praebere
2300 4112 2353 4162 et
2369 4107 2794 4177 provocativum,
2813 4118 2867 4164 et
2881 4117 3094 4163 austere
3114 4109 3617 4176 reprehendentem.

2049 4200 2141 4259 Sic
2166 4204 2308 4258 enim
2330 4204 2442 4260 eris
2465 4205 2731 4262 maximus
2760 4206 2905 4263 inter
2926 4206 3100 4272 olera,
3138 4206 3190 4262 id
3211 4215 3317 4273 est,
3342 4208 3614 4278 perfectus

2045 4295 2190 4350 inter
2226 4290 2471 4352 infirmos
2514 4305 2569 4352 et
2598 4296 2966 4369 imperfectos,
3004 4300 3075 4353 ita
3104 4306 3162 4352 ut
3198 4298 3435 4353 volatilia
3461 4299 3608 4364 cmli,

2047 4386 2151 4442 hoc
2173 4394 2274 4452 est,
2299 4386 2499 4458 angeli,
2527 4389 2770 4446 habitent
2795 4391 2849 4446 in
2878 4399 2950 4457 te,
2970 4381 3266 4462 angelicam
3289 4392 3519 4448 ducente
3541 4394 3621 4447 vi-

372 4474 597 4530 πετεινὰ
644 4472 739 4529 τού
787 4475 1041 4548 οὐρανοῦ,
1089 4475 1359 4541 τουτέστι,
1400 4477 1528 4540 τοὺς
1570 4477 1852 4546 ἀγγέλους,
1884 4476 1943 4528 ἑν

2050 4488 2180 4534 tam.
2209 4477 2457 4536 Gaudent
2489 4482 2631 4538 enim
2657 4482 2733 4537 illi
2754 4485 2809 4538 in
2861 4484 3050 4554 iustis.

375 4567 458 4621 σοὶ
488 4566 866 4622 ἀναπαύεσθαι
917 4567 1217 4639 ἀγγελικὴν
1253 4567 1415 4633 ζῶντι
1461 4569 1629 4639 ζωήν.
1680 4570 1944 4642 Χαίρουσι

371 4657 481 4727 γὰρ
510 4656 606 4710 καὶ
638 4650 785 4712 οὗτοι
819 4656 916 4711 ἐπὶ
944 4659 1059 4721 τοῖς
1089 4657 1341 4722 δικαίοις.

445 4769 466 4803 ι
502 4750 703 4821 ’Δλλην
730 4749 1044 4823 παραϐολήν
1058 4750 1319 4821 ἐλάλησεν
1339 4751 1524 4816 αὐτοῖς
1541 4770 1554 4784 ·
1588 4750 1778 4821 Ὁμοία
1800 4753 1946 4807 ἐστὶν

372 4841 406 4910 ἡ
454 4839 706 4910 βασιλεία
761 4840 872 4895 τῶν
929 4840 1173 4913 οὐρανῶν
1204 4840 1375 4914 ζύμῃ,
1404 4842 1473 4914 ἢν
1525 4842 1764 4897 λαϐοῦσα
1807 4843 1945 4914 γυνή

370 4931 609 5005 ἔκρυψεν
659 4935 741 4997 εἰς
794 4934 1027 5005 ἀλεύρου
1066 4933 1202 4989 σάτα
1235 4937 1384 5008 τρία,
1418 4935 1524 5001 ἕως
1565 4928 1627 4989 οὐ
1686 4937 1946 5007 ἐζυμώθη

376 5026 519 5081 ὄὶον.
560 5044 582 5080 ι
614 5025 804 5096 Ζύμην
856 5027 984 5089 τούς
1032 5027 1361 5091 ἀποστόλους
1413 5027 1584 5096 λέγει,
1616 5026 1806 5099 ὥσπερ
1851 5031 1945 5083 καὶ

372 5119 572 5177 κόκκον
601 5118 895 5183 σινάπεως.
938 5120 1151 5191 Ὠσπερ
1178 5116 1273 5176 οὖν
1305 5121 1341 5192 ἡ
1372 5119 1541 5193 ζύμη,
1581 5122 1755 5193 μικρὰ
1782 5122 1938 5188 οὐσα,

370 5211 488 5263 ὂλον
528 5212 590 5263 τὸ
638 5210 869 5282 ἄλευρον
918 5211 999 5277 εἰς
1043 5212 1243 5284 ἑαυτήν
1301 5217 1612 5285 μεταποιεῖ,
1659 5214 1803 5270 οὕτω
1849 5218 1945 5270 καὶ¹

372 5302 543 5371 ὑμεῖς,
590 5303 713 5357 ὅλον
760 5305 852 5357 τὸν
886 5306 1091 5376 κόσμον
1143 5311 1560 5378 μεταποιήεετε,
1613 5310 1716 5365 κᾶν
1769 5311 1941 5379 ὀλίγοι

371 5395 511 5448 ἐστέ.
544 5394 717 5449 Σάτον
756 5394 834 5462 δὲ,
860 5397 1057 5466 μέτρον
1092 5414 1146 5451 τι
1174 5393 1243 5468 ἦν
1275 5399 1428 5471 παρὰ
1471 5402 1583 5464 τοῖς
1646 5402 1941 5469 Ἰουδαίοις,

369 5485 557 5556 ὥσπερ
605 5490 698 5542 καὶ
751 5490 916 5559 ἡμεῖς
963 5488 1181 5559 ἔχομεν,
1221 5491 1381 5560 λόγου
1419 5494 1600 5563 χάριν,
1634 5495 1941 5566 χοίνικαςῆ

369 5575 685 5646 δεκάλιτρα.
720 5578 875 5641 Τινὲς
894 5578 951 5631 δὲ
978 5576 1159 5649 ζύμην
1187 5579 1372 5633 νοοῦσι
1405 5583 1464 5634 τὸ
1492 5584 1762 5654 κήρυγμα
1781 5598 1796 5615 ο
1816 5584 1943 5655 τρία

368 5665 423 5719 δὲ
479 5668 641 5732 σάτα,
673 5668 771 5731 τὰς
816 5672 966 5740 τρεῖς
1026 5670 1126 5740 τῆς
1176 5671 1354 5742 ψυχῆς
1391 5672 1669 5744 δυνάμεις,
1702 5676 1938 5745 λογικὸν,

370 5756 602 5829 Θυμικξν
649 5759 743 5814 καὶ
774 5760 1189 5832 ἐπιθυμητικόν*
1224 5766 1456 5832 γυναῖκα
1493 5766 1570 5834 δὲ,
1601 5767 1700 5838 τὴν
1738 5768 1936 5840 ψυχὴν,

2118 4759 2287 4815 Vsus.
2315 4760 2406 4816 55.
2445 4780 2465 4815 ι
2491 4760 2668 4817 Aliam
2696 4760 3007 4832 parabolam
3026 4763 3162 4820 dixit
3186 4764 3298 4818 eis:
3326 4762 3510 4818 Simile
3532 4773 3617 4818 est

2046 4866 2271 4923 regnum
2318 4852 2578 4911 ecelorum
2612 4852 2877 4911 fermento
2906 4856 3046 4926 quod
3082 4863 3364 4924 acceptum
3418 4855 3616 4910 mulier

2045 4945 2329 5002 abscondit
2366 4947 2420 5002 in
2445 4945 2633 5003 farinae
2680 4947 2815 5004 satis
2866 4948 3059 5012 tribus,
3093 4947 3266 5002 donec
3307 4946 3605 5001 fermenta-

2044 5044 2157 5092 tum
2195 5041 2489 5110 esﬁtotum.
2522 5056 2543 5093 ι
2593 5038 2940 5095 Fermentum
2980 5038 3113 5094 dicit
3144 5038 3441 5108 apostolos,
3470 5036 3612 5092 sicut

2043 5138 2099 5184 et
2156 5144 2379 5200 granum
2420 5132 2647 5201 sinapis.
2691 5129 2845 5186 Sicut
2897 5131 3041 5186 enim
3099 5130 3446 5195 fermentum,
3494 5144 3615 5184 cum

2043 5237 2269 5293 parvum
2318 5224 2407 5290 sit,
2444 5232 2610 5279 totam
2651 5222 2879 5278 farinam
2913 5222 2965 5277 in
3011 5236 3073 5278 se
3124 5220 3401 5289 transfert,
3435 5222 3514 5278 sic
3565 5234 3619 5275 et

2045 5329 2139 5370 vos
2188 5323 2360 5369 totum
2399 5313 2653 5368 mundum
2686 5311 3173 5380 lransi‘ormabitis,
3204 5314 3418 5370 tametsi
3460 5314 3614 5384 pauci

2044 5406 2184 5461 sitis.
2209 5403 2396 5461 Satum
2451 5416 2627 5460 autem
2674 5413 2793 5460 erat
2853 5419 3105 5463 mensura
3142 5405 3510 5469 liebrazorum,
3545 5405 3620 5458 si-

2044 5508 2135 5553 cut
2164 5500 2304 5568 apud
2341 5513 2437 5553 nos
2498 5508 2600 5561 est,
2641 5508 2700 5553 ut
2723 5499 2956 5570 exempli
2985 5514 3147 5556 causa
3189 5500 3393 5562 dicam,
3425 5497 3616 5551 modus

2042 5590 2128 5644 vel
2163 5589 2445 5645 decalilra.
2474 5591 2656 5660 Aliqui
2704 5603 2883 5648 autem
2914 5606 3011 5662 per
3037 5592 3359 5648 fermentum
3397 5586 3611 5667 .intelli-

2042 5687 2175 5749 gunt
2200 5679 2668 5747 praedicationem;
2700 5695 2796 5752 per
2819 5680 2922 5736 tria
2941 5689 3119 5735 autem
3150 5687 3266 5736 sata
3293 5689 3403 5732 tres
3424 5675 3615 5730 anima:

2045 5774 2204 5839 vires,
2243 5773 2579 5841 rationalem,
2617 5774 3089 5845 concupiseibilcm
3134 5783 3189 5827 ct
3230 5768 3547 5827 irascibilcm
3590 5781 3605 5825 δ
