3914 6618
396 389 501 454 237

1289 395 1873 460 THEOPHYLACTI
1911 398 2329 459 BULGARIE
2366 399 2738 462 ARCHIEP.

3553 395 3657 460 288

400 519 496 574 per
528 503 811 560 mulierem
854 517 1006 570 vero,
1033 505 1268 560 animam
1297 523 1416 578 quae
1456 509 1899 580 praedicationem
1934 511 1987 565 in

2103 510 2190 582 τὴν
2237 511 2301 564 τὸ
2341 512 2604 584 κήρυγμα
2655 507 3091 579 κατακρύψασαν
3149 510 3209 564 ὲν
3290 507 3498 572 πάσαις
3547 513 3658 575 ταῖς

397 598 648 652 omnibus
701 599 817 651 suis
893 596 1241 654 facultatibus
1285 603 1561 667 recondit,
1618 603 1977 672 commiscet,

398 687 686 742 fermentat
707 727 723 753 ,
755 702 922 756 seque
948 697 1112 742 totam
1139 705 1238 760 per
1262 689 1408 745 illam
1453 684 1776 748 sauciillcat.
1807 692 1980 763 Opor-

400 791 476 834 tet
496 781 639 834 enim
675 796 773 835 nos
816 780 1042 836 omnino
1074 782 1389 838 fermentari
1421 785 1871 841 ettratisforniari
1927 789 1979 840 i’n

396 874 601 928 divina.
653 873 767 946 69
820 873 962 931 Dicit
1017 877 1161 931 enim
1193 914 1210 942 ,
1264 879 1436 932 donec
1499 877 1855 934 fermentetur
1908 887 1988 934 to-

398 975 533 1019 tum.

470 1059 635 1114 Vsus.
676 1059 766 1124 54,
809 1061 904 1116 55.
943 1080 963 1115 ι
987 1059 1115 1116 Haec
1147 1061 1330 1116 omnia
1358 1063 1571 1119 locutus
1600 1072 1681 1118 est
1705 1061 1865 1119 Jesus
1887 1078 1984 1133 per

398 1150 685 1221 parabolas
708 1155 774 1205 ad
806 1153 1018 1220 turbas,
1047 1162 1100 1208 et
1123 1153 1243 1209 sine
1272 1156 1552 1223 parabolis
1594 1156 1730 1211 nihil
1766 1156 1986 1212 locutus

398 1251 484 1297 est
509 1242 629 1303 illis,
663 1253 722 1298 ιιι
749 1247 1114 1316 compleretur
1133 1247 1276 1315 quod
1304 1248 1507 1304 dictum
1533 1248 1711 1304 fuerat
1741 1265 1838 1320 per
1857 1265 1986 1320 pro-

399 1340 613 1406 phetam
635 1341 724 1408 qui
755 1339 831 1393 ait
857 1359 871 1393 :
895 1339 1151 1410 Aperiam
1174 1339 1226 1394 in
1252 1341 1524 1410 parabolis
1539 1356 1598 1394 os
1626 1357 1826 1406 meum,
1856 1358 1985 1396 eru-

401 1430 561 1483 ctabo
597 1429 916 1485 abscondita
947 1446 977 1484 a
1006 1431 1398 1487 constitutione
1428 1432 1635 1489 mundi.
1683 1452 1702 1484 ι
1752 1433 1988 1488 Adducit

400 1523 714 1590 prophetam
735 1524 1116 1593 praedicentem
1145 1523 1422 1592 quomodo
1446 1524 1706 1578 docturus
1742 1536 1860 1579 erat
1890 1524 1978 1580 Je-

399 1631 515 1678 sus,
540 1627 596 1669 et
625 1616 676 1669 in
730 1616 1022 1685 parabolis,
1048 1631 1116 1670 ne
1149 1626 1202 1670 tu
1233 1625 1389 1687 putes
1409 1616 1686 1672 Christum
1710 1616 1988 1672 invenisse

400 1721 598 1760 novum
619 1709 904 1777 quemdam
939 1707 1170 1763 docendi
1203 1712 1441 1764 modum.
1470 1708 1744 1764 Particula
1803 1719 1984 1764 autem

400 1795 492 1863 Ut,
519 1813 620 1851 non
666 1807 750 1852 est
797 1815 996 1863 causae,
1019 1801 1114 1855 sed
1162 1811 1388 1856 eventus
1439 1801 1822 1870 signiﬁcativa.
1852 1800 1975 1855 Non

400 1891 545 1942 enim
580 1890 767 1944 docuit
793 1905 861 1946 eo
892 1892 1051 1946 modo
1084 1891 1242 1947 Jesus
1269 1903 1322 1947 ut
1348 1893 1635 1963 impleatur
1662 1891 1983 1962 prophetia:

403 1981 499 2034 sed
532 1983 658 2049 quia
695 1983 812 2052 ipse
847 1998 943 2052 per
981 1985 1272 2053 parabolas
1304 1984 1510 2050 docuit,
1543 2000 1608 2039 ex
1636 1984 1834 2038 cﬂ‘ectu
1886 1984 1988 2036 im-

399 2075 545 2144 pleta
573 2085 654 2130 est
713 2077 768 2131 in
807 2077 927 2147 ipso
980 2077 1289 2148 prophetia.
1334 2080 1552 2148 Absque
1595 2087 1775 2133 autem
1818 2094 1986 2148 para-

401 2167 526 2223 bola
579 2183 687 2224 non
721 2170 1042 2240 loquebatur
1087 2172 1189 2234 eis,
1227 2182 1354 2225 tunc
1407 2171 1628 2226 solum:
1685 2186 1788 2224 non
1844 2170 1987 2223 enim

403 2277 622 2330 semper
663 2261 716 2315 in
771 2262 1048 2330 parabolis
1097 2262 1446 2332 loquebatur.
1479 2262 1760 2318 Eructavit
1807 2272 1987 2316 autem

403 2354 667 2408 Dominus
726 2368 848 2422 qua:
913 2354 1233 2408 abscondita
1305 2363 1461 2408 erant
1512 2369 1542 2407 a
1601 2353 1989 2408 constitutione

403 2447 613 2501 mundi.
642 2446 761 2515 Ipse
794 2447 940 2501 enim
968 2447 1340 2502 manifestavit
1373 2446 1534 2502 nobis
1566 2446 1826 2515 mysteria
1869 2459 1990 2514 qua:

403 2538 458 2592 in
495 2537 646 2593 caelis
671 2546 821 2593 sunt.

478 2631 644 2688 Vsus.
667 2631 755 2687 56.
800 2651 820 2684 ι
859 2632 1010 2685 Τυιιο
1042 2631 1244 2686 relictis
1279 2631 1455 2686 turbis
1500 2630 1649 2685 venit
1685 2629 1987 2684 indomqu

411 2724 590 2781 Jesns.
623 2743 643 2776 ι
684 2723 836 2778 Τιιιιο
865 2724 1088 2792 reliquit
1129 2723 1335 2788 turbas,
1384 2737 1506 2776 cum
1541 2722 1676 2777 nihil
1707 2722 1992 2791 prodesset

411 2815 684 2870 doctrina.
725 2815 846 2884 Ipse
889 2815 1034 2869 enim
1091 2814 1142 2870 in
1199 2811 1469 2882 parabolis
1531 2813 1888 2881 loquebatur,
1933 2821 1992 2867 ut

404 2922 527 2961 eum
571 2907 969 2978 interrogarent
1007 2923 1022 2959 :
1069 2917 1260 2961 contra
1307 2905 1382 2959 illi
1432 2919 1536 2960 non
1575 2905 1862 2968 curabant,
1896 2919 1993 2958 ne-

405 3013 512 3065 que
551 2997 762 3052 discere
788 2987 1124 3065 quaerebant,
1159 2997 1300 3052 unde
1347 2996 1414 3051 ab
1447 3011 1512 3051 eo
1547 2997 1741 3051 merito
1803 2995 1980 3050 relicti

405 3100 559 3144 sunt.
599 3108 618 3141 ι
657 3090 724 3143 Ει
763 3099 1115 3144 accesserunt
1165 3088 1233 3144 ad
1270 3104 1392 3143 eum
1439 3087 1686 3157 discipuli
1745 3103 1883 3156 etus,
1908 3091 1990 3142 di—

407 3194 639 3236 centes:
676 3181 769 3235 Dic
828 3181 984 3236 nobis
1023 3180 1331 3249 parabolain
1381 3181 1716 3235 zizaniorum
1778 3179 1915 3249 agri.
1967 3197 1985 3230 ι

2080 604 2252 671 αὐτῆς
2311 602 2598 672 δυνάμεσι,
2634 601 2729 654 καὶ
2789 600 3317 672 συνανακραθεῖσαν,
3360 599 3455 652 καὶ
3485 600 3661 670 ζυμω-

2083 693 2290 760 θεῖσαν,
2324 693 2417 745 καὶ
2471 692 2824 761 ἀγιασθεῖσαν
2858 691 2950 743 ὑπ’
3003 689 3167 744 αὑτοῦ
3228 689 3357 760 ὃλην
3383 705 3400 721 ο
3433 689 3516 742 δεῖ
3560 690 3662 758 γὰρ

2082 787 2427 856 ἡμᾶς’ὃλους
2478 785 2786 854 ζυμοῦσθαι
2813 783 2908 836 καὶ
2963 784 3382 854 μεταποιεῖσθαι
3440 782 3576 852 πρὸς
3609 784 3664 835 τὸ

2085 877 2376 948 θειότερον.
2411 877 2550 947 Φησὶ
2579 876 2712 946 γὰρ,
2741 875 2847 939 ἕως
2894 869 2955 930 οῦ
2997 872 3258 946 ἐζυμώθη
3283 875 3424 928 ὅλον.

2163 1080 2181 1112 ι
2220 1059 2413 1114 Ταῦτα
2436 1062 2613 1114 πάντα
2649 1060 2909 1130 ἐλάλησεν
2940 1061 2969 1113 6
3005 1059 3216 1131 Ἰησοῦς
3244 1059 3301 1112 ἐν
3333 1057 3670 1131 παραϐολαῖς

2085 1154 2197 1216 τοῖς
2219 1153 2424 1222 ὄχλοις,
2457 1154 2552 1206 καὶ
2581 1153 2750 1224 χωρὶς
2781 1151 3101 1223 παραϐολῆς
3122 1151 3224 1205 οὐκ
3246 1149 3428 1204 ἐλάλει
3468 1149 3671 1215 αὐτοῖς,

2085 1245 2232 1308 ὅπως
2258 1244 2520 1316 πληρωθῇ
2548 1244 2610 1297 τὸ
2628 1244 2791 1314 ῥηθὲν
2821 1244 2911 1298 διὰ
2941 1243 3035 1296 τοῦ
3059 1243 3369 1315 προφήτου,
3393 1241 3664 1308 λέγοντοςο

2101 1337 2319 1403 Ἀνοίξω
2354 1339 2410 1390 ὲν
2433 1337 2768 1408 παραϐολαῖς
2795 1338 2858 1390 τὸ
2882 1336 3056 1408 στόμα
3092 1353 3216 1407 μου,
3248 1333 3546 1406 ἐρεύξομαι
3591 1349 3676 1385 κε·

2087 1431 2386 1504 κρυμμένα
2441 1432 2550 1486 ἀπὸ
2598 1432 2906 1502 καταϐολῆς
2960 1431 3192 1500 κόσμου.
3227 1447 3248 1481 ι
3298 1428 3549 1498 Παράγει
3591 1424 3677 1478 τὸν

2090 1525 2378 1596 προφήτην
2414 1524 2932 1596 προαναφωνοῦντα,
2963 1521 3082 1587 πῶς
3106 1522 3300 1594 ἔμελλε
3341 1520 3621 1574 διδάσκειν
3651 1517 3677 1570 6

2087 1617 2325 1688 Ἰησοῦς,
2353 1621 2446 1671 καὶ
2485 1619 2568 1672 ὅτι
2599 1618 2659 1670 ὲν
2682 1616 3044 1688 παραϐολαῖς,
3079 1614 3169 1668 ἵνα
3197 1613 3275 1686 μὴ
3321 1612 3557 1687 νομίσῃς
3590 1611 3673 1675 σὺ,

2097 1709 2182 1764 ὄτι
2215 1710 2243 1761 6
2271 1708 2507 1780 Χριστὸς
2534 1708 2720 1764 καινόν
2733 1727 2855 1763 τινα
2873 1706 3226 1770 διδασκαλίας
3248 1705 3454 1776 τρόπον
3468 1701 3676 1772 ἐξεῦρε.

2089 1802 2164 1856 Τὸ
2205 1803 2287 1867 δὲ,
2338 1802 2550 1870 Ὅπως,
2585 1802 2660 1874 μὴ
2682 1800 3060 1871 αἱτιολογικῶς
3097 1799 3294 1872 λάϐῃς,
3322 1797 3443 1852 ἀλλ’
3470 1798 3536 1848 ὲκ
3585 1794 3679 1864 τῆς

2092 1893 2374 1960 ἐκϐάσεως
2403 1897 2496 1950 τοῦ
2525 1898 2878 1966 πράγματος.
2917 1897 2992 1950 Οὐ
3024 1895 3130 1966 γὰρ
3164 1894 3449 1948 ἐδίδασκεν
3480 1894 3508 1944 6
3545 1891 3675 1958 Χριο

2095 1990 2219 2054 στδς
2277 1991 2732 2060 τοιουτοτρόπως,
2781 1989 2870 2042 ῖνα
2932 1987 3193 2057 πληρωθῇ
3261 1987 3295 2056 ἡ
3348 1983 3679 2055 προφητεία,

2092 2083 2228 2136 ἀλλὰ
2260 2082 2395 2136 διότι
2416 2081 2692 2136 ἐδίδασκεν
2719 2083 2776 2134 ὲν
2809 2080 3169 2152 παραϐολαῖς,
3201 2079 3260 2142 ἐξ
3291 2075 3670 2145 ἀποτελέσμα-

2093 2191 2184 2237 τος
2214 2175 2531 2242 εὐρίσκεται
2552 2173 2637 2226 ἐπ’
2669 2172 2818 2242 αὐτῷ
2845 2171 3134 2242 πληρωθὲν
3169 2170 3237 2224 τὸ-
3250 2168 3344 2223 τοῦ
3375 2167 3677 2238 προφήτου.

2090 2268 2273 2338 Χωρὶς
2309 2267 2365 2320 δὲ
2396 2267 2711 2337 παραϐολῆς
2739 2266 2840 2319 οὐκ
2878 2264 3059 2318 ἐλάλει
3087 2262 3292 2323 αὐτοῖς,
3316 2260 3442 2312 τότε
3489 2257 3670 2327 μόνον’

2091 2362 2151 2415 οὐ
2183 2359 2293 2430 γὰρ
2322 2360 2386 2428 δὴ
2420 2359 2652 2411 πάντοτε
2678 2360 2734 2410 ἐν
2761 2356 3096 2427 παραϐολαῖς
3128 2353 3334 2406 ἐλάλει.
3387 2347 3686 2420 Ἦρεύξατο

2091 2452 2149 2505 δὲ
2189 2453 2217 2504 6
2256 2450 2460 2521 Κύριος
2510 2449 2546 2504 ὃ.
2579 2450 2915 2521 ἐκρύπτοντο
2950 2446 3058 2500 ἀπὸ
3095 2443 3399 2513 καταϐολῆς
3454 2440 3682 2510 κόσμου.

2091 2543 2266 2607 Δὺτδς
2285 2543 2393 2613 γὰρ
2421 2541 2762 2612 ζεφανέρωσεν
2788 2541 2923 2610 ἡμῖν
2946 2539 3016 2592 τά
3037 2539 3093 2591 ὲν
3109 2537 3359 2608 οὐρανοῖς
3389 2534 3684 2605 μυστήρια.

2189 2656 2208 2689 ι
2244 2635 2380 2689 Τότε
2414 2636 2576 2705 ἀφεὶς
2625 2635 2751 2696 τοὺς
2799 2633 3013 2703 ὄχλους,
3047 2626 3213 2701 ἦλθεν
3264 2629 3344 2692 εἰς
3373 2627 3474 2696 τὴν
3513 2626 3687 2678 οἰκίαν

2093 2733 2122 2785 ὁ
2172 2731 2402 2800 Ἰησοῦς.
2454 2752 2472 2781 ι
2541 2728 2748 2798 Ἀφῆκε
2806 2726 2933 2789 τοὺς
2973 2726 3165 2795 ὄχλους
3209 2724 3354 2787 τότε,
3414 2721 3506 2772 ὅτε
3538 2719 3688 2771 οὐδὲν

2099 2820 2410 2890 ὠφελοῦντο
2442 2819 2553 2873 ἀπὸ
2595 2819 2693 2887 τῆς
2725 2816 3099 2879 διδασκαλίας.
3136 2814 3306 2876 Αὐτὸς
3343 2813 3443 2883 μὲν
3472 2811 3586 2881 γὰρ
3629 2813 3679 2862 ὲν

2094 2912 2440 2982 παραϐολαῖς
2484 2911 2689 2980 ἔλεγεν,
2719 2909 2795 2972 ὡς
2834 2909 2902 2962 ἂν
2931 2909 3281 2978 ἐρωτήσωσιν
3321 2904 3512 2957 αὐτόν·
3545 2903 3689 2961 sitsi-

2092 3003 2344 3058 νοιδὲοὺ
2395 3001 2782 3071 φροντίσαντες
2829 2999 3048 3063 τούτου,
3081 2997 3202 3050 οὐδὲ
3253 2993 3593 3067 ζητήσαντες
3642 3010 3690 3046 τι

2097 3093 2314 3163 μαθεῖν,
2356 3093 2579 3155 εἰκότως
2613 3091 2866 3160 ἀφίενται
2916 3089 3046 3160 παρ’
3087 3087 3274 3141 αὐτοῦ.
3318 3105 3337 3139 ι
3376 3087 3489 3139 Καὶ
3519 3101 3691 3155 προσ-

2091 3183 2254 3253 ῆλθον
2299 3181 2448 3252 αὐτῷ
2495 3184 2544 3236 οἱ
2602 3180 2844 3251 μαθηταὶ
2889 3177 3079 3243 αὑτοῦ.
3117 3178 3399 3248 λέγοντες·
3470 3175 3685 3246 Φράσον

408 3274 486 3328 De
518 3275 620 3330 hac
649 3273 762 3330 sola
793 3283 1008 3344 rogant,
1033 3274 1154 3328 alia:
1185 3272 1585 3328 manilestiores
1613 3273 1692 3327 eis
1732 3272 1991 3326 videban-

2103 3277 2230 3346 ἡμῖν
2263 3275 2364 3345 τὴν
2422 3273 2737 3345 παραϐολὴν
2807 3272 2918 3327 τῶν
2970 3270 3228 3337 ζιζανίων
3290 3270 3385 3324 τοῦ
3431 3268 3632 3339 ἀγροῦ.
3666 3285 3686 3320 ι

411 3380 515 3422 tur.
559 3369 783 3423 Zizania
811 3378 992 3423 autem
1029 3369 1310 3432 dicuntur,
1340 3381 1461 3438 qua:
1494 3367 1637 3422 inter
1671 3366 1851 3436 fruges
1873 3366 1991 3434 pul-

2103 3368 2236 3439 Περὶ
2261 3368 2466 3438 ταύτης
2502 3367 2671 3439 μόνης
2702 3367 3007 3438 ἐρωτῶσιν,
3042 3367 3118 3428 ὡς
3151 3363 3259 3418 τῶν
3290 3363 3470 3417 ἄλλων
3523 3378 3689 3429 σαφε-

410 3463 581 3517 lnlant
645 3464 813 3518 etiam
875 3463 1097 3530 nociva,
1155 3470 1349 3533 utpote
1408 3462 1619 3527 lolium,
1669 3461 1830 3526 vicia,
1879 3462 1994 3516 bro-

411 3559 599 3622 inium,
632 3565 685 3611 et
721 3564 938 3612 caetera.

485 3739 648 3796 Vens.
701 3738 891 3794 57-62.
945 3755 965 3789 ι
1039 3736 1112 3792 Αι
1154 3737 1245 3792 ille
1273 3736 1608 3806 respondens
1656 3733 1800 3790 dixit
1840 3727 1994 3788 illis:

416 3832 518 3899 Qui
580 3833 812 3888 seminat
860 3831 1063 3886 bonum
1112 3844 1320 3894 semen,
1355 3835 1438 3884 est
1482 3827 1655 3884 Filius
1704 3826 1993 3882 hominis:

413 3940 543 3995 ager
587 3935 790 3987 autem.
845 3934 928 3979 est
986 3921 1241 3977 mundus.
1289 3919 1461 3976 Porro
1513 3921 1717 3974 bonum
1781 3932 1992 3984 semen,

412 4020 542 4068 sunt
570 4014 659 4066 lilii
698 4012 849 4081 regni
879 4028 893 4065 :
920 4011 1131 4066 zizania
1166 4024 1316 4074 vero,
1339 4019 1468 4065 sunt
1500 4009 1596 4064 lilii
1641 4008 1785 4064 illius
1811 4008 1937 4062 mali
1981 4024 1996 4062 :

413 4105 666 4160 inimicus
696 4107 787 4175 qui
816 4104 1052 4160 seminat
1078 4119 1162 4171 ea,
1198 4110 1281 4158 est
1299 4100 1550 4158 diabolus
1581 4119 1596 4157 :
1627 4100 1822 4156 messis
1846 4114 1996 4166 vero,

413 4196 810 4252 consummatio
846 4195 1032 4251 saaculi
1085 4205 1210 4250 est:
1243 4208 1516 4249 messores
1580 4200 1762 4247 autem
1820 4189 1999 4260 angeli

415 4298 563 4340 sunt.
586 4287 743 4340 Sicut
780 4287 942 4355 igitur
966 4286 1294 4356 colliguntur
1347 4284 1584 4350 zizania,
1610 4294 1671 4339 et
1708 4283 1820 4354 igni
1843 4297 1998 4338 com-

417 4378 729 4431 buruntur:
764 4376 845 4432 sic
868 4377 973 4432 erit
1002 4376 1055 4431 in
1080 4376 1551 4432 consummatione
1596 4375 1777 4430 saeculi
1820 4374 1997 4445 hujus.

421 4471 596 4525 Mittct
638 4470 810 4525 Filius
855 4469 1095 4524 hominis
1144 4468 1365 4538 angelos
1393 4483 1546 4535 suos,
1577 4477 1633 4522 et
1677 4466 1934 4538 colligent
1971 4483 2004 4524 e

425 4579 592 4635 regno
633 4564 778 4618 illius
816 4564 999 4619 omnia
1047 4561 1394 4629 offendicula,
1429 4572 1483 4618 et
1510 4577 1604 4618 eos
1639 4561 1731 4632 qui
1785 4568 2003 4630 patraut

2100 3462 2308 3532 στέρων
2355 3459 2726 3531 νομιζομένων
2769 3459 2978 3522 αὐτοῖς.
3013 3458 3240 3522 Ζιζάνια
3281 3455 3341 3509 δέ
3371 3457 3487 3508 εἰσι
3515 3453 3695 3507 πάντα

2097 3555 2168 3609 τὰ
2201 3555 2279 3626 τῷ
2333 3553 2468 3624 σίτῳ
2511 3553 2854 3624 ὲπιφυόμενα
2894 3551 3194 3622 φθαρτικὰ,
3255 3544 3412 3620 αῐρα,
3481 3545 3693 3617 ὄροϐος,

2101 3644 2367 3717 βρώμιον,
2411 3644 2507 3698 καὶ
2543 3643 2730 3698 τᾶλλα.

2174 3758 2194 3793 ι
2246 3740 2304 3792 '0
2347 3738 2402 3792 δὲ
2432 3735 2754 3808 ἀποκριθεὶς
2779 3731 2933 3789 εἶπεν
2977 3737 3184 3797 αὐτοῖς.
3226 3733 3284 3788 ’0
3334 3732 3584 3802 σπείρων
3643 3729 3699 3781 τὸ

2098 3831 2264 3886 καλὸν
2324 3830 2550 3901 σπέρμα
2597 3829 2744 3883 ἐστὶν
2785 3831 2813 3882 6
2872 3828 3000 3892 Υἱὸς
3048 3827 3143 3881 τοῦ
3192 3825 3487 3894 ἀνθρώπου
3521 3841 3534 3854 ·
3571 3826 3600 3877 6
3647 3822 3701 3876 δὲ

2099 3925 2269 3998 ἀγρὸς
2312 3925 2460 3978 ἐστίν
2501 3925 2530 3976 6
2565 3923 2790 3993 κόσμος.
2830 3923 2905 3976 Τὸ
2947 3922 3006 3975 δὲ
3060 3921 3226 3975 καλὸν
3287 3920 3533 3990 σπέρμα,
3561 3913 3702 3971 οῦτοί

2101 4021 2240 4074 εἰσιν
2270 4019 2320 4072 οἱ
2359 4019 2466 4071 υἱοὶ
2506 4020 2603 4088 τῇς
2645 4016 2946 4088 βασιλείας.
2978 4016 3060 4070 Τὰ
3108 4015 3166 4068 δὲ
3195 4014 3440 4079 ζιζάνια,
3474 4003 3622 4066 εἰσὶν
3654 4011 3701 4062 οὶ

2101 4110 2211 4164 υἱοὶ
2231 4110 2327 4163 τοῦ
2371 4109 2633 4180 πονηροῦ·
2658 4112 2686 4163 6
2707 4109 2763 4162 δὲ
2783 4109 2974 4180 ἐχθρὸς
3001 4110 3029 4162 6
3059 4107 3290 4178 σπείρας
3312 4104 3476 4170 αὐτὰ,
3503 4101 3657 4157 ἐστὶν
3677 4105 3704 4156 6

2103 4200 2372 4265 διάϐολοςο
2396 4202 2424 4254 6
2448 4201 2506 4255 δὲ
2535 4201 2796 4274 θερισμὸς
2829 4203 2862 4272 ή
2893 4200 3178 4256 συντέλεια
3194 4197 3288 4254 τοῦ
3319 4197 3518 4260 αἰῶνός
3530 4199 3699 4250 ἐστιν·

2101 4294 2150 4348 οῖ
2175 4294 2232 4348 δὲ
2263 4293 2508 4366 θερισταὶ
2538 4295 2589 4348 oi
2637 4294 2859 4364 ἄγγελοί
2901 4295 3061 4348 εἰσιν.
3095 4295 3307 4358 Ὠσπερ
3362 4288 3456 4346 οὖν
3511 4290 3702 4344 συλλέ-

2108 4401 2268 4454 γεται
2301 4385 2370 4438 τὰ
2420 4384 2638 4450 ζιζάνια
2691 4384 2786 4439 καὶ
2812 4386 2945 4458 πυρὶ
2984 4384 3224 4447 καίεται,
3255 4382 3433 4446 οὔτως
3456 4383 3615 4436 ἔσται
3646 4384 3700 4434 ἐν

2103 4481 2170 4550 τῇ
2205 4478 2489 4550 συντελείᾳ
2539 4477 2635 4532 τοῦ
2673 4479 2873 4541 αίώνος
2905 4481 3100 4531 τούτου
3133 4491 3149 4506 ·
3180 4474 3482 4530 ἀποστελεῖ
3507 4477 3534 4527 6
3572 4475 3698 4536 Υἱὸς

2105 4570 2202 4625 τοῦ
2227 4570 2524 4643 ἀνθρώπου
2546 4572 2674 4633 τοὺς
2704 4569 2972 4640 ἀγγέλους
2997 4569 3188 4632 αὑτοῦ,
3224 4569 3318 4622 καὶ
3349 4566 3704 4632 συλλέξουσιν

421 4655 794 4726 iniquitatem,
824 4670 886 4710 ac
919 4654 1141 4710 mittent
1167 4654 1288 4710 illos
1318 4655 1370 4709 in
1407 4653 1895 4718 caminum'ignis:
1930 4653 1991 4708 ibi

2111 4667 2178 4720 ὲκ
2233 4666 2332 4736 τῆς
2386 4664 2662 4735 βασιλείας
2712 4663 2878 4717 αὐτοῦ
2924 4661 3103 4740 πάντα
3147 4660 3220 4714 τὰ
3265 4659 3567 4724 σκάνδαλα,
3612 4660 3706 4711 καὶ

418 4753 523 4807 erit
577 4752 842 4822 ploratus,
902 4749 1214 4820 stridorque
1278 4749 1543 4804 dentium.
1586 4767 1606 4801 ι
1665 4747 1839 4819 Supra
1887 4749 2002 4803 haec

2107 4756 2234 4819 τοὺς
2255 4754 2548 4818 ποιοῦντας
2579 4753 2678 4825 τὴν
2715 4753 2974 4826 ἀνομίαν,
3008 4755 3103 4807 καὶ
3122 4752 3378 4823 βαλοῦσιν
3401 4750 3605 4814 αὐτοὺς
3628 4751 3707 4812 εἰς

419 4843 563 4898 dicta
617 4849 787 4906 sunt,
831 4856 953 4911 qua:
1006 4841 1096 4895 hic
1154 4841 1406 4896 dicenda.
1459 4838 1788 4895 Dicebamus
1855 4838 1991 4893 enini

2106 4849 2205 4923 τὴν
2251 4851 2480 4921 κάμινον
2510 4850 2604 4904 τοῦ
2651 4851 2823 4921 πυρός
2853 4866 2869 4881 ·
2904 4851 3022 4902 ἐκεῖ
3057 4847 3209 4902 ἔσται
3240 4851 3269 4902 6
3299 4846 3583 4918 κλαυθμὸς
3615 4845 3707 4898 καὶ

421 4939 562 5008 quod
591 4941 658 4992 de
687 4939 987 4994 haeresibus
1010 4936 1266 5006 accipiat,
1296 4951 1418 5006 quae
1451 4937 1841 5006 permittuntur
1881 4950 1991 4991 esse

2107 4942 2136 4994 6
2160 4940 2404 5012 βρυγμὸς
2434 4940 2544 4994 τῶν
2587 4941 2839 4996 ὀδόντων.
2876 4959 2896 4993 ι
2929 4941 3073 4994 Ὅσα
3121 4940 3228 4993 ἔδει
3265 4939 3525 5010 ῥηθῆναι,
3563 4940 3706 4992 ἀνω-

424 5045 594 5099 usque
624 5030 692 5084 ad
724 5031 1257 5085 consummationem
1303 5027 1510 5083 saeculi.
1538 5026 1675 5082 Nam
1706 5028 1754 5082 si
1785 5029 1991 5084 exscin-

2109 5034 2256 5104 τέρω
2289 5033 2530 5105 εἴρηται.
2572 5033 2819 5104 Εἴπομεν
2856 5035 2968 5106 γὰρ
3009 5035 3094 5089 ὅτι
3135 5035 3266 5104 περὶ
3301 5032 3410 5086 τῶν
3437 5032 3706 5104 αἱρέσεων

421 5126 674 5178 detentus
699 5134 754 5178 et
800 5123 1184 5180 occideremus
1227 5121 1539 5188 haereticos,
1575 5121 1876 5176 seditiones
1912 5119 1991 5173 lle-

2113 5124 2352 5179 ἐνταῦθα
2407 5124 2790 5197 διαλαμϐάνει,
2831 5126 3036 5190 αἵτινες
3087 5123 3502 5198 συγχωροῦνται
3563 5118 3705 5177 εἶναι

426 5226 546 5269 rent
592 5227 643 5270 et
687 5232 918 5286 pugnae;
955 5227 1012 5270 ct
1072 5215 1215 5270 forte
1266 5213 1431 5269 etiam
1466 5212 1618 5268 multi
1665 5212 1902 5267 lidelium
1951 5212 2005 5266 in

424 5307 783 5362 seditionibus
814 5310 1056 5376 perirent
1087 5324 1101 5362 :
1143 5308 1402 5377 quoniam
1455 5317 1512 5362 et
1539 5305 1742 5361 Paulus
1780 5317 1834 5360 et
1869 5306 2007 5358 latro

427 5401 734 5454 habuerunt
776 5400 905 5452 olim
961 5400 1170 5456 zizania
1233 5401 1552 5472 priusquam
1617 5400 2000 5453 crediderunt:

427 5501 534 5539 non
560 5497 779 5540 exsecta
813 5498 992 5541 autem
1027 5498 1155 5544 sunt
1192 5500 1318 5544 tunc
1343 5497 1568 5560 propter
1599 5488 1838 5543 futuram
1888 5487 2002 5540 h-u-

428 5593 570 5646 gv'm.
593 5575 790 5632 Postea
821 5587 1001 5634 autem
1041 5582 1274 5635 l'ructum
1309 5581 1606 5636 attulerunt
1626 5580 1754 5635 Deo.
1785 5577 2010 5635 Zizauia

431 5684 557 5724 vero
588 5672 825 5740 Spiritus
851 5675 1020 5728 sancti
1045 5675 1166 5746 igne
1193 5679 1474 5730 combusta
1523 5683 1650 5729 sunt
1685 5685 1738 5730 et
1771 5676 2005 5730 fervore.

2119 5217 2246 5286 ἄχρι
2313 5219 2412 5289 τῆς
2482 5219 2813 5283 συντελείας.
2879 5221 2940 5273 Εἰ
2994 5221 3104 5291 γὰρ
3164 5217 3490 5288 φονεύοιμεν
3575 5216 3706 5278 τοὺς

2118 5310 2432 5380 αἱρετικοὺς
2488 5313 2583 5366 καὶ
2625 5313 3014 5386 ὲκκόπτοιμεν,
3064 5314 3286 5378 στάσεις
3338 5313 3558 5367 ἔσονται
3611 5309 3708 5364 καὶ

2123 5400 2316 5470 μάχαι,
2349 5401 2445 5454 καὶ
2483 5403 2624 5474 τάχα
2652 5405 2749 5457 καὶ
2786 5405 2895 5459 τῶν
2926 5407 3135 5460 πιστῶν
3189 5404 3370 5459 πολλοὶ
3401 5402 3710 5474 διαφθαρῇ·

2123 5509 2306 5547 σονται
2335 5494 2392 5546 ὲν
2434 5498 2556 5559 ταῖς
2606 5496 2886 5551 στάσεσινο
2918 5497 3054 5551 ἀλλὰ
3101 5497 3198 5552 καὶ
3232 5497 3262 5550 6
3311 5495 3524 5559 Παῦλος
3559 5496 3657 5550 καὶ
3680 5495 3710 5547 6

2119 5583 2323 5656 λῃπὴς
2351 5586 2566 5653 ζιζάνια
2598 5585 2744 5660 εἶχον
2775 5591 2908 5662 πρὶν
2961 5591 2996 5663 ἢ
3037 5591 3353 5645 πιστεῦσαν
3385 5592 3488 5645 οὐκ
3515 5591 3706 5655 ἐξεκό-

2121 5695 2304 5749 πησαν
2357 5677 2452 5735 οὖν
2503 5684 2648 5749 τότε,
2678 5684 2767 5738 διὰ
2820 5685 2912 5738 τὸν
2969 5684 3234 5756 μέλλοντα
3284 5685 3587 5757 βλαστῆσαι
3651 5683 3710 5734 ὲν

429 5767 613 5834 αὐτοῖς
669 5770 837 5831 σῖτον,
881 5767 1109 5838 ὕστερον
1137 5770 1243 5840 γὰρ
1274 5769 1734 5839 ἐκαρποφόρησαν
1762 5767 1837 5839 τῷ
1868 5767 2019 5837 Θεῷ·
2065 5769 2133 5823 τὰ
2202 5771 2256 5824 δὲ
2301 5773 2535 5843 ζιζάνια,
2568 5776 2643 5845 τῷ
2681 5779 2812 5849 πυρὶ
2876 5778 2969 5832 τοῦ
3003 5777 3319 5849 Πνεύματος
3342 5778 3433 5833 καὶ
3467 5780 3533 5850 τῇ
3556 5775 3708 5841 ξέσει

429 5862 801 5918 κατέκαυσαν.
