4078 6464
394 384 508 449 289

1022 384 1469 446 ENARRATIO
1508 386 1590 447 IN
1633 384 2133 450 EVANGELIUM
2180 388 2563 449 MATTH/EI.
2591 390 2839 456 -CAP.
2880 396 3053 457 XIII.

3550 405 3659 468 290

472 518 490 549 ‹
530 496 667 549 Τότε
700 496 751 549 οἱ
777 496 976 550 δίκαιοι
1012 497 1383 567 ἐκλάμψουσιν
1410 496 1485 561 ὡς
1514 499 1541 551 6
1593 498 1743 567 ἥλιος
1814 500 1871 551 ὲν
1906 501 1961 569 τῇ

2163 499 2323 555 Vsus.
2368 501 2457 555 45.
2498 520 2518 553 ε
2552 501 2719 571 [Tunc
2761 502 2894 570 justi
2940 505 3219 578 fulgebunt
3265 508 3407 566 sicut
3461 514 3540 567 sol
3594 519 3643 568 in

391 591 642 663 βασιλείᾳ
688 590 783 645 τοῦ
816 590 1027 660 Πατρὸς
1078 590 1258 644 αὐτῶν
1281 607 1295 621 ·
1332 593 1359 643 ὁ
1388 590 1528 659 ἔχων
1567 586 1683 643 ὦτα
1738 590 1979 656 ἀκούειν,

390 686 658 739 ἀκουέτω.
698 702 716 734 ι
765 684 922 737 Ἐπεὶ
952 685 979 736 6
1034 683 1185 753 ἦλιος
1228 684 1376 736 δοκεῖ
1418 685 1553 753 ἡμῖν
1588 684 1807 735 πάντων
1867 682 1977 735 τῶν

389 776 637 843 ἀστέρων
682 774 1088 846 λαμπρότατος,
1151 773 1239 827 διὰ
1294 773 1451 827 τοῦτο
1509 772 1787 843 συγκρίνει
1844 771 1980 841 πρὸς

388 870 481 921 τὸν
519 867 675 938 ἥλιον
719 867 819 939 τὴν
862 867 969 920 τῶν
996 866 1220 920 δικαίων
1255 865 1639 936 λαμπρότητα.
1698 864 1853 917 Ἐπεὶ
1886 865 1979 916 καὶ

388 961 528 1032 ὑπὲρ
554 962 648 1015 τὺν
696 961 847 1029 ἥλιον
876 959 1153 1031 λάμψουσι
1172 975 1187 989 ·
1215 959 1425 1030 μήποτε
1473 959 1530 1012 δὲ
1568 958 1758 1027 ἐπειδὴ
1790 956 1978 1021 Ἥλιος

387 1050 737 1122 δικαιοσύνης
783 1051 932 1103 ἐστὶν
988 1052 1016 1103 6
1070 1048 1324 1119 Χριστὸς,
1357 1048 1480 1101 τότε
1516 1049 1566 1101 οἱ
1631 1047 1830 1101 δίκαιοι
1885 1050 1978 1101 ὲκ-

390 1140 699 1212 λὰμψουσιν
759 1139 835 1203 ὡς
886 1141 914 1192 6
966 1138 1223 1209 Χριστός·
1259 1138 1476 1191 ἔσονται
1502 1138 1611 1209 γὰρ
1661 1138 1758 1191 καὶ
1817 1136 1975 1190 αὐτοὶ

396 1234 530 1287 θεοί.

467 1389 484 1420 ι
530 1368 700 1422 Πάλιν
727 1367 887 1435 ὁμοία
917 1365 1064 1419 ἐστὶν
1090 1366 1123 1435 ἡ
1153 1364 1400 1432 βασιλεία
1440 1362 1548 1415 τῶν
1577 1361 1826 1432 οὐρανῶν
1870 1362 1970 1432 θη-

392 1460 581 1530 σαυρῷ
630 1455 1001 1528 κεκρυμμένῳ
1038 1456 1094 1506 ὲν
1136 1454 1313 1524 ἀγρῷ,
1347 1454 1407 1506 ὃν
1450 1451 1635 1523 εὑρὼν
1684 1450 1971 1520 ἄνθρωπος

391 1550 622 1623 ἔκρυψε,
642 1551 737 1603 καὶ
761 1550 869 1603 ἀπὸ
892 1548 991 1617 τῆς
1013 1549 1190 1617 χαρᾶς
1214 1546 1376 1599 αὐτοῦ
1409 1545 1631 1612 ὑπάγει,
1663 1544 1841 1598 πάντα
1866 1544 1966 1596 ὅσα

388 1643 505 1714 ἔχει
528 1642 722 1708 πωλεῖ,
763 1640 855 1694 καὶ
882 1638 1143 1710 ἀγοράζει
1180 1640 1270 1691 τὸν
1302 1637 1468 1707 ἀγρὸν
1502 1638 1731 1691 ἐκεῖνον.
1776 1634 1971 1704 Ἀγρὸς

388 1740 418 1789 6
450 1736 674 1805 κόσμος,
703 1732 973 1804 θησαυρὸς
1015 1732 1076 1785 τὸ
1123 1733 1385 1801 κήρυγμα
1429 1729 1523 1781 καὶ
1552 1729 1584 1797 ή
1615 1727 1817 1797 γνῶσις
1874 1723 1968 1779 τοῦ

390 1825 651 1898 Χριστοῦ.
689 1824 1014 1896 Κέκρυπται
1043 1824 1099 1877 δὲ
1142 1825 1199 1876 ὲν
1242 1822 1319 1892 τῷ
1372 1821 1581 1890 κόσμῳ.
1607 1819 1807 1887 Σοφίαν
1836 1817 1965 1888 γὰρ,

2081 607 2249 662 regno
2273 592 2450 647 Patris
2474 598 2580 648 sui.
2602 593 2701 661 Qui
2720 595 2881 649 habet
2909 612 3067 653 aures
3099 600 3370 669 audiendi,
3393 606 3595 660 audiat.
3632 625 3654 659 ι

2086 684 2351 750 Quoniam
2378 686 2459 740 sol
2493 686 2703 741 videtur
2735 690 2890 743 nobis
2948 692 3201 749 omnibus
3234 696 3409 751 stellis
3443 698 3655 770 fulgen-

2085 778 2212 844 tior,
2250 788 2537 849 propterea
2559 793 2836 850 comparat
2861 784 2967 853 70
2992 784 3089 839 soli
3124 786 3391 853 iustorum
3423 791 3648 846 clarita-

2081 878 2211 924 tem.
2234 868 2367 924 Nam
2389 880 2444 925 et
2474 886 2636 936 super
2665 872 2831 927 solem
2862 874 3162 943 fulgebunt,
3186 877 3417 933 fortasse
3447 890 3652 946 autem,

2079 961 2203 1031 quia
2246 960 2338 1016 Sol
2367 963 2591 1033 iustitiae
2619 964 2889 1021 Christus.
2915 967 3219 1036 Tuncjusti
3286 969 3567 1042 fulgebunt
3597 984 3656 1028 ut

2077 1055 2347 1112 Christus.
2386 1056 2560 1113 Erunt
2589 1060 2733 1114 enim
2770 1071 2822 1117 ct
2851 1060 2954 1131 ipsi
2989 1061 3083 1118 dii.

2146 1371 2427 1429 Vens“.
2469 1390 2489 1426 ι
2521 1373 2721 1428 lterum
2770 1375 2950 1431 simile
2979 1385 3062 1432 est
3109 1390 3334 1448 regnum
3386 1381 3648 1437 cmlorum

2074 1465 2331 1521 thesauro
2368 1468 2422 1519 in
2468 1482 2599 1535 agro
2622 1468 2958 1535 abscondito,
3011 1484 3170 1538 quem
3230 1472 3391 1525 homo
3424 1476 3512 1542 qui
3568 1476 3647 1527 in-

2071 1559 2239 1620 venit,
2304 1558 2606 1623 abscondit,
2650 1568 2705 1612 et
2764 1576 2872 1626 prae
2941 1561 3137 1631 gaudio
3184 1563 3331 1617 illius
3396 1567 3541 1619 vadit
3596 1578 3653 1621 et

2070 1650 2252 1702 vendit
2312 1650 2562 1705 universa
2640 1666 2761 1721 quae
2821 1653 3028 1718 habet,
3116 1662 3171 1709 et
3247 1656 3380 1709 emit
3457 1672 3646 1724 agrum

2069 1740 2243 1797 illum.
2301 1759 2321 1793 ι
2380 1743 2545 1812 Ager,
2612 1743 2847 1798 mundus
2904 1759 2919 1797 :
2983 1744 3285 1811 thesaurus,
3340 1749 3649 1816 prredicatio

2068 1842 2122 1886 et
2145 1832 2375 1888 scientia
2414 1834 2641 1889 Christi.
2683 1835 2942 1889 Occultus
2983 1846 3067 1890 est
3107 1847 3286 1891 autem
3318 1838 3372 1891 in
3418 1842 3640 1894 mundo.

397 1911 565 1983 φησὶν
592 1912 622 1964 6
672 1911 904 1977 Παῦλος,
933 1910 1275 1983 κηρύττομεν
1313 1910 1411 1977 τὴν
1443 1907 1961 1979 ἀποκεκρυμμένην·

2074 1920 2413 1992 Sapientiam
2450 1926 2618 1990 enim,
2661 1925 2838 1993 inquit
2886 1927 3103 1992 l'aulus,
3133 1930 3488 1997 praedicamus
3517 1936 3645 1985 abs-

391 2010 420 2061 6
467 2007 527 2060 δὲ
556 2006 739 2075 ζητῶν
771 2006 869 2077 τὴν
911 2005 1003 2058 τοῦ
1057 2004 1188 2057 Θεοῦ
1239 2003 1462 2071 γνῶσιν,
1492 2002 1737 2072 εὑρίσκει
1776 2002 1966 2073 αὐτήνο

388 2101 485 2153 καὶ
523 2100 700 2153 πάντα
744 2100 842 2151 ὅσα
881 2098 1030 2168 ἔχει,
1088 2097 1199 2149 εἴτε
1252 2096 1498 2166 δόγματα
1547 2096 1822 2166 ἑλληνικά,
1860 2095 1969 2148 είτε

390 2194 497 2263 ἤθη
546 2192 797 2262 πονηρὰ,
868 2192 976 2243 είτε
1027 2191 1318 2261 χρήματα,
1375 2190 1554 2258 ῥίπτει
1590 2189 1814 2251 εὐθέως,
1875 2187 1968 2242 καὶ

391 2283 653 2353 ἀγοράζει
681 2281 774 2335 τδν
801 2281 992 2353 ἀγρὸν,
1056 2280 1307 2333 τουτέστι
1334 2320 1346 2342 ,
1373 2280 1464 2332 τὸν
1515 2278 1718 2349 κόσμον
1737 2298 1751 2310 ·
1780 2280 1967 2350 κτῆμα

388 2378 499 2446 γὰρ
552 2376 681 2427 ἴδιον
720 2373 955 2443 ἔχειτὸν
1001 2372 1224 2441 κόσμον,
1265 2372 1292 2424 6
1326 2370 1424 2440 τὴν
1456 2363 1654 2438 γνῶσιν
1695 2370 1789 2424 τοῦ
1834 2372 1966 2440 Χρι-

390 2467 517 2522 στοῦ
551 2468 711 2539 ἔχων·
742 2466 892 2520 οὐδὲν
932 2466 1040 2535 γὰρ
1075 2464 1234 2535 ἔχων,
1261 2464 1329 2517 τά
1358 2465 1533 2518 πάντα
1575 2464 1817 2535 κατέχει,
1872 2466 1966 2518 καὶ

384 2562 549 2614 δοῦλα
597 2562 710 2631 ἔχει
740 2559 807 2612 τά
836 2560 1097 2629 στοιχεῖα,
1127 2558 1430 2612 ἐπιτάττων
1457 2557 1639 2620 αὐτοῖς
1668 2557 1741 2619 ὡς
1776 2557 1805 2607 6
1855 2557 1964 2626 ’1η-

389 2653 539 2716 σοῦς,
574 2652 649 2714 ὡς
673 2650 900 2719 Μωσῆς.

462 2786 482 2820 ο
533 2767 703 2821 Πάλιν
749 2766 913 2836 ὁμοία
961 2764 1109 2817 ἐστὶν
1160 2764 1194 2834 ὴ
1257 2762 1503 2833 βασιλεία
1558 2762 1667 2817 τῶν
1718 2761 1964 2834 οὐρανῶν

383 2858 661 2928 ἀνθρώπῳ
698 2856 927 2929 ἐμπόρῳ
976 2854 1228 2926 ζητοῦντι
1282 2855 1480 2917 καλοὺς
1512 2853 1874 2926 μαργαρίτας,
1902 2853 1965 2917 ὃς

380 2949 562 3022 εὑρὼν
586 2951 684 3003 ἕνα
712 2948 1008 3018 πολύτιμον
1034 2949 1400 3020 μαργαρίτην,
1423 2947 1677 3002 ἀπελθὼν
1708 2947 1963 3019 πέπρακε

2072 2016 2366 2072 conditam.
2421 2017 2679 2083 Quaereris
2724 2028 2902 2071 autem
2959 2019 3238 2074 scientiam
3285 2022 3397 2086 Dei,
3444 2023 3648 2076 invenit

2071 2121 2192 2162 eam
2224 2126 2237 2161 :
2272 2117 2320 2161 et
2359 2110 2541 2163 omnia
2585 2124 2703 2179 qua:
2728 2109 2911 2173 habet,
2954 2110 3068 2163 sive
3104 2113 3319 2180 gentilia
3370 2112 3644 2181 dogmata,

2070 2198 2187 2255 sive
2221 2201 2393 2256 malos
2439 2216 2642 2266 mores,
2677 2203 2793 2257 sive
2834 2202 3073 2267 divitias,
3110 2203 3293 2272 abjicit
3352 2205 3558 2265 Statim,
3589 2217 3647 2257 et

2070 2296 2254 2349 vendit
2291 2310 2499 2366 agrum,
2535 2296 2585 2350 id
2618 2308 2721 2361 est,
2758 2298 3037 2350 mundum.
3061 2295 3196 2350 Nam
3220 2298 3312 2367 qui
3352 2299 3640 2352 scientiam

2070 2390 2233 2444 habet
2259 2390 2484 2455 Christi,
2512 2394 2907 2460 possessionem
2953 2394 3229 2463 propriam
3282 2393 3446 2447 habet
3491 2409 3646 2446 mun-

2069 2484 2188 2535 dam
2224 2498 2239 2548 ;
2277 2483 2409 2536 nihil
2442 2476 2582 2536 enim
2613 2486 2837 2549 habens,
2894 2486 3073 2539 orituia
3126 2487 3380 2553 possidet,
3423 2495 3477 2539 et
3535 2487 3641 2539 ele-

2067 2574 2245 2620 menta
2281 2566 2329 2621 ei
2351 2568 2614 2633 serviunt,
2643 2578 2697 2622 et
2725 2569 2951 2639 imperat
2980 2569 3106 2635 illis,
3139 2572 3275 2625 sicut
3307 2582 3361 2626 et
3390 2570 3547 2626 Jesus
3585 2583 3641 2625 et

2067 2657 2302 2729 Moyses.

2145 2771 2309 2827 Vens.
2352 2772 2443 2837 45,
2480 2772 2570 2827 46.
2606 2790 2625 2824 ‹
2653 2771 2852 2827 lterum
2873 2774 3048 2827 simile
3079 2783 3164 2827 est
3212 2790 3435 2844 regnum
3468 2777 3641 2832 caelo-

2066 2876 2184 2916 rum
2218 2862 2419 2917 homini
2447 2864 2769 2934 negotiatori
2805 2865 3064 2934 quiereuti
3098 2864 3264 2920 bonas
3291 2869 3636 2935 margaritas,

2065 2956 2157 3027 qui
2228 2972 2350 3010 cum
2423 2956 2630 3010 invenit
2688 2972 2852 3011 unam
2914 2958 3203 3026 pretiosam
3250 2960 3637 3031 margaritam.

385 3045 565 3097 πάντα
600 3044 704 3097 ὅσα
733 3037 870 3113 εἶχε,
893 3043 987 3095 καὶ
1032 3041 1307 3113 ⁴Ιιγγόρασεν
1355 3040 1541 3095 αὐτόν.
1572 3059 1591 3091 ι
1623 3039 1900 3109 Θάλασσα,
1933 3042 1961 3096 6

2071 3046 2261 3103 abiens
2288 3048 2530 3104 vendidit
2557 3048 2741 3102 omnia
2770 3062 2890 3117 quae
2913 3049 3238 3118 possidebat,
3272 3058 3326 3102 et
3368 3058 3639 3104 mercatus

386 3136 579 3208 παρὼν
610 3135 746 3206 βίος.
778 3137 1074 3206 Ἐμποροι,
1100 3136 1150 3188 οἱ
1183 3135 1270 3189 διὰ
1287 3134 1478 3188 τούτου
1512 3134 1849 3206 διερχόμενοι
1866 3134 1961 3189 καὶ

2063 3150 2145 3195 est
2168 3139 2334 3194 illam.
2369 3158 2388 3191 ι
2425 3137 2571 3194 Mare
2596 3147 2679 3195 est
2710 3154 2948 3208 praesens
2974 3139 3101 3193 vita.
3127 3137 3517 3209 Negotiatores,
3546 3142 3635 3209 qui

382 3230 678 3301 ζητοῦντες
732 3228 933 3298 γνῶσίν
964 3245 1086 3282 τινα
1124 3228 1323 3297 εὑρεῖν.
1354 3227 1545 3281 Πολλοὶ
1588 3228 1685 3299 μὲν
1719 3227 1815 3281 οῦν
1870 3228 1958 3281 δο-

2064 3248 2162 3303 per
2203 3233 2339 3287 hanc
2361 3231 2638 3287 ambulant
2659 3240 2714 3286 et
2745 3240 2994 3301 quaerunt
3033 3231 3316 3285 scientiam
3348 3233 3633 3297 quamdam

382 3324 545 3377 χοῦσι
580 3322 939 3392 μαργαρῖται,
976 3321 1031 3372 αἱ
1078 3320 1189 3373 τῶν
1218 3319 1429 3373 πολλῶν
1460 3319 1641 3389 σοφῶν
1672 3319 1850 3385 δόξαν
1878 3312 1959 3383 εἷς

2063 3326 2326 3381 invenire.
2359 3325 2537 3380 Multae
2560 3327 2703 3379 enim
2736 3324 3064 3393 margarita},
3094 3323 3386 3377 multorum
3426 3324 3638 3392 sapien-

382 3415 441 3467 δὲ
468 3426 495 3468 6
541 3413 858 3481 πολύτιμος.
906 3411 1021 3466 Μία
1058 3410 1167 3482 γὰρ
1217 3413 1251 3482 ἠ
1306 3411 1551 3482 ἀλήθεια,
1587 3412 1706 3482 ἣτις
1735 3410 1883 3464 ἐστὶν
1929 3413 1958 3465 6

2064 3426 2173 3471 tum
2204 3417 2510 3487 opiniones.
2545 3414 2663 3471 Una
2726 3426 2901 3470 autem
2945 3416 3203 3485 pretiosa.
3236 3429 3340 3468 una
3384 3422 3467 3468 est
3497 3415 3637 3469 veri-

380 3506 637 3576 Χριστός.
698 3505 907 3573 Ὠσπερ
945 3502 1037 3557 οῦν
1066 3505 1093 3555 6
1121 3503 1464 3573 μαργαρίτης
1494 3504 1787 3574 ἱστορεῖται
1831 3518 1957 3570 γεν-

384 3601 581 3655 νᾶσθαι
611 3603 670 3653 ὲν
702 3599 934 3669 ὀστρέῳ,
967 3592 1120 3667 ᾧπερ
1177 3597 1450 3665 ἀνοίγοντι
1474 3597 1573 3659 τὰς
1606 3596 1834 3666 πτύχας,
1874 3597 1958 3649 ὲν-

384 3695 615 3763 σκήπτει
646 3691 923 3762 ἀστραπή·
955 3685 1075 3743 εἶτα
1118 3690 1281 3742 πάλιν
1313 3688 1689 3758 συγκλείοντος
1728 3688 1954 3751 ταύτας,

382 3780 447 3831 ὲκ
482 3779 578 3848 τῆς
610 3776 901 3848 ἀστραπῆς
950 3777 1045 3829 καὶ
1077 3775 1174 3845 τῆς
1207 3775 1399 3847 δρόσου
1452 3774 1887 3844 συλλαμϐάνεται
1927 3775 1956 3828 6

384 3860 754 3941 μαργαρίτης,
790 3868 885 3922 καὶ
921 3868 1006 3921 διά
1056 3866 1213 3920 τοῦτο
1243 3864 1567 3928 λευκότατός
1600 3867 1766 3918 ἐστιν’
1798 3863 1943 3918 οὑτω

382 3961 479 4013 καὶ
513 3962 541 4013 6
579 3959 815 4030 Χριστὸς
845 3959 902 4010 ὲν
932 3960 997 4026 τῇ
1024 3956 1281 4027 Παρθένῳ
1311 3952 1616 4023 συνελήφθη
1646 3954 1703 4018 ἐξ
1753 3954 1955 4022 ἀστρα-

270 4048 279 4053 ’
382 4057 490 4125 πῆς
518 4060 619 4126 τῆς
650 4052 877 4116 ἀνωθεν,
906 4052 996 4105 τοῦ
1031 4051 1187 4118 ἁγίου
1218 4047 1553 4117 Πνεύματος·
1593 4045 1893 4115 κα“ιῶσπερ
1927 4046 1956 4098 6

389 4146 739 4217 μαργαρίτην
783 4143 939 4213 ἔχων,
978 4141 1238 4203 πολλάκις
1264 4140 1513 4208 κατέχων
1547 4134 1737 4188 τοῦτον
1769 4137 1825 4187 ὲν
1884 4136 1951 4205 τῇ

379 4240 545 4308 χειρὶ,
581 4236 745 4299 αὐτὸς
779 4236 875 4304 μὲν
914 4229 1023 4286 οἶδε
1058 4233 1223 4285 πόσον
1272 4230 1502 4284 πλοῦτον
1547 4228 1682 4300 ἔχει,
1719 4225 1867 4280 ἄλλοι
1897 4225 1955 4278 δὲ

378 4327 688 4396 ἀγνοοῦσινο
727 4324 871 4379 οὑτω
924 4326 1017 4378 καὶ
1048 4324 1109 4377 τὸ
1138 4325 1399 4393 κήρυγμα
1459 4324 1516 4376 ὲν
1556 4324 1669 4384 τοῖς
1724 4318 1954 4387 ἀφανέσι

378 4420 472 4472 καὶ
498 4418 744 4471 εὐτελέσι
770 4416 1091 4488 κρύπτεται.
1119 4416 1209 4467 Δεῖ
1243 4411 1334 4467 οὖν
1367 4413 1554 4468 τοῦτον
1593 4412 1686 4466 τὸν
1742 4426 1958 4482 μαργα-

380 4510 537 4581 ρίτην
562 4508 819 4573 κτᾶσθαι,
849 4508 1027 4561 πάντα
1050 4507 1309 4569 διδόντας.

456 4646 474 4677 ι
540 4625 710 4677 Πάλιν
758 4623 917 4692 ὁμοία
975 4621 1183 4690 ἐστὶνὴ
1239 4620 1485 4690 βασιλεία
1550 4620 1658 4674 τῶν
1709 4621 1954 4694 οὐρανῶν

2060 3520 2167 3578 tas,
2197 3526 2315 3580 qua:
2341 3510 2551 3565 scilicet
2595 3509 2846 3564 Christus
2878 3518 2980 3563 est.
3011 3496 3178 3578 Igitur
3204 3507 3344 3561 sicut
3389 3506 3455 3561 de
3492 3520 3637 3560 mar-

2058 3602 2232 3672 garita
2276 3602 2509 3655 traditur
2548 3601 2691 3669 quod
2738 3601 2789 3652 in
2839 3600 3046 3655 concha
3090 3607 3369 3661 nascatur,
3408 3612 3527 3667 qua;
3574 3612 3634 3651 se

2058 3693 2234 3764 aperit
2290 3701 2530 3762 tempore
2566 3692 2809 3762 fulgoris,
2857 3700 2911 3745 et
2954 3691 3077 3745 dein
3139 3691 3336 3745 iterum
3380 3688 3629 3744 claudit.

2059 3786 2365 3853 concipitur
2396 3788 2579 3854 itaque
2604 3792 2714 3837 tum
2742 3771 2807 3840 ei
2835 3783 3042 3852 fulgore
3067 3792 3119 3837 et
3148 3798 3287 3849 rore,
3324 3789 3634 3851 propterea-

2058 3890 2162 3947 que
2189 3876 2415 3930 candida
2445 3884 2521 3930 est
2557 3892 2571 3929 :
2606 3874 2685 3929 sic
2727 3884 2780 3927 et
2806 3874 3050 3928 Christus
3085 3873 3137 3926 in
3171 3872 3391 3939 Virgine
3434 3885 3630 3935 conce-

2058 3978 2244 4036 ceptus
2273 3975 2373 4035 est,
2402 3982 2464 4021 ex
2490 3981 2720 4035 superno
2750 3964 2959 4034 fulgore
2995 4005 3010 4029 ,
3037 3964 3267 4035 Spiritus
3296 3964 3466 4018 sancti
3489 3963 3635 4019 scili-

2058 4070 2162 4115 cet.
2190 4060 2253 4113 Et
2310 4060 2449 4113 sicut
2499 4071 2641 4127 saepe
2695 4056 3040 4126 margaritam
3094 4064 3282 4110 tenens
3330 4054 3385 4108 in
3447 4068 3634 4117 manu,

2060 4152 2169 4221 ipse
2191 4152 2292 4205 scit
2315 4158 2546 4219 quantas
2568 4147 2765 4203 habeat
2782 4146 3018 4211 divitias,
3041 4146 3125 4199 alii
3144 4155 3319 4200 autem
3343 4146 3591 4215 ignorant
3614 4161 3631 4198 :

2060 4243 2129 4295 ita
2165 4240 2563 4309 etvprzedicatio
2587 4239 2638 4292 in
2674 4236 2923 4292 obscuris
2952 4244 3006 4290 et
3026 4234 3362 4303 simplicibus
3393 4235 3628 4289 abscon-

2059 4336 2169 4389 dita
2202 4342 2306 4390 est.
2333 4333 2499 4389 Docet
2527 4332 2692 4402 igitur
2723 4342 2781 4386 ut
2809 4329 2951 4385 datis
2978 4327 3230 4384 omnibus
3276 4327 3623 4399 margaritam

2058 4427 2195 4481 hanc
2214 4425 2609 4496 possideamus.

2131 4626 2295 4682 Vens.
2325 4626 2513 4681 47-50.
2548 4644 2566 4678 ι
2611 4623 2809 4680 lterum
2850 4623 3027 4680 simile
3068 4632 3150 4681 est
3200 4638 3422 4694 regnum
3456 4621 3626 4678 coelo-

379 4722 591 4789 σαγήνη
630 4718 886 4789 βληθείσῃ
926 4718 1005 4780 εἰς
1066 4714 1166 4786 τὴν
1208 4716 1483 4769 θάλασσαν
1522 4716 1617 4768 καὶ
1654 4717 1717 4769 ὲκ
1758 4718 1956 4781 παντὸς

2063 4735 2175 4773 runt
2224 4734 2458 4789 sagenaz,
2486 4735 2608 4789 qua:
2640 4720 2690 4772 in
2728 4733 2875 4773 mare
2907 4719 3070 4773 missa
3120 4731 3188 4771 ex
3225 4715 3370 4771 omni
3427 4728 3626 4785 genere

377 4816 566 4881 γένους
582 4807 973 4878 συναγωγούσῃ
986 4850 999 4866 ,
1018 4808 1084 4877 ἢν
1107 4808 1193 4859 ὅτε
1215 4804 1507 4876 ἐπληρώθη
1526 4806 1959 4870 ἀναϐιϐάσαντες

374 4906 467 4958 ἐπὶ
500 4904 593 4956 τὸν
617 4899 885 4970 αἰγιαλὸν,
915 4899 1008 4951 καὶ
1035 4898 1378 4962 καθίσαντες,
1407 4896 1694 4962 συνέλεξαν
1718 4897 1785 4951 τά
1815 4896 1958 4951 καλά

374 4998 454 5059 εἰς
484 4997 704 5062 ἀγγεῖα,
734 4992 803 5044 τά
859 4992 915 5045 δὲ
956 4988 1139 5060 σαπρά
1183 4987 1286 5053 ἔξω
1331 4988 1521 5042 ἔϐαλον
1549 5005 1565 5021 ο
1599 4988 1771 5051 οὑτως
1804 4988 1957 5043 ἔσται

375 5090 433 5141 ἐν
465 5090 533 5157 τῇ
561 5084 842 5155 συντελείᾳ
874 5082 969 5136 τοῦ
1015 5083 1231 5145 αἰῶνος.
1287 5079 1698 5144 Ἐξελεύσονται
1754 5083 1801 5134 oi
1850 5082 1954 5150 ἀγ·-

378 5183 547 5246 γελοι,
576 5179 670 5232 καὶ
721 5176 1003 5245 ἀφοριοῦσι
1039 5176 1164 5239 τοῦς
1205 5177 1474 5245 πονηροὺς
1515 5176 1581 5227 ὲκ
1634 5174 1801 5244 μέσου
1844 5174 1955 5228 τῶν

375 5271 620 5336 δικαίων,
675 5270 770 5321 καὶ
806 5267 1055 5338 βαλοῦσιν
1100 5268 1295 5331 αὐτοὺς
1325 5268 1404 5329 εἰς
1436 5267 1534 5335 τὴν
1580 5266 1809 5335 κάμινον
1854 5265 1948 5321 τοῦ

378 5364 566 5433 πυρός·
602 5364 720 5416 ἐκεῖ
768 5360 919 5414 ἔσται
972 5363 999 5413 6
1044 5360 1320 5430 κλαυθμὸς
1374 5359 1469 5412 καὶ
1496 5362 1524 5411 6
1568 5358 1814 5428 βρυγμὸς
1842 5358 1950 5412 τῶν

375 5457 625 5510 ὀδόντων.
664 5474 681 5505 ι
709 5454 918 5525 Φοϐερά
940 5454 1077 5522 αὐτη
1100 5451 1456 5523 ὴπαραϐολὴ·
1486 5451 1724 5505 δείκνυσι
1742 5453 1948 5522 γάρὸτι

377 5552 479 5603 κᾶν
514 5547 880 5617 πιστεύωμεν,
919 5547 995 5617 μὴ
1019 5546 1230 5617 ἔχωμεν
1268 5546 1324 5599 δὲ
1359 5545 1472 5614 βίον
1514 5544 1736 5613 ἀγαθὸν,
1767 5548 1845 5609 είς
1888 5545 1948 5597 τὸ

375 5641 487 5709 ⁸πῦρ
508 5639 853 5711 ριφησόμεθα
874 5656 887 5669 ⁸
918 5641 1125 5710 σαγήνη
1163 5638 1260 5708 μὲν
1293 5638 1399 5708 γὰρ
1429 5638 1461 5707 ἡ
1487 5636 1806 5691 διδασκαλία
1838 5636 1947 5691 τῶν

373 5733 570 5787 ἀλιέων
611 5731 943 5796 ἀποστόλων,
974 5733 1008 5803 ἦ
1040 5732 1253 5801 ὲπλάκη
1293 5729 1401 5781 ἀπό
1441 5746 1500 5782 τε
1558 5730 1801 5799 σημείων
1852 5730 1944 5784 καὶ

378 5823 695 5896 μαρτυριῶν
739 5824 1115 5898 προφητικῶν.
1156 5825 1222 5877 Ἀ
1262 5821 1371 5894 γὰρ
1412 5821 1689 5879 ἐδίδασκον
1726 5824 1773 5876 oi
1800 5809 1941 5879 ἀπό-

2053 4812 2421 4880 congregavit,
2454 4827 2617 4881 quam
2657 4819 2717 4864 ut
2771 4810 2984 4878 impleta
3019 4808 3212 4863 fuisset
3256 4805 3618 4862 subducentes

2054 4903 2119 4955 ad
2154 4902 2326 4967 littus,
2353 4914 2409 4957 et
2457 4904 2709 4957 sedentes
2757 4902 3090 4971 collegerunt
3151 4914 3266 4970 ,zua:
3307 4900 3441 4953 bona
3475 4907 3621 4962 sunt,

2051 4999 2105 5053 in
2137 5012 2261 5051 vasa
2291 5014 2305 5050 :
2342 5011 2463 5065 qua:
2498 5010 2627 5051 vero
2678 4994 2841 5060 mala,
2870 4994 3016 5048 foras
3065 4993 3365 5063 eiecerunt.
3395 4990 3487 5045 Sic
3514 4992 3622 5045 erit

2056 5091 2108 5145 iu
2143 5088 2608 5145 consummatione
2635 5089 2838 5142 saeculi.
2900 5084 3136 5139 Exibunt
3161 5084 3358 5152 angeli,
3383 5092 3439 5137 et
3466 5097 3621 5152 sepa-

2052 5183 2247 5236 rabuut
2279 5180 2446 5234 malos
2485 5181 2551 5234 de
2584 5178 3071 5245 mediojustorum,
3094 5184 3149 5232 et
3191 5176 3404 5230 mittent
3436 5190 3529 5229 eos
3568 5176 3621 5228 in

2056 5274 2324 5326 caminum
2354 5272 2513 5341 ignis,
2545 5271 2613 5324 ibi
2647 5271 2749 5324 erit
2784 5269 2940 5322 ﬂetus
2970 5276 3024 5321 et
3049 5267 3252 5322 stridor
3295 5268 3564 5321 dentium.
3593 5284 3616 5317 ι

2056 5363 2342 5418 Terribilis
2373 5374 2456 5417 est
2492 5363 2606 5416 hate
2646 5360 2900 5431 parabola
2930 5377 2944 5427 ;
2992 5359 3229 5414 ostendit
3260 5359 3402 5413 enim
3452 5356 3621 5427 quod,

2054 5454 2177 5510 licet
2222 5456 2526 5519 credamus,
2562 5467 2665 5506 non
2736 5451 3027 5506 habeamus
3078 5461 3258 5505 autem
3300 5450 3466 5503 vitam
3524 5450 3625 5501 bo-

2057 5563 2205 5611 nam,
2242 5547 2299 5600 in
2350 5547 2527 5615 ignem
2570 5543 2940 5613 projiciemur.
2994 5541 3205 5614 Sagena
3268 5541 3486 5610 quidem
3537 5548 3622 5593 est

2053 5640 2295 5696 doctrinm
2351 5640 2680 5707 piscatorum
2715 5638 3101 5706 apostolorum,
3133 5651 3253 5707 qua!
3289 5649 3356 5688 ex
3392 5633 3622 5687 miracu-

2050 5732 2116 5786 lis
2167 5740 2221 5785 et
2273 5728 2595 5783 testimoniis
2642 5728 3022 5798 prophetarum
3055 5739 3301 5781 connexa
3355 5731 3457 5777 est.
3489 5722 3622 5787 Quae

2049 5822 2194 5878 enim
2246 5820 2512 5877 docebant
2568 5819 2819 5890 apostoli,
2881 5819 3168 5875 ﬁrmabant
3222 5814 3517 5883 miraculis,
3566 5823 3622 5867 et
