4078 6464
419 352 526 417 Ξ91

1267 341 1848 424 THEOPHYLACTI
1902 338 2318 399 BULGARUE
2359 339 2719 412 ARCHIEP.

3567 333 3679 398 292

417 469 794 539 prophetarum
831 457 1089 516 'vocibus.
1138 458 1263 513 "me
1295 457 1458 526 igitur
1499 471 1697 525 sageua
1728 469 1792 508 ex
1845 454 1990 508 omni

2116 453 2297 517 πτολοι,
2342 452 2624 507 ὲὸεόαίουν
2673 453 2785 516 τοῖς
2829 469 2886 504 τε
2946 450 3212 520 Θαύμασι,
3259 450 3352 504 καὶ
3407 453 3527 514 ταῖς
3569 453 3679 504 τῶν

417 574 612 631 genere
669 552 1064 625 congregavit,
1113 549 1404 614 Barbaros,
1466 547 1703 611 Graecos,
1754 544 1990 610 Judacos,

416 651 748 712 meretrices,
787 645 1124 717 publicanos,
1147 641 1410 696 latrones.
1435 641 1660 707 Quando
1692 651 1870 692 autem
1893 640 1995 692 im-

415 743 559 811 pleta
587 740 772 807 fuerit,
814 740 913 798 hoc
949 744 1054 802 est,
1085 731 1556 790 consummabitur
1583 731 1836 796 mundus,
1867 740 1996 783 tunc

415 835 504 903 qui
542 833 594 887 in
623 846 823 902 sagena
858 829 1078 893 fuerint,
1102 828 1499 883 discernentur.
1545 821 1679 878 Nam
1711 822 1842 878 licet
1880 834 1999 876 ere-
2037 831 2048 842 ‘

416 924 732 984 diderimus,
788 920 995 976 inventi
1028 919 1132 988 71
1165 925 1346 973 autem
1415 914 1678 970 fuerimus
1723 912 1871 978 mali,
1903 913 1999 968 ab-

417 1015 679 1078 iiciemur.
713 1011 813 1079 Qui
839 1019 1014 1066 autem
1047 1025 1153 1064 non
1207 1007 1371 1071 tales,
1408 1007 1462 1060 in
1503 1020 1636 1060 vasa
1689 1006 1996 1069 mittentur,

417 1116 619 1158 :eterna
654 1102 1000 1159 tabernacula
1023 1101 1162 1156 dico.
1190 1097 1362 1154 Omne
1380 1107 1560 1152 autem
1592 1111 1751 1166 opus,
1770 1096 1883 1150 sive
1902 1093 1999 1149 bo-

393 1183 570 1258 num,
600 1195 715 1249 sive
752 1193 970 1256 malum,
1012 1193 1162 1246 cibus
1201 1189 1398 1246 dicitur
1430 1203 1552 1244 esse
1579 1189 1793 1242 animm.
1828 1185 2002 1240 liabet

418 1291 562 1342 enim
583 1289 760 1342 anima
778 1285 1083 1356 spirituales
1095 1286 1301 1340 dentes.
1323 1281 1471 1338 Tunc
1484 1289 1660 1336 autem
1679 1280 1856 1333 anima
1875 1278 2002 1332 stri-

423 1377 566 1432 derit
604 1378 729 1444 illis,
770 1379 871 1432 hoc
911 1388 1013 1439 est,
1055 1375 1368 1444 nperativas
1407 1387 1534 1434 suas
1561 1372 1793 1424 virtutes
1818 1376 2003 1423 conte-

423 1480 503 1524 ret
528 1484 593 1523 eo
621 1472 762 1538 quod
796 1469 908 1523 haec
945 1468 1157 1522 fecerit.

491 1651 654 1705 Vens.
691 1651 780 1713 5|,
808 1650 895 1704 52.
934 1669 952 1697 ς
981 1648 1121 1702 Dicit
1156 1648 1260 1703 illis
1291 1646 1481 1713 Jesus;
1522 1644 1865 1699 lntellexistis
1894 1645 2005 1697 iure

2097 544 2392 616 προφητῶν
2414 547 2640 612 φωναῖς.
2668 543 2818 614 Αὕτη
2848 544 3026 598 τοίνυν
3053 545 3085 614 ἡ
3121 544 3354 615 σαγήνη,
3379 544 3444 596 ἐκ
3477 546 3679 607 παντῖς

2099 637 2285 704 γένους
2315 637 2597 702 συνέλαϐε,
2642 637 2985 708 Βαρϐάρους,
3021 636 3314 706 Ἕλληνας,
3367 635 3677 700 Ἰουδαίους.

2099 731 2328 800 ¹πόρνας,
2358 730 2622 795 τελώνας,
2649 731 2869 803 λῃστάς.
2909 731 3037 782 Ὅτε
3067 730 3122 784 δὲ
3174 727 3491 800 ἐπληρώθη,
3521 745 3682 781 τουτ-

2097 823 2274 888 έστιν,
2305 825 2433 876 ὅταν
2466 823 2790 893 συντελεσθῇ
2833 823 2862 880 ὁ
2894 822 3118 892 κόσμος,
3148 823 3272 876 τότε
3302 823 3352 876 οἱ
3387 825 3444 876 ἐν
3487 825 3555 893 τῇ
3582 839 3684 875 σα-

2102 916 2248 988 γήνο
2291 915 2682 987 διακρίνοντα.
2737 915 2858 970 Κᾶν
2889 916 2995 984 γὰρ
3047 913 3472 984 ἐπιστεύσαμεν,
3525 913 3685 984 εὐρε-

2103 1008 2286 1078 θῶμεν
2313 1009 2369 1061 δὲ
2393 1009 2616 1080 σαπροὶ,
2651 1008 2956 1079 ριπτόμεθα
2984 1027 2996 1038 α
3027 1009 3092 1061 oi"
3117 1008 3174 1060 δὲ
3204 1006 3281 1077 μὴ
3321 1006 3574 1071 τοιοῦτοι,
3604 1006 3687 1066 είς

2103 1101 2300 1168 ἀγγεῖα
2328 1099 2636 1169 βάλλονται,
2655 1100 2798 1167 λέγω
2819 1100 2882 1172 δὴ
2901 1100 2997 1163 τὰς
3014 1099 3268 1162 αἰωνίους
3286 1099 3510 1170 σκηνάς.
3527 1100 3687 1152 Πᾶσα

2103 1193 2158 1246 δὲ
2183 1193 2383 1262 πρᾶξις
2415 1193 2525 1246 εἴτε
2561 1195 2761 1265 ἀγαθὴ,
2789 1196 2896 1247 είτε
2949 1193 3183 1264 πονηρὰ,
3214 1193 3409 1264 βρῶμα
3460 1193 3687 1260 λέγεται

2103 1277 2244 1332 εἶναι
2274 1284 2371 1351 τῆς
2415 1282 2615 1352 ψυχῆς.
2651 1283 2804 1353 Ἔχει
2837 1284 2946 1353 γάρ
2987 1283 3205 1348 ὀδόντας
3239 1285 3465 1353 νοητοὺς
3495 1285 3590 1337 καὶ
3650 1286 3685 1353 ἡ

2103 1370 2273 1444 ψυχή.
2314 1374 2451 1426 Τότε
2487 1373 2582 1427 οὖν
2632 1375 2666 1445 ἡ
2703 1374 2852 1446 ψυχὴ
2898 1375 3089 1447 βρύχει
3137 1375 3381 1442 τούτους,
3411 1377 3532 1445 ἦτοι
3583 1378 3688 1437 τάς

2106 1465 2420 1536 πρακτικάς
2468 1466 2643 1536 αὐτῆς
2717 1467 2979 1538 δυνάμεις
3045 1467 3469 1542 συντριϐομένη,
3547 1468 3689 1521 διότι

2104 1557 2332 1612 τοιαῦτα
2363 1558 2621 1629 ἔπραξεν.

2197 1667 2216 1700 ι
2281 1651 2447 1718 Λέγει
2519 1651 2705 1716 αὐτοῖς
2766 1654 2794 1706 ό
2857 1651 3104 1722 Ἰησοῦς·
3155 1653 3441 1724 Συνήκατε
3512 1653 3690 1708 ταῦτα

422 1743 653 1797 omnia?
686 1741 886 1796 Dicunt
937 1741 1012 1795 illi
1049 1741 1289 1806 :Etiam,
1328 1738 1574 1794 Domine.
1622 1738 1692 1790 At
1737 1736 1825 1791 ille
1869 1735 2007 1788 dixit

2116 1743 2288 1796 πάντα
2314 1757 2329 1806 ;
2357 1741 2583 1808 Λέγουσι
2614 1741 2764 1812 αὐτῷ
2792 1757 2803 1770 ·
2836 1743 2965 1805 Ναὶ,
2997 1741 3192 1816 Κύριε.
3239 1742 3296 1796 ’0
3326 1744 3380 1797 δὲ
3409 1740 3561 1796 εἶπεν
3591 1746 3692 1798 αὐ-

427 1837 530 1890 illis
556 1855 570 1891 :
597 1835 884 1903 Propterea
910 1834 1086 1890 omnis
1109 1833 1288 1888 scriba
1335 1831 1524 1887 doetus
1546 1829 1610 1884 ad
1643 1844 1864 1900 regnum
1896 1841 2007 1882 cce-

2116 1837 2220 1898 τοῖς
2254 1849 2266 1864 ·
2295 1834 2391 1888 Διὲι
2433 1833 2591 1888 τοῦτο
2641 1834 2749 1898 πᾶς
2800 1834 3164 1906 γραμματεὺς
3213 1835 3576 1906 μαὺητευϐεὶς
3608 1837 3690 1895 εἰς

429 1930 630 1991 lorum,
685 1926 878 1982 similis
919 1935 1002 1982 est
1042 1925 1442 1994 patrifamilias,
1491 1923 1579 1993 qtti
1626 1921 1896 1991 depromit
1943 1918 2009 1973 de

2116 1924 2207 1994 τὴν
2236 1923 2516 1992 βασιλείαν
2551 1924 2660 1976 τῶν
2699 1925 2968 1995 οὐρανῶν,
3014 1925 3199 1995 ὅμοιός
3229 1927 3377 1979 ἐστιν
3405 1926 3690 2000 ἀνθρώπῳ

429 2021 682 2074 thesauro
729 2033 827 2072 suo
875 2032 1011 2071 nova
1060 2027 1115 2070 et
1167 2028 1371 2070 vetera.
1425 2036 1444 2066 ι
1490 2014 1680 2069 Vidisti
1735 2009 2008 2082 quomodo

2116 2017 2485 2090 οἰκοδεσπότῃ,
2515 2018 2663 2080 ὅστις
2697 2018 2954 2072 ἐκϐάλλει
2985 2018 3048 2070 ὲκ
3072 2017 3164 2071 τοῦ
3205 2017 3484 2090 Θησαυροῦ
3519 2019 3689 2072 αὐτοῦ

425 2111 699 2178 ῃτιτιώυιιιι
749 2109 1069 2164 attentiores
1099 2124 1196 2162 eos
1227 2107 1502 2162 fecerint?
1535 2105 1672 2162 Ecce
1716 2105 1880 2174 igitur
1915 2106 2006 2173 qui

425 2205 559 2256 alias
611 2201 949 2270 insipientes,
1002 2210 1058 2253 et
1108 2198 1370 2268 imperiti,
1416 2196 1731 2265 intelligunt
1783 2209 1846 2249 ea
1887 2209 2008 2263 quae

422 2297 643 2365 oblique
697 2296 867 2350 dicta.
920 2293 1074 2350 Unde
1128 2293 1354 2346 laudans
1399 2305 1493 2344 eos
1537 2288 1808 2352 Salvator,
1854 2287 2006 2349 dicit,

424 2389 614 2445 Omnis
667 2389 878 2452 scriba,
945 2399 1052 2442 etc.
1110 2386 1336 2441 Scribas
1381 2384 1525 2438 enim
1583 2391 1740 2437 vocat
1791 2395 1905 2445 eos,
1953 2387 2011 2432 ttt

425 2483 616 2537 doctos
667 2480 718 2534 in
752 2481 890 2550 lege,
921 2489 976 2532 et
1014 2479 1136 2532 licet
1181 2477 1320 2531 docti
1369 2485 1553 2530 essent
1602 2475 1656 2528 in
1711 2472 1846 2542 lege,
1902 2487 2008 2526 non

426 2578 745 2627 manserunt
773 2580 950 2624 tamen
980 2571 1030 2623 itt
1061 2569 1196 2639 lege,
1225 2568 1319 2623 sed
1343 2567 1485 2622 docti
1513 2573 1642 2621 sunt
1671 2565 1736 2620 ad
1762 2580 2007 2634 regnum,

425 2665 526 2719 hoc
557 2674 662 2726 est,
705 2663 904 2717 Christi
942 2661 1262 2726 scientiam,
1296 2669 1350 2716 et
1389 2667 1614 2729 possunt
1656 2659 1902 2730 proferre
1945 2671 2011 2712 ea

423 2773 542 2827 quze
571 2773 634 2811 ex
669 2770 806 2810 noro
839 2764 893 2810 et
925 2769 1044 2823 qua:
1074 2768 1141 2809 ex
1171 2754 1364 2808 veteri.
1398 2751 1805 2830 Paterfamilias
1834 2751 2004 2821 igitur

423 2853 674 2906 ChriStus
699 2864 756 2905 ttt
782 2852 958 2905 dives.
993 2851 1052 2902 ιιι
1083 2849 1202 2918 ipso
1227 2848 1373 2902 enim
1405 2846 1650 2902 thesauri
1685 2857 1813 2901 sunt
1845 2847 2012 2900 scien-

429 2948 538 3008 tiae,
570 2947 663 3012 qui
710 2959 846 2997 nova
889 2943 1115 3005 docens,
1140 2955 1205 2994 ex
1248 2940 1420 2995 veteri
1457 2937 1816 3008 subjungch
1862 2937 2014 2992 testi-

432 3037 608 3091 monia
649 3054 660 3089 :
688 3036 919 3105 exempli
951 3037 1123 3106 gratia
1156 3035 1389 3099 dixerat,
1419 3034 1523 3088 Pro
1553 3033 1728 3087 otioso
1762 3045 2014 3087 sermone

2113 2109 2276 2162 καινά
2309 2109 2405 2162 καὶ
2445 2109 2673 2164 παλαιά.
2717 2128 2735 2162 ι
2772 2106 2928 2172 Εἶδες
2953 2109 3070 2174 πῶς
3096 2113 3153 2163 αἱ
3178 2111 3486 2181 παραδολαὶ
3518 2130 3693 2180 προσ-

2112 2202 2505 2274 εκτικωτέρους
2544 2202 2742 2265 αὐτοὺς
2774 2202 3074 2270 ὲποίησαν;
3107 2201 3236 2256 Ἰδοῑι
3277 2202 3408 2272 γοῦν
3437 2205 3485 2256 οἱ
3514 2204 3693 2266 ἄλλως

2112 2296 2332 2364 ἀνόητοι
2358 2295 2451 2348 καὶ
2471 2293 2727 2366 ἀμαθεῖς,
2754 2294 2994 2365 συνῆκαν
3012 2295 3079 2348 τὰ
3099 2296 3373 2361 δυσκόλως
3400 2299 3691 2367 εἰρημένα.

2117 2388 2278 2442 Ὅθεν
2332 2387 2568 2441 ἐπαινῶν
2608 2386 2804 2451 αὐτοὺς
2857 2387 2886 2440 ὁ
2941 2387 3154 2457 Σωτὴρ,
3215 2391 3402 2458 φησὶν,
3453 2391 3534 2442 ὅτι
3577 2391 3694 2452 Πᾶς

2113 2480 2500 2552 γραμματεὺς,
2537 2479 2628 2533 καί
2659 2480 2726 2533 τά
2777 2479 2926 2550 ἑξῆς.
2970 2480 3346 2551 Γραμματέας
3387 2483 3495 2550 γὰρ
3544 2481 3695 2550 λέγει

2115 2573 2329 2634 αὐτοὺς,
2378 2573 2452 2634 ὼς
2511 2571 2865 2642 νομομαοεῖς,
2912 2571 3028 2625 ἀλλ’
3089 2574 3137 2626 εί
3191 2575 3288 2627 καὶ
3360 2575 3694 2644 νομομαθεῖς

2113 2661 2274 2736 ἦσαν,
2312 2665 2412 2718 οὐκ
2443 2665 2809 2734 ὲναπέμειναν
2837 2665 2914 2736 τῷ
2942 2668 3114 2737 νόμῳ,
3147 2665 3267 2720 ἀλλ’
3313 2667 3698 2737 ἐμαθητεύοηο

2117 2775 2214 2810 σαν
2246 2760 2327 2821 εἰς
2361 2758 2459 2828 τὴν
2493 2756 2794 2828 βασιλείαν,
2839 2758 3140 2824 τουτέστιν,
3181 2762 3260 2823 εἰς
3302 2759 3400 2830 τὴν
3432 2761 3526 2814 τοῦ
3557 2762 3697 2830 Χρι-

2117 2849 2246 2903 στοῦ
2288 2851 2514 2918 γνῶσιν,
2572 2851 2666 2904 καὶ
2715 2850 2973 2904 δύνανται
3031 2853 3332 2921 προφέρειν
3381 2853 3448 2907 τά
3499 2871 3557 2905 τε
3593 2853 3699 2921 τῆς

2117 2943 2310 3012 καινῆς
2347 2944 2440 2994 καὶ
2491 2943 2590 3010 τῆς
2651 2941 2908 3006 παλαῖας,
2948 2943 3348 3011 Οἱκοδεσπότης
3381 2939 3474 2996 οὖν
3499 2947 3526 2996 ὁ
3557 2945 3698 3013 Χρι-

2119 3035 2262 3098 στος,
2295 3034 2370 3098 ὡς
2397 3034 2672 3100 πλούσιος.
2721 3036 2810 3090 Ἐν
2837 3035 2986 3107 αὐτῷ
3017 3037 3126 3107 γὰρ
3157 3038 3203 3089 οξ
3230 3037 3349 3106 τῆς
3375 3037 3564 3104 σοφίας
3594 3037 3698 3106 θη-

434 3127 698 3182 rationem
729 3131 944 3192 reddes,
977 3127 1078 3182 hoc
1110 3128 1253 3182 enim
1289 3142 1484 3182 novum
1524 3143 1538 3180 :
1567 3125 1784 3205 Deinde
1809 3122 2012 3178 addidit

2124 3125 2336 3197 σαυροί.
2381 3127 2478 3188 ⁸ος
2525 3126 2592 3178 τὰ
2625 3128 2788 3180 καινὰ
2818 3125 3110 3191 διδάσκων,
3159 3121 3263 3179 εἴθ’
3309 3125 3484 3190 οὕτως
3532 3127 3698 3197 ἔφερε

435 3220 830 3275 testimonium.
873 3218 949 3273 Ex
1000 3218 1342 3274 sermonibus
1395 3219 1538 3272 enim
1595 3219 1702 3272 tuis
1748 3217 2013 3287 justifies-

429 3312 597 3376 beris,
642 3321 697 3366 et
735 3311 1208 3374 condemnaberis,
1240 3311 1341 3363 hoc
1372 3318 1546 3364 vetus.
1580 3308 1634 3362 lu
1671 3309 1774 3363 hoc
1806 3307 2018 3364 similes

429 3405 682 3472 apostoli,
737 3403 911 3470 qualis
972 3401 1190 3457 Paulus.
1252 3401 1585 3466 lmitatores,
1647 3401 1856 3471 inquit,
1905 3403 2010 3456 mei

429 3505 633 3564 estote,
668 3496 810 3552 sicut
836 3504 888 3550 ct
918 3509 1018 3564 ego
1054 3494 1255 3549 Christi
1285 3495 1348 3550 ⁸⁸.

508 3768 672 3824 Vens.
703 3768 916 3835 53,54.
965 3786 983 3819 ι
1013 3766 1078 3821 Ει
1131 3769 1330 3823 factum
1383 3778 1485 3835 est,
1533 3778 1592 3823 ut
1644 3783 1766 3823 cum
1810 3769 2017 3824 finisset

431 3861 588 3918 Jesus
634 3862 916 3933 parabolas
969 3862 1092 3927 has,
1143 3861 1518 3932 digrederetur
1573 3861 1744 3916 illinc.
1781 3861 1849 3916 Et
1891 3876 2014 3916 cum

432 3957 674 4010 venisset
700 3957 751 4009 in
780 3955 1008 4026 patriam
1045 3970 1220 4020 suam,
1253 3955 1480 4010 docebat
1511 3968 1606 4009 eos
1657 3955 1712 4010 in
1743 3968 2016 4023 synagoga

435 4049 672 4104 illorum.
709 4066 726 4099 ι
792 4045 902 4102 Has
946 4048 1082 4102 dixit
1128 4046 1432 4116 parabolas,
1480 4047 1764 4116 quoniam;
1785 4055 1840 4099 et
1883 4044 2018 4098 alias

436 4141 594 4208 paulo
624 4149 747 4210 post
781 4140 1024 4195 dicturus
1055 4149 1194 4194 erat.
1227 4139 1448 4194 Transit
1479 4151 1683 4202 autem,
1714 4148 1774 4192 ut
1802 4149 1859 4193 et
1891 4138 2010 4193 aliis

436 4250 530 4288 sna
561 4233 844 4303 praesentia
874 4232 1064 4304 prosit.
1093 4231 1332 4286 Patriam
1361 4242 1538 4286 autem
1574 4231 1718 4286 illius
1748 4230 2017 4285 Nazaretlt

444 4325 686 4394 intelligo
719 4343 734 4379 :
772 4341 900 4378 nam
948 4325 1000 4378 in
1046 4324 1148 4378 ista
1189 4325 1450 4379 educatus
1487 4333 1592 4378 est.
1643 4323 1910 4378 Caeterum
1964 4324 2017 4377 in

440 4431 714 4488 synagoga
741 4418 897 4471 docet
941 4415 1154 4485 publice
1192 4425 1248 4470 et
1274 4415 1461 4482 libere,
1501 4429 1567 4469 ne
1613 4415 1797 4470 dicere
1834 4425 2015 4483 postea

440 4510 651 4580 possint
683 4508 822 4578 quod
853 4510 1098 4579 quaedam
1123 4523 1153 4562 a
1181 4508 1298 4578 lege
1325 4508 1539 4564 diversa
1570 4509 1836 4564 docuerit.

518 4687 682 4742 Vens.
725 4688 918 4744 56.57.
971 4708 990 4741 ι
1042 4688 1116 4743 lta
1160 4699 1214 4745 ut
1266 4701 1565 4758 stupet-ent,
1613 4705 1676 4746 ac
1723 4691 2013 4747 dicerent.

449 4778 596 4834 Unde
622 4779 746 4833 huic
773 4780 1039 4850 sapientia
1069 4779 1184 4836 hac
1219 4791 1274 4835 et
1315 4781 1582 4837 virtutes?
1605 4797 1786 4838 nonne
1815 4784 1905 4838 hic
1935 4791 2020 4838 est

446 4871 536 4924 ille
589 4869 726 4924 fabri
773 4871 1162 4928 illiusinonue
1196 4882 1371 4927 mater
1411 4873 1532 4943 ejus
1561 4885 1786 4929 vocatur
1825 4873 2018 4941 Maria,

443 4969 498 5013 et
527 4957 723 5015 fratres
754 4959 876 5029 ejus
905 4959 1141 5016 Iacobus
1165 5001 1180 5025 ,
1220 4972 1272 5016 et
1299 4961 1473 5029 loses,
1503 4971 1558 5018 et
1588 4962 1796 5030 Simon,
1834 4973 1890 5019 et
1926 4963 2021 5021 Ju-

445 5051 588 5105 das?
609 5063 662 5106 et
689 5068 902 5112 sorores
929 5054 1050 5125 ejus
1079 5070 1260 5112 nonne
1296 5071 1488 5113 omnes
1529 5057 1671 5126 apud
1707 5073 1806 5112 nos
1852 5057 2023 5111 sunt?

447 5139 604 5197 Unde
641 5143 805 5214 igitur
834 5145 958 5200 huic
993 5145 1108 5202 haec
1137 5147 1318 5201 omnia
1346 5147 1368 5201 ?
1397 5159 1452 5203 et
1490 5148 1902 5204 oﬂ'endebautur
1929 5165 2021 5205 su-

447 5250 544 5304 per
571 5250 655 5290 eo.
693 5256 712 5288 ι
746 5237 1062 5307 lnsipiontes
1093 5249 1252 5294 erant
1284 5239 1548 5302 Nazareni
1575 5258 1589 5306 ;
1631 5243 2023 5296 existimabant

445 5327 590 5382 enim
643 5329 1031 5400 ignobilitatem
1087 5340 1146 5388 et
1201 5333 1594 5388 obscuritatem
1642 5332 1907 5401 majorum
1969 5335 2020 5386 in

447 5435 611 5474 causa
638 5436 759 5476 esse
786 5437 892 5492 quo
931 5426 1109 5480 minus
1137 5426 1260 5494 quis
1291 5424 1400 5479 Deo
1439 5425 1673 5494 placeat.
1715 5422 1843 5478 Esto
1877 5426 2022 5479 enim

447 5514 588 5581 quod
632 5514 852 5569 humilis
881 5517 1042 5572 homo
1084 5516 1249 5574 fuerit
1289 5515 1468 5583 Jcsus,
1501 5535 1566 5572 au
1613 5534 1718 5578 non
1757 5529 1812 5572 et
1843 5517 2026 5573 Deus?

446 5605 585 5670 Quid
623 5607 866 5663 obstaret
919 5625 1170 5683 magnum
1223 5612 1372 5667 illum
1434 5611 1486 5666 in
1539 5611 1821 5666 miraculis
1868 5612 2028 5666 fieri?

520 5789 564 5827 “
590 5790 753 5852 lCor.
789 5813 863 5866 tv,
903 5798 991 5852 16.

2044 4470 2097 4530 D

2119 3218 2426 3290 μαρτυρίας
2461 3220 2568 3272 ἀπὸ
2609 3219 2708 3289 τῆς
2759 3218 3020 3285 παλαιᾶς,
3083 3214 3194 3273 οἷον
3240 3215 3413 3284 εἶπεν,
3473 3221 3555 3274 ὅτι
3604 3223 3702 3274 καὶ

2117 3311 2258 3381 ὑπὲρ
2285 3310 2456 3380 ἀργοῦ
2488 3310 2648 3380 λόγου
2684 3310 3015 3384 εὐθυνθήσῃ,
3047 3311 3208 3364 τοῦτο
3237 3312 3296 3364 τὸ
3322 3313 3528 3365 καινόν.
3562 3309 3696 3366 Elea

2116 3403 2364 3470 ἐπήγαγε
2398 3402 2724 3473 μαρτυρίαν.
2757 3402 2853 3456 Ἐκ
2883 3403 2993 3474 γὰρ
3021 3402 3130 3459 τῶν
3149 3401 3323 3472 λόγων
3349 3419 3443 3454 σου
3474 3402 3698 3455 δικαιω-

2118 3492 2283 3564 θήσῃ,
2321 3494 2417 3547 καὶ
2446 3493 2854 3565 κατακριθήσῃ,
2890 3495 3049 3549 τοῦτο
3099 3495 3161 3548 τὸ
3206 3496 3459 3549 παλαιόν.
3511 3496 3702 3566 Τούτῳ

2117 3585 2248 3651 γοῦν
2279 3587 2455 3655 ὅμοιοι
2505 3587 2556 3638 οί
2617 3587 2932 3649 ἀπόστολοι,
2982 3585 3093 3650 οἷος
3134 3589 3162 3640 ό
3198 3587 3431 3651 Παῦλος,
3478 3588 3653 3658 λέγων
3681 3605 3697 3620 ο

2118 3677 2368 3748 Μιμηταί
2404 3695 2506 3748 μου
2539 3679 2774 3746 γίνεσθε,
2803 3677 2983 3741 καθὼς
3015 3681 3171 3748 κάγὼ
3198 3682 3456 3751 Χριστοῦ.

2195 3789 2214 3820 ‹
2251 3771 2361 3824 Καὶ
2383 3769 2599 3839 ἐγένετο
2629 3772 2717 3824 ὅτε
2753 3772 3002 3824 ἐτέλεσεν
3025 3774 3054 3825 ό
3091 3771 3298 3842 Ἰησοῦς
3329 3774 3426 3836 τὰς
3457 3773 3705 3844 παραδο-

2117 3862 2214 3925 λάς
2260 3861 2484 3928 ταύτας,
2525 3861 2762 3932 μετῆρεν
2812 3863 3044 3916 ἐκεῖθεν.
3099 3865 3209 3918 Καὶ
3269 3865 3440 3917 ἐλθὼν
3489 3868 3568 3929 εἰς
3602 3866 3702 3935 τὴν

2121 3954 2358 4024 πατρίδα
2393 3954 2582 4019 αὐτοῦ,
2617 3954 2896 4009 ἐδίδασκεν
2938 3956 3136 4019 αὐτοὺς
3181 3958 3240 4010 ὲν
3288 3961 3354 4027 τῇ
3410 3962 3702 4028 συναγωγῇ
3767 4020 3770 4022 ,

2120 4046 2318 4099 αὐτῶν.
2363 4065 2381 4095 ι
2423 4047 2640 4110 Ταύτας
2695 4044 2817 4100 εἷπε
2859 4048 2956 4112 τάς
2994 4050 3335 4119 παραϐολάς,
3373 4050 3560 4122 ἐπειδὴ
3608 4053 3706 4104 καὶ

2121 4135 2287 4198 ἄλλας
2345 4136 2461 4206 μετ’
2497 4136 2679 4204 ὀλίγον
2712 4139 2896 4209 μέλλει
2939 4140 3105 4210 ἐρεῖν.
3137 4141 3467 4194 Μεταόαίνει
3500 4141 3577 4206 δὲ,
3615 4143 3636 4195 ἴ
3671 4163 3704 4194 α

2123 4232 2216 4282 καὶ
2249 4229 2443 4294 ἄλλους
2490 4231 2747 4304 ὠφελήσῃ
2789 4235 2854 4304 τῇ
2902 4233 3180 4305 παρουσία
3235 4233 3424 4287 αὐτοῦ.
3462 4237 3705 4304 Πατρίδα

2123 4322 2178 4373 δὲ
2205 4322 2396 4387 αὐτοῦ,
2428 4323 2527 4394 τὴν
2555 4323 2811 4395 Ναζαρὲτ
2869 4325 2982 4377 νόει
3009 4341 3022 4356 ·
3057 4327 3116 4379 ὲν
3145 4325 3288 4396 αὐτῇ
3319 4325 3427 4398 γὰρ
3467 4329 3702 4398 ἐτράφη.

2135 4414 2225 4466 Ἐν
2246 4417 2310 4485 τῇ
2351 4418 2640 4487 συναγωγῇ
2663 4417 2721 4470 δὲ
2739 4416 3000 4482 διδάσκει,
3025 4419 3084 4471 ὲν
3114 4417 3277 4489 κοινῷ
3299 4420 3394 4472 καὶ
3423 4423 3706 4491 παρρησία

2129 4505 2325 4574 λέγων,
2363 4507 2449 4560 ἵνα
2484 4507 2560 4578 μὴ
2585 4508 2784 4580 ἔχωσιν
2817 4507 3045 4580 ὕστερον
3073 4509 3274 4579 λέγειν,
3297 4512 3382 4564 ὅτι
3415 4515 3709 4584 παράνομά

2128 4615 2254 4652 τινα
2284 4599 2584 4654 ἐδίδασκεν.

2202 4712 2221 4746 ι
2253 4694 2416 4748 Ὥστε
2457 4695 2859 4768 ἐκπλήττεσθαι
2891 4696 3111 4762 αὐτοὺς,
3140 4698 3236 4752 καὶ
3272 4699 3457 4767 λέγειν
3477 4717 3494 4732 ο
3538 4700 3710 4756 Πόθεν

2125 4785 2363 4859 τούτῳὴ
2410 4789 2576 4857 σοφία
2624 4788 2767 4861 αὕτη
2829 4792 2924 4844 καὶ
2991 4791 3050 4845 αἱ
3088 4793 3384 4863 δυνάμεις;
3422 4795 3534 4863 Οὐχ
3555 4787 3710 4857 αὖτίς

2129 4881 2277 4933 ἐστιν
2296 4881 2324 4932 ό
2351 4879 2446 4934 τοῦ
2469 4880 2723 4946 τέκτονος
2746 4883 2860 4948 υίός
2885 4901 2900 4950 ;
2931 4883 3044 4954 Οὐχ
3073 4885 3108 4955 ἡ
3149 4889 3330 4958 μήτηρ
3354 4887 3522 4940 αὐτοῦ
3550 4887 3714 4955 λέγε-

2126 4988 2216 5024 ται
2254 4971 2507 5042 Μαριάμ,
2565 4973 2663 5026 καὶ
2703 4975 2753 5028 oi
2796 4973 3022 5044 ἀδελφοὶ
3058 4976 3224 5030 αὐτοῦ
3292 4978 3578 5042 Ἰάκωϐος,
3616 4978 3715 5032 καὶ

2140 5063 2344 5131 Ἰωσῆς,
2399 5067 2494 5118 καὶ
2547 5066 2753 5136 Σίμων,
2785 5068 2880 5122 καὶ
2925 5068 3160 5136 Ἰοὐδαςς
3221 5072 3330 5123 Καὶ
3377 5074 3434 5124 αἱ
3479 5072 3707 5142 ἀδελφαὶ

2126 5155 2292 5209 αὐτοῦ
2327 5157 2450 5227 οὐχὶ
2473 5159 2646 5211 πᾶσαι
2676 5159 2813 5228 πρὸς
2854 5161 3002 5229 ἡμᾶς
3025 5162 3170 5227 είσι;
3207 5161 3380 5214 Πόθεν
3415 5157 3509 5216 οὗν
3533 5167 3710 5233 τούτῳ

2129 5248 2304 5301 ταῦτα
2327 5250 2532 5315 πάντας
2567 5252 2675 5303 Καὶ
2703 5252 3152 5316 ἐσκανδαλίζοντο
3172 5256 3230 5306 ὲν
3263 5254 3430 5324 αὐτῷ.
3462 5275 3478 5306 ι
3521 5256 3714 5324 Ἀνόη-

2131 5357 2213 5392 τοι
2239 5341 2391 5404 ὅντες
2434 5342 2482 5393 oi
2515 5342 2857 5414 Ναζαρηνοὶ,
2914 5345 3164 5413 ἐνόμιζον
3213 5346 3295 5398 ὅτι
3341 5348 3373 5416 ἡ
3417 5347 3712 5413 δυσγένεια

2134 5434 2229 5486 καὶ
2259 5436 2292 5502 ἡ
2321 5433 2567 5488 εὐτέλεια
2595 5435 2703 5489 τῶν
2732 5436 3034 5507 προγόνων,
3068 5437 3296 5506 βλάπτει
3325 5440 3448 5492 τινά
3481 5441 3616 5510 πρὸς
3651 5442 3716 5494 τὸ

2133 5527 2500 5597 εὐαρεστῆσαι
2529 5526 2610 5598 τῷ
2638 5525 2780 5597 Θεῷ.
2823 5526 3009 5582 Ἔστω
3035 5529 3164 5597 γὰρ,
3187 5529 3269 5582 ὃτι
3298 5529 3588 5600 ἄνθρωπος
3619 5531 3716 5600 ψι-

2134 5617 2226 5681 λὸς
2263 5614 2332 5689 ἦν
2370 5620 2399 5672 ό
2455 5619 2688 5691 Ἰησοῦς,
2748 5619 2862 5674 ἀλλ’
2901 5619 3020 5689 οὐχὶ
3063 5619 3230 5684 Θεὸς·
3308 5624 3358 5676 τί
3408 5625 3719 5688 ἑνεπόδιζεν
