  <div class='ocr_page' id='page_1' title='image "/cluster/home/n/w/nwhite01/storage/ocr_20150623/123/hvd.32044019208198/154.png"; bbox 0 0 4078 6464; ppageno 0'>
   <div class='ocr_carea' id='block_1_1' title="bbox 362 406 482 472">
    <p class='ocr_par' dir='ltr' id='par_1_1' title="bbox 362 406 482 472">
     <span class='ocr_line' id='line_1_1' title="bbox 362 406 482 472; baseline 0 0"><span class='ocrx_word' id='word_1_1' title='bbox 362 406 482 472; x_wconf 69' lang='lat'><strong>2&#39;93</strong></span> 
     </span>
    </p>
   </div>
   <div class='ocr_carea' id='block_1_2' title="bbox 1000 395 1945 463">
    <p class='ocr_par' dir='ltr' id='par_1_2' title="bbox 1000 397 1945 463">
     <span class='ocr_line' id='line_1_2' title="bbox 1000 397 1945 463; baseline -0.005 -1"><span class='ocrx_word' id='word_1_2' title='bbox 1000 400 1446 463; x_wconf 83' lang='lat' dir='ltr'><strong>ENARRATIO</strong></span> <span class='ocrx_word' id='word_1_3' title='bbox 1479 400 1561 461; x_wconf 83' lang='lat' dir='ltr'><strong>IN</strong></span> <span class='ocrx_word' id='word_1_4' title='bbox 1601 397 1945 461; x_wconf 80' lang='lat' dir='ltr'><strong>EVANGEL</strong></span> 
     </span>
    </p>
   </div>
   <div class='ocr_carea' id='block_1_3' title="bbox 2046 395 2999 463">
    <p class='ocr_par' dir='ltr' id='par_1_3' title="bbox 2048 395 2999 459">
     <span class='ocr_line' id='line_1_3' title="bbox 2048 395 2999 459; baseline -0.005 0"><span class='ocrx_word' id='word_1_5' title='bbox 2048 398 2103 459; x_wconf 78' lang='grc' dir='ltr'><strong><em>Μ</em></strong></span> <span class='ocrx_word' id='word_1_6' title='bbox 2136 396 2529 458; x_wconf 77' lang='grc' dir='ltr'><strong>ΜΑΤἸἮιΕῙ.</strong></span> <span class='ocrx_word' id='word_1_7' title='bbox 2557 421 2628 433; x_wconf 92' lang='grc'><strong>·-</strong></span> <span class='ocrx_word' id='word_1_8' title='bbox 2654 395 2814 458; x_wconf 86' lang='lat' dir='ltr'><strong>CAP.</strong></span> <span class='ocrx_word' id='word_1_9' title='bbox 2844 396 2999 459; x_wconf 80' lang='lat' dir='ltr'><strong>XIV.</strong></span> 
     </span>
    </p>
   </div>
   <div class='ocr_carea' id='block_1_4' title="bbox 3532 400 3637 463">
    <p class='ocr_par' dir='ltr' id='par_1_4' title="bbox 3532 400 3637 463">
     <span class='ocr_line' id='line_1_4' title="bbox 3532 400 3637 463; baseline 0 0"><span class='ocrx_word' id='word_1_10' title='bbox 3532 400 3637 463; x_wconf 71' lang='lat' dir='ltr'><strong>29l</strong></span> 
     </span>
    </p>
   </div>
   <div class='ocr_carea' id='block_1_5' title="bbox 367 493 1945 589">
    <p class='ocr_par' dir='ltr' id='par_1_5' title="bbox 367 493 1945 589">
     <span class='ocr_line' id='line_1_5' title="bbox 367 493 1945 589; baseline -0.013 -13"><span class='ocrx_word' id='word_1_11' title='bbox 367 521 541 577; x_wconf 64' lang='grc' dir='ltr'>αὺτὸν</span> <span class='ocrx_word' id='word_1_12' title='bbox 608 493 786 589; x_wconf 76' lang='grc' dir='ltr'>μέγαν</span> <span class='ocrx_word' id='word_1_13' title='bbox 834 516 891 569; x_wconf 80' lang='grc' dir='ltr'>ὲν</span> <span class='ocrx_word' id='word_1_14' title='bbox 947 512 1188 580; x_wconf 74' lang='grc' dir='ltr'>θαύμασι</span> <span class='ocrx_word' id='word_1_15' title='bbox 1241 510 1538 579; x_wconf 75' lang='grc' dir='ltr'>γενέσθαις</span> <span class='ocrx_word' id='word_1_16' title='bbox 1600 509 1945 581; x_wconf 60' lang='grc' dir='ltr'>Εὐρίσκονται</span> 
     </span>
    </p>
   </div>
   <div class='ocr_carea' id='block_1_6' title="bbox 2046 493 3638 589">
    <p class='ocr_par' dir='ltr' id='par_1_6' title="bbox 2063 508 3638 583">
     <span class='ocr_line' id='line_1_6' title="bbox 2063 508 3638 583; baseline 0.003 -18"><span class='ocrx_word' id='word_1_17' title='bbox 2063 509 2498 581; x_wconf 84' lang='lat' dir='ltr'><strong>Comprobantur</strong></span> <span class='ocrx_word' id='word_1_18' title='bbox 2514 509 2689 580; x_wconf 81' lang='lat' dir='ltr'><strong>‘igitur</strong></span> <span class='ocrx_word' id='word_1_19' title='bbox 2718 517 2770 564; x_wconf 91' lang='lat' dir='ltr'><strong>et</strong></span> <span class='ocrx_word' id='word_1_20' title='bbox 2796 508 2963 564; x_wconf 77' lang='lat' dir='ltr'><strong>invidi</strong></span> <span class='ocrx_word' id='word_1_21' title='bbox 3019 519 3073 564; x_wconf 90' lang='lat' dir='ltr'><strong>et</strong></span> <span class='ocrx_word' id='word_1_22' title='bbox 3101 510 3440 581; x_wconf 75' lang='lat' dir='ltr'><strong>insipientes.</strong></span> <span class='ocrx_word' id='word_1_23' title='bbox 3465 512 3638 583; x_wconf 85' lang='lat' dir='ltr'><strong>Opor-</strong></span> 
     </span>
    </p>
   </div>
   <div class='ocr_carea' id='block_1_7' title="bbox 367 602 1960 680">
    <p class='ocr_par' dir='ltr' id='par_1_7' title="bbox 367 602 1960 680">
     <span class='ocr_line' id='line_1_7' title="bbox 367 602 1960 680; baseline -0.011 -11"><span class='ocrx_word' id='word_1_24' title='bbox 367 611 469 671; x_wconf 69' lang='grc' dir='ltr'>οὖν</span> <span class='ocrx_word' id='word_1_25' title='bbox 495 613 592 667; x_wconf 72' lang='grc' dir='ltr'>καὶ</span> <span class='ocrx_word' id='word_1_26' title='bbox 618 612 843 680; x_wconf 82' lang='grc' dir='ltr'>ἀνόητοι</span> <span class='ocrx_word' id='word_1_27' title='bbox 873 608 969 662; x_wconf 69' lang='grc' dir='ltr'>καὶ</span> <span class='ocrx_word' id='word_1_28' title='bbox 999 605 1270 675; x_wconf 78' lang='grc' dir='ltr'>φθονεροὶ.</span> <span class='ocrx_word' id='word_1_29' title='bbox 1304 605 1451 657; x_wconf 82' lang='grc' dir='ltr'>Ἔδει</span> <span class='ocrx_word' id='word_1_30' title='bbox 1482 602 1593 674; x_wconf 83' lang='grc' dir='ltr'><strong>γὰρ</strong></span> <span class='ocrx_word' id='word_1_31' title='bbox 1619 602 1821 665; x_wconf 83' lang='grc' dir='ltr'>αὐτοὺς</span> <span class='ocrx_word' id='word_1_32' title='bbox 1866 603 1960 671; x_wconf 74' lang='grc' dir='ltr'><strong>ἑγ-</strong></span> 
     </span>
    </p>
   </div>
   <div class='ocr_carea' id='block_1_8' title="bbox 366 694 1961 771">
    <p class='ocr_par' dir='ltr' id='par_1_8' title="bbox 366 694 1961 771">
     <span class='ocr_line' id='line_1_8' title="bbox 366 694 1961 771; baseline -0.01 -9"><span class='ocrx_word' id='word_1_33' title='bbox 366 701 820 770; x_wconf 76' lang='grc' dir='ltr'>καλλωπίζεσθαι</span> <span class='ocrx_word' id='word_1_34' title='bbox 855 698 1075 771; x_wconf 81' lang='grc' dir='ltr'>μᾶλλον,</span> <span class='ocrx_word' id='word_1_35' title='bbox 1118 699 1203 751; x_wconf 82' lang='grc' dir='ltr'>ὅτι</span> <span class='ocrx_word' id='word_1_36' title='bbox 1253 696 1496 751; x_wconf 87' lang='grc' dir='ltr'>τοιοῦτον</span> <span class='ocrx_word' id='word_1_37' title='bbox 1534 697 1567 765; x_wconf 86' lang='grc' dir='ltr'><strong>ἡ</strong></span> <span class='ocrx_word' id='word_1_38' title='bbox 1618 694 1819 765; x_wconf 73' lang='grc' dir='ltr'>πατρὶς</span> <span class='ocrx_word' id='word_1_39' title='bbox 1861 694 1961 747; x_wconf 83' lang='grc' dir='ltr'><strong>αὺ-</strong></span> 
     </span>
    </p>
   </div>
   <div class='ocr_carea' id='block_1_9' title="bbox 365 785 1961 865">
    <p class='ocr_par' dir='ltr' id='par_1_9' title="bbox 365 785 1961 865">
     <span class='ocr_line' id='line_1_9' title="bbox 365 785 1961 865; baseline -0.011 -12"><span class='ocrx_word' id='word_1_40' title='bbox 365 801 481 853; x_wconf 79' lang='grc' dir='ltr'>τῶν</span> <span class='ocrx_word' id='word_1_41' title='bbox 527 795 734 865; x_wconf 74' lang='grc' dir='ltr'>ἀγαθὸν</span> <span class='ocrx_word' id='word_1_42' title='bbox 780 793 1098 863; x_wconf 72' lang='grc' dir='ltr'>ἐξήνεγκεν.</span> <span class='ocrx_word' id='word_1_43' title='bbox 1147 788 1434 857; x_wconf 79' lang='grc' dir='ltr'>Ἀδελφοὺς</span> <span class='ocrx_word' id='word_1_44' title='bbox 1489 787 1547 840; x_wconf 79' lang='grc' dir='ltr'>δὲ</span> <span class='ocrx_word' id='word_1_45' title='bbox 1588 788 1682 840; x_wconf 73' lang='grc' dir='ltr'>καὶ</span> <span class='ocrx_word' id='word_1_46' title='bbox 1721 785 1961 855; x_wconf 74' lang='grc' dir='ltr'>ἀδελφὰς</span> 
     </span>
    </p>
   </div>
   <div class='ocr_carea' id='block_1_10' title="bbox 368 878 1963 961">
    <p class='ocr_par' dir='ltr' id='par_1_10' title="bbox 368 878 1963 961">
     <span class='ocr_line' id='line_1_10' title="bbox 368 878 1963 961; baseline -0.01 -15"><span class='ocrx_word' id='word_1_47' title='bbox 368 888 523 961; x_wconf 70' lang='grc' dir='ltr'>εἶχεν</span> <span class='ocrx_word' id='word_1_48' title='bbox 554 894 582 945; x_wconf 91' lang='lat'><strong>6</strong></span> <span class='ocrx_word' id='word_1_49' title='bbox 618 887 849 958; x_wconf 76' lang='grc' dir='ltr'>Κύριος,</span> <span class='ocrx_word' id='word_1_50' title='bbox 882 885 1010 949; x_wconf 82' lang='grc' dir='ltr'>τοὺς</span> <span class='ocrx_word' id='word_1_51' title='bbox 1042 883 1136 937; x_wconf 85' lang='grc' dir='ltr'><strong>τοῦ</strong></span> <span class='ocrx_word' id='word_1_52' title='bbox 1191 881 1395 953; x_wconf 79' lang='grc' dir='ltr'>Ἰωσὴφ</span> <span class='ocrx_word' id='word_1_53' title='bbox 1439 880 1661 945; x_wconf 84' lang='grc' dir='ltr'>παῖδας,</span> <span class='ocrx_word' id='word_1_54' title='bbox 1692 878 1789 943; x_wconf 78' lang='grc' dir='ltr'>οὓς</span> <span class='ocrx_word' id='word_1_55' title='bbox 1844 879 1963 931; x_wconf 82' lang='grc' dir='ltr'>ἔτε-</span> 
     </span>
    </p>
   </div>
   <div class='ocr_carea' id='block_1_11' title="bbox 369 968 1951 1050">
    <p class='ocr_par' dir='ltr' id='par_1_11' title="bbox 369 968 1951 1050">
     <span class='ocr_line' id='line_1_11' title="bbox 369 968 1951 1050; baseline -0.009 -12"><span class='ocrx_word' id='word_1_56' title='bbox 369 1003 472 1039; x_wconf 82' lang='grc' dir='ltr'><strong>κεν</strong></span> <span class='ocrx_word' id='word_1_57' title='bbox 505 986 570 1039; x_wconf 81' lang='grc' dir='ltr'>ὲκ</span> <span class='ocrx_word' id='word_1_58' title='bbox 600 982 702 1050; x_wconf 76' lang='grc' dir='ltr'>τῆς</span> <span class='ocrx_word' id='word_1_59' title='bbox 725 980 819 1035; x_wconf 88' lang='grc' dir='ltr'><strong>τοῦ</strong></span> <span class='ocrx_word' id='word_1_60' title='bbox 843 977 1077 1047; x_wconf 79' lang='grc' dir='ltr'>ἀδελφοῦ</span> <span class='ocrx_word' id='word_1_61' title='bbox 1103 975 1272 1030; x_wconf 83' lang='grc' dir='ltr'>αὐτοῦ</span> <span class='ocrx_word' id='word_1_62' title='bbox 1314 974 1507 1029; x_wconf 68' lang='grc' dir='ltr'>Κλοπί</span> <span class='ocrx_word' id='word_1_63' title='bbox 1541 971 1824 1042; x_wconf 49' lang='grc' dir='ltr'>γυναικός</span> <span class='ocrx_word' id='word_1_64' title='bbox 1855 968 1951 1025; x_wconf 85' lang='grc' dir='ltr'><strong>τοῦ</strong></span> 
     </span>
    </p>
   </div>
   <div class='ocr_carea' id='block_1_12' title="bbox 369 1061 1959 1148">
    <p class='ocr_par' dir='ltr' id='par_1_12' title="bbox 369 1061 1959 1148">
     <span class='ocr_line' id='line_1_12' title="bbox 369 1061 1959 1148; baseline -0.011 -16"><span class='ocrx_word' id='word_1_65' title='bbox 369 1078 488 1148; x_wconf 77' lang='grc' dir='ltr'><strong>γὰρ</strong></span> <span class='ocrx_word' id='word_1_66' title='bbox 510 1077 704 1131; x_wconf 82' lang='grc' dir='ltr'>Κλοπᾶ</span> <span class='ocrx_word' id='word_1_67' title='bbox 724 1072 954 1134; x_wconf 78' lang='grc' dir='ltr'><strong>ἄπαιδος</strong></span> <span class='ocrx_word' id='word_1_68' title='bbox 999 1068 1451 1140; x_wconf 84' lang='grc' dir='ltr'>τελευτήσαντος,</span> <span class='ocrx_word' id='word_1_69' title='bbox 1486 1066 1515 1119; x_wconf 90' lang='lat'><strong>6</strong></span> <span class='ocrx_word' id='word_1_70' title='bbox 1558 1063 1761 1135; x_wconf 71' lang='grc' dir='ltr'>Ἰωσὴφ</span> <span class='ocrx_word' id='word_1_71' title='bbox 1790 1061 1959 1118; x_wconf 73' lang='grc' dir='ltr'>ἔλαϐε</span> 
     </span>
    </p>
   </div>
   <div class='ocr_carea' id='block_1_13' title="bbox 374 1157 1959 1238">
    <p class='ocr_par' dir='ltr' id='par_1_13' title="bbox 374 1157 1959 1238">
     <span class='ocr_line' id='line_1_13' title="bbox 374 1157 1959 1238; baseline -0.011 -13"><span class='ocrx_word' id='word_1_72' title='bbox 374 1172 523 1225; x_wconf 75' lang='grc' dir='ltr'>κατὰ</span> <span class='ocrx_word' id='word_1_73' title='bbox 550 1169 642 1222; x_wconf 71' lang='grc' dir='ltr'>τὸν</span> <span class='ocrx_word' id='word_1_74' title='bbox 667 1168 831 1237; x_wconf 83' lang='grc' dir='ltr'>νόμον</span> <span class='ocrx_word' id='word_1_75' title='bbox 854 1166 953 1238; x_wconf 76' lang='grc' dir='ltr'><strong>τήν</strong></span> <span class='ocrx_word' id='word_1_76' title='bbox 987 1167 1225 1234; x_wconf 87' lang='grc' dir='ltr'>γυναῖκα</span> <span class='ocrx_word' id='word_1_77' title='bbox 1255 1159 1444 1227; x_wconf 82' lang='grc' dir='ltr'>αὐτοῦ,</span> <span class='ocrx_word' id='word_1_78' title='bbox 1474 1159 1567 1213; x_wconf 72' lang='grc' dir='ltr'>καὶ</span> <span class='ocrx_word' id='word_1_79' title='bbox 1604 1157 1959 1226; x_wconf 74' lang='grc' dir='ltr'>ἐπαιδοποίη-</span> 
     </span>
    </p>
   </div>
   <div class='ocr_carea' id='block_1_14' title="bbox 368 1250 1955 1329">
    <p class='ocr_par' dir='ltr' id='par_1_14' title="bbox 368 1250 1955 1329">
     <span class='ocr_line' id='line_1_14' title="bbox 368 1250 1955 1329; baseline -0.008 -16"><span class='ocrx_word' id='word_1_80' title='bbox 368 1280 470 1315; x_wconf 75' lang='lat' dir='ltr'><strong>cev</strong></span> <span class='ocrx_word' id='word_1_81' title='bbox 530 1260 587 1327; x_wconf 72' lang='grc' dir='ltr'><strong>ἐξ</strong></span> <span class='ocrx_word' id='word_1_82' title='bbox 631 1259 805 1329; x_wconf 76' lang='grc' dir='ltr'>αὐτῆς</span> <span class='ocrx_word' id='word_1_83' title='bbox 856 1258 1053 1319; x_wconf 87' lang='grc' dir='ltr'>παῖδας</span> <span class='ocrx_word' id='word_1_84' title='bbox 1082 1255 1163 1321; x_wconf 79' lang='grc' dir='ltr'><strong>ἓξ,</strong></span> <span class='ocrx_word' id='word_1_85' title='bbox 1215 1254 1489 1320; x_wconf 81' lang='grc' dir='ltr'>τέσσαρας</span> <span class='ocrx_word' id='word_1_86' title='bbox 1535 1250 1797 1322; x_wconf 80' lang='grc' dir='ltr'>ἄῤῥενας,</span> <span class='ocrx_word' id='word_1_87' title='bbox 1858 1250 1955 1302; x_wconf 74' lang='grc' dir='ltr'>καὶ</span> 
     </span>
    </p>
   </div>
   <div class='ocr_carea' id='block_1_15' title="bbox 363 1338 1951 1423">
    <p class='ocr_par' dir='ltr' id='par_1_15' title="bbox 363 1338 1951 1423">
     <span class='ocr_line' id='line_1_15' title="bbox 363 1338 1951 1423; baseline -0.011 -16"><span class='ocrx_word' id='word_1_88' title='bbox 363 1352 468 1407; x_wconf 70' lang='grc' dir='ltr'>δύο</span> <span class='ocrx_word' id='word_1_89' title='bbox 499 1352 745 1423; x_wconf 77' lang='grc' dir='ltr'><strong>θηλείας,</strong></span> <span class='ocrx_word' id='word_1_90' title='bbox 797 1350 903 1422; x_wconf 77' lang='grc' dir='ltr'>τὴν</span> <span class='ocrx_word' id='word_1_91' title='bbox 932 1347 1177 1418; x_wconf 82' lang='grc' dir='ltr'><strong>Μαρίαν,</strong></span> <span class='ocrx_word' id='word_1_92' title='bbox 1211 1347 1247 1417; x_wconf 76' lang='grc' dir='ltr'>ἢ</span> <span class='ocrx_word' id='word_1_93' title='bbox 1278 1345 1496 1413; x_wconf 74' lang='grc' dir='ltr'>ἐλέγετο</span> <span class='ocrx_word' id='word_1_94' title='bbox 1523 1344 1619 1395; x_wconf 88' lang='grc' dir='ltr'><strong>τοῦ</strong></span> <span class='ocrx_word' id='word_1_95' title='bbox 1644 1340 1838 1395; x_wconf 73' lang='grc' dir='ltr'>Κλοπᾶ</span> <span class='ocrx_word' id='word_1_96' title='bbox 1865 1338 1951 1391; x_wconf 85' lang='grc' dir='ltr'>θυ-</span> 
     </span>
    </p>
   </div>
   <div class='ocr_carea' id='block_1_16' title="bbox 366 1431 1945 1516">
    <p class='ocr_par' dir='ltr' id='par_1_16' title="bbox 366 1431 1945 1516">
     <span class='ocr_line' id='line_1_16' title="bbox 366 1431 1945 1516; baseline -0.008 -18"><span class='ocrx_word' id='word_1_97' title='bbox 366 1444 553 1516; x_wconf 79' lang='grc' dir='ltr'>γάτηρ</span> <span class='ocrx_word' id='word_1_98' title='bbox 582 1444 724 1497; x_wconf 84' lang='grc' dir='ltr'>κατᾶ</span> <span class='ocrx_word' id='word_1_99' title='bbox 771 1441 862 1495; x_wconf 80' lang='grc' dir='ltr'>τὸν</span> <span class='ocrx_word' id='word_1_100' title='bbox 911 1442 1096 1511; x_wconf 78' lang='grc' dir='ltr'>νόμον,</span> <span class='ocrx_word' id='word_1_101' title='bbox 1125 1438 1223 1493; x_wconf 82' lang='grc' dir='ltr'>καὶ</span> <span class='ocrx_word' id='word_1_102' title='bbox 1263 1436 1362 1509; x_wconf 76' lang='grc' dir='ltr'>τὴν</span> <span class='ocrx_word' id='word_1_103' title='bbox 1423 1434 1717 1506; x_wconf 78' lang='grc' dir='ltr'>Σαλώμην.</span> <span class='ocrx_word' id='word_1_104' title='bbox 1759 1432 1834 1485; x_wconf 76' lang='grc' dir='ltr'><strong>Τὸ</strong></span> <span class='ocrx_word' id='word_1_105' title='bbox 1865 1431 1945 1498; x_wconf 85' lang='grc' dir='ltr'>δὲ,</span> 
     </span>
    </p>
   </div>
   <div class='ocr_carea' id='block_1_17' title="bbox 367 1522 1950 1609">
    <p class='ocr_par' dir='ltr' id='par_1_17' title="bbox 367 1522 1950 1609">
     <span class='ocr_line' id='line_1_17' title="bbox 367 1522 1950 1609; baseline -0.009 -17"><span class='ocrx_word' id='word_1_106' title='bbox 367 1539 514 1609; x_wconf 79' lang='grc' dir='ltr'>πρὸς</span> <span class='ocrx_word' id='word_1_107' title='bbox 550 1537 700 1609; x_wconf 75' lang='grc' dir='ltr'>ήμᾷς</span> <span class='ocrx_word' id='word_1_108' title='bbox 729 1537 892 1601; x_wconf 75' lang='grc' dir='ltr'>εἰσιν,</span> <span class='ocrx_word' id='word_1_109' title='bbox 921 1535 1044 1589; x_wconf 79' lang='grc' dir='ltr'>ἀντὶ</span> <span class='ocrx_word' id='word_1_110' title='bbox 1072 1530 1189 1597; x_wconf 86' lang='grc' dir='ltr'>τοῦ,</span> <span class='ocrx_word' id='word_1_111' title='bbox 1226 1530 1345 1601; x_wconf 85' lang='grc' dir='ltr'>μεθ’</span> <span class='ocrx_word' id='word_1_112' title='bbox 1398 1528 1558 1598; x_wconf 85' lang='grc' dir='ltr'>ἡμῶν</span> <span class='ocrx_word' id='word_1_113' title='bbox 1612 1522 1716 1580; x_wconf 83' lang='grc' dir='ltr'>ὦδε</span> <span class='ocrx_word' id='word_1_114' title='bbox 1760 1541 1950 1579; x_wconf 81' lang='grc' dir='ltr'>κατοι-</span> 
     </span>
    </p>
   </div>
   <div class='ocr_carea' id='block_1_18' title="bbox 2064 601 3634 672">
    <p class='ocr_par' dir='ltr' id='par_1_18' title="bbox 2064 601 3634 672">
     <span class='ocr_line' id='line_1_18' title="bbox 2064 601 3634 672; baseline 0.001 -15"><span class='ocrx_word' id='word_1_115' title='bbox 2064 604 2213 657; x_wconf 90' lang='lat' dir='ltr'><strong>tebat</strong></span> <span class='ocrx_word' id='word_1_116' title='bbox 2246 616 2385 657; x_wconf 86' lang='lat' dir='ltr'><strong>sane</strong></span> <span class='ocrx_word' id='word_1_117' title='bbox 2418 602 2592 672; x_wconf 78' lang='lat' dir='ltr'><strong>magis</strong></span> <span class='ocrx_word' id='word_1_118' title='bbox 2624 617 2719 657; x_wconf 86' lang='lat' dir='ltr'><strong>eos</strong></span> <span class='ocrx_word' id='word_1_119' title='bbox 2745 601 2989 671; x_wconf 78' lang='lat' dir='ltr'><strong>gloriari,</strong></span> <span class='ocrx_word' id='word_1_120' title='bbox 3024 604 3165 672; x_wconf 85' lang='lat' dir='ltr'><strong>quod</strong></span> <span class='ocrx_word' id='word_1_121' title='bbox 3194 611 3400 659; x_wconf 90' lang='lat' dir='ltr'><strong>tantum</strong></span> <span class='ocrx_word' id='word_1_122' title='bbox 3435 604 3634 660; x_wconf 87' lang='lat' dir='ltr'><strong>bonum</strong></span> 
     </span>
    </p>
   </div>
   <div class='ocr_carea' id='block_1_19' title="bbox 2055 693 3639 765">
    <p class='ocr_par' dir='ltr' id='par_1_19' title="bbox 2055 693 3639 765">
     <span class='ocr_line' id='line_1_19' title="bbox 2055 693 3639 765; baseline 0.005 -17"><span class='ocrx_word' id='word_1_123' title='bbox 2055 695 2230 764; x_wconf 85' lang='lat' dir='ltr'><strong>patria</strong></span> <span class='ocrx_word' id='word_1_124' title='bbox 2260 697 2460 750; x_wconf 88' lang='lat' dir='ltr'><strong>’eorum</strong></span> <span class='ocrx_word' id='word_1_125' title='bbox 2495 694 2809 765; x_wconf 89' lang='lat' dir='ltr'><strong>protulerit.</strong></span> <span class='ocrx_word' id='word_1_126' title='bbox 2838 693 3053 751; x_wconf 79' lang='lat' dir='ltr'><strong>Fratres</strong></span> <span class='ocrx_word' id='word_1_127' title='bbox 3084 705 3262 752; x_wconf 90' lang='lat' dir='ltr'><strong>autem</strong></span> <span class='ocrx_word' id='word_1_128' title='bbox 3305 698 3495 755; x_wconf 85' lang='lat' dir='ltr'><strong>habuit</strong></span> <span class='ocrx_word' id='word_1_129' title='bbox 3530 697 3639 756; x_wconf 85' lang='lat' dir='ltr'><strong>Do-</strong></span> 
     </span>
    </p>
   </div>
   <div class='ocr_carea' id='block_1_20' title="bbox 2057 785 3637 858">
    <p class='ocr_par' dir='ltr' id='par_1_20' title="bbox 2057 785 3637 858">
     <span class='ocr_line' id='line_1_20' title="bbox 2057 785 3637 858; baseline 0.004 -18"><span class='ocrx_word' id='word_1_130' title='bbox 2057 786 2239 843; x_wconf 83' lang='lat' dir='ltr'><strong>minus</strong></span> <span class='ocrx_word' id='word_1_131' title='bbox 2291 796 2346 841; x_wconf 90' lang='lat' dir='ltr'><strong>et</strong></span> <span class='ocrx_word' id='word_1_132' title='bbox 2387 801 2604 843; x_wconf 86' lang='lat' dir='ltr'><strong>sorores</strong></span> <span class='ocrx_word' id='word_1_133' title='bbox 2634 828 2648 852; x_wconf 91' lang='lat'><strong>,</strong></span> <span class='ocrx_word' id='word_1_134' title='bbox 2694 785 2894 855; x_wconf 80' lang='lat' dir='ltr'><strong>Joscph</strong></span> <span class='ocrx_word' id='word_1_135' title='bbox 2947 785 3102 852; x_wconf 93' lang='lat' dir='ltr'><strong>ﬁlios,</strong></span> <span class='ocrx_word' id='word_1_136' title='bbox 3148 803 3282 857; x_wconf 88' lang='lat' dir='ltr'><strong>quos</strong></span> <span class='ocrx_word' id='word_1_137' title='bbox 3327 791 3513 858; x_wconf 83' lang='lat' dir='ltr'><strong>genuit</strong></span> <span class='ocrx_word' id='word_1_138' title='bbox 3567 806 3637 847; x_wconf 77' lang='lat' dir='ltr'><strong>ex</strong></span> 
     </span>
    </p>
   </div>
   <div class='ocr_carea' id='block_1_21' title="bbox 2057 877 3638 951">
    <p class='ocr_par' dir='ltr' id='par_1_21' title="bbox 2057 877 3638 951">
     <span class='ocr_line' id='line_1_21' title="bbox 2057 877 3638 951; baseline 0.004 -19"><span class='ocrx_word' id='word_1_139' title='bbox 2057 893 2225 933; x_wconf 79' lang='lat' dir='ltr'><strong>uxore</strong></span> <span class='ocrx_word' id='word_1_140' title='bbox 2253 877 2441 934; x_wconf 80' lang='lat' dir='ltr'><strong>fratris</strong></span> <span class='ocrx_word' id='word_1_141' title='bbox 2470 878 2551 935; x_wconf 87' lang='lat' dir='ltr'><strong>sui</strong></span> <span class='ocrx_word' id='word_1_142' title='bbox 2589 878 2790 949; x_wconf 67' lang='lat' dir='ltr'><strong>Clopm.</strong></span> <span class='ocrx_word' id='word_1_143' title='bbox 2853 877 3066 934; x_wconf 85' lang='lat' dir='ltr'><strong>Mortuo</strong></span> <span class='ocrx_word' id='word_1_144' title='bbox 3097 880 3241 934; x_wconf 86' lang='lat' dir='ltr'><strong>cnim</strong></span> <span class='ocrx_word' id='word_1_145' title='bbox 3267 881 3472 951; x_wconf 70' lang='lat' dir='ltr'><strong>absone</strong></span> <span class='ocrx_word' id='word_1_146' title='bbox 3501 882 3638 939; x_wconf 90' lang='lat' dir='ltr'><strong>libe-</strong></span> 
     </span>
    </p>
   </div>
   <div class='ocr_carea' id='block_1_22' title="bbox 2056 970 3632 1046">
    <p class='ocr_par' dir='ltr' id='par_1_22' title="bbox 2056 970 3632 1046">
     <span class='ocr_line' id='line_1_22' title="bbox 2056 970 3632 1046; baseline 0.002 -20"><span class='ocrx_word' id='word_1_147' title='bbox 2056 973 2133 1026; x_wconf 90' lang='lat' dir='ltr'><strong>ris</strong></span> <span class='ocrx_word' id='word_1_148' title='bbox 2164 970 2356 1042; x_wconf 87' lang='lat' dir='ltr'><strong>Clopa,</strong></span> <span class='ocrx_word' id='word_1_149' title='bbox 2384 971 2582 1043; x_wconf 74' lang='lat' dir='ltr'><strong>Ioseph</strong></span> <span class='ocrx_word' id='word_1_150' title='bbox 2611 972 2765 1041; x_wconf 83' lang='lat' dir='ltr'><strong>juxta</strong></span> <span class='ocrx_word' id='word_1_151' title='bbox 2799 972 2969 1043; x_wconf 80' lang='lat' dir='ltr'><strong>legem</strong></span> <span class='ocrx_word' id='word_1_152' title='bbox 2997 986 3217 1027; x_wconf 83' lang='lat' dir='ltr'><strong>uxorem</strong></span> <span class='ocrx_word' id='word_1_153' title='bbox 3252 972 3371 1045; x_wconf 66' lang='lat' dir='ltr'><strong>ejus</strong></span> <span class='ocrx_word' id='word_1_154' title='bbox 3402 977 3632 1046; x_wconf 85' lang='lat' dir='ltr'><strong>accepit,</strong></span> 
     </span>
    </p>
   </div>
   <div class='ocr_carea' id='block_1_23' title="bbox 2058 1062 3637 1136">
    <p class='ocr_par' dir='ltr' id='par_1_23' title="bbox 2058 1062 3637 1136">
     <span class='ocr_line' id='line_1_23' title="bbox 2058 1062 3637 1136; baseline 0.003 -19"><span class='ocrx_word' id='word_1_155' title='bbox 2058 1072 2112 1117; x_wconf 92' lang='lat' dir='ltr'><strong>ct</strong></span> <span class='ocrx_word' id='word_1_156' title='bbox 2164 1079 2359 1133; x_wconf 84' lang='lat' dir='ltr'><strong>pueros</strong></span> <span class='ocrx_word' id='word_1_157' title='bbox 2393 1065 2499 1136; x_wconf 78' lang='grc'><strong>72</strong></span> <span class='ocrx_word' id='word_1_158' title='bbox 2536 1064 2843 1134; x_wconf 72' lang='lat' dir='ltr'><strong>procreavit</strong></span> <span class='ocrx_word' id='word_1_159' title='bbox 2881 1062 3000 1131; x_wconf 73' lang='lat' dir='ltr'><strong>Ser,</strong></span> <span class='ocrx_word' id='word_1_160' title='bbox 3051 1076 3284 1134; x_wconf 85' lang='lat' dir='ltr'><strong>quatuor</strong></span> <span class='ocrx_word' id='word_1_161' title='bbox 3331 1082 3532 1133; x_wconf 90' lang='lat' dir='ltr'><strong>mares,</strong></span> <span class='ocrx_word' id='word_1_162' title='bbox 3582 1081 3637 1122; x_wconf 85' lang='lat' dir='ltr'><strong>ct</strong></span> 
     </span>
    </p>
   </div>
   <div class='ocr_carea' id='block_1_24' title="bbox 2062 1153 3635 1227">
    <p class='ocr_par' dir='ltr' id='par_1_24' title="bbox 2062 1153 3635 1227">
     <span class='ocr_line' id='line_1_24' title="bbox 2062 1153 3635 1227; baseline 0.002 -19"><span class='ocrx_word' id='word_1_163' title='bbox 2062 1155 2197 1210; x_wconf 85' lang='lat' dir='ltr'><strong>duas</strong></span> <span class='ocrx_word' id='word_1_164' title='bbox 2247 1153 2503 1211; x_wconf 83' lang='lat' dir='ltr'><strong>feminas.</strong></span> <span class='ocrx_word' id='word_1_165' title='bbox 2545 1155 2770 1209; x_wconf 81' lang='lat' dir='ltr'><strong>Mariam</strong></span> <span class='ocrx_word' id='word_1_166' title='bbox 2818 1170 2938 1224; x_wconf 62' lang='lat' dir='ltr'><strong>quae</strong></span> <span class='ocrx_word' id='word_1_167' title='bbox 2979 1153 3265 1210; x_wconf 79' lang='lat' dir='ltr'><strong>dicebatur</strong></span> <span class='ocrx_word' id='word_1_168' title='bbox 3305 1156 3483 1227; x_wconf 72' lang='lat' dir='ltr'><strong>Clopm</strong></span> <span class='ocrx_word' id='word_1_169' title='bbox 3526 1156 3635 1212; x_wconf 86' lang='lat' dir='ltr'><strong>ﬁlia</strong></span> 
     </span>
    </p>
   </div>
   <div class='ocr_carea' id='block_1_25' title="bbox 2057 1246 3635 1317">
    <p class='ocr_par' dir='ltr' id='par_1_25' title="bbox 2057 1246 3635 1317">
     <span class='ocr_line' id='line_1_25' title="bbox 2057 1246 3635 1317; baseline 0.001 -16"><span class='ocrx_word' id='word_1_170' title='bbox 2057 1246 2355 1301; x_wconf 87' lang='lat' dir='ltr'><strong>secundum</strong></span> <span class='ocrx_word' id='word_1_171' title='bbox 2393 1246 2589 1317; x_wconf 81' lang='lat' dir='ltr'><strong>legem,</strong></span> <span class='ocrx_word' id='word_1_172' title='bbox 2626 1256 2679 1301; x_wconf 93' lang='lat' dir='ltr'><strong>et</strong></span> <span class='ocrx_word' id='word_1_173' title='bbox 2713 1246 2991 1301; x_wconf 89' lang='lat' dir='ltr'><strong>Salomen.</strong></span> <span class='ocrx_word' id='word_1_174' title='bbox 3023 1246 3175 1316; x_wconf 80' lang='lat' dir='ltr'><strong>Apud</strong></span> <span class='ocrx_word' id='word_1_175' title='bbox 3216 1262 3315 1299; x_wconf 92' lang='lat' dir='ltr'><strong>nos</strong></span> <span class='ocrx_word' id='word_1_176' title='bbox 3348 1257 3494 1312; x_wconf 89' lang='lat' dir='ltr'><strong>sunt,</strong></span> <span class='ocrx_word' id='word_1_177' title='bbox 3533 1246 3635 1303; x_wconf 83' lang='lat' dir='ltr'><strong>hoc</strong></span> 
     </span>
    </p>
   </div>
   <div class='ocr_carea' id='block_1_26' title="bbox 2055 1338 3632 1413">
    <p class='ocr_par' dir='ltr' id='par_1_26' title="bbox 2055 1338 3632 1413">
     <span class='ocr_line' id='line_1_26' title="bbox 2055 1338 3632 1413; baseline 0 -19"><span class='ocrx_word' id='word_1_178' title='bbox 2055 1348 2164 1407; x_wconf 87' lang='lat' dir='ltr'><strong>est,</strong></span> <span class='ocrx_word' id='word_1_179' title='bbox 2193 1340 2475 1395; x_wconf 89' lang='lat' dir='ltr'><strong>nobiscum</strong></span> <span class='ocrx_word' id='word_1_180' title='bbox 2510 1340 2776 1395; x_wconf 83' lang='lat' dir='ltr'><strong>habitant.</strong></span> <span class='ocrx_word' id='word_1_181' title='bbox 2817 1338 3241 1395; x_wconf 80' lang='lat' dir='ltr'><strong>Oll&#39;endebantur</strong></span> <span class='ocrx_word' id='word_1_182' title='bbox 3272 1340 3434 1413; x_wconf 82' lang='lat' dir='ltr'><strong>igitur</strong></span> <span class='ocrx_word' id='word_1_183' title='bbox 3460 1351 3513 1394; x_wconf 89' lang='lat' dir='ltr'><strong>et</strong></span> <span class='ocrx_word' id='word_1_184' title='bbox 3556 1342 3632 1395; x_wconf 90' lang='lat' dir='ltr'><strong>illi</strong></span> 
     </span>
    </p>
   </div>
   <div class='ocr_carea' id='block_1_27' title="bbox 2054 1428 3631 1504">
    <p class='ocr_par' dir='ltr' id='par_1_27' title="bbox 2054 1428 3631 1504">
     <span class='ocr_line' id='line_1_27' title="bbox 2054 1428 3631 1504; baseline 0.002 -19"><span class='ocrx_word' id='word_1_185' title='bbox 2054 1446 2219 1500; x_wconf 88' lang='lat' dir='ltr'><strong>super</strong></span> <span class='ocrx_word' id='word_1_186' title='bbox 2261 1430 2409 1488; x_wconf 75' lang='lat' dir='ltr'><strong>Jesn.</strong></span> <span class='ocrx_word' id='word_1_187' title='bbox 2454 1428 2732 1486; x_wconf 83' lang='lat' dir='ltr'><strong>Fortassis</strong></span> <span class='ocrx_word' id='word_1_188' title='bbox 2770 1432 2913 1486; x_wconf 89' lang='lat' dir='ltr'><strong>enim</strong></span> <span class='ocrx_word' id='word_1_189' title='bbox 2956 1432 3052 1500; x_wconf 87' lang='lat' dir='ltr'><strong>ipsi</strong></span> <span class='ocrx_word' id='word_1_190' title='bbox 3095 1431 3350 1486; x_wconf 73' lang='lat' dir='ltr'><strong>dicebant</strong></span> <span class='ocrx_word' id='word_1_191' title='bbox 3396 1436 3538 1504; x_wconf 81' lang='lat' dir='ltr'><strong>quod</strong></span> <span class='ocrx_word' id='word_1_192' title='bbox 3578 1435 3631 1488; x_wconf 86' lang='lat' dir='ltr'><strong>iu</strong></span> 
     </span>
    </p>
   </div>
   <div class='ocr_carea' id='block_1_28' title="bbox 2054 1522 2921 1591">
    <p class='ocr_par' dir='ltr' id='par_1_28' title="bbox 2054 1522 2921 1591">
     <span class='ocr_line' id='line_1_28' title="bbox 2054 1522 2921 1591; baseline 0 -15"><span class='ocrx_word' id='word_1_193' title='bbox 2054 1522 2359 1579; x_wconf 85' lang='lat' dir='ltr'><strong>Beelzebub</strong></span> <span class='ocrx_word' id='word_1_194' title='bbox 2385 1522 2606 1591; x_wconf 84' lang='lat' dir='ltr'><strong>cjiceret</strong></span> <span class='ocrx_word' id='word_1_195' title='bbox 2638 1523 2921 1577; x_wconf 71' lang='lat' dir='ltr'><strong>drcmouia.</strong></span> 
     </span>
    </p>
   </div>
   <div class='ocr_carea' id='block_1_29' title="bbox 366 1617 3631 1694">
    <p class='ocr_par' dir='ltr' id='par_1_29' title="bbox 366 1617 3631 1694">
     <span class='ocr_line' id='line_1_29' title="bbox 366 1617 3631 1694; baseline -0.004 -5"><span class='ocrx_word' id='word_1_196' title='bbox 366 1635 585 1689; x_wconf 82' lang='grc' dir='ltr'>κοῦσιν.</span> <span class='ocrx_word' id='word_1_197' title='bbox 631 1628 1118 1694; x_wconf 77' lang='grc' dir='ltr'>Ἐσκανδαλίζοντο</span> <span class='ocrx_word' id='word_1_198' title='bbox 1142 1621 1236 1682; x_wconf 81' lang='grc' dir='ltr'>οὖν</span> <span class='ocrx_word' id='word_1_199' title='bbox 1265 1625 1357 1679; x_wconf 78' lang='grc' dir='ltr'>καὶ</span> <span class='ocrx_word' id='word_1_200' title='bbox 1377 1618 1525 1680; x_wconf 70' lang='grc' dir='ltr'>οὗτοι</span> <span class='ocrx_word' id='word_1_201' title='bbox 1548 1625 1606 1677; x_wconf 85' lang='grc' dir='ltr'>ὲν</span> <span class='ocrx_word' id='word_1_202' title='bbox 1637 1622 1715 1694; x_wconf 80' lang='grc' dir='ltr'>τῷ</span> <span class='ocrx_word' id='word_1_203' title='bbox 1751 1618 1953 1692; x_wconf 80' lang='grc' dir='ltr'><strong>Ἰησοῦ,</strong></span> <span class='ocrx_word' id='word_1_204' title='bbox 1995 1618 2137 1690; x_wconf 86' lang='grc' dir='ltr'>τάχα</span> <span class='ocrx_word' id='word_1_205' title='bbox 2165 1618 2417 1688; x_wconf 80' lang='grc' dir='ltr'>λέγοντες</span> <span class='ocrx_word' id='word_1_206' title='bbox 2450 1617 2544 1671; x_wconf 74' lang='grc' dir='ltr'><strong>καὶ</strong></span> <span class='ocrx_word' id='word_1_207' title='bbox 2575 1618 2751 1685; x_wconf 75' lang='grc' dir='ltr'>αὐτοὶ,</span> <span class='ocrx_word' id='word_1_208' title='bbox 2788 1618 2872 1672; x_wconf 87' lang='grc' dir='ltr'>ὃτι</span> <span class='ocrx_word' id='word_1_209' title='bbox 2924 1618 2982 1671; x_wconf 77' lang='grc' dir='ltr'>ἒν</span> <span class='ocrx_word' id='word_1_210' title='bbox 3042 1618 3370 1683; x_wconf 78' lang='grc' dir='ltr'>Βεελζεθοὺλ</span> <span class='ocrx_word' id='word_1_211' title='bbox 3430 1618 3631 1675; x_wconf 77' lang='grc' dir='ltr'>ἐκϐάλ-</span> 
     </span>
    </p>
   </div>
   <div class='ocr_carea' id='block_1_30' title="bbox 362 1727 851 1798">
    <p class='ocr_par' dir='ltr' id='par_1_30' title="bbox 362 1727 851 1798">
     <span class='ocr_line' id='line_1_30' title="bbox 362 1727 851 1798; baseline -0.014 -12"><span class='ocrx_word' id='word_1_212' title='bbox 362 1735 453 1786; x_wconf 83' lang='grc' dir='ltr'><strong>λει</strong></span> <span class='ocrx_word' id='word_1_213' title='bbox 480 1730 548 1784; x_wconf 77' lang='grc' dir='ltr'><strong>τά</strong></span> <span class='ocrx_word' id='word_1_214' title='bbox 571 1727 851 1798; x_wconf 81' lang='grc' dir='ltr'>δαιμόνια.</span> 
     </span>
    </p>
   </div>
   <div class='ocr_carea' id='block_1_31' title="bbox 447 1796 1945 1888">
    <p class='ocr_par' dir='ltr' id='par_1_31' title="bbox 447 1796 1945 1888">
     <span class='ocr_line' id='line_1_31' title="bbox 447 1796 1945 1888; baseline -0.014 -14"><span class='ocrx_word' id='word_1_215' title='bbox 447 1843 466 1874; x_wconf 78' lang='grc' dir='ltr'><strong>ι</strong></span> <span class='ocrx_word' id='word_1_216' title='bbox 515 1820 578 1877; x_wconf 84' lang='grc' dir='ltr'><strong>Ὀ</strong></span> <span class='ocrx_word' id='word_1_217' title='bbox 604 1796 682 1875; x_wconf 14' lang='grc' dir='ltr'>δὲή</span> <span class='ocrx_word' id='word_1_218' title='bbox 703 1817 913 1888; x_wconf 89' lang='grc' dir='ltr'>Ἰησοῦς</span> <span class='ocrx_word' id='word_1_219' title='bbox 941 1811 1097 1868; x_wconf 77' lang='grc' dir='ltr'>εἶπεν</span> <span class='ocrx_word' id='word_1_220' title='bbox 1127 1811 1311 1874; x_wconf 82' lang='grc' dir='ltr'>αὐτοῖς</span> <span class='ocrx_word' id='word_1_221' title='bbox 1331 1826 1345 1839; x_wconf 86' lang='grc'><strong>·</strong></span> <span class='ocrx_word' id='word_1_222' title='bbox 1369 1809 1484 1863; x_wconf 80' lang='grc' dir='ltr'><strong>Οὐκ</strong></span> <span class='ocrx_word' id='word_1_223' title='bbox 1510 1805 1626 1859; x_wconf 76' lang='grc' dir='ltr'>ἐστι</span> <span class='ocrx_word' id='word_1_224' title='bbox 1659 1805 1945 1876; x_wconf 77' lang='grc' dir='ltr'><strong>προφήτης</strong></span> 
     </span>
    </p>
   </div>
   <div class='ocr_carea' id='block_1_32' title="bbox 2046 1796 3632 1888">
    <p class='ocr_par' dir='ltr' id='par_1_32' title="bbox 2124 1796 3632 1888">
     <span class='ocr_line' id='line_1_32' title="bbox 2124 1796 3632 1888; baseline -0.003 -29"><span class='ocrx_word' id='word_1_225' title='bbox 2124 1801 2293 1859; x_wconf 75' lang='lat' dir='ltr'><strong>Vens.</strong></span> <span class='ocrx_word' id='word_1_226' title='bbox 2327 1799 2515 1857; x_wconf 78' lang='lat'><strong>57-58.</strong></span> <span class='ocrx_word' id='word_1_227' title='bbox 2544 1817 2576 1888; x_wconf 77' lang='grc' dir='ltr'><strong>¹ι</strong></span> <span class='ocrx_word' id='word_1_228' title='bbox 2610 1796 2770 1854; x_wconf 87' lang='lat' dir='ltr'><strong>Jesus</strong></span> <span class='ocrx_word' id='word_1_229' title='bbox 2808 1810 2987 1853; x_wconf 85' lang='lat' dir='ltr'><strong>autem</strong></span> <span class='ocrx_word' id='word_1_230' title='bbox 3023 1798 3158 1853; x_wconf 78' lang='lat' dir='ltr'><strong>dixit</strong></span> <span class='ocrx_word' id='word_1_231' title='bbox 3195 1799 3303 1853; x_wconf 87' lang='lat' dir='ltr'><strong>illis</strong></span> <span class='ocrx_word' id='word_1_232' title='bbox 3342 1816 3355 1852; x_wconf 89' lang='lat'><strong>:</strong></span> <span class='ocrx_word' id='word_1_233' title='bbox 3389 1797 3505 1855; x_wconf 86' lang='lat' dir='ltr'><strong>Non</strong></span> <span class='ocrx_word' id='word_1_234' title='bbox 3544 1809 3632 1854; x_wconf 87' lang='lat' dir='ltr'><strong>est</strong></span> 
     </span>
    </p>
   </div>
   <div class='ocr_carea' id='block_1_33' title="bbox 360 1896 1944 1985">
    <p class='ocr_par' dir='ltr' id='par_1_33' title="bbox 360 1896 1944 1985">
     <span class='ocr_line' id='line_1_33' title="bbox 360 1896 1944 1985; baseline -0.013 -16"><span class='ocrx_word' id='word_1_235' title='bbox 360 1917 585 1985; x_wconf 78' lang='grc' dir='ltr'>ἄτιμος,</span> <span class='ocrx_word' id='word_1_236' title='bbox 614 1914 662 1967; x_wconf 79' lang='grc' dir='ltr'>εὶ</span> <span class='ocrx_word' id='word_1_237' title='bbox 698 1912 771 1982; x_wconf 84' lang='grc' dir='ltr'>μὴ</span> <span class='ocrx_word' id='word_1_238' title='bbox 801 1913 859 1965; x_wconf 81' lang='grc' dir='ltr'>ὲν</span> <span class='ocrx_word' id='word_1_239' title='bbox 883 1911 950 1981; x_wconf 82' lang='grc' dir='ltr'><strong>τῇ</strong></span> <span class='ocrx_word' id='word_1_240' title='bbox 995 1905 1216 1979; x_wconf 86' lang='grc' dir='ltr'>πατρίδι</span> <span class='ocrx_word' id='word_1_241' title='bbox 1246 1901 1413 1958; x_wconf 81' lang='grc' dir='ltr'>αὐτοῦ</span> <span class='ocrx_word' id='word_1_242' title='bbox 1466 1901 1561 1954; x_wconf 74' lang='grc' dir='ltr'>καὶ</span> <span class='ocrx_word' id='word_1_243' title='bbox 1592 1902 1651 1953; x_wconf 86' lang='grc' dir='ltr'>ὲν</span> <span class='ocrx_word' id='word_1_244' title='bbox 1688 1901 1757 1969; x_wconf 80' lang='grc' dir='ltr'>τῇ</span> <span class='ocrx_word' id='word_1_245' title='bbox 1793 1896 1944 1968; x_wconf 68' lang='grc' dir='ltr'>οἰκίᾳ</span> 
     </span>
    </p>
   </div>
   <div class='ocr_carea' id='block_1_34' title="bbox 360 1987 1945 2068">
    <p class='ocr_par' dir='ltr' id='par_1_34' title="bbox 360 1987 1945 2068">
     <span class='ocr_line' id='line_1_34' title="bbox 360 1987 1945 2068; baseline -0.011 -9"><span class='ocrx_word' id='word_1_246' title='bbox 360 2004 558 2059; x_wconf 74' lang='grc' dir='ltr'>αὐτοῦ.</span> <span class='ocrx_word' id='word_1_247' title='bbox 592 2004 702 2057; x_wconf 75' lang='grc' dir='ltr'><strong>Καὶ</strong></span> <span class='ocrx_word' id='word_1_248' title='bbox 725 2002 827 2055; x_wconf 84' lang='grc' dir='ltr'><strong>οὐκ</strong></span> <span class='ocrx_word' id='word_1_249' title='bbox 854 1997 1112 2068; x_wconf 78' lang='grc' dir='ltr'>ἐποίησεν</span> <span class='ocrx_word' id='word_1_250' title='bbox 1144 1996 1263 2049; x_wconf 77' lang='grc' dir='ltr'>ἐκεῖ</span> <span class='ocrx_word' id='word_1_251' title='bbox 1291 1992 1552 2063; x_wconf 87' lang='grc' dir='ltr'>δυνάμεις</span> <span class='ocrx_word' id='word_1_252' title='bbox 1597 1989 1818 2055; x_wconf 77' lang='grc' dir='ltr'>πολλὰς,</span> <span class='ocrx_word' id='word_1_253' title='bbox 1854 1987 1945 2043; x_wconf 74' lang='grc' dir='ltr'><strong>διὰ</strong></span> 
     </span>
    </p>
   </div>
   <div class='ocr_carea' id='block_1_35' title="bbox 356 2080 1944 2168">
    <p class='ocr_par' dir='ltr' id='par_1_35' title="bbox 356 2080 1944 2168">
     <span class='ocr_line' id='line_1_35' title="bbox 356 2080 1944 2168; baseline -0.011 -17"><span class='ocrx_word' id='word_1_254' title='bbox 356 2097 463 2168; x_wconf 79' lang='grc' dir='ltr'>τὴν</span> <span class='ocrx_word' id='word_1_255' title='bbox 495 2094 756 2153; x_wconf 81' lang='grc' dir='ltr'><strong>ἀπιστίαν</strong></span> <span class='ocrx_word' id='word_1_256' title='bbox 778 2091 982 2146; x_wconf 74' lang='grc' dir='ltr'>αὐτῶν.</span> <span class='ocrx_word' id='word_1_257' title='bbox 1023 2108 1042 2142; x_wconf 73' lang='grc' dir='ltr'><strong>ι</strong></span> <span class='ocrx_word' id='word_1_258' title='bbox 1079 2089 1223 2160; x_wconf 86' lang='grc' dir='ltr'>Ὅρα</span> <span class='ocrx_word' id='word_1_259' title='bbox 1262 2086 1354 2141; x_wconf 78' lang='grc' dir='ltr'>τὸν</span> <span class='ocrx_word' id='word_1_260' title='bbox 1394 2084 1650 2153; x_wconf 75' lang='grc' dir='ltr'>Χριστὸν,</span> <span class='ocrx_word' id='word_1_261' title='bbox 1689 2082 1806 2145; x_wconf 85' lang='grc' dir='ltr'><strong>πῶς</strong></span> <span class='ocrx_word' id='word_1_262' title='bbox 1845 2080 1944 2151; x_wconf 82' lang='grc' dir='ltr'><strong>οὐχ</strong></span> 
     </span>
    </p>
   </div>
   <div class='ocr_carea' id='block_1_36' title="bbox 370 2172 1943 2260">
    <p class='ocr_par' dir='ltr' id='par_1_36' title="bbox 370 2172 1943 2260">
     <span class='ocr_line' id='line_1_36' title="bbox 370 2172 1943 2260; baseline -0.011 -19"><span class='ocrx_word' id='word_1_263' title='bbox 370 2187 591 2260; x_wconf 78' lang='grc' dir='ltr'>ῦόρίζει</span> <span class='ocrx_word' id='word_1_264' title='bbox 639 2186 858 2250; x_wconf 69' lang='grc' dir='ltr'>αὐτοὺς,</span> <span class='ocrx_word' id='word_1_265' title='bbox 906 2181 1043 2236; x_wconf 79' lang='grc' dir='ltr'>ἀλλὰ</span> <span class='ocrx_word' id='word_1_266' title='bbox 1068 2184 1256 2250; x_wconf 85' lang='grc' dir='ltr'>πράως</span> <span class='ocrx_word' id='word_1_267' title='bbox 1318 2178 1483 2248; x_wconf 77' lang='grc' dir='ltr'>φησὶν</span> <span class='ocrx_word' id='word_1_268' title='bbox 1539 2177 1641 2241; x_wconf 80' lang='grc' dir='ltr'>ὅτι,</span> <span class='ocrx_word' id='word_1_269' title='bbox 1681 2174 1796 2227; x_wconf 80' lang='grc' dir='ltr'>Οὐκ</span> <span class='ocrx_word' id='word_1_270' title='bbox 1826 2172 1943 2225; x_wconf 75' lang='grc' dir='ltr'>ἔστι</span> 
     </span>
    </p>
   </div>
   <div class='ocr_carea' id='block_1_37' title="bbox 362 2261 1941 2349">
    <p class='ocr_par' dir='ltr' id='par_1_37' title="bbox 362 2261 1941 2349">
     <span class='ocr_line' id='line_1_37' title="bbox 362 2261 1941 2349; baseline -0.01 -20"><span class='ocrx_word' id='word_1_271' title='bbox 362 2277 657 2349; x_wconf 77' lang='grc' dir='ltr'><strong>προφήτης</strong></span> <span class='ocrx_word' id='word_1_272' title='bbox 690 2272 908 2341; x_wconf 77' lang='grc' dir='ltr'>ἄτιμος,</span> <span class='ocrx_word' id='word_1_273' title='bbox 955 2271 1050 2324; x_wconf 75' lang='grc' dir='ltr'>καὶ</span> <span class='ocrx_word' id='word_1_274' title='bbox 1103 2268 1173 2323; x_wconf 75' lang='grc' dir='ltr'><strong>τὰ</strong></span> <span class='ocrx_word' id='word_1_275' title='bbox 1226 2265 1375 2336; x_wconf 80' lang='grc' dir='ltr'><strong>ἑξῆς.</strong></span> <span class='ocrx_word' id='word_1_276' title='bbox 1417 2263 1704 2333; x_wconf 78' lang='grc' dir='ltr'>Εἰώθαμεν</span> <span class='ocrx_word' id='word_1_277' title='bbox 1738 2262 1847 2334; x_wconf 82' lang='grc' dir='ltr'><strong>γὰρ</strong></span> <span class='ocrx_word' id='word_1_278' title='bbox 1891 2261 1941 2314; x_wconf 75' lang='grc' dir='ltr'>οἱ</span> 
     </span>
    </p>
   </div>
   <div class='ocr_carea' id='block_1_38' title="bbox 363 2352 1943 2437">
    <p class='ocr_par' dir='ltr' id='par_1_38' title="bbox 363 2352 1943 2437">
     <span class='ocr_line' id='line_1_38' title="bbox 363 2352 1943 2437; baseline -0.009 -16"><span class='ocrx_word' id='word_1_279' title='bbox 363 2367 667 2437; x_wconf 78' lang='grc' dir='ltr'>ἄνθρωποι,</span> <span class='ocrx_word' id='word_1_280' title='bbox 702 2365 812 2419; x_wconf 84' lang='grc' dir='ltr'><strong>τῶν</strong></span> <span class='ocrx_word' id='word_1_281' title='bbox 844 2365 903 2416; x_wconf 80' lang='grc' dir='ltr'>ὲν</span> <span class='ocrx_word' id='word_1_282' title='bbox 936 2359 1196 2431; x_wconf 76' lang='grc' dir='ltr'><strong>συνηθείᾳ</strong></span> <span class='ocrx_word' id='word_1_283' title='bbox 1227 2360 1317 2413; x_wconf 76' lang='grc' dir='ltr'><strong>ἀεὶ</strong></span> <span class='ocrx_word' id='word_1_284' title='bbox 1350 2357 1714 2427; x_wconf 77' lang='grc' dir='ltr'><strong>καταφρονεῖν</strong></span> <span class='ocrx_word' id='word_1_285' title='bbox 1738 2371 1752 2384; x_wconf 90' lang='grc'><strong>·</strong></span> <span class='ocrx_word' id='word_1_286' title='bbox 1787 2354 1856 2407; x_wconf 78' lang='grc' dir='ltr'>τὰ</span> <span class='ocrx_word' id='word_1_287' title='bbox 1884 2352 1943 2407; x_wconf 81' lang='grc' dir='ltr'>δὲ</span> 
     </span>
    </p>
   </div>
   <div class='ocr_carea' id='block_1_39' title="bbox 365 2445 1940 2525">
    <p class='ocr_par' dir='ltr' id='par_1_39' title="bbox 365 2445 1940 2525">
     <span class='ocr_line' id='line_1_39' title="bbox 365 2445 1940 2525; baseline -0.009 -13"><span class='ocrx_word' id='word_1_288' title='bbox 365 2460 499 2525; x_wconf 79' lang='grc' dir='ltr'>ξένα</span> <span class='ocrx_word' id='word_1_289' title='bbox 519 2455 885 2521; x_wconf 78' lang='grc' dir='ltr'>ἀσπάζεσθαι.</span> <span class='ocrx_word' id='word_1_290' title='bbox 906 2456 978 2508; x_wconf 74' lang='grc' dir='ltr'><strong>Τὸ</strong></span> <span class='ocrx_word' id='word_1_291' title='bbox 1000 2454 1057 2507; x_wconf 84' lang='grc' dir='ltr'>δὲ</span> <span class='ocrx_word' id='word_1_292' title='bbox 1080 2456 1137 2507; x_wconf 76' lang='grc' dir='ltr'>ἐν</span> <span class='ocrx_word' id='word_1_293' title='bbox 1155 2455 1220 2523; x_wconf 78' lang='grc' dir='ltr'>τῇ</span> <span class='ocrx_word' id='word_1_294' title='bbox 1240 2451 1385 2519; x_wconf 66' lang='grc' dir='ltr'>οἰκίᾳ</span> <span class='ocrx_word' id='word_1_295' title='bbox 1415 2446 1583 2503; x_wconf 78' lang='grc' dir='ltr'>αὑτοῦ</span> <span class='ocrx_word' id='word_1_296' title='bbox 1608 2445 1940 2519; x_wconf 82' lang='grc' dir='ltr'>προσέθηκε,</span> 
     </span>
    </p>
   </div>
   <div class='ocr_carea' id='block_1_40' title="bbox 365 2539 1939 2619">
    <p class='ocr_par' dir='ltr' id='par_1_40' title="bbox 365 2539 1939 2619">
     <span class='ocr_line' id='line_1_40' title="bbox 365 2539 1939 2619; baseline -0.009 -15"><span class='ocrx_word' id='word_1_297' title='bbox 365 2552 503 2604; x_wconf 77' lang='grc' dir='ltr'>διότι</span> <span class='ocrx_word' id='word_1_298' title='bbox 527 2551 622 2603; x_wconf 64' lang='grc' dir='ltr'>καὶ</span> <span class='ocrx_word' id='word_1_299' title='bbox 643 2551 693 2603; x_wconf 77' lang='grc' dir='ltr'>οἱ</span> <span class='ocrx_word' id='word_1_300' title='bbox 719 2548 940 2619; x_wconf 74' lang='grc' dir='ltr'>ἀδελφοὶ</span> <span class='ocrx_word' id='word_1_301' title='bbox 977 2545 1168 2609; x_wconf 72' lang='grc' dir='ltr'>αὐτοῦ,</span> <span class='ocrx_word' id='word_1_302' title='bbox 1204 2544 1253 2597; x_wconf 82' lang='grc' dir='ltr'>οἱ</span> <span class='ocrx_word' id='word_1_303' title='bbox 1300 2546 1365 2597; x_wconf 84' lang='grc' dir='ltr'>ὲκ</span> <span class='ocrx_word' id='word_1_304' title='bbox 1396 2545 1493 2614; x_wconf 81' lang='grc' dir='ltr'>τῆς</span> <span class='ocrx_word' id='word_1_305' title='bbox 1537 2541 1707 2610; x_wconf 73' lang='grc' dir='ltr'>αὐτῆς</span> <span class='ocrx_word' id='word_1_306' title='bbox 1739 2539 1939 2601; x_wconf 76' lang='grc' dir='ltr'>οἰκίας,</span> 
     </span>
    </p>
   </div>
   <div class='ocr_carea' id='block_1_41' title="bbox 362 2631 1944 2712">
    <p class='ocr_par' dir='ltr' id='par_1_41' title="bbox 362 2631 1944 2712">
     <span class='ocr_line' id='line_1_41' title="bbox 362 2631 1944 2712; baseline -0.009 -17"><span class='ocrx_word' id='word_1_307' title='bbox 362 2644 628 2712; x_wconf 74' lang='grc' dir='ltr'>ἐφθόνουν</span> <span class='ocrx_word' id='word_1_308' title='bbox 658 2641 827 2712; x_wconf 70' lang='grc' dir='ltr'>αὐτῷ.</span> <span class='ocrx_word' id='word_1_309' title='bbox 856 2641 969 2694; x_wconf 84' lang='grc' dir='ltr'><strong>Οὐκ</strong></span> <span class='ocrx_word' id='word_1_310' title='bbox 998 2639 1219 2711; x_wconf 77' lang='grc' dir='ltr'>ἐποίησε</span> <span class='ocrx_word' id='word_1_311' title='bbox 1253 2638 1311 2692; x_wconf 88' lang='grc' dir='ltr'>δὲ</span> <span class='ocrx_word' id='word_1_312' title='bbox 1359 2639 1474 2690; x_wconf 77' lang='grc' dir='ltr'>ἐκεῖ</span> <span class='ocrx_word' id='word_1_313' title='bbox 1508 2634 1769 2704; x_wconf 82' lang='grc' dir='ltr'>δυνάμεις</span> <span class='ocrx_word' id='word_1_314' title='bbox 1815 2631 1944 2684; x_wconf 84' lang='grc' dir='ltr'>πολ-</span> 
     </span>
    </p>
   </div>
   <div class='ocr_carea' id='block_1_42' title="bbox 364 2721 1941 2802">
    <p class='ocr_par' dir='ltr' id='par_1_42' title="bbox 364 2721 1941 2802">
     <span class='ocr_line' id='line_1_42' title="bbox 364 2721 1941 2802; baseline -0.008 -16"><span class='ocrx_word' id='word_1_315' title='bbox 364 2733 486 2797; x_wconf 76' lang='grc' dir='ltr'>λὰς,</span> <span class='ocrx_word' id='word_1_316' title='bbox 533 2734 622 2785; x_wconf 71' lang='grc' dir='ltr'>διὰ</span> <span class='ocrx_word' id='word_1_317' title='bbox 655 2732 752 2802; x_wconf 74' lang='grc' dir='ltr'>τὴν</span> <span class='ocrx_word' id='word_1_318' title='bbox 807 2732 1068 2785; x_wconf 81' lang='grc' dir='ltr'>ἀπιστίαν</span> <span class='ocrx_word' id='word_1_319' title='bbox 1116 2729 1321 2795; x_wconf 84' lang='grc' dir='ltr'>αὐτῶν,</span> <span class='ocrx_word' id='word_1_320' title='bbox 1369 2726 1688 2797; x_wconf 77' lang='grc' dir='ltr'>φειδόμενος</span> <span class='ocrx_word' id='word_1_321' title='bbox 1738 2721 1941 2784; x_wconf 78' lang='grc' dir='ltr'>αὐτῶν,</span> 
     </span>
    </p>
   </div>
   <div class='ocr_carea' id='block_1_43' title="bbox 366 2814 1942 2894">
    <p class='ocr_par' dir='ltr' id='par_1_43' title="bbox 366 2814 1942 2894">
     <span class='ocr_line' id='line_1_43' title="bbox 366 2814 1942 2894; baseline -0.006 -16"><span class='ocrx_word' id='word_1_322' title='bbox 366 2826 454 2878; x_wconf 86' lang='grc' dir='ltr'>ἵνα</span> <span class='ocrx_word' id='word_1_323' title='bbox 479 2823 553 2894; x_wconf 80' lang='grc' dir='ltr'>μὴ</span> <span class='ocrx_word' id='word_1_324' title='bbox 576 2825 667 2876; x_wconf 80' lang='grc' dir='ltr'>καὶ</span> <span class='ocrx_word' id='word_1_325' title='bbox 692 2821 831 2891; x_wconf 84' lang='grc' dir='ltr'>μετὰ</span> <span class='ocrx_word' id='word_1_326' title='bbox 848 2821 919 2875; x_wconf 79' lang='grc' dir='ltr'><strong>τά</strong></span> <span class='ocrx_word' id='word_1_327' title='bbox 948 2823 1153 2891; x_wconf 77' lang='grc' dir='ltr'>σημεῖα</span> <span class='ocrx_word' id='word_1_328' title='bbox 1177 2820 1397 2873; x_wconf 79' lang='grc' dir='ltr'>ἄπιστοι</span> <span class='ocrx_word' id='word_1_329' title='bbox 1423 2817 1729 2887; x_wconf 81' lang='grc' dir='ltr'>μείναντες,</span> <span class='ocrx_word' id='word_1_330' title='bbox 1756 2814 1942 2871; x_wconf 85' lang='grc' dir='ltr'>πλεῖον</span> 
     </span>
    </p>
   </div>
   <div class='ocr_carea' id='block_1_44' title="bbox 366 2905 1940 2983">
    <p class='ocr_par' dir='ltr' id='par_1_44' title="bbox 366 2905 1940 2983">
     <span class='ocr_line' id='line_1_44' title="bbox 366 2905 1940 2983; baseline -0.006 -15"><span class='ocrx_word' id='word_1_331' title='bbox 366 2915 695 2969; x_wconf 84' lang='grc' dir='ltr'>κολασθῶσι.</span> <span class='ocrx_word' id='word_1_332' title='bbox 739 2912 918 2973; x_wconf 76' lang='grc' dir='ltr'>Πολλὰ</span> <span class='ocrx_word' id='word_1_333' title='bbox 973 2912 1070 2983; x_wconf 79' lang='grc' dir='ltr'>μὲν</span> <span class='ocrx_word' id='word_1_334' title='bbox 1107 2908 1200 2966; x_wconf 83' lang='grc' dir='ltr'>οὖν</span> <span class='ocrx_word' id='word_1_335' title='bbox 1233 2912 1333 2964; x_wconf 82' lang='grc' dir='ltr'>οὐκ</span> <span class='ocrx_word' id='word_1_336' title='bbox 1381 2910 1660 2979; x_wconf 77' lang='grc' dir='ltr'>ἐποίησεν,</span> <span class='ocrx_word' id='word_1_337' title='bbox 1707 2906 1867 2975; x_wconf 84' lang='grc' dir='ltr'>ὀλίγα</span> <span class='ocrx_word' id='word_1_338' title='bbox 1896 2905 1940 2960; x_wconf 83' lang='grc' dir='ltr'>δ’</span> 
     </span>
    </p>
   </div>
   <div class='ocr_carea' id='block_1_45' title="bbox 369 3001 1944 3078">
    <p class='ocr_par' dir='ltr' id='par_1_45' title="bbox 369 3001 1944 3078">
     <span class='ocr_line' id='line_1_45' title="bbox 369 3001 1944 3078; baseline -0.007 -15"><span class='ocrx_word' id='word_1_339' title='bbox 369 3009 565 3073; x_wconf 77' lang='grc' dir='ltr'>ἆν,ἷνα</span> <span class='ocrx_word' id='word_1_340' title='bbox 596 3008 673 3078; x_wconf 80' lang='grc' dir='ltr'>μὴ</span> <span class='ocrx_word' id='word_1_341' title='bbox 705 3005 868 3076; x_wconf 74' lang='grc' dir='ltr'>ἔχωσι</span> <span class='ocrx_word' id='word_1_342' title='bbox 892 3005 1097 3074; x_wconf 85' lang='grc' dir='ltr'>λέγειν,</span> <span class='ocrx_word' id='word_1_343' title='bbox 1128 3004 1229 3058; x_wconf 83' lang='grc' dir='ltr'>ὅτι⁶</span> <span class='ocrx_word' id='word_1_344' title='bbox 1266 3004 1327 3057; x_wconf 81' lang='lat' dir='ltr'><strong>El</strong></span> <span class='ocrx_word' id='word_1_345' title='bbox 1352 3001 1487 3066; x_wconf 80' lang='grc' dir='ltr'>ὅλως</span> <span class='ocrx_word' id='word_1_346' title='bbox 1512 3003 1787 3072; x_wconf 76' lang='grc' dir='ltr'>ἐποίησεν,</span> <span class='ocrx_word' id='word_1_347' title='bbox 1822 3002 1944 3052; x_wconf 76' lang='grc' dir='ltr'>ἑπι-</span> 
     </span>
    </p>
   </div>
   <div class='ocr_carea' id='block_1_46' title="bbox 368 3092 1943 3170">
    <p class='ocr_par' dir='ltr' id='par_1_46' title="bbox 368 3092 1943 3170">
     <span class='ocr_line' id='line_1_46' title="bbox 368 3092 1943 3170; baseline -0.007 -15"><span class='ocrx_word' id='word_1_348' title='bbox 368 3102 674 3170; x_wconf 80' lang='grc' dir='ltr'>στεύσαμεν</span> <span class='ocrx_word' id='word_1_349' title='bbox 701 3098 789 3152; x_wconf 79' lang='grc' dir='ltr'><strong>ἄν.</strong></span> <span class='ocrx_word' id='word_1_350' title='bbox 826 3099 898 3152; x_wconf 85' lang='grc' dir='ltr'><strong>Σὺ</strong></span> <span class='ocrx_word' id='word_1_351' title='bbox 922 3098 977 3151; x_wconf 81' lang='grc' dir='ltr'>δὲ</span> <span class='ocrx_word' id='word_1_352' title='bbox 1005 3097 1198 3169; x_wconf 78' lang='grc' dir='ltr'>νόησον</span> <span class='ocrx_word' id='word_1_353' title='bbox 1237 3096 1330 3149; x_wconf 75' lang='grc' dir='ltr'>καὶ</span> <span class='ocrx_word' id='word_1_354' title='bbox 1363 3094 1558 3161; x_wconf 75' lang='grc' dir='ltr'>οὕτως,</span> <span class='ocrx_word' id='word_1_355' title='bbox 1598 3094 1681 3147; x_wconf 84' lang='grc' dir='ltr'>ὅτι</span> <span class='ocrx_word' id='word_1_356' title='bbox 1714 3092 1809 3147; x_wconf 68' lang='grc' dir='ltr'>καὶ</span> <span class='ocrx_word' id='word_1_357' title='bbox 1846 3092 1943 3161; x_wconf 83' lang='grc' dir='ltr'><strong>μὲ-</strong></span> 
     </span>
    </p>
   </div>
   <div class='ocr_carea' id='block_1_47' title="bbox 2050 1870 3624 1962">
    <p class='ocr_par' dir='ltr' id='par_1_47' title="bbox 2050 1870 3624 1962">
     <span class='ocr_line' id='line_1_47' title="bbox 2050 1870 3624 1962; baseline -0.001 -16"><span class='ocrx_word' id='word_1_358' title='bbox 2050 1892 2310 1962; x_wconf 86' lang='lat' dir='ltr'><strong>propheta</strong></span> <span class='ocrx_word' id='word_1_359' title='bbox 2353 1870 2575 1945; x_wconf 71' lang='lat' dir='ltr'><strong>honoris</strong></span> <span class='ocrx_word' id='word_1_360' title='bbox 2617 1904 2837 1958; x_wconf 78' lang='lat' dir='ltr'><strong>expers,</strong></span> <span class='ocrx_word' id='word_1_361' title='bbox 2868 1890 2970 1944; x_wconf 89' lang='lat' dir='ltr'><strong>uisi</strong></span> <span class='ocrx_word' id='word_1_362' title='bbox 3006 1890 3059 1945; x_wconf 89' lang='lat' dir='ltr'><strong>in</strong></span> <span class='ocrx_word' id='word_1_363' title='bbox 3106 1892 3280 1959; x_wconf 84' lang='lat' dir='ltr'><strong>patria</strong></span> <span class='ocrx_word' id='word_1_364' title='bbox 3327 1906 3426 1946; x_wconf 86' lang='lat' dir='ltr'><strong>sua</strong></span> <span class='ocrx_word' id='word_1_365' title='bbox 3483 1899 3538 1947; x_wconf 88' lang='lat' dir='ltr'><strong>et</strong></span> <span class='ocrx_word' id='word_1_366' title='bbox 3573 1892 3624 1947; x_wconf 91' lang='lat' dir='ltr'><strong>in</strong></span> 
     </span>
    </p>
   </div>
   <div class='ocr_carea' id='block_1_48' title="bbox 2046 1979 3628 2053">
    <p class='ocr_par' dir='ltr' id='par_1_48' title="bbox 2046 1979 3628 2053">
     <span class='ocr_line' id='line_1_48' title="bbox 2046 1979 3628 2053; baseline -0.001 -15"><span class='ocrx_word' id='word_1_367' title='bbox 2046 1983 2208 2038; x_wconf 89' lang='lat' dir='ltr'><strong>domo</strong></span> <span class='ocrx_word' id='word_1_368' title='bbox 2241 1996 2360 2038; x_wconf 90' lang='lat' dir='ltr'><strong>sua.</strong></span> <span class='ocrx_word' id='word_1_369' title='bbox 2383 1979 2452 2036; x_wconf 85' lang='lat' dir='ltr'><strong>Et</strong></span> <span class='ocrx_word' id='word_1_370' title='bbox 2480 1996 2585 2035; x_wconf 92' lang='lat' dir='ltr'><strong>non</strong></span> <span class='ocrx_word' id='word_1_371' title='bbox 2615 1981 2745 2036; x_wconf 83' lang='lat' dir='ltr'><strong>fecit</strong></span> <span class='ocrx_word' id='word_1_372' title='bbox 2767 1981 2875 2035; x_wconf 92' lang='lat' dir='ltr'><strong>illic</strong></span> <span class='ocrx_word' id='word_1_373' title='bbox 2900 1981 3130 2036; x_wconf 82' lang='lat' dir='ltr'><strong>virtutes</strong></span> <span class='ocrx_word' id='word_1_374' title='bbox 3160 1981 3375 2049; x_wconf 88' lang='lat' dir='ltr'><strong>multas,</strong></span> <span class='ocrx_word' id='word_1_375' title='bbox 3408 1993 3628 2053; x_wconf 84' lang='lat' dir='ltr'><strong>propter</strong></span> 
     </span>
    </p>
   </div>
   <div class='ocr_carea' id='block_1_49' title="bbox 2047 2072 3628 2145">
    <p class='ocr_par' dir='ltr' id='par_1_49' title="bbox 2047 2072 3628 2145">
     <span class='ocr_line' id='line_1_49' title="bbox 2047 2072 3628 2145; baseline 0 -14"><span class='ocrx_word' id='word_1_376' title='bbox 2047 2073 2485 2131; x_wconf 88' lang='lat' dir='ltr'><strong>incredulitatem</strong></span> <span class='ocrx_word' id='word_1_377' title='bbox 2525 2073 2763 2128; x_wconf 91' lang='lat' dir='ltr'><strong>illorum.</strong></span> <span class='ocrx_word' id='word_1_378' title='bbox 2802 2095 2821 2127; x_wconf 75' lang='grc' dir='ltr'><strong>ι</strong></span> <span class='ocrx_word' id='word_1_379' title='bbox 2863 2072 2999 2129; x_wconf 81' lang='lat' dir='ltr'><strong>Vide</strong></span> <span class='ocrx_word' id='word_1_380' title='bbox 3028 2074 3307 2131; x_wconf 86' lang='lat' dir='ltr'><strong>Christum</strong></span> <span class='ocrx_word' id='word_1_381' title='bbox 3353 2076 3628 2145; x_wconf 80' lang='lat' dir='ltr'><strong>quomodo</strong></span> 
     </span>
    </p>
   </div>
   <div class='ocr_carea' id='block_1_50' title="bbox 2049 2163 3627 2237">
    <p class='ocr_par' dir='ltr' id='par_1_50' title="bbox 2049 2163 3627 2237">
     <span class='ocr_line' id='line_1_50' title="bbox 2049 2163 3627 2237; baseline 0.001 -16"><span class='ocrx_word' id='word_1_382' title='bbox 2049 2181 2155 2221; x_wconf 85' lang='lat' dir='ltr'><strong>non</strong></span> <span class='ocrx_word' id='word_1_383' title='bbox 2194 2165 2392 2237; x_wconf 89' lang='lat' dir='ltr'><strong>injuria</strong></span> <span class='ocrx_word' id='word_1_384' title='bbox 2424 2180 2519 2221; x_wconf 92' lang='lat' dir='ltr'><strong>eos</strong></span> <span class='ocrx_word' id='word_1_385' title='bbox 2544 2163 2729 2227; x_wconf 78' lang='lat' dir='ltr'><strong>aﬂicit,</strong></span> <span class='ocrx_word' id='word_1_386' title='bbox 2761 2164 2855 2220; x_wconf 84' lang='lat' dir='ltr'><strong>sed</strong></span> <span class='ocrx_word' id='word_1_387' title='bbox 2888 2174 3172 2219; x_wconf 87' lang='lat' dir='ltr'><strong>mansuete</strong></span> <span class='ocrx_word' id='word_1_388' title='bbox 3205 2165 3359 2231; x_wconf 89' lang='lat' dir='ltr'><strong>dicit,</strong></span> <span class='ocrx_word' id='word_1_389' title='bbox 3400 2164 3515 2220; x_wconf 80' lang='lat' dir='ltr'><strong>Non</strong></span> <span class='ocrx_word' id='word_1_390' title='bbox 3546 2182 3627 2222; x_wconf 84' lang='lat' dir='ltr'><strong>est</strong></span> 
     </span>
    </p>
   </div>
   <div class='ocr_carea' id='block_1_51' title="bbox 2045 2257 3626 2331">
    <p class='ocr_par' dir='ltr' id='par_1_51' title="bbox 2045 2257 3626 2331">
     <span class='ocr_line' id='line_1_51' title="bbox 2045 2257 3626 2331; baseline -0.001 -17"><span class='ocrx_word' id='word_1_391' title='bbox 2045 2260 2309 2331; x_wconf 80' lang='lat' dir='ltr'><strong>propheta</strong></span> <span class='ocrx_word' id='word_1_392' title='bbox 2340 2258 2567 2314; x_wconf 87' lang='lat' dir='ltr'><strong>honoris</strong></span> <span class='ocrx_word' id='word_1_393' title='bbox 2600 2273 2816 2329; x_wconf 78' lang='lat' dir='ltr'><strong>expers,</strong></span> <span class='ocrx_word' id='word_1_394' title='bbox 2848 2266 2955 2313; x_wconf 90' lang='lat' dir='ltr'><strong>etc.</strong></span> <span class='ocrx_word' id='word_1_395' title='bbox 2991 2257 3244 2317; x_wconf 87' lang='lat' dir='ltr'><strong>Solemus</strong></span> <span class='ocrx_word' id='word_1_396' title='bbox 3274 2260 3417 2314; x_wconf 90' lang='lat' dir='ltr'><strong>enim</strong></span> <span class='ocrx_word' id='word_1_397' title='bbox 3454 2260 3626 2314; x_wconf 86' lang='lat' dir='ltr'><strong>homi-</strong></span> 
     </span>
    </p>
   </div>
   <div class='ocr_carea' id='block_1_52' title="bbox 2045 2347 3626 2415">
    <p class='ocr_par' dir='ltr' id='par_1_52' title="bbox 2045 2347 3626 2415">
     <span class='ocr_line' id='line_1_52' title="bbox 2045 2347 3626 2415; baseline -0.001 -10"><span class='ocrx_word' id='word_1_398' title='bbox 2045 2364 2139 2405; x_wconf 89' lang='lat' dir='ltr'><strong>nes</strong></span> <span class='ocrx_word' id='word_1_399' title='bbox 2166 2347 2462 2407; x_wconf 83' lang='lat' dir='ltr'><strong>familiares</strong></span> <span class='ocrx_word' id='word_1_400' title='bbox 2507 2358 2881 2415; x_wconf 88' lang='lat' dir='ltr'><strong>contemnere,</strong></span> <span class='ocrx_word' id='word_1_401' title='bbox 2917 2359 2971 2406; x_wconf 90' lang='lat' dir='ltr'><strong>et</strong></span> <span class='ocrx_word' id='word_1_402' title='bbox 3001 2356 3253 2407; x_wconf 76' lang='lat' dir='ltr'><strong>externos</strong></span> <span class='ocrx_word' id='word_1_403' title='bbox 3299 2349 3350 2403; x_wconf 89' lang='lat' dir='ltr'><strong>in</strong></span> <span class='ocrx_word' id='word_1_404' title='bbox 3388 2349 3626 2404; x_wconf 87' lang='lat' dir='ltr'><strong>admira-</strong></span> 
     </span>
    </p>
   </div>
   <div class='ocr_carea' id='block_1_53' title="bbox 2047 2439 3622 2509">
    <p class='ocr_par' dir='ltr' id='par_1_53' title="bbox 2047 2439 3622 2509">
     <span class='ocr_line' id='line_1_53' title="bbox 2047 2439 3622 2509; baseline -0.003 -14"><span class='ocrx_word' id='word_1_405' title='bbox 2047 2442 2193 2495; x_wconf 91' lang='lat' dir='ltr'><strong>tione</strong></span> <span class='ocrx_word' id='word_1_406' title='bbox 2236 2440 2465 2496; x_wconf 82' lang='lat' dir='ltr'><strong>babere.</strong></span> <span class='ocrx_word' id='word_1_407' title='bbox 2504 2439 2656 2507; x_wconf 86' lang='lat' dir='ltr'><strong>Quod</strong></span> <span class='ocrx_word' id='word_1_408' title='bbox 2693 2448 2872 2494; x_wconf 88' lang='lat' dir='ltr'><strong>autem</strong></span> <span class='ocrx_word' id='word_1_409' title='bbox 2919 2439 3137 2509; x_wconf 86' lang='lat' dir='ltr'><strong>adjicit,</strong></span> <span class='ocrx_word' id='word_1_410' title='bbox 3191 2440 3242 2493; x_wconf 90' lang='lat' dir='ltr'><strong>in</strong></span> <span class='ocrx_word' id='word_1_411' title='bbox 3292 2439 3453 2494; x_wconf 86' lang='lat' dir='ltr'><strong>domo</strong></span> <span class='ocrx_word' id='word_1_412' title='bbox 3500 2454 3622 2505; x_wconf 83' lang='lat' dir='ltr'><strong>sua,</strong></span> 
     </span>
    </p>
   </div>
   <div class='ocr_carea' id='block_1_54' title="bbox 2045 2530 3624 2602">
    <p class='ocr_par' dir='ltr' id='par_1_54' title="bbox 2045 2530 3624 2602">
     <span class='ocr_line' id='line_1_54' title="bbox 2045 2530 3624 2602; baseline -0.001 -16"><span class='ocrx_word' id='word_1_413' title='bbox 2045 2532 2169 2587; x_wconf 88' lang='lat' dir='ltr'><strong>ideo</strong></span> <span class='ocrx_word' id='word_1_414' title='bbox 2210 2530 2362 2599; x_wconf 89' lang='lat' dir='ltr'><strong>fecit,</strong></span> <span class='ocrx_word' id='word_1_415' title='bbox 2390 2531 2515 2602; x_wconf 88' lang='lat' dir='ltr'><strong>quia</strong></span> <span class='ocrx_word' id='word_1_416' title='bbox 2554 2531 2785 2586; x_wconf 88' lang='lat' dir='ltr'><strong>oderant</strong></span> <span class='ocrx_word' id='word_1_417' title='bbox 2826 2544 2951 2585; x_wconf 91' lang='lat' dir='ltr'><strong>eum</strong></span> <span class='ocrx_word' id='word_1_418' title='bbox 2988 2538 3042 2586; x_wconf 92' lang='lat' dir='ltr'><strong>et</strong></span> <span class='ocrx_word' id='word_1_419' title='bbox 3086 2530 3283 2593; x_wconf 79' lang='lat' dir='ltr'><strong>fratres</strong></span> <span class='ocrx_word' id='word_1_420' title='bbox 3324 2531 3404 2587; x_wconf 90' lang='lat' dir='ltr'><strong>sui</strong></span> <span class='ocrx_word' id='word_1_421' title='bbox 3435 2530 3624 2585; x_wconf 88' lang='lat' dir='ltr'><strong>dome-</strong></span> 
     </span>
    </p>
   </div>
   <div class='ocr_carea' id='block_1_55' title="bbox 2043 2622 3627 2692">
    <p class='ocr_par' dir='ltr' id='par_1_55' title="bbox 2043 2622 3627 2692">
     <span class='ocr_line' id='line_1_55' title="bbox 2043 2622 3627 2692; baseline -0.001 -16"><span class='ocrx_word' id='word_1_422' title='bbox 2043 2623 2188 2677; x_wconf 82' lang='lat' dir='ltr'><strong>stici.</strong></span> <span class='ocrx_word' id='word_1_423' title='bbox 2222 2622 2394 2676; x_wconf 87' lang='lat' dir='ltr'><strong>Porro</strong></span> <span class='ocrx_word' id='word_1_424' title='bbox 2425 2622 2535 2678; x_wconf 90' lang='lat' dir='ltr'><strong>illic</strong></span> <span class='ocrx_word' id='word_1_425' title='bbox 2569 2622 2800 2678; x_wconf 83' lang='lat' dir='ltr'><strong>virtutes</strong></span> <span class='ocrx_word' id='word_1_426' title='bbox 2842 2622 3042 2678; x_wconf 87' lang='lat' dir='ltr'><strong>multas</strong></span> <span class='ocrx_word' id='word_1_427' title='bbox 3078 2638 3181 2676; x_wconf 91' lang='lat' dir='ltr'><strong>non</strong></span> <span class='ocrx_word' id='word_1_428' title='bbox 3217 2622 3365 2690; x_wconf 86' lang='lat' dir='ltr'><strong>fecit,</strong></span> <span class='ocrx_word' id='word_1_429' title='bbox 3406 2632 3627 2692; x_wconf 78' lang='lat' dir='ltr'><strong>propter</strong></span> 
     </span>
    </p>
   </div>
   <div class='ocr_carea' id='block_1_56' title="bbox 2044 2714 3625 2785">
    <p class='ocr_par' dir='ltr' id='par_1_56' title="bbox 2044 2714 3625 2785">
     <span class='ocr_line' id='line_1_56' title="bbox 2044 2714 3625 2785; baseline -0.003 -15"><span class='ocrx_word' id='word_1_430' title='bbox 2044 2714 2481 2771; x_wconf 88' lang='lat' dir='ltr'><strong>incredulitatem</strong></span> <span class='ocrx_word' id='word_1_431' title='bbox 2529 2714 2743 2771; x_wconf 89' lang='lat' dir='ltr'><strong>illorum</strong></span> <span class='ocrx_word' id='word_1_432' title='bbox 2776 2729 3007 2785; x_wconf 84' lang='lat' dir='ltr'><strong>parcens</strong></span> <span class='ocrx_word' id='word_1_433' title='bbox 3046 2716 3146 2780; x_wconf 90' lang='lat' dir='ltr'><strong>eis,</strong></span> <span class='ocrx_word' id='word_1_434' title='bbox 3192 2730 3259 2770; x_wconf 91' lang='lat' dir='ltr'><strong>ne</strong></span> <span class='ocrx_word' id='word_1_435' title='bbox 3306 2724 3427 2783; x_wconf 85' lang='lat' dir='ltr'><strong>post</strong></span> <span class='ocrx_word' id='word_1_436' title='bbox 3472 2714 3625 2784; x_wconf 78' lang='lat' dir='ltr'><strong>signa</strong></span> 
     </span>
    </p>
   </div>
   <div class='ocr_carea' id='block_1_57' title="bbox 2044 2816 3627 2894">
    <p class='ocr_par' dir='ltr' id='par_1_57' title="bbox 2044 2816 3627 2894">
     <span class='ocr_line' id='line_1_57' title="bbox 2044 2816 3627 2894; baseline 0.004 -25"><span class='ocrx_word' id='word_1_437' title='bbox 2044 2816 2305 2873; x_wconf 86' lang='lat' dir='ltr'><strong>increduli</strong></span> <span class='ocrx_word' id='word_1_438' title='bbox 2344 2828 2646 2884; x_wconf 85' lang='lat' dir='ltr'><strong>manentes,</strong></span> <span class='ocrx_word' id='word_1_439' title='bbox 2675 2820 2895 2889; x_wconf 77' lang='lat' dir='ltr'><strong>gravius</strong></span> <span class='ocrx_word' id='word_1_440' title='bbox 2938 2819 3281 2888; x_wconf 88' lang='lat' dir='ltr'><strong>punirentur.</strong></span> <span class='ocrx_word' id='word_1_441' title='bbox 3328 2819 3491 2875; x_wconf 79' lang='lat' dir='ltr'><strong>Multa</strong></span> <span class='ocrx_word' id='word_1_442' title='bbox 3526 2821 3627 2894; x_wconf 77' lang='lat' dir='ltr'><strong>igi-</strong></span> 
     </span>
    </p>
   </div>
   <div class='ocr_carea' id='block_1_58' title="bbox 2047 2911 3624 2982">
    <p class='ocr_par' dir='ltr' id='par_1_58' title="bbox 2047 2911 3624 2982">
     <span class='ocr_line' id='line_1_58' title="bbox 2047 2911 3624 2982; baseline 0.004 -19"><span class='ocrx_word' id='word_1_443' title='bbox 2047 2920 2133 2969; x_wconf 84' lang='lat' dir='ltr'><strong>tur</strong></span> <span class='ocrx_word' id='word_1_444' title='bbox 2162 2926 2268 2966; x_wconf 90' lang='lat' dir='ltr'><strong>nou</strong></span> <span class='ocrx_word' id='word_1_445' title='bbox 2315 2911 2464 2978; x_wconf 90' lang='lat' dir='ltr'><strong>fecit,</strong></span> <span class='ocrx_word' id='word_1_446' title='bbox 2502 2928 2670 2981; x_wconf 85' lang='lat' dir='ltr'><strong>pauca</strong></span> <span class='ocrx_word' id='word_1_447' title='bbox 2706 2921 2883 2967; x_wconf 89' lang='lat' dir='ltr'><strong>autem</strong></span> <span class='ocrx_word' id='word_1_448' title='bbox 2946 2912 3077 2969; x_wconf 85' lang='lat' dir='ltr'><strong>fecit</strong></span> <span class='ocrx_word' id='word_1_449' title='bbox 3115 2931 3128 2967; x_wconf 90' lang='lat'><strong>:</strong></span> <span class='ocrx_word' id='word_1_450' title='bbox 3161 2915 3242 2976; x_wconf 38' lang='lat' dir='ltr'><strong>ine</strong></span> <span class='ocrx_word' id='word_1_451' title='bbox 3279 2923 3500 2982; x_wconf 87' lang='lat' dir='ltr'><strong>possent</strong></span> <span class='ocrx_word' id='word_1_452' title='bbox 3538 2916 3624 2969; x_wconf 84' lang='lat' dir='ltr'><strong>di-</strong></span> 
     </span>
    </p>
   </div>
   <div class='ocr_carea' id='block_1_59' title="bbox 2046 3003 3620 3074">
    <p class='ocr_par' dir='ltr' id='par_1_59' title="bbox 2046 3003 3620 3074">
     <span class='ocr_line' id='line_1_59' title="bbox 2046 3003 3620 3074; baseline 0.001 -15"><span class='ocrx_word' id='word_1_453' title='bbox 2046 3018 2171 3059; x_wconf 88' lang='lat' dir='ltr'><strong>cere</strong></span> <span class='ocrx_word' id='word_1_454' title='bbox 2197 3004 2338 3074; x_wconf 90' lang='lat' dir='ltr'><strong>quod</strong></span> <span class='ocrx_word' id='word_1_455' title='bbox 2362 3004 2405 3060; x_wconf 91' lang='lat' dir='ltr'><strong>si</strong></span> <span class='ocrx_word' id='word_1_456' title='bbox 2441 3005 2546 3059; x_wconf 89' lang='lat' dir='ltr'><strong>ulla</strong></span> <span class='ocrx_word' id='word_1_457' title='bbox 2578 3005 2819 3069; x_wconf 80' lang='lat' dir='ltr'><strong>fecisset,</strong></span> <span class='ocrx_word' id='word_1_458' title='bbox 2855 3006 3302 3065; x_wconf 86' lang='lat' dir='ltr'><strong>credidissemus.</strong></span> <span class='ocrx_word' id='word_1_459' title='bbox 3329 3003 3408 3061; x_wconf 88' lang='lat' dir='ltr'><strong>Tu</strong></span> <span class='ocrx_word' id='word_1_460' title='bbox 3439 3015 3620 3061; x_wconf 90' lang='lat' dir='ltr'><strong>autem</strong></span> 
     </span>
    </p>
   </div>
   <div class='ocr_carea' id='block_1_60' title="bbox 2050 3093 3624 3165">
    <p class='ocr_par' dir='ltr' id='par_1_60' title="bbox 2050 3093 3624 3165">
     <span class='ocr_line' id='line_1_60' title="bbox 2050 3093 3624 3165; baseline 0.001 -16"><span class='ocrx_word' id='word_1_461' title='bbox 2050 3098 2128 3150; x_wconf 82' lang='lat' dir='ltr'><strong>sic</strong></span> <span class='ocrx_word' id='word_1_462' title='bbox 2165 3111 2379 3165; x_wconf 91' lang='lat' dir='ltr'><strong>quoque</strong></span> <span class='ocrx_word' id='word_1_463' title='bbox 2416 3097 2674 3165; x_wconf 76' lang='lat' dir='ltr'><strong>iltlellige,</strong></span> <span class='ocrx_word' id='word_1_464' title='bbox 2710 3096 2852 3165; x_wconf 89' lang='lat' dir='ltr'><strong>quod</strong></span> <span class='ocrx_word' id='word_1_465' title='bbox 2887 3104 2943 3149; x_wconf 89' lang='lat' dir='ltr'><strong>et</strong></span> <span class='ocrx_word' id='word_1_466' title='bbox 2983 3095 3145 3150; x_wconf 91' lang='lat' dir='ltr'><strong>hodie</strong></span> <span class='ocrx_word' id='word_1_467' title='bbox 3171 3093 3329 3150; x_wconf 83' lang='lat' dir='ltr'><strong>Jesus</strong></span> <span class='ocrx_word' id='word_1_468' title='bbox 3364 3094 3416 3149; x_wconf 89' lang='lat' dir='ltr'><strong>in</strong></span> <span class='ocrx_word' id='word_1_469' title='bbox 3444 3094 3624 3164; x_wconf 84' lang='lat' dir='ltr'><strong>patria</strong></span> 
     </span>
    </p>
   </div>
   <div class='ocr_carea' id='block_1_61' title="bbox 364 3159 1945 3267">
    <p class='ocr_par' dir='ltr' id='par_1_61' title="bbox 364 3159 1937 3267">
     <span class='ocr_line' id='line_1_61' title="bbox 364 3159 1937 3267; baseline -0.01 -19"><span class='ocrx_word' id='word_1_470' title='bbox 364 3159 588 3267; x_wconf 76' lang='grc' dir='ltr'>χριτῆς</span> <span class='ocrx_word' id='word_1_471' title='bbox 648 3192 940 3263; x_wconf 85' lang='grc' dir='ltr'>σήμερονὸ</span> <span class='ocrx_word' id='word_1_472' title='bbox 1013 3159 1221 3260; x_wconf 69' lang='grc' dir='ltr'>Ἰησοῦς</span> <span class='ocrx_word' id='word_1_473' title='bbox 1282 3188 1338 3240; x_wconf 82' lang='grc' dir='ltr'>ὲν</span> <span class='ocrx_word' id='word_1_474' title='bbox 1363 3188 1430 3257; x_wconf 79' lang='grc' dir='ltr'>τῇ</span> <span class='ocrx_word' id='word_1_475' title='bbox 1485 3159 1709 3254; x_wconf 84' lang='grc' dir='ltr'>πατρίδι</span> <span class='ocrx_word' id='word_1_476' title='bbox 1747 3159 1937 3247; x_wconf 73' lang='grc' dir='ltr'>αὑτοῦ,</span> 
     </span>
    </p>
   </div>
   <div class='ocr_carea' id='block_1_62' title="bbox 2046 3159 3624 3267">
    <p class='ocr_par' dir='ltr' id='par_1_62' title="bbox 2047 3159 3624 3257">
     <span class='ocr_line' id='line_1_62' title="bbox 2047 3159 3624 3257; baseline 0.001 -17"><span class='ocrx_word' id='word_1_477' title='bbox 2047 3203 2142 3240; x_wconf 86' lang='lat' dir='ltr'><strong>sua</strong></span> <span class='ocrx_word' id='word_1_478' title='bbox 2229 3159 2333 3242; x_wconf 52' lang='lat' dir='ltr'><strong>ho-c</strong></span> <span class='ocrx_word' id='word_1_479' title='bbox 2371 3197 2455 3242; x_wconf 91' lang='lat' dir='ltr'><strong>est</strong></span> <span class='ocrx_word' id='word_1_480' title='bbox 2495 3159 2634 3255; x_wconf 66' lang='lat' dir='ltr'><strong>apud</strong></span> <span class='ocrx_word' id='word_1_481' title='bbox 2674 3159 2914 3251; x_wconf 69' lang='lat' dir='ltr'><strong>Jtidmos,</strong></span> <span class='ocrx_word' id='word_1_482' title='bbox 2940 3184 3330 3257; x_wconf 78' lang='lat' dir='ltr'><strong>ignominiosus</strong></span> <span class='ocrx_word' id='word_1_483' title='bbox 3360 3159 3494 3242; x_wconf 55' lang='lat' dir='ltr'><strong>est:</strong></span> <span class='ocrx_word' id='word_1_484' title='bbox 3526 3197 3624 3241; x_wconf 83' lang='lat' dir='ltr'><strong>nos</strong></span> 
     </span>
    </p>
   </div>
   <div class='ocr_carea' id='block_1_63' title="bbox 363 3274 1941 3353">
    <p class='ocr_par' dir='ltr' id='par_1_63' title="bbox 363 3274 1941 3353">
     <span class='ocr_line' id='line_1_63' title="bbox 363 3274 1941 3353; baseline -0.01 -14"><span class='ocrx_word' id='word_1_485' title='bbox 363 3284 612 3340; x_wconf 77' lang='grc' dir='ltr'>τουτέστι</span> <span class='ocrx_word' id='word_1_486' title='bbox 682 3281 834 3353; x_wconf 66' lang='grc' dir='ltr'>παρὰ</span> <span class='ocrx_word' id='word_1_487' title='bbox 868 3283 979 3345; x_wconf 86' lang='grc' dir='ltr'>τοῖς</span> <span class='ocrx_word' id='word_1_488' title='bbox 1050 3278 1348 3344; x_wconf 84' lang='grc' dir='ltr'>Ἰουδαίοις,</span> <span class='ocrx_word' id='word_1_489' title='bbox 1398 3276 1747 3348; x_wconf 79' lang='grc' dir='ltr'>ἁτιμάζεται·</span> <span class='ocrx_word' id='word_1_490' title='bbox 1778 3274 1941 3345; x_wconf 89' lang='grc' dir='ltr'><strong>ήμείς</strong></span> 
     </span>
    </p>
   </div>
   <div class='ocr_carea' id='block_1_64' title="bbox 362 3372 1163 3446">
    <p class='ocr_par' dir='ltr' id='par_1_64' title="bbox 362 3372 1163 3446">
     <span class='ocr_line' id='line_1_64' title="bbox 362 3372 1163 3446; baseline -0.009 -14"><span class='ocrx_word' id='word_1_491' title='bbox 362 3378 421 3432; x_wconf 75' lang='grc' dir='ltr'>δὲ</span> <span class='ocrx_word' id='word_1_492' title='bbox 451 3379 500 3432; x_wconf 78' lang='grc' dir='ltr'>οἱ</span> <span class='ocrx_word' id='word_1_493' title='bbox 527 3375 669 3443; x_wconf 79' lang='grc' dir='ltr'>ξένοι</span> <span class='ocrx_word' id='word_1_494' title='bbox 699 3374 948 3446; x_wconf 82' lang='grc' dir='ltr'>τιμῶμεν</span> <span class='ocrx_word' id='word_1_495' title='bbox 976 3372 1163 3427; x_wconf 78' lang='grc' dir='ltr'>αὐτόν.</span> 
     </span>
    </p>
   </div>
   <div class='ocr_carea' id='block_1_65' title="bbox 961 3502 1347 3579">
    <p class='ocr_par' dir='ltr' id='par_1_65' title="bbox 961 3502 1347 3579">
     <span class='ocr_line' id='line_1_65' title="bbox 961 3502 1347 3579; baseline -0.005 -13"><span class='ocrx_word' id='word_1_496' title='bbox 961 3511 1215 3579; x_wconf 72' lang='grc' dir='ltr'><strong>ΚΕοΑΑ.</strong></span> <span class='ocrx_word' id='word_1_497' title='bbox 1251 3502 1347 3565; x_wconf 68' lang='grc' dir='ltr'><strong>ιΔν.</strong></span> 
     </span>
    </p>
   </div>
   <div class='ocr_carea' id='block_1_66' title="bbox 363 3618 1942 3701">
    <p class='ocr_par' dir='ltr' id='par_1_66' title="bbox 363 3618 1942 3701">
     <span class='ocr_line' id='line_1_66' title="bbox 363 3618 1942 3701; baseline -0.008 -14"><span class='ocrx_word' id='word_1_498' title='bbox 363 3633 502 3701; x_wconf 71' lang='grc' dir='ltr'>Περὶ</span> <span class='ocrx_word' id='word_1_499' title='bbox 540 3629 828 3701; x_wconf 60' lang='grc' dir='ltr'>Ἰωάννου</span> <span class='ocrx_word' id='word_1_500' title='bbox 870 3626 968 3701; x_wconf 76' lang='grc' dir='ltr'>καὶ</span> <span class='ocrx_word' id='word_1_501' title='bbox 1005 3622 1287 3701; x_wconf 62' lang='grc' dir='ltr'>Ἡρώδου.</span> <span class='ocrx_word' id='word_1_502' title='bbox 1310 3620 1623 3701; x_wconf 40' lang='lat' dir='ltr'><strong>paphum:</strong></span> <span class='ocrx_word' id='word_1_503' title='bbox 1658 3626 1704 3678; x_wconf 78' lang='grc' dir='ltr'>ε’</span> <span class='ocrx_word' id='word_1_504' title='bbox 1746 3618 1942 3687; x_wconf 78' lang='grc' dir='ltr'>ἄρτων</span> 
     </span>
    </p>
   </div>
   <div class='ocr_carea' id='block_1_67' title="bbox 437 3691 1939 3765">
    <p class='ocr_par' dir='ltr' id='par_1_67' title="bbox 437 3691 1939 3765">
     <span class='ocr_line' id='line_1_67' title="bbox 437 3691 1939 3765; baseline -0.01 -9"><span class='ocrx_word' id='word_1_505' title='bbox 437 3691 536 3756; x_wconf 59' lang='grc' dir='ltr'>καὶ</span> <span class='ocrx_word' id='word_1_506' title='bbox 561 3699 685 3754; x_wconf 76' lang='grc' dir='ltr'><strong>τῶν</strong></span> <span class='ocrx_word' id='word_1_507' title='bbox 704 3699 766 3763; x_wconf 78' lang='grc' dir='ltr'><strong>,ϐ’</strong></span> <span class='ocrx_word' id='word_1_508' title='bbox 797 3699 1037 3765; x_wconf 71' lang='grc' dir='ltr'><strong>ἰχθύων.</strong></span> <span class='ocrx_word' id='word_1_509' title='bbox 1065 3691 1203 3763; x_wconf 78' lang='grc' dir='ltr'>Περὶ</span> <span class='ocrx_word' id='word_1_510' title='bbox 1232 3693 1339 3747; x_wconf 86' lang='grc' dir='ltr'><strong>τοῦ</strong></span> <span class='ocrx_word' id='word_1_511' title='bbox 1366 3691 1436 3746; x_wconf 52' lang='grc' dir='ltr'><strong>ἐν</strong></span> <span class='ocrx_word' id='word_1_512' title='bbox 1464 3691 1748 3758; x_wconf 76' lang='grc' dir='ltr'>θαλάσσῃ</span> <span class='ocrx_word' id='word_1_513' title='bbox 1777 3705 1939 3757; x_wconf 80' lang='grc' dir='ltr'>περι-</span> 
     </span>
    </p>
   </div>
   <div class='ocr_carea' id='block_1_68' title="bbox 432 3767 1022 3835">
    <p class='ocr_par' dir='ltr' id='par_1_68' title="bbox 432 3767 1022 3835">
     <span class='ocr_line' id='line_1_68' title="bbox 432 3767 1022 3835; baseline -0.008 -10"><span class='ocrx_word' id='word_1_514' title='bbox 432 3773 627 3827; x_wconf 73' lang='grc' dir='ltr'>πάτου</span> <span class='ocrx_word' id='word_1_515' title='bbox 661 3769 768 3824; x_wconf 86' lang='grc' dir='ltr'><strong>τοῦ</strong></span> <span class='ocrx_word' id='word_1_516' title='bbox 807 3767 1022 3835; x_wconf 85' lang='grc' dir='ltr'>Ἰησοῦ.</span> 
     </span>
    </p>
   </div>
   <div class='ocr_carea' id='block_1_69' title="bbox 441 3876 1942 3956">
    <p class='ocr_par' dir='ltr' id='par_1_69' title="bbox 441 3876 1942 3956">
     <span class='ocr_line' id='line_1_69' title="bbox 441 3876 1942 3956; baseline -0.011 -14"><span class='ocrx_word' id='word_1_517' title='bbox 441 3911 460 3942; x_wconf 76' lang='grc' dir='ltr'><strong>ι</strong></span> <span class='ocrx_word' id='word_1_518' title='bbox 508 3890 597 3943; x_wconf 84' lang='grc' dir='ltr'><strong>Ἐν</strong></span> <span class='ocrx_word' id='word_1_519' title='bbox 631 3887 825 3956; x_wconf 76' lang='grc' dir='ltr'>ἐκείνῳ</span> <span class='ocrx_word' id='word_1_520' title='bbox 870 3884 947 3955; x_wconf 81' lang='grc' dir='ltr'><strong>τῷ</strong></span> <span class='ocrx_word' id='word_1_521' title='bbox 988 3881 1167 3954; x_wconf 85' lang='grc' dir='ltr'>καιρῷ</span> <span class='ocrx_word' id='word_1_522' title='bbox 1207 3882 1440 3953; x_wconf 83' lang='grc' dir='ltr'>ήκουσεν</span> <span class='ocrx_word' id='word_1_523' title='bbox 1488 3876 1734 3948; x_wconf 86' lang='grc' dir='ltr'>Ἡρώδης</span> <span class='ocrx_word' id='word_1_524' title='bbox 1776 3877 1805 3928; x_wconf 91' lang='lat'><strong>6</strong></span> <span class='ocrx_word' id='word_1_525' title='bbox 1853 3890 1942 3927; x_wconf 87' lang='grc' dir='ltr'>τε-</span> 
     </span>
    </p>
   </div>
   <div class='ocr_carea' id='block_1_70' title="bbox 359 3966 1943 4052">
    <p class='ocr_par' dir='ltr' id='par_1_70' title="bbox 359 3966 1943 4052">
     <span class='ocr_line' id='line_1_70' title="bbox 359 3966 1943 4052; baseline -0.011 -17"><span class='ocrx_word' id='word_1_526' title='bbox 359 3984 605 4052; x_wconf 62' lang='grc' dir='ltr'>τράρχης</span> <span class='ocrx_word' id='word_1_527' title='bbox 632 3979 733 4050; x_wconf 80' lang='grc' dir='ltr'>τὴν</span> <span class='ocrx_word' id='word_1_528' title='bbox 763 3976 935 4046; x_wconf 83' lang='grc' dir='ltr'>ἀκοὴν</span> <span class='ocrx_word' id='word_1_529' title='bbox 971 3976 1168 4042; x_wconf 82' lang='grc' dir='ltr'>Ἰησοῦ,</span> <span class='ocrx_word' id='word_1_530' title='bbox 1203 3972 1300 4025; x_wconf 73' lang='grc' dir='ltr'><strong>καὶ</strong></span> <span class='ocrx_word' id='word_1_531' title='bbox 1335 3966 1462 4024; x_wconf 77' lang='grc' dir='ltr'>εἶπε</span> <span class='ocrx_word' id='word_1_532' title='bbox 1495 3970 1607 4031; x_wconf 80' lang='grc' dir='ltr'>τοῖς</span> <span class='ocrx_word' id='word_1_533' title='bbox 1634 3966 1823 4020; x_wconf 73' lang='grc' dir='ltr'>παισὶν</span> <span class='ocrx_word' id='word_1_534' title='bbox 1845 3966 1943 4019; x_wconf 85' lang='grc' dir='ltr'><strong>αὺ-</strong></span> 
     </span>
    </p>
   </div>
   <div class='ocr_carea' id='block_1_71' title="bbox 356 4060 1941 4141">
    <p class='ocr_par' dir='ltr' id='par_1_71' title="bbox 356 4060 1941 4141">
     <span class='ocr_line' id='line_1_71' title="bbox 356 4060 1941 4141; baseline -0.013 -9"><span class='ocrx_word' id='word_1_535' title='bbox 356 4078 475 4132; x_wconf 74' lang='grc' dir='ltr'>τοῦ·</span> <span class='ocrx_word' id='word_1_536' title='bbox 501 4071 671 4138; x_wconf 76' lang='grc' dir='ltr'>Οὗτός</span> <span class='ocrx_word' id='word_1_537' title='bbox 693 4077 839 4127; x_wconf 79' lang='grc' dir='ltr'>ἐστιν</span> <span class='ocrx_word' id='word_1_538' title='bbox 874 4070 1123 4141; x_wconf 77' lang='grc' dir='ltr'>Ἰωάννης</span> <span class='ocrx_word' id='word_1_539' title='bbox 1141 4073 1169 4124; x_wconf 97' lang='lat'><strong>6</strong></span> <span class='ocrx_word' id='word_1_540' title='bbox 1194 4066 1525 4135; x_wconf 84' lang='grc' dir='ltr'>Βαπτιστής·</span> <span class='ocrx_word' id='word_1_541' title='bbox 1555 4062 1713 4127; x_wconf 69' lang='grc' dir='ltr'>αὐτὸς</span> <span class='ocrx_word' id='word_1_542' title='bbox 1731 4060 1941 4133; x_wconf 73' lang='grc' dir='ltr'>ἠγέρθη</span> 
     </span>
    </p>
   </div>
   <div class='ocr_carea' id='block_1_72' title="bbox 358 4155 1940 4235">
    <p class='ocr_par' dir='ltr' id='par_1_72' title="bbox 358 4155 1940 4235">
     <span class='ocr_line' id='line_1_72' title="bbox 358 4155 1940 4235; baseline -0.013 -11"><span class='ocrx_word' id='word_1_543' title='bbox 358 4169 468 4224; x_wconf 71' lang='grc' dir='ltr'><strong>ἀπὸ</strong></span> <span class='ocrx_word' id='word_1_544' title='bbox 492 4168 603 4222; x_wconf 81' lang='grc' dir='ltr'><strong>τῶν</strong></span> <span class='ocrx_word' id='word_1_545' title='bbox 636 4164 871 4235; x_wconf 84' lang='grc' dir='ltr'>νεκρῶν,</span> <span class='ocrx_word' id='word_1_546' title='bbox 908 4163 1007 4218; x_wconf 78' lang='grc' dir='ltr'>καὶ</span> <span class='ocrx_word' id='word_1_547' title='bbox 1046 4160 1135 4217; x_wconf 79' lang='grc' dir='ltr'>διὰ</span> <span class='ocrx_word' id='word_1_548' title='bbox 1172 4159 1336 4214; x_wconf 84' lang='grc' dir='ltr'>τοῦτο</span> <span class='ocrx_word' id='word_1_549' title='bbox 1383 4159 1439 4212; x_wconf 85' lang='grc' dir='ltr'><strong>αί</strong></span> <span class='ocrx_word' id='word_1_550' title='bbox 1473 4156 1736 4225; x_wconf 85' lang='grc' dir='ltr'>δυνάμεις</span> <span class='ocrx_word' id='word_1_551' title='bbox 1785 4155 1940 4223; x_wconf 75' lang='grc' dir='ltr'>ἐνερ-</span> 
     </span>
    </p>
   </div>
   <div class='ocr_carea' id='block_1_73' title="bbox 357 4243 1941 4332">
    <p class='ocr_par' dir='ltr' id='par_1_73' title="bbox 357 4243 1941 4332">
     <span class='ocr_line' id='line_1_73' title="bbox 357 4243 1941 4332; baseline -0.013 -15"><span class='ocrx_word' id='word_1_552' title='bbox 357 4263 548 4332; x_wconf 74' lang='grc' dir='ltr'>γοῦσιν</span> <span class='ocrx_word' id='word_1_553' title='bbox 582 4261 641 4314; x_wconf 86' lang='grc' dir='ltr'>ὲν</span> <span class='ocrx_word' id='word_1_554' title='bbox 670 4257 841 4328; x_wconf 84' lang='grc' dir='ltr'>αὐτῷ.</span> <span class='ocrx_word' id='word_1_555' title='bbox 885 4276 904 4309; x_wconf 73' lang='grc' dir='ltr'><strong>ι</strong></span> <span class='ocrx_word' id='word_1_556' title='bbox 950 4247 1120 4317; x_wconf 68' lang='grc' dir='ltr'>Οὗτος</span> <span class='ocrx_word' id='word_1_557' title='bbox 1168 4256 1193 4307; x_wconf 87' lang='lat'><strong>6</strong></span> <span class='ocrx_word' id='word_1_558' title='bbox 1243 4251 1489 4325; x_wconf 85' lang='grc' dir='ltr'>Ἡρώδης</span> <span class='ocrx_word' id='word_1_559' title='bbox 1519 4249 1633 4312; x_wconf 80' lang='grc' dir='ltr'>υίὸς</span> <span class='ocrx_word' id='word_1_560' title='bbox 1656 4243 1723 4319; x_wconf 84' lang='grc' dir='ltr'>ἧν</span> <span class='ocrx_word' id='word_1_561' title='bbox 1752 4245 1846 4299; x_wconf 86' lang='grc' dir='ltr'><strong>τοῦ</strong></span> <span class='ocrx_word' id='word_1_562' title='bbox 1872 4243 1941 4299; x_wconf 83' lang='grc' dir='ltr'>τὰ</span> 
     </span>
    </p>
   </div>
   <div class='ocr_carea' id='block_1_74' title="bbox 355 4339 1940 4427">
    <p class='ocr_par' dir='ltr' id='par_1_74' title="bbox 355 4339 1940 4427">
     <span class='ocr_line' id='line_1_74' title="bbox 355 4339 1940 4427; baseline -0.011 -18"><span class='ocrx_word' id='word_1_563' title='bbox 355 4355 538 4427; x_wconf 78' lang='grc' dir='ltr'>βρέφη</span> <span class='ocrx_word' id='word_1_564' title='bbox 571 4353 633 4406; x_wconf 81' lang='grc' dir='ltr'>ὲν</span> <span class='ocrx_word' id='word_1_565' title='bbox 662 4348 913 4420; x_wconf 73' lang='grc' dir='ltr'>Βηθλεὲμ</span> <span class='ocrx_word' id='word_1_566' title='bbox 939 4345 1386 4407; x_wconf 82' lang='grc' dir='ltr'>ἀποκτείναντος.</span> <span class='ocrx_word' id='word_1_567' title='bbox 1430 4342 1718 4412; x_wconf 85' lang='grc' dir='ltr'>Ἐννόησον</span> <span class='ocrx_word' id='word_1_568' title='bbox 1766 4339 1823 4393; x_wconf 84' lang='grc' dir='ltr'>δὲ</span> <span class='ocrx_word' id='word_1_569' title='bbox 1858 4339 1940 4392; x_wconf 82' lang='grc' dir='ltr'><strong>ὲν-</strong></span> 
     </span>
    </p>
   </div>
   <div class='ocr_carea' id='block_1_75' title="bbox 350 4431 1939 4511">
    <p class='ocr_par' dir='ltr' id='par_1_75' title="bbox 350 4431 1939 4511">
     <span class='ocr_line' id='line_1_75' title="bbox 350 4431 1939 4511; baseline -0.011 -10"><span class='ocrx_word' id='word_1_570' title='bbox 350 4446 553 4501; x_wconf 73' lang='grc' dir='ltr'>’τεῦθεν</span> <span class='ocrx_word' id='word_1_571' title='bbox 576 4444 665 4497; x_wconf 80' lang='grc' dir='ltr'>τὸν</span> <span class='ocrx_word' id='word_1_572' title='bbox 683 4441 854 4511; x_wconf 79' lang='grc' dir='ltr'>τῦφον</span> <span class='ocrx_word' id='word_1_573' title='bbox 877 4438 973 4492; x_wconf 87' lang='grc' dir='ltr'><strong>τοῦ</strong></span> <span class='ocrx_word' id='word_1_574' title='bbox 994 4434 1322 4510; x_wconf 84' lang='grc' dir='ltr'>τυραννικοῦ</span> <span class='ocrx_word' id='word_1_575' title='bbox 1350 4436 1485 4507; x_wconf 84' lang='grc' dir='ltr'>βίου.</span> <span class='ocrx_word' id='word_1_576' title='bbox 1511 4434 1644 4491; x_wconf 79' lang='grc' dir='ltr'>Ἰδοὺ</span> <span class='ocrx_word' id='word_1_577' title='bbox 1669 4434 1776 4504; x_wconf 84' lang='grc' dir='ltr'><strong>γὰρ</strong></span> <span class='ocrx_word' id='word_1_578' title='bbox 1801 4431 1939 4504; x_wconf 86' lang='grc' dir='ltr'>μετὰ</span> 
     </span>
    </p>
   </div>
   <div class='ocr_carea' id='block_1_76' title="bbox 356 4506 2014 4606">
    <p class='ocr_par' dir='ltr' id='par_1_76' title="bbox 356 4506 2014 4606">
     <span class='ocr_line' id='line_1_76' title="bbox 356 4506 2014 4606; baseline -0.011 -14"><span class='ocrx_word' id='word_1_579' title='bbox 356 4538 527 4592; x_wconf 82' lang='grc' dir='ltr'>πόσον</span> <span class='ocrx_word' id='word_1_580' title='bbox 561 4506 813 4606; x_wconf 47' lang='grc' dir='ltr'>χρόνον-ὁ</span> <span class='ocrx_word' id='word_1_581' title='bbox 856 4506 1100 4602; x_wconf 32' lang='grc' dir='ltr'>Ἡρώδη-ς</span> <span class='ocrx_word' id='word_1_582' title='bbox 1154 4506 1441 4581; x_wconf 79' lang='grc' dir='ltr'>ἀκούειτὰ</span> <span class='ocrx_word' id='word_1_583' title='bbox 1473 4526 1601 4596; x_wconf 75' lang='grc' dir='ltr'>περὶ</span> <span class='ocrx_word' id='word_1_584' title='bbox 1645 4522 1841 4594; x_wconf 82' lang='grc' dir='ltr'>Ἰησοῦ.</span> <span class='ocrx_word' id='word_1_585' title='bbox 1872 4522 1936 4574; x_wconf 78' lang='grc' dir='ltr'><strong>Οἱ</strong></span> <span class='ocrx_word' id='word_1_586' title='bbox 1959 4506 2014 4568; x_wconf 82' lang='grc' dir='ltr'>Ῑ)</span> 
     </span>
    </p>
   </div>
   <div class='ocr_carea' id='block_1_77' title="bbox 357 4613 1939 4703">
    <p class='ocr_par' dir='ltr' id='par_1_77' title="bbox 357 4613 1939 4703">
     <span class='ocr_line' id='line_1_77' title="bbox 357 4613 1939 4703; baseline -0.013 -18"><span class='ocrx_word' id='word_1_587' title='bbox 357 4630 467 4703; x_wconf 74' lang='grc' dir='ltr'>γάρ</span> <span class='ocrx_word' id='word_1_588' title='bbox 506 4630 564 4683; x_wconf 86' lang='grc' dir='ltr'>ὲν</span> <span class='ocrx_word' id='word_1_589' title='bbox 593 4623 936 4686; x_wconf 85' lang='grc' dir='ltr'>δυναστείαις</span> <span class='ocrx_word' id='word_1_590' title='bbox 966 4619 1209 4691; x_wconf 74' lang='grc' dir='ltr'>βραδέως</span> <span class='ocrx_word' id='word_1_591' title='bbox 1262 4616 1435 4674; x_wconf 84' lang='grc' dir='ltr'>ταῦτα</span> <span class='ocrx_word' id='word_1_592' title='bbox 1465 4614 1820 4689; x_wconf 84' lang='grc' dir='ltr'>μανθάνουσι,</span> <span class='ocrx_word' id='word_1_593' title='bbox 1850 4613 1939 4666; x_wconf 79' lang='grc' dir='ltr'>διὰ</span> 
     </span>
    </p>
   </div>
   <div class='ocr_carea' id='block_1_78' title="bbox 353 4707 1939 4795">
    <p class='ocr_par' dir='ltr' id='par_1_78' title="bbox 353 4707 1939 4795">
     <span class='ocr_line' id='line_1_78' title="bbox 353 4707 1939 4795; baseline -0.013 -17"><span class='ocrx_word' id='word_1_594' title='bbox 353 4725 418 4778; x_wconf 81' lang='grc' dir='ltr'><strong>τὺ</strong></span> <span class='ocrx_word' id='word_1_595' title='bbox 449 4722 526 4795; x_wconf 86' lang='grc' dir='ltr'>μὴ</span> <span class='ocrx_word' id='word_1_596' title='bbox 551 4718 861 4791; x_wconf 73' lang='grc' dir='ltr'>φροντίζειν</span> <span class='ocrx_word' id='word_1_597' title='bbox 879 4714 988 4770; x_wconf 83' lang='grc' dir='ltr'><strong>τῶν</strong></span> <span class='ocrx_word' id='word_1_598' title='bbox 1018 4715 1078 4768; x_wconf 84' lang='grc' dir='ltr'>ὲν</span> <span class='ocrx_word' id='word_1_599' title='bbox 1104 4713 1276 4784; x_wconf 78' lang='grc' dir='ltr'>ἀρετῇ</span> <span class='ocrx_word' id='word_1_600' title='bbox 1298 4710 1651 4782; x_wconf 83' lang='grc' dir='ltr'>λαμπόντων.</span> <span class='ocrx_word' id='word_1_601' title='bbox 1680 4707 1939 4762; x_wconf 83' lang='grc' dir='ltr'>Φαίνεται</span> 
     </span>
    </p>
   </div>
   <div class='ocr_carea' id='block_1_79' title="bbox 356 4798 1939 4888">
    <p class='ocr_par' dir='ltr' id='par_1_79' title="bbox 356 4798 1939 4888">
     <span class='ocr_line' id='line_1_79' title="bbox 356 4798 1939 4888; baseline -0.013 -17"><span class='ocrx_word' id='word_1_602' title='bbox 356 4818 414 4871; x_wconf 78' lang='grc' dir='ltr'>δὲ</span> <span class='ocrx_word' id='word_1_603' title='bbox 442 4813 734 4888; x_wconf 78' lang='grc' dir='ltr'>φοϐεῖσθαι</span> <span class='ocrx_word' id='word_1_604' title='bbox 762 4810 853 4865; x_wconf 86' lang='grc' dir='ltr'>τὸν</span> <span class='ocrx_word' id='word_1_605' title='bbox 907 4805 1230 4879; x_wconf 82' lang='grc' dir='ltr'>Βαπτιστὴν</span> <span class='ocrx_word' id='word_1_606' title='bbox 1262 4800 1436 4868; x_wconf 75' lang='grc' dir='ltr'>οὗτος.</span> <span class='ocrx_word' id='word_1_607' title='bbox 1472 4803 1574 4858; x_wconf 79' lang='grc' dir='ltr'><strong>Διὰ</strong></span> <span class='ocrx_word' id='word_1_608' title='bbox 1604 4801 1766 4857; x_wconf 89' lang='grc' dir='ltr'>τοῦτο</span> <span class='ocrx_word' id='word_1_609' title='bbox 1816 4798 1939 4853; x_wconf 74' lang='grc' dir='ltr'>οὐδὲ</span> 
     </span>
    </p>
   </div>
   <div class='ocr_carea' id='block_1_80' title="bbox 356 4896 1939 4975">
    <p class='ocr_par' dir='ltr' id='par_1_80' title="bbox 356 4896 1939 4975">
     <span class='ocr_line' id='line_1_80' title="bbox 356 4896 1939 4975; baseline -0.009 -10"><span class='ocrx_word' id='word_1_610' title='bbox 356 4908 540 4974; x_wconf 73' lang='grc' dir='ltr'>ἄλλοις</span> <span class='ocrx_word' id='word_1_611' title='bbox 574 4905 688 4963; x_wconf 79' lang='grc' dir='ltr'>τισὶ</span> <span class='ocrx_word' id='word_1_612' title='bbox 715 4904 891 4975; x_wconf 79' lang='grc' dir='ltr'>τολμᾷ</span> <span class='ocrx_word' id='word_1_613' title='bbox 919 4902 1179 4970; x_wconf 73' lang='grc' dir='ltr'>ἐξειπεῖν,</span> <span class='ocrx_word' id='word_1_614' title='bbox 1210 4897 1350 4954; x_wconf 81' lang='grc' dir='ltr'>ἀλλὰ</span> <span class='ocrx_word' id='word_1_615' title='bbox 1392 4899 1507 4961; x_wconf 87' lang='grc' dir='ltr'>τοῖς</span> <span class='ocrx_word' id='word_1_616' title='bbox 1547 4896 1728 4959; x_wconf 76' lang='grc' dir='ltr'>παισὶ,</span> <span class='ocrx_word' id='word_1_617' title='bbox 1780 4910 1939 4951; x_wconf 84' lang='grc' dir='ltr'>τουτ-</span> 
     </span>
    </p>
   </div>
   <div class='ocr_carea' id='block_1_81' title="bbox 359 4987 1937 5062">
    <p class='ocr_par' dir='ltr' id='par_1_81' title="bbox 359 4987 1937 5062">
     <span class='ocr_line' id='line_1_81' title="bbox 359 4987 1937 5062; baseline -0.012 -7"><span class='ocrx_word' id='word_1_618' title='bbox 359 5003 478 5054; x_wconf 81' lang='grc' dir='ltr'>έστι</span> <span class='ocrx_word' id='word_1_619' title='bbox 534 5001 649 5062; x_wconf 86' lang='grc' dir='ltr'>τοῖς</span> <span class='ocrx_word' id='word_1_620' title='bbox 676 4996 904 5059; x_wconf 85' lang='grc' dir='ltr'>δούλοις.</span> <span class='ocrx_word' id='word_1_621' title='bbox 938 4992 1095 5049; x_wconf 75' lang='grc' dir='ltr'>Ἐπεὶ</span> <span class='ocrx_word' id='word_1_622' title='bbox 1122 4991 1180 5045; x_wconf 82' lang='grc' dir='ltr'>δὲ</span> <span class='ocrx_word' id='word_1_623' title='bbox 1214 4991 1303 5045; x_wconf 79' lang='grc' dir='ltr'>ὅτε</span> <span class='ocrx_word' id='word_1_624' title='bbox 1331 4988 1426 5059; x_wconf 77' lang='grc' dir='ltr'><strong>ἔζη</strong></span> <span class='ocrx_word' id='word_1_625' title='bbox 1471 4990 1499 5041; x_wconf 91' lang='lat'><strong>6</strong></span> <span class='ocrx_word' id='word_1_626' title='bbox 1526 4987 1781 5060; x_wconf 81' lang='grc' dir='ltr'>Ἰωάννης</span> <span class='ocrx_word' id='word_1_627' title='bbox 1839 5001 1937 5056; x_wconf 91' lang='grc' dir='ltr'>ση-</span> 
     </span>
    </p>
   </div>
   <div class='ocr_carea' id='block_1_82' title="bbox 362 5076 1939 5162">
    <p class='ocr_par' dir='ltr' id='par_1_82' title="bbox 362 5076 1939 5162">
     <span class='ocr_line' id='line_1_82' title="bbox 362 5076 1939 5162; baseline -0.008 -18"><span class='ocrx_word' id='word_1_628' title='bbox 362 5095 513 5162; x_wconf 87' lang='grc' dir='ltr'>μεῖον</span> <span class='ocrx_word' id='word_1_629' title='bbox 541 5090 644 5142; x_wconf 74' lang='grc' dir='ltr'>οὐκ</span> <span class='ocrx_word' id='word_1_630' title='bbox 671 5088 950 5157; x_wconf 72' lang='grc' dir='ltr'>ἐποίησεν,</span> <span class='ocrx_word' id='word_1_631' title='bbox 971 5087 1225 5155; x_wconf 77' lang='grc' dir='ltr'>ἐνόμισεν</span> <span class='ocrx_word' id='word_1_632' title='bbox 1260 5083 1288 5135; x_wconf 92' lang='lat'><strong>6</strong></span> <span class='ocrx_word' id='word_1_633' title='bbox 1335 5078 1587 5153; x_wconf 84' lang='grc' dir='ltr'>Ἡρώδης</span> <span class='ocrx_word' id='word_1_634' title='bbox 1617 5079 1701 5131; x_wconf 81' lang='grc' dir='ltr'>ὅτι</span> <span class='ocrx_word' id='word_1_635' title='bbox 1730 5079 1797 5132; x_wconf 78' lang='grc' dir='ltr'>ὲκ</span> <span class='ocrx_word' id='word_1_636' title='bbox 1839 5076 1939 5146; x_wconf 78' lang='grc' dir='ltr'>τῆς</span> 
     </span>
    </p>
   </div>
   <div class='ocr_carea' id='block_1_83' title="bbox 359 5167 1940 5252">
    <p class='ocr_par' dir='ltr' id='par_1_83' title="bbox 359 5167 1940 5252">
     <span class='ocr_line' id='line_1_83' title="bbox 359 5167 1940 5252; baseline -0.011 -14"><span class='ocrx_word' id='word_1_637' title='bbox 359 5182 716 5244; x_wconf 80' lang='grc' dir='ltr'>ἀναστάσεως</span> <span class='ocrx_word' id='word_1_638' title='bbox 747 5176 1053 5252; x_wconf 76' lang='grc' dir='ltr'>προσέλαϐε</span> <span class='ocrx_word' id='word_1_639' title='bbox 1083 5178 1181 5230; x_wconf 72' lang='grc' dir='ltr'>καὶ</span> <span class='ocrx_word' id='word_1_640' title='bbox 1218 5172 1376 5229; x_wconf 86' lang='grc' dir='ltr'>τοῦτο</span> <span class='ocrx_word' id='word_1_641' title='bbox 1410 5172 1471 5227; x_wconf 74' lang='grc' dir='ltr'>τὸ</span> <span class='ocrx_word' id='word_1_642' title='bbox 1499 5172 1748 5244; x_wconf 61' lang='grc' dir='ltr'>χάρισμα</span> <span class='ocrx_word' id='word_1_643' title='bbox 1785 5167 1940 5239; x_wconf 75' lang='grc' dir='ltr'>παρὰ</span> 
     </span>
    </p>
   </div>
   <div class='ocr_carea' id='block_1_84' title="bbox 361 5270 1117 5341">
    <p class='ocr_par' dir='ltr' id='par_1_84' title="bbox 361 5270 1117 5341">
     <span class='ocr_line' id='line_1_84' title="bbox 361 5270 1117 5341; baseline -0.008 -12"><span class='ocrx_word' id='word_1_644' title='bbox 361 5274 521 5341; x_wconf 84' lang='grc' dir='ltr'>Θεοῦ,</span> <span class='ocrx_word' id='word_1_645' title='bbox 551 5274 615 5328; x_wconf 84' lang='grc' dir='ltr'>τὸ</span> <span class='ocrx_word' id='word_1_646' title='bbox 639 5274 811 5326; x_wconf 87' lang='grc' dir='ltr'>ποιεῖν</span> <span class='ocrx_word' id='word_1_647' title='bbox 843 5270 1117 5341; x_wconf 80' lang='grc' dir='ltr'>θαύματα.</span> 
     </span>
    </p>
   </div>
   <div class='ocr_carea' id='block_1_85' title="bbox 436 5353 1940 5438">
    <p class='ocr_par' dir='ltr' id='par_1_85' title="bbox 436 5353 1940 5438">
     <span class='ocr_line' id='line_1_85' title="bbox 436 5353 1940 5438; baseline -0.01 -17"><span class='ocrx_word' id='word_1_648' title='bbox 436 5388 457 5421; x_wconf 77' lang='grc' dir='ltr'><strong>ι</strong></span> <span class='ocrx_word' id='word_1_649' title='bbox 504 5368 565 5420; x_wconf 82' lang='grc' dir='ltr'>Ὀ</span> <span class='ocrx_word' id='word_1_650' title='bbox 594 5365 704 5438; x_wconf 82' lang='grc' dir='ltr'>γάρ</span> <span class='ocrx_word' id='word_1_651' title='bbox 748 5362 1016 5433; x_wconf 80' lang='grc' dir='ltr'>Ἡρώδης,</span> <span class='ocrx_word' id='word_1_652' title='bbox 1049 5358 1334 5435; x_wconf 81' lang='grc' dir='ltr'>κρατήσας</span> <span class='ocrx_word' id='word_1_653' title='bbox 1383 5359 1474 5413; x_wconf 81' lang='grc' dir='ltr'>τὸν</span> <span class='ocrx_word' id='word_1_654' title='bbox 1512 5358 1789 5430; x_wconf 84' lang='grc' dir='ltr'>Ἰωάννην,</span> <span class='ocrx_word' id='word_1_655' title='bbox 1823 5353 1940 5424; x_wconf 75' lang='grc' dir='ltr'>ἔδη-</span> 
     </span>
    </p>
   </div>
   <div class='ocr_carea' id='block_1_86' title="bbox 361 5451 1938 5531">
    <p class='ocr_par' dir='ltr' id='par_1_86' title="bbox 361 5451 1938 5531">
     <span class='ocr_line' id='line_1_86' title="bbox 361 5451 1938 5531; baseline -0.004 -17"><span class='ocrx_word' id='word_1_656' title='bbox 361 5476 457 5518; x_wconf 84' lang='grc' dir='ltr'><strong>σεν</strong></span> <span class='ocrx_word' id='word_1_657' title='bbox 484 5459 650 5513; x_wconf 78' lang='grc' dir='ltr'>αὐτὸν</span> <span class='ocrx_word' id='word_1_658' title='bbox 679 5457 775 5512; x_wconf 72' lang='grc' dir='ltr'>καὶ</span> <span class='ocrx_word' id='word_1_659' title='bbox 799 5457 955 5510; x_wconf 73' lang='grc' dir='ltr'>ἔθετο</span> <span class='ocrx_word' id='word_1_660' title='bbox 983 5456 1042 5508; x_wconf 81' lang='grc' dir='ltr'>ὲν</span> <span class='ocrx_word' id='word_1_661' title='bbox 1086 5452 1303 5526; x_wconf 75' lang='grc' dir='ltr'>φυλακῇ</span> <span class='ocrx_word' id='word_1_662' title='bbox 1349 5451 1438 5507; x_wconf 81' lang='grc' dir='ltr'><strong>διὰ</strong></span> <span class='ocrx_word' id='word_1_663' title='bbox 1485 5452 1791 5523; x_wconf 80' lang='grc' dir='ltr'>Ἡρωδιάδα</span> <span class='ocrx_word' id='word_1_664' title='bbox 1839 5460 1938 5531; x_wconf 74' lang='grc' dir='ltr'>τὴν</span> 
     </span>
    </p>
   </div>
   <div class='ocr_carea' id='block_1_87' title="bbox 360 5546 1938 5626">
    <p class='ocr_par' dir='ltr' id='par_1_87' title="bbox 360 5546 1938 5626">
     <span class='ocr_line' id='line_1_87' title="bbox 360 5546 1938 5626; baseline 0 -19"><span class='ocrx_word' id='word_1_665' title='bbox 360 5556 597 5626; x_wconf 78' lang='grc' dir='ltr'>γυναῖκα</span> <span class='ocrx_word' id='word_1_666' title='bbox 643 5550 911 5606; x_wconf 77' lang='grc' dir='ltr'>Φιλίππου</span> <span class='ocrx_word' id='word_1_667' title='bbox 961 5548 1058 5603; x_wconf 87' lang='grc' dir='ltr'><strong>τοῦ</strong></span> <span class='ocrx_word' id='word_1_668' title='bbox 1094 5546 1325 5619; x_wconf 81' lang='grc' dir='ltr'>ἀδελφοῦ</span> <span class='ocrx_word' id='word_1_669' title='bbox 1364 5549 1551 5604; x_wconf 85' lang='grc' dir='ltr'>αὐτοῦ.</span> <span class='ocrx_word' id='word_1_670' title='bbox 1600 5550 1797 5622; x_wconf 85' lang='grc' dir='ltr'>Ἔλεγε</span> <span class='ocrx_word' id='word_1_671' title='bbox 1828 5553 1938 5626; x_wconf 84' lang='grc' dir='ltr'><strong>γὰρ</strong></span> 
     </span>
    </p>
   </div>
   <div class='ocr_carea' id='block_1_88' title="bbox 361 5641 1938 5717">
    <p class='ocr_par' dir='ltr' id='par_1_88' title="bbox 361 5641 1938 5717">
     <span class='ocr_line' id='line_1_88' title="bbox 361 5641 1938 5717; baseline -0.001 -16"><span class='ocrx_word' id='word_1_672' title='bbox 361 5646 511 5717; x_wconf 77' lang='grc' dir='ltr'>αὐτῷ</span> <span class='ocrx_word' id='word_1_673' title='bbox 537 5646 567 5699; x_wconf 90' lang='lat'><strong>6</strong></span> <span class='ocrx_word' id='word_1_674' title='bbox 618 5645 898 5715; x_wconf 82' lang='grc' dir='ltr'>Ἰωάννης,</span> <span class='ocrx_word' id='word_1_675' title='bbox 929 5643 1044 5697; x_wconf 81' lang='grc' dir='ltr'><strong>Οὐκ</strong></span> <span class='ocrx_word' id='word_1_676' title='bbox 1076 5641 1254 5708; x_wconf 65' lang='grc' dir='ltr'>ἒξεστί</span> <span class='ocrx_word' id='word_1_677' title='bbox 1308 5659 1390 5696; x_wconf 84' lang='grc' dir='ltr'><strong>σοι</strong></span> <span class='ocrx_word' id='word_1_678' title='bbox 1422 5641 1569 5713; x_wconf 76' lang='grc' dir='ltr'>ἔχειν</span> <span class='ocrx_word' id='word_1_679' title='bbox 1591 5643 1796 5715; x_wconf 83' lang='grc' dir='ltr'>αὐτὴν,</span> <span class='ocrx_word' id='word_1_680' title='bbox 1842 5644 1938 5699; x_wconf 76' lang='grc' dir='ltr'>καὶ</span> 
     </span>
    </p>
   </div>
   <div class='ocr_carea' id='block_1_89' title="bbox 362 5730 1937 5804">
    <p class='ocr_par' dir='ltr' id='par_1_89' title="bbox 362 5730 1937 5804">
     <span class='ocr_line' id='line_1_89' title="bbox 362 5730 1937 5804; baseline 0.001 -17"><span class='ocrx_word' id='word_1_681' title='bbox 362 5732 537 5791; x_wconf 75' lang='grc' dir='ltr'>θέλων</span> <span class='ocrx_word' id='word_1_682' title='bbox 567 5733 733 5787; x_wconf 75' lang='grc' dir='ltr'>αὑτὸν</span> <span class='ocrx_word' id='word_1_683' title='bbox 770 5732 1112 5798; x_wconf 72' lang='grc' dir='ltr'>ἀποκτεῖναι,</span> <span class='ocrx_word' id='word_1_684' title='bbox 1138 5730 1388 5801; x_wconf 59' lang='lat' dir='ltr'><strong>suade</strong></span> <span class='ocrx_word' id='word_1_685' title='bbox 1415 5733 1511 5785; x_wconf 78' lang='grc' dir='ltr'>τὸν</span> <span class='ocrx_word' id='word_1_686' title='bbox 1538 5732 1720 5804; x_wconf 75' lang='grc' dir='ltr'>ὄχλον,</span> <span class='ocrx_word' id='word_1_687' title='bbox 1747 5736 1829 5788; x_wconf 83' lang='grc' dir='ltr'>ὅτι</span> <span class='ocrx_word' id='word_1_688' title='bbox 1858 5735 1937 5801; x_wconf 85' lang='grc' dir='ltr'><strong>ὡς</strong></span> 
     </span>
    </p>
   </div>
   <div class='ocr_carea' id='block_1_90' title="bbox 364 5821 1938 5903">
    <p class='ocr_par' dir='ltr' id='par_1_90' title="bbox 364 5821 1938 5903">
     <span class='ocr_line' id='line_1_90' title="bbox 364 5821 1938 5903; baseline 0.003 -23"><span class='ocrx_word' id='word_1_689' title='bbox 364 5827 655 5901; x_wconf 73' lang='grc' dir='ltr'>προφήτην</span> <span class='ocrx_word' id='word_1_690' title='bbox 676 5825 837 5880; x_wconf 81' lang='grc' dir='ltr'>αὑτὸν</span> <span class='ocrx_word' id='word_1_691' title='bbox 862 5821 1030 5897; x_wconf 87' lang='grc' dir='ltr'>εῐχον.</span> <span class='ocrx_word' id='word_1_692' title='bbox 1066 5845 1086 5879; x_wconf 76' lang='grc'>›</span> <span class='ocrx_word' id='word_1_693' title='bbox 1122 5827 1236 5880; x_wconf 83' lang='grc' dir='ltr'>Οὐκ</span> <span class='ocrx_word' id='word_1_694' title='bbox 1287 5826 1532 5898; x_wconf 75' lang='grc' dir='ltr'>ἐμνήσθη</span> <span class='ocrx_word' id='word_1_695' title='bbox 1566 5828 1625 5881; x_wconf 80' lang='grc' dir='ltr'>ὲν</span> <span class='ocrx_word' id='word_1_696' title='bbox 1663 5830 1775 5894; x_wconf 88' lang='grc' dir='ltr'>τοῖς</span> <span class='ocrx_word' id='word_1_697' title='bbox 1805 5845 1938 5903; x_wconf 86' lang='grc' dir='ltr'>προ-</span> 
     </span>
    </p>
   </div>
   <div class='ocr_carea' id='block_1_91' title="bbox 2044 3279 2984 3337">
    <p class='ocr_par' dir='ltr' id='par_1_91' title="bbox 2044 3279 2984 3337">
     <span class='ocr_line' id='line_1_91' title="bbox 2044 3279 2984 3337; baseline 0.003 -4"><span class='ocrx_word' id='word_1_698' title='bbox 2044 3291 2223 3336; x_wconf 85' lang='lat' dir='ltr'><strong>autem</strong></span> <span class='ocrx_word' id='word_1_699' title='bbox 2253 3279 2428 3336; x_wconf 80' lang='lat' dir='ltr'><strong>exteri</strong></span> <span class='ocrx_word' id='word_1_700' title='bbox 2463 3279 2609 3337; x_wconf 91' lang='lat' dir='ltr'><strong>illum</strong></span> <span class='ocrx_word' id='word_1_701' title='bbox 2641 3294 2984 3337; x_wconf 83' lang='lat' dir='ltr'><strong>veneramur.</strong></span> 
     </span>
    </p>
   </div>
   <div class='ocr_carea' id='block_1_92' title="bbox 2625 3525 3037 3584">
    <p class='ocr_par' dir='ltr' id='par_1_92' title="bbox 2625 3525 3037 3584">
     <span class='ocr_line' id='line_1_92' title="bbox 2625 3525 3037 3584; baseline 0.005 -2"><span class='ocrx_word' id='word_1_702' title='bbox 2625 3525 2857 3583; x_wconf 80' lang='lat' dir='ltr'><strong>CAPUT</strong></span> <span class='ocrx_word' id='word_1_703' title='bbox 2896 3526 3037 3584; x_wconf 80' lang='lat' dir='ltr'><strong>XIV.</strong></span> 
     </span>
    </p>
   </div>
   <div class='ocr_carea' id='block_1_93' title="bbox 2043 3638 3621 3714">
    <p class='ocr_par' dir='ltr' id='par_1_93' title="bbox 2043 3638 3621 3714">
     <span class='ocr_line' id='line_1_93' title="bbox 2043 3638 3621 3714; baseline 0.006 -21"><span class='ocrx_word' id='word_1_704' title='bbox 2043 3638 2122 3694; x_wconf 85' lang='lat' dir='ltr'><strong>De</strong></span> <span class='ocrx_word' id='word_1_705' title='bbox 2144 3639 2353 3714; x_wconf 72' lang='lat' dir='ltr'><strong>Joanne</strong></span> <span class='ocrx_word' id='word_1_706' title='bbox 2378 3649 2428 3695; x_wconf 86' lang='lat' dir='ltr'><strong>et</strong></span> <span class='ocrx_word' id='word_1_707' title='bbox 2447 3639 2689 3714; x_wconf 67' lang='lat' dir='ltr'><strong>ﬂenda.</strong></span> <span class='ocrx_word' id='word_1_708' title='bbox 2718 3642 2805 3714; x_wconf 77' lang='lat' dir='ltr'><strong>De</strong></span> <span class='ocrx_word' id='word_1_709' title='bbox 2832 3644 3058 3714; x_wconf 80' lang='lat' dir='ltr'><strong>quinque</strong></span> <span class='ocrx_word' id='word_1_710' title='bbox 3081 3645 3307 3714; x_wconf 78' lang='lat' dir='ltr'><strong>panibus</strong></span> <span class='ocrx_word' id='word_1_711' title='bbox 3338 3657 3388 3702; x_wconf 85' lang='lat' dir='ltr'><strong>et</strong></span> <span class='ocrx_word' id='word_1_712' title='bbox 3415 3647 3621 3702; x_wconf 61' lang='lat' dir='ltr'><strong>duitas</strong></span> 
     </span>
    </p>
   </div>
   <div class='ocr_carea' id='block_1_94' title="bbox 2149 3711 3506 3784">
    <p class='ocr_par' dir='ltr' id='par_1_94' title="bbox 2149 3711 3506 3784">
     <span class='ocr_line' id='line_1_94' title="bbox 2149 3711 3506 3784; baseline 0.007 -21"><span class='ocrx_word' id='word_1_713' title='bbox 2149 3711 2406 3779; x_wconf 74' lang='lat' dir='ltr'><strong>piscibus.</strong></span> <span class='ocrx_word' id='word_1_714' title='bbox 2437 3711 2513 3766; x_wconf 78' lang='lat' dir='ltr'><strong>De</strong></span> <span class='ocrx_word' id='word_1_715' title='bbox 2547 3711 2903 3769; x_wconf 75' lang='lat' dir='ltr'><strong>amba-latione</strong></span> <span class='ocrx_word' id='word_1_716' title='bbox 2930 3711 3131 3773; x_wconf 67' lang='lat' dir='ltr'><strong>Christi</strong></span> <span class='ocrx_word' id='word_1_717' title='bbox 3154 3731 3315 3784; x_wconf 73' lang='lat' dir='ltr'><strong>supra</strong></span> <span class='ocrx_word' id='word_1_718' title='bbox 3341 3734 3506 3777; x_wconf 79' lang='lat' dir='ltr'><strong>mare.</strong></span> 
     </span>
    </p>
   </div>
   <div class='ocr_carea' id='block_1_95' title="bbox 2114 3893 3623 3967">
    <p class='ocr_par' dir='ltr' id='par_1_95' title="bbox 2114 3893 3623 3967">
     <span class='ocr_line' id='line_1_95' title="bbox 2114 3893 3623 3967; baseline 0.006 -18"><span class='ocrx_word' id='word_1_719' title='bbox 2114 3894 2282 3951; x_wconf 77' lang='lat' dir='ltr'><strong>Vens.</strong></span> <span class='ocrx_word' id='word_1_720' title='bbox 2319 3897 2372 3959; x_wconf 79' lang='lat' dir='ltr'><strong>l.</strong></span> <span class='ocrx_word' id='word_1_721' title='bbox 2411 3895 2466 3952; x_wconf 77' lang='lat'><strong>2.</strong></span> <span class='ocrx_word' id='word_1_722' title='bbox 2507 3914 2526 3948; x_wconf 75' lang='grc' dir='ltr'><strong>ι</strong></span> <span class='ocrx_word' id='word_1_723' title='bbox 2553 3893 2609 3952; x_wconf 85' lang='lat' dir='ltr'><strong>in</strong></span> <span class='ocrx_word' id='word_1_724' title='bbox 2643 3895 2733 3952; x_wconf 92' lang='lat' dir='ltr'><strong>illo</strong></span> <span class='ocrx_word' id='word_1_725' title='bbox 2765 3905 3006 3967; x_wconf 88' lang='lat' dir='ltr'><strong>tempore</strong></span> <span class='ocrx_word' id='word_1_726' title='bbox 3037 3900 3243 3956; x_wconf 85' lang='lat' dir='ltr'><strong>audivit</strong></span> <span class='ocrx_word' id='word_1_727' title='bbox 3275 3899 3515 3963; x_wconf 79' lang='lat' dir='ltr'><strong>Herodes</strong></span> <span class='ocrx_word' id='word_1_728' title='bbox 3550 3910 3623 3958; x_wconf 81' lang='lat' dir='ltr'><strong>te-</strong></span> 
     </span>
    </p>
   </div>
   <div class='ocr_carea' id='block_1_96' title="bbox 2043 3985 3621 4059">
    <p class='ocr_par' dir='ltr' id='par_1_96' title="bbox 2043 3985 3621 4059">
     <span class='ocr_line' id='line_1_96' title="bbox 2043 3985 3621 4059; baseline 0.001 -19"><span class='ocrx_word' id='word_1_729' title='bbox 2043 3985 2259 4040; x_wconf 82' lang='lat' dir='ltr'><strong>trarrha</strong></span> <span class='ocrx_word' id='word_1_730' title='bbox 2313 3986 2512 4040; x_wconf 84' lang='lat' dir='ltr'><strong>famam</strong></span> <span class='ocrx_word' id='word_1_731' title='bbox 2549 3985 2614 4041; x_wconf 90' lang='lat' dir='ltr'><strong>de</strong></span> <span class='ocrx_word' id='word_1_732' title='bbox 2658 3985 2809 4052; x_wconf 82' lang='lat' dir='ltr'><strong>Jesu,</strong></span> <span class='ocrx_word' id='word_1_733' title='bbox 2845 3997 2899 4044; x_wconf 87' lang='lat' dir='ltr'><strong>et</strong></span> <span class='ocrx_word' id='word_1_734' title='bbox 2945 3988 3081 4043; x_wconf 74' lang='lat' dir='ltr'><strong>dixit</strong></span> <span class='ocrx_word' id='word_1_735' title='bbox 3118 3990 3301 4059; x_wconf 90' lang='lat' dir='ltr'><strong>pueris</strong></span> <span class='ocrx_word' id='word_1_736' title='bbox 3330 3993 3439 4045; x_wconf 77' lang='lat' dir='ltr'><strong>suis</strong></span> <span class='ocrx_word' id='word_1_737' title='bbox 3469 4010 3484 4049; x_wconf 90' lang='lat'><strong>:</strong></span> <span class='ocrx_word' id='word_1_738' title='bbox 3521 3990 3621 4047; x_wconf 74' lang='lat' dir='ltr'><strong>llic</strong></span> 
     </span>
    </p>
   </div>
   <div class='ocr_carea' id='block_1_97' title="bbox 2041 4076 3622 4149">
    <p class='ocr_par' dir='ltr' id='par_1_97' title="bbox 2041 4076 3622 4149">
     <span class='ocr_line' id='line_1_97' title="bbox 2041 4076 3622 4149; baseline 0.003 -16"><span class='ocrx_word' id='word_1_739' title='bbox 2041 4088 2124 4133; x_wconf 90' lang='lat' dir='ltr'><strong>est</strong></span> <span class='ocrx_word' id='word_1_740' title='bbox 2164 4076 2401 4133; x_wconf 69' lang='lat' dir='ltr'><strong>Joannes</strong></span> <span class='ocrx_word' id='word_1_741' title='bbox 2452 4077 2736 4148; x_wconf 88' lang='lat' dir='ltr'><strong>Baptista;</strong></span> <span class='ocrx_word' id='word_1_742' title='bbox 2772 4081 2886 4149; x_wconf 90' lang='lat' dir='ltr'><strong>ipse</strong></span> <span class='ocrx_word' id='word_1_743' title='bbox 2926 4081 3165 4135; x_wconf 77' lang='lat' dir='ltr'><strong>surrexit</strong></span> <span class='ocrx_word' id='word_1_744' title='bbox 3207 4096 3235 4133; x_wconf 92' lang='lat' dir='ltr'><strong>a</strong></span> <span class='ocrx_word' id='word_1_745' title='bbox 3269 4083 3514 4147; x_wconf 82' lang='lat' dir='ltr'><strong>mortuis,</strong></span> <span class='ocrx_word' id='word_1_746' title='bbox 3563 4092 3622 4138; x_wconf 89' lang='lat' dir='ltr'><strong>et</strong></span> 
     </span>
    </p>
   </div>
   <div class='ocr_carea' id='block_1_98' title="bbox 2042 4171 3619 4242">
    <p class='ocr_par' dir='ltr' id='par_1_98' title="bbox 2042 4171 3619 4242">
     <span class='ocr_line' id='line_1_98' title="bbox 2042 4171 3619 4242; baseline 0.003 -15"><span class='ocrx_word' id='word_1_747' title='bbox 2042 4172 2164 4228; x_wconf 88' lang='lat' dir='ltr'><strong>ideo</strong></span> <span class='ocrx_word' id='word_1_748' title='bbox 2192 4172 2417 4228; x_wconf 89' lang='lat' dir='ltr'><strong>virtutes</strong></span> <span class='ocrx_word' id='word_1_749' title='bbox 2445 4182 2612 4242; x_wconf 80' lang='lat' dir='ltr'><strong>agunt</strong></span> <span class='ocrx_word' id='word_1_750' title='bbox 2635 4173 2686 4227; x_wconf 89' lang='lat' dir='ltr'><strong>in</strong></span> <span class='ocrx_word' id='word_1_751' title='bbox 2724 4171 2836 4228; x_wconf 84' lang='lat' dir='ltr'><strong>illo.</strong></span> <span class='ocrx_word' id='word_1_752' title='bbox 2885 4190 2905 4225; x_wconf 73' lang='grc' dir='ltr'><strong>ι</strong></span> <span class='ocrx_word' id='word_1_753' title='bbox 2943 4171 3041 4228; x_wconf 88' lang='lat' dir='ltr'><strong>Hic</strong></span> <span class='ocrx_word' id='word_1_754' title='bbox 3068 4172 3310 4231; x_wconf 80' lang='lat' dir='ltr'><strong>Herodes</strong></span> <span class='ocrx_word' id='word_1_755' title='bbox 3334 4183 3451 4229; x_wconf 89' lang='lat' dir='ltr'><strong>erat</strong></span> <span class='ocrx_word' id='word_1_756' title='bbox 3476 4173 3619 4231; x_wconf 85' lang='lat' dir='ltr'><strong>ﬁlius</strong></span> 
     </span>
    </p>
   </div>
   <div class='ocr_carea' id='block_1_99' title="bbox 2021 4263 3616 4337">
    <p class='ocr_par' dir='ltr' id='par_1_99' title="bbox 2021 4263 3616 4337">
     <span class='ocr_line' id='line_1_99' title="bbox 2021 4263 3616 4337; baseline -0.001 -16"><span class='ocrx_word' id='word_1_757' title='bbox 2021 4264 2160 4337; x_wconf 77' lang='lat' dir='ltr'><strong>&#39;ejus</strong></span> <span class='ocrx_word' id='word_1_758' title='bbox 2184 4265 2274 4334; x_wconf 88' lang='lat' dir='ltr'><strong>qui</strong></span> <span class='ocrx_word' id='word_1_759' title='bbox 2305 4279 2497 4335; x_wconf 86' lang='lat' dir='ltr'><strong>pueros</strong></span> <span class='ocrx_word' id='word_1_760' title='bbox 2536 4265 2589 4320; x_wconf 91' lang='lat' dir='ltr'><strong>in</strong></span> <span class='ocrx_word' id='word_1_761' title='bbox 2623 4263 2897 4321; x_wconf 87' lang='lat' dir='ltr'><strong>Bethleem</strong></span> <span class='ocrx_word' id='word_1_762' title='bbox 2927 4265 3148 4321; x_wconf 81' lang='lat' dir='ltr'><strong>occidit.</strong></span> <span class='ocrx_word' id='word_1_763' title='bbox 3181 4264 3481 4322; x_wconf 82' lang='lat' dir='ltr'><strong>Considera</strong></span> <span class='ocrx_word' id='word_1_764' title='bbox 3522 4281 3616 4325; x_wconf 82' lang='lat' dir='ltr'><strong>atr-</strong></span> 
     </span>
    </p>
   </div>
   <div class='ocr_carea' id='block_1_100' title="bbox 2048 4355 3619 4428">
    <p class='ocr_par' dir='ltr' id='par_1_100' title="bbox 2048 4355 3619 4428">
     <span class='ocr_line' id='line_1_100' title="bbox 2048 4355 3619 4428; baseline 0.002 -20"><span class='ocrx_word' id='word_1_765' title='bbox 2048 4364 2155 4411; x_wconf 86' lang='lat' dir='ltr'><strong>tem</strong></span> <span class='ocrx_word' id='word_1_766' title='bbox 2198 4356 2327 4411; x_wconf 90' lang='lat' dir='ltr'><strong>hinc</strong></span> <span class='ocrx_word' id='word_1_767' title='bbox 2372 4356 2569 4411; x_wconf 81' lang='lat' dir='ltr'><strong>fastum</strong></span> <span class='ocrx_word' id='word_1_768' title='bbox 2599 4356 2722 4411; x_wconf 66' lang='lat' dir='ltr'><strong>vitae</strong></span> <span class='ocrx_word' id='word_1_769' title='bbox 2763 4358 3079 4428; x_wconf 71' lang='lat' dir='ltr'><strong>tyrannicae.</strong></span> <span class='ocrx_word' id='word_1_770' title='bbox 3134 4355 3275 4412; x_wconf 88' lang='lat' dir='ltr'><strong>Ecce</strong></span> <span class='ocrx_word' id='word_1_771' title='bbox 3317 4358 3463 4413; x_wconf 89' lang='lat' dir='ltr'><strong>enim</strong></span> <span class='ocrx_word' id='word_1_772' title='bbox 3495 4366 3619 4427; x_wconf 91' lang='lat' dir='ltr'><strong>post</strong></span> 
     </span>
    </p>
   </div>
   <div class='ocr_carea' id='block_1_101' title="bbox 2041 4446 3616 4518">
    <p class='ocr_par' dir='ltr' id='par_1_101' title="bbox 2041 4446 3616 4518">
     <span class='ocr_line' id='line_1_101' title="bbox 2041 4446 3616 4518; baseline 0.004 -20"><span class='ocrx_word' id='word_1_773' title='bbox 2041 4457 2300 4518; x_wconf 89' lang='lat' dir='ltr'><strong>quantum</strong></span> <span class='ocrx_word' id='word_1_774' title='bbox 2334 4456 2545 4516; x_wconf 89' lang='lat' dir='ltr'><strong>tempus</strong></span> <span class='ocrx_word' id='word_1_775' title='bbox 2579 4447 2722 4504; x_wconf 85' lang='lat' dir='ltr'><strong>fama</strong></span> <span class='ocrx_word' id='word_1_776' title='bbox 2757 4447 2824 4505; x_wconf 91' lang='lat' dir='ltr'><strong>de</strong></span> <span class='ocrx_word' id='word_1_777' title='bbox 2850 4446 2977 4505; x_wconf 88' lang='lat' dir='ltr'><strong>Jesu</strong></span> <span class='ocrx_word' id='word_1_778' title='bbox 3019 4447 3084 4505; x_wconf 83' lang='lat' dir='ltr'><strong>ad</strong></span> <span class='ocrx_word' id='word_1_779' title='bbox 3114 4446 3382 4504; x_wconf 82' lang='lat' dir='ltr'><strong>Herodem</strong></span> <span class='ocrx_word' id='word_1_780' title='bbox 3421 4464 3616 4517; x_wconf 81' lang='lat' dir='ltr'><strong>perve-</strong></span> 
     </span>
    </p>
   </div>
   <div class='ocr_carea' id='block_1_102' title="bbox 2041 4541 3615 4614">
    <p class='ocr_par' dir='ltr' id='par_1_102' title="bbox 2041 4541 3615 4614">
     <span class='ocr_line' id='line_1_102' title="bbox 2041 4541 3615 4614; baseline -0.001 -16"><span class='ocrx_word' id='word_1_781' title='bbox 2041 4544 2145 4599; x_wconf 92' lang='lat' dir='ltr'><strong>nit.</strong></span> <span class='ocrx_word' id='word_1_782' title='bbox 2186 4541 2288 4611; x_wconf 89' lang='lat' dir='ltr'><strong>Qui</strong></span> <span class='ocrx_word' id='word_1_783' title='bbox 2334 4542 2480 4599; x_wconf 86' lang='lat' dir='ltr'><strong>enim</strong></span> <span class='ocrx_word' id='word_1_784' title='bbox 2531 4552 2813 4614; x_wconf 86' lang='lat' dir='ltr'><strong>potentatu</strong></span> <span class='ocrx_word' id='word_1_785' title='bbox 2865 4552 2997 4599; x_wconf 88' lang='lat' dir='ltr'><strong>sunt</strong></span> <span class='ocrx_word' id='word_1_786' title='bbox 3026 4543 3266 4613; x_wconf 70' lang='lat' dir='ltr'><strong>praediti,</strong></span> <span class='ocrx_word' id='word_1_787' title='bbox 3315 4545 3467 4598; x_wconf 85' lang='lat' dir='ltr'><strong>tarde</strong></span> <span class='ocrx_word' id='word_1_788' title='bbox 3513 4544 3615 4598; x_wconf 81' lang='lat' dir='ltr'><strong>ista</strong></span> 
     </span>
    </p>
   </div>
   <div class='ocr_carea' id='block_1_103' title="bbox 2040 4637 3617 4709">
    <p class='ocr_par' dir='ltr' id='par_1_103' title="bbox 2040 4637 3617 4709">
     <span class='ocr_line' id='line_1_103' title="bbox 2040 4637 3617 4709; baseline -0.001 -16"><span class='ocrx_word' id='word_1_789' title='bbox 2040 4637 2279 4700; x_wconf 84' lang='lat' dir='ltr'><strong>discunt.</strong></span> <span class='ocrx_word' id='word_1_790' title='bbox 2316 4652 2383 4695; x_wconf 90' lang='lat' dir='ltr'><strong>eo</strong></span> <span class='ocrx_word' id='word_1_791' title='bbox 2421 4639 2563 4707; x_wconf 90' lang='lat' dir='ltr'><strong>quod</strong></span> <span class='ocrx_word' id='word_1_792' title='bbox 2613 4653 2717 4693; x_wconf 92' lang='lat' dir='ltr'><strong>non</strong></span> <span class='ocrx_word' id='word_1_793' title='bbox 2759 4648 2956 4694; x_wconf 90' lang='lat' dir='ltr'><strong>curent</strong></span> <span class='ocrx_word' id='word_1_794' title='bbox 3001 4653 3097 4694; x_wconf 91' lang='lat' dir='ltr'><strong>eos</strong></span> <span class='ocrx_word' id='word_1_795' title='bbox 3124 4639 3217 4709; x_wconf 77' lang='lat' dir='ltr'><strong>qui</strong></span> <span class='ocrx_word' id='word_1_796' title='bbox 3260 4640 3457 4692; x_wconf 85' lang='lat' dir='ltr'><strong>virtute</strong></span> <span class='ocrx_word' id='word_1_797' title='bbox 3487 4646 3617 4695; x_wconf 82' lang='lat' dir='ltr'><strong>sunt</strong></span> 
     </span>
    </p>
   </div>
   <div class='ocr_carea' id='block_1_104' title="bbox 2039 4726 3611 4803">
    <p class='ocr_par' dir='ltr' id='par_1_104' title="bbox 2039 4726 3611 4803">
     <span class='ocr_line' id='line_1_104' title="bbox 2039 4726 3611 4803; baseline -0.004 -17"><span class='ocrx_word' id='word_1_798' title='bbox 2039 4729 2335 4799; x_wconf 87' lang='lat' dir='ltr'><strong>conspicui.</strong></span> <span class='ocrx_word' id='word_1_799' title='bbox 2366 4728 2605 4803; x_wconf 81' lang='lat' dir='ltr'><strong>Apparet</strong></span> <span class='ocrx_word' id='word_1_800' title='bbox 2631 4740 2813 4785; x_wconf 85' lang='lat' dir='ltr'><strong>autem</strong></span> <span class='ocrx_word' id='word_1_801' title='bbox 2846 4729 2990 4799; x_wconf 89' lang='lat' dir='ltr'><strong>quod</strong></span> <span class='ocrx_word' id='word_1_802' title='bbox 3014 4728 3313 4801; x_wconf 84' lang='lat' dir='ltr'><strong>Baptistam</strong></span> <span class='ocrx_word' id='word_1_803' title='bbox 3348 4726 3611 4793; x_wconf 87' lang='lat' dir='ltr'><strong>timuerit,</strong></span> 
     </span>
    </p>
   </div>
   <div class='ocr_carea' id='block_1_105' title="bbox 2041 4818 3611 4891">
    <p class='ocr_par' dir='ltr' id='par_1_105' title="bbox 2041 4818 3611 4891">
     <span class='ocr_line' id='line_1_105' title="bbox 2041 4818 3611 4891; baseline -0.006 -13"><span class='ocrx_word' id='word_1_804' title='bbox 2041 4830 2096 4878; x_wconf 86' lang='lat' dir='ltr'><strong>et</strong></span> <span class='ocrx_word' id='word_1_805' title='bbox 2121 4828 2405 4891; x_wconf 86' lang='lat' dir='ltr'><strong>propterea</strong></span> <span class='ocrx_word' id='word_1_806' title='bbox 2427 4820 2493 4879; x_wconf 89' lang='lat' dir='ltr'><strong>de</strong></span> <span class='ocrx_word' id='word_1_807' title='bbox 2521 4820 2606 4876; x_wconf 89' lang='lat' dir='ltr'><strong>his</strong></span> <span class='ocrx_word' id='word_1_808' title='bbox 2636 4836 2742 4876; x_wconf 91' lang='lat' dir='ltr'><strong>non</strong></span> <span class='ocrx_word' id='word_1_809' title='bbox 2776 4821 2900 4877; x_wconf 89' lang='lat' dir='ltr'><strong>aliis</strong></span> <span class='ocrx_word' id='word_1_810' title='bbox 2921 4835 3083 4890; x_wconf 86' lang='lat' dir='ltr'><strong>quam</strong></span> <span class='ocrx_word' id='word_1_811' title='bbox 3125 4819 3330 4891; x_wconf 85' lang='lat' dir='ltr'><strong>pueris,</strong></span> <span class='ocrx_word' id='word_1_812' title='bbox 3371 4818 3476 4874; x_wconf 86' lang='lat' dir='ltr'><strong>hoc</strong></span> <span class='ocrx_word' id='word_1_813' title='bbox 3506 4826 3611 4883; x_wconf 88' lang='lat' dir='ltr'><strong>est,</strong></span> 
     </span>
    </p>
   </div>
   <div class='ocr_carea' id='block_1_106' title="bbox 2039 4908 3615 4979">
    <p class='ocr_par' dir='ltr' id='par_1_106' title="bbox 2039 4908 3615 4979">
     <span class='ocr_line' id='line_1_106' title="bbox 2039 4908 3615 4979; baseline -0.004 -8"><span class='ocrx_word' id='word_1_814' title='bbox 2039 4913 2238 4978; x_wconf 82' lang='lat' dir='ltr'><strong>servis,</strong></span> <span class='ocrx_word' id='word_1_815' title='bbox 2268 4911 2423 4973; x_wconf 68' lang='grc' dir='ltr'>επειί</span> <span class='ocrx_word' id='word_1_816' title='bbox 2448 4912 2633 4973; x_wconf 80' lang='lat' dir='ltr'><strong>audet.</strong></span> <span class='ocrx_word' id='word_1_817' title='bbox 2666 4912 2929 4979; x_wconf 86' lang='lat' dir='ltr'><strong>Quoniam</strong></span> <span class='ocrx_word' id='word_1_818' title='bbox 2956 4921 3135 4968; x_wconf 89' lang='lat' dir='ltr'><strong>autem</strong></span> <span class='ocrx_word' id='word_1_819' title='bbox 3169 4912 3354 4967; x_wconf 75' lang='lat' dir='ltr'><strong>vivens</strong></span> <span class='ocrx_word' id='word_1_820' title='bbox 3379 4908 3615 4964; x_wconf 83' lang='lat' dir='ltr'><strong>Joannes</strong></span> 
     </span>
    </p>
   </div>
   <div class='ocr_carea' id='block_1_107' title="bbox 2039 4998 3614 5076">
    <p class='ocr_par' dir='ltr' id='par_1_107' title="bbox 2039 4998 3614 5076">
     <span class='ocr_line' id='line_1_107' title="bbox 2039 4998 3614 5076; baseline -0.004 -17"><span class='ocrx_word' id='word_1_821' title='bbox 2039 5004 2254 5076; x_wconf 76' lang='lat' dir='ltr'><strong>signum</strong></span> <span class='ocrx_word' id='word_1_822' title='bbox 2287 5020 2393 5059; x_wconf 88' lang='lat' dir='ltr'><strong>non</strong></span> <span class='ocrx_word' id='word_1_823' title='bbox 2425 5006 2648 5069; x_wconf 80' lang='lat' dir='ltr'><strong>fecerat,</strong></span> <span class='ocrx_word' id='word_1_824' title='bbox 2686 5004 2895 5073; x_wconf 87' lang='lat' dir='ltr'><strong>putavit</strong></span> <span class='ocrx_word' id='word_1_825' title='bbox 2926 5002 3166 5059; x_wconf 73' lang='lat' dir='ltr'><strong>iterodes</strong></span> <span class='ocrx_word' id='word_1_826' title='bbox 3204 4998 3348 5070; x_wconf 81' lang='lat' dir='ltr'><strong>quod</strong></span> <span class='ocrx_word' id='word_1_827' title='bbox 3396 5013 3492 5067; x_wconf 89' lang='lat' dir='ltr'><strong>per</strong></span> <span class='ocrx_word' id='word_1_828' title='bbox 3528 5013 3614 5054; x_wconf 53' lang='lat' dir='ltr'><strong>re.</strong></span> 
     </span>
    </p>
   </div>
   <div class='ocr_carea' id='block_1_108' title="bbox 2041 5089 3617 5165">
    <p class='ocr_par' dir='ltr' id='par_1_108' title="bbox 2041 5089 3617 5165">
     <span class='ocr_line' id='line_1_108' title="bbox 2041 5089 3617 5165; baseline -0.002 -15"><span class='ocrx_word' id='word_1_829' title='bbox 2041 5093 2441 5155; x_wconf 86' lang='lat' dir='ltr'><strong>surrectionem</strong></span> <span class='ocrx_word' id='word_1_830' title='bbox 2474 5096 2746 5165; x_wconf 85' lang='lat' dir='ltr'><strong>acceperit</strong></span> <span class='ocrx_word' id='word_1_831' title='bbox 2775 5095 2937 5151; x_wconf 82' lang='lat' dir='ltr'><strong>etiam</strong></span> <span class='ocrx_word' id='word_1_832' title='bbox 2972 5094 3074 5149; x_wconf 79' lang='lat' dir='ltr'><strong>hoc</strong></span> <span class='ocrx_word' id='word_1_833' title='bbox 3101 5092 3305 5151; x_wconf 80' lang='lat' dir='ltr'><strong>donum</strong></span> <span class='ocrx_word' id='word_1_834' title='bbox 3332 5104 3362 5144; x_wconf 88' lang='lat' dir='ltr'><strong>a</strong></span> <span class='ocrx_word' id='word_1_835' title='bbox 3393 5089 3523 5157; x_wconf 78' lang='lat' dir='ltr'><strong>Dea,</strong></span> <span class='ocrx_word' id='word_1_836' title='bbox 3556 5099 3617 5147; x_wconf 89' lang='lat' dir='ltr'><strong>ut</strong></span> 
     </span>
    </p>
   </div>
   <div class='ocr_carea' id='block_1_109' title="bbox 2041 5182 2671 5259">
    <p class='ocr_par' dir='ltr' id='par_1_109' title="bbox 2041 5182 2671 5259">
     <span class='ocr_line' id='line_1_109' title="bbox 2041 5182 2671 5259; baseline -0.002 -17"><span class='ocrx_word' id='word_1_837' title='bbox 2041 5186 2302 5243; x_wconf 88' lang='lat' dir='ltr'><strong>miracula</strong></span> <span class='ocrx_word' id='word_1_838' title='bbox 2331 5182 2671 5259; x_wconf 85' lang='lat' dir='ltr'><strong>operaretur.</strong></span> 
     </span>
    </p>
   </div>
   <div class='ocr_carea' id='block_1_110' title="bbox 2116 5365 3617 5439">
    <p class='ocr_par' dir='ltr' id='par_1_110' title="bbox 2116 5365 3617 5439">
     <span class='ocr_line' id='line_1_110' title="bbox 2116 5365 3617 5439; baseline -0.003 -12"><span class='ocrx_word' id='word_1_839' title='bbox 2116 5371 2280 5428; x_wconf 74' lang='lat' dir='ltr'><strong>Vens.</strong></span> <span class='ocrx_word' id='word_1_840' title='bbox 2316 5372 2435 5429; x_wconf 78' lang='lat'><strong>5-5.</strong></span> <span class='ocrx_word' id='word_1_841' title='bbox 2480 5390 2499 5426; x_wconf 80' lang='grc' dir='ltr'><strong>ι</strong></span> <span class='ocrx_word' id='word_1_842' title='bbox 2536 5369 2776 5429; x_wconf 81' lang='lat' dir='ltr'><strong>Herodes</strong></span> <span class='ocrx_word' id='word_1_843' title='bbox 2808 5369 2953 5427; x_wconf 87' lang='lat' dir='ltr'><strong>enim</strong></span> <span class='ocrx_word' id='word_1_844' title='bbox 2986 5377 3211 5439; x_wconf 74' lang='lat' dir='ltr'><strong>ceperat</strong></span> <span class='ocrx_word' id='word_1_845' title='bbox 3246 5365 3530 5431; x_wconf 76' lang='lat' dir='ltr'><strong>Joannem.</strong></span> <span class='ocrx_word' id='word_1_846' title='bbox 3561 5375 3617 5425; x_wconf 80' lang='lat' dir='ltr'><strong>et</strong></span> 
     </span>
    </p>
   </div>
   <div class='ocr_carea' id='block_1_111' title="bbox 2040 5459 3615 5534">
    <p class='ocr_par' dir='ltr' id='par_1_111' title="bbox 2040 5459 3615 5534">
     <span class='ocr_line' id='line_1_111' title="bbox 2040 5459 3615 5534; baseline -0.005 -12"><span class='ocrx_word' id='word_1_847' title='bbox 2040 5464 2312 5532; x_wconf 79' lang='lat' dir='ltr'><strong>vinxerat,</strong></span> <span class='ocrx_word' id='word_1_848' title='bbox 2337 5478 2399 5520; x_wconf 90' lang='lat' dir='ltr'><strong>ac</strong></span> <span class='ocrx_word' id='word_1_849' title='bbox 2419 5470 2674 5534; x_wconf 85' lang='lat' dir='ltr'><strong>posuerat</strong></span> <span class='ocrx_word' id='word_1_850' title='bbox 2699 5462 2751 5521; x_wconf 88' lang='lat' dir='ltr'><strong>in</strong></span> <span class='ocrx_word' id='word_1_851' title='bbox 2775 5473 2994 5519; x_wconf 88' lang='lat' dir='ltr'><strong>carcere</strong></span> <span class='ocrx_word' id='word_1_852' title='bbox 3012 5469 3236 5532; x_wconf 83' lang='lat' dir='ltr'><strong>prepter</strong></span> <span class='ocrx_word' id='word_1_853' title='bbox 3256 5459 3615 5519; x_wconf 85' lang='lat' dir='ltr'><strong>Herodiadem</strong></span> 
     </span>
    </p>
   </div>
   <div class='ocr_carea' id='block_1_112' title="bbox 2042 5549 3615 5626">
    <p class='ocr_par' dir='ltr' id='par_1_112' title="bbox 2042 5549 3615 5626">
     <span class='ocr_line' id='line_1_112' title="bbox 2042 5549 3615 5626; baseline -0.006 -14"><span class='ocrx_word' id='word_1_854' title='bbox 2042 5572 2269 5613; x_wconf 81' lang='lat' dir='ltr'><strong>uxorem</strong></span> <span class='ocrx_word' id='word_1_855' title='bbox 2297 5555 2526 5626; x_wconf 88' lang='lat' dir='ltr'><strong>Pbilippi</strong></span> <span class='ocrx_word' id='word_1_856' title='bbox 2560 5555 2745 5610; x_wconf 79' lang='lat' dir='ltr'><strong>fratris</strong></span> <span class='ocrx_word' id='word_1_857' title='bbox 2785 5554 2887 5610; x_wconf 87' lang='lat' dir='ltr'><strong>sui.</strong></span> <span class='ocrx_word' id='word_1_858' title='bbox 2918 5552 3157 5624; x_wconf 75' lang='lat' dir='ltr'><strong>Dicebat</strong></span> <span class='ocrx_word' id='word_1_859' title='bbox 3186 5552 3329 5607; x_wconf 86' lang='lat' dir='ltr'><strong>enim</strong></span> <span class='ocrx_word' id='word_1_860' title='bbox 3369 5552 3417 5607; x_wconf 90' lang='lat' dir='ltr'><strong>ei</strong></span> <span class='ocrx_word' id='word_1_861' title='bbox 3450 5549 3615 5606; x_wconf 81' lang='lat' dir='ltr'><strong>Joan-</strong></span> 
     </span>
    </p>
   </div>
   <div class='ocr_carea' id='block_1_113' title="bbox 2041 5641 3615 5706">
    <p class='ocr_par' dir='ltr' id='par_1_113' title="bbox 2041 5641 3615 5706">
     <span class='ocr_line' id='line_1_113' title="bbox 2041 5641 3615 5706; baseline -0.008 -1"><span class='ocrx_word' id='word_1_862' title='bbox 2041 5664 2140 5705; x_wconf 81' lang='lat' dir='ltr'><strong>nes</strong></span> <span class='ocrx_word' id='word_1_863' title='bbox 2167 5665 2182 5706; x_wconf 91' lang='lat'><strong>:</strong></span> <span class='ocrx_word' id='word_1_864' title='bbox 2213 5646 2329 5702; x_wconf 82' lang='lat' dir='ltr'><strong>Non</strong></span> <span class='ocrx_word' id='word_1_865' title='bbox 2360 5647 2485 5702; x_wconf 90' lang='lat' dir='ltr'><strong>licet</strong></span> <span class='ocrx_word' id='word_1_866' title='bbox 2513 5647 2607 5701; x_wconf 84' lang='lat' dir='ltr'><strong>tibi</strong></span> <span class='ocrx_word' id='word_1_867' title='bbox 2639 5646 2845 5702; x_wconf 87' lang='lat' dir='ltr'><strong>habere</strong></span> <span class='ocrx_word' id='word_1_868' title='bbox 2876 5660 3018 5701; x_wconf 90' lang='lat' dir='ltr'><strong>eam.</strong></span> <span class='ocrx_word' id='word_1_869' title='bbox 3051 5643 3116 5698; x_wconf 84' lang='lat' dir='ltr'><strong>Et</strong></span> <span class='ocrx_word' id='word_1_870' title='bbox 3149 5641 3337 5699; x_wconf 88' lang='lat' dir='ltr'><strong>volens</strong></span> <span class='ocrx_word' id='word_1_871' title='bbox 3373 5654 3495 5695; x_wconf 90' lang='lat' dir='ltr'><strong>eum</strong></span> <span class='ocrx_word' id='word_1_872' title='bbox 3521 5653 3615 5694; x_wconf 88' lang='lat' dir='ltr'><strong>oc-</strong></span> 
     </span>
    </p>
   </div>
   <div class='ocr_carea' id='block_1_114' title="bbox 2040 5730 3605 5809">
    <p class='ocr_par' dir='ltr' id='par_1_114' title="bbox 2040 5730 3605 5809">
     <span class='ocr_line' id='line_1_114' title="bbox 2040 5730 3605 5809; baseline -0.006 -13"><span class='ocrx_word' id='word_1_873' title='bbox 2040 5741 2245 5807; x_wconf 89' lang='lat' dir='ltr'><strong>cidere,</strong></span> <span class='ocrx_word' id='word_1_874' title='bbox 2279 5740 2552 5804; x_wconf 85' lang='lat' dir='ltr'><strong>metuebat</strong></span> <span class='ocrx_word' id='word_1_875' title='bbox 2589 5738 2826 5803; x_wconf 83' lang='lat' dir='ltr'><strong>turbam,</strong></span> <span class='ocrx_word' id='word_1_876' title='bbox 2846 5744 3132 5809; x_wconf 81' lang='lat' dir='ltr'><strong>pmpterea</strong></span> <span class='ocrx_word' id='word_1_877' title='bbox 3159 5732 3304 5804; x_wconf 87' lang='lat' dir='ltr'><strong>quod</strong></span> <span class='ocrx_word' id='word_1_878' title='bbox 3329 5730 3478 5788; x_wconf 77' lang='lat' dir='ltr'><strong>ilium</strong></span> <span class='ocrx_word' id='word_1_879' title='bbox 3505 5744 3605 5787; x_wconf 86' lang='lat' dir='ltr'><strong>ceu</strong></span> 
     </span>
    </p>
   </div>
   <div class='ocr_carea' id='block_1_115' title="bbox 2042 5821 3617 5905">
    <p class='ocr_par' dir='ltr' id='par_1_115' title="bbox 2042 5821 3617 5905">
     <span class='ocr_line' id='line_1_115' title="bbox 2042 5821 3617 5905; baseline -0.003 -18"><span class='ocrx_word' id='word_1_880' title='bbox 2042 5834 2363 5905; x_wconf 84' lang='lat' dir='ltr'><strong>prophetam</strong></span> <span class='ocrx_word' id='word_1_881' title='bbox 2388 5832 2682 5891; x_wconf 85' lang='lat' dir='ltr'><strong>habebant.</strong></span> <span class='ocrx_word' id='word_1_882' title='bbox 2722 5850 2741 5886; x_wconf 75' lang='grc' dir='ltr'><strong>ι</strong></span> <span class='ocrx_word' id='word_1_883' title='bbox 2771 5828 3111 5888; x_wconf 82' lang='lat' dir='ltr'><strong>Narrationis</strong></span> <span class='ocrx_word' id='word_1_884' title='bbox 3133 5826 3294 5898; x_wconf 83' lang='lat' dir='ltr'><strong>hujus</strong></span> <span class='ocrx_word' id='word_1_885' title='bbox 3320 5825 3386 5882; x_wconf 91' lang='lat' dir='ltr'><strong>de</strong></span> <span class='ocrx_word' id='word_1_886' title='bbox 3410 5821 3617 5883; x_wconf 85' lang='lat' dir='ltr'><strong>Joanne</strong></span> 
     </span>
    </p>
   </div>
  </div>
