4078 6464
441 318 550 383 295

1285 318 1867 381 THEOPHYLACTI
1914 319 2328 381 BULGARL‘E
2366 322 2726 384 AHCHIEP.

3593 328 3707 394 €96

447 432 499 484 in
542 428 1060 500 superioribus,non
1111 426 1360 481 meminit
1409 427 1716 492 Mattharus,
1767 443 1831 482 eo
1880 432 2019 494 qnml

2128 430 2351 484 λαϐοῦσι
2382 431 2476 484 τοῦ
2502 433 2643 484 κατὰ
2681 431 2772 484 τὸν
2816 433 3068 503 Ἰωάννην
3106 433 3444 506 διηγήματος
3476 437 3503 489 6
3549 439 3706 492 Ματ-

443 535 640 591 seopus
683 520 755 576 illi
799 529 917 575 erat
955 533 1018 573 ea
1060 518 1319 572 duntaxat
1347 519 1588 574 scribere
1621 535 1740 588 qua:
1769 520 1835 572 ad
1863 518 2025 573 Chri-

446 622 589 667 stum
633 610 968 682 spectabant.
1003 607 1145 664 Sane
1187 623 1286 664 nec
1332 625 1477 663 nunc
1519 609 1855 665 meminisset
1883 611 2021 680 ejus,

447 701 550 757 nisi
593 710 658 756 et.
695 702 797 755 hoc
844 699 910 755 ad
960 701 1237 755 Christum
1284 699 1576 754 retulisset.
1605 700 1797 770 Arguit
1841 709 2023 754 autem

444 791 680 846 Joannes
717 791 822 863 73
864 791 1153 854 Herodem,
1183 799 1241 845 ut
1272 790 1456 847 fratris
1488 807 1714 846 uxorem
1743 806 1848 846 non
1883 790 2021 861 legi-

446 885 578 938 time
623 885 932 938 habentem.
969 882 1080 938 Lex
1125 883 1267 937 enim
1306 882 1533 954 jubebat
1582 883 1771 939 fratris
1803 897 2022 937 uxorem

445 976 697 1044 accipere
744 984 872 1028 tunc
916 973 1170 1041 fratrem,
1200 974 1414 1044 quando
1455 974 1542 1028 ille
1583 975 1786 1044 absque
1833 974 2025 1029 liberis

447 1064 863 1132 defungeretur.
906 1061 1004 1116 llic
1036 1073 1216 1116 autem
1250 1062 1533 1133 Philippus
1562 1079 1670 1118 non
1719 1063 1924 1132 absque
1957 1063 2025 1118 li-

449 1157 596 1210 beris
619 1154 906 1211 defunctus
927 1164 1064 1210 erat.
1096 1155 1223 1210 Erat
1249 1156 1393 1209 enim
1418 1155 1594 1226 puella
1621 1171 1741 1228 quae
1773 1158 2022 1214 saltabat.

451 1248 590 1303 Sunt
614 1258 790 1302 autem
823 1247 1039 1314 quidam
1071 1247 1162 1318 qui
1192 1247 1381 1302 dicunt
1419 1249 1586 1316 quod,
1638 1250 1802 1303 etiam
1850 1249 2026 1304 adhuc

447 1339 692 1406 vivente,
730 1339 974 1410 Philippo
1004 1339 1244 1394 Herodes
1276 1339 1323 1395 ei
1374 1340 1656 1396 abstulerit
1697 1351 1752 1395 et
1777 1355 2023 1406 uxorem,

448 1439 502 1485 ct
528 1431 901 1486 tetrarchiam.
933 1431 1058 1486 Sive
1089 1441 1267 1486 autem
1300 1433 1422 1497 hoc,
1458 1433 1574 1487 sive
1600 1432 1729 1488 illud
1764 1442 1903 1500 erat,
1931 1434 2028 1488 illi-

449 1523 616 1576 citum
663 1530 782 1578 erat
813 1523 1038 1578 facinus.
1075 1523 1189 1592 an
1232 1523 1460 1577 timebat
1485 1533 1664 1579 autem
1710 1523 1899 1589 Deum,
1932 1525 2026 1580 sed

447 1611 658 1666 turbam
691 1613 935 1678 timebat,
973 1615 1113 1668 unde
1155 1614 1360 1668 distulit
1395 1616 1594 1670 caedem
1635 1633 1649 1670 :
1681 1624 1738 1670 at
1779 1616 2026 1673 diabolus

444 1712 802 1772 Opportunum
835 1713 1044 1772 tempus
1077 1704 1178 1759 sibi
1205 1704 1434 1761 invenit.

2129 521 2301 588 θαῖος,
2329 522 2466 576 διότι
2507 522 2709 586 σκοπὸς
2739 518 2806 593 ἦν
2836 523 2983 594 αὐτῷ
3017 525 3153 594 μόνοι
3191 528 3259 579 τὰ
3305 527 3436 597 περὶ
3470 528 3708 598 Χριστοῦ

2129 613 2358 683 γράψαι.
2387 615 2500 668 Kal.
2537 615 2642 685 γὰρ
2673 614 2797 667 οὐδὲ
2851 614 2948 668 νῦν
2995 615 3240 687 ἐμνήσθη
3271 617 3359 681 ἂν,
3409 621 3458 671 εί
3509 619 3584 690 μὴ
3613 621 3711 674 καὶ

2131 703 2290 758 τοῦτο
2332 706 2412 768 είς
2450 705 2688 775 Χριστὸν
2737 705 2952 776 ἔφερεν.
2991 707 3224 777 Ἠλεγχε
3277 707 3336 761 δὲ
3381 710 3408 762 6
3450 709 3708 776 Ἰωάννης

2129 795 2220 848 τὸν
2254 794 2524 867 Ἡρώδην,
2570 801 2647 858 ὡς
2706 795 3042 866 παρανόμως
3089 797 3282 867 ἔχοντα
3331 796 3424 850 τοῦ
3469 797 3707 866 ἀδελφοῦ

2129 884 2295 940 αὑτοῦ
2325 885 2422 957 τήν
2449 890 2681 956 γυναῖκα
2714 905 2728 919 °
2761 890 2789 942 6
2839 889 2950 958 γὰρ
2979 888 3144 958 νόμος
3186 887 3425 955 ἐκέλευε,
3462 887 3560 960 τὴν
3607 888 3705 941 τοῦ

2129 977 2359 1048 ἀδελφοῦ
2413 981 2649 1047 γυναῖκα
2695 979 2818 1033 τότε
2865 979 3166 1050 λαμϐάνειν
3202 979 3295 1032 τὸν
3333 978 3583 1047 ἀδελφὸν,
3613 978 3706 1032 ὅτε

2129 1065 2297 1130 ἄπαις
2344 1065 2661 1137 τελευτήσοι
2693 1069 2921 1132 ἐκεῖνος.
2962 1067 3228 1123 Ἐνταῦθα
3255 1067 3314 1121 δέ
3339 1071 3366 1122 ὁ
3413 1067 3703 1132 Φίλιππος,

2129 1158 2230 1212 οὐκ
2259 1158 2429 1223 ἅπαις
2455 1159 2831 1231 ἐτελεύτησεν.
2854 1155 2964 1213 Ἦν
2999 1160 3108 1231 γὰρ
3132 1161 3283 1231 αὐτῷ
3314 1162 3442 1224 παῖς
3474 1161 3506 1231 ή
3534 1161 3704 1230 ὀρχη-

2131 1250 2363 1320 σαμένη.
2413 1250 2567 1314 Τινὲς
2602 1250 2659 1304 δὲ
2708 1251 2958 1319 λέγουσιν
2988 1254 3071 1306 ὅτι
3108 1251 3310 1315 ζῶντος
3345 1251 3426 1304 ἔτι
3469 1251 3564 1304 τοῦ
3605 1251 3705 1303 Φι-

2128 1341 2330 1395 λίππου
2384 1342 2636 1410 ἀφείλετο
2668 1345 2696 1396 6
2763 1343 3010 1413 Ἡρώδης
3047 1345 3142 1397 καὶ
3191 1343 3289 1413 τὴν
3337 1345 3572 1411 γυναῖκα
3607 1341 3706 1395 καὶ

2127 1434 2229 1502 τὴν
2257 1435 2609 1506 τετραρχίαν.
2637 1434 2761 1488 Εἴτε
2795 1437 2851 1489 δὲ
2877 1435 3056 1498 τοῦτο,
3088 1437 3198 1488 εἴτε
3225 1435 3424 1498 ἐκεῖνο,
3456 1434 3703 1504 παράνο-

2133 1542 2232 1595 μον
2259 1522 2328 1597 ἦν
2355 1527 2414 1579 τὸ
2447 1526 2714 1598 πραχθέν.
2750 1528 2842 1596 Μὴ
2872 1527 3207 1597 φοϐούμενος
3229 1527 3285 1581 δέ
3306 1527 3398 1581 τὸν
3422 1527 3577 1592 Θεὸν,
3608 1525 3704 1578 τὸν

2127 1614 2288 1685 ὄχλον
2321 1617 2590 1685 ἐφοϐεῖτο,
2623 1616 2747 1670 ὅθεν
2792 1618 2887 1670 καὶ
2919 1617 3246 1671 ἀνεϐάλλετο
3275 1616 3369 1671 τοῦ
3417 1616 3699 1686 φονεῦσαι,

2129 1707 2245 1760 ἀλλ’
2286 1709 2315 1762 6
2345 1708 2584 1772 διάϐολος
2617 1708 2839 1779 ἐξεῦρεν
2868 1709 3017 1780 αύτῷ
3050 1710 3241 1780 καιρὸν
3272 1710 3604 1780 ἐπιτήδειον.

521 1790 687 1849 Vens.
721 1792 836 1851 6-8.
889 1813 907 1847 ι
957 1793 1092 1850 Cum
1140 1805 1322 1851 autem
1373 1797 1785 1854 celebrarentur
1819 1800 2019 1855 natalia

2203 1821 2222 1854 ι
2262 1802 2302 1854 Γ
2305 1803 2528 1856 ενεσίων
2554 1803 2611 1858 δὲ
2646 1805 2930 1873 ἀγομένων
2962 1804 3056 1859 τοῦ
3101 1807 3363 1877 Ἡρώδου,
3399 1806 3700 1878 ὠρχήσατο

445 1882 697 1944 Herodis,
732 1884 965 1939 saltabat
997 1885 1104 1938 ﬁlia
1136 1885 1459 1942 llerodiadis
1503 1888 1556 1943 in
1587 1890 1783 1957 medio,
1817 1899 1872 1946 et
1904 1892 2021 1963 pla-

443 1975 554 2028 cuit
586 1973 804 2041 Herodi,
835 1976 975 2032 unde
1008 1992 1130 2030 cum
1157 1977 1514 2048 jurejurando
1546 1981 1818 2051 pollicitus
1847 1995 1930 2042 est
1962 1999 2021 2040 se

444 2064 519 2116 illi
543 2065 795 2120 daturum
816 2069 1074 2137 quidquid
1110 2078 1338 2138 peteret.
1369 2071 1438 2125 At
1457 2072 1542 2126 illa
1570 2074 1720 2142 prius
1749 2074 2018 2131 instructa

444 2170 473 2206 a
515 2165 685 2211 matre
717 2172 814 2211 sua
846 2176 859 2212 :
907 2159 978 2211 Da
1013 2159 1166 2224 mihi,
1201 2159 1397 2230 inquit,
1440 2163 1528 2218 hic
1557 2164 1609 2218 in
1647 2166 1831 2235 patina
1863 2177 2022 2238 caput

444 2243 672 2301 Joannis
712 2247 983 2316 Baptistae.
1024 2268 1043 2302 ›
1089 2251 1219 2306 Vide
1252 2252 1476 2308 luxum:
1519 2257 1703 2326 regina
1742 2258 1919 2322 saltat,
1967 2270 2021 2314 et

444 2347 652 2404 quanto
690 2340 967 2408 pulchrius
999 2340 1240 2406 saltavit,
1278 2352 1427 2399 tanto
1457 2345 1632 2414 pejus.
1664 2345 1844 2418 Turpe
1873 2350 2018 2404 enim

443 2438 528 2483 est
593 2431 811 2498 reginae,
866 2431 1066 2500 aliquid
1126 2433 1436 2488 indecorum
1487 2436 1569 2490 vel
1625 2439 1764 2493 scite
1817 2439 2015 2496 facere.

447 2519 746 2576 Considera
779 2532 960 2578 autem
993 2523 1156 2578 aliam
1191 2525 1550 2596 insipientiam
1587 2526 1838 2586 Herodis.
1870 2531 2022 2587 Jnra-

444 2613 519 2666 vit
563 2613 818 2683 quidquid
856 2625 1065 2684 peteret
1123 2618 1371 2672 daturum
1441 2634 1522 2675 se.
1567 2621 1718 2687 Quod
1766 2623 1810 2677 si
1858 2635 2020 2693 caput

447 2713 594 2755 tuum
635 2704 882 2772 petisset,
916 2705 1234 2763 dedissesne
1276 2706 1454 2763 illud?
1495 2710 1569 2764 Da
1616 2709 1770 2774 mihi,
1819 2713 2014 2782 inquit,

447 2794 533 2848 hic
575 2801 736 2864 caput
784 2794 1031 2852 Joannis.
1079 2797 1258 2865 Quare
1303 2802 1554 2870 opposuit
1605 2801 1740 2857 Hic?
1769 2803 2019 2862 Timebat

444 2899 516 2938 ne
575 2885 716 2940 forte
767 2883 1008 2942 Herodes
1055 2888 1382 2958 resipiscens
1436 2901 1623 2962 postea
1684 2896 2020 2964 pmnitudine

444 2977 733 3029 duceretur
765 2995 778 3030 :
815 2983 1100 3046 propterea
1150 2989 1306 3049 urget
1349 2981 1536 3038 dicens
1570 3001 1583 3038 :
1627 2984 1702 3039 Da
1739 2986 1870 3042 mihi
1906 2987 2014 3044 hic.

2123 1895 2159 1964 ή
2191 1893 2438 1964 θυγάτηρ
2475 1895 2572 1965 τῆς
2615 1895 2942 1966 Ἡρωδιάδος
2980 1899 3037 1950 ἐν
3082 1897 3162 1967 τῷ
3195 1899 3370 1968 μέσῳ,
3407 1900 3502 1951 καὶ
3535 1898 3700 1970 ήρεσε

2123 1983 2200 2056 τῷ
2245 1982 2490 2058 Ἡρώδῃο
2517 1983 2639 2038 ὅθεν
2673 1985 2792 2056 μεθ’
2819 1985 2980 2057 ὅρκου
3014 1986 3368 2056 ὡμολόγησεν
3396 1988 3532 2056 αὐτῇ
3574 1987 3701 2040 δοῦ-

2090 2115 2102 2124 .
2124 2095 2210 2130 ναι
2239 2076 2266 2130 ὃ
2295 2078 2391 2133 ἐὰν
2420 2078 2736 2149 αἰτήσηται.
2772 2078 2836 2132 Ἦ
2863 2077 2942 2145 δὲ,
2978 2078 3410 2148 προϐιϐασθεῖσα
3453 2079 3557 2132 ὑπὸ
3598 2080 3699 2150 τῆς

2125 2169 2333 2240 μητρὸς
2360 2170 2527 2241 αὐτῆς
2549 2186 2564 2200 ·
2599 2171 2698 2234 Δός
2733 2187 2850 2239 μοι,
2876 2170 3062 2241 φησὶν,
3096 2163 3197 2224 ὦδε
3229 2171 3321 2223 ἐπὶ
3362 2169 3553 2224 πίνακι
3599 2169 3700 2241 τήν

2122 2260 2364 2332 κεφαλὴν
2407 2262 2654 2316 Ἰωάννου
2690 2263 2784 2316 τοῦ
2816 2262 3144 2316 Βαπτιστοῦ.
3188 2281 3206 2316 ι
3247 2263 3350 2316 Ἴδε
3375 2263 3695 2332 ἀσέλγειανί

2134 2353 2198 2407 Ἢ
2233 2353 2523 2424 βασίλισσα
2548 2355 2813 2426 ὀρχεῖται,
2843 2357 2936 2408 καὶ
2970 2356 3078 2426 ὅσῳ
3108 2355 3288 2418 καλῶς
3314 2356 3576 2426 ὀρχεῖται,
3603 2373 3696 2408 το-

2124 2445 2297 2513 σούτῳ
2326 2445 2529 2510 κακῶς.
2576 2447 2817 2516 Αίσχύνη
2861 2447 2971 2517 γὰρ
3019 2447 3306 2517 βασιλίσσῃ
3341 2447 3400 2498 τὸ
3432 2449 3698 2516 πράττειν

2120 2554 2172 2589 τι
2209 2537 2454 2606 ἀπρεπὲς
2477 2538 2778 2604 ἐπιδεξίως.
2814 2539 3014 2601 Σκόπει
3042 2537 3100 2592 δὲ
3127 2540 3222 2592 καὶ
3243 2539 3409 2608 ἄλλην
3436 2539 3697 2608 ἀνοησίαν

2123 2626 2217 2680 τοῦ
2262 2626 2524 2699 Ἡρώδου,
2557 2627 2771 2697 ὤμοσεν
2795 2629 2822 2682 ὃ
2856 2630 2953 2683 ἐὰν
2987 2630 3302 2700 αἰτήσηται,
3335 2628 3516 2683 δοῦναι
3545 2630 3658 2698 ϐο)
3678 2646 3693 2660 ·

2121 2723 2168 2773 εἰ
2208 2721 2265 2775 δὲ
2287 2722 2387 2790 τὴν
2413 2721 2658 2791 κεφαλήν
2689 2738 2781 2774 σου
2806 2722 3070 2794 ᾐτήσατο,
3099 2721 3332 2785 δέδωκας
3381 2721 3447 2775 ἂν
3487 2722 3694 2790 αύτήν;

2123 2813 2221 2874 Δός
2261 2830 2377 2884 μοι,
2418 2819 2603 2882 φησὶν,
2645 2806 2747 2866 ὦδε
2786 2814 2883 2881 τὴν
2932 2813 3174 2883 κεφαλὴν
3223 2813 3494 2867 Ἰωάννου.
3538 2812 3698 2874 Τίνος

2121 2903 2307 2958 ἕνεκεν
2337 2904 2644 2976 προσέθηκε
2661 2903 2744 2970 τὸ,
2768 2900 2904 2971 ὦδε;
2929 2903 3224 2974 Ἐφοϐεῖτο,
3251 2904 3452 2977 μήπως
3471 2905 3499 2956 6
3521 2903 3698 2972 Ἠρώ-

2120 2995 2217 3066 δης
2268 2997 2628 3066 σωφρονήσας
2682 2995 2910 3066 ὕστερον
2956 2994 3330 3067 μεταμεληθῇ.
3377 2996 3474 3048 Διὰ
3531 2993 3695 3047 τοῦτο

2123 3087 2436 3154 κατεπείγει
2463 3102 2476 3117 ο
2514 3086 2613 3149 Δός
2650 3104 2739 3157 μοι
2759 3081 2884 3153 ὧδε,
2921 3086 3172 3155 λέγουσα.

521 3151 689 3209 Vens.
732 3152 883 3210 9-l2.
923 3175 941 3208 ι
976 3155 1041 3210 Ει
1072 3157 1299 3215 indoluit
1342 3176 1435 3216 rex
1471 3179 1486 3218 :
1529 3173 1765 3220 attamen
1801 3177 2019 3239 propter

2199 3196 2219 3230 ι
2271 3128 2381 3233 Καέ
2411 3128 2727 3250 ἐλυπήθηρό
2758 3128 3034 3248 βασίλεὺς,
3087 3179 3173 3233 διὰ
3220 3179 3274 3232 δὲ
3319 3179 3444 3241 τοὺς
3493 3179 3695 3250 ὅρκους

439 3245 814 3314 jusjurandum
834 3257 890 3302 et
910 3251 1288 3306 accumbentes
1313 3253 1471 3321 jussit
1500 3256 1633 3311 dari.
1667 3257 1734 3312 Et
1767 3274 1886 3315 cum
1915 3263 2022 3316 mi-

443 3338 606 3393 sisset
645 3340 950 3406 carnifices,
997 3344 1298 3410 amputavit
1340 3357 1500 3414 caput
1538 3346 1763 3406 Joannis
1793 3350 1850 3405 in
1895 3367 2016 3407 car-

447 3443 594 3493 cere,
634 3439 688 3484 et
713 3430 932 3485 allatum
963 3440 1048 3487 est
1083 3442 1244 3502 caput
1269 3434 1386 3506 ejus
1416 3437 1470 3492 in
1511 3440 1716 3508 patina,
1747 3451 1800 3497 et
1835 3443 2018 3498 datum

444 3520 656 3586 puellae,
688 3531 850 3590 atque
879 3522 966 3577 illa
991 3523 1188 3579 obtulit
1220 3527 1382 3581 matri
1411 3542 1541 3584 suae.
1579 3531 1646 3585 Et
1672 3545 2022 3588 accesserunt

443 3609 692 3681 diseipuli
725 3615 879 3680 ejus,
927 3615 1249 3672 cttulernnt
1301 3633 1522 3689 corpus,
1585 3631 1638 3678 et
1691 3624 2023 3694 sepelierunt

446 3701 599 3755 illud.
636 3719 655 3752 ι
700 3701 935 3756 Indoluit
969 3714 1189 3774 propter
1221 3706 1495 3763 virtutem.
1535 3710 1849 3766 Admiratur
1876 3715 2019 3768 enim

445 3790 702 3846 virtutem
753 3799 808 3846 et
860 3793 1052 3859 hostis,
1099 3805 1339 3852 attamen
1379 3805 1600 3868 propter
1635 3801 2017 3871 jusjurandum

444 3881 535 3934 dat
561 3881 763 3935 donum
805 3882 1180 3942 inhmnanum.
1211 3887 1498 3946 Discamus
1540 3901 1719 3948 autem
1763 3895 1866 3949 hoc
1903 3895 2021 3950 loco

445 3988 568 4028 esse
596 3973 886 4044 aliquando
916 3977 1112 4034 melius
1146 3977 1386 4049 peierare
1429 3996 1592 4051 quam
1626 3994 1842 4054 propter
1871 3986 2020 4054 jura-

447 4076 707 4129 mentum,
752 4067 975 4135 impium
1027 4069 1229 4138 aliquid
1283 4072 1480 4127 facere.
1517 4074 1794 4144 Sepultum
1841 4089 2018 4132 autem

444 4165 528 4211 est
563 4171 758 4225 corpus
804 4158 1058 4232 Baptista:
1104 4161 1155 4213 in
1207 4159 1436 4217 Sebaste
1477 4163 1744 4219 Cassarea.
1779 4167 2019 4224 Venera-

447 4246 554 4301 bile
583 4256 762 4301 autem
788 4249 908 4319 ejus
951 4261 1111 4318 caput
1144 4251 1378 4320 primum
1414 4255 1468 4307 in
1517 4255 1770 4310 Emesam
1814 4261 2023 4325 reposi—

450 4347 562 4390 tum
607 4337 727 4392 fuit.
762 4357 781 4390 ι
818 4341 1189 4411 Abieruntque
1228 4353 1280 4396 et
1315 4347 1762 4403 renuntiaverunt
1807 4349 1956 4406 Jesn.
1996 4371 2015 4404 ι

2123 3268 2220 3322 καὶ
2269 3271 2394 3332 τοὺς
2459 3270 2954 3340 συνανακειμένους
3013 3270 3269 3324 ἐκέλευσε
3321 3269 3563 3338 δοθῆναι,
3597 3270 3696 3322 καὶ

2124 3358 2371 3429 πέμψας,
2413 3359 2790 3429 ἀπεκεφάλισε
2828 3359 2919 3413 τὸν
2961 3359 3213 3430 Ἰωάννην
3250 3359 3308 3412 ἐν
3340 3360 3404 3430 τῇ
3455 3360 3692 3427 φυλακῇ,

2123 3451 2218 3525 καί
2244 3450 2445 3521 ἠνέχθη
2471 3451 2505 3521 ή
2528 3449 2739 3520 κεφαλή
2768 3449 2934 3505 αὑτοῦ
2964 3451 3056 3503 ἐπὶ
3074 3450 3283 3516 πίνακι,
3309 3451 3402 3503 καὶ
3431 3449 3588 3518 ἐδόθη
3615 3450 3696 3519 τῷ

2123 3534 2389 3612 κορασίῳ,
2413 3541 2509 3594 καὶ
2535 3542 2734 3612 ήνεγκε
2755 3544 2821 3613 τῇ
2870 3541 3040 3614 μητρὶ
3087 3540 3278 3611 αὐτῆς.
3310 3542 3420 3596 Kal.
3461 3542 3695 3613 προσελ-

2124 3629 2307 3694 θόντες
2335 3631 2383 3683 οἱ
2411 3631 2648 3702 μαθηταὶ
2681 3631 2867 3696 αὑτοῦ,
2901 3628 3042 3703 ἦραν
3077 3634 3138 3686 τὸ
3163 3633 3320 3703 σῶμα
3359 3633 3452 3686 καὶ
3483 3633 3694 3702 ἔθαψαν

2121 3718 2273 3771 αὐτό.
2311 3735 2330 3769 ι
2376 3717 2653 3788 Ἐλυπήθη
2699 3719 2790 3772 διὰ
2834 3719 2934 3791 τὴν
2979 3722 3201 3793 ἀρετήν.
3259 3723 3539 3792 Θαυμάζει
3583 3724 3694 3793 γὰρ

2121 3809 2325 3879 ἀρετὴν
2358 3810 2452 3864 καὶ
2481 3810 2739 3880 πολέμιος
2759 3827 2774 3844 ο
2797 3810 2948 3880 ὅμως
2975 3812 3063 3866 διὰ
3103 3813 3228 3877 τοὺς
3255 3814 3470 3884 ὅρκους,
3498 3814 3686 3868 δίδωσι

2120 3900 2330 3972 δωρεὰν
2359 3901 2747 3972 ἀπάνθρωπον.
2782 3903 3162 3974 Μανθάνωμεν
3189 3904 3245 3957 δὲ
3294 3905 3563 3970 ἐντεῦθεν,
3605 3906 3691 3959 ὅτι

2121 3990 2269 4045 ἔστιν
2298 3992 2386 4045 ὅτε
2409 3993 2656 4063 κρεῖττον
2677 3993 2977 4062 ἐπιορκεῖν,
3009 3995 3042 4066 ἢ
3075 3993 3162 4046 διὰ
3189 3994 3313 4057 τοὺς
3334 3995 3528 4064 ὅρκους
3558 3997 3692 4048 ἀσε-

2123 4084 2214 4146 ϐές
2245 4101 2295 4136 τι
2335 4086 2528 4137 ποιεῖν.
2579 4084 2782 4154 Ἐτάφη
2809 4085 2864 4138 δὲ
2894 4085 2952 4138 τὸ
2985 4085 3144 4156 σῶμα
3167 4084 3261 4139 τοῦ
3300 4085 3608 4139 Βαπτιστοῦ
3632 4089 3692 4139 ἐν
3807 4134 3810 4135 ,

2119 4176 2185 4243 τῇ
2215 4173 2456 4246 Σεϐαστῇ
2493 4175 2821 4248 Καισαρείᾳο
2853 4177 2887 4247 ή
2929 4177 2986 4230 δὲ
3027 4176 3186 4247 τιμία
3243 4176 3410 4231 αὐτοῦ
3452 4178 3685 4248 κεφαλὴ,

2119 4265 2180 4316 τὸ
2227 4265 2443 4335 πρῶτον
2505 4267 2770 4337 κατετέθη
2817 4268 2895 4332 είς
2949 4268 3214 4338 Ἐμεσαν.
3283 4269 3395 4324 Καὶ
3446 4268 3692 4334 ἐλθόντες

2121 4358 2462 4429 ἀπήγγειλαν
2486 4359 2564 4429 τῷ
2609 4359 2807 4432 Ἰησοῦ.
2852 4359 2918 4412 Τί
2957 4359 3300 4429 ἀπήγγειλαν
3349 4359 3425 4428 τῷ
3466 4361 3690 4430 Ἰησοῦς

447 4427 588 4493 Quid
634 4431 956 4485 annuntiant
1001 4431 1176 4487 Jesu?
1229 4449 1332 4488 non
1395 4439 1538 4506 quod
1589 4452 1829 4496 mortuus
1873 4453 2019 4499 esset

456 4519 679 4543 I----.--
738 4536 859 4543 ..-μ
894 4522 943 4543 :I
980 4522 1114 4543 !_-A_-
1171 4525 1283 4543 -..ις
1311 4542 1314 4543 ,
1347 4526 1382 4543 ι.
1473 4539 1507 4543 --
1554 4529 1566 4543 1
1674 4540 1682 4543 -
1833 4535 1845 4543 .
2005 4536 2017 4543 .

2131 4427 2243 4518 Οὐχ
2281 4450 2362 4502 ὅτι
2389 4427 2953 4521 ἀπέθαειεν⁷ἰωάννης
2976 4466 2991 4482 ο
3015 4427 3205 4522 τδγὰρ
3232 4451 3374 4506 κατὰ
3395 4427 3486 4506 τὸν
3516 4427 3694 4508 Ἰωάνα

447 4519 702 4587 Joannes,
738 4536 862 4574 nam
894 4522 944 4576 id
979 4522 1120 4577 fama
1167 4525 1394 4582 subinde
1435 4529 1710 4598 attulerat,
1752 4535 1846 4588 sed
1877 4536 2017 4605 quod

2127 4558 2223 4610 νην
2253 4541 2496 4612 διήγημα
2528 4543 2861 4613 παρενετέθη
2897 4519 3082 4612 μέσον·
3121 4519 3234 4597 ἀλλ’
3267 4545 3350 4598 ὅτι
3388 4546 3416 4598 6
3443 4544 3694 4617 Ἡρώδης

448 4607 692 4664 Herodes
725 4611 790 4665 de
815 4609 943 4667 Jesu
979 4615 1201 4680 diceret,
1239 4618 1379 4684 quod
1407 4617 1642 4676 Joannes
1670 4635 1834 4679 esset.

524 4693 690 4755 Vens.
720 4702 807 4755 15.
841 4719 860 4752 ι
899 4701 953 4756 ld
985 4719 1106 4757 cum
1142 4707 1383 4762 audisset
1408 4707 1589 4775 Jesus,
1616 4717 1842 4770 secessit
1872 4716 2017 4774 illinc

451 4793 503 4847 in
527 4794 647 4846 navi
678 4794 743 4848 ad
776 4795 1047 4850 desertum
1080 4797 1253 4852 locum
1279 4803 1528 4857 seorsim.
1561 4822 1581 4856 ι
1617 4805 1831 4863 Secedit
1853 4807 2015 4866 Jesus

449 4894 668 4952 propter
691 4885 920 4940 Herodis
968 4887 1336 4955 homicidimn,
1391 4893 1594 4950 docens
1649 4912 1746 4953 nos
1795 4914 2015 4970 quoque

450 4989 518 5028 ne
547 4973 864 5041 objiciamus
897 4977 1143 5047 nosipsos
1175 4988 1378 5037 temere
1410 4983 1464 5037 in
1495 4987 1752 5055 pericula,
1791 4999 1846 5044 et
1881 4994 2018 5048 inte-

451 5060 550 5115 rim
588 5075 654 5116 ne
699 5063 947 5119 videatur
982 5063 1138 5133 juxta
1174 5070 1545 5137 apparentiam
1593 5085 1798 5130 tantum
1833 5079 2016 5133 incar-

450 5163 629 5220 natus,
670 5164 958 5225 propterea
1009 5158 1237 5214 secedit.
1291 5159 1346 5215 Si
1397 5164 1540 5218 enim
1593 5169 1853 5225 tenuisset
1891 5186 2014 5226 eum

450 5241 710 5312 Herodes,
746 5257 972 5302 conatus
1000 5249 1191 5305 fuisset
1221 5251 1368 5306 illum
1403 5257 1650 5313 occidere
1682 5278 1695 5314 :
1736 5271 1790 5315 et
1823 5263 1890 5327 si,
1921 5280 2015 5318 co-

453 5347 620 5391 nante
653 5339 753 5392 hoc
781 5337 1007 5407 Herode,
1031 5343 1185 5401 Jesus
1211 5346 1448 5414 seipsum
1485 5360 1516 5401 e
1544 5348 1732 5407 mediis
1763 5355 2016 5421 periculis

453 5428 761 5499 eripuisset,
784 5447 849 5488 eo
874 5438 1013 5503 quod
1039 5439 1272 5493 nondum
1305 5440 1541 5498 instabat
1564 5454 1774 5517 tempus
1803 5453 2014 5518 mortis,

2123 4627 2273 4698 λέγει
2316 4631 2446 4702 περὶ
2482 4631 2646 4684 αὐτοῦ
2684 4632 2760 4694 ὠς
2805 4633 3057 4704 Ἰωάννης
3086 4633 3225 4686 ἐστί.

2201 4737 2221 4770 ι
2253 4722 2363 4796 Καὶ.
2393 4722 2629 4787 ἀκούσας
2665 4724 2694 4777 6
2743 4725 2974 4795 Ἰησοῦς,
3009 4727 3356 4799 ἀνεχώρησεν
3391 4729 3600 4784 ἐκεῖθεν
3635 4733 3695 4784 ἐν

2124 4811 2296 4882 πλοίῳ
2313 4815 2391 4876 είς
2406 4815 2610 4884 ἔρημον
2626 4815 2787 4870 τόπον
2803 4819 2924 4871 κατ’
2941 4819 3096 4874 ἰδίαν.
3113 4820 3474 4894 ι’Δναχωρεῖό
3488 4821 3695 4895 Ἰησοῦς

2121 4903 2210 4956 διὰ
2225 4905 2326 4974 τὴν
2357 4905 2598 4978 Ἡρώδου
2635 4911 2971 4979 μιαιφονίαν,
3014 4912 3280 4967 διδάσκων
3307 4916 3401 4969 καὶ
3423 4917 3570 4986 ἡμᾶς
3615 4916 3693 4988 μὴ

2128 4993 2344 5062 ῥίπτειν
2373 4997 2599 5062 ἑαυτοὺς
2618 5001 2912 5070 προφανῶς
2941 5004 3020 5066 είς
3036 5004 3332 5069 κινδύνους.
3352 5006 3462 5059 Καὶ
3478 5008 3593 5076 ἅμα
3605 5007 3694 5060 ἵνα

2127 5086 2204 5154 μὴ
2221 5085 2346 5158 δόξῃ
2361 5089 2500 5141 κατὰ
2516 5091 2816 5158 φαντασίαν
2829 5110 2893 5145 σα
2900 5095 3198 5164 ρκωθῆναι,
3212 5097 3300 5151 διὰ
3316 5098 3472 5152 τοῦτο
3483 5101 3697 5170 ἀναχω-

2129 5179 2232 5246 ρεῖ.
2254 5179 2315 5232 El
2337 5179 2445 5250 γὰρ
2468 5182 2772 5253 ἐκράτησεν
2785 5184 2950 5237 αὑτὸν
2975 5186 3004 5237 6
3034 5186 3302 5258 Ἡρώδης,
3335 5191 3694 5261 ἐπεχείρησεν

2126 5268 2192 5321 ἂν
2204 5270 2414 5323 ἀνελεῖν
2435 5288 2448 5302 ’
2467 5273 2868 5346 ἐπιχειροῦντος
2880 5276 3181 5344 δὲζὰνελεῖν,
3197 5280 3292 5333 ἐὰν
3308 5281 3372 5334 ἐκ
3388 5282 3568 5352 μέσων
3586 5282 3695 5334 τῶν

2126 5362 2388 5417 κινδύνων
2413 5363 2722 5437 ἐξήρπασεν
2757 5368 2952 5421 ἐαυτὸν
2982 5371 3010 5422 6
3053 5369 3282 5440 Ἰησοῦς,
3324 5372 3412 5425 διὰ
3436 5373 3496 5425 τὸ
3525 5373 3697 5442 μήπω

2122 5455 2375 5525 ἐνστῆναι
2395 5458 2484 5511 τὸν
2507 5460 2697 5531 καιρὸν
2714 5462 2806 5516 τοῦ
2827 5462 3078 5540 θανάτου,
3105 5463 3284 5528 ἔδοξεν
3305 5464 3370 5518 ἂν
3396 5465 3695 5536 φάντασμα

1363 5563 1454 5622 Ex
1491 5562 1835 5629 collatione
1868 5569 2052 5632 codd.
2085 5573 2315 5637 Venet.
2352 5577 2416 5639 S.
2450 5578 2668 5643 Marci.

519 5651 912 5760 golncng'ag,
941 5661 1182 5760 :nposev
1216 5663 1264 5728 ὃ,
1293 5665 1387 5760 ἐὰν
1418 5666 1714 5738 ὀρχήσαιτο
1733 5671 1923 5738 δεξιῶς
1963 5677 2017 5730 al

2128 5695 2248 5735 αιτο
2283 5679 2486 5736 δοῦναι.
2525 5701 2544 5735 ι
2578 5683 2809 5754 Juravit,
2849 5686 2895 5744 si
2931 5687 3205 5760 eleganter
3225 5690 3449 5747 saltaret
3477 5728 3492 5757 ,
3528 5687 3695 5759 quid-

444 5725 570 5796 quid
608 5727 846 5797 petierit,
870 5725 1119 5787 datnrum
1151 5748 1231 5800 se,
1251 5725 1287 5787 ἰ
1318 5744 1425 5791 etc.
