  <div class='ocr_page' id='page_1' title='image "/cluster/home/n/w/nwhite01/storage/ocr_20150623/123/hvd.32044019208198/156.png"; bbox 0 0 4078 6464; ppageno 0'>
   <div class='ocr_carea' id='block_1_1' title="bbox 327 360 437 425">
    <p class='ocr_par' dir='ltr' id='par_1_1' title="bbox 327 360 437 425">
     <span class='ocr_line' id='line_1_1' title="bbox 327 360 437 425; baseline -0.009 0"><span class='ocrx_word' id='word_1_1' title='bbox 327 360 437 425; x_wconf 78' lang='lat'><strong>297</strong></span> 
     </span>
    </p>
   </div>
   <div class='ocr_carea' id='block_1_2' title="bbox 980 354 1943 430">
    <p class='ocr_par' dir='ltr' id='par_1_2' title="bbox 980 356 1941 429">
     <span class='ocr_line' id='line_1_2' title="bbox 980 356 1941 429; baseline -0.003 -7"><span class='ocrx_word' id='word_1_2' title='bbox 980 359 1433 422; x_wconf 80' lang='lat' dir='ltr'><strong>E-NARRATIO</strong></span> <span class='ocrx_word' id='word_1_3' title='bbox 1463 358 1546 422; x_wconf 80' lang='grc' dir='ltr'>ΙΝ</span> <span class='ocrx_word' id='word_1_4' title='bbox 1585 356 1941 429; x_wconf 77' lang='lat' dir='ltr'><strong>EVANGEL</strong></span> 
     </span>
    </p>
   </div>
   <div class='ocr_carea' id='block_1_3' title="bbox 2045 354 3000 430">
    <p class='ocr_par' dir='ltr' id='par_1_3' title="bbox 2045 354 3000 430">
     <span class='ocr_line' id='line_1_3' title="bbox 2045 354 3000 430; baseline -0.003 -14"><span class='ocrx_word' id='word_1_5' title='bbox 2045 357 2085 416; x_wconf 69' lang='lat' dir='ltr'><strong>ll</strong></span> <span class='ocrx_word' id='word_1_6' title='bbox 2116 357 2506 430; x_wconf 65' lang='grc' dir='ltr'><strong>ΜΑΤἝΗιΕΙ.</strong></span> <span class='ocrx_word' id='word_1_7' title='bbox 2533 382 2605 394; x_wconf 83' lang='grc'><strong>-··</strong></span> <span class='ocrx_word' id='word_1_8' title='bbox 2645 356 2805 421; x_wconf 71' lang='lat' dir='ltr'><strong>CAP.</strong></span> <span class='ocrx_word' id='word_1_9' title='bbox 2845 354 3000 418; x_wconf 75' lang='lat' dir='ltr'><strong>XIV.</strong></span> 
     </span>
    </p>
   </div>
   <div class='ocr_carea' id='block_1_4' title="bbox 3472 355 3584 424">
    <p class='ocr_par' dir='ltr' id='par_1_4' title="bbox 3472 355 3584 424">
     <span class='ocr_line' id='line_1_4' title="bbox 3472 355 3584 424; baseline 0.045 -5"><span class='ocrx_word' id='word_1_10' title='bbox 3472 355 3584 424; x_wconf 67' lang='lat'><strong>293</strong></span> 
     </span>
    </p>
   </div>
   <div class='ocr_carea' id='block_1_5' title="bbox 332 461 1943 540">
    <p class='ocr_par' dir='ltr' id='par_1_5' title="bbox 332 461 1916 540">
     <span class='ocr_line' id='line_1_5' title="bbox 332 461 1916 540; baseline -0.001 -20"><span class='ocrx_word' id='word_1_11' title='bbox 332 461 500 532; x_wconf 74' lang='grc' dir='ltr'>εἶναι,</span> <span class='ocrx_word' id='word_1_12' title='bbox 528 465 619 521; x_wconf 70' lang='grc' dir='ltr'>διὰ</span> <span class='ocrx_word' id='word_1_13' title='bbox 651 467 826 521; x_wconf 78' lang='grc' dir='ltr'>ταῦτα</span> <span class='ocrx_word' id='word_1_14' title='bbox 860 466 992 536; x_wconf 75' lang='grc' dir='ltr'>γοῦν</span> <span class='ocrx_word' id='word_1_15' title='bbox 1020 469 1317 540; x_wconf 87' lang='grc' dir='ltr'>ἀναχωρεῖ.</span> <span class='ocrx_word' id='word_1_16' title='bbox 1358 468 1451 531; x_wconf 71' lang='lat' dir='ltr'><strong>Ei;</strong></span> <span class='ocrx_word' id='word_1_17' title='bbox 1483 467 1690 539; x_wconf 68' lang='grc' dir='ltr'>ἔρημον</span> <span class='ocrx_word' id='word_1_18' title='bbox 1729 466 1787 520; x_wconf 80' lang='grc' dir='ltr'>δὲ</span> <span class='ocrx_word' id='word_1_19' title='bbox 1828 466 1916 519; x_wconf 85' lang='grc' dir='ltr'>τό·</span> 
     </span>
    </p>
   </div>
   <div class='ocr_carea' id='block_1_6' title="bbox 2045 461 3588 540">
    <p class='ocr_par' dir='ltr' id='par_1_6' title="bbox 2045 465 3588 538">
     <span class='ocr_line' id='line_1_6' title="bbox 2045 465 3588 538; baseline -0.003 -19"><span class='ocrx_word' id='word_1_20' title='bbox 2045 466 2239 525; x_wconf 79' lang='lat' dir='ltr'><strong>tabitus</strong></span> <span class='ocrx_word' id='word_1_21' title='bbox 2272 466 2464 529; x_wconf 76' lang='lat' dir='ltr'><strong>fuisset</strong></span> <span class='ocrx_word' id='word_1_22' title='bbox 2494 465 2818 538; x_wconf 70' lang='lat' dir='ltr'><strong>phantasma</strong></span> <span class='ocrx_word' id='word_1_23' title='bbox 2854 478 2998 529; x_wconf 81' lang='lat' dir='ltr'><strong>esse,</strong></span> <span class='ocrx_word' id='word_1_24' title='bbox 3028 469 3084 517; x_wconf 92' lang='lat' dir='ltr'><strong>et</strong></span> <span class='ocrx_word' id='word_1_25' title='bbox 3113 470 3398 533; x_wconf 81' lang='lat' dir='ltr'><strong>eapropter</strong></span> <span class='ocrx_word' id='word_1_26' title='bbox 3429 475 3588 516; x_wconf 74' lang='lat' dir='ltr'><strong>scce~</strong></span> 
     </span>
    </p>
   </div>
   <div class='ocr_carea' id='block_1_7' title="bbox 334 555 1917 629">
    <p class='ocr_par' dir='ltr' id='par_1_7' title="bbox 334 555 1917 629">
     <span class='ocr_line' id='line_1_7' title="bbox 334 555 1917 629; baseline -0.001 -18"><span class='ocrx_word' id='word_1_27' title='bbox 334 573 441 611; x_wconf 83' lang='grc' dir='ltr'><strong>πον</strong></span> <span class='ocrx_word' id='word_1_28' title='bbox 494 555 620 613; x_wconf 84' lang='grc' dir='ltr'>κατ’</span> <span class='ocrx_word' id='word_1_29' title='bbox 666 557 831 626; x_wconf 88' lang='grc' dir='ltr'>ίδίαν,</span> <span class='ocrx_word' id='word_1_30' title='bbox 881 558 970 614; x_wconf 75' lang='grc' dir='ltr'>ἵνα</span> <span class='ocrx_word' id='word_1_31' title='bbox 1023 558 1496 629; x_wconf 75' lang='grc' dir='ltr'>θαυματουργήση</span> <span class='ocrx_word' id='word_1_32' title='bbox 1547 561 1608 613; x_wconf 76' lang='grc' dir='ltr'>τὸ</span> <span class='ocrx_word' id='word_1_33' title='bbox 1663 558 1757 611; x_wconf 79' lang='grc' dir='ltr'>ἐπὶ</span> <span class='ocrx_word' id='word_1_34' title='bbox 1803 558 1917 620; x_wconf 88' lang='grc' dir='ltr'>τοῖς</span> 
     </span>
    </p>
   </div>
   <div class='ocr_carea' id='block_1_8' title="bbox 329 646 815 725">
    <p class='ocr_par' dir='ltr' id='par_1_8' title="bbox 329 646 815 725">
     <span class='ocr_line' id='line_1_8' title="bbox 329 646 815 725; baseline 0.008 -23"><span class='ocrx_word' id='word_1_35' title='bbox 329 649 521 721; x_wconf 80' lang='grc' dir='ltr'>ἄρτοις</span> <span class='ocrx_word' id='word_1_36' title='bbox 553 648 765 725; x_wconf 76' lang='grc' dir='ltr'>θαῦμα.</span> <span class='ocrx_word' id='word_1_37' title='bbox 810 646 815 651; x_wconf 76' lang='grc'><em>’</em></span> 
     </span>
    </p>
   </div>
   <div class='ocr_carea' id='block_1_9' title="bbox 410 823 1920 896">
    <p class='ocr_par' dir='ltr' id='par_1_9' title="bbox 410 823 1920 896">
     <span class='ocr_line' id='line_1_9' title="bbox 410 823 1920 896; baseline -0.003 -14"><span class='ocrx_word' id='word_1_38' title='bbox 410 848 434 882; x_wconf 78' lang='grc' dir='ltr'><strong>ι</strong></span> <span class='ocrx_word' id='word_1_39' title='bbox 494 828 608 883; x_wconf 74' lang='grc' dir='ltr'><strong>Καὶ</strong></span> <span class='ocrx_word' id='word_1_40' title='bbox 664 825 999 890; x_wconf 81' lang='grc' dir='ltr'>ἀκούσαντες</span> <span class='ocrx_word' id='word_1_41' title='bbox 1039 827 1089 880; x_wconf 85' lang='lat' dir='ltr'><strong>0i</strong></span> <span class='ocrx_word' id='word_1_42' title='bbox 1147 824 1317 895; x_wconf 86' lang='grc' dir='ltr'>ὄχλοι,</span> <span class='ocrx_word' id='word_1_43' title='bbox 1351 823 1724 895; x_wconf 74' lang='grc' dir='ltr'><strong>ἠκολούθησαν</strong></span> <span class='ocrx_word' id='word_1_44' title='bbox 1771 824 1920 896; x_wconf 80' lang='grc' dir='ltr'><strong>αὐτῷ</strong></span> 
     </span>
    </p>
   </div>
   <div class='ocr_carea' id='block_1_10' title="bbox 334 910 1920 994">
    <p class='ocr_par' dir='ltr' id='par_1_10' title="bbox 334 910 1920 994">
     <span class='ocr_line' id='line_1_10' title="bbox 334 910 1920 994; baseline -0.005 -18"><span class='ocrx_word' id='word_1_45' title='bbox 334 922 483 994; x_wconf 73' lang='grc' dir='ltr'>πεζῇ</span> <span class='ocrx_word' id='word_1_46' title='bbox 512 921 623 975; x_wconf 77' lang='grc' dir='ltr'>ἀπὸ</span> <span class='ocrx_word' id='word_1_47' title='bbox 651 920 760 973; x_wconf 84' lang='grc' dir='ltr'><strong>τῶν</strong></span> <span class='ocrx_word' id='word_1_48' title='bbox 802 918 1032 972; x_wconf 82' lang='grc' dir='ltr'>πόλεων.</span> <span class='ocrx_word' id='word_1_49' title='bbox 1071 918 1184 973; x_wconf 74' lang='grc' dir='ltr'><strong>Καὶ</strong></span> <span class='ocrx_word' id='word_1_50' title='bbox 1223 916 1455 982; x_wconf 81' lang='grc' dir='ltr'>ἐξελθὼν</span> <span class='ocrx_word' id='word_1_51' title='bbox 1484 917 1513 969; x_wconf 84' lang='grc' dir='ltr'><strong>ό</strong></span> <span class='ocrx_word' id='word_1_52' title='bbox 1550 915 1782 985; x_wconf 82' lang='grc' dir='ltr'>Ἰησοῦς,</span> <span class='ocrx_word' id='word_1_53' title='bbox 1812 910 1920 969; x_wconf 79' lang='grc' dir='ltr'>εἶδε</span> 
     </span>
    </p>
   </div>
   <div class='ocr_carea' id='block_1_11' title="bbox 333 1003 1927 1085">
    <p class='ocr_par' dir='ltr' id='par_1_11' title="bbox 333 1003 1927 1085">
     <span class='ocr_line' id='line_1_11' title="bbox 333 1003 1927 1085; baseline -0.008 -16"><span class='ocrx_word' id='word_1_54' title='bbox 333 1014 512 1069; x_wconf 76' lang='grc' dir='ltr'>πολὺν</span> <span class='ocrx_word' id='word_1_55' title='bbox 539 1013 718 1083; x_wconf 56' lang='grc' dir='ltr'>ὄχλονς</span> <span class='ocrx_word' id='word_1_56' title='bbox 754 1010 851 1064; x_wconf 71' lang='grc' dir='ltr'>καὶ</span> <span class='ocrx_word' id='word_1_57' title='bbox 878 1006 1288 1085; x_wconf 75' lang='grc' dir='ltr'><strong>ἐσπλαγχνίσθη</strong></span> <span class='ocrx_word' id='word_1_58' title='bbox 1322 1007 1410 1059; x_wconf 79' lang='grc' dir='ltr'><strong>ἐπ’</strong></span> <span class='ocrx_word' id='word_1_59' title='bbox 1446 1006 1650 1070; x_wconf 79' lang='grc' dir='ltr'>αὐτοῖς,</span> <span class='ocrx_word' id='word_1_60' title='bbox 1686 1006 1779 1059; x_wconf 73' lang='grc' dir='ltr'>καὶ</span> <span class='ocrx_word' id='word_1_61' title='bbox 1803 1003 1927 1058; x_wconf 85' lang='grc' dir='ltr'>ἐθε-</span> 
     </span>
    </p>
   </div>
   <div class='ocr_carea' id='block_1_12' title="bbox 335 1096 1922 1181">
    <p class='ocr_par' dir='ltr' id='par_1_12' title="bbox 335 1096 1922 1181">
     <span class='ocr_line' id='line_1_12' title="bbox 335 1096 1922 1181; baseline -0.006 -20"><span class='ocrx_word' id='word_1_62' title='bbox 335 1108 585 1181; x_wconf 78' lang='grc' dir='ltr'>ράπευσε</span> <span class='ocrx_word' id='word_1_63' title='bbox 625 1104 754 1167; x_wconf 76' lang='grc' dir='ltr'>τοὺς</span> <span class='ocrx_word' id='word_1_64' title='bbox 792 1101 1114 1176; x_wconf 72' lang='grc' dir='ltr'>ἀρρώστους</span> <span class='ocrx_word' id='word_1_65' title='bbox 1165 1099 1368 1155; x_wconf 78' lang='grc' dir='ltr'>αὐτῶν.</span> <span class='ocrx_word' id='word_1_66' title='bbox 1416 1118 1435 1152; x_wconf 73' lang='grc' dir='ltr'><strong>ι</strong></span> <span class='ocrx_word' id='word_1_67' title='bbox 1485 1098 1675 1153; x_wconf 84' lang='grc' dir='ltr'>Πίστιν</span> <span class='ocrx_word' id='word_1_68' title='bbox 1714 1096 1922 1152; x_wconf 83' lang='grc' dir='ltr'>ἐνδείκ-</span> 
     </span>
    </p>
   </div>
   <div class='ocr_carea' id='block_1_13' title="bbox 335 1190 1925 1264">
    <p class='ocr_par' dir='ltr' id='par_1_13' title="bbox 335 1190 1925 1264">
     <span class='ocr_line' id='line_1_13' title="bbox 335 1190 1925 1264; baseline -0.007 -10"><span class='ocrx_word' id='word_1_69' title='bbox 335 1214 533 1254; x_wconf 71' lang='grc' dir='ltr'>νυνται</span> <span class='ocrx_word' id='word_1_70' title='bbox 589 1197 642 1251; x_wconf 90' lang='grc' dir='ltr'><strong>οί</strong></span> <span class='ocrx_word' id='word_1_71' title='bbox 681 1194 852 1264; x_wconf 87' lang='grc' dir='ltr'>ὄχλοι,</span> <span class='ocrx_word' id='word_1_72' title='bbox 894 1195 1027 1247; x_wconf 78' lang='grc' dir='ltr'>ὅπου</span> <span class='ocrx_word' id='word_1_73' title='bbox 1062 1208 1127 1263; x_wconf 92' lang='grc' dir='ltr'><strong>γε</strong></span> <span class='ocrx_word' id='word_1_74' title='bbox 1179 1193 1276 1247; x_wconf 77' lang='grc' dir='ltr'>καὶ</span> <span class='ocrx_word' id='word_1_75' title='bbox 1327 1190 1701 1263; x_wconf 80' lang='grc' dir='ltr'><strong>ἀναχωροῦντι</strong></span> <span class='ocrx_word' id='word_1_76' title='bbox 1753 1206 1925 1261; x_wconf 87' lang='grc' dir='ltr'>προσ-</span> 
     </span>
    </p>
   </div>
   <div class='ocr_carea' id='block_1_14' title="bbox 334 1278 1923 1362">
    <p class='ocr_par' dir='ltr' id='par_1_14' title="bbox 334 1278 1923 1362">
     <span class='ocr_line' id='line_1_14' title="bbox 334 1278 1923 1362; baseline -0.006 -18"><span class='ocrx_word' id='word_1_77' title='bbox 334 1290 603 1362; x_wconf 78' lang='grc' dir='ltr'>τρέχουσι</span> <span class='ocrx_word' id='word_1_78' title='bbox 668 1286 747 1357; x_wconf 82' lang='grc' dir='ltr'>τῷ</span> <span class='ocrx_word' id='word_1_79' title='bbox 818 1283 1018 1354; x_wconf 81' lang='grc' dir='ltr'><strong>Ἰησοῦ.</strong></span> <span class='ocrx_word' id='word_1_80' title='bbox 1084 1283 1178 1337; x_wconf 84' lang='grc' dir='ltr'><strong>Διὸ</strong></span> <span class='ocrx_word' id='word_1_81' title='bbox 1252 1278 1442 1354; x_wconf 83' lang='grc' dir='ltr'>μισθὸν</span> <span class='ocrx_word' id='word_1_82' title='bbox 1511 1281 1614 1353; x_wconf 81' lang='grc' dir='ltr'>τῆς</span> <span class='ocrx_word' id='word_1_83' title='bbox 1685 1280 1923 1344; x_wconf 83' lang='grc' dir='ltr'>πίστεως</span> 
     </span>
    </p>
   </div>
   <div class='ocr_carea' id='block_1_15' title="bbox 337 1371 1920 1453">
    <p class='ocr_par' dir='ltr' id='par_1_15' title="bbox 337 1371 1920 1453">
     <span class='ocr_line' id='line_1_15' title="bbox 337 1371 1920 1453; baseline -0.008 -15"><span class='ocrx_word' id='word_1_84' title='bbox 337 1382 667 1453; x_wconf 73' lang='grc' dir='ltr'>κομίζονται</span> <span class='ocrx_word' id='word_1_85' title='bbox 712 1377 814 1441; x_wconf 76' lang='grc' dir='ltr'><strong>τὰς</strong></span> <span class='ocrx_word' id='word_1_86' title='bbox 874 1376 1067 1442; x_wconf 87' lang='grc' dir='ltr'>ίάσεις,</span> <span class='ocrx_word' id='word_1_87' title='bbox 1104 1374 1244 1429; x_wconf 82' lang='grc' dir='ltr'>ἀλλὰ</span> <span class='ocrx_word' id='word_1_88' title='bbox 1288 1375 1384 1430; x_wconf 78' lang='grc' dir='ltr'>καὶ</span> <span class='ocrx_word' id='word_1_89' title='bbox 1431 1373 1493 1428; x_wconf 71' lang='grc' dir='ltr'>τὸ</span> <span class='ocrx_word' id='word_1_90' title='bbox 1522 1371 1662 1444; x_wconf 73' lang='grc' dir='ltr'>πεζῇ</span> <span class='ocrx_word' id='word_1_91' title='bbox 1693 1372 1920 1428; x_wconf 87' lang='grc' dir='ltr'>ἀκολου-</span> 
     </span>
    </p>
   </div>
   <div class='ocr_carea' id='block_1_16' title="bbox 340 1462 1921 1547">
    <p class='ocr_par' dir='ltr' id='par_1_16' title="bbox 340 1462 1921 1547">
     <span class='ocr_line' id='line_1_16' title="bbox 340 1462 1921 1547; baseline -0.004 -19"><span class='ocrx_word' id='word_1_92' title='bbox 340 1475 539 1547; x_wconf 80' lang='grc' dir='ltr'>θῆσαι,</span> <span class='ocrx_word' id='word_1_93' title='bbox 571 1472 668 1527; x_wconf 74' lang='grc' dir='ltr'>καὶ</span> <span class='ocrx_word' id='word_1_94' title='bbox 709 1472 770 1525; x_wconf 78' lang='grc' dir='ltr'>τὸ</span> <span class='ocrx_word' id='word_1_95' title='bbox 799 1470 970 1544; x_wconf 67' lang='grc' dir='ltr'>χωρὶς</span> <span class='ocrx_word' id='word_1_96' title='bbox 998 1469 1231 1541; x_wconf 82' lang='grc' dir='ltr'><strong>τροφῆς,</strong></span> <span class='ocrx_word' id='word_1_97' title='bbox 1261 1462 1439 1523; x_wconf 75' lang='grc' dir='ltr'>πάντα</span> <span class='ocrx_word' id='word_1_98' title='bbox 1460 1466 1635 1522; x_wconf 80' lang='grc' dir='ltr'>ταῦτα</span> <span class='ocrx_word' id='word_1_99' title='bbox 1666 1465 1921 1529; x_wconf 88' lang='grc' dir='ltr'>πίστεως.</span> 
     </span>
    </p>
   </div>
   <div class='ocr_carea' id='block_1_17' title="bbox 424 1557 1925 1634">
    <p class='ocr_par' dir='ltr' id='par_1_17' title="bbox 424 1557 1925 1634">
     <span class='ocr_line' id='line_1_17' title="bbox 424 1557 1925 1634; baseline -0.007 -13"><span class='ocrx_word' id='word_1_100' title='bbox 424 1586 444 1621; x_wconf 83' lang='grc' dir='ltr'><strong>ι</strong></span> <span class='ocrx_word' id='word_1_101' title='bbox 491 1565 681 1634; x_wconf 80' lang='grc' dir='ltr'>Ὀψίας</span> <span class='ocrx_word' id='word_1_102' title='bbox 708 1563 767 1617; x_wconf 80' lang='grc' dir='ltr'>δὲ</span> <span class='ocrx_word' id='word_1_103' title='bbox 794 1563 1120 1634; x_wconf 81' lang='grc' dir='ltr'><strong>γενομένης,</strong></span> <span class='ocrx_word' id='word_1_104' title='bbox 1150 1559 1461 1632; x_wconf 79' lang='grc' dir='ltr'>προσῆλθον</span> <span class='ocrx_word' id='word_1_105' title='bbox 1484 1558 1635 1630; x_wconf 79' lang='grc' dir='ltr'><strong>αὐτῷ</strong></span> <span class='ocrx_word' id='word_1_106' title='bbox 1669 1560 1719 1614; x_wconf 84' lang='grc' dir='ltr'><strong>οί</strong></span> <span class='ocrx_word' id='word_1_107' title='bbox 1746 1557 1925 1629; x_wconf 85' lang='grc' dir='ltr'>μαθη-</span> 
     </span>
    </p>
   </div>
   <div class='ocr_carea' id='block_1_18' title="bbox 341 1650 1923 1725">
    <p class='ocr_par' dir='ltr' id='par_1_18' title="bbox 341 1650 1923 1725">
     <span class='ocr_line' id='line_1_18' title="bbox 341 1650 1923 1725; baseline -0.004 -14"><span class='ocrx_word' id='word_1_108' title='bbox 341 1657 440 1717; x_wconf 73' lang='grc' dir='ltr'>ταὶ</span> <span class='ocrx_word' id='word_1_109' title='bbox 478 1655 667 1721; x_wconf 78' lang='grc' dir='ltr'>αὐτοῦ,</span> <span class='ocrx_word' id='word_1_110' title='bbox 700 1654 948 1724; x_wconf 83' lang='grc' dir='ltr'>λέγοντες</span> <span class='ocrx_word' id='word_1_111' title='bbox 974 1671 990 1688; x_wconf 78' lang='grc' dir='ltr'><strong>ο</strong></span> <span class='ocrx_word' id='word_1_112' title='bbox 1026 1652 1275 1725; x_wconf 86' lang='grc' dir='ltr'>Ἔρημός</span> <span class='ocrx_word' id='word_1_113' title='bbox 1319 1653 1467 1707; x_wconf 87' lang='grc' dir='ltr'>ἐστιν</span> <span class='ocrx_word' id='word_1_114' title='bbox 1504 1652 1532 1705; x_wconf 82' lang='grc' dir='ltr'>ὁ</span> <span class='ocrx_word' id='word_1_115' title='bbox 1556 1651 1739 1716; x_wconf 84' lang='grc' dir='ltr'>τόπος,</span> <span class='ocrx_word' id='word_1_116' title='bbox 1774 1650 1923 1720; x_wconf 78' lang='grc' dir='ltr'>καὶὴ</span> 
     </span>
    </p>
   </div>
   <div class='ocr_carea' id='block_1_19' title="bbox 344 1742 1925 1820">
    <p class='ocr_par' dir='ltr' id='par_1_19' title="bbox 344 1742 1925 1820">
     <span class='ocr_line' id='line_1_19' title="bbox 344 1742 1925 1820; baseline -0.005 -17"><span class='ocrx_word' id='word_1_117' title='bbox 344 1748 469 1818; x_wconf 79' lang='grc' dir='ltr'>ὥρα</span> <span class='ocrx_word' id='word_1_118' title='bbox 496 1748 598 1820; x_wconf 75' lang='grc' dir='ltr'>ήδη</span> <span class='ocrx_word' id='word_1_119' title='bbox 630 1745 936 1818; x_wconf 64' lang='grc' dir='ltr'>παρῆλθεν</span> <span class='ocrx_word' id='word_1_120' title='bbox 968 1745 1239 1800; x_wconf 76' lang='grc' dir='ltr'><strong>ἀπόλυσον</strong></span> <span class='ocrx_word' id='word_1_121' title='bbox 1260 1745 1385 1808; x_wconf 79' lang='grc' dir='ltr'>τοὺς</span> <span class='ocrx_word' id='word_1_122' title='bbox 1413 1743 1626 1816; x_wconf 89' lang='grc' dir='ltr'>ὄχλους,</span> <span class='ocrx_word' id='word_1_123' title='bbox 1648 1742 1737 1798; x_wconf 79' lang='grc' dir='ltr'>ἵνα</span> <span class='ocrx_word' id='word_1_124' title='bbox 1758 1742 1925 1798; x_wconf 85' lang='grc' dir='ltr'>ἀπελ-</span> 
     </span>
    </p>
   </div>
   <div class='ocr_carea' id='block_1_20' title="bbox 346 1819 2004 1908">
    <p class='ocr_par' dir='ltr' id='par_1_20' title="bbox 346 1819 2004 1908">
     <span class='ocr_line' id='line_1_20' title="bbox 346 1819 2004 1908; baseline -0.005 -13"><span class='ocrx_word' id='word_1_125' title='bbox 346 1841 540 1903; x_wconf 67' lang='grc' dir='ltr'>θόντες</span> <span class='ocrx_word' id='word_1_126' title='bbox 566 1842 647 1903; x_wconf 87' lang='grc' dir='ltr'><strong>είς</strong></span> <span class='ocrx_word' id='word_1_127' title='bbox 672 1839 771 1902; x_wconf 84' lang='grc' dir='ltr'><strong>τάς</strong></span> <span class='ocrx_word' id='word_1_128' title='bbox 794 1835 1009 1908; x_wconf 80' lang='grc' dir='ltr'>κώμας,</span> <span class='ocrx_word' id='word_1_129' title='bbox 1035 1836 1380 1908; x_wconf 77' lang='grc' dir='ltr'>ἀγοράσωσιν</span> <span class='ocrx_word' id='word_1_130' title='bbox 1397 1836 1612 1899; x_wconf 80' lang='grc' dir='ltr'><strong>ἑαυτοῖς</strong></span> <span class='ocrx_word' id='word_1_131' title='bbox 1640 1833 1924 1907; x_wconf 85' lang='grc' dir='ltr'>βρώματα.</span> <span class='ocrx_word' id='word_1_132' title='bbox 1963 1819 2004 1875; x_wconf 73' lang='grc' dir='ltr'><strong>Β</strong></span> 
     </span>
    </p>
   </div>
   <div class='ocr_carea' id='block_1_21' title="bbox 363 1925 1929 2003">
    <p class='ocr_par' dir='ltr' id='par_1_21' title="bbox 363 1925 1929 2003">
     <span class='ocr_line' id='line_1_21' title="bbox 363 1925 1929 2003; baseline -0.004 -16"><span class='ocrx_word' id='word_1_133' title='bbox 363 1935 427 1987; x_wconf 88' lang='lat'><strong>&#39;0</strong></span> <span class='ocrx_word' id='word_1_134' title='bbox 478 1932 536 1985; x_wconf 85' lang='grc' dir='ltr'>δὲ</span> <span class='ocrx_word' id='word_1_135' title='bbox 596 1932 806 2003; x_wconf 80' lang='grc' dir='ltr'>Ἰησοῦς</span> <span class='ocrx_word' id='word_1_136' title='bbox 863 1925 1020 1984; x_wconf 77' lang='grc' dir='ltr'>εἷπεν</span> <span class='ocrx_word' id='word_1_137' title='bbox 1077 1930 1302 1993; x_wconf 82' lang='grc' dir='ltr'>αὐτοῖς·</span> <span class='ocrx_word' id='word_1_138' title='bbox 1347 1928 1423 1983; x_wconf 80' lang='grc' dir='ltr'><strong>Οὐ</strong></span> <span class='ocrx_word' id='word_1_139' title='bbox 1459 1928 1649 2001; x_wconf 78' lang='grc' dir='ltr'>χρείαν</span> <span class='ocrx_word' id='word_1_140' title='bbox 1711 1927 1929 1999; x_wconf 76' lang='grc' dir='ltr'>ἔχουσιν</span> 
     </span>
    </p>
   </div>
   <div class='ocr_carea' id='block_1_22' title="bbox 347 2022 1929 2096">
    <p class='ocr_par' dir='ltr' id='par_1_22' title="bbox 347 2022 1929 2096">
     <span class='ocr_line' id='line_1_22' title="bbox 347 2022 1929 2096; baseline -0.004 -15"><span class='ocrx_word' id='word_1_141' title='bbox 347 2026 611 2081; x_wconf 80' lang='grc' dir='ltr'><strong>ἀπελθεῖν</strong></span> <span class='ocrx_word' id='word_1_142' title='bbox 636 2040 651 2055; x_wconf 89' lang='grc'><strong>·</strong></span> <span class='ocrx_word' id='word_1_143' title='bbox 681 2024 801 2080; x_wconf 81' lang='grc' dir='ltr'>δότε</span> <span class='ocrx_word' id='word_1_144' title='bbox 840 2024 1025 2087; x_wconf 83' lang='grc' dir='ltr'>αὐτοῖς</span> <span class='ocrx_word' id='word_1_145' title='bbox 1055 2024 1211 2096; x_wconf 81' lang='grc' dir='ltr'>ὑμεῖς</span> <span class='ocrx_word' id='word_1_146' title='bbox 1242 2024 1459 2093; x_wconf 90' lang='grc' dir='ltr'>φαγεῖν.</span> <span class='ocrx_word' id='word_1_147' title='bbox 1499 2041 1519 2077; x_wconf 77' lang='grc' dir='ltr'><strong>ι</strong></span> <span class='ocrx_word' id='word_1_148' title='bbox 1551 2022 1929 2095; x_wconf 79' lang='grc' dir='ltr'>Φιλάνθρωποί</span> 
     </span>
    </p>
   </div>
   <div class='ocr_carea' id='block_1_23' title="bbox 346 2113 1931 2189">
    <p class='ocr_par' dir='ltr' id='par_1_23' title="bbox 346 2113 1931 2189">
     <span class='ocr_line' id='line_1_23' title="bbox 346 2113 1931 2189; baseline -0.003 -15"><span class='ocrx_word' id='word_1_149' title='bbox 346 2122 493 2175; x_wconf 69' lang='grc' dir='ltr'>εἰσιν</span> <span class='ocrx_word' id='word_1_150' title='bbox 522 2121 572 2173; x_wconf 86' lang='grc' dir='ltr'><strong>οί</strong></span> <span class='ocrx_word' id='word_1_151' title='bbox 623 2118 884 2189; x_wconf 69' lang='grc' dir='ltr'>μαθηταὶ,</span> <span class='ocrx_word' id='word_1_152' title='bbox 941 2117 1201 2186; x_wconf 81' lang='grc' dir='ltr'><strong>κήδονται</strong></span> <span class='ocrx_word' id='word_1_153' title='bbox 1252 2115 1359 2187; x_wconf 82' lang='grc' dir='ltr'>γὰρ</span> <span class='ocrx_word' id='word_1_154' title='bbox 1390 2115 1483 2170; x_wconf 82' lang='grc' dir='ltr'>τοῦ</span> <span class='ocrx_word' id='word_1_155' title='bbox 1514 2114 1695 2187; x_wconf 77' lang='grc' dir='ltr'>ὄχλου,</span> <span class='ocrx_word' id='word_1_156' title='bbox 1722 2115 1816 2170; x_wconf 69' lang='grc' dir='ltr'>καὶ</span> <span class='ocrx_word' id='word_1_157' title='bbox 1842 2113 1931 2169; x_wconf 69' lang='grc' dir='ltr'><strong>διὰ</strong></span> 
     </span>
    </p>
   </div>
   <div class='ocr_carea' id='block_1_24' title="bbox 348 2200 1932 2282">
    <p class='ocr_par' dir='ltr' id='par_1_24' title="bbox 348 2200 1932 2282">
     <span class='ocr_line' id='line_1_24' title="bbox 348 2200 1932 2282; baseline -0.003 -16"><span class='ocrx_word' id='word_1_158' title='bbox 348 2212 516 2266; x_wconf 77' lang='grc' dir='ltr'>τοῦτο</span> <span class='ocrx_word' id='word_1_159' title='bbox 545 2211 608 2264; x_wconf 84' lang='grc' dir='ltr'>οὐ</span> <span class='ocrx_word' id='word_1_160' title='bbox 666 2210 883 2265; x_wconf 75' lang='grc' dir='ltr'>θέλουσι</span> <span class='ocrx_word' id='word_1_161' title='bbox 935 2209 1152 2282; x_wconf 79' lang='grc' dir='ltr'>νήστεις</span> <span class='ocrx_word' id='word_1_162' title='bbox 1202 2207 1402 2272; x_wconf 77' lang='grc' dir='ltr'>αὐτοὺς</span> <span class='ocrx_word' id='word_1_163' title='bbox 1445 2202 1605 2262; x_wconf 75' lang='grc' dir='ltr'>εῖναι.</span> <span class='ocrx_word' id='word_1_164' title='bbox 1643 2205 1709 2260; x_wconf 91' lang='grc' dir='ltr'>Τί</span> <span class='ocrx_word' id='word_1_165' title='bbox 1756 2200 1850 2261; x_wconf 84' lang='grc' dir='ltr'>οὖν</span> <span class='ocrx_word' id='word_1_166' title='bbox 1902 2206 1932 2261; x_wconf 81' lang='grc' dir='ltr'><strong>ὁ</strong></span> 
     </span>
    </p>
   </div>
   <div class='ocr_carea' id='block_1_25' title="bbox 351 2294 1930 2370">
    <p class='ocr_par' dir='ltr' id='par_1_25' title="bbox 351 2294 1930 2370">
     <span class='ocr_line' id='line_1_25' title="bbox 351 2294 1930 2370; baseline -0.004 -14"><span class='ocrx_word' id='word_1_167' title='bbox 351 2301 588 2370; x_wconf 79' lang='grc' dir='ltr'>Σωτήρ;</span> <span class='ocrx_word' id='word_1_168' title='bbox 618 2300 772 2367; x_wconf 83' lang='grc' dir='ltr'>Δότε,</span> <span class='ocrx_word' id='word_1_169' title='bbox 800 2298 985 2369; x_wconf 77' lang='grc' dir='ltr'>φησὶν,</span> <span class='ocrx_word' id='word_1_170' title='bbox 1021 2297 1207 2361; x_wconf 76' lang='grc' dir='ltr'>αὐτοῖς</span> <span class='ocrx_word' id='word_1_171' title='bbox 1235 2296 1395 2368; x_wconf 82' lang='grc' dir='ltr'>ὑμεῖς</span> <span class='ocrx_word' id='word_1_172' title='bbox 1428 2298 1643 2368; x_wconf 79' lang='grc' dir='ltr'><strong>φαγεῖν.</strong></span> <span class='ocrx_word' id='word_1_173' title='bbox 1676 2294 1849 2349; x_wconf 77' lang='grc' dir='ltr'>Τοῦτο</span> <span class='ocrx_word' id='word_1_174' title='bbox 1871 2294 1930 2350; x_wconf 87' lang='grc' dir='ltr'><strong>δέ</strong></span> 
     </span>
    </p>
   </div>
   <div class='ocr_carea' id='block_1_26' title="bbox 355 2385 1933 2463">
    <p class='ocr_par' dir='ltr' id='par_1_26' title="bbox 355 2385 1933 2463">
     <span class='ocr_line' id='line_1_26' title="bbox 355 2385 1933 2463; baseline -0.004 -17"><span class='ocrx_word' id='word_1_175' title='bbox 355 2393 533 2461; x_wconf 82' lang='grc' dir='ltr'>λέγει,</span> <span class='ocrx_word' id='word_1_176' title='bbox 558 2393 657 2463; x_wconf 78' lang='grc' dir='ltr'>οὐχ</span> <span class='ocrx_word' id='word_1_177' title='bbox 686 2391 762 2456; x_wconf 81' lang='grc' dir='ltr'><strong>ὡς</strong></span> <span class='ocrx_word' id='word_1_178' title='bbox 792 2389 1004 2459; x_wconf 82' lang='grc' dir='ltr'>ἀγνοῶν</span> <span class='ocrx_word' id='word_1_179' title='bbox 1041 2390 1185 2462; x_wconf 35' lang='grc' dir='ltr'>ὅσηνκ</span> <span class='ocrx_word' id='word_1_180' title='bbox 1208 2389 1399 2444; x_wconf 85' lang='grc' dir='ltr'>πενίαν</span> <span class='ocrx_word' id='word_1_181' title='bbox 1439 2385 1586 2460; x_wconf 82' lang='grc' dir='ltr'>εἶχον</span> <span class='ocrx_word' id='word_1_182' title='bbox 1623 2390 1670 2442; x_wconf 89' lang='grc' dir='ltr'><strong>οί</strong></span> <span class='ocrx_word' id='word_1_183' title='bbox 1698 2387 1933 2441; x_wconf 87' lang='grc' dir='ltr'>ἀπόστο-</span> 
     </span>
    </p>
   </div>
   <div class='ocr_carea' id='block_1_27' title="bbox 354 2478 1933 2553">
    <p class='ocr_par' dir='ltr' id='par_1_27' title="bbox 354 2478 1933 2553">
     <span class='ocr_line' id='line_1_27' title="bbox 354 2478 1933 2553; baseline -0.004 -15"><span class='ocrx_word' id='word_1_184' title='bbox 354 2484 464 2549; x_wconf 85' lang='grc' dir='ltr'>λοι,</span> <span class='ocrx_word' id='word_1_185' title='bbox 489 2484 696 2553; x_wconf 82' lang='grc' dir='ltr'>ἀπαγε,</span> <span class='ocrx_word' id='word_1_186' title='bbox 730 2481 846 2541; x_wconf 84' lang='grc' dir='ltr'>ἀλλ’</span> <span class='ocrx_word' id='word_1_187' title='bbox 876 2482 965 2537; x_wconf 73' lang='grc' dir='ltr'>ἵνα</span> <span class='ocrx_word' id='word_1_188' title='bbox 994 2482 1256 2537; x_wconf 75' lang='grc' dir='ltr'>εἰπόντων</span> <span class='ocrx_word' id='word_1_189' title='bbox 1285 2480 1531 2546; x_wconf 79' lang='grc' dir='ltr'>ἐκείνων,</span> <span class='ocrx_word' id='word_1_190' title='bbox 1555 2480 1637 2535; x_wconf 81' lang='grc' dir='ltr'>ὅτι</span> <span class='ocrx_word' id='word_1_191' title='bbox 1676 2480 1792 2534; x_wconf 77' lang='grc' dir='ltr'><strong>Οὐκ</strong></span> <span class='ocrx_word' id='word_1_192' title='bbox 1817 2478 1933 2550; x_wconf 76' lang='grc' dir='ltr'>ἐχο-</span> 
     </span>
    </p>
   </div>
   <div class='ocr_carea' id='block_1_28' title="bbox 362 2571 1935 2650">
    <p class='ocr_par' dir='ltr' id='par_1_28' title="bbox 362 2571 1935 2650">
     <span class='ocr_line' id='line_1_28' title="bbox 362 2571 1935 2650; baseline -0.003 -20"><span class='ocrx_word' id='word_1_193' title='bbox 362 2594 487 2648; x_wconf 81' lang='grc' dir='ltr'>μεν,</span> <span class='ocrx_word' id='word_1_194' title='bbox 506 2576 638 2650; x_wconf 79' lang='grc' dir='ltr'>δόξῃ</span> <span class='ocrx_word' id='word_1_195' title='bbox 662 2575 722 2646; x_wconf 77' lang='grc' dir='ltr'>ἐξ</span> <span class='ocrx_word' id='word_1_196' title='bbox 754 2576 1001 2647; x_wconf 79' lang='grc' dir='ltr'><strong>ἀνάγκης</strong></span> <span class='ocrx_word' id='word_1_197' title='bbox 1054 2572 1232 2628; x_wconf 78' lang='grc' dir='ltr'>ἐλθεῖν</span> <span class='ocrx_word' id='word_1_198' title='bbox 1278 2572 1372 2627; x_wconf 60' lang='grc' dir='ltr'><strong>ἐπὶ¹</strong></span> <span class='ocrx_word' id='word_1_199' title='bbox 1404 2571 1465 2628; x_wconf 84' lang='grc' dir='ltr'>τὸ</span> <span class='ocrx_word' id='word_1_200' title='bbox 1505 2572 1935 2644; x_wconf 84' lang='grc' dir='ltr'>θαυματουργῆ-</span> 
     </span>
    </p>
   </div>
   <div class='ocr_carea' id='block_1_29' title="bbox 362 2665 1222 2736">
    <p class='ocr_par' dir='ltr' id='par_1_29' title="bbox 362 2665 1222 2736">
     <span class='ocr_line' id='line_1_29' title="bbox 362 2665 1222 2736; baseline -0.003 -12"><span class='ocrx_word' id='word_1_201' title='bbox 362 2686 477 2736; x_wconf 87' lang='grc' dir='ltr'>σαι,</span> <span class='ocrx_word' id='word_1_202' title='bbox 507 2670 601 2723; x_wconf 73' lang='grc' dir='ltr'>καὶ</span> <span class='ocrx_word' id='word_1_203' title='bbox 633 2669 694 2722; x_wconf 79' lang='grc' dir='ltr'>οὐ</span> <span class='ocrx_word' id='word_1_204' title='bbox 724 2666 867 2721; x_wconf 83' lang='grc' dir='ltr'><strong>κατά</strong></span> <span class='ocrx_word' id='word_1_205' title='bbox 892 2665 1222 2736; x_wconf 77' lang='grc' dir='ltr'>φιλοδοξίαν.</span> 
     </span>
    </p>
   </div>
   <div class='ocr_carea' id='block_1_30' title="bbox 442 2748 1937 2828">
    <p class='ocr_par' dir='ltr' id='par_1_30' title="bbox 442 2748 1937 2828">
     <span class='ocr_line' id='line_1_30' title="bbox 442 2748 1937 2828; baseline -0.003 -16"><span class='ocrx_word' id='word_1_206' title='bbox 442 2778 462 2812; x_wconf 82' lang='grc' dir='ltr'><strong>ι</strong></span> <span class='ocrx_word' id='word_1_207' title='bbox 493 2761 555 2813; x_wconf 84' lang='grc' dir='ltr'>υί</span> <span class='ocrx_word' id='word_1_208' title='bbox 584 2758 644 2812; x_wconf 90' lang='grc' dir='ltr'><strong>δέ</strong></span> <span class='ocrx_word' id='word_1_209' title='bbox 672 2758 923 2828; x_wconf 86' lang='grc' dir='ltr'>λέγουσιν</span> <span class='ocrx_word' id='word_1_210' title='bbox 955 2754 1131 2826; x_wconf 78' lang='grc' dir='ltr'>αὐτῷ’</span> <span class='ocrx_word' id='word_1_211' title='bbox 1197 2756 1311 2811; x_wconf 85' lang='grc' dir='ltr'><strong>Οὐκ</strong></span> <span class='ocrx_word' id='word_1_212' title='bbox 1370 2754 1566 2828; x_wconf 76' lang='grc' dir='ltr'>ἔχομεν</span> <span class='ocrx_word' id='word_1_213' title='bbox 1592 2748 1718 2822; x_wconf 84' lang='grc' dir='ltr'>ὧδε,</span> <span class='ocrx_word' id='word_1_214' title='bbox 1764 2754 1813 2809; x_wconf 82' lang='grc' dir='ltr'><strong>εί</strong></span> <span class='ocrx_word' id='word_1_215' title='bbox 1861 2753 1937 2824; x_wconf 82' lang='grc' dir='ltr'>μὴ</span> 
     </span>
    </p>
   </div>
   <div class='ocr_carea' id='block_1_31' title="bbox 365 2843 1939 2923">
    <p class='ocr_par' dir='ltr' id='par_1_31' title="bbox 365 2843 1939 2923">
     <span class='ocr_line' id='line_1_31' title="bbox 365 2843 1939 2923; baseline -0.006 -16"><span class='ocrx_word' id='word_1_216' title='bbox 365 2852 528 2907; x_wconf 78' lang='grc' dir='ltr'>πέντε</span> <span class='ocrx_word' id='word_1_217' title='bbox 555 2850 755 2923; x_wconf 78' lang='grc' dir='ltr'>ἄρτους</span> <span class='ocrx_word' id='word_1_218' title='bbox 786 2851 884 2904; x_wconf 72' lang='grc' dir='ltr'>καὶ</span> <span class='ocrx_word' id='word_1_219' title='bbox 930 2848 1026 2906; x_wconf 85' lang='grc' dir='ltr'>δύο</span> <span class='ocrx_word' id='word_1_220' title='bbox 1072 2848 1280 2920; x_wconf 79' lang='grc' dir='ltr'>ίχθύας.</span> <span class='ocrx_word' id='word_1_221' title='bbox 1325 2848 1383 2903; x_wconf 91' lang='lat'><strong>&#39;0</strong></span> <span class='ocrx_word' id='word_1_222' title='bbox 1415 2848 1473 2902; x_wconf 78' lang='grc' dir='ltr'>δὲ</span> <span class='ocrx_word' id='word_1_223' title='bbox 1518 2843 1673 2902; x_wconf 65' lang='lat' dir='ltr'><strong>sine“</strong></span> <span class='ocrx_word' id='word_1_224' title='bbox 1736 2844 1939 2917; x_wconf 79' lang='grc' dir='ltr'>Φέρετέ</span> 
     </span>
    </p>
   </div>
   <div class='ocr_carea' id='block_1_32' title="bbox 370 2939 1940 3015">
    <p class='ocr_par' dir='ltr' id='par_1_32' title="bbox 370 2939 1940 3015">
     <span class='ocr_line' id='line_1_32' title="bbox 370 2939 1940 3015; baseline -0.005 -16"><span class='ocrx_word' id='word_1_225' title='bbox 370 2962 460 3015; x_wconf 87' lang='grc' dir='ltr'><strong>μοι</strong></span> <span class='ocrx_word' id='word_1_226' title='bbox 482 2944 685 3007; x_wconf 72' lang='grc' dir='ltr'>αὐτοὺς</span> <span class='ocrx_word' id='word_1_227' title='bbox 704 2939 828 2999; x_wconf 81' lang='grc' dir='ltr'>ὧδε.</span> <span class='ocrx_word' id='word_1_228' title='bbox 858 2942 971 2997; x_wconf 81' lang='grc' dir='ltr'><strong>Καὶ</strong></span> <span class='ocrx_word' id='word_1_229' title='bbox 1015 2942 1282 3005; x_wconf 85' lang='grc' dir='ltr'>κελεύσας</span> <span class='ocrx_word' id='word_1_230' title='bbox 1327 2941 1454 3005; x_wconf 78' lang='grc' dir='ltr'>τοὺς</span> <span class='ocrx_word' id='word_1_231' title='bbox 1488 2940 1681 3013; x_wconf 90' lang='grc' dir='ltr'>ὄχλους</span> <span class='ocrx_word' id='word_1_232' title='bbox 1713 2939 1940 2997; x_wconf 67' lang='grc' dir='ltr'>ἀνακλισ</span> 
     </span>
    </p>
   </div>
   <div class='ocr_carea' id='block_1_33' title="bbox 367 3034 1941 3108">
    <p class='ocr_par' dir='ltr' id='par_1_33' title="bbox 367 3034 1941 3108">
     <span class='ocr_line' id='line_1_33' title="bbox 367 3034 1941 3108; baseline -0.003 -16"><span class='ocrx_word' id='word_1_233' title='bbox 367 3038 528 3108; x_wconf 78' lang='grc' dir='ltr'>θῆναι</span> <span class='ocrx_word' id='word_1_234' title='bbox 559 3038 656 3091; x_wconf 74' lang='grc' dir='ltr'>ἐπὶ</span> <span class='ocrx_word' id='word_1_235' title='bbox 681 3037 808 3102; x_wconf 78' lang='grc' dir='ltr'>τοὺς</span> <span class='ocrx_word' id='word_1_236' title='bbox 848 3035 1098 3107; x_wconf 87' lang='grc' dir='ltr'>χόρτους,</span> <span class='ocrx_word' id='word_1_237' title='bbox 1136 3034 1321 3091; x_wconf 75' lang='grc' dir='ltr'>λαϐὼν</span> <span class='ocrx_word' id='word_1_238' title='bbox 1373 3036 1500 3100; x_wconf 76' lang='grc' dir='ltr'>τοὺς</span> <span class='ocrx_word' id='word_1_239' title='bbox 1548 3034 1711 3089; x_wconf 82' lang='grc' dir='ltr'>πέντε</span> <span class='ocrx_word' id='word_1_240' title='bbox 1742 3034 1941 3106; x_wconf 78' lang='grc' dir='ltr'>ἄρτους</span> 
     </span>
    </p>
   </div>
   <div class='ocr_carea' id='block_1_34' title="bbox 368 3126 1940 3200">
    <p class='ocr_par' dir='ltr' id='par_1_34' title="bbox 368 3126 1940 3200">
     <span class='ocr_line' id='line_1_34' title="bbox 368 3126 1940 3200; baseline -0.003 -15"><span class='ocrx_word' id='word_1_241' title='bbox 368 3128 465 3185; x_wconf 70' lang='grc' dir='ltr'>καὶ</span> <span class='ocrx_word' id='word_1_242' title='bbox 491 3130 619 3193; x_wconf 73' lang='grc' dir='ltr'>τοὺς</span> <span class='ocrx_word' id='word_1_243' title='bbox 646 3129 741 3183; x_wconf 88' lang='grc' dir='ltr'>δύο</span> <span class='ocrx_word' id='word_1_244' title='bbox 770 3127 983 3200; x_wconf 82' lang='grc' dir='ltr'>ίχθύας,</span> <span class='ocrx_word' id='word_1_245' title='bbox 1012 3126 1323 3198; x_wconf 75' lang='grc' dir='ltr'>ἀναϐλέψας</span> <span class='ocrx_word' id='word_1_246' title='bbox 1353 3129 1433 3192; x_wconf 88' lang='grc' dir='ltr'><strong>είς</strong></span> <span class='ocrx_word' id='word_1_247' title='bbox 1455 3128 1546 3183; x_wconf 82' lang='grc' dir='ltr'>τὸν</span> <span class='ocrx_word' id='word_1_248' title='bbox 1588 3126 1817 3200; x_wconf 75' lang='grc' dir='ltr'>οὐρανὸν</span> <span class='ocrx_word' id='word_1_249' title='bbox 1848 3126 1940 3182; x_wconf 74' lang='grc' dir='ltr'><strong>εὖ·</strong></span> 
     </span>
    </p>
   </div>
   <div class='ocr_carea' id='block_1_35' title="bbox 367 3212 1944 3293">
    <p class='ocr_par' dir='ltr' id='par_1_35' title="bbox 367 3212 1944 3293">
     <span class='ocr_line' id='line_1_35' title="bbox 367 3212 1944 3293; baseline -0.002 -18"><span class='ocrx_word' id='word_1_250' title='bbox 367 3220 588 3293; x_wconf 87' lang='grc' dir='ltr'>λόγησε.</span> <span class='ocrx_word' id='word_1_251' title='bbox 636 3240 656 3273; x_wconf 79' lang='grc' dir='ltr'><strong>ι</strong></span> <span class='ocrx_word' id='word_1_252' title='bbox 692 3219 893 3291; x_wconf 76' lang='grc' dir='ltr'>Φέρετέ</span> <span class='ocrx_word' id='word_1_253' title='bbox 922 3237 1011 3291; x_wconf 88' lang='grc' dir='ltr'><strong>μοι</strong></span> <span class='ocrx_word' id='word_1_254' title='bbox 1039 3222 1163 3284; x_wconf 82' lang='grc' dir='ltr'>τοὺς</span> <span class='ocrx_word' id='word_1_255' title='bbox 1200 3221 1398 3292; x_wconf 81' lang='grc' dir='ltr'>ἄρτους</span> <span class='ocrx_word' id='word_1_256' title='bbox 1426 3212 1527 3274; x_wconf 83' lang='grc' dir='ltr'><strong>ὧδε</strong></span> <span class='ocrx_word' id='word_1_257' title='bbox 1548 3237 1561 3250; x_wconf 68' lang='grc' dir='ltr'>ν</span> <span class='ocrx_word' id='word_1_258' title='bbox 1620 3221 1668 3273; x_wconf 89' lang='grc' dir='ltr'><strong>εί</strong></span> <span class='ocrx_word' id='word_1_259' title='bbox 1697 3218 1809 3290; x_wconf 83' lang='grc' dir='ltr'><strong>γὰρ</strong></span> <span class='ocrx_word' id='word_1_260' title='bbox 1850 3220 1944 3273; x_wconf 74' lang='grc' dir='ltr'><strong>καὶ</strong></span> 
     </span>
    </p>
   </div>
   <div class='ocr_carea' id='block_1_36' title="bbox 369 3311 1943 3384">
    <p class='ocr_par' dir='ltr' id='par_1_36' title="bbox 369 3311 1943 3384">
     <span class='ocr_line' id='line_1_36' title="bbox 369 3311 1943 3384; baseline 0.001 -19"><span class='ocrx_word' id='word_1_261' title='bbox 369 3313 498 3384; x_wconf 76' lang='grc' dir='ltr'>ὀψία</span> <span class='ocrx_word' id='word_1_262' title='bbox 518 3314 692 3382; x_wconf 78' lang='grc' dir='ltr'>ἐστὶν,</span> <span class='ocrx_word' id='word_1_263' title='bbox 733 3313 851 3368; x_wconf 86' lang='grc' dir='ltr'>ἀλλ’</span> <span class='ocrx_word' id='word_1_264' title='bbox 886 3312 1044 3367; x_wconf 82' lang='grc' dir='ltr'>ὁτῶν</span> <span class='ocrx_word' id='word_1_265' title='bbox 1099 3312 1262 3383; x_wconf 83' lang='grc' dir='ltr'>ὡρῶν</span> <span class='ocrx_word' id='word_1_266' title='bbox 1289 3311 1530 3383; x_wconf 84' lang='grc' dir='ltr'>Ποιητὴς</span> <span class='ocrx_word' id='word_1_267' title='bbox 1570 3312 1841 3384; x_wconf 77' lang='grc' dir='ltr'>πάρειμιο</span> <span class='ocrx_word' id='word_1_268' title='bbox 1893 3314 1943 3366; x_wconf 86' lang='grc' dir='ltr'>εἰ</span> 
     </span>
    </p>
   </div>
   <div class='ocr_carea' id='block_1_37' title="bbox 370 3404 1947 3479">
    <p class='ocr_par' dir='ltr' id='par_1_37' title="bbox 370 3404 1947 3479">
     <span class='ocr_line' id='line_1_37' title="bbox 370 3404 1947 3479; baseline -0.003 -18"><span class='ocrx_word' id='word_1_269' title='bbox 370 3406 578 3479; x_wconf 71' lang='grc' dir='ltr'>ἕρημος</span> <span class='ocrx_word' id='word_1_270' title='bbox 608 3409 638 3460; x_wconf 83' lang='grc' dir='ltr'>ὁ</span> <span class='ocrx_word' id='word_1_271' title='bbox 684 3406 872 3472; x_wconf 84' lang='grc' dir='ltr'>τόπος,</span> <span class='ocrx_word' id='word_1_272' title='bbox 904 3404 1020 3461; x_wconf 84' lang='grc' dir='ltr'>ἀλλ’</span> <span class='ocrx_word' id='word_1_273' title='bbox 1042 3405 1071 3457; x_wconf 86' lang='grc' dir='ltr'><strong>δ</strong></span> <span class='ocrx_word' id='word_1_274' title='bbox 1120 3404 1296 3469; x_wconf 80' lang='grc' dir='ltr'>διδοὺς</span> <span class='ocrx_word' id='word_1_275' title='bbox 1325 3404 1535 3475; x_wconf 85' lang='grc' dir='ltr'>τροφὴν</span> <span class='ocrx_word' id='word_1_276' title='bbox 1589 3404 1741 3477; x_wconf 78' lang='grc' dir='ltr'>πάσῃ</span> <span class='ocrx_word' id='word_1_277' title='bbox 1781 3404 1947 3474; x_wconf 74' lang='grc' dir='ltr'>σαρκὶ</span> 
     </span>
    </p>
   </div>
   <div class='ocr_carea' id='block_1_38' title="bbox 370 3491 1945 3567">
    <p class='ocr_par' dir='ltr' id='par_1_38' title="bbox 370 3491 1945 3567">
     <span class='ocr_line' id='line_1_38' title="bbox 370 3491 1945 3567; baseline -0.005 -15"><span class='ocrx_word' id='word_1_278' title='bbox 370 3494 481 3566; x_wconf 82' lang='grc' dir='ltr'><strong>ἐγώ</strong></span> <span class='ocrx_word' id='word_1_279' title='bbox 507 3497 649 3567; x_wconf 80' lang='grc' dir='ltr'>ειμι.</span> <span class='ocrx_word' id='word_1_280' title='bbox 696 3495 1057 3565; x_wconf 54' lang='grc' dir='ltr'>Μανθάνολμεν</span> <span class='ocrx_word' id='word_1_281' title='bbox 1103 3493 1162 3549; x_wconf 80' lang='grc' dir='ltr'><strong>δέ</strong></span> <span class='ocrx_word' id='word_1_282' title='bbox 1201 3491 1453 3549; x_wconf 81' lang='grc' dir='ltr'>ἐντεῦθεν</span> <span class='ocrx_word' id='word_1_283' title='bbox 1499 3493 1582 3547; x_wconf 85' lang='grc' dir='ltr'>ὅτι</span> <span class='ocrx_word' id='word_1_284' title='bbox 1637 3491 1740 3548; x_wconf 82' lang='grc' dir='ltr'>κᾶν</span> <span class='ocrx_word' id='word_1_285' title='bbox 1787 3491 1945 3562; x_wconf 84' lang='grc' dir='ltr'>ὀλίγα</span> 
     </span>
    </p>
   </div>
   <div class='ocr_carea' id='block_1_39' title="bbox 372 3583 1941 3663">
    <p class='ocr_par' dir='ltr' id='par_1_39' title="bbox 372 3583 1941 3663">
     <span class='ocr_line' id='line_1_39' title="bbox 372 3583 1941 3663; baseline -0.004 -19"><span class='ocrx_word' id='word_1_286' title='bbox 372 3590 609 3660; x_wconf 75' lang='grc' dir='ltr'>εχωμεν,</span> <span class='ocrx_word' id='word_1_287' title='bbox 665 3587 747 3644; x_wconf 89' lang='grc' dir='ltr'><strong>δεῖ</strong></span> <span class='ocrx_word' id='word_1_288' title='bbox 775 3586 947 3663; x_wconf 74' lang='grc' dir='ltr'>ταῦτα</span> <span class='ocrx_word' id='word_1_289' title='bbox 977 3587 1057 3650; x_wconf 82' lang='grc' dir='ltr'><strong>εἰς</strong></span> <span class='ocrx_word' id='word_1_290' title='bbox 1109 3586 1208 3656; x_wconf 84' lang='grc' dir='ltr'>τὴν</span> <span class='ocrx_word' id='word_1_291' title='bbox 1251 3584 1558 3656; x_wconf 77' lang='grc' dir='ltr'>φιλοξενίαν</span> <span class='ocrx_word' id='word_1_292' title='bbox 1605 3583 1941 3648; x_wconf 83' lang='grc' dir='ltr'>ἀναλίσκειν,</span> 
     </span>
    </p>
   </div>
   <div class='ocr_carea' id='block_1_40' title="bbox 371 3678 1947 3753">
    <p class='ocr_par' dir='ltr' id='par_1_40' title="bbox 371 3678 1947 3753">
     <span class='ocr_line' id='line_1_40' title="bbox 371 3678 1947 3753; baseline -0.003 -17"><span class='ocrx_word' id='word_1_293' title='bbox 371 3683 471 3736; x_wconf 78' lang='grc' dir='ltr'>καὶ</span> <span class='ocrx_word' id='word_1_294' title='bbox 494 3684 605 3753; x_wconf 74' lang='grc' dir='ltr'><strong>γὰρ</strong></span> <span class='ocrx_word' id='word_1_295' title='bbox 649 3681 700 3734; x_wconf 79' lang='lat' dir='ltr'><strong>oi</strong></span> <span class='ocrx_word' id='word_1_296' title='bbox 755 3680 1044 3738; x_wconf 79' lang='grc' dir='ltr'>ἀπόστολοι</span> <span class='ocrx_word' id='word_1_297' title='bbox 1083 3679 1240 3748; x_wconf 86' lang='grc' dir='ltr'>ὀλίγα</span> <span class='ocrx_word' id='word_1_298' title='bbox 1268 3679 1487 3751; x_wconf 79' lang='grc' dir='ltr'>ἔχοντες</span> <span class='ocrx_word' id='word_1_299' title='bbox 1537 3678 1802 3734; x_wconf 85' lang='grc' dir='ltr'>δεδώκασι</span> <span class='ocrx_word' id='word_1_300' title='bbox 1835 3680 1947 3742; x_wconf 83' lang='grc' dir='ltr'>τοῖς</span> 
     </span>
    </p>
   </div>
   <div class='ocr_carea' id='block_1_41' title="bbox 373 3769 1946 3845">
    <p class='ocr_par' dir='ltr' id='par_1_41' title="bbox 373 3769 1946 3845">
     <span class='ocr_line' id='line_1_41' title="bbox 373 3769 1946 3845; baseline -0.001 -20"><span class='ocrx_word' id='word_1_301' title='bbox 373 3774 575 3845; x_wconf 81' lang='grc' dir='ltr'>ὄχλοις.</span> <span class='ocrx_word' id='word_1_302' title='bbox 619 3771 760 3826; x_wconf 78' lang='grc' dir='ltr'>Ἀλλ’</span> <span class='ocrx_word' id='word_1_303' title='bbox 794 3770 985 3842; x_wconf 81' lang='grc' dir='ltr'>ὥσπερ</span> <span class='ocrx_word' id='word_1_304' title='bbox 1037 3771 1107 3826; x_wconf 88' lang='grc' dir='ltr'>τὰ</span> <span class='ocrx_word' id='word_1_305' title='bbox 1156 3770 1314 3840; x_wconf 83' lang='grc' dir='ltr'>ὀλίγα</span> <span class='ocrx_word' id='word_1_306' title='bbox 1372 3770 1545 3825; x_wconf 82' lang='grc' dir='ltr'>ταῦτα</span> <span class='ocrx_word' id='word_1_307' title='bbox 1591 3769 1946 3838; x_wconf 85' lang='grc' dir='ltr'>ἐπλεόνασαν,</span> 
     </span>
    </p>
   </div>
   <div class='ocr_carea' id='block_1_42' title="bbox 375 3859 1946 3934">
    <p class='ocr_par' dir='ltr' id='par_1_42' title="bbox 375 3859 1946 3934">
     <span class='ocr_line' id='line_1_42' title="bbox 375 3859 1946 3934; baseline -0.006 -13"><span class='ocrx_word' id='word_1_308' title='bbox 375 3866 522 3921; x_wconf 76' lang='grc' dir='ltr'>οὕτω</span> <span class='ocrx_word' id='word_1_309' title='bbox 544 3866 641 3920; x_wconf 74' lang='grc' dir='ltr'>καὶ</span> <span class='ocrx_word' id='word_1_310' title='bbox 670 3864 739 3919; x_wconf 76' lang='grc' dir='ltr'><strong>τὰ</strong></span> <span class='ocrx_word' id='word_1_311' title='bbox 794 3863 862 3919; x_wconf 83' lang='grc' dir='ltr'><strong>σά</strong></span> <span class='ocrx_word' id='word_1_312' title='bbox 894 3863 1052 3932; x_wconf 81' lang='grc' dir='ltr'>ὀλίγα</span> <span class='ocrx_word' id='word_1_313' title='bbox 1095 3861 1586 3934; x_wconf 85' lang='grc' dir='ltr'>πληθυνθήσονται.</span> <span class='ocrx_word' id='word_1_314' title='bbox 1646 3859 1946 3914; x_wconf 81' lang='grc' dir='ltr'>’Δνακλίνει</span> 
     </span>
    </p>
   </div>
   <div class='ocr_carea' id='block_1_43' title="bbox 375 3953 1952 4027">
    <p class='ocr_par' dir='ltr' id='par_1_43' title="bbox 375 3953 1952 4027">
     <span class='ocr_line' id='line_1_43' title="bbox 375 3953 1952 4027; baseline -0.003 -14"><span class='ocrx_word' id='word_1_315' title='bbox 375 3960 436 4013; x_wconf 82' lang='grc' dir='ltr'>δὲ</span> <span class='ocrx_word' id='word_1_316' title='bbox 456 3959 583 4022; x_wconf 78' lang='grc' dir='ltr'>τοὺς</span> <span class='ocrx_word' id='word_1_317' title='bbox 612 3957 803 4027; x_wconf 87' lang='grc' dir='ltr'>ὄχλους</span> <span class='ocrx_word' id='word_1_318' title='bbox 827 3957 919 4009; x_wconf 72' lang='grc' dir='ltr'>ἐπὶ</span> <span class='ocrx_word' id='word_1_319' title='bbox 941 3957 1068 4020; x_wconf 82' lang='grc' dir='ltr'>τοὺς</span> <span class='ocrx_word' id='word_1_320' title='bbox 1105 3955 1358 4027; x_wconf 87' lang='grc' dir='ltr'>χόρτους,</span> <span class='ocrx_word' id='word_1_321' title='bbox 1403 3953 1673 4013; x_wconf 83' lang='grc' dir='ltr'>διδάσκων</span> <span class='ocrx_word' id='word_1_322' title='bbox 1711 3954 1812 4025; x_wconf 81' lang='grc' dir='ltr'>τὴν</span> <span class='ocrx_word' id='word_1_323' title='bbox 1860 3955 1952 4008; x_wconf 82' lang='grc' dir='ltr'><strong>εὐ-</strong></span> 
     </span>
    </p>
   </div>
   <div class='ocr_carea' id='block_1_44' title="bbox 375 4043 1951 4119">
    <p class='ocr_par' dir='ltr' id='par_1_44' title="bbox 375 4043 1951 4119">
     <span class='ocr_line' id='line_1_44' title="bbox 375 4043 1951 4119; baseline -0.007 -12"><span class='ocrx_word' id='word_1_324' title='bbox 375 4052 615 4115; x_wconf 83' lang='grc' dir='ltr'>τέλειαν,</span> <span class='ocrx_word' id='word_1_325' title='bbox 647 4050 735 4103; x_wconf 80' lang='grc' dir='ltr'><strong>ἴνα</strong></span> <span class='ocrx_word' id='word_1_326' title='bbox 766 4048 864 4102; x_wconf 70' lang='grc' dir='ltr'>καὶ</span> <span class='ocrx_word' id='word_1_327' title='bbox 905 4047 971 4101; x_wconf 81' lang='grc' dir='ltr'>σὺ</span> <span class='ocrx_word' id='word_1_328' title='bbox 1006 4047 1081 4119; x_wconf 80' lang='grc' dir='ltr'>μὴ</span> <span class='ocrx_word' id='word_1_329' title='bbox 1125 4047 1219 4101; x_wconf 69' lang='grc' dir='ltr'>ἐπὶ</span> <span class='ocrx_word' id='word_1_330' title='bbox 1250 4044 1454 4100; x_wconf 83' lang='grc' dir='ltr'>κλινῶν</span> <span class='ocrx_word' id='word_1_331' title='bbox 1500 4043 1809 4100; x_wconf 83' lang='grc' dir='ltr'>πολυτελῶν</span> <span class='ocrx_word' id='word_1_332' title='bbox 1854 4043 1951 4098; x_wconf 68' lang='grc' dir='ltr'><strong>καὶΙ</strong></span> 
     </span>
    </p>
   </div>
   <div class='ocr_carea' id='block_1_45' title="bbox 377 4119 1951 4215">
    <p class='ocr_par' dir='ltr' id='par_1_45' title="bbox 377 4119 1951 4215">
     <span class='ocr_line' id='line_1_45' title="bbox 377 4119 1951 4215; baseline -0.005 -17"><span class='ocrx_word' id='word_1_333' title='bbox 377 4143 719 4215; x_wconf 74' lang='grc' dir='ltr'>στρωμάτων</span> <span class='ocrx_word' id='word_1_334' title='bbox 746 4119 1027 4213; x_wconf 74' lang='grc' dir='ltr'>ἀνακᾶύῃ.</span> <span class='ocrx_word' id='word_1_335' title='bbox 1070 4138 1395 4194; x_wconf 79' lang='grc' dir='ltr'>Ἀναϐλέπει</span> <span class='ocrx_word' id='word_1_336' title='bbox 1447 4138 1504 4192; x_wconf 81' lang='grc' dir='ltr'><strong>δέ</strong></span> <span class='ocrx_word' id='word_1_337' title='bbox 1537 4139 1617 4203; x_wconf 84' lang='grc' dir='ltr'><strong>είς</strong></span> <span class='ocrx_word' id='word_1_338' title='bbox 1652 4136 1743 4193; x_wconf 87' lang='grc' dir='ltr'><strong>τδν</strong></span> <span class='ocrx_word' id='word_1_339' title='bbox 1782 4136 1951 4208; x_wconf 84' lang='grc' dir='ltr'>οὐρα-</span> 
     </span>
    </p>
   </div>
   <div class='ocr_carea' id='block_1_46' title="bbox 375 4227 1953 4302">
    <p class='ocr_par' dir='ltr' id='par_1_46' title="bbox 375 4227 1953 4302">
     <span class='ocr_line' id='line_1_46' title="bbox 375 4227 1953 4302; baseline -0.005 -13"><span class='ocrx_word' id='word_1_340' title='bbox 375 4234 468 4289; x_wconf 70' lang='grc' dir='ltr'><strong>νον</strong></span> <span class='ocrx_word' id='word_1_341' title='bbox 515 4234 613 4287; x_wconf 65' lang='grc' dir='ltr'>καὶ</span> <span class='ocrx_word' id='word_1_342' title='bbox 661 4232 875 4302; x_wconf 86' lang='grc' dir='ltr'>εὐλογεῖ</span> <span class='ocrx_word' id='word_1_343' title='bbox 916 4232 1046 4296; x_wconf 76' lang='grc' dir='ltr'>τοὺς</span> <span class='ocrx_word' id='word_1_344' title='bbox 1105 4230 1328 4302; x_wconf 78' lang='grc' dir='ltr'>ἄρτους,</span> <span class='ocrx_word' id='word_1_345' title='bbox 1360 4230 1501 4301; x_wconf 83' lang='grc' dir='ltr'>τάχα</span> <span class='ocrx_word' id='word_1_346' title='bbox 1558 4228 1680 4301; x_wconf 74' lang='grc' dir='ltr'>μὲν,</span> <span class='ocrx_word' id='word_1_347' title='bbox 1727 4227 1823 4284; x_wconf 72' lang='grc' dir='ltr'>καὶ</span> <span class='ocrx_word' id='word_1_348' title='bbox 1866 4229 1953 4282; x_wconf 83' lang='grc' dir='ltr'>ἵνα</span> 
     </span>
    </p>
   </div>
   <div class='ocr_carea' id='block_1_47' title="bbox 377 4318 1955 4398">
    <p class='ocr_par' dir='ltr' id='par_1_47' title="bbox 377 4318 1955 4398">
     <span class='ocr_line' id='line_1_47' title="bbox 377 4318 1955 4398; baseline -0.006 -17"><span class='ocrx_word' id='word_1_349' title='bbox 377 4326 725 4398; x_wconf 83' lang='grc' dir='ltr'>πιστώσηται</span> <span class='ocrx_word' id='word_1_350' title='bbox 758 4326 833 4389; x_wconf 84' lang='grc' dir='ltr'>ὡς</span> <span class='ocrx_word' id='word_1_351' title='bbox 866 4324 966 4378; x_wconf 85' lang='grc' dir='ltr'>οὐκ</span> <span class='ocrx_word' id='word_1_352' title='bbox 996 4322 1242 4385; x_wconf 81' lang='grc' dir='ltr'>ἀντίθεός</span> <span class='ocrx_word' id='word_1_353' title='bbox 1264 4323 1436 4385; x_wconf 86' lang='grc' dir='ltr'>ἐστιν,</span> <span class='ocrx_word' id='word_1_354' title='bbox 1472 4319 1588 4374; x_wconf 87' lang='grc' dir='ltr'>ἀλλ’</span> <span class='ocrx_word' id='word_1_355' title='bbox 1612 4322 1678 4374; x_wconf 84' lang='grc' dir='ltr'>ὲκ</span> <span class='ocrx_word' id='word_1_356' title='bbox 1708 4319 1805 4374; x_wconf 80' lang='grc' dir='ltr'>τοῦ</span> <span class='ocrx_word' id='word_1_357' title='bbox 1838 4318 1955 4373; x_wconf 87' lang='grc' dir='ltr'><strong>Πα-</strong></span> 
     </span>
    </p>
   </div>
   <div class='ocr_carea' id='block_1_48' title="bbox 2021 553 3593 623">
    <p class='ocr_par' dir='ltr' id='par_1_48' title="bbox 2021 553 3593 623">
     <span class='ocr_line' id='line_1_48' title="bbox 2021 553 3593 623; baseline -0.005 -6"><span class='ocrx_word' id='word_1_358' title='bbox 2021 558 2120 617; x_wconf 90' lang='lat' dir='ltr'><strong>dit.</strong></span> <span class='ocrx_word' id='word_1_359' title='bbox 2151 558 2211 614; x_wconf 85' lang='lat' dir='ltr'><strong>In</strong></span> <span class='ocrx_word' id='word_1_360' title='bbox 2240 558 2513 616; x_wconf 88' lang='lat' dir='ltr'><strong>desertum</strong></span> <span class='ocrx_word' id='word_1_361' title='bbox 2550 567 2731 614; x_wconf 86' lang='lat' dir='ltr'><strong>autem</strong></span> <span class='ocrx_word' id='word_1_362' title='bbox 2764 555 2940 612; x_wconf 90' lang='lat' dir='ltr'><strong>locum</strong></span> <span class='ocrx_word' id='word_1_363' title='bbox 2970 570 3237 623; x_wconf 86' lang='lat' dir='ltr'><strong>seorsum,</strong></span> <span class='ocrx_word' id='word_1_364' title='bbox 3265 564 3326 610; x_wconf 89' lang='lat' dir='ltr'><strong>ut</strong></span> <span class='ocrx_word' id='word_1_365' title='bbox 3359 553 3593 610; x_wconf 76' lang='lat' dir='ltr'><strong>miracu~</strong></span> 
     </span>
    </p>
   </div>
   <div class='ocr_carea' id='block_1_49' title="bbox 2019 647 3010 722">
    <p class='ocr_par' dir='ltr' id='par_1_49' title="bbox 2019 647 3010 722">
     <span class='ocr_line' id='line_1_49' title="bbox 2019 647 3010 722; baseline -0.004 -19"><span class='ocrx_word' id='word_1_366' title='bbox 2019 647 2130 707; x_wconf 89' lang='lat' dir='ltr'><strong>lum</strong></span> <span class='ocrx_word' id='word_1_367' title='bbox 2161 648 2293 706; x_wconf 89' lang='lat' dir='ltr'><strong>illud</strong></span> <span class='ocrx_word' id='word_1_368' title='bbox 2316 648 2387 707; x_wconf 88' lang='lat' dir='ltr'><strong>de</strong></span> <span class='ocrx_word' id='word_1_369' title='bbox 2412 648 2640 722; x_wconf 87' lang='lat' dir='ltr'><strong>panibus</strong></span> <span class='ocrx_word' id='word_1_370' title='bbox 2669 653 3010 718; x_wconf 82' lang='lat' dir='ltr'><strong>cperaretur.</strong></span> 
     </span>
    </p>
   </div>
   <div class='ocr_carea' id='block_1_50' title="bbox 2095 828 3593 899">
    <p class='ocr_par' dir='ltr' id='par_1_50' title="bbox 2095 828 3593 899">
     <span class='ocr_line' id='line_1_50' title="bbox 2095 828 3593 899; baseline 0.001 -14"><span class='ocrx_word' id='word_1_371' title='bbox 2095 832 2261 896; x_wconf 77' lang='lat' dir='ltr'><strong>Vsus,</strong></span> <span class='ocrx_word' id='word_1_372' title='bbox 2290 833 2377 899; x_wconf 79' lang='lat' dir='ltr'><strong>l5,</strong></span> <span class='ocrx_word' id='word_1_373' title='bbox 2411 832 2499 886; x_wconf 70' lang='grc' dir='ltr'>Η.</span> <span class='ocrx_word' id='word_1_374' title='bbox 2543 849 2562 884; x_wconf 76' lang='grc' dir='ltr'><strong>ι</strong></span> <span class='ocrx_word' id='word_1_375' title='bbox 2602 829 2817 887; x_wconf 84' lang='lat' dir='ltr'><strong>Etcum</strong></span> <span class='ocrx_word' id='word_1_376' title='bbox 2848 830 3128 886; x_wconf 78' lang='lat' dir='ltr'><strong>audissem</strong></span> <span class='ocrx_word' id='word_1_377' title='bbox 3156 828 3362 894; x_wconf 68' lang='lat' dir='ltr'><strong>turbat,</strong></span> <span class='ocrx_word' id='word_1_378' title='bbox 3396 836 3593 887; x_wconf 64' lang='lat' dir='ltr'><strong>secutae</strong></span> 
     </span>
    </p>
   </div>
   <div class='ocr_carea' id='block_1_51' title="bbox 2023 919 3593 994">
    <p class='ocr_par' dir='ltr' id='par_1_51' title="bbox 2023 919 3593 994">
     <span class='ocr_line' id='line_1_51' title="bbox 2023 919 3593 994; baseline -0.004 -14"><span class='ocrx_word' id='word_1_379' title='bbox 2023 932 2150 980; x_wconf 83' lang='lat' dir='ltr'><strong>sunt</strong></span> <span class='ocrx_word' id='word_1_380' title='bbox 2170 939 2293 980; x_wconf 87' lang='lat' dir='ltr'><strong>eum</strong></span> <span class='ocrx_word' id='word_1_381' title='bbox 2323 924 2523 981; x_wconf 90' lang='lat' dir='ltr'><strong>itinere</strong></span> <span class='ocrx_word' id='word_1_382' title='bbox 2553 922 2790 994; x_wconf 74' lang='lat' dir='ltr'><strong>pedestri</strong></span> <span class='ocrx_word' id='word_1_383' title='bbox 2822 920 3023 977; x_wconf 76' lang='lat' dir='ltr'><strong>relictis</strong></span> <span class='ocrx_word' id='word_1_384' title='bbox 3049 919 3296 975; x_wconf 84' lang='lat' dir='ltr'><strong>urbibus.</strong></span> <span class='ocrx_word' id='word_1_385' title='bbox 3329 919 3395 974; x_wconf 83' lang='lat' dir='ltr'><strong>Et</strong></span> <span class='ocrx_word' id='word_1_386' title='bbox 3413 933 3593 991; x_wconf 80' lang='lat' dir='ltr'><strong>egres-</strong></span> 
     </span>
    </p>
   </div>
   <div class='ocr_carea' id='block_1_52' title="bbox 2023 1011 3598 1087">
    <p class='ocr_par' dir='ltr' id='par_1_52' title="bbox 2023 1011 3598 1087">
     <span class='ocr_line' id='line_1_52' title="bbox 2023 1011 3598 1087; baseline -0.001 -16"><span class='ocrx_word' id='word_1_387' title='bbox 2023 1030 2118 1072; x_wconf 90' lang='lat' dir='ltr'><strong>sus</strong></span> <span class='ocrx_word' id='word_1_388' title='bbox 2147 1015 2306 1072; x_wconf 81' lang='lat' dir='ltr'><strong>Jesus</strong></span> <span class='ocrx_word' id='word_1_389' title='bbox 2341 1016 2476 1074; x_wconf 91' lang='lat' dir='ltr'><strong>vidit</strong></span> <span class='ocrx_word' id='word_1_390' title='bbox 2519 1014 2747 1070; x_wconf 87' lang='lat' dir='ltr'><strong>multam</strong></span> <span class='ocrx_word' id='word_1_391' title='bbox 2784 1014 2996 1071; x_wconf 88' lang='lat' dir='ltr'><strong>turbam</strong></span> <span class='ocrx_word' id='word_1_392' title='bbox 3017 1053 3033 1080; x_wconf 90' lang='lat'><strong>,</strong></span> <span class='ocrx_word' id='word_1_393' title='bbox 3067 1018 3122 1069; x_wconf 87' lang='lat' dir='ltr'><strong>et</strong></span> <span class='ocrx_word' id='word_1_394' title='bbox 3166 1011 3456 1069; x_wconf 72' lang='lat' dir='ltr'><strong>miseratus</strong></span> <span class='ocrx_word' id='word_1_395' title='bbox 3487 1011 3598 1087; x_wconf 68' lang='grc'>74</span> 
     </span>
    </p>
   </div>
   <div class='ocr_carea' id='block_1_53' title="bbox 2024 1104 3597 1176">
    <p class='ocr_par' dir='ltr' id='par_1_53' title="bbox 2024 1104 3597 1176">
     <span class='ocr_line' id='line_1_53' title="bbox 2024 1104 3597 1176; baseline -0.002 -10"><span class='ocrx_word' id='word_1_396' title='bbox 2024 1110 2197 1176; x_wconf 83' lang='lat' dir='ltr'><strong>illam,</strong></span> <span class='ocrx_word' id='word_1_397' title='bbox 2229 1109 2444 1165; x_wconf 83' lang='lat' dir='ltr'><strong>sanavit</strong></span> <span class='ocrx_word' id='word_1_398' title='bbox 2489 1109 2734 1165; x_wconf 90' lang='lat' dir='ltr'><strong>inﬁrmos</strong></span> <span class='ocrx_word' id='word_1_399' title='bbox 2771 1107 3007 1164; x_wconf 91' lang='lat' dir='ltr'><strong>illorum.</strong></span> <span class='ocrx_word' id='word_1_400' title='bbox 3064 1125 3084 1160; x_wconf 75' lang='grc' dir='ltr'><strong>ι</strong></span> <span class='ocrx_word' id='word_1_401' title='bbox 3130 1104 3318 1169; x_wconf 82' lang='lat' dir='ltr'><strong>Fidem</strong></span> <span class='ocrx_word' id='word_1_402' title='bbox 3353 1106 3597 1163; x_wconf 86' lang='lat' dir='ltr'><strong>indicant</strong></span> 
     </span>
    </p>
   </div>
   <div class='ocr_carea' id='block_1_54' title="bbox 2025 1197 3601 1268">
    <p class='ocr_par' dir='ltr' id='par_1_54' title="bbox 2025 1197 3601 1268">
     <span class='ocr_line' id='line_1_54' title="bbox 2025 1197 3601 1268; baseline -0.001 -11"><span class='ocrx_word' id='word_1_403' title='bbox 2025 1202 2216 1268; x_wconf 68' lang='lat' dir='ltr'><strong>turbae,</strong></span> <span class='ocrx_word' id='word_1_404' title='bbox 2251 1199 2395 1257; x_wconf 90' lang='lat' dir='ltr'><strong>unde</strong></span> <span class='ocrx_word' id='word_1_405' title='bbox 2441 1209 2497 1256; x_wconf 90' lang='lat' dir='ltr'><strong>et</strong></span> <span class='ocrx_word' id='word_1_406' title='bbox 2546 1198 2616 1254; x_wconf 89' lang='lat' dir='ltr'><strong>ad</strong></span> <span class='ocrx_word' id='word_1_407' title='bbox 2647 1199 2993 1255; x_wconf 87' lang='lat' dir='ltr'><strong>secedentem</strong></span> <span class='ocrx_word' id='word_1_408' title='bbox 3037 1204 3363 1265; x_wconf 85' lang='lat' dir='ltr'><strong>accurrunt,</strong></span> <span class='ocrx_word' id='word_1_409' title='bbox 3394 1208 3450 1253; x_wconf 88' lang='lat' dir='ltr'><strong>et</strong></span> <span class='ocrx_word' id='word_1_410' title='bbox 3477 1197 3601 1255; x_wconf 85' lang='lat' dir='ltr'><strong>ideo</strong></span> 
     </span>
    </p>
   </div>
   <div class='ocr_carea' id='block_1_55' title="bbox 2024 1288 3595 1361">
    <p class='ocr_par' dir='ltr' id='par_1_55' title="bbox 2024 1288 3595 1361">
     <span class='ocr_line' id='line_1_55' title="bbox 2024 1288 3595 1361; baseline -0.002 -12"><span class='ocrx_word' id='word_1_411' title='bbox 2024 1293 2337 1358; x_wconf 70' lang='lat' dir='ltr'><strong>sanitatem,</strong></span> <span class='ocrx_word' id='word_1_412' title='bbox 2374 1291 2496 1351; x_wconf 88' lang='lat' dir='ltr'><strong>ﬁdei</strong></span> <span class='ocrx_word' id='word_1_413' title='bbox 2535 1289 2842 1348; x_wconf 86' lang='lat' dir='ltr'><strong>mercedem</strong></span> <span class='ocrx_word' id='word_1_414' title='bbox 2879 1290 3167 1361; x_wconf 86' lang='lat' dir='ltr'><strong>deportant</strong></span> <span class='ocrx_word' id='word_1_415' title='bbox 3196 1303 3212 1344; x_wconf 90' lang='lat'><strong>:</strong></span> <span class='ocrx_word' id='word_1_416' title='bbox 3245 1288 3341 1346; x_wconf 88' lang='lat' dir='ltr'><strong>sed</strong></span> <span class='ocrx_word' id='word_1_417' title='bbox 3370 1297 3427 1346; x_wconf 89' lang='lat' dir='ltr'><strong>et</strong></span> <span class='ocrx_word' id='word_1_418' title='bbox 3452 1290 3595 1361; x_wconf 85' lang='lat' dir='ltr'><strong>quod</strong></span> 
     </span>
    </p>
   </div>
   <div class='ocr_carea' id='block_1_56' title="bbox 2026 1381 3607 1457">
    <p class='ocr_par' dir='ltr' id='par_1_56' title="bbox 2026 1381 3607 1457">
     <span class='ocr_line' id='line_1_56' title="bbox 2026 1381 3607 1457; baseline 0.003 -20"><span class='ocrx_word' id='word_1_419' title='bbox 2026 1382 2258 1452; x_wconf 81' lang='lat' dir='ltr'><strong>pedestri</strong></span> <span class='ocrx_word' id='word_1_420' title='bbox 2294 1381 2489 1439; x_wconf 80' lang='lat' dir='ltr'><strong>itinere</strong></span> <span class='ocrx_word' id='word_1_421' title='bbox 2518 1382 2793 1450; x_wconf 88' lang='lat' dir='ltr'><strong>incedunt,</strong></span> <span class='ocrx_word' id='word_1_422' title='bbox 2835 1385 3063 1456; x_wconf 87' lang='lat' dir='ltr'><strong>etquod</strong></span> <span class='ocrx_word' id='word_1_423' title='bbox 3092 1385 3300 1457; x_wconf 86' lang='lat' dir='ltr'><strong>absque</strong></span> <span class='ocrx_word' id='word_1_424' title='bbox 3329 1385 3467 1444; x_wconf 83' lang='lat' dir='ltr'><strong>cibis</strong></span> <span class='ocrx_word' id='word_1_425' title='bbox 3503 1400 3607 1442; x_wconf 77' lang='grc' dir='ltr'>νο·-</span> 
     </span>
    </p>
   </div>
   <div class='ocr_carea' id='block_1_57' title="bbox 2026 1473 2724 1547">
    <p class='ocr_par' dir='ltr' id='par_1_57' title="bbox 2026 1473 2724 1547">
     <span class='ocr_line' id='line_1_57' title="bbox 2026 1473 2724 1547; baseline -0.003 -16"><span class='ocrx_word' id='word_1_426' title='bbox 2026 1475 2201 1541; x_wconf 91' lang='lat' dir='ltr'><strong>niunl,</strong></span> <span class='ocrx_word' id='word_1_427' title='bbox 2229 1473 2357 1530; x_wconf 89' lang='lat' dir='ltr'><strong>ﬁdei</strong></span> <span class='ocrx_word' id='word_1_428' title='bbox 2390 1474 2542 1547; x_wconf 87' lang='lat' dir='ltr'><strong>signa</strong></span> <span class='ocrx_word' id='word_1_429' title='bbox 2573 1484 2724 1531; x_wconf 87' lang='lat' dir='ltr'><strong>sunt.</strong></span> 
     </span>
    </p>
   </div>
   <div class='ocr_carea' id='block_1_58' title="bbox 2097 1564 3603 1638">
    <p class='ocr_par' dir='ltr' id='par_1_58' title="bbox 2097 1564 3603 1638">
     <span class='ocr_line' id='line_1_58' title="bbox 2097 1564 3603 1638; baseline 0.003 -17"><span class='ocrx_word' id='word_1_430' title='bbox 2097 1564 2262 1623; x_wconf 76' lang='lat' dir='ltr'><strong>Vsus.</strong></span> <span class='ocrx_word' id='word_1_431' title='bbox 2313 1565 2523 1635; x_wconf 71' lang='lat'><strong>15,16.</strong></span> <span class='ocrx_word' id='word_1_432' title='bbox 2571 1585 2591 1618; x_wconf 84' lang='grc' dir='ltr'><strong>ι</strong></span> <span class='ocrx_word' id='word_1_433' title='bbox 2629 1565 2793 1624; x_wconf 82' lang='lat' dir='ltr'><strong>Facta</strong></span> <span class='ocrx_word' id='word_1_434' title='bbox 2837 1574 3017 1624; x_wconf 89' lang='lat' dir='ltr'><strong>autem</strong></span> <span class='ocrx_word' id='word_1_435' title='bbox 3063 1580 3314 1638; x_wconf 87' lang='lat' dir='ltr'><strong>vespera,</strong></span> <span class='ocrx_word' id='word_1_436' title='bbox 3355 1580 3603 1625; x_wconf 87' lang='lat' dir='ltr'><strong>accesse-</strong></span> 
     </span>
    </p>
   </div>
   <div class='ocr_carea' id='block_1_59' title="bbox 2029 1660 3605 1732">
    <p class='ocr_par' dir='ltr' id='par_1_59' title="bbox 2029 1660 3605 1732">
     <span class='ocr_line' id='line_1_59' title="bbox 2029 1660 3605 1732; baseline 0.002 -17"><span class='ocrx_word' id='word_1_437' title='bbox 2029 1672 2155 1717; x_wconf 86' lang='lat' dir='ltr'><strong>runt</strong></span> <span class='ocrx_word' id='word_1_438' title='bbox 2193 1660 2263 1717; x_wconf 90' lang='lat' dir='ltr'><strong>ad</strong></span> <span class='ocrx_word' id='word_1_439' title='bbox 2307 1674 2432 1717; x_wconf 90' lang='lat' dir='ltr'><strong>eum</strong></span> <span class='ocrx_word' id='word_1_440' title='bbox 2464 1660 2712 1731; x_wconf 85' lang='lat' dir='ltr'><strong>discipuli</strong></span> <span class='ocrx_word' id='word_1_441' title='bbox 2760 1661 2953 1732; x_wconf 83' lang='lat' dir='ltr'><strong>ipsius,</strong></span> <span class='ocrx_word' id='word_1_442' title='bbox 2990 1660 3237 1719; x_wconf 85' lang='lat' dir='ltr'><strong>dicentes</strong></span> <span class='ocrx_word' id='word_1_443' title='bbox 3285 1680 3299 1715; x_wconf 88' lang='lat'><strong>:</strong></span> <span class='ocrx_word' id='word_1_444' title='bbox 3347 1661 3605 1718; x_wconf 79' lang='lat' dir='ltr'><strong>Desertus</strong></span> 
     </span>
    </p>
   </div>
   <div class='ocr_carea' id='block_1_60' title="bbox 2028 1748 3604 1820">
    <p class='ocr_par' dir='ltr' id='par_1_60' title="bbox 2028 1748 3604 1820">
     <span class='ocr_line' id='line_1_60' title="bbox 2028 1748 3604 1820; baseline 0.001 -16"><span class='ocrx_word' id='word_1_445' title='bbox 2028 1758 2111 1804; x_wconf 91' lang='lat' dir='ltr'><strong>est</strong></span> <span class='ocrx_word' id='word_1_446' title='bbox 2142 1748 2318 1816; x_wconf 88' lang='lat' dir='ltr'><strong>locus,</strong></span> <span class='ocrx_word' id='word_1_447' title='bbox 2347 1757 2402 1805; x_wconf 92' lang='lat' dir='ltr'><strong>et</strong></span> <span class='ocrx_word' id='word_1_448' title='bbox 2434 1750 2564 1807; x_wconf 88' lang='lat' dir='ltr'><strong>hora</strong></span> <span class='ocrx_word' id='word_1_449' title='bbox 2592 1749 2703 1819; x_wconf 81' lang='lat' dir='ltr'><strong>jam</strong></span> <span class='ocrx_word' id='word_1_450' title='bbox 2737 1751 3003 1820; x_wconf 81' lang='lat' dir='ltr'><strong>praeteriit</strong></span> <span class='ocrx_word' id='word_1_451' title='bbox 3033 1767 3048 1806; x_wconf 89' lang='lat'><strong>:</strong></span> <span class='ocrx_word' id='word_1_452' title='bbox 3080 1750 3291 1811; x_wconf 85' lang='lat' dir='ltr'><strong>dimitte</strong></span> <span class='ocrx_word' id='word_1_453' title='bbox 3330 1752 3516 1807; x_wconf 81' lang='lat' dir='ltr'><strong>turbas</strong></span> <span class='ocrx_word' id='word_1_454' title='bbox 3542 1758 3604 1806; x_wconf 89' lang='lat' dir='ltr'><strong>ut</strong></span> 
     </span>
    </p>
   </div>
   <div class='ocr_carea' id='block_1_61' title="bbox 2030 1840 3606 1907">
    <p class='ocr_par' dir='ltr' id='par_1_61' title="bbox 2030 1840 3606 1907">
     <span class='ocr_line' id='line_1_61' title="bbox 2030 1840 3606 1907; baseline 0.002 -13"><span class='ocrx_word' id='word_1_455' title='bbox 2030 1840 2229 1897; x_wconf 85' lang='lat' dir='ltr'><strong>abeant</strong></span> <span class='ocrx_word' id='word_1_456' title='bbox 2258 1840 2315 1896; x_wconf 90' lang='lat' dir='ltr'><strong>in</strong></span> <span class='ocrx_word' id='word_1_457' title='bbox 2339 1841 2509 1907; x_wconf 90' lang='lat' dir='ltr'><strong>vicos,</strong></span> <span class='ocrx_word' id='word_1_458' title='bbox 2532 1848 2589 1899; x_wconf 89' lang='lat' dir='ltr'><strong>et</strong></span> <span class='ocrx_word' id='word_1_459' title='bbox 2619 1850 2805 1898; x_wconf 87' lang='lat' dir='ltr'><strong>emant</strong></span> <span class='ocrx_word' id='word_1_460' title='bbox 2834 1842 2939 1900; x_wconf 88' lang='lat' dir='ltr'><strong>sibi</strong></span> <span class='ocrx_word' id='word_1_461' title='bbox 2971 1842 3197 1903; x_wconf 88' lang='lat' dir='ltr'><strong>cibaria.</strong></span> <span class='ocrx_word' id='word_1_462' title='bbox 3229 1843 3299 1898; x_wconf 84' lang='lat' dir='ltr'><strong>At</strong></span> <span class='ocrx_word' id='word_1_463' title='bbox 3331 1842 3439 1898; x_wconf 87' lang='lat' dir='ltr'><strong>illis</strong></span> <span class='ocrx_word' id='word_1_464' title='bbox 3465 1842 3606 1898; x_wconf 78' lang='lat' dir='ltr'><strong>dixit</strong></span> 
     </span>
    </p>
   </div>
   <div class='ocr_carea' id='block_1_62' title="bbox 2030 1929 3606 1998">
    <p class='ocr_par' dir='ltr' id='par_1_62' title="bbox 2030 1929 3606 1998">
     <span class='ocr_line' id='line_1_62' title="bbox 2030 1929 3606 1998; baseline -0.001 -11"><span class='ocrx_word' id='word_1_465' title='bbox 2030 1929 2187 1988; x_wconf 67' lang='lat' dir='ltr'><strong>Iesus</strong></span> <span class='ocrx_word' id='word_1_466' title='bbox 2212 1947 2229 1985; x_wconf 87' lang='lat'><strong>:</strong></span> <span class='ocrx_word' id='word_1_467' title='bbox 2254 1930 2373 1986; x_wconf 86' lang='lat' dir='ltr'><strong>Non</strong></span> <span class='ocrx_word' id='word_1_468' title='bbox 2398 1939 2487 1988; x_wconf 89' lang='lat' dir='ltr'><strong>est</strong></span> <span class='ocrx_word' id='word_1_469' title='bbox 2510 1930 2614 1988; x_wconf 87' lang='lat' dir='ltr'><strong>illis</strong></span> <span class='ocrx_word' id='word_1_470' title='bbox 2639 1945 2866 1989; x_wconf 87' lang='lat' dir='ltr'><strong>necesse</strong></span> <span class='ocrx_word' id='word_1_471' title='bbox 2886 1940 2945 1987; x_wconf 90' lang='lat' dir='ltr'><strong>ut</strong></span> <span class='ocrx_word' id='word_1_472' title='bbox 2973 1931 3195 1998; x_wconf 85' lang='lat' dir='ltr'><strong>abeant,</strong></span> <span class='ocrx_word' id='word_1_473' title='bbox 3225 1931 3350 1989; x_wconf 86' lang='lat' dir='ltr'><strong>date</strong></span> <span class='ocrx_word' id='word_1_474' title='bbox 3377 1931 3483 1987; x_wconf 87' lang='lat' dir='ltr'><strong>illis</strong></span> <span class='ocrx_word' id='word_1_475' title='bbox 3506 1946 3606 1989; x_wconf 83' lang='lat' dir='ltr'><strong>vos</strong></span> 
     </span>
    </p>
   </div>
   <div class='ocr_carea' id='block_1_63' title="bbox 2032 2021 3607 2094">
    <p class='ocr_par' dir='ltr' id='par_1_63' title="bbox 2032 2021 3607 2094">
     <span class='ocr_line' id='line_1_63' title="bbox 2032 2021 3607 2094; baseline -0.001 -16"><span class='ocrx_word' id='word_1_476' title='bbox 2032 2022 2174 2093; x_wconf 90' lang='lat' dir='ltr'><strong>quod</strong></span> <span class='ocrx_word' id='word_1_477' title='bbox 2212 2022 2399 2080; x_wconf 83' lang='lat' dir='ltr'><strong>edant.</strong></span> <span class='ocrx_word' id='word_1_478' title='bbox 2440 2040 2460 2075; x_wconf 75' lang='grc' dir='ltr'><strong>ι</strong></span> <span class='ocrx_word' id='word_1_479' title='bbox 2489 2022 2870 2080; x_wconf 74' lang='lat' dir='ltr'><strong>Misericordes</strong></span> <span class='ocrx_word' id='word_1_480' title='bbox 2917 2021 3363 2094; x_wconf 84' lang='lat' dir='ltr'><strong>suntdiscipuli.</strong></span> <span class='ocrx_word' id='word_1_481' title='bbox 3406 2022 3607 2079; x_wconf 81' lang='lat' dir='ltr'><strong>Curam</strong></span> 
     </span>
    </p>
   </div>
   <div class='ocr_carea' id='block_1_64' title="bbox 2032 2113 3593 2186">
    <p class='ocr_par' dir='ltr' id='par_1_64' title="bbox 2032 2113 3593 2186">
     <span class='ocr_line' id='line_1_64' title="bbox 2032 2113 3593 2186; baseline -0.001 -15"><span class='ocrx_word' id='word_1_482' title='bbox 2032 2114 2174 2171; x_wconf 89' lang='lat' dir='ltr'><strong>enim</strong></span> <span class='ocrx_word' id='word_1_483' title='bbox 2212 2123 2407 2185; x_wconf 90' lang='lat' dir='ltr'><strong>gerunt</strong></span> <span class='ocrx_word' id='word_1_484' title='bbox 2435 2115 2626 2181; x_wconf 67' lang='lat' dir='ltr'><strong>turbat,</strong></span> <span class='ocrx_word' id='word_1_485' title='bbox 2657 2122 2711 2170; x_wconf 91' lang='lat' dir='ltr'><strong>et</strong></span> <span class='ocrx_word' id='word_1_486' title='bbox 2743 2122 3028 2185; x_wconf 87' lang='lat' dir='ltr'><strong>propterea</strong></span> <span class='ocrx_word' id='word_1_487' title='bbox 3060 2113 3254 2170; x_wconf 83' lang='lat' dir='ltr'><strong>nolunt</strong></span> <span class='ocrx_word' id='word_1_488' title='bbox 3296 2129 3416 2171; x_wconf 89' lang='lat' dir='ltr'><strong>eam</strong></span> <span class='ocrx_word' id='word_1_489' title='bbox 3445 2113 3593 2186; x_wconf 87' lang='lat' dir='ltr'><strong>jeju-</strong></span> 
     </span>
    </p>
   </div>
   <div class='ocr_carea' id='block_1_65' title="bbox 2034 2204 3610 2279">
    <p class='ocr_par' dir='ltr' id='par_1_65' title="bbox 2034 2204 3610 2279">
     <span class='ocr_line' id='line_1_65' title="bbox 2034 2204 3610 2279; baseline -0.001 -16"><span class='ocrx_word' id='word_1_490' title='bbox 2034 2222 2159 2263; x_wconf 85' lang='lat' dir='ltr'><strong>nam</strong></span> <span class='ocrx_word' id='word_1_491' title='bbox 2183 2220 2329 2264; x_wconf 86' lang='lat' dir='ltr'><strong>esse.</strong></span> <span class='ocrx_word' id='word_1_492' title='bbox 2360 2205 2501 2275; x_wconf 85' lang='lat' dir='ltr'><strong>Quid</strong></span> <span class='ocrx_word' id='word_1_493' title='bbox 2549 2206 2713 2279; x_wconf 88' lang='lat' dir='ltr'><strong>igitur</strong></span> <span class='ocrx_word' id='word_1_494' title='bbox 2738 2204 3033 2264; x_wconf 80' lang='lat' dir='ltr'><strong>Salvator?</strong></span> <span class='ocrx_word' id='word_1_495' title='bbox 3081 2209 3237 2275; x_wconf 86' lang='lat' dir='ltr'><strong>Date,</strong></span> <span class='ocrx_word' id='word_1_496' title='bbox 3272 2205 3469 2277; x_wconf 86' lang='lat' dir='ltr'><strong>inquit,</strong></span> <span class='ocrx_word' id='word_1_497' title='bbox 3511 2220 3610 2262; x_wconf 89' lang='lat' dir='ltr'><strong>vos</strong></span> 
     </span>
    </p>
   </div>
   <div class='ocr_carea' id='block_1_66' title="bbox 2035 2298 3643 2374">
    <p class='ocr_par' dir='ltr' id='par_1_66' title="bbox 2035 2298 3643 2374">
     <span class='ocr_line' id='line_1_66' title="bbox 2035 2298 3643 2374; baseline -0.002 -17"><span class='ocrx_word' id='word_1_498' title='bbox 2035 2298 2140 2357; x_wconf 86' lang='lat' dir='ltr'><strong>illis</strong></span> <span class='ocrx_word' id='word_1_499' title='bbox 2171 2299 2317 2371; x_wconf 87' lang='lat' dir='ltr'><strong>quod</strong></span> <span class='ocrx_word' id='word_1_500' title='bbox 2361 2300 2545 2358; x_wconf 86' lang='lat' dir='ltr'><strong>edant.</strong></span> <span class='ocrx_word' id='word_1_501' title='bbox 2597 2298 2713 2355; x_wconf 82' lang='lat' dir='ltr'><strong>Hoc</strong></span> <span class='ocrx_word' id='word_1_502' title='bbox 2764 2308 2949 2356; x_wconf 86' lang='lat' dir='ltr'><strong>autem</strong></span> <span class='ocrx_word' id='word_1_503' title='bbox 2992 2300 3144 2368; x_wconf 85' lang='lat' dir='ltr'><strong>dicit,</strong></span> <span class='ocrx_word' id='word_1_504' title='bbox 3193 2314 3299 2358; x_wconf 90' lang='lat' dir='ltr'><strong>non</strong></span> <span class='ocrx_word' id='word_1_505' title='bbox 3352 2309 3643 2374; x_wconf 86' lang='lat' dir='ltr'><strong>tanquam_</strong></span> 
     </span>
    </p>
   </div>
   <div class='ocr_carea' id='block_1_67' title="bbox 2036 2390 3610 2463">
    <p class='ocr_par' dir='ltr' id='par_1_67' title="bbox 2036 2390 3610 2463">
     <span class='ocr_line' id='line_1_67' title="bbox 2036 2390 3610 2463; baseline -0.002 -16"><span class='ocrx_word' id='word_1_506' title='bbox 2036 2392 2297 2463; x_wconf 73' lang='lat' dir='ltr'><strong>ignorans</strong></span> <span class='ocrx_word' id='word_1_507' title='bbox 2328 2390 2385 2448; x_wconf 88' lang='lat' dir='ltr'><strong>in</strong></span> <span class='ocrx_word' id='word_1_508' title='bbox 2411 2402 2617 2463; x_wconf 87' lang='lat' dir='ltr'><strong>quanta</strong></span> <span class='ocrx_word' id='word_1_509' title='bbox 2641 2392 2877 2463; x_wconf 88' lang='lat' dir='ltr'><strong>apostoli</strong></span> <span class='ocrx_word' id='word_1_510' title='bbox 2908 2400 3151 2463; x_wconf 73' lang='lat' dir='ltr'><strong>egestate</strong></span> <span class='ocrx_word' id='word_1_511' title='bbox 3183 2400 3367 2448; x_wconf 88' lang='lat' dir='ltr'><strong>essent</strong></span> <span class='ocrx_word' id='word_1_512' title='bbox 3399 2409 3414 2446; x_wconf 89' lang='lat'><strong>:</strong></span> <span class='ocrx_word' id='word_1_513' title='bbox 3447 2390 3610 2458; x_wconf 88' lang='lat' dir='ltr'><strong>absit,</strong></span> 
     </span>
    </p>
   </div>
   <div class='ocr_carea' id='block_1_68' title="bbox 2036 2483 3610 2556">
    <p class='ocr_par' dir='ltr' id='par_1_68' title="bbox 2036 2483 3610 2556">
     <span class='ocr_line' id='line_1_68' title="bbox 2036 2483 3610 2556; baseline -0.003 -15"><span class='ocrx_word' id='word_1_514' title='bbox 2036 2485 2130 2542; x_wconf 88' lang='lat' dir='ltr'><strong>sed</strong></span> <span class='ocrx_word' id='word_1_515' title='bbox 2165 2494 2223 2540; x_wconf 89' lang='lat' dir='ltr'><strong>ut</strong></span> <span class='ocrx_word' id='word_1_516' title='bbox 2254 2484 2564 2543; x_wconf 89' lang='lat' dir='ltr'><strong>dicentibus</strong></span> <span class='ocrx_word' id='word_1_517' title='bbox 2608 2485 2717 2542; x_wconf 88' lang='lat' dir='ltr'><strong>illis</strong></span> <span class='ocrx_word' id='word_1_518' title='bbox 2758 2500 2819 2543; x_wconf 84' lang='lat' dir='ltr'><strong>se</strong></span> <span class='ocrx_word' id='word_1_519' title='bbox 2857 2500 2962 2541; x_wconf 88' lang='lat' dir='ltr'><strong>non</strong></span> <span class='ocrx_word' id='word_1_520' title='bbox 3008 2484 3210 2543; x_wconf 70' lang='lat' dir='ltr'><strong>habere</strong></span> <span class='ocrx_word' id='word_1_521' title='bbox 3239 2485 3382 2556; x_wconf 87' lang='lat' dir='ltr'><strong>quod</strong></span> <span class='ocrx_word' id='word_1_522' title='bbox 3425 2483 3610 2550; x_wconf 85' lang='lat' dir='ltr'><strong>edant,</strong></span> 
     </span>
    </p>
   </div>
   <div class='ocr_carea' id='block_1_69' title="bbox 2037 2576 3615 2648">
    <p class='ocr_par' dir='ltr' id='par_1_69' title="bbox 2037 2576 3615 2648">
     <span class='ocr_line' id='line_1_69' title="bbox 2037 2576 3615 2648; baseline 0.001 -17"><span class='ocrx_word' id='word_1_523' title='bbox 2037 2586 2298 2646; x_wconf 84' lang='lat' dir='ltr'><strong>appareat</strong></span> <span class='ocrx_word' id='word_1_524' title='bbox 2332 2576 2506 2645; x_wconf 90' lang='lat' dir='ltr'><strong>ipsum</strong></span> <span class='ocrx_word' id='word_1_525' title='bbox 2532 2590 2639 2632; x_wconf 91' lang='lat' dir='ltr'><strong>non</strong></span> <span class='ocrx_word' id='word_1_526' title='bbox 2671 2576 2846 2632; x_wconf 90' lang='lat' dir='ltr'><strong>inanis</strong></span> <span class='ocrx_word' id='word_1_527' title='bbox 2868 2576 3050 2648; x_wconf 72' lang='lat' dir='ltr'><strong>gloriae</strong></span> <span class='ocrx_word' id='word_1_528' title='bbox 3078 2576 3276 2641; x_wconf 89' lang='lat' dir='ltr'><strong>studio,</strong></span> <span class='ocrx_word' id='word_1_529' title='bbox 3303 2577 3397 2631; x_wconf 89' lang='lat' dir='ltr'><strong>sed</strong></span> <span class='ocrx_word' id='word_1_530' title='bbox 3423 2588 3615 2632; x_wconf 67' lang='lat' dir='ltr'><strong>necesb</strong></span> 
     </span>
    </p>
   </div>
   <div class='ocr_carea' id='block_1_70' title="bbox 2039 2667 3353 2739">
    <p class='ocr_par' dir='ltr' id='par_1_70' title="bbox 2039 2667 3353 2739">
     <span class='ocr_line' id='line_1_70' title="bbox 2039 2667 3353 2739; baseline 0.001 -16"><span class='ocrx_word' id='word_1_531' title='bbox 2039 2668 2203 2723; x_wconf 77' lang='lat' dir='ltr'><strong>sitate</strong></span> <span class='ocrx_word' id='word_1_532' title='bbox 2226 2668 2292 2725; x_wconf 90' lang='lat' dir='ltr'><strong>ad</strong></span> <span class='ocrx_word' id='word_1_533' title='bbox 2317 2669 2654 2739; x_wconf 86' lang='lat' dir='ltr'><strong>operandum</strong></span> <span class='ocrx_word' id='word_1_534' title='bbox 2680 2667 3000 2727; x_wconf 88' lang='lat' dir='ltr'><strong>miraculum</strong></span> <span class='ocrx_word' id='word_1_535' title='bbox 3035 2669 3353 2739; x_wconf 83' lang='lat' dir='ltr'><strong>procedere.</strong></span> 
     </span>
    </p>
   </div>
   <div class='ocr_carea' id='block_1_71' title="bbox 2112 2757 3614 2823">
    <p class='ocr_par' dir='ltr' id='par_1_71' title="bbox 2112 2757 3614 2823">
     <span class='ocr_line' id='line_1_71' title="bbox 2112 2757 3614 2823; baseline 0.006 -9"><span class='ocrx_word' id='word_1_536' title='bbox 2112 2757 2278 2815; x_wconf 73' lang='lat' dir='ltr'><strong>Vsus.</strong></span> <span class='ocrx_word' id='word_1_537' title='bbox 2326 2758 2513 2816; x_wconf 72' lang='lat'><strong>17-19.</strong></span> <span class='ocrx_word' id='word_1_538' title='bbox 2546 2776 2566 2813; x_wconf 86' lang='grc' dir='ltr'><strong>ι</strong></span> <span class='ocrx_word' id='word_1_539' title='bbox 2616 2760 2686 2815; x_wconf 83' lang='grc' dir='ltr'>Δι</span> <span class='ocrx_word' id='word_1_540' title='bbox 2718 2758 2793 2816; x_wconf 86' lang='lat' dir='ltr'><strong>illi</strong></span> <span class='ocrx_word' id='word_1_541' title='bbox 2838 2758 3024 2815; x_wconf 89' lang='lat' dir='ltr'><strong>dicunt</strong></span> <span class='ocrx_word' id='word_1_542' title='bbox 3052 2759 3144 2817; x_wconf 88' lang='lat' dir='ltr'><strong>ei:</strong></span> <span class='ocrx_word' id='word_1_543' title='bbox 3185 2758 3302 2818; x_wconf 84' lang='lat' dir='ltr'><strong>Non</strong></span> <span class='ocrx_word' id='word_1_544' title='bbox 3347 2761 3614 2823; x_wconf 71' lang='lat' dir='ltr'><strong>habemus</strong></span> 
     </span>
    </p>
   </div>
   <div class='ocr_carea' id='block_1_72' title="bbox 2042 2847 3617 2920">
    <p class='ocr_par' dir='ltr' id='par_1_72' title="bbox 2042 2847 3617 2920">
     <span class='ocr_line' id='line_1_72' title="bbox 2042 2847 3617 2920; baseline 0.004 -17"><span class='ocrx_word' id='word_1_545' title='bbox 2042 2849 2133 2904; x_wconf 83' lang='lat' dir='ltr'><strong>hic</strong></span> <span class='ocrx_word' id='word_1_546' title='bbox 2176 2849 2280 2905; x_wconf 85' lang='lat' dir='ltr'><strong>nisi</strong></span> <span class='ocrx_word' id='word_1_547' title='bbox 2322 2848 2566 2919; x_wconf 88' lang='lat' dir='ltr'><strong>quinque</strong></span> <span class='ocrx_word' id='word_1_548' title='bbox 2597 2862 2786 2920; x_wconf 87' lang='lat' dir='ltr'><strong>panes,</strong></span> <span class='ocrx_word' id='word_1_549' title='bbox 2828 2856 2886 2905; x_wconf 90' lang='lat' dir='ltr'><strong>et</strong></span> <span class='ocrx_word' id='word_1_550' title='bbox 2927 2849 3061 2904; x_wconf 88' lang='lat' dir='ltr'><strong>duos</strong></span> <span class='ocrx_word' id='word_1_551' title='bbox 3103 2847 3300 2919; x_wconf 87' lang='lat' dir='ltr'><strong>pisces.</strong></span> <span class='ocrx_word' id='word_1_552' title='bbox 3344 2848 3437 2906; x_wconf 90' lang='lat' dir='ltr'><strong>llle</strong></span> <span class='ocrx_word' id='word_1_553' title='bbox 3487 2864 3617 2909; x_wconf 85' lang='lat' dir='ltr'><strong>vero</strong></span> 
     </span>
    </p>
   </div>
   <div class='ocr_carea' id='block_1_73' title="bbox 2041 2935 3618 3009">
    <p class='ocr_par' dir='ltr' id='par_1_73' title="bbox 2041 2935 3618 3009">
     <span class='ocr_line' id='line_1_73' title="bbox 2041 2935 3618 3009; baseline 0.003 -18"><span class='ocrx_word' id='word_1_554' title='bbox 2041 2935 2180 2992; x_wconf 79' lang='lat' dir='ltr'><strong>dixit</strong></span> <span class='ocrx_word' id='word_1_555' title='bbox 2200 2950 2216 2991; x_wconf 90' lang='lat'><strong>:</strong></span> <span class='ocrx_word' id='word_1_556' title='bbox 2253 2935 2458 2993; x_wconf 74' lang='lat' dir='ltr'><strong>Aﬁ‘erte</strong></span> <span class='ocrx_word' id='word_1_557' title='bbox 2478 2936 2610 2995; x_wconf 77' lang='lat' dir='ltr'><strong>milii</strong></span> <span class='ocrx_word' id='word_1_558' title='bbox 2639 2952 2734 2994; x_wconf 86' lang='lat' dir='ltr'><strong>eos</strong></span> <span class='ocrx_word' id='word_1_559' title='bbox 2754 2938 2877 2993; x_wconf 87' lang='lat' dir='ltr'><strong>huc.</strong></span> <span class='ocrx_word' id='word_1_560' title='bbox 2903 2936 2969 2992; x_wconf 83' lang='lat' dir='ltr'><strong>Et</strong></span> <span class='ocrx_word' id='word_1_561' title='bbox 2986 2938 3152 3009; x_wconf 89' lang='lat' dir='ltr'><strong>jussit</strong></span> <span class='ocrx_word' id='word_1_562' title='bbox 3174 2939 3357 2995; x_wconf 87' lang='lat' dir='ltr'><strong>turbas</strong></span> <span class='ocrx_word' id='word_1_563' title='bbox 3376 2939 3618 2996; x_wconf 85' lang='lat' dir='ltr'><strong>discum-</strong></span> 
     </span>
    </p>
   </div>
   <div class='ocr_carea' id='block_1_74' title="bbox 2042 3027 3618 3104">
    <p class='ocr_par' dir='ltr' id='par_1_74' title="bbox 2042 3027 3618 3104">
     <span class='ocr_line' id='line_1_74' title="bbox 2042 3027 3618 3104; baseline 0.004 -21"><span class='ocrx_word' id='word_1_564' title='bbox 2042 3027 2173 3083; x_wconf 89' lang='lat' dir='ltr'><strong>bere</strong></span> <span class='ocrx_word' id='word_1_565' title='bbox 2205 3043 2371 3098; x_wconf 90' lang='lat' dir='ltr'><strong>super</strong></span> <span class='ocrx_word' id='word_1_566' title='bbox 2413 3029 2684 3101; x_wconf 88' lang='lat' dir='ltr'><strong>gramina,</strong></span> <span class='ocrx_word' id='word_1_567' title='bbox 2732 3031 3072 3101; x_wconf 86' lang='lat' dir='ltr'><strong>sumptisque</strong></span> <span class='ocrx_word' id='word_1_568' title='bbox 3100 3030 3338 3102; x_wconf 84' lang='lat' dir='ltr'><strong>quinque</strong></span> <span class='ocrx_word' id='word_1_569' title='bbox 3387 3032 3618 3104; x_wconf 89' lang='lat' dir='ltr'><strong>panibus</strong></span> 
     </span>
    </p>
   </div>
   <div class='ocr_carea' id='block_1_75' title="bbox 2045 3119 3621 3190">
    <p class='ocr_par' dir='ltr' id='par_1_75' title="bbox 2045 3119 3621 3190">
     <span class='ocr_line' id='line_1_75' title="bbox 2045 3119 3621 3190; baseline 0.005 -15"><span class='ocrx_word' id='word_1_570' title='bbox 2045 3134 2111 3175; x_wconf 90' lang='lat' dir='ltr'><strong>ac</strong></span> <span class='ocrx_word' id='word_1_571' title='bbox 2156 3119 2365 3175; x_wconf 89' lang='lat' dir='ltr'><strong>duobus</strong></span> <span class='ocrx_word' id='word_1_572' title='bbox 2403 3120 2666 3190; x_wconf 88' lang='lat' dir='ltr'><strong>piscibus,</strong></span> <span class='ocrx_word' id='word_1_573' title='bbox 2714 3136 2780 3178; x_wconf 88' lang='lat' dir='ltr'><strong>ac</strong></span> <span class='ocrx_word' id='word_1_574' title='bbox 2827 3121 3055 3178; x_wconf 88' lang='lat' dir='ltr'><strong>sublatis</strong></span> <span class='ocrx_word' id='word_1_575' title='bbox 3102 3124 3156 3179; x_wconf 89' lang='lat' dir='ltr'><strong>in</strong></span> <span class='ocrx_word' id='word_1_576' title='bbox 3204 3123 3400 3180; x_wconf 72' lang='lat' dir='ltr'><strong>cmlum</strong></span> <span class='ocrx_word' id='word_1_577' title='bbox 3446 3126 3621 3183; x_wconf 88' lang='lat' dir='ltr'><strong>oculis</strong></span> 
     </span>
    </p>
   </div>
   <div class='ocr_carea' id='block_1_76' title="bbox 2048 3209 3622 3282">
    <p class='ocr_par' dir='ltr' id='par_1_76' title="bbox 2048 3209 3622 3282">
     <span class='ocr_line' id='line_1_76' title="bbox 2048 3209 3622 3282; baseline 0.004 -16"><span class='ocrx_word' id='word_1_578' title='bbox 2048 3210 2348 3267; x_wconf 84' lang='lat' dir='ltr'><strong>benedixit.</strong></span> <span class='ocrx_word' id='word_1_579' title='bbox 2399 3228 2418 3263; x_wconf 77' lang='grc' dir='ltr'><strong>ι</strong></span> <span class='ocrx_word' id='word_1_580' title='bbox 2472 3209 2672 3268; x_wconf 80' lang='lat' dir='ltr'><strong>Afferte</strong></span> <span class='ocrx_word' id='word_1_581' title='bbox 2715 3213 2844 3268; x_wconf 91' lang='lat' dir='ltr'><strong>mihi</strong></span> <span class='ocrx_word' id='word_1_582' title='bbox 2900 3228 3068 3282; x_wconf 87' lang='lat' dir='ltr'><strong>panes</strong></span> <span class='ocrx_word' id='word_1_583' title='bbox 3119 3215 3260 3278; x_wconf 86' lang='lat' dir='ltr'><strong>huc,</strong></span> <span class='ocrx_word' id='word_1_584' title='bbox 3287 3225 3341 3272; x_wconf 91' lang='lat' dir='ltr'><strong>et</strong></span> <span class='ocrx_word' id='word_1_585' title='bbox 3378 3218 3504 3273; x_wconf 91' lang='lat' dir='ltr'><strong>licet</strong></span> <span class='ocrx_word' id='word_1_586' title='bbox 3547 3217 3622 3273; x_wconf 91' lang='lat' dir='ltr'><strong>sit</strong></span> 
     </span>
    </p>
   </div>
   <div class='ocr_carea' id='block_1_77' title="bbox 2046 3301 3622 3374">
    <p class='ocr_par' dir='ltr' id='par_1_77' title="bbox 2046 3301 3622 3374">
     <span class='ocr_line' id='line_1_77' title="bbox 2046 3301 3622 3374; baseline 0.003 -19"><span class='ocrx_word' id='word_1_587' title='bbox 2046 3315 2292 3370; x_wconf 84' lang='lat' dir='ltr'><strong>vespera,</strong></span> <span class='ocrx_word' id='word_1_588' title='bbox 2358 3310 2659 3371; x_wconf 88' lang='lat' dir='ltr'><strong>temporum</strong></span> <span class='ocrx_word' id='word_1_589' title='bbox 2717 3317 2818 3374; x_wconf 89' lang='lat' dir='ltr'><strong>ego</strong></span> <span class='ocrx_word' id='word_1_590' title='bbox 2874 3301 3135 3360; x_wconf 87' lang='lat' dir='ltr'><strong>Conditor</strong></span> <span class='ocrx_word' id='word_1_591' title='bbox 3193 3303 3383 3359; x_wconf 87' lang='lat' dir='ltr'><strong>adsum</strong></span> <span class='ocrx_word' id='word_1_592' title='bbox 3432 3322 3446 3360; x_wconf 90' lang='lat'><strong>:</strong></span> <span class='ocrx_word' id='word_1_593' title='bbox 3492 3304 3622 3360; x_wconf 84' lang='lat' dir='ltr'><strong>licet</strong></span> 
     </span>
    </p>
   </div>
   <div class='ocr_carea' id='block_1_78' title="bbox 2046 3392 3614 3466">
    <p class='ocr_par' dir='ltr' id='par_1_78' title="bbox 2046 3392 3614 3466">
     <span class='ocr_line' id='line_1_78' title="bbox 2046 3392 3614 3466; baseline 0.001 -18"><span class='ocrx_word' id='word_1_594' title='bbox 2046 3393 2291 3450; x_wconf 86' lang='lat' dir='ltr'><strong>desertus</strong></span> <span class='ocrx_word' id='word_1_595' title='bbox 2320 3392 2473 3449; x_wconf 88' lang='lat' dir='ltr'><strong>locus</strong></span> <span class='ocrx_word' id='word_1_596' title='bbox 2503 3392 2594 3459; x_wconf 90' lang='lat' dir='ltr'><strong>sit,</strong></span> <span class='ocrx_word' id='word_1_597' title='bbox 2636 3406 2737 3466; x_wconf 87' lang='lat' dir='ltr'><strong>ego</strong></span> <span class='ocrx_word' id='word_1_598' title='bbox 2773 3404 2952 3450; x_wconf 91' lang='lat' dir='ltr'><strong>tamen</strong></span> <span class='ocrx_word' id='word_1_599' title='bbox 2989 3408 3112 3450; x_wconf 90' lang='lat' dir='ltr'><strong>sum</strong></span> <span class='ocrx_word' id='word_1_600' title='bbox 3146 3395 3240 3466; x_wconf 90' lang='lat' dir='ltr'><strong>qui</strong></span> <span class='ocrx_word' id='word_1_601' title='bbox 3272 3396 3419 3452; x_wconf 91' lang='lat' dir='ltr'><strong>omni</strong></span> <span class='ocrx_word' id='word_1_602' title='bbox 3457 3396 3614 3452; x_wconf 87' lang='lat' dir='ltr'><strong>carni</strong></span> 
     </span>
    </p>
   </div>
   <div class='ocr_carea' id='block_1_79' title="bbox 2046 3482 3618 3556">
    <p class='ocr_par' dir='ltr' id='par_1_79' title="bbox 2046 3482 3618 3556">
     <span class='ocr_line' id='line_1_79' title="bbox 2046 3482 3618 3556; baseline 0.001 -15"><span class='ocrx_word' id='word_1_603' title='bbox 2046 3497 2231 3541; x_wconf 90' lang='lat' dir='ltr'><strong>escam</strong></span> <span class='ocrx_word' id='word_1_604' title='bbox 2275 3483 2364 3539; x_wconf 93' lang='lat' dir='ltr'><strong>do.</strong></span> <span class='ocrx_word' id='word_1_605' title='bbox 2401 3482 2682 3542; x_wconf 87' lang='lat' dir='ltr'><strong>Discamus</strong></span> <span class='ocrx_word' id='word_1_606' title='bbox 2728 3482 2919 3541; x_wconf 56' lang='lat' dir='ltr'><strong>autem“</strong></span> <span class='ocrx_word' id='word_1_607' title='bbox 2950 3486 3056 3542; x_wconf 87' lang='lat' dir='ltr'><strong>hoc</strong></span> <span class='ocrx_word' id='word_1_608' title='bbox 3090 3487 3210 3542; x_wconf 89' lang='lat' dir='ltr'><strong>loco</strong></span> <span class='ocrx_word' id='word_1_609' title='bbox 3251 3487 3395 3556; x_wconf 90' lang='lat' dir='ltr'><strong>quod</strong></span> <span class='ocrx_word' id='word_1_610' title='bbox 3455 3486 3618 3543; x_wconf 85' lang='lat' dir='ltr'><strong>etiam</strong></span> 
     </span>
    </p>
   </div>
   <div class='ocr_carea' id='block_1_80' title="bbox 2047 3576 3622 3648">
    <p class='ocr_par' dir='ltr' id='par_1_80' title="bbox 2047 3576 3622 3648">
     <span class='ocr_line' id='line_1_80' title="bbox 2047 3576 3622 3648; baseline 0.003 -18"><span class='ocrx_word' id='word_1_611' title='bbox 2047 3589 2219 3646; x_wconf 87' lang='lat' dir='ltr'><strong>pauca</strong></span> <span class='ocrx_word' id='word_1_612' title='bbox 2265 3588 2388 3646; x_wconf 66' lang='lat' dir='ltr'><strong>qua:</strong></span> <span class='ocrx_word' id='word_1_613' title='bbox 2434 3576 2720 3641; x_wconf 88' lang='lat' dir='ltr'><strong>habemus,</strong></span> <span class='ocrx_word' id='word_1_614' title='bbox 2769 3576 2822 3631; x_wconf 90' lang='lat' dir='ltr'><strong>in</strong></span> <span class='ocrx_word' id='word_1_615' title='bbox 2873 3576 3295 3648; x_wconf 81' lang='lat' dir='ltr'><strong>hospitalitatem</strong></span> <span class='ocrx_word' id='word_1_616' title='bbox 3346 3577 3622 3635; x_wconf 89' lang='lat' dir='ltr'><strong>insumere</strong></span> 
     </span>
    </p>
   </div>
   <div class='ocr_carea' id='block_1_81' title="bbox 2049 3667 3624 3740">
    <p class='ocr_par' dir='ltr' id='par_1_81' title="bbox 2049 3667 3624 3740">
     <span class='ocr_line' id='line_1_81' title="bbox 2049 3667 3624 3740; baseline 0.002 -18"><span class='ocrx_word' id='word_1_617' title='bbox 2049 3669 2324 3722; x_wconf 86' lang='lat' dir='ltr'><strong>debemus.</strong></span> <span class='ocrx_word' id='word_1_618' title='bbox 2353 3667 2566 3724; x_wconf 87' lang='lat' dir='ltr'><strong>Etenim</strong></span> <span class='ocrx_word' id='word_1_619' title='bbox 2596 3668 2825 3740; x_wconf 90' lang='lat' dir='ltr'><strong>apostoli</strong></span> <span class='ocrx_word' id='word_1_620' title='bbox 2856 3683 3022 3739; x_wconf 86' lang='lat' dir='ltr'><strong>pauca</strong></span> <span class='ocrx_word' id='word_1_621' title='bbox 3051 3671 3332 3737; x_wconf 85' lang='lat' dir='ltr'><strong>habentes,</strong></span> <span class='ocrx_word' id='word_1_622' title='bbox 3359 3670 3624 3727; x_wconf 89' lang='lat' dir='ltr'><strong>dederunt</strong></span> 
     </span>
    </p>
   </div>
   <div class='ocr_carea' id='block_1_82' title="bbox 2052 3759 3620 3833">
    <p class='ocr_par' dir='ltr' id='par_1_82' title="bbox 2052 3759 3620 3833">
     <span class='ocr_line' id='line_1_82' title="bbox 2052 3759 3620 3833; baseline 0.001 -18"><span class='ocrx_word' id='word_1_623' title='bbox 2052 3759 2227 3815; x_wconf 90' lang='lat' dir='ltr'><strong>turbis</strong></span> <span class='ocrx_word' id='word_1_624' title='bbox 2258 3778 2271 3815; x_wconf 93' lang='lat'><strong>:</strong></span> <span class='ocrx_word' id='word_1_625' title='bbox 2305 3770 2358 3815; x_wconf 90' lang='lat' dir='ltr'><strong>et</strong></span> <span class='ocrx_word' id='word_1_626' title='bbox 2393 3761 2848 3833; x_wconf 87' lang='lat' dir='ltr'><strong>quemadmodum</strong></span> <span class='ocrx_word' id='word_1_627' title='bbox 2880 3776 3048 3832; x_wconf 84' lang='lat' dir='ltr'><strong>pauca</strong></span> <span class='ocrx_word' id='word_1_628' title='bbox 3071 3764 3185 3818; x_wconf 77' lang='lat' dir='ltr'><strong>hzec</strong></span> <span class='ocrx_word' id='word_1_629' title='bbox 3219 3762 3620 3833; x_wconf 86' lang='lat' dir='ltr'><strong>multiplicavit,</strong></span> 
     </span>
    </p>
   </div>
   <div class='ocr_carea' id='block_1_83' title="bbox 2051 3852 3627 3924">
    <p class='ocr_par' dir='ltr' id='par_1_83' title="bbox 2051 3852 3627 3924">
     <span class='ocr_line' id='line_1_83' title="bbox 2051 3852 3627 3924; baseline 0.001 -16"><span class='ocrx_word' id='word_1_630' title='bbox 2051 3852 2128 3908; x_wconf 79' lang='lat' dir='ltr'><strong>ita</strong></span> <span class='ocrx_word' id='word_1_631' title='bbox 2161 3859 2214 3907; x_wconf 87' lang='lat' dir='ltr'><strong>et</strong></span> <span class='ocrx_word' id='word_1_632' title='bbox 2242 3862 2331 3909; x_wconf 89' lang='lat' dir='ltr'><strong>tua</strong></span> <span class='ocrx_word' id='word_1_633' title='bbox 2358 3868 2528 3923; x_wconf 88' lang='lat' dir='ltr'><strong>pauca</strong></span> <span class='ocrx_word' id='word_1_634' title='bbox 2559 3853 3080 3924; x_wconf 87' lang='lat' dir='ltr'><strong>multiplicabuntur.</strong></span> <span class='ocrx_word' id='word_1_635' title='bbox 3120 3853 3275 3911; x_wconf 84' lang='lat' dir='ltr'><strong>Facit</strong></span> <span class='ocrx_word' id='word_1_636' title='bbox 3305 3865 3481 3910; x_wconf 88' lang='lat' dir='ltr'><strong>autem</strong></span> <span class='ocrx_word' id='word_1_637' title='bbox 3511 3866 3627 3911; x_wconf 82' lang='lat' dir='ltr'><strong>tur-</strong></span> 
     </span>
    </p>
   </div>
   <div class='ocr_carea' id='block_1_84' title="bbox 2052 3943 3624 4014">
    <p class='ocr_par' dir='ltr' id='par_1_84' title="bbox 2052 3943 3624 4014">
     <span class='ocr_line' id='line_1_84' title="bbox 2052 3943 3624 4014; baseline 0.001 -13"><span class='ocrx_word' id='word_1_638' title='bbox 2052 3945 2150 4001; x_wconf 87' lang='lat' dir='ltr'><strong>bas</strong></span> <span class='ocrx_word' id='word_1_639' title='bbox 2179 3959 2343 4014; x_wconf 88' lang='lat' dir='ltr'><strong>super</strong></span> <span class='ocrx_word' id='word_1_640' title='bbox 2370 3944 2613 4014; x_wconf 88' lang='lat' dir='ltr'><strong>gramina</strong></span> <span class='ocrx_word' id='word_1_641' title='bbox 2653 3943 2963 4010; x_wconf 87' lang='lat' dir='ltr'><strong>considere,</strong></span> <span class='ocrx_word' id='word_1_642' title='bbox 2998 3944 3364 4014; x_wconf 84' lang='lat' dir='ltr'><strong>frugalitatem</strong></span> <span class='ocrx_word' id='word_1_643' title='bbox 3399 3946 3624 4013; x_wconf 87' lang='lat' dir='ltr'><strong>docens,</strong></span> 
     </span>
    </p>
   </div>
   <div class='ocr_carea' id='block_1_85' title="bbox 2053 4034 3627 4105">
    <p class='ocr_par' dir='ltr' id='par_1_85' title="bbox 2053 4034 3627 4105">
     <span class='ocr_line' id='line_1_85' title="bbox 2053 4034 3627 4105; baseline 0.001 -14"><span class='ocrx_word' id='word_1_644' title='bbox 2053 4049 2122 4091; x_wconf 86' lang='lat' dir='ltr'><strong>ne</strong></span> <span class='ocrx_word' id='word_1_645' title='bbox 2152 4045 2208 4089; x_wconf 92' lang='lat' dir='ltr'><strong>tu</strong></span> <span class='ocrx_word' id='word_1_646' title='bbox 2238 4034 2293 4090; x_wconf 93' lang='lat' dir='ltr'><strong>iu</strong></span> <span class='ocrx_word' id='word_1_647' title='bbox 2329 4034 2590 4105; x_wconf 86' lang='lat' dir='ltr'><strong>pretiosis</strong></span> <span class='ocrx_word' id='word_1_648' title='bbox 2625 4034 2781 4091; x_wconf 88' lang='lat' dir='ltr'><strong>lectis</strong></span> <span class='ocrx_word' id='word_1_649' title='bbox 2813 4044 2869 4090; x_wconf 89' lang='lat' dir='ltr'><strong>et</strong></span> <span class='ocrx_word' id='word_1_650' title='bbox 2901 4035 3089 4090; x_wconf 88' lang='lat' dir='ltr'><strong>stratis</strong></span> <span class='ocrx_word' id='word_1_651' title='bbox 3121 4036 3428 4091; x_wconf 83' lang='lat' dir='ltr'><strong>recumbas.</strong></span> <span class='ocrx_word' id='word_1_652' title='bbox 3458 4036 3627 4092; x_wconf 87' lang='lat' dir='ltr'><strong>Porro</strong></span> 
     </span>
    </p>
   </div>
   <div class='ocr_carea' id='block_1_86' title="bbox 2054 4125 3626 4197">
    <p class='ocr_par' dir='ltr' id='par_1_86' title="bbox 2054 4125 3626 4197">
     <span class='ocr_line' id='line_1_86' title="bbox 2054 4125 3626 4197; baseline -0.001 -16"><span class='ocrx_word' id='word_1_653' title='bbox 2054 4127 2282 4197; x_wconf 87' lang='lat' dir='ltr'><strong>suspicit</strong></span> <span class='ocrx_word' id='word_1_654' title='bbox 2320 4127 2373 4181; x_wconf 91' lang='lat' dir='ltr'><strong>in</strong></span> <span class='ocrx_word' id='word_1_655' title='bbox 2407 4125 2601 4182; x_wconf 83' lang='lat' dir='ltr'><strong>coelum</strong></span> <span class='ocrx_word' id='word_1_656' title='bbox 2638 4136 2692 4181; x_wconf 91' lang='lat' dir='ltr'><strong>et</strong></span> <span class='ocrx_word' id='word_1_657' title='bbox 2724 4125 2996 4181; x_wconf 87' lang='lat' dir='ltr'><strong>benedicit</strong></span> <span class='ocrx_word' id='word_1_658' title='bbox 3035 4139 3205 4195; x_wconf 88' lang='lat' dir='ltr'><strong>panes</strong></span> <span class='ocrx_word' id='word_1_659' title='bbox 3239 4143 3253 4181; x_wconf 90' lang='lat'><strong>:</strong></span> <span class='ocrx_word' id='word_1_660' title='bbox 3287 4125 3534 4181; x_wconf 82' lang='lat' dir='ltr'><strong>fortassis</strong></span> <span class='ocrx_word' id='word_1_661' title='bbox 3566 4136 3626 4180; x_wconf 92' lang='lat' dir='ltr'><strong>ut</strong></span> 
     </span>
    </p>
   </div>
   <div class='ocr_carea' id='block_1_87' title="bbox 2057 4217 3626 4290">
    <p class='ocr_par' dir='ltr' id='par_1_87' title="bbox 2057 4217 3626 4290">
     <span class='ocr_line' id='line_1_87' title="bbox 2057 4217 3626 4290; baseline 0.002 -17"><span class='ocrx_word' id='word_1_662' title='bbox 2057 4217 2230 4289; x_wconf 87' lang='lat' dir='ltr'><strong>major</strong></span> <span class='ocrx_word' id='word_1_663' title='bbox 2255 4218 2386 4277; x_wconf 84' lang='lat' dir='ltr'><strong>ﬁdes</strong></span> <span class='ocrx_word' id='word_1_664' title='bbox 2412 4220 2462 4276; x_wconf 87' lang='lat' dir='ltr'><strong>ei</strong></span> <span class='ocrx_word' id='word_1_665' title='bbox 2485 4220 2748 4275; x_wconf 82' lang='lat' dir='ltr'><strong>habeatur</strong></span> <span class='ocrx_word' id='word_1_666' title='bbox 2770 4220 2912 4290; x_wconf 90' lang='lat' dir='ltr'><strong>quod</strong></span> <span class='ocrx_word' id='word_1_667' title='bbox 2936 4234 3043 4274; x_wconf 92' lang='lat' dir='ltr'><strong>non</strong></span> <span class='ocrx_word' id='word_1_668' title='bbox 3071 4218 3143 4275; x_wconf 91' lang='lat' dir='ltr'><strong>sit</strong></span> <span class='ocrx_word' id='word_1_669' title='bbox 3164 4218 3476 4276; x_wconf 85' lang='lat' dir='ltr'><strong>contrarius</strong></span> <span class='ocrx_word' id='word_1_670' title='bbox 3494 4218 3626 4283; x_wconf 86' lang='lat' dir='ltr'><strong>Deo,</strong></span> 
     </span>
    </p>
   </div>
   <div class='ocr_carea' id='block_1_88' title="bbox 2056 4310 3640 4382">
    <p class='ocr_par' dir='ltr' id='par_1_88' title="bbox 2056 4310 3640 4382">
     <span class='ocr_line' id='line_1_88' title="bbox 2056 4310 3640 4382; baseline -0.001 -15"><span class='ocrx_word' id='word_1_671' title='bbox 2056 4310 2152 4367; x_wconf 89' lang='lat' dir='ltr'><strong>sed</strong></span> <span class='ocrx_word' id='word_1_672' title='bbox 2178 4311 2392 4367; x_wconf 84' lang='lat' dir='ltr'><strong>caelitus</strong></span> <span class='ocrx_word' id='word_1_673' title='bbox 2424 4320 2479 4368; x_wconf 90' lang='lat' dir='ltr'><strong>et</strong></span> <span class='ocrx_word' id='word_1_674' title='bbox 2509 4329 2539 4369; x_wconf 91' lang='lat' dir='ltr'><strong>a</strong></span> <span class='ocrx_word' id='word_1_675' title='bbox 2566 4310 2728 4368; x_wconf 85' lang='lat' dir='ltr'><strong>Patre</strong></span> <span class='ocrx_word' id='word_1_676' title='bbox 2763 4312 2993 4368; x_wconf 87' lang='lat' dir='ltr'><strong>venerit.</strong></span> <span class='ocrx_word' id='word_1_677' title='bbox 3032 4310 3197 4367; x_wconf 87' lang='lat' dir='ltr'><strong>Docet</strong></span> <span class='ocrx_word' id='word_1_678' title='bbox 3239 4326 3453 4382; x_wconf 86' lang='lat' dir='ltr'><strong>quoque</strong></span> <span class='ocrx_word' id='word_1_679' title='bbox 3485 4322 3543 4368; x_wconf 90' lang='lat' dir='ltr'><strong>ut</strong></span> <span class='ocrx_word' id='word_1_680' title='bbox 3574 4322 3640 4380; x_wconf 65' lang='lat' dir='ltr'><strong>et</strong></span> 
     </span>
    </p>
   </div>
   <div class='ocr_carea' id='block_1_89' title="bbox 376 4404 1943 4492">
    <p class='ocr_par' dir='ltr' id='par_1_89' title="bbox 376 4411 1943 4492">
     <span class='ocr_line' id='line_1_89' title="bbox 376 4411 1943 4492; baseline -0.007 -17"><span class='ocrx_word' id='word_1_681' title='bbox 376 4421 509 4492; x_wconf 77' lang='grc' dir='ltr'>τρδς</span> <span class='ocrx_word' id='word_1_682' title='bbox 534 4415 668 4492; x_wconf 74' lang='grc' dir='ltr'>ἦλθε</span> <span class='ocrx_word' id='word_1_683' title='bbox 706 4419 801 4475; x_wconf 73' lang='grc' dir='ltr'><strong>καὶ</strong></span> <span class='ocrx_word' id='word_1_684' title='bbox 825 4416 1117 4487; x_wconf 70' lang='grc' dir='ltr'>οὐρανόθεν</span> <span class='ocrx_word' id='word_1_685' title='bbox 1146 4433 1159 4446; x_wconf 86' lang='grc'>·</span> <span class='ocrx_word' id='word_1_686' title='bbox 1186 4414 1305 4486; x_wconf 78' lang='grc' dir='ltr'>ἅμα</span> <span class='ocrx_word' id='word_1_687' title='bbox 1341 4413 1422 4477; x_wconf 81' lang='grc' dir='ltr'>δὲ,</span> <span class='ocrx_word' id='word_1_688' title='bbox 1443 4411 1538 4467; x_wconf 83' lang='grc' dir='ltr'><strong>καὶ</strong></span> <span class='ocrx_word' id='word_1_689' title='bbox 1570 4412 1661 4467; x_wconf 79' lang='grc' dir='ltr'>ἵνα</span> <span class='ocrx_word' id='word_1_690' title='bbox 1691 4411 1943 4483; x_wconf 65' lang='grc' dir='ltr'>παιδεύσας</span> 
     </span>
    </p>
   </div>
   <div class='ocr_carea' id='block_1_90' title="bbox 2045 4404 3629 4492">
    <p class='ocr_par' dir='ltr' id='par_1_90' title="bbox 2062 4404 3629 4476">
     <span class='ocr_line' id='line_1_90' title="bbox 2062 4404 3629 4476; baseline 0 -17"><span class='ocrx_word' id='word_1_691' title='bbox 2062 4419 2162 4461; x_wconf 89' lang='lat' dir='ltr'><strong>nos</strong></span> <span class='ocrx_word' id='word_1_692' title='bbox 2189 4419 2430 4460; x_wconf 87' lang='lat' dir='ltr'><strong>mensam</strong></span> <span class='ocrx_word' id='word_1_693' title='bbox 2473 4404 2814 4471; x_wconf 86' lang='lat' dir='ltr'><strong>accedentes,</strong></span> <span class='ocrx_word' id='word_1_694' title='bbox 2858 4404 3093 4476; x_wconf 86' lang='lat' dir='ltr'><strong>primum</strong></span> <span class='ocrx_word' id='word_1_695' title='bbox 3130 4404 3335 4475; x_wconf 87' lang='lat' dir='ltr'><strong>gratias</strong></span> <span class='ocrx_word' id='word_1_696' title='bbox 3383 4418 3629 4475; x_wconf 82' lang='lat' dir='ltr'><strong>agamus,</strong></span> 
     </span>
    </p>
   </div>
   <div class='ocr_carea' id='block_1_91' title="bbox 381 4503 1956 4582">
    <p class='ocr_par' dir='ltr' id='par_1_91' title="bbox 381 4503 1956 4582">
     <span class='ocr_line' id='line_1_91' title="bbox 381 4503 1956 4582; baseline -0.004 -16"><span class='ocrx_word' id='word_1_697' title='bbox 381 4512 531 4582; x_wconf 74' lang='grc' dir='ltr'>ἡμᾶς</span> <span class='ocrx_word' id='word_1_698' title='bbox 564 4509 908 4582; x_wconf 79' lang='grc' dir='ltr'>ἁπτομένους</span> <span class='ocrx_word' id='word_1_699' title='bbox 965 4505 1242 4577; x_wconf 75' lang='grc' dir='ltr'>τραπέζης</span> <span class='ocrx_word' id='word_1_700' title='bbox 1276 4506 1626 4576; x_wconf 84' lang='grc' dir='ltr'>εὐχαριστεῖν</span> <span class='ocrx_word' id='word_1_701' title='bbox 1660 4503 1756 4558; x_wconf 73' lang='grc' dir='ltr'>καὶ</span> <span class='ocrx_word' id='word_1_702' title='bbox 1782 4503 1956 4567; x_wconf 74' lang='grc' dir='ltr'>οὕτως</span> 
     </span>
    </p>
   </div>
   <div class='ocr_carea' id='block_1_92' title="bbox 380 4603 604 4658">
    <p class='ocr_par' dir='ltr' id='par_1_92' title="bbox 380 4603 604 4658">
     <span class='ocr_line' id='line_1_92' title="bbox 380 4603 604 4658; baseline 0.009 -2"><span class='ocrx_word' id='word_1_703' title='bbox 380 4603 604 4658; x_wconf 73' lang='grc' dir='ltr'>ἐσθίειν.</span> 
     </span>
    </p>
   </div>
   <div class='ocr_carea' id='block_1_93' title="bbox 458 4686 1955 4763">
    <p class='ocr_par' dir='ltr' id='par_1_93' title="bbox 458 4686 1955 4763">
     <span class='ocr_line' id='line_1_93' title="bbox 458 4686 1955 4763; baseline -0.005 -17"><span class='ocrx_word' id='word_1_704' title='bbox 458 4714 479 4745; x_wconf 78' lang='grc' dir='ltr'><strong>ι</strong></span> <span class='ocrx_word' id='word_1_705' title='bbox 521 4695 633 4748; x_wconf 76' lang='grc' dir='ltr'><strong>Καὶ</strong></span> <span class='ocrx_word' id='word_1_706' title='bbox 657 4695 863 4759; x_wconf 83' lang='grc' dir='ltr'>κλάσας</span> <span class='ocrx_word' id='word_1_707' title='bbox 888 4694 1059 4748; x_wconf 80' lang='grc' dir='ltr'>ἐδωκε</span> <span class='ocrx_word' id='word_1_708' title='bbox 1099 4694 1213 4755; x_wconf 89' lang='grc' dir='ltr'>τοῖς</span> <span class='ocrx_word' id='word_1_709' title='bbox 1247 4691 1519 4763; x_wconf 73' lang='grc' dir='ltr'>μαθηταῖς</span> <span class='ocrx_word' id='word_1_710' title='bbox 1562 4690 1688 4751; x_wconf 76' lang='grc' dir='ltr'>τοὺς</span> <span class='ocrx_word' id='word_1_711' title='bbox 1733 4686 1955 4756; x_wconf 80' lang='grc' dir='ltr'>ἄρτους,</span> 
     </span>
    </p>
   </div>
   <div class='ocr_carea' id='block_1_94' title="bbox 382 4766 1957 4853">
    <p class='ocr_par' dir='ltr' id='par_1_94' title="bbox 382 4766 1957 4853">
     <span class='ocr_line' id='line_1_94' title="bbox 382 4766 1957 4853; baseline -0.006 -16"><span class='ocrx_word' id='word_1_712' title='bbox 382 4786 434 4837; x_wconf 86' lang='grc' dir='ltr'><strong>οί</strong></span> <span class='ocrx_word' id='word_1_713' title='bbox 471 4785 530 4837; x_wconf 77' lang='grc' dir='ltr'>δὲ</span> <span class='ocrx_word' id='word_1_714' title='bbox 567 4783 813 4853; x_wconf 75' lang='grc' dir='ltr'>μαθηταὶ</span> <span class='ocrx_word' id='word_1_715' title='bbox 862 4785 976 4845; x_wconf 83' lang='grc' dir='ltr'>τοῖς</span> <span class='ocrx_word' id='word_1_716' title='bbox 1006 4781 1215 4853; x_wconf 84' lang='grc' dir='ltr'>ὄχλοις·</span> <span class='ocrx_word' id='word_1_717' title='bbox 1256 4782 1351 4835; x_wconf 73' lang='grc' dir='ltr'>καὶ</span> <span class='ocrx_word' id='word_1_718' title='bbox 1385 4766 1589 4848; x_wconf 77' lang='grc' dir='ltr'>ἔφαγον</span> <span class='ocrx_word' id='word_1_719' title='bbox 1624 4778 1826 4837; x_wconf 83' lang='grc' dir='ltr'>πάντες</span> <span class='ocrx_word' id='word_1_720' title='bbox 1862 4776 1957 4829; x_wconf 76' lang='grc' dir='ltr'>καὶ</span> 
     </span>
    </p>
   </div>
   <div class='ocr_carea' id='block_1_95' title="bbox 384 4865 1934 4945">
    <p class='ocr_par' dir='ltr' id='par_1_95' title="bbox 384 4865 1934 4945">
     <span class='ocr_line' id='line_1_95' title="bbox 384 4865 1934 4945; baseline -0.005 -18"><span class='ocrx_word' id='word_1_721' title='bbox 384 4873 823 4945; x_wconf 74' lang='grc' dir='ltr'>ἐχορτάσθησαν,</span> <span class='ocrx_word' id='word_1_722' title='bbox 849 4872 947 4928; x_wconf 71' lang='grc' dir='ltr'>καὶ</span> <span class='ocrx_word' id='word_1_723' title='bbox 968 4866 1108 4945; x_wconf 81' lang='grc' dir='ltr'>ᾗραν</span> <span class='ocrx_word' id='word_1_724' title='bbox 1133 4871 1196 4924; x_wconf 79' lang='grc' dir='ltr'>τὸ</span> <span class='ocrx_word' id='word_1_725' title='bbox 1218 4869 1546 4942; x_wconf 63' lang='grc' dir='ltr'>περισσεῦον</span> <span class='ocrx_word' id='word_1_726' title='bbox 1571 4868 1682 4922; x_wconf 85' lang='grc' dir='ltr'><strong>τῶν</strong></span> <span class='ocrx_word' id='word_1_727' title='bbox 1709 4865 1934 4937; x_wconf 83' lang='grc' dir='ltr'>κλασμά</span> 
     </span>
    </p>
   </div>
   <div class='ocr_carea' id='block_1_96' title="bbox 384 4954 1961 5033">
    <p class='ocr_par' dir='ltr' id='par_1_96' title="bbox 384 4954 1961 5033">
     <span class='ocr_line' id='line_1_96' title="bbox 384 4954 1961 5033; baseline -0.006 -15"><span class='ocrx_word' id='word_1_728' title='bbox 384 4982 517 5031; x_wconf 68' lang='grc' dir='ltr'>των,</span> <span class='ocrx_word' id='word_1_729' title='bbox 535 4965 748 5018; x_wconf 80' lang='grc' dir='ltr'>δώδεκα</span> <span class='ocrx_word' id='word_1_730' title='bbox 787 4964 1039 5033; x_wconf 84' lang='grc' dir='ltr'>κοφίνους</span> <span class='ocrx_word' id='word_1_731' title='bbox 1063 4963 1312 5033; x_wconf 83' lang='grc' dir='ltr'>πλήρεις.</span> <span class='ocrx_word' id='word_1_732' title='bbox 1347 4963 1411 5016; x_wconf 80' lang='grc' dir='ltr'><strong>υἱ</strong></span> <span class='ocrx_word' id='word_1_733' title='bbox 1444 4961 1501 5015; x_wconf 81' lang='grc' dir='ltr'>δὲ</span> <span class='ocrx_word' id='word_1_734' title='bbox 1526 4960 1798 5023; x_wconf 88' lang='grc' dir='ltr'>ἐσθίοντες</span> <span class='ocrx_word' id='word_1_735' title='bbox 1819 4954 1961 5029; x_wconf 74' lang='grc' dir='ltr'>ἦσαν</span> 
     </span>
    </p>
   </div>
   <div class='ocr_carea' id='block_1_97' title="bbox 386 5051 1963 5130">
    <p class='ocr_par' dir='ltr' id='par_1_97' title="bbox 386 5051 1963 5130">
     <span class='ocr_line' id='line_1_97' title="bbox 386 5051 1963 5130; baseline -0.005 -18"><span class='ocrx_word' id='word_1_736' title='bbox 386 5058 580 5130; x_wconf 81' lang='grc' dir='ltr'>ἄνδρες</span> <span class='ocrx_word' id='word_1_737' title='bbox 614 5058 746 5113; x_wconf 78' lang='grc' dir='ltr'>ὡσεὶ</span> <span class='ocrx_word' id='word_1_738' title='bbox 803 5057 1258 5128; x_wconf 85' lang='grc' dir='ltr'>πεντακισχίλιοι,</span> <span class='ocrx_word' id='word_1_739' title='bbox 1316 5055 1485 5126; x_wconf 75' lang='grc' dir='ltr'>χωρὶς</span> <span class='ocrx_word' id='word_1_740' title='bbox 1538 5051 1818 5124; x_wconf 84' lang='grc' dir='ltr'>γυναικῶν</span> <span class='ocrx_word' id='word_1_741' title='bbox 1869 5051 1963 5105; x_wconf 77' lang='grc' dir='ltr'>καὶ</span> 
     </span>
    </p>
   </div>
   <div class='ocr_carea' id='block_1_98' title="bbox 389 5139 1963 5218">
    <p class='ocr_par' dir='ltr' id='par_1_98' title="bbox 389 5139 1963 5218">
     <span class='ocr_line' id='line_1_98' title="bbox 389 5139 1963 5218; baseline -0.006 -15"><span class='ocrx_word' id='word_1_742' title='bbox 389 5149 636 5203; x_wconf 85' lang='grc' dir='ltr'>παιδίων.</span> <span class='ocrx_word' id='word_1_743' title='bbox 683 5167 702 5201; x_wconf 73' lang='grc' dir='ltr'><strong>ι</strong></span> <span class='ocrx_word' id='word_1_744' title='bbox 739 5148 865 5211; x_wconf 85' lang='grc' dir='ltr'>Τοῖς</span> <span class='ocrx_word' id='word_1_745' title='bbox 923 5146 1194 5218; x_wconf 85' lang='grc' dir='ltr'>μαθηταῖς</span> <span class='ocrx_word' id='word_1_746' title='bbox 1225 5143 1415 5198; x_wconf 75' lang='grc' dir='ltr'>δίδωσι</span> <span class='ocrx_word' id='word_1_747' title='bbox 1450 5145 1577 5207; x_wconf 81' lang='grc' dir='ltr'>τοὺς</span> <span class='ocrx_word' id='word_1_748' title='bbox 1625 5143 1842 5214; x_wconf 88' lang='grc' dir='ltr'>ἄρτους,</span> <span class='ocrx_word' id='word_1_749' title='bbox 1875 5139 1963 5195; x_wconf 75' lang='grc' dir='ltr'>ἵνα</span> 
     </span>
    </p>
   </div>
   <div class='ocr_carea' id='block_1_99' title="bbox 389 5232 1962 5312">
    <p class='ocr_par' dir='ltr' id='par_1_99' title="bbox 389 5232 1962 5312">
     <span class='ocr_line' id='line_1_99' title="bbox 389 5232 1962 5312; baseline -0.004 -17"><span class='ocrx_word' id='word_1_750' title='bbox 389 5242 477 5295; x_wconf 75' lang='grc' dir='ltr'><strong>διὰ</strong></span> <span class='ocrx_word' id='word_1_751' title='bbox 512 5241 736 5312; x_wconf 82' lang='grc' dir='ltr'>μνήμης</span> <span class='ocrx_word' id='word_1_752' title='bbox 769 5239 967 5312; x_wconf 69' lang='grc' dir='ltr'>ἔχωσιν</span> <span class='ocrx_word' id='word_1_753' title='bbox 995 5239 1084 5293; x_wconf 80' lang='grc' dir='ltr'>ἀεὶ</span> <span class='ocrx_word' id='word_1_754' title='bbox 1117 5237 1176 5292; x_wconf 80' lang='grc' dir='ltr'>τὸ</span> <span class='ocrx_word' id='word_1_755' title='bbox 1199 5237 1407 5307; x_wconf 79' lang='grc' dir='ltr'>θαῦμα,</span> <span class='ocrx_word' id='word_1_756' title='bbox 1449 5237 1545 5291; x_wconf 71' lang='grc' dir='ltr'>καὶ</span> <span class='ocrx_word' id='word_1_757' title='bbox 1599 5236 1674 5308; x_wconf 77' lang='grc' dir='ltr'>μὴ</span> <span class='ocrx_word' id='word_1_758' title='bbox 1709 5232 1962 5307; x_wconf 77' lang='grc' dir='ltr'>ἀπορρὺῃ</span> 
     </span>
    </p>
   </div>
   <div class='ocr_carea' id='block_1_100' title="bbox 391 5325 1967 5401">
    <p class='ocr_par' dir='ltr' id='par_1_100' title="bbox 391 5325 1967 5401">
     <span class='ocr_line' id='line_1_100' title="bbox 391 5325 1967 5401; baseline -0.003 -16"><span class='ocrx_word' id='word_1_759' title='bbox 391 5333 491 5401; x_wconf 72' lang='grc' dir='ltr'>τῆς</span> <span class='ocrx_word' id='word_1_760' title='bbox 519 5331 763 5392; x_wconf 85' lang='grc' dir='ltr'>διανοίας</span> <span class='ocrx_word' id='word_1_761' title='bbox 807 5330 1010 5395; x_wconf 73' lang='grc' dir='ltr'>αὐτῶν,</span> <span class='ocrx_word' id='word_1_762' title='bbox 1037 5329 1140 5383; x_wconf 80' lang='grc' dir='ltr'>κᾶν</span> <span class='ocrx_word' id='word_1_763' title='bbox 1172 5329 1370 5382; x_wconf 81' lang='grc' dir='ltr'>ἐκεῖνοι</span> <span class='ocrx_word' id='word_1_764' title='bbox 1431 5326 1714 5397; x_wconf 83' lang='grc' dir='ltr'>συντόμως</span> <span class='ocrx_word' id='word_1_765' title='bbox 1770 5325 1967 5380; x_wconf 83' lang='grc' dir='ltr'>ἐπελά-</span> 
     </span>
    </p>
   </div>
   <div class='ocr_carea' id='block_1_101' title="bbox 395 5417 1964 5492">
    <p class='ocr_par' dir='ltr' id='par_1_101' title="bbox 395 5417 1964 5492">
     <span class='ocr_line' id='line_1_101' title="bbox 395 5417 1964 5492; baseline -0.003 -18"><span class='ocrx_word' id='word_1_766' title='bbox 395 5422 547 5474; x_wconf 83' lang='grc' dir='ltr'>θοντο</span> <span class='ocrx_word' id='word_1_767' title='bbox 567 5438 583 5453; x_wconf 79' lang='grc' dir='ltr'><strong><em>ο</em></strong></span> <span class='ocrx_word' id='word_1_768' title='bbox 614 5421 705 5475; x_wconf 81' lang='grc' dir='ltr'>ἵνα</span> <span class='ocrx_word' id='word_1_769' title='bbox 735 5419 792 5475; x_wconf 85' lang='grc' dir='ltr'><strong>δέ</strong></span> <span class='ocrx_word' id='word_1_770' title='bbox 824 5420 902 5491; x_wconf 78' lang='grc' dir='ltr'>μὴ</span> <span class='ocrx_word' id='word_1_771' title='bbox 923 5419 1150 5492; x_wconf 78' lang='grc' dir='ltr'>νομίσῃς</span> <span class='ocrx_word' id='word_1_772' title='bbox 1173 5419 1256 5472; x_wconf 82' lang='grc' dir='ltr'>ὅτι</span> <span class='ocrx_word' id='word_1_773' title='bbox 1279 5417 1423 5471; x_wconf 86' lang='grc' dir='ltr'>κατὰ</span> <span class='ocrx_word' id='word_1_774' title='bbox 1454 5417 1757 5485; x_wconf 87' lang='grc' dir='ltr'>φαντασίαν</span> <span class='ocrx_word' id='word_1_775' title='bbox 1798 5417 1964 5471; x_wconf 82' lang='grc' dir='ltr'>ἐθαυ-</span> 
     </span>
    </p>
   </div>
   <div class='ocr_carea' id='block_1_102' title="bbox 396 5503 1964 5586">
    <p class='ocr_par' dir='ltr' id='par_1_102' title="bbox 396 5503 1964 5586">
     <span class='ocr_line' id='line_1_102' title="bbox 396 5503 1964 5586; baseline -0.003 -21"><span class='ocrx_word' id='word_1_776' title='bbox 396 5513 773 5586; x_wconf 84' lang='grc' dir='ltr'>ματούργησε,</span> <span class='ocrx_word' id='word_1_777' title='bbox 836 5510 924 5566; x_wconf 88' lang='grc' dir='ltr'><strong>διά</strong></span> <span class='ocrx_word' id='word_1_778' title='bbox 978 5503 1138 5564; x_wconf 69' lang='grc' dir='ltr'>τοῦτο</span> <span class='ocrx_word' id='word_1_779' title='bbox 1179 5508 1581 5580; x_wconf 84' lang='grc' dir='ltr'>περιττεύουσι.</span> <span class='ocrx_word' id='word_1_780' title='bbox 1635 5507 1853 5579; x_wconf 76' lang='grc' dir='ltr'>Δώδεκα</span> <span class='ocrx_word' id='word_1_781' title='bbox 1905 5507 1964 5562; x_wconf 81' lang='grc' dir='ltr'>δὲ</span> 
     </span>
    </p>
   </div>
   <div class='ocr_carea' id='block_1_103' title="bbox 396 5601 1968 5674">
    <p class='ocr_par' dir='ltr' id='par_1_103' title="bbox 396 5601 1968 5674">
     <span class='ocr_line' id='line_1_103' title="bbox 396 5601 1968 5674; baseline -0.003 -16"><span class='ocrx_word' id='word_1_782' title='bbox 396 5604 629 5674; x_wconf 81' lang='grc' dir='ltr'>κόφινοι,</span> <span class='ocrx_word' id='word_1_783' title='bbox 673 5605 761 5658; x_wconf 79' lang='grc' dir='ltr'>ἶνα</span> <span class='ocrx_word' id='word_1_784' title='bbox 794 5603 893 5658; x_wconf 67' lang='grc' dir='ltr'>καὶ</span> <span class='ocrx_word' id='word_1_785' title='bbox 934 5604 1135 5666; x_wconf 78' lang='grc' dir='ltr'>Ἰούδας</span> <span class='ocrx_word' id='word_1_786' title='bbox 1175 5601 1442 5674; x_wconf 66' lang='grc' dir='ltr'>βαστάσει,</span> <span class='ocrx_word' id='word_1_787' title='bbox 1471 5601 1567 5656; x_wconf 77' lang='grc' dir='ltr'><strong>καὶ</strong></span> <span class='ocrx_word' id='word_1_788' title='bbox 1616 5602 1692 5674; x_wconf 79' lang='grc' dir='ltr'>μὴ</span> <span class='ocrx_word' id='word_1_789' title='bbox 1724 5603 1802 5665; x_wconf 87' lang='grc' dir='ltr'><strong>είς</strong></span> <span class='ocrx_word' id='word_1_790' title='bbox 1834 5618 1968 5672; x_wconf 84' lang='grc' dir='ltr'>προ-</span> 
     </span>
    </p>
   </div>
   <div class='ocr_carea' id='block_1_104' title="bbox 394 5694 1965 5769">
    <p class='ocr_par' dir='ltr' id='par_1_104' title="bbox 394 5694 1965 5769">
     <span class='ocr_line' id='line_1_104' title="bbox 394 5694 1965 5769; baseline -0.002 -18"><span class='ocrx_word' id='word_1_791' title='bbox 394 5697 579 5751; x_wconf 81' lang='grc' dir='ltr'>δοσίαν</span> <span class='ocrx_word' id='word_1_792' title='bbox 613 5696 1040 5769; x_wconf 78' lang='grc' dir='ltr'>ἐκτραχηλισθῇ,</span> <span class='ocrx_word' id='word_1_793' title='bbox 1071 5695 1475 5766; x_wconf 81' lang='grc' dir='ltr'>ἐνθυμούμενος</span> <span class='ocrx_word' id='word_1_794' title='bbox 1505 5696 1567 5749; x_wconf 79' lang='grc' dir='ltr'>τὸ</span> <span class='ocrx_word' id='word_1_795' title='bbox 1598 5694 1807 5766; x_wconf 82' lang='grc' dir='ltr'>θαῦμα.</span> <span class='ocrx_word' id='word_1_796' title='bbox 1852 5695 1965 5749; x_wconf 78' lang='grc' dir='ltr'><strong>Καὶ</strong></span> 
     </span>
    </p>
   </div>
   <div class='ocr_carea' id='block_1_105' title="bbox 394 5782 1962 5862">
    <p class='ocr_par' dir='ltr' id='par_1_105' title="bbox 394 5782 1962 5862">
     <span class='ocr_line' id='line_1_105' title="bbox 394 5782 1962 5862; baseline 0.015 -32"><span class='ocrx_word' id='word_1_797' title='bbox 394 5789 521 5855; x_wconf 65' lang='grc' dir='ltr'>τοὺς</span> <span class='ocrx_word' id='word_1_798' title='bbox 544 5787 744 5862; x_wconf 71' lang='grc' dir='ltr'>ἄρτους</span> <span class='ocrx_word' id='word_1_799' title='bbox 770 5789 826 5844; x_wconf 83' lang='grc' dir='ltr'>δὲ</span> <span class='ocrx_word' id='word_1_800' title='bbox 853 5786 1110 5860; x_wconf 78' lang='grc' dir='ltr'>πληθύνει</span> <span class='ocrx_word' id='word_1_801' title='bbox 1163 5786 1257 5841; x_wconf 81' lang='grc' dir='ltr'>καὶ</span> <span class='ocrx_word' id='word_1_802' title='bbox 1282 5788 1407 5851; x_wconf 77' lang='grc' dir='ltr'>τοὺς</span> <span class='ocrx_word' id='word_1_803' title='bbox 1437 5785 1648 5860; x_wconf 77' lang='grc' dir='ltr'>ἰχθύας,</span> <span class='ocrx_word' id='word_1_804' title='bbox 1682 5786 1768 5842; x_wconf 81' lang='grc' dir='ltr'>ἵνα</span> <span class='ocrx_word' id='word_1_805' title='bbox 1813 5782 1962 5862; x_wconf 66' lang='lat' dir='ltr'><strong>estin</strong></span> 
     </span>
    </p>
   </div>
   <div class='ocr_carea' id='block_1_106' title="bbox 639 5879 1380 5946">
    <p class='ocr_par' dir='ltr' id='par_1_106' title="bbox 639 5879 1380 5946">
     <span class='ocr_line' id='line_1_106' title="bbox 639 5879 1380 5946; baseline -0.003 0"><span class='ocrx_word' id='word_1_806' title='bbox 639 5881 912 5946; x_wconf 76' lang='grc' dir='ltr'>ΡΑτιιοι..</span> <span class='ocrx_word' id='word_1_807' title='bbox 950 5882 1068 5944; x_wconf 76' lang='lat' dir='ltr'><strong>G-tt.</strong></span> <span class='ocrx_word' id='word_1_808' title='bbox 1101 5879 1380 5944; x_wconf 73' lang='lat' dir='ltr'><strong>CXXIII.</strong></span> 
     </span>
    </p>
   </div>
   <div class='ocr_carea' id='block_1_107' title="bbox 2058 4495 2608 4551">
    <p class='ocr_par' dir='ltr' id='par_1_107' title="bbox 2058 4495 2608 4551">
     <span class='ocr_line' id='line_1_107' title="bbox 2058 4495 2608 4551; baseline 0.005 -3"><span class='ocrx_word' id='word_1_809' title='bbox 2058 4503 2113 4548; x_wconf 89' lang='lat' dir='ltr'><strong>et</strong></span> <span class='ocrx_word' id='word_1_810' title='bbox 2142 4495 2222 4549; x_wconf 90' lang='lat' dir='ltr'><strong>sic</strong></span> <span class='ocrx_word' id='word_1_811' title='bbox 2241 4496 2608 4551; x_wconf 84' lang='lat' dir='ltr'><strong>comedamus.</strong></span> 
     </span>
    </p>
   </div>
   <div class='ocr_carea' id='block_1_108' title="bbox 2135 4675 3634 4752">
    <p class='ocr_par' dir='ltr' id='par_1_108' title="bbox 2135 4675 3634 4752">
     <span class='ocr_line' id='line_1_108' title="bbox 2135 4675 3634 4752; baseline 0.003 -22"><span class='ocrx_word' id='word_1_812' title='bbox 2135 4675 2298 4734; x_wconf 76' lang='lat' dir='ltr'><strong>Vsus.</strong></span> <span class='ocrx_word' id='word_1_813' title='bbox 2327 4677 2517 4734; x_wconf 74' lang='lat' dir='ltr'><strong>l9-21.</strong></span> <span class='ocrx_word' id='word_1_814' title='bbox 2560 4697 2579 4731; x_wconf 81' lang='grc' dir='ltr'><strong>ι</strong></span> <span class='ocrx_word' id='word_1_815' title='bbox 2618 4678 2685 4733; x_wconf 78' lang='lat' dir='ltr'><strong>Et</strong></span> <span class='ocrx_word' id='word_1_816' title='bbox 2714 4695 2834 4736; x_wconf 89' lang='lat' dir='ltr'><strong>cum</strong></span> <span class='ocrx_word' id='word_1_817' title='bbox 2861 4678 3131 4752; x_wconf 89' lang='lat' dir='ltr'><strong>fregisset,</strong></span> <span class='ocrx_word' id='word_1_818' title='bbox 3173 4681 3320 4736; x_wconf 88' lang='lat' dir='ltr'><strong>dedit</strong></span> <span class='ocrx_word' id='word_1_819' title='bbox 3353 4680 3634 4751; x_wconf 85' lang='lat' dir='ltr'><strong>discipulis</strong></span> 
     </span>
    </p>
   </div>
   <div class='ocr_carea' id='block_1_109' title="bbox 2061 4758 3633 4845">
    <p class='ocr_par' dir='ltr' id='par_1_109' title="bbox 2061 4758 3633 4845">
     <span class='ocr_line' id='line_1_109' title="bbox 2061 4758 3633 4845; baseline 0 -18"><span class='ocrx_word' id='word_1_820' title='bbox 2061 4787 2248 4845; x_wconf 86' lang='lat' dir='ltr'><strong>panes,</strong></span> <span class='ocrx_word' id='word_1_821' title='bbox 2282 4772 2531 4843; x_wconf 88' lang='lat' dir='ltr'><strong>discipuli</strong></span> <span class='ocrx_word' id='word_1_822' title='bbox 2559 4787 2686 4829; x_wconf 85' lang='lat' dir='ltr'><strong>vero</strong></span> <span class='ocrx_word' id='word_1_823' title='bbox 2719 4774 2912 4831; x_wconf 87' lang='lat' dir='ltr'><strong>turbis.</strong></span> <span class='ocrx_word' id='word_1_824' title='bbox 2949 4773 3016 4828; x_wconf 86' lang='lat' dir='ltr'><strong>Et</strong></span> <span class='ocrx_word' id='word_1_825' title='bbox 3045 4758 3395 4830; x_wconf 81' lang='lat' dir='ltr'><strong>comederunt</strong></span> <span class='ocrx_word' id='word_1_826' title='bbox 3420 4786 3633 4837; x_wconf 85' lang='lat' dir='ltr'><strong>omnes,</strong></span> 
     </span>
    </p>
   </div>
   <div class='ocr_carea' id='block_1_110' title="bbox 2062 4866 3637 4937">
    <p class='ocr_par' dir='ltr' id='par_1_110' title="bbox 2062 4866 3637 4937">
     <span class='ocr_line' id='line_1_110' title="bbox 2062 4866 3637 4937; baseline 0.002 -16"><span class='ocrx_word' id='word_1_827' title='bbox 2062 4875 2118 4921; x_wconf 91' lang='lat' dir='ltr'><strong>et</strong></span> <span class='ocrx_word' id='word_1_828' title='bbox 2145 4866 2371 4922; x_wconf 85' lang='lat' dir='ltr'><strong>saturati</strong></span> <span class='ocrx_word' id='word_1_829' title='bbox 2396 4875 2542 4933; x_wconf 89' lang='lat' dir='ltr'><strong>sunt,</strong></span> <span class='ocrx_word' id='word_1_830' title='bbox 2571 4874 2623 4922; x_wconf 84' lang='lat' dir='ltr'><strong>et</strong></span> <span class='ocrx_word' id='word_1_831' title='bbox 2655 4867 2994 4922; x_wconf 89' lang='lat' dir='ltr'><strong>sustulerunt</strong></span> <span class='ocrx_word' id='word_1_832' title='bbox 3028 4868 3172 4936; x_wconf 87' lang='lat' dir='ltr'><strong>quod</strong></span> <span class='ocrx_word' id='word_1_833' title='bbox 3204 4866 3545 4937; x_wconf 81' lang='lat' dir='ltr'><strong>superfuerat</strong></span> <span class='ocrx_word' id='word_1_834' title='bbox 3568 4871 3637 4924; x_wconf 85' lang='lat' dir='ltr'><strong>de</strong></span> 
     </span>
    </p>
   </div>
   <div class='ocr_carea' id='block_1_111' title="bbox 2062 4956 3635 5036">
    <p class='ocr_par' dir='ltr' id='par_1_111' title="bbox 2062 4956 3635 5036">
     <span class='ocr_line' id='line_1_111' title="bbox 2062 4956 3635 5036; baseline 0.001 -18"><span class='ocrx_word' id='word_1_835' title='bbox 2062 4962 2381 5035; x_wconf 87' lang='lat' dir='ltr'><strong>fragmentis</strong></span> <span class='ocrx_word' id='word_1_836' title='bbox 2432 4956 2713 5019; x_wconf 83' lang='lat' dir='ltr'><strong>duodecim</strong></span> <span class='ocrx_word' id='word_1_837' title='bbox 2758 4965 3021 5034; x_wconf 85' lang='lat' dir='ltr'><strong>cophinos</strong></span> <span class='ocrx_word' id='word_1_838' title='bbox 3061 4964 3271 5034; x_wconf 89' lang='lat' dir='ltr'><strong>plenos.</strong></span> <span class='ocrx_word' id='word_1_839' title='bbox 3322 4963 3492 5020; x_wconf 91' lang='lat' dir='ltr'><strong>Porro</strong></span> <span class='ocrx_word' id='word_1_840' title='bbox 3543 4966 3635 5036; x_wconf 88' lang='lat' dir='ltr'><strong>qui</strong></span> 
     </span>
    </p>
   </div>
   <div class='ocr_carea' id='block_1_112' title="bbox 2063 5055 3634 5128">
    <p class='ocr_par' dir='ltr' id='par_1_112' title="bbox 2063 5055 3634 5128">
     <span class='ocr_line' id='line_1_112' title="bbox 2063 5055 3634 5128; baseline 0.002 -18"><span class='ocrx_word' id='word_1_841' title='bbox 2063 5055 2434 5122; x_wconf 74' lang='lat' dir='ltr'><strong>comederunt,</strong></span> <span class='ocrx_word' id='word_1_842' title='bbox 2494 5055 2648 5112; x_wconf 90' lang='lat' dir='ltr'><strong>fuere</strong></span> <span class='ocrx_word' id='word_1_843' title='bbox 2698 5057 2798 5112; x_wconf 87' lang='lat' dir='ltr'><strong>viri</strong></span> <span class='ocrx_word' id='word_1_844' title='bbox 2873 5057 3046 5112; x_wconf 90' lang='lat' dir='ltr'><strong>ferme</strong></span> <span class='ocrx_word' id='word_1_845' title='bbox 3114 5057 3404 5128; x_wconf 90' lang='lat' dir='ltr'><strong>quinquies</strong></span> <span class='ocrx_word' id='word_1_846' title='bbox 3465 5058 3634 5125; x_wconf 90' lang='lat' dir='ltr'><strong>mille,</strong></span> 
     </span>
    </p>
   </div>
   <div class='ocr_carea' id='block_1_113' title="bbox 2065 5143 3637 5221">
    <p class='ocr_par' dir='ltr' id='par_1_113' title="bbox 2065 5143 3637 5221">
     <span class='ocr_line' id='line_1_113' title="bbox 2065 5143 3637 5221; baseline 0.008 -21"><span class='ocrx_word' id='word_1_847' title='bbox 2065 5155 2264 5215; x_wconf 56' lang='lat' dir='ltr'><strong>praeter</strong></span> <span class='ocrx_word' id='word_1_848' title='bbox 2292 5148 2545 5204; x_wconf 80' lang='lat' dir='ltr'><strong>mulieres</strong></span> <span class='ocrx_word' id='word_1_849' title='bbox 2585 5164 2647 5204; x_wconf 90' lang='lat' dir='ltr'><strong>ac</strong></span> <span class='ocrx_word' id='word_1_850' title='bbox 2675 5164 2892 5219; x_wconf 84' lang='lat' dir='ltr'><strong>pueros.</strong></span> <span class='ocrx_word' id='word_1_851' title='bbox 2931 5168 2949 5201; x_wconf 77' lang='grc' dir='ltr'><strong>ι</strong></span> <span class='ocrx_word' id='word_1_852' title='bbox 2988 5143 3276 5221; x_wconf 76' lang='lat' dir='ltr'><strong>Discipitlis</strong></span> <span class='ocrx_word' id='word_1_853' title='bbox 3312 5148 3405 5204; x_wconf 86' lang='lat' dir='ltr'><strong>dat</strong></span> <span class='ocrx_word' id='word_1_854' title='bbox 3445 5164 3637 5220; x_wconf 68' lang='lat' dir='ltr'><strong>panes,</strong></span> 
     </span>
    </p>
   </div>
   <div class='ocr_carea' id='block_1_114' title="bbox 2067 5240 3639 5313">
    <p class='ocr_par' dir='ltr' id='par_1_114' title="bbox 2067 5240 3639 5313">
     <span class='ocr_line' id='line_1_114' title="bbox 2067 5240 3639 5313; baseline 0 -18"><span class='ocrx_word' id='word_1_855' title='bbox 2067 5248 2125 5295; x_wconf 87' lang='lat' dir='ltr'><strong>ut</strong></span> <span class='ocrx_word' id='word_1_856' title='bbox 2168 5240 2221 5294; x_wconf 91' lang='lat' dir='ltr'><strong>iu</strong></span> <span class='ocrx_word' id='word_1_857' title='bbox 2264 5240 2526 5296; x_wconf 86' lang='lat' dir='ltr'><strong>memoria</strong></span> <span class='ocrx_word' id='word_1_858' title='bbox 2556 5256 2770 5313; x_wconf 89' lang='lat' dir='ltr'><strong>semper</strong></span> <span class='ocrx_word' id='word_1_859' title='bbox 2816 5243 3053 5298; x_wconf 86' lang='lat' dir='ltr'><strong>habeant</strong></span> <span class='ocrx_word' id='word_1_860' title='bbox 3094 5241 3441 5305; x_wconf 88' lang='lat' dir='ltr'><strong>miraculum,</strong></span> <span class='ocrx_word' id='word_1_861' title='bbox 3480 5252 3536 5299; x_wconf 90' lang='lat' dir='ltr'><strong>et</strong></span> <span class='ocrx_word' id='word_1_862' title='bbox 3569 5256 3639 5296; x_wconf 91' lang='lat' dir='ltr'><strong>ne</strong></span> 
     </span>
    </p>
   </div>
   <div class='ocr_carea' id='block_1_115' title="bbox 2066 5331 3643 5405">
    <p class='ocr_par' dir='ltr' id='par_1_115' title="bbox 2066 5331 3643 5405">
     <span class='ocr_line' id='line_1_115' title="bbox 2066 5331 3643 5405; baseline -0.001 -18"><span class='ocrx_word' id='word_1_863' title='bbox 2066 5331 2249 5389; x_wconf 78' lang='lat' dir='ltr'><strong>efﬂuat</strong></span> <span class='ocrx_word' id='word_1_864' title='bbox 2289 5348 2319 5387; x_wconf 89' lang='lat' dir='ltr'><strong>a</strong></span> <span class='ocrx_word' id='word_1_865' title='bbox 2366 5333 2691 5405; x_wconf 77' lang='lat' dir='ltr'><strong>cOgitatione</strong></span> <span class='ocrx_word' id='word_1_866' title='bbox 2722 5348 2930 5399; x_wconf 86' lang='lat' dir='ltr'><strong>eorum,</strong></span> <span class='ocrx_word' id='word_1_867' title='bbox 2977 5334 3194 5388; x_wconf 90' lang='lat' dir='ltr'><strong>tametsi</strong></span> <span class='ocrx_word' id='word_1_868' title='bbox 3239 5333 3314 5388; x_wconf 90' lang='lat' dir='ltr'><strong>illi</strong></span> <span class='ocrx_word' id='word_1_869' title='bbox 3357 5332 3468 5389; x_wconf 90' lang='lat' dir='ltr'><strong>cito</strong></span> <span class='ocrx_word' id='word_1_870' title='bbox 3499 5332 3643 5389; x_wconf 90' lang='lat' dir='ltr'><strong>obli-</strong></span> 
     </span>
    </p>
   </div>
   <div class='ocr_carea' id='block_1_116' title="bbox 2068 5423 3638 5498">
    <p class='ocr_par' dir='ltr' id='par_1_116' title="bbox 2068 5423 3638 5498">
     <span class='ocr_line' id='line_1_116' title="bbox 2068 5423 3638 5498; baseline 0 -20"><span class='ocrx_word' id='word_1_871' title='bbox 2068 5425 2437 5481; x_wconf 87' lang='lat' dir='ltr'><strong>viscebantur.</strong></span> <span class='ocrx_word' id='word_1_872' title='bbox 2481 5423 2561 5480; x_wconf 84' lang='lat' dir='ltr'><strong>Ne</strong></span> <span class='ocrx_word' id='word_1_873' title='bbox 2602 5433 2783 5481; x_wconf 89' lang='lat' dir='ltr'><strong>autem</strong></span> <span class='ocrx_word' id='word_1_874' title='bbox 2834 5425 3074 5496; x_wconf 87' lang='lat' dir='ltr'><strong>opineris</strong></span> <span class='ocrx_word' id='word_1_875' title='bbox 3124 5427 3268 5498; x_wconf 89' lang='lat' dir='ltr'><strong>quod</strong></span> <span class='ocrx_word' id='word_1_876' title='bbox 3312 5434 3638 5497; x_wconf 86' lang='lat' dir='ltr'><strong>apparenter</strong></span> 
     </span>
    </p>
   </div>
   <div class='ocr_carea' id='block_1_117' title="bbox 2074 5514 3640 5591">
    <p class='ocr_par' dir='ltr' id='par_1_117' title="bbox 2074 5514 3640 5591">
     <span class='ocr_line' id='line_1_117' title="bbox 2074 5514 3640 5591; baseline 0.001 -21"><span class='ocrx_word' id='word_1_877' title='bbox 2074 5524 2284 5571; x_wconf 86' lang='lat' dir='ltr'><strong>tantum</strong></span> <span class='ocrx_word' id='word_1_878' title='bbox 2340 5514 2604 5573; x_wconf 83' lang='lat' dir='ltr'><strong>miracula</strong></span> <span class='ocrx_word' id='word_1_879' title='bbox 2654 5517 2865 5583; x_wconf 89' lang='lat' dir='ltr'><strong>fecerit,</strong></span> <span class='ocrx_word' id='word_1_880' title='bbox 2903 5518 3333 5591; x_wconf 87' lang='lat' dir='ltr'><strong>multiplicantur</strong></span> <span class='ocrx_word' id='word_1_881' title='bbox 3373 5534 3544 5590; x_wconf 84' lang='lat' dir='ltr'><strong>usque</strong></span> <span class='ocrx_word' id='word_1_882' title='bbox 3573 5519 3640 5571; x_wconf 86' lang='lat' dir='ltr'><strong>ad</strong></span> 
     </span>
    </p>
   </div>
   <div class='ocr_carea' id='block_1_118' title="bbox 2070 5605 3645 5683">
    <p class='ocr_par' dir='ltr' id='par_1_118' title="bbox 2070 5605 3645 5683">
     <span class='ocr_line' id='line_1_118' title="bbox 2070 5605 3645 5683; baseline 0.002 -21"><span class='ocrx_word' id='word_1_883' title='bbox 2070 5605 2440 5677; x_wconf 88' lang='lat' dir='ltr'><strong>impletionem</strong></span> <span class='ocrx_word' id='word_1_884' title='bbox 2490 5606 2776 5664; x_wconf 88' lang='lat' dir='ltr'><strong>duodecim</strong></span> <span class='ocrx_word' id='word_1_885' title='bbox 2828 5610 3184 5683; x_wconf 79' lang='lat' dir='ltr'><strong>cephitiorum</strong></span> <span class='ocrx_word' id='word_1_886' title='bbox 3239 5625 3428 5682; x_wconf 85' lang='lat' dir='ltr'><strong>panes,</strong></span> <span class='ocrx_word' id='word_1_887' title='bbox 3479 5619 3538 5666; x_wconf 90' lang='lat' dir='ltr'><strong>ut</strong></span> <span class='ocrx_word' id='word_1_888' title='bbox 3588 5619 3645 5665; x_wconf 92' lang='lat' dir='ltr'><strong>et</strong></span> 
     </span>
    </p>
   </div>
   <div class='ocr_carea' id='block_1_119' title="bbox 2071 5694 3644 5770">
    <p class='ocr_par' dir='ltr' id='par_1_119' title="bbox 2071 5694 3644 5770">
     <span class='ocr_line' id='line_1_119' title="bbox 2071 5694 3644 5770; baseline 0.003 -20"><span class='ocrx_word' id='word_1_889' title='bbox 2071 5694 2239 5751; x_wconf 72' lang='lat' dir='ltr'><strong>ludas</strong></span> <span class='ocrx_word' id='word_1_890' title='bbox 2269 5705 2466 5764; x_wconf 91' lang='lat' dir='ltr'><strong>portet,</strong></span> <span class='ocrx_word' id='word_1_891' title='bbox 2508 5704 2564 5752; x_wconf 92' lang='lat' dir='ltr'><strong>et</strong></span> <span class='ocrx_word' id='word_1_892' title='bbox 2610 5699 2677 5752; x_wconf 90' lang='lat' dir='ltr'><strong>ad</strong></span> <span class='ocrx_word' id='word_1_893' title='bbox 2706 5700 3039 5770; x_wconf 87' lang='lat' dir='ltr'><strong>prodendum</strong></span> <span class='ocrx_word' id='word_1_894' title='bbox 3090 5718 3200 5759; x_wconf 91' lang='lat' dir='ltr'><strong>non</strong></span> <span class='ocrx_word' id='word_1_895' title='bbox 3249 5702 3319 5756; x_wconf 90' lang='lat' dir='ltr'><strong>sit</strong></span> <span class='ocrx_word' id='word_1_896' title='bbox 3364 5700 3644 5770; x_wconf 74' lang='lat' dir='ltr'><strong>pervicax,</strong></span> 
     </span>
    </p>
   </div>
   <div class='ocr_carea' id='block_1_120' title="bbox 2071 5785 3632 5864">
    <p class='ocr_par' dir='ltr' id='par_1_120' title="bbox 2071 5785 3632 5864">
     <span class='ocr_line' id='line_1_120' title="bbox 2071 5785 3632 5864; baseline 0.001 -20"><span class='ocrx_word' id='word_1_897' title='bbox 2071 5785 2395 5846; x_wconf 88' lang='lat' dir='ltr'><strong>miraculum</strong></span> <span class='ocrx_word' id='word_1_898' title='bbox 2441 5803 2625 5847; x_wconf 87' lang='lat' dir='ltr'><strong>secum</strong></span> <span class='ocrx_word' id='word_1_899' title='bbox 2657 5794 2923 5864; x_wconf 80' lang='lat' dir='ltr'><strong>cogitans.</strong></span> <span class='ocrx_word' id='word_1_900' title='bbox 2957 5793 3132 5851; x_wconf 91' lang='lat' dir='ltr'><strong>Panes</strong></span> <span class='ocrx_word' id='word_1_901' title='bbox 3165 5802 3345 5851; x_wconf 86' lang='lat' dir='ltr'><strong>autem</strong></span> <span class='ocrx_word' id='word_1_902' title='bbox 3372 5789 3632 5861; x_wconf 84' lang='lat' dir='ltr'><strong>multipli-</strong></span> 
     </span>
    </p>
   </div>
   <div class='ocr_carea' id='block_1_121' title="bbox 3298 5884 3371 5948">
    <p class='ocr_par' dir='ltr' id='par_1_121' title="bbox 3298 5884 3371 5948">
     <span class='ocr_line' id='line_1_121' title="bbox 3298 5884 3371 5948; baseline 0 0"><span class='ocrx_word' id='word_1_903' title='bbox 3298 5884 3371 5948; x_wconf 87' lang='grc'><strong>10</strong></span> 
     </span>
    </p>
   </div>
  </div>
