4078 6464
435 367 540 430 299

1271 361 1571 421 ΤΙΙΕΟΡΗ
1585 361 1846 422 YLACTI
1882 359 2292 420 BULGARIAS
2319 362 2362 416 A
2375 355 2676 417 RClllEP.

3572 354 3683 419 300

432 490 520 536 rat
551 489 606 536 et
642 478 837 549 pisces,
868 485 925 530 ut
955 475 1204 530 ostendat
1232 476 1372 545 quod
1406 476 1520 546 ipse
1557 475 1626 530 sit
1653 477 1742 545 qui
1797 485 1998 531 terram

2108 475 2186 528 ’ότι
2220 475 2382 537 αὐτός
2404 474 2556 525 ἐστιν
2605 474 2634 524 6
2664 473 2766 540 γῆς
2813 470 2907 522 καὶ
2969 467 3253 540 Θαλάσσης
3307 470 3679 541 Δημιουργδς,

430 582 483 625 et
512 584 660 625 mare
688 565 1008 631 condiderit,
1039 573 1093 619 et
1117 580 1305 620 omnes
1337 563 1466 629 cibi,
1490 565 1684 634 quibus
1707 565 1997 630 vescimur,

434 663 501 717 ab
532 661 646 731 ipso
681 658 837 714 nobis
869 658 1084 719 dentur,
1117 668 1170 712 et
1203 672 1302 725 per
1331 657 1507 726 ipsum
1551 655 1997 725 multiplicemur.

437 754 702 808 Caeterum
740 751 793 804 in
840 750 1056 804 deserto
1087 747 1144 801 lit
1189 747 1532 811 miraculum,
1577 762 1644 801 ne
1673 746 1793 814 quis
1825 745 2003 813 opineo

433 853 520 896 tur
562 858 591 896 e
629 841 850 895 civitate
877 839 1058 892 vicina
1092 849 1301 906 emptos
1339 849 1526 906 panes,
1558 835 2001 904 multitudinique

430 931 775 995 distributos;
801 927 906 998 75
933 929 1206 982 desertum
1234 928 1376 982 enim
1399 938 1551 982 eral:
1577 932 1631 980 et
1659 926 1759 980 hoc
1782 925 1998 995 quidem

429 1024 728 1078 secundum
783 1020 1085 1076 historiam.
1116 1019 1274 1074 Juxta
1322 1033 1598 1090 anagogen
1623 1028 1801 1073 autem
1831 1017 1998 1072 disce.

428 1117 716 1185 Postquam
775 1113 1034 1180 Herodes,
1089 1114 1190 1167 hoc
1239 1122 1344 1178 est,
1391 1111 1628 1166 carnalis
1665 1123 1720 1164 et
1775 1111 1996 1180 pellicea

429 1224 581 1265 mens
606 1206 910 1263 Judaeorum
937 1207 1033 1276 (ita
1063 1206 1208 1260 enim
1242 1204 1480 1259 llerodes
1511 1203 1690 1271 sonat)
1715 1202 2002 1258 decollavit

428 1300 716 1366 Joannem,
750 1299 1138 1370 prophetarum
1178 1307 1362 1366 caput,
1391 1297 1493 1351 hoc
1531 1306 1634 1361 est,
1677 1297 1744 1351 de
1783 1295 2003 1351 Christo

431 1393 848 1463 praedicentibus
878 1405 984 1445 non
1019 1389 1268 1454 credidit,
1302 1389 1504 1444 secedit
1534 1388 1694 1443 Jesus
1725 1388 1778 1441 in
1815 1387 2001 1441 deser-

431 1496 540 1540 tutn
579 1484 782 1548 locum,
829 1483 894 1537 ad
925 1493 1113 1554 gentes
1144 1496 1174 1535 a
1217 1481 1325 1534 Deo
1365 1479 1678 1544 destitutas,
1712 1487 1766 1532 et
1793 1477 2003 1531 sanavit

427 1577 670 1630 intirmas
695 1574 927 1638 animas,
961 1581 1017 1627 et
1060 1572 1253 1626 deinde
1282 1569 1426 1637 pavit
1461 1584 1574 1625 eas.
1602 1568 1737 1623 Nam
1775 1569 1875 1624 nisi
1924 1583 2003 1623 re-

431 1666 638 1722 miserit
693 1664 848 1720 nobis
897 1673 1138 1733 peccata,
1196 1672 1251 1717 et
1305 1660 1582 1715 sanaverit
1628 1659 1847 1714 morbos
1906 1673 2003 1727 per

429 1759 778 1828 baptismum,
814 1769 923 1810 non
962 1762 1152 1824 pascet
1200 1767 1301 1808 nos
1345 1751 1732 1806 communione
1762 1747 2003 1817 impollu-

433 1861 612 1906 torum
663 1847 1067 1919 mysteriorum.
1115 1843 1305 1899 Nullus
1353 1845 1496 1898 enim
1539 1858 1646 1898 non
1694 1841 2001 1912 baptizatus
2031 1829 2076 1887 Β

427 1940 813 1998 communicat.
842 1937 962 1993 Jam
1004 1937 1243 2007 quinque
1283 1934 1452 1990 millia
1479 1934 1698 2006 signant
1725 1947 1822 1988 eos
1863 1947 2001 2002 quo-

427 2048 546 2088 rum
581 2032 821 2102 quinque
855 2045 1052 2086 sensus
1084 2028 1223 2084 male
1257 2027 1438 2083 aﬂ‘ecti
1477 2035 1656 2092 erant,
1697 2035 1750 2082 et
1786 2024 1883 2095 qui
1905 2039 2002 2094 per

435 2125 676 2194 quinque
721 2136 886 2193 panes
930 2130 1214 2177 curantur.
1260 2120 1553 2175 Enimvero
1593 2119 1720 2188 quia
1763 2117 2001 2188 quinque

429 2231 625 2276 sensus
651 2217 1092 2281 intirmabantur,
1123 2222 1254 2284 quot
1293 2214 1462 2284 plaga:
1500 2221 1682 2277 erant,
1728 2219 1806 2264 tot
1845 2219 2002 2263 erant

399 2356 412 2364 .
427 2323 480 2368 et
501 2311 814 2382 emplastra.
838 2311 951 2366 Duo
974 2325 1103 2366 vero
1120 2310 1322 2380 pisces,
1342 2309 1670 2379 piscatorum
1695 2317 1998 2362 sermones.

430 2403 582 2461 Unus
611 2405 797 2475 piscis,
845 2402 1237 2471 Evangelium;
1291 2403 1429 2456 alius
1461 2399 1646 2470 piscis,
1688 2397 1997 2467 Apostolus.

430 2496 662 2564 Quidam
687 2497 931 2566 quinque
979 2509 1168 2565 panes,
1204 2493 1447 2563 quinque
1477 2492 1642 2547 libros
1689 2490 1890 2561 Moysis
1925 2489 2003 2543 itt-

429 2588 779 2651 tellexerunt,
813 2585 1091 2650 Genesim,
1127 2581 1394 2648 Exodttm,
1429 2579 1754 2645 bevilicum,
1797 2579 1999 2634 Nume-

426 2694 541 2744 ros,
570 2678 1070 2745 Dcuteronomium.
1096 2673 1389 2730 Duodecim
1423 2682 1604 2728 autem
1648 2671 1864 2742 eophini
1890 2671 2004 2726 fue-

426 2780 554 2826 runt
586 2769 784 2825 sublati
827 2771 894 2825 ab
944 2768 1225 2839 apostolis,
1273 2777 1329 2820 et
1377 2765 1597 2835 portati.
1655 2765 2004 2832 Qumcunqne

427 2864 574 2920 enim
608 2878 706 2919 nos
743 2863 913 2917 turbae
949 2864 1253 2926 comedere,
1293 2858 1395 2913 ltoc
1422 2866 1524 2924 est,
1566 2857 1868 2924 intelligere
1897 2869 2000 2910 non

427 2957 736 3028 potuimus,
797 2970 986 3010 eorum
1047 2952 1274 3022 apostoli
1331 2965 1561 3021 capaces
1610 2958 1894 3019 portarunt
1949 2957 2006 3002 et

429 3049 756 3104 diviserunt.
787 3046 994 3102 Praeter
1025 3045 1287 3100 mulieres
1321 3057 1384 3097 ac
1427 3040 1683 3112 parvulos
1719 3057 1732 3093 :
1772 3040 2003 3108 exigitur

2110 568 2206 621 καὶ
2256 568 2338 620 ὅτι
2387 566 2422 618 ἃ.
2465 564 2588 619 καθ’
2646 565 2886 633 ἑκάστην
2926 562 3208 630 -ἐσθίομεν,
3242 561 3410 615 αὐτοῦ
3447 562 3685 628 διδόντος

2105 661 2380 730 ἐσθίομεν,
2436 659 2528 712 καὶ
2572 656 2664 710 ὑπ’
2717 655 2884 709 αὑτοῦ
2922 654 3326 725 πληθύνονταιο
3379 656 3438 708 ἐν
3484 657 3682 726 ἐρήμῳ

2103 756 2161 809 δὲ
2193 753 2252 807 τὸ
2304 752 2514 822 θαῦμα,
2543 751 2618 814 ὼς
2651 749 2716 804 ἃν
2769 748 2844 820 μὴ
2873 748 3068 823 νομίσῃ
3110 766 3222 813 τις,
3271 749 3354 802 ὅτι
3385 750 3450 801 ἐκ
3473 747 3684 811 πόλεως

2109 847 2351 916 γείτονος
2414 846 2656 917 ὴγόρασε
2704 845 2830 907 τοὺς
2873 843 3093 917 ἄρτους,
3146 843 3242 896 καὶ¹
3306 843 3542 913 διένειμε
3604 843 3685 913 τῷ

2105 938 2320 1009 πλήθει,
2361 937 2568 1008 ἔρημος
2591 936 2700 1006 γάρ
2730 933 2820 1009 ἦν·
2848 936 2944 991 καὶ
2963 936 3104 990 οὕτω
3129 936 3226 1006 μὲν
3253 934 3374 989 καθ’
3415 934 3682 1006 ἱστορίαν.

2105 1031 2265 1084 Κατὰ
2298 1029 2354 1082 δὲ
2413 1029 2725 1100 ἀναγωγὴν,
2783 1027 2923 1088 μάθε
2965 1029 3046 1081 ὅτι
3082 1027 3268 1098 ἐπειδὴ
3332 1025 3600 1096 Ἡρώδης,
3654 1027 3689 1079 6

2108 1122 2364 1193 σάρκινος
2403 1121 2500 1175 καὶ
2522 1120 2844 1192 δερμάτιιος
2891 1120 2999 1173 τῶν
3040 1119 3308 1172 Ἰουδαίων
3349 1118 3494 1182 νοῦς,
3527 1117 3696 1170 τοῦτο’

2105 1215 2212 1285 γάρ
2253 1212 2501 1284 Ἡρώδης
2531 1214 2921 1284 ἑρμηνεύεται,
2953 1210 3324 1280 ἀπεκεφάλισε
3353 1211 3444 1265 τὸν
3495 1209 3688 1264 Ἰωάνα

2106 1326 2226 1377 νην,
2267 1307 2327 1359 τὸ
2369 1306 2479 1360 τῶν
2529 1305 2830 1379 προφητῶν
2881 1305 3202 1374 κεφάλαιον,
3255 1303 3521 1364 τουτέστι,
3566 1305 3705 1366 τοῖς

2105 1401 2234 1470 περὶ⁸
2267 1399 2508 1470 Χριστοῦ
2561 1399 3014 1471 προφητεύσασιν
3045 1398 3146 1450 οὐκ
3175 1396 3514 1460 ἐπίστευσεν,
3548 1397 3681 1450 ἀναο

2105 1494 2272 1563 χωρεῖ
2331 1492 2519 1545 λοιπὸν
2562 1493 2590 1545 6
2633 1492 2842 1561 Ἰησοῦς
2895 1491 2977 1554 εἰς
3023 1489 3231 1560 ἔρημον
3272 1487 3459 1552 τόπον,
3500 1489 3579 1551 εἰς
3611 1490 3687 1541 τὰ

2103 1586 2255 1656 ἔθνη,
2288 1585 2358 1639 τά
2380 1585 2568 1656 ἔρημα
2621 1585 2716 1636 τοῦ
2749 1581 2910 1648 θεοῦ,
2960 1585 3055 1638 καὶ
3103 1581 3396 1652 θεραπεύει
3428 1581 3551 1643 τοὺς
3582 1581 3687 1652 ἀρ-

2107 1680 2348 1752 ρώστους
2392 1676 2536 1731 κατά
2559 1676 2760 1747 ψυχὴν,
2815 1673 2935 1729 εἷτα
2981 1675 3070 1728 καὶ
3119 1673 3305 1746 τρέφει
3333 1672 3573 1734 τούτους.
3618 1667 3687 1726 El

2109 1773 2183 1844 μὴ
2216 1772 2326 1842 γὰρ
2367 1772 2568 1842 ἀφήσει
2599 1771 2731 1840 ἡμῖν
2758 1769 2858 1832 τὰς
2892 1768 3192 1839 ἁμαρτίας,
3231 1767 3324 1820 καὶ
3347 1765 3684 1837 θεραπεύσει

2103 1868 2202 1932 τὰς
2228 1864 2540 1936 ἀρρωστίας
2561 1862 2649 1916 διὰ
2675 1862 2769 1915 τοῦ
2801 1861 3198 1932 βαπτίσματος,
3218 1860 3280 1912 ού
3313 1859 3503 1929 θρέψει
3532 1859 3685 1928 ἡμᾶς

2103 1961 2170 2030 τῇ
2206 1957 2490 2029 μεταδόσει
2521 1955 2631 2010 τῶν
2672 1955 2958 2026 ἀχράντων
2988 1952 3325 2025 μυστηρίων.
3360 1952 3551 2014 Οὐδεὶς
3571 1950 3684 2021 γάρ

2104 2049 2440 2112 ἀϐάπτιστος
2469 2047 2902 2117 μεταλαμϐάνει.
2932 2044 3369 2114 Πεντακισχίλιοι
3400 2043 3478 2108 δὲ,
3509 2043 3556 2095 οἰ
3581 2041 3684 2104 τὰς

2106 2143 2269 2195 πέντε
2305 2139 2589 2211 αἰσθήσεις
2624 2137 2812 2200 κακῶς
2845 2137 3201 2207 διακείμενοι,
3231 2134 3280 2187 οἳ
3313 2135 3407 2188 καὶ
3451 2134 3539 2188 διά
3568 2133 3681 2187 τῶν

2106 2234 2267 2286 πέντε
2296 2232 2477 2303 ἄρτων
2495 2229 2911 2301 θεραπεύονται.
2957 2227 3114 2280 Ἐπεὶ
3142 2226 3253 2296 γὰρ
3279 2227 3333 2278 αἱ
3363 2224 3526 2277 πέντε
3556 2226 3679 2277 αἰσ-

2107 2325 2294 2397 θήσεις
2327 2325 2571 2390 ἐνόσουν,
2617 2324 2738 2377 ὅσαι
2793 2322 2851 2374 αἰ
2903 2320 3130 2390 πληγαὶ,
3172 2317 3434 2372 τοσαῦται
3495 2318 3588 2371 καὶ
3622 2319 3679 2370 αἰ

2106 2417 2470 2489 ἐμπλαστροι.
2518 2415 2622 2468 Δύο
2668 2415 2726 2468 δὲ
2769 2412 2971 2483 ἰχθύες,
3010 2413 3059 2465 οἰ
3101 2412 3210 2464 τῶν
3263 2411 3458 2465 ἀλιέων
3505 2409 3681 2477 λόγοι.

2105 2504 2201 2573 Εἷς
2231 2510 2384 2580 ἰχθὺς
2407 2509 2466 2561 τὸ
2498 2506 2854 2577 Εὑαγγέλιον,
2885 2506 3071 2578 ἕτερος
3095 2503 3245 2574 ἰχθὺς
3270 2504 3297 2556 6
3333 2501 3680 2565 Ἀπόστο).ος.

2106 2603 2264 2667 Τινὲς
2292 2603 2349 2657 δὲ
2393 2585 2557 2654 πέντε
2585 2600 2802 2672 ἄρτους,
2838 2599 2936 2668 τὴν
2977 2599 3347 2666 Πεντάτευχον
3383 2594 3478 2648 τοῦ
3540 2597 3679 2649 Μω-

2107 2696 2244 2759 σέως
2279 2695 2529 2765 ἐνόησαν,
2581 2693 2827 2755 Γένεσιν,
2867 2690 3111 2756 Ἐξοδον,
3148 2687 3456 2752 Λευιτικὸν,
3499 2687 3684 2756 Ἀριθ-

2108 2788 2263 2857 μοὺς,
2315 2785 2756 2857 Δευτερονόμιον.
2817 2783 3037 2835 Δώδεκα
3067 2783 3122 2834 δὲ
3193 2781 3405 2851 κόφινοι
3448 2776 3588 2850 ἦσαν
3632 2779 3683 2830 οἰ

2108 2880 2366 2949 ἀρθέντες
2427 2879 2531 2934 ὑπὸ
2587 2879 2695 2932 τῶν
2746 2876 3063 2932 ἀποστόλων
3119 2875 3214 2930 καὶ
3257 2873 3676 2945 βασταχθέντες.

2107 2972 2253 3026 Ὅσα
2280 2972 2390 3043 γὰρ
2421 2972 2584 3042 ἡμεῖς
2612 2973 2658 3024 οἱ
2689 2969 2857 3041 ὄχλοι,
2890 2969 2949 3022 ού
2971 2966 3249 3037 δυνάμεθα
3279 2967 3496 3036 φαγεῖν,
3522 2982 3685 3017 τουτο

2107 3066 2246 3130 ἐστι,
2308 3066 2522 3131 νοῆσαι,
2574 3063 2749 3118 ταῦτα
2807 3064 2857 3116 οἰ
2900 3061 3189 3118 ἀπόστολοι
3235 3060 3545 3113 ἐϐάστασαν
3589 3058 3688 3110 καὶ

427 3141 574 3195 enim
606 3155 635 3193 a
661 3137 973 3194 Christiano
1002 3151 1068 3191 ne
1093 3137 1224 3206 quid
1257 3133 1464 3204 puerile
1495 3133 1576 3187 vel
1613 3131 1871 3186 muliebre
1892 3145 2004 3200 prae

2110 3158 2417 3228 ἐχώρησαν.
2455 3157 2640 3226 Χωρὶς
2670 3155 2726 3210 δὲ
2772 3153 3051 3223 γυναικῶν
3093 3153 3188 3206 καὶ
3229 3152 3482 3217 παιδίων,
3531 3150 3689 3203 οὐδὲν

429 3249 488 3288 se
515 3232 674 3288 ferat.

501 3417 665 3473 Vens.
688 3415 777 3471 2'2.
803 3434 819 3467 t
860 3414 927 3470 Et
957 3413 1139 3470 statim
1169 3413 1341 3484 coegit
1373 3412 1527 3468 Jesus
1559 3410 1847 3482 discipulos
1877 3425 2004 3466 suos

429 3514 634 3566 intrare
667 3510 720 3563 in
749 3509 948 3572 navim,
971 3516 1025 3563 et
1077 3507 1382 3577 praecedere
1411 3520 1467 3561 se
1499 3507 1548 3559 in
1589 3505 1896 3559 ulteriorem
1934 3503 2006 3557 ri—

431 3620 576 3675 pam,
628 3606 800 3658 donec
859 3601 1151 3657 dimisisset
1214 3600 1419 3655 turbas.
1473 3618 1490 3650 ι
1551 3598 1618 3654 Ut
1674 3597 2007 3668 signiﬁcaret

431 3711 594 3766 quam
647 3692 902 3750 indivulsi
959 3702 1143 3750 essent
1189 3708 1219 3748 a
1277 3693 1504 3747 Domino
1554 3676 2006 3760 discipuli,dixit,

429 3787 640 3858 Coegit,
678 3801 894 3855 semper
935 3787 1079 3842 enim
1128 3786 1179 3841 ei
1231 3786 1418 3841 adesse
1442 3784 1729 3839 volebant.
1773 3781 2008 3839 Dimittit

431 3889 610 3933 autem
665 3887 720 3932 et
753 3877 959 3941 turbas,
988 3876 1173 3931 nolens
1214 3877 1360 3944 ipsas
1410 3875 1690 3946 subsequi,
1730 3888 1798 3930 ne
1850 3888 2005 3929 arro-

428 3973 624 4043 gantiae
655 3970 928 4026 studiosus
974 3968 1264 4024 videretur.

501 4158 900 4224 Vens.23,24.
931 4176 950 4211 ι
1013 4157 1079 4213 Ει
1129 4158 1366 4213 dimissis
1415 4159 1606 4223 turbis,
1652 4160 1895 4216 ascendit
1951 4163 2005 4216 in

430 4259 670 4303 montem
702 4250 767 4303 ad
799 4249 1062 4302 orandum
1091 4262 1358 4304 seorsum.
1381 4246 1515 4302 Cum
1547 4256 1725 4302 autem
1760 4249 2008 4305 advenis-

399 4349 514 4394 'set
557 4353 806 4408 vespera,
831 4336 982 4392 solus
1015 4326 1135 4390 erat
1162 4334 1290 4389 illic.
1316 4333 1580 4389 Caeterum
1615 4335 1768 4390 navis
1793 4335 1902 4404 jam
1949 4335 2006 4390 in

433 4431 609 4484 medio
627 4430 805 4484 'maris
838 4437 980 4494 erat,
1021 4435 1073 4482 et
1118 4423 1475 4481 aﬂlictabatur
1506 4442 1537 4481 a
1568 4426 1816 4485 [luctibus
1841 4447 1855 4484 :
1882 4444 2004 4484 nam

2111 3253 2218 3322 γὰρ
2251 3251 2516 3323 νηπιῶδες
2544 3251 2575 3322 ἢ
2607 3251 2921 3318 γυναικεῖον
2952 3248 3043 3301 καὶ
3071 3246 3332 3318 ἄνανδρον
3360 3247 3682 3300 ἀπαιτεῖτχι

2110 3345 2137 3395 6
2167 3343 2496 3414 Χριστιανὸς
2526 3342 2696 3414 ἐχειν.

2187 3455 2204 3486 ι
2242 3437 2352 3489 Καὶ
2381 3435 2584 3498 εὐθέως
2619 3434 2932 3505 ἠνάγκασεν
2955 3437 2982 3488 ὁ
3023 3431 3231 3505 Ἰησοῦς
3269 3431 3396 3494 τοὺς
3439 3431 3691 3502 μαθητὰς

2111 3525 2275 3580 αὐτοῦ
2312 3525 2546 3598 ἐμϐῆναι
2579 3527 2657 3590 είς
2709 3526 2770 3579 τὸ
2815 3526 3022 3589 πλοῖον,
3075 3526 3168 3578 καὶ
3201 3523 3465 3595 προάγειν
3523 3521 3691 3576 αὐτόν

2111 3619 2190 3680 εἰς
2228 3617 2289 3671 τὸ
2320 3617 2516 3687 πέραν,
2555 3616 2661 3680 ἐως
2707 3609 2767 3670 οὗ
2813 3615 3065 3687 ἀπολύσῃ
3119 3615 3247 3678 τοὺς
3299 3615 3512 3684 ὄχλους.
3555 3631 3574 3666 ι
3616 3612 3695 3664 Τὺ

2109 3709 2564 3762 δυσαπόσπαστον
2593 3707 2967 3778 αἰνιττόμενος
3005 3706 3113 3760 τῶν
3165 3703 3446 3775 μαθητῶν,
3477 3700 3598 3756 εἷπε
3630 3703 3695 3755 τὲ

2121 3802 2485 3870 Ἦνάγκασεν,
2513 3800 2704 3872 ἤθελον
2729 3800 2837 3871 γὰρ
2854 3800 2941 3854 ἀεὶ
2962 3798 3110 3864 αύτῷ
3136 3800 3393 3852 συνεῖναι.
3434 3795 3693 3850 Ἀπολύει

2111 3893 2166 3946 δὲ
2196 3895 2320 3958 τοὺς
2349 3893 2558 3964 ὄχλους,
2607 3895 2668 3948 ού
2720 3893 2890 3948 θέλων
2923 3890 3281 3963 ἐπισύρεσθαι
3340 3889 3560 3953 αὐτοὺς,
3600 3889 3690 3941 ἵνα

2115 3985 2190 4058 μὴ
2215 3986 2340 4058 δόξῃ
2369 3986 2724 4056 φιλόκομπος.

2193 4188 2210 4220 ι
2255 4169 2364 4224 Καὶ
2395 4166 2673 4228 ἀπολύσας
2713 4168 2842 4231 τοὺς
2877 4119 3314 4238 ὄχλους,.ἀνέεη
3350 4169 3432 4230 είς
3459 4165 3519 4219 τὸ
3567 4164 3697 4236 ὅρος

2112 4261 2231 4314 κατ’
2272 4260 2406 4313 ἰδίαν
2438 4259 2867 4330 προσεύξασθαιο
2899 4259 3057 4328 ὀψίας
3087 4258 3143 4313 δὲ
3171 4259 3492 4329 γενομένης,
3529 4258 3697 4328 μόνος

2110 4343 2179 4419 ἦν
2218 4349 2361 4401 ἐκεῖ·
2390 4347 2451 4399 τὸ
2488 4347 2544 4400 δὲ
2589 4348 2771 4401 πλοῖον
2803 4349 2905 4418 ήδη
2967 4349 3132 4417 μέσον
3164 4349 3264 4419 τῆς
3298 4347 3569 4416 θαλάσσης
3599 4341 3692 4417 ἦν,

2061 4475 2072 4490 .
2115 4439 2538 4512 βασανιζόμενον
2576 4440 2680 4493 ὑπο
2707 4441 2816 4496 τῶν
2840 4443 3128 4511 κυμάτων,
3176 4437 3243 4513 ἦν
3292 4440 3402 4510 γάρ
3449 4439 3695 4501 ἐναντίος

435 4533 628 4578 ventus
688 4531 806 4576 erat
862 4520 1141 4575 adversus.
1202 4538 1220 4572 ι
1277 4518 1578 4575 Ostendens
1649 4521 1804 4577 nobis
1865 4522 2006 4593 quod

2112 4535 2139 4586 6
2171 4534 2392 4603 ἄνεμος.
2435 4552 2452 4583 ι
2505 4533 2780 4588 Δεικνύων
2827 4536 2962 4604 ἡμῖν
3015 4534 3096 4588 δτι
3132 4533 3212 4587 δεῖ
3261 4531 3697 4602 ἀπερισπάστως

431 4623 676 4686 oporteat
744 4613 951 4683 absque
1019 4611 1370 4666 distractione
1427 4613 1621 4668 mentis
1677 4615 1910 4683 precari,
1955 4614 2008 4668 in

436 4717 668 4763 montem
702 4705 945 4761 ascendit
979 4721 994 4759 :
1024 4703 1204 4760 omnia
1255 4705 1398 4760 enim
1448 4713 1666 4776 propter
1711 4722 1810 4762 nos
1857 4705 2008 4772 facit,

431 4813 605 4870 neque
643 4797 787 4854 enim
827 4798 939 4866 ipse
997 4795 1246 4865 precibus
1299 4811 1434 4866 opus
1486 4797 1670 4854 habet.
1714 4795 1893 4868 Usque
1944 4797 2009 4852 ad

435 4904 713 4961 vesperam
767 4897 946 4942 autem
1007 4897 1281 4957 precatur,
1327 4888 1524 4943 docens
1573 4887 1718 4957 quod
1761 4901 1859 4941 nos
1905 4900 2009 4939 non

431 4982 614 5040 statim
652 4980 720 5036 ab
762 4979 1103 5036 orationibus
1147 4978 1422 5036 discedere
1469 4979 1783 5044 debeamus,
1826 4978 1918 5034 sed
1958 4989 2011 5031 et

435 5085 594 5132 nocte
647 5073 982 5147 potissimum
1043 5073 1149 5128 illis
1203 5088 1414 5137 vacare,
1462 5082 1590 5128 tunc
1641 5073 1785 5127 enim
1840 5071 2011 5139 major

435 5167 610 5235 quies.
669 5163 939 5219 Permittit
993 5172 1172 5219 autem
1223 5163 1520 5232 discipulos
1563 5162 1616 5216 in
1667 5169 2008 5230 tempestate,

435 5275 543 5329 quo
607 5257 821 5312 discant
885 5257 1213 5312 tentationes
1270 5255 1414 5311 ferre
1467 5255 1700 5318 fortiter,
1752 5269 2010 5322 suamque

436 5362 734 5422 agnoscant
771 5353 1040 5407 virtutem.
1085 5348 1143 5405 ln
1193 5350 1370 5406 medio
1418 5359 1600 5403 autem
1655 5346 1822 5401 maris
1863 5347 2014 5401 navi-

437 5449 607 5517 gium,
629 5444 806 5515 signat
835 5446 1089 5515 majorem
1122 5458 1246 5500 esse
1286 5443 1557 5498 timorem.

513 5537 674 5594 Vens.
695 5538 766 5594 25
793 5538 883 5594 27.
915 5559 933 5591 ι
957 5537 1160 5605 Quarta
1185 5547 1363 5592 autem
1397 5535 1759 5606 noctisvigilia
1779 5535 1913 5590 abiit
1943 5537 2010 5590 ad
2043 5602 2049 5609 _

436 5635 554 5689 illos
582 5631 763 5699 Jesus,
786 5633 1070 5687 ambulans
1103 5645 1265 5700 super
1305 5644 1476 5695 mare,
1504 5637 1556 5683 et
1609 5629 1697 5684 ubi
1750 5628 2011 5685 vidissent

437 5741 558 5779 eum
615 5724 864 5796 discipuli
923 5738 1084 5794 super
1143 5738 1296 5779 mare
1355 5722 1746 5790 ambulantem,
1813 5725 2010 5778 turbati

432 5815 1198 5888 sunt,dicentcs:Spectrutn
1249 5822 1352 5887 est,
1378 5829 1437 5871 ac
1467 5829 1577 5887 prae
1635 5825 1779 5872 metu
1827 5816 2012 5880 exclav

2120 4626 2540 4697 προσεύχεσθαι,
2574 4629 2655 4691 είς
2688 4627 2749 4680 τὸ
2781 4627 2905 4698 ὅρος
2932 4626 3240 4693 ἀναὸαίνει,
3274 4625 3454 4680 πάντα
3483 4624 3590 4694 γὰρ
3624 4621 3695 4675 δι’

2115 4717 2264 4786 ἡμᾶς
2301 4721 2463 4782 ποιεῖ,
2505 4718 2566 4772 οὐ
2601 4719 2710 4790 γὰρ
2758 4719 2919 4782 αὐτὸς
2951 4720 3121 4772 ἐδεῖτο
3182 4717 3513 4790 προσευχῆς.
3548 4716 3696 4777 Ἕως

2115 4807 2172 4861 δὲ
2203 4808 2361 4876 ὀψίας
2411 4808 2650 4879 εὓχεται,
2699 4811 2966 4864 διδάσκων
3004 4812 3151 4881 ἡμᾶς
3188 4812 3263 4882 μὴ
3320 4809 3530 4880 ταχέως
3562 4807 3698 4878 ἀφί-

2117 4897 2348 4952 στασθαι
2385 4899 2484 4968 τῆς
2520 4901 2829 4972 προσευχῆς
2852 4919 2867 4934 ο
2903 4900 3038 4954 ἀλλά
3075 4903 3168 4955 καὶ
3199 4902 3300 4969 τῆς
3339 4899 3534 4961 νυκτός
3593 4897 3702 4968 μά-

2115 4989 2274 5044 λιστα
2292 4991 2452 5044 τοῦτο
2483 4995 2676 5059 ποιεῖν,
2715 4995 2835 5046 τότε
2872 4996 2980 5064 γὰρ
3006 4993 3204 5065 ἡσυχία
3245 4993 3436 5062 πολλή.
3473 4992 3699 5060 Συγχω·

2117 5083 2204 5152 ρεῖ
2256 5081 2312 5135 δὲ
2345 5085 2471 5146 τοὺς
2518 5085 2767 5155 μαθητάς
2817 5085 3270 5156 κλυδωνισθῆναι,
3327 5085 3413 5138 ἵνα
3481 5082 3698 5152 μάθωσι

2114 5175 2378 5242 γενναίως
2403 5176 2588 5246 φέρειν
2617 5178 2741 5239 τοὺς
2779 5179 3140 5249 πειρασμοὺς,
3173 5179 3268 5232 κοιλ⁷
3299 5175 3568 5244 ἐπιγνῶσι
3595 5176 3699 5244 τὴν

2116 5265 2282 5319 αὑτοῦ
2322 5266 2570 5337 δύναμιν.
2618 5267 2777 5324 Ἀλλά
2833 5270 2926 5323 καὶ
2975 5270 3139 5338 μέσον
3165 5271 3263 5341 τῆς
3305 5269 3584 5339 Θαλάσσης
3635 5269 3696 5320 τὸ

2119 5357 2325 5424 πλοῖον,
2359 5359 2430 5421 ὡς
2465 5361 2688 5429 μείζονα
2728 5358 2865 5415 εἶναι
2897 5361 2987 5415 τόν
3016 5363 3199 5431 φόϐον.

2195 5560 2212 5592 ι
2252 5541 2498 5613 Τετάρτῃ
2521 5542 2575 5595 δὲ
2606 5543 2820 5616 φυλακῇ
2847 5549 2944 5614 τῆς
2977 5547 3170 5610 νυκτὸς
3204 5547 3415 5618 ἀπῆλθε
3448 5547 3584 5617 πρὸς
3602 5547 3700 5600 αύ-

2115 5631 2242 5698 τοὺς
2283 5637 2310 5688 6
2357 5633 2566 5705 Ἰησοῦς
2601 5637 2924 5708 περιπατῶν
2957 5639 3049 5690 ἐπὶ
3092 5639 3190 5707 τῆς
3247 5640 3556 5710 θαλάσσης·
3598 5639 3700 5691 καὶ

2122 5727 2322 5790 ἰδόντες
2348 5726 2512 5780 αὑτὸν
2543 5728 2592 5780 οἱ
2623 5728 2867 5800 μαθηταὶ
2889 5730 2983 5783 ἐπὶ
3004 5731 3102 5800 τὴν
3125 5731 3404 5786 θάλασσαν
3452 5750 3696 5803 περιπα-

2119 5819 2334 5888 τοῦντα,
2368 5819 2771 5893 ἐταράχθησαν,
2809 5820 3062 5892 λέγοντες
3105 5824 3184 5880 ὅτι
3214 5825 3514 5897 Φάντασμά
3553 5828 3694 5893 ἐστι,
