4078 6464
349 329 454 392 301

352 534 543 594 αὐτοῖς
594 534 620 584 6
660 524 886 601 Ἰησοῦς,
927 530 1140 599 λέγων’
1183 532 1472 603 Θαρσεῖτε,
1506 532 1615 601 ἐγώ
1659 533 1797 602 εἰμι,
1859 532 1934 604 μὴ

353 623 632 692 φοϐεῖσθε.
659 643 678 674 ι
714 624 827 676 Ούκ
851 623 1184 693 (21)εύθὲως
1215 624 1396 687 αὐτοῖς
1421 624 1624 696 ἐπέστη
1641 623 1817 677 λύσων
1845 623 1936 677 τὸν

353 717 623 788 χειμῶνα,
692 717 964 771 παιδεύων
1022 719 1096 788 μὴ
1157 718 1369 788 ταχέως
1426 717 1581 770 λύσιν
1613 719 1784 771 αίτεῖν
1827 716 1936 771 τῶν

356 809 678 878 συμφορῶν,
711 808 848 862 ἀλλὰ
883 808 1070 880 φέρειν
1096 809 1381 878 γενναίως,
1413 809 1545 863 ἀλλὰ
1578 809 1708 878 περὶ
1735 811 1936 880 τετάρ-

354 917 458 970 την
491 900 739 969 φυλακήν
759 918 773 932 ο
797 901 879 964 εἰς
906 901 1144 972 τέσσαρα
1168 901 1276 973 γὰρ
1306 901 1597 974 διαιρεῖται
1625 899 1766 972 ἡνῦξ
1788 901 1938 972 παρὰ

355 993 471 1053 τοῖς
536 993 904 1060 φυλάσσουσιν
961 995 1024 1048 ἐκ
1085 994 1337 1065 διαδοχῆς
1394 993 1776 1065 στρατιώταις,
1833 993 1937 1047 ἀνά

355 1090 510 1157 τρεῖς
559 1088 708 1158 ὧρας
771 1090 1002 1161 ἐχούσης
1063 1092 1300 1161 ἑκάστης
1359 1093 1629 1161 φυλακῆς.
1692 1091 1750 1144 Ὀ
1807 1090 1937 1158 γοῦν

358 1180 565 1250 Κύριος
602 1183 737 1251 μετὰ
767 1185 864 1250 τὴν
893 1184 1120 1254 ἐννάτην
1149 1184 1299 1254 ὥραν
1327 1183 1426 1254 τῆς
1450 1184 1663 1248 νυκτὸς,
1695 1197 1938 1255 περιπα-

355 1271 467 1323 τῶν
497 1273 682 1325 ἐπάνω
710 1272 804 1325 τοῦ
833 1272 1048 1338 ὕδατος,
1074 1275 1150 1338 ὡς
1179 1274 1329 1338 Θεὸς,
1367 1274 1592 1345 ἐπέστη.
1648 1275 1711 1328 Ol
1739 1273 1822 1338 δὲ,
1852 1272 1939 1328 διὰ

358 1363 422 1414 τὸ
467 1363 636 1431 ἄηθες
669 1365 763 1417 καὶ
787 1365 957 1430 ξένον,
989 1365 1176 1432 ἔδοξαν
1205 1367 1500 1435 φάντασμα
1529 1362 1690 1420 εἶναι.
1725 1366 1800 1420 Οὐ
1829 1364 1938 1438 γὰρ

360 1454 471 1507 ἀπὸ
506 1455 603 1507 τοῦ
634 1455 808 1518 εἴδους
853 1455 1157 1528 ἐγνώρισαν
1205 1459 1390 1525 αὐτὸν,
1431 1458 1548 1530 ἅμα
1582 1459 1682 1529 μὲν
1721 1459 1815 1513 καὶ
1852 1459 1940 1513 διὰ

361 1546 467 1616 τὴν
517 1549 710 1614 νύκτα,
747 1549 864 1618 ἅμα
893 1549 947 1602 δὲ
980 1549 1074 1603 καὶ
1104 1549 1190 1602 διὰ
1215 1550 1306 1603 τὸν
1336 1551 1520 1621 φόϐονο
1550 1551 1578 1604 6
1625 1549 1703 1616 δέ,
1758 1567 1940 1620 παρα-

364 1637 629 1710 θσρῤύνει
665 1639 880 1711 πρῶτον
907 1640 1124 1708 αὐτοὺς,
1146 1641 1340 1710 λέγων’
1383 1641 1523 1710 Ἐγώ
1544 1643 1679 1713 εἰμι,
1711 1643 1738 1694 6
1764 1642 1940 1695 πάντα

363 1735 690 1803 δυνάμενος,
719 1733 992 1804 θαρσεῖτε.

1027 331 1468 390 ΕΝᾸΒΠΑΤΙΟ
1516 330 1593 390 IN
1634 329 1949 391 EVANGEJ

2054 331 2139 392 ΙΜ
2179 330 2564 390 ΜΑΤΤΗιΕΙ.
2609 353 2676 364 -
2718 331 2873 391 CAP.
2912 332 3064 392 XIV.

353 442 449 493 καί
499 438 608 492 ἀπὸ
660 437 753 492 τοῦ
798 437 964 506 φόϐου
1013 439 1269 510 ἔκραξαν.
1322 439 1538 502 Εὐθέως
1571 439 1628 491 δέ
1683 439 1942 510 ἐλάλησεν
1971 448 2016 504 Α
2048 447 2376 504 maverunt;

3509 332 3616 396 302

2461 439 2553 494 sed
2603 439 2783 494 Statim
2843 438 3053 496 locutus
3124 447 3206 495 est
3287 439 3391 496 illis
3458 441 3617 499 Jesus

2041 532 2229 588 dicens
2261 529 2495 596 :Fidite,
2525 546 2626 602 ego
2658 547 2798 598 sum,
2837 547 2904 586 ne
2927 533 3258 590 terreamini.
3289 553 3306 586 ι
3342 535 3457 589 Non
3503 547 3618 591 sto-

2045 625 2139 680 tim
2172 625 2340 680 astitit
2372 624 2452 680 eis
2493 633 2549 678 ut
2595 632 2968 694 tempestatem
3002 627 3236 690 sedaret,
3275 628 3472 683 docens
3508 643 3616 684 non

2044 721 2152 774 cito
2183 720 2462 788 petendam
2497 717 2883 773 adversitatum
2931 717 3276 785 solutionem,
3303 719 3397 774 sed
3431 718 3614 776 feren-

2045 814 2141 867 das
2169 812 2379 868 fortiter
2407 829 2422 870 :
2450 821 2504 866 at
2533 811 2675 866 circa
2716 820 2963 880 quartam
2995 809 3255 880 vigiliam.
3293 812 3352 866 ln
3385 823 3618 882 quatuor

2047 903 2158 974 76
2198 912 2380 972 partes
2424 912 2634 958 noctem
2678 902 2921 955 dividunt
2953 903 3208 956 custodes
3233 901 3385 972 juxta
3418 903 3617 956 milita-

2048 1011 2159 1050 rem
2217 995 2579 1065 disciplinam,
2643 993 2868 1063 singulis
2926 1008 3019 1062 per
3080 1001 3190 1048 tres
3243 993 3405 1048 horas
3461 1008 3613 1049 suam

2045 1088 2388 1143 servantibus
2428 1086 2755 1142 custodiam.
2774 1086 3034 1141 Dominus
3067 1093 3245 1140 autem
3273 1095 3392 1156 post
3416 1101 3615 1140 nonam

2045 1180 2232 1236 horam
2292 1180 2462 1235 noctis
2519 1179 2804 1234 ambulans
2884 1193 3044 1247 supra
3101 1193 3319 1247 aquam,
3361 1188 3616 1246 tanquam

2045 1274 2209 1340 Deus,
2241 1272 2432 1329 astitit.
2459 1272 2539 1326 Illi
2571 1282 2749 1327 autem
2787 1285 2898 1326 rem
2949 1279 3058 1326 tam
3111 1286 3288 1324 raram
3343 1269 3618 1324 acinsoli-

2048 1374 2154 1420 tam
2221 1373 2550 1434 spectantes,
2605 1364 2862 1432 putabant
2921 1373 3195 1434 spectrum
3249 1377 3390 1417 esse.
3433 1361 3618 1432 Neque

2047 1459 2188 1511 enim
2248 1472 2278 1510 a
2329 1456 2509 1526 specie
2586 1457 2760 1526 ipsum
2801 1454 3218 1526 cognoscebant,
3262 1454 3458 1523 partim
3497 1468 3619 1520 pro-

2046 1561 2164 1622 pter
2190 1557 2424 1616 noctetn,
2447 1549 2645 1620 partim
2678 1558 2898 1619 propter
2928 1557 3151 1602 metum.
3176 1545 3268 1601 llle
3293 1557 3471 1600 autem
3501 1545 3619 1599 ani-

2052 1657 2208 1718 mans
2239 1641 2358 1696 illos
2393 1640 2625 1711 primum
2660 1639 2826 1695 dixit:
2851 1638 2958 1710 Ego
2993 1654 3134 1707 sum,
3159 1639 3252 1709 qui
3285 1637 3466 1694 omnia
3494 1651 3620 1708 pos-

2046 1749 2164 1790 sum
2191 1751 2206 1788 :
2235 1732 2400 1788 ﬁdite.

443 1842 463 1874 ι
519 1825 865 1898 Ἀποκριθεὶς
884 1827 940 1880 δὲ
975 1827 1121 1899 αὐτῷ
1153 1830 1180 1881 6
1211 1829 1416 1900 Πέτρος
1450 1825 1572 1881 εἷπε
1595 1841 1608 1856 ·
1660 1826 1855 1900 Κύριε,
1892 1829 1941 1881 εί

2122 1827 2286 1882 Vsus.
2307 1826 2396 1882 28.
2431 1843 2451 1878 ι
2506 1825 2858 1896 Respondcns
2884 1833 3061 1879 autem
3093 1823 3165 1878 illi
3201 1823 3393 1880 Petrus
3431 1822 3566 1892 dixit
3599 1841 3612 1876 :

370 1917 432 1969 σὺ
461 1914 530 1980 εἶ,
591 1918 846 1972 κέλευσόν
895 1938 962 1990 με
993 1921 1126 1991 πρὸς
1181 1921 1238 1973 σὲ
1278 1921 1451 1975 ἐλθεῖν
1483 1922 1574 1974 ἐπὶ
1607 1921 1675 1974 τὰ
1704 1920 1888 1976 ὕδατα.
1917 1940 1936 1972 ι

368 2008 711 2080 Θερμότατος
741 2009 816 2063 ὢν
841 2013 867 2064 6
891 2013 1094 2082 Πέτρος
1125 2014 1223 2085 τὴν
1258 2015 1396 2085 πρὶς
1423 2013 1657 2086 Χριστὸν
1694 2014 1939 2086 ἀγάπην,
1984 2075 1987 2078 _

369 2104 630 2175 ἐπιθυμεῖ
657 2106 866 2174 ταχέως
899 2107 1066 2175 ἐγγὺς
1091 2107 1256 2162 αὑτοῦ
1282 2108 1534 2177 γενέσθαι
1566 2108 1662 2162 καὶ
1694 2110 1800 2181 πρὸ
1833 2109 1942 2163 τῶν

369 2191 567 2248 ἄλλων.
617 2194 870 2249 Πιστεύει
923 2197 980 2250 δὲ
1015 2198 1147 2252 ὅτιὸ
1209 2197 1415 2270 Ἰησοῦς
1458 2201 1517 2253 ού
1565 2201 1726 2270 μόνον
1783 2200 1944 2265 αὐτὸς

372 2290 666 2356 περιπατεῖ
710 2287 943 2342 ἐπὶτῶν
984 2289 1215 2356 ὑδάτων,
1278 2290 1414 2344 ἀλλὰ
1468 2293 1563 2346 καὶ
1605 2292 1752 2364 αὐτῷ
1785 2292 1945 2346 τοῦτο

373 2376 556 2432 δώσει’
581 2381 682 2433 οὐκ
707 2375 828 2434 εἷπε
859 2381 938 2449 δὲ,
963 2382 1234 2437 Κέλευσὸν
1272 2401 1338 2454 με
1370 2383 1608 2454 βαδίσαι,
1634 2386 1770 2439 ἀλλὰ
1798 2385 1942 2457 Πρὸς

376 2472 435 2523 σέ
469 2473 663 2528 ἐλθεῖν.
697 2474 769 2527 Τὸ
797 2474 896 2544 μὲν
931 2476 1039 2548 γὰρ
1079 2475 1390 2541 ἐπιδείξεως
1427 2472 1527 2548 ἦν’
1557 2479 1615 2531 τὸ
1643 2479 1698 2530 δέ
1725 2479 1944 2549 ἀγάπης

373 2561 474 2630 τῆς
501 2563 634 2634 πρὸς
662 2564 914 2634 Χριστόν.

459 2675 478 2709 ι
521 2659 579 2711 '0
609 2659 666 2711 δέ
696 2655 867 2712 εἶπεν’
888 2658 1064 2713 Ἐλθέ.
1091 2661 1201 2714 Καὶ
1235 2659 1476 2724 καταϐὰς
1502 2659 1610 2714 ἀπὸ
1638 2659 1730 2713 τοῦ
1762 2659 1944 2712 πλοίου

376 2750 406 2801 6
446 2750 668 2820 Πέτρος,
703 2751 1026 2820 περιεπάτει
1052 2751 1144 2805 ἐπὶ
1163 2750 1230 2806 τὰ
1260 2750 1450 2817 ὕδατα,
1478 2751 1653 2804 ἐλθεῖν
1681 2750 1814 2820 πρὸς
1853 2750 1946 2805 τὸν

391 2839 600 2910 Ἰησοῦν
623 2858 637 2871 ·
673 2841 882 2910 βλέπων
919 2841 976 2895 δέ
1009 2842 1100 2896 τὸν
1145 2845 1346 2913 άνεμον
1395 2842 1633 2912 ἰσχυρὸν,
1673 2841 1939 2913 ἐφοϐήθη,

380 2935 478 2986 καὶ
531 2933 838 3006 ἀρξάμενος
885 2935 1401 2999 καταποντίζεσθαι,
1461 2933 1682 3003 ἐκραξε,
1729 2935 1903 3003 λέγων
1931 2950 1946 2966 ο

381 3026 577 3100 Κύριε,
610 3028 782 3082 σῶσόν
815 3048 902 3101 με.
944 3049 962 3082 ι
1009 3030 1364 3100 ’Υπέστρωσε
1391 3027 1468 3098 τῷ
1499 3027 1693 3099 Πέτρῳ
1721 3026 1821 3098 τὴν
1851 3027 1950 3082 θά-

2051 1921 2297 1985 Domine,
2348 1920 2394 1975 si
2426 1929 2478 1974 tu
2525 1919 2807 1990 es,jubelo
2860 1933 2945 1972 me
2995 1918 3178 1972 venire
3235 1918 3300 1972 ad
3351 1926 3404 1971 te
3455 1930 3620 1984 super

2049 2029 2237 2086 aquas.
2274 2031 2292 2065 ›
2325 2011 2745 2068 Ferventissima
2782 2008 2926 2064 Petri
2963 2023 3090 2078 erga
3119 2007 3396 2063 Christum
3433 2006 3618 2062 chari-

2054 2115 2135 2161 tas
2158 2113 2273 2160 erat
2298 2122 2311 2158 :
2341 2103 2681 2160 desiderabat
2707 2099 2850 2155 enim
2883 2097 3068 2154 statim
3095 2110 3264 2166 prope
3294 2095 3442 2150 illum
3475 2109 3614 2160 esse,

2050 2207 2104 2253 et
2144 2212 2251 2267 prae
2289 2193 2690 2270 aliis.Credidit
2720 2200 2901 2246 autem
2936 2189 3078 2259 quod
3113 2187 3270 2250 Jesus
3303 2202 3406 2241 non
3441 2186 3615 2241 solum

2052 2288 2168 2357 ipse
2184 2286 2482 2341 ambularet
2509 2298 2674 2354 super
2713 2294 2904 2350 aquas,
2923 2281 3014 2336 sed
3035 2285 3089 2333 et
3105 2278 3206 2333 sibi
3226 2277 3450 2333 daturus
3473 2282 3621 2331 esset

2051 2383 2174 2437 hoc.
2197 2380 2311 2435 Non
2333 2378 2468 2436 dixit
2497 2387 2698 2442 autem,
2723 2374 2861 2430 Jube
2888 2389 2972 2428 me
2995 2371 3296 2435 ambulare,
3320 2371 3436 2434 sed,
3462 2370 3542 2424 Ad
3569 2377 3622 2423 te

2053 2475 2152 2527 ire.
2179 2471 2311 2526 Nam
2347 2471 2475 2525 illud
2511 2467 2890 2525 ostentationis
2915 2476 3015 2531 est,
3047 2467 3149 2520 hoc
3185 2473 3367 2531 autem
3419 2463 3622 2518 amoris

2053 2564 2104 2618 in
2133 2563 2428 2618 Christum.
3591 2597 3596 2618 .-

2125 2659 2288 2714 Vsas.
2335 2655 2538 2722 29,50.
2572 2673 2591 2706 ι
2629 2655 2724 2710 llle
2775 2664 2954 2710 autem
2997 2653 3166 2709 dixit:
3196 2652 3362 2717 Veni;
3395 2659 3449 2706 et
3499 2663 3622 2705 cum

2053 2751 2421 2807 descendisset
2453 2763 2483 2803 e
2519 2749 2641 2802 navi
2682 2748 2896 2813 Petrus,
2915 2745 3225 2802 ambulabat
3253 2757 3414 2813 super
3431 2755 3620 2811 aquas.

2055 2855 2115 2899 ut
2143 2845 2246 2899 iret
2285 2843 2352 2896 ad
2385 2840 2589 2896 Jesum.
2635 2839 3078 2900 thterumcum
3138 2836 3345 2891 videret
3405 2842 3626 2888 ventum

2057 2934 2312 2998 validum,
2357 2931 2575 2988 territus
2628 2937 2833 2987 estzct
2883 2943 3005 2984 cum
3060 2926 3320 2996 cmpisset
3357 2921 3624 2990 deruergi,

2056 3027 2309 3084 clamavit
2362 3027 2566 3090 dicens,
2617 3023 2862 3088 Domine,
2905 3036 3061 3076 serva
3111 3035 3214 3074 me.
3249 3038 3267 3071 ι
3320 3016 3627 3073 Substravit

383 3118 588 3172 λασσαν
623 3121 652 3174 6
675 3119 900 3193 Κύριος,
931 3119 1144 3185 δεικνὺς
1170 3120 1265 3192 τὴν
1290 3119 1484 3174 ἐαυτοῦ
1519 3119 1773 3188 δύναμιν.
1805 3119 1948 3189 Ὅρα

2058 3120 2314 3177 Dominus
2368 3117 2530 3174 Petro
2586 3130 2756 3182 mare,
2801 3129 2954 3169 suam
2997 3113 3281 3168 declarans
3347 3109 3624 3164 virtutem.

382 3209 443 3262 δὲ
477 3210 594 3270 πῶς
631 3210 725 3265 τοῦ
759 3211 1003 3281 μείζονος
1052 3211 1476 3282 περιγενόμενος
1527 3213 1555 3266 6
1584 3209 1813 3282 Πέτρος,
1854 3210 1951 3280 τῆς

384 3299 662 3372 θαλάσσης
710 3303 873 3371 λέγω,
913 3303 1003 3358 τὸν
1053 3303 1252 3372 ἄνεμον
1285 3303 1550 3374 ἐφοϐήθη,
1595 3303 1764 3367 οὕτως
1804 3302 1953 3355 ἐστὶν

384 3393 620 3464 ἀσθενὴς
652 3395 685 3463 ἡ
716 3392 1032 3464 ἀνθρωπίνη
1065 3392 1226 3462 φύσις
1255 3406 1268 3421 ⁶
1317 3395 1412 3446 καὶ
1464 3393 1664 3448 αὐτίκα
1708 3394 1795 3446 ὅτε
1829 3393 1954 3462 ἐφοο

385 3484 550 3555 ϐήθη,
591 3485 714 3538 τότε
741 3484 952 3556 ἤρξατο
977 3483 1464 3550 καταποντίζεσθαι
1485 3502 1499 3518 ο
1535 3485 1624 3538 ὅτε
1655 3485 1764 3555 γὰρ
1788 3484 1955 3555 ἠσθέ-

383 3577 604 3646 νησενὴ
638 3577 840 3640 πίστις,
870 3577 985 3630 τότε
1036 3575 1313 3647 βυθίζεται
1344 3577 1373 3628 6
1415 3575 1642 3647 Πέτρος.
1678 3575 1848 3630 Τοῦτο
1897 3576 1954 3629 δὲ

385 3667 482 3719 καὶ
522 3666 688 3719 αὐτὸν
711 3667 938 3737 ἐποίησε
983 3669 1060 3737 μὴ
1093 3667 1520 3740 ὑψηλοφρονεῖν,
1577 3671 1670 3722 καὶ
1702 3669 1829 3732 τοὺς
1862 3667 1956 3722 άλ-

385 3756 514 3820 λους
546 3757 798 3828 μαθητὰς
825 3759 1277 3829 παρεμυθήσατο.
1315 3759 1476 3824 Ἰσως
1503 3759 1612 3829 γάρ
1640 3759 1950 3830 ἐφθόνησαν

390 3849 578 3919 αὐτῷ’
607 3849 744 3903 ἀλλὰ
781 3853 874 3916 καὶ
918 3850 1084 3904 πόσον
1132 3850 1395 3922 ὑπερέχει
1421 3853 1448 3904 6
1498 3850 1731 3921 Χριστὸς
1765 3849 1954 3915 αὑτοῦ,

388 3940 613 4006 ἔδειξεν.

470 4052 489 4085 ι
539 4032 754 4096 Εὐθέως
785 4033 840 4086 δέ
871 4037 898 4088 6
937 4033 1144 4105 Ἰησοῦς
1178 4035 1427 4098 ἐκτείνας
1455 4032 1551 4104 τὴν
1605 4034 1786 4104 χεῖρα,
1836 4033 1960 4087 ἐπε-

387 4123 585 4178 λάϐετο
611 4125 796 4188 αὑτοῦ,
837 4126 932 4179 καὶ
969 4125 1118 4195 λέγει
1169 4127 1349 4197 αὐτῷ’
1393 4125 1756 4195 Ὀλιγόπιστε,
1799 4128 1879 4190 είς
1905 4127 1960 4181 τί

392 4219 681 4282 ἐδίστασας
707 4236 722 4285 ;
756 4221 864 4274 Kal
895 4220 1182 4290 ἐμϐάντων
1208 4220 1386 4274 αὐτῶν
1410 4221 1488 4284 είς
1516 4219 1576 4272 τὸ
1607 4220 1810 4284 πλοῖον,
1836 4221 1958 4274 ἐκό-

395 4326 571 4363 πασεν
597 4310 626 4362 6
652 4300 848 4380 ἄνεμος
874 4327 889 4345 ο
920 4311 969 4362 οἱ
993 4310 1050 4364 δὲ
1081 4312 1138 4364 ἐν
1167 4310 1243 4381 τῷ
1267 4311 1454 4382 πλοίῳ,
1487 4311 1732 4375 ἐλθόντες
1761 4329 1958 4384 προσεο

391 4401 634 4473 κύνησαν
663 4401 833 4474 αύτῷ,
868 4402 1117 4471 λέγοντες
1141 4419 1157 4436 ο
1185 4403 1428 4474 Ἀληθῶς
1465 4404 1600 4458 Θεοῦ
1644 4404 1772 4470 Υἱὸς
1827 4400 1896 4458 εἷ.
1934 4424 1952 4456 ι

2054 3214 2287 3270 Attende
2314 3221 2493 3268 autem
2513 3212 2655 3282 quod
2685 3210 2876 3280 majori
2904 3208 3167 3278 periculo,
3210 3220 3403 3275 nempe
3427 3204 3619 3266 maris,

2055 3313 2333 3376 superato,
2380 3313 2604 3372 ventum
2635 3301 2855 3356 timuit:
2887 3300 2960 3353 ita
2988 3297 3206 3352 inﬁrma
3261 3305 3346 3352 est
3383 3296 3619 3350 bumaua

2058 3407 2256 3453 natura
2301 3415 2314 3451 :
2357 3405 2411 3450 et
2468 3395 2650 3450 statim
2711 3400 2771 3447 ut
2826 3389 3027 3453 timuit,
3075 3389 3240 3458 coepit
3299 3385 3622 3455 submersi:

2057 3491 2271 3563 quando
2299 3489 2442 3544 enim
2485 3488 2618 3542 ﬁdes
2671 3484 2883 3540 inﬁrma
2946 3490 3049 3547 est,
3076 3491 3203 3537 tunc
3253 3481 3304 3535 in
3361 3478 3625 3550 profunda

2057 3581 2336 3639 descendit
2363 3580 2574 3635 Petrus.
2597 3578 2708 3634 lloc
2742 3585 2920 3632 autem
2954 3574 3102 3640 fecit,
3125 3588 3192 3628 ne
3241 3573 3333 3628 ille
3379 3571 3628 3639 superbi-

2060 3684 2166 3740 ret,
2193 3681 2250 3728 et
2276 3673 2411 3728 alios
2441 3671 2712 3727 solaretur
2743 3667 3062 3739 discipulos.
3087 3665 3248 3722 Forte
3301 3664 3445 3719 enim
3488 3663 3629 3717 invi-

2059 3765 2284 3830 dissent,
2317 3764 2410 3820 sed
2456 3772 2510 3818 et
2561 3761 2812 3818 Christus
2841 3769 3101 3830 quantum
3152 3759 3326 3828 ipsum
3381 3764 3627 3826 superet,

2059 3857 2314 3913 ostendit.

2135 4039 2295 4094 Vens.
2323 4038 2514 4094 51-55.
2549 4055 2567 4089 ι
2615 4035 2913 4093 Confestim
2967 4045 3145 4092 autem
3196 4035 3356 4092 Jesus
3409 4046 3630 4091 extenta

2062 4149 2222 4188 manu
2274 4131 2629 4202 apprehendit
2675 4138 2900 4196 eum,et
2927 4129 3067 4184 dixit
3116 4128 3433 4186 illizParva:
3485 4129 3629 4195 ﬁdt-i.

2063 4226 2129 4282 ad
2178 4217 2306 4295 quid
2355 4221 2694 4278 formidasti?
2738 4222 2804 4276 Et
2857 4222 3120 4293 ingressis
3168 4223 3276 4278 illis
3323 4223 3375 4277 in
3425 4225 3632 4289 navim,

2063 4315 2374 4386 conquievit
2400 4323 2612 4369 ventus.
2639 4314 2804 4368 Porro
2833 4313 2927 4382 qui
2977 4314 3029 4368 in
3086 4313 3210 4368 navi
3257 4324 3415 4369 erant
3450 4330 3637 4370 acces-

2064 4416 2249 4463 serunt
2283 4407 2349 4460 ad
2381 4419 2524 4471 eum,
2549 4414 2604 4459 et
2636 4405 3018 4468 adoraverunt,
3045 4404 3324 4460 dicentes:
3357 4404 3490 4460 Vere
3541 4406 3634 4462 Dei

392 4494 665 4548 Δεικνύων
692 4496 719 4547 6
747 4495 1000 4566 Χριστὸς,
1033 4495 1114 4548 ὃτι
1137 4494 1235 4566 οὐχ
1263 4498 1289 4549 6
1313 4495 1510 4567 ἄνεμος
1537 4496 1707 4560 αῐτιος
1731 4496 1824 4550 τοῦ
1848 4515 1949 4550 υκαι

2066 4497 2235 4552 Filius
2263 4510 2342 4551 es.
2375 4515 2393 4549 ι
2420 4494 2718 4550 Ostcudens
2740 4494 2990 4550 Christus
3023 4510 3128 4549 non
3153 4504 3398 4563 ventum,
3417 4498 3508 4551 sed
3537 4513 3636 4567 pu-

392 4586 843 4656 ταποντισθῆναι,
874 4586 989 4639 ἀλλ’
1043 4587 1078 4656 ἡ
1140 4586 1496 4658 μικροψυχία,
1544 4589 1608 4640 ού
1647 4586 1725 4658 τῷ
1773 4589 1962 4659 ἀνέμῳ

2064 4589 2488 4645 sillanimitateut
2519 4587 2900 4656 submergendi
2932 4601 3152 4642 causam
3188 4602 3326 4652 esse,
3361 4603 3466 4642 non
3500 4605 3638 4642 ven-

395 4679 652 4748 ἐπιτιμᾷ,
698 4677 834 4731 ἀλλὰ
872 4677 949 4747 τῷ
989 4678 1458 4760 μικροψυχὴσαντι
1501 4679 1716 4751 Πέτρῳ.
1748 4679 1840 4733 Διὸ
1870 4680 1949 4732 και

2066 4693 2178 4739 tum
2206 4682 2470 4750 increpat,
2494 4680 2587 4736 sed
2613 4679 2831 4734 Petrum
2866 4679 3278 4749 pusillanimem.
3300 4680 3424 4737 ideo
3452 4691 3505 4736 et
3535 4697 3634 4750 ap-

394 4769 779 4832 άναϐαστάσας
809 4769 991 4836 αὐτὸν,
1024 4768 1252 4841 ἔστησεν
1282 4770 1375 4824 ἐπὶ
1408 4770 1501 4825 τοῦ
1546 4770 1760 4836 ὓδατος,
1794 4771 1949 4835 ἐάσας

2065 4776 2392 4847 prehensum
2445 4788 2566 4828 eum
2635 4774 2823 4827 statuit
2886 4787 3048 4842 super
3112 4789 3308 4843 aquam
3371 4777 3637 4846 pertulisse

394 4863 487 4914 τὸν
518 4863 720 4933 ἄνεμον
757 4865 930 4915 πνεῖν.
987 4862 1102 4916 Ούκ
1150 4863 1230 4926 είς
1259 4863 1319 4916 τὸ
1376 4864 1484 4916 πᾶν
1526 4862 1582 4916 δὲ
1630 4863 1949 4918 ἐδίστασενί

2069 4878 2229 4922 vento
2270 4866 2421 4921 ﬁare.
2447 4864 2564 4920 Non
2615 4866 2838 4920 omnino
2886 4875 3065 4920 autem
3106 4865 3384 4920 dubitabat
3419 4865 3634 4929 Pelt‘tte,

397 4954 630 5023 Πέτρος,
662 4953 779 5005 ἀλλ’
809 4953 891 5016 εἴς
919 4970 995 5017 τι,
1032 4953 1299 5018 τουτέστι,
1349 4953 1589 5024 μερικῶς
1610 4970 1622 4984 '
1657 4953 1776 5007 καθ’
1806 4953 1835 5005 ὃ
1867 4955 1949 5024 μὲι

2071 4961 2164 5015 sed
2207 4959 2499 5014 secundum
2535 4957 2686 5027 quid,
2707 4958 2809 5012 hoc
2838 4965 2941 5024 est,
2963 4971 3030 5012 ex
3059 4965 3230 5026 parte,
3251 4972 3373 5010 nam
3402 4959 3556 5028 juxta
3585 4960 3636 5014 id

395 5045 504 5116 γὰρ
525 5044 790 5114 ἐφοϐήθη,
816 5044 1133 5100 κατὰτοῦτο
1153 5043 1417 5114 ὴπίστησε
1440 5061 1452 5074 ·
1476 5043 1600 5098 καθ’
1619 5045 1646 5097 ὃ
1667 5046 1723 5098 δὲ
1747 5046 1940 5117 ἐκραξε

2072 5051 2217 5120 quod
2265 5049 2550 5115 dubitavit,
2591 5048 2900 5104 incredulus
2949 5048 3050 5103 fuit
3089 5065 3101 5100 :
3139 5048 3290 5118 juxta
3345 5049 3398 5105 id
3455 5061 3634 5106 autem

401 5138 598 5212 Κύριε,
641 5137 816 5190 σῶσόν
856 5155 944 5207 με,
987 5138 1129 5191 κατὰ
1160 5135 1319 5190 τοῦτο
1353 5137 1542 5190 ἰάσατο
1571 5137 1667 5207 τὴν
1688 5139 1966 5192 ἀπιστίαν.

399 5230 493 5282 Διδ
515 5230 909 5298 ὀλιγόπιστος
925 5228 1134 5292 ἀκούει,
1163 5227 1388 5282 ἀλλὀὐκ
1421 5227 1695 5294 ἄπιστος.
1715 5227 1780 5283 Οἱ
1797 5225 1888 5283 οῦν
1909 5232 1967 5283 ἐν

401 5323 480 5392 τῷ
511 5322 704 5392 πλοίῳ,
735 5324 831 5376 καὶ
857 5324 1011 5376 αὐτοὶ
1039 5321 1133 5375 τοῦ
1170 5322 1340 5392 φόϐου
1387 5321 1756 5392 ἀπελύθησαν.
1816 5323 1968 5375 Ἰἰκό-

404 5429 544 5466 πασε
596 5415 706 5484 γὰρ
758 5417 786 5467 ὁ
826 5415 1060 5484 ἄνεμος·
1098 5413 1192 5466 καὶ
1224 5413 1288 5483 δὴ
1339 5411 1557 5480 γνόντες
1607 5412 1718 5466 ἀπὸ
1763 5412 1968 5466 τούτων

400 5507 494 5560 τὸν
537 5507 768 5578 Ἰησοῦν,
801 5505 1122 5578 ὁμολογοῦσι
1150 5509 1248 5577 τὴν
1279 5504 1442 5559 αὑτοῦ
1473 5504 1724 5575 θεότητα.
1753 5505 1826 5560 Ού
1848 5497 1970 5576 ’γὰρ

2066 5145 2210 5212 quod
2245 5141 2519 5209 clamavit,
2547 5143 2792 5208 Domine,
2829 5153 2984 5198 serva
3018 5156 3124 5204 me,
3151 5141 3361 5195 curavit
3387 5142 3639 5198 incredu-

2065 5234 2294 5290 litatem.
2338 5235 2465 5290 Ideo
2508 5249 2684 5303 parva:
2706 5233 2830 5302 ﬁdei
2875 5233 3096 5298 dicitur,
3148 5249 3252 5288 non
3302 5237 3631 5290 incredulus.

2067 5325 2233 5396 Igitur
2261 5326 2352 5396 qui
2385 5327 2435 5381 in
2469 5327 2616 5390 navi,
2647 5335 2702 5380 et
2729 5325 2827 5393 ipsi
2857 5334 3000 5379 metu
3038 5324 3196 5379 soluti
3225 5337 3369 5381 sunt.
3390 5326 3634 5382 Cessavit

2067 5418 2210 5472 cnim
2242 5403 2451 5472 ventus.
2479 5416 2546 5470 Et
2577 5431 2642 5471 ex
2677 5415 2759 5470 his
2788 5416 3002 5486 cognito
3031 5413 3180 5481 Jesu,
3215 5416 3450 5472 confessi
3510 5431 3638 5474 sunt

2069 5508 2186 5576 ejus
2221 5508 2498 5564 deitatem.
2525 5507 2710 5578 Neque
2737 5508 2880 5564 enim
2914 5508 3150 5564 hominis
3183 5517 3267 5564 est
3298 5523 3462 5580 super
3487 5523 3637 5564 mare

1332 5630 1420 5688 Ex
1452 5627 1794 5690 collatione
1831 5629 2018 5692 codd.
2055 5632 2284 5692 Venet.
2320 5634 2381 5694 S.
2419 5633 2636 5696 Marci.

405 5754 515 5826 (2i)
549 5754 688 5810 Edit.
729 5753 848 5811 [ιιι.
902 5753 1084 5809 omisit
1123 5753 1256 5820 0'32;
1289 5744 1509 5806 habent
1555 5753 1710 5808 codd.
1748 5751 1805 5808 S.
1835 5752 1949 5808 Mart

2054 5754 2104 5809 50
2139 5763 2189 5808 et
2232 5755 2320 5810 51.
