4078 6464
403 333 513 398 ἒο3
1150 339 1155 343 ’
1330 326 1914 392 THEOPHYLACTI
1956 330 2366 393 BULGAliMﬁ
2411 333 2772 396 ARCHIEP.

3555 326 3667 391 ΒΜ

408 446 713 516 ambulare,
751 448 844 504 sed
888 424 1029 504 Dei:
1058 446 1198 502 sicut
1263 452 1317 501 et
1396 446 1563 501 David
1618 430 1770 501 dicit
1807 464 1821 501 :
1857 466 1876 499 ι
1927 445 1985 519 in

2103 446 2390 519 ἀνθρώπου
2420 446 2480 501 τὸ
2507 449 2833 519 περιπατεῖν
2859 445 2952 501 ἐπὶ
2985 445 3284 517 θαλάσσης,
3320 443 3459 500 ἀλλὰ
3508 446 3670 507 θεοῦ,

408 541 543 597 mari
585 543 684 596 viae
706 549 831 605 tum,
876 549 932 596 et
975 539 1179 595 semitae
1229 548 1334 594 tua:
1365 537 1421 594 in
1472 538 1630 608 aquis
1664 537 1845 594 multis
1868 538 1980 595 η.»

404 635 569 691 Juxta
620 644 899 703 anagogen
946 634 1148 699 autem,
1190 631 1343 688 navis
1378 630 1758 698 terra,tiuctus
1812 632 1921 688 vita
1955 649 1984 687 a

408 726 568 781 malis
611 724 892 795 spiritibus
938 725 1173 793 turbata,
1199 740 1303 779 nox
1344 724 1746 794 ignorantia.|n
1789 733 1983 797 quarta

408 818 574 885 igitur
616 817 823 889 vigilia,
851 816 916 872 ad
949 817 1107 873 finem
1142 819 1459 873 saeculorum
1511 816 1686 873 astitit
1712 816 1984 874 Christus.

384 907 588 963 ‘Prima
642 908 842 977 vigiiia,
884 905 1063 964 foedus
1101 922 1223 962 cum
1276 908 1546 963 Abraham
1576 926 1591 963 :
1616 909 1872 975 secunda,
1901 907 1989 964 lex

405 1000 575 1072 Moysi
603 1018 618 1056 :
641 1000 749 1071 ’17
772 999 954 1066 tertia,
973 1000 1248 1070 propheta:
1272 1016 1288 1055 :
1314 1007 1530 1070 quarta,
1553 1000 1762 1055 Domini
1785 999 1989 1055 adven-

404 1099 520 1148 tus.
566 1091 689 1163 Ipse
742 1092 885 1148 enim
960 1093 1197 1148 servavit
1249 1104 1353 1149 nos
1416 1090 1670 1148 ﬂuctibus
1736 1092 1988 1163 agitatos,

407 1185 634 1241 veniens
677 1184 744 1240 ad
775 1184 990 1251 nos,ila
1044 1192 1105 1239 ut
1152 1199 1275 1239 eum
1323 1196 1799 1256 cognosceremus,
1833 1192 1886 1239 et
1932 1193 1990 1239 ut

410 1275 579 1332 Deum
620 1277 992 1333 adoraremus.
1020 1274 1158 1332 Vide
1189 1283 1369 1332 autem
1406 1276 1592 1331 ethoc
1633 1276 1778 1347 quod
1820 1286 1989 1345 nega-

407 1369 612 1423 tionem
645 1366 883 1435 Petri,et
923 1365 1117 1423 deinde
1150 1364 1267 1438 ejus
1297 1366 1709 1422 conversionem
1761 1373 1818 1421 et
1867 1376 1989 1436 pae-

410 1459 693 1516 nitentiam
726 1459 1122 1529 prmsignarunt
1150 1468 1212 1513 ea
1244 1472 1366 1529 quae
1411 1456 1513 1529 ipsi
1562 1457 1617 1513 in
1663 1457 1802 1513 mari
1847 1456 1993 1514 acci-

411 1552 626 1607 derunt.
647 1548 781 1606 Nam
814 1553 955 1608 sicut
990 1552 1103 1607 illic
1130 1551 1347 1607 dicebat
1384 1549 1685 1617 conﬁdens,
1708 1569 1727 1604 ι
1778 1546 1896 1608 Non
1943 1559 1994 1607 te

412 1640 618 1709 negabo
671 1640 739 1704 ",
805 1657 826 1692 ι
935 1638 1015 1695 sic
1092 1649 1149 1695 et
1240 1639 1349 1704 hic,
1426 1636 1566 1696 Jube
1646 1653 1733 1696 me
1808 1641 1994 1698 venire

2095 539 2240 594 καθὰ
2271 542 2365 594 καὶ
2394 541 2422 594 ό
2448 539 2612 593 Δαυῒδ
2638 541 2826 610 λέγει·
2865 558 2884 593 ι
2933 537 3019 593 Ἐν
3070 541 3140 610 τῇ
3196 537 3442 612 Θαλάσσῃ
3470 540 3526 592 αἱ
3563 537 3677 592 ὁδοί

2093 649 2210 696 σου,
2252 632 2349 687 καὶ
2374 632 2428 686 αί
2461 631 2640 703 τρίϐοι
2666 648 2759 686 σου
2788 633 2847 685 ἐν
2896 631 3056 685 ῦδασι
3112 629 3352 693 πολλοῖς.
3391 650 3411 683 r
3457 631 3659 685 Ἄνακ-

2090 724 2215 779 τέον
2240 724 2297 780 δὲ
2328 724 2420 780 τὸν
2455 725 2637 795 λόγον’
2697 727 2937 796 σκάφος,
2964 727 2999 797 ή
3055 728 3129 797 γῆ
3150 741 3166 760 ·
3224 723 3469 794 κύματα,
3495 725 3523 777 ό
3556 722 3675 793 βίος

2090 816 2196 872 ὑπὸ
2228 817 2338 873 τῶν
2371 818 2628 891 πονηρῶν
2665 820 2996 892 πνευμάτων
3029 818 3458 890 ταραττόμενος,
3485 817 3603 883 νὺξ,
3637 817 3674 886 ἠ

2090 910 2358 980 ἀγνωσία.
2413 911 2501 966 Ἐν
2535 914 2603 984 τῇ
2629 913 2865 985 τετάρτῃ
2887 911 2946 966 δὲ
2967 898 3204 983 φυλακῇ,
3234 910 3373 982 πρὸς
3407 908 3488 980 τῷ
3524 908 3676 962 τέλει

2090 994 2336 1067 δηλονότι
2365 999 2474 1054 τῶν
2534 1001 2770 1068 αίώνων,
2810 1001 3012 1072 ἐπέστη
3065 1002 3094 1055 ό
3151 999 3410 1072 Χριστός.
3472 996 3676 1069 Πρώτη

2064 1092 2193 1183 ’μὲν
2224 1092 2332 1166 γὰρ
2365 1093 2608 1166 φυλακὴ,
2667 1096 2703 1162 ή
2745 1094 2884 1165 πρὸς
2932 1092 3187 1165 Ἀϐραὰμ
3223 1091 3456 1163 διαθήκη
3485 1108 3501 1122 ·
3549 1090 3673 1144 δευ-

2091 1183 2246 1257 τέρα,
2301 1188 2330 1242 ό
2375 1186 2619 1253 Μωσέως
2673 1187 2867 1258 νόμος·
2902 1185 3084 1257 τρίτη,
3133 1186 3183 1239 oi
3234 1183 3552 1256 προφῆται·
3584 1199 3682 1235 τε-

2091 1276 2291 1350 τάρτη,
2324 1276 2475 1350 ἢτοῦ
2508 1279 2716 1350 Κυρίου
2770 1279 3049 1352 παρουσία
3073 1295 3087 1309 ·
3136 1278 3319 1346 αὐτὸς
3348 1278 3459 1348 γὰρ
3500 1275 3679 1330 ἔσωσε

2089 1372 2220 1435 τοὺς
2250 1369 2775 1444 κλυδωνιζομένους.
2808 1372 3069 1427 εἰσελθὼν
3099 1370 3197 1426 καὶ
3224 1369 3522 1441 γενόμενος
3548 1365 3678 1439 μεθ’

2093 1462 2250 1535 ἡμῶν
2273 1505 2290 1529 ο
2332 1462 2471 1518 ὥστε
2498 1465 2647 1537 ἡμᾶς
2669 1464 2994 1535 ἐπιγνόντας
3018 1462 3183 1517 αὐτὸν
3212 1462 3289 1526 ὡς
3332 1460 3466 1515 Θεὸν
3498 1474 3682 1531 προσ-

2093 1554 2299 1611 κυνεῖν.
2343 1554 2488 1627 Ὅρα
2521 1556 2578 1611 δέ
2626 1557 2722 1612 καλ⁸
2756 1555 2940 1622 τοῦτο,
2989 1555 3107 1620 πῶς
3155 1554 3258 1626 τήν
3317 1553 3548 1625 ἄρνησιν
3578 1548 3680 1604 τοῦ

2094 1646 2331 1719 Πέτρου,
2355 1644 2478 1703 εἶτα
2502 1648 2605 1720 τὴν
2652 1649 2993 1722 ἐπιστροφὴν
3027 1648 3126 1705 καὶ
3175 1646 3490 1720 μετάνοιαν,
3541 1659 3684 1713 προ-

410 1744 573 1800 super
625 1744 815 1801 aquas,
845 1737 899 1785 et
959 1731 1103 1785 sicut
1155 1738 1286 1786 tunc
1343 1728 1592 1801 permisit
1642 1726 1861 1802 negare.
1916 1731 1995 1788 ita

2103 1737 2343 1810 εσήμανε
2371 1739 2441 1794 τὰ
2474 1740 2533 1797 ἐν
2557 1744 2625 1813 τῇ
2667 1740 2913 1814 θαλάσσῃ
2941 1740 3093 1812 αὐτῷ
3124 1737 3409 1811 συμϐάντα
3434 1754 3449 1770 ·
3482 1734 3681 1803 ὥσπερ

408 1826 464 1875 et
494 1819 583 1874 hic
615 1819 879 1890 permittit
904 1820 1098 1892 mergi.
1130 1817 1231 1876 Hic
1266 1833 1484 1874 manum
1513 1819 1564 1875 ei
1593 1821 1839 1892 porrexit
1880 1821 1989 1878 Do-

2103 1830 2202 1903 γὰρ
2234 1831 2355 1887 ἐκεῖ
2382 1831 2533 1903 λέγει
2566 1810 2967 1906 θρασυνόμενος
2996 1850 3012 1865 '
3109 1833 3183 1886 Οὐ
3202 1810 3298 1904 μή
3329 1846 3389 1883 σε
3421 1826 3684 1897 ἀπαρνή-

409 1912 678 1980 minus,et
708 1926 814 1968 non
847 1912 1097 1983 permisit
1124 1925 1248 1968 eum
1280 1910 1555 1984 submergi
1584 1930 1598 1968 :
1627 1913 1702 1968 ita
1733 1921 1859 1970 tunc
1887 1927 1984 1984 per

2103 1935 2282 1991 τομαι·
2326 1941 2345 1975 ι
2364 1921 2507 1978 οὕτω
2534 1921 2849 1978 κάνταῦθα·
2881 1921 3158 1977 Κέλευσόν
3192 1938 3259 1994 με
3286 1918 3460 1975 ἐλθεῖν
3488 1917 3581 1971 ἐπὶ
3612 1915 3685 1969 τὰ

334 2030 339 2033 ν
411 1996 790 2073 ιιωοὶιθιιιιειιι
843 2016 966 2060 eum
999 2020 1028 2059 a
1079 2003 1348 2076 profundo
1378 2006 1684 2077 negationis
1718 2007 1977 2065 extraxit.

2092 2007 2301 2067 ὕδατα·
2348 2014 2446 2069 καὶ
2500 2013 2691 2088 ὥσπερ
2741 2016 2865 2071 τότε
2904 2008 3265 2087 συνεχωρήθὴ
3308 2007 3682 2085 ἀρνήσασθαι.

400 2096 556 2153 οὕτω
595 2098 876 2155 κάνταῦθα
924 2096 1286 2172 συγχωρείται
1332 2099 1724 2187 ,ποντίζεσθαιο
1757 2101 1993 2157 ἐνταῦθα
2030 2107 2190 2179 χεῖρα
2223 2107 2457 2164 δέδωκεν
2484 2109 2634 2183 αὐτῷ
2689 2110 2719 2163 δ
2752 2104 2980 2182 Κύριος,
3049 2108 3145 2165 καὶ
3191 2108 3292 2163 οὐκ
3318 2106 3501 2176 ἀφῆκε
3551 2115 3688 2156 πον-

398 2191 688 2261 ·τισθῆναι.
732 2190 910 2245 Κάκεῖ
934 2189 1022 2245 διὰ
1053 2191 1156 2261 τῆς
1197 2191 1488 2263 μετανοίας
1520 2191 1685 2247 αὐτὸν
1734 2192 1844 2248 ἀπὸ
1890 2193 2006 2248 τοῦ
2025 2194 2192 2267 βυθοῦ
2225 2199 2325 2270 τῆς
2353 2200 2639 2273 ἀρνήσεως
2668 2201 2940 2257 εἵλκυσεν.

482 2283 649 2339 Vsus.
675 2282 872 2339 54-56.
898 2300 919 2336 ι
957 2280 1024 2337 Ει
1070 2298 1191 2339 cum
1235 2285 1600 2354 traiecissent,
1637 2293 1901 2341 venerunt
1941 2286 1995 2341 in

398 2383 620 2431 terram
670 2373 1033 2429 Genezareth.
1074 2373 1138 2429 Et
1170 2388 1292 2429 cum
1328 2376 1677 2448 agnovissent
1709 2377 1860 2433 illum
1893 2378 1992 2434 viri

398 2468 518 2523 -loci
551 2466 712 2532 illius,
735 2466 1037 2522 emiserunt
1064 2467 1284 2523 nuntios
1315 2468 1371 2523 in
1400 2476 1567 2525 totam
1602 2470 1840 2541 undique
1867 2469 1997 2525 tini-

414 2561 602 2614 tirnam
630 2559 1001 2628 rcgionem,et
1031 2558 1331 2616 attulerunt
1357 2560 1433 2616 illi
1468 2575 1660 2618 omnes
1705 2562 1848 2619 male
1896 2563 1995 2618 ha-

2181 2310 2201 2345 ι
2240 2294 2353 2350 Καὶ
2384 2293 2837 2367 διαπεράσαντες,
2885 2291 3047 2367 ἦλθον
3083 2296 3164 2358 είς
3202 2294 3303 2367 τὴν
3331 2293 3439 2364 γῆν
3483 2293 3691 2363 Γεννη-

2106 2384 2293 2455 σαρέτ.
2320 2380 2434 2440 Καὶ
2476 2386 2806 2455 ’ἐπιγνόντες
2837 2387 2999 2441 αὐτὸν
3026 2388 3076 2441 oi
3121 2386 3316 2457 ἄνδρες
3362 2384 3457 2439 τοῦ
3513 2383 3685 2439 τόπου

2103 2476 2336 2544 ἐκείνου,
2365 2477 2697 2534 ἀπέστειλαν
2724 2481 2802 2545 είς
2814 2476 2954 2551 ¹ὃλην
2980 2481 3081 2552 τὴν
3101 2481 3411 2552 περίχωρον
3439 2478 3682 2548 ἐκείνην,

2099 2569 2195 2624 καὶ
2231 2571 2615 2642 προσήνεγκαν
2645 2572 2795 2644 αὐτῷ
2820 2572 3026 2637 πάντας
3062 2573 3191 2636 τοὺς
3216 2562 3400 2635 κακῶς
3434 2569 3679 2640 ἔχοντας,

404 2650 631 2716 τιιοιιιοε,
657 2657 714 2705 et
760 2649 1118 2743 obsecrabant
1171 2662 1296 2707 eum
1346 2660 1405 2707 ut
1448 2660 1658 2708 tantum
1721 2663 2001 2727 tangerent

2103 2661 2196 2715 καὶ
2216 2662 2565 2734 παρεκάλουν
2604 2663 2788 2728 αὐτὸν,
2826 2664 2914 2718 ἵνα
2950 2664 3112 2735 μόνον
3134 2663 3380 2734 ἅψωνται
3419 2661 3514 2716 τοῦ
3544 2654 3688 2734 xpe-

404 2741 687 2796 ﬁmbriam
729 2741 1040 2798 vestimenti
1071 2741 1286 2814 ipsius,
1307 2752 1362 2799 et
1404 2752 1670 2815 quthuot
1706 2744 2001 2816 tetigerunt

2106 2751 2304 2806 σπέδου
2334 2751 2426 2807 τοῦ
2461 2753 2679 2826 ἱματίου
2702 2753 2866 2810 αὐτοῦ
2885 2770 2899 2786 ⁶
2930 2756 3024 2810 καὶ
3052 2757 3168 2810 ὅσοι
3211 2755 3443 2827 ἥψαντο,
3489 2753 3683 2808 διεσώ-

400 2848 562 2900 ιοιιιη,
583 2832 717 2890 salvi
747 2833 875 2889 iacti
911 2839 1055 2890 sunt.
1076 2851 1102 2886 ι
1126 2833 1503 2895 Cennezarcni
1531 2836 1807 2891 Christum
1837 2837 2001 2895 multo

2106 2842 2301 2919 θησαν.
2344 2863 2365 2897 ›
2407 2844 2507 2900 Διὰ
2531 2845 2728 2900 πολλοῦ
2757 2848 2953 2919 χρόνου
2987 2848 3405 2920 ἐπιδημήσαντα
3448 2851 3515 2917 τῇ
3549 2846 3688 2900 Γεν-

406 2935 666 2996 ειοιιιροιο
704 2927 847 2996 apud
878 2934 1272 2982 seversantem
1305 2938 1414 2982 non
1446 2928 1617 2984 solum
1650 2940 1719 2985 ex
1753 2940 1997 3001 aspectu,

419 3020 513 3074 sed
535 2990 705 3074 etiam
842 3017 1118 3074 miraculis
1166 3028 1544 3089 agnoscentes,
1569 3021 1803 3079 alacrem
1816 2990 1999 3079 .exhi;
2026 2990 2071 3049 α

420 3110 658 3166 buerunt
689 3110 873 3177 tidem,
909 3109 986 3166 ita
1017 3117 1080 3165 ut
1106 3116 1370 3180 cuperent
1397 3121 1452 3167 et
1481 3112 1750 3169 ﬁmbriam
1780 3114 1999 3172 contin-

423 3216 570 3276 gere,
594 3212 760 3274 atque
786 3201 861 3258 ita
900 3201 1075 3257 curati
1108 3209 1258 3258 sunt.
1283 3202 1396 3265 .Sie
1432 3215 1489 3261 et
1518 3213 1573 3260 tu
1607 3218 1824 3278 quoque
1854 3222 2003 3265 sum.

424 3294 667 3350 mitatem
688 3293 859 3349 veStis
880 3292 1081 3350 Christi
1117 3294 1435 3366 contingito,
1456 3294 1560 3352 hoc
1584 3306 1688 3364 est,
1724 3299 1887 3355 tinem
1918 3300 2003 3355 in-

431 3386 640 3442 colatus
697 3386 781 3442 sui
842 3385 898 3441 in
956 3399 1143 3441 carne.
1206 3384 1266 3441 Si
1305 3386 1450 3441 enim
1511 3388 1808 3447 credideris
1859 3393 2002 3462 quod

429 3489 741 3550 assumptus
758 3487 838 3534 est
857 3495 873 3534 :
892 3478 1209 3545 salvaberis,
1224 3479 1389 3536 vestis
1411 3479 1580 3548 enim,
1602 3494 1763 3539 caro:
1789 3481 2002 3541 ﬁmbri’a

434 3582 614 3630 autem
642 3573 782 3643 ejus,
804 3571 925 3629 linis
953 3572 1079 3628 vitae
1102 3582 1266 3643 super
1286 3578 1511 3628 terram.

1037 3796 1268 3854 CAPUT
1305 3796 1423 3853 XV.

426 3912 508 3969 De
544 3911 1360 3983 transgrusioneAntandatoruut
1403 3908 1499 3964 Dei
1522 3924 1624 3983 per
1660 3910 2008 3983 traditionem

497 3978 790 4045 hominum.
837 3983 912 4036 De
949 3979 1270 4036 Cltanamea.
1301 3978 1380 4034 De
1418 3978 1756 4034 multitudine
1795 3991 2007 4036 sumta.

501 4053 577 4109 De
615 4062 809 4122 septem
838 4052 1086 4118 panibus.

504 4230 667 4286 Vens.
711 4227 837 4295 1,2.
866 4246 885 4280 ι
924 4225 1077 4282 Tunc
1112 4226 1381 4281 accedunt
1410 4225 1478 4280 ad
1512 4224 1694 4293 Jesurn
1743 4226 2008 4284 ﬂieroso-

2105 2935 2345 3007 νησαρέτ
2371 2935 2462 2990 τον
2498 2937 2729 3008 Ἰησοῦν,
2765 2939 2825 2993 οὐ
2865 2939 3027 3011 μόνον
3074 2941 3140 2993 ἐκ
3170 2942 3271 3010 τῆς
3317 2939 3515 3010 ὅψεως,
3544 2939 3687 2992 ἀλλὰ

2103 3025 2198 3079 καὶ
2232 3027 2297 3081 ἐκ
2326 3026 2436 3082 τῶν
2463 3028 3058 3101 σημείωνέπιγνόντες
3078 3032 3126 3086 oi
3159 3030 3460 3103 ἄνθρωποι,
3495 3030 3684 3084 πίστιν

2104 3117 2480 3188 ἐνδείκνυνται
2511 3120 2725 3193 θερμήν
2748 3138 2762 3152 ’
2789 3122 2930 3177 ὥστε
2960 3123 3248 3195 ἐπιθυμεῖν
3287 3122 3382 3176 καὶ
3417 3120 3510 3176 τοῦ
3544 3138 3688 3191 κρα-

2106 3208 2300 3265 σπέδου
2332 3210 2597 3282 ἅψασθαι,
2649 3213 2745 3268 καὶ
2777 3212 2842 3286 δὴ
2876 3215 3035 3272 τοῦτο
3092 3218 3441 3287 ποιήσαντες,
3484 3214 3685 3286 ἐθερα-

2104 3299 2407 3373 πεύθησαν.
2449 3301 2638 3368 Οῦτως
2671 3302 2765 3359 οῦν
2804 3304 2900 3359 καὶ
2938 3305 3003 3359 σὺ
3061 3300 3196 3376 ἅψαι
3245 3304 3338 3360 τοῦ
3388 3304 3559 3376 ἄκρου
3587 3303 3682 3357 τοῦ

2106 3391 2325 3464 ῖματίου
2358 3392 2451 3448 τοῦ
2481 3392 2745 3467 Χριστοῦ,
2774 3397 2894 3469 ήτοι
2926 3394 3021 3451 τοῦ
3050 3397 3242 3461 τέλους
3272 3396 3370 3468 τῆς
3409 3394 3683 3466 ἐνσάρκου

2107 3484 2270 3539 αὐτοῦ
2295 3487 2613 3558 ἐπιδημίας.
2650 3487 2778 3543 Ἐὰν
2808 3488 2918 3559 γὰρ
2939 3489 3240 3560 πιστεύσῃς
3263 3488 3347 3542 ὅτι
3377 3486 3688 3559 ἀνελήφθη.

2108 3578 2329 3652 σωθήσῃ
2355 3595 2370 3612 ο
2406 3579 2621 3651 ἱμάτιον
2654 3582 2762 3653 γὰρ
2786 3583 2819 3651 ή
2850 3582 3008 3654 σάρξο
3033 3579 3424 3654 κράσπεδον,δέ
3455 3580 3686 3652 ταύτης,

2105 3670 2167 3722 τὸ
2196 3669 2345 3733 τέλος
2369 3672 2471 3742 τῆς
2502 3672 2559 3726 ἐν
2593 3673 2664 3744 γῇ
2697 3670 2866 3744 ζωῆς.

2704 3769 2959 3843 nec“.
2994 3785 3095 3843 IE’.

2109 3897 2249 3969 Περὶ
2282 3898 2392 3966 τῆς
2418 3898 2812 3969 παραϐάσεως
2840 3899 2949 3968 τῆς
2972 3898 3235 3969 ἐντολῆς
3262 3897 3370 3953 τοῦ
3399 3896 3550 3969 Θερῦ
3579 3894 3691 3969 διὰ

2182 3967 2298 4036 τὴν
2335 3968 2677 4037 παράδοσιν
2706 3967 2826 4038 τῶν·
2861 3966 3208 4038 ἀνθρώπων.
3240 3969 3384 4037 Περὶ
3416 3966 3528 4036 τῆς
3572 3967 3693 4019 Χα-

2180 4036 2455 4109 ναναίας.
2508 4040 2648 4109 Περὶ
2694 4036 2840 4109 ,τῶν
2906 4036 3396 4109 θεραπευθέντων
3452 4037 3684 4108 ὄχλων.

2181 4108 2324 4177 Περὶ
2353 4107 2473 4162 τῶν
2497 4106 2649 4163 ἑπτὰ
2674 4106 2890 4179 ἄρτων.

2189 4240 2207 4272 ι
2251 4218 2385 4274 Τότε
2427 4219 2823 4294 προσέρχονται
2862 4219 2941 4292 τῷ
2977 4219 3155 4293 Ἰησοῦ
3204 4216 3257 4274 el
3299 4219 3410 4276 ἀπὸ
3455 4219 3693 4291 Ἰεροσο-

430 4319 679 4396 lymitaui
710 4317 917 4377 Scriba:
960 4328 1017 4375 et
1057 4315 1342 4385 Pharisaei,
1366 4319 1610 4375 dicentes
1636 4337 1668 4379 :-
1705 4319 1887 4389 Quare
1926 4319 2001 4375 di-

2114 4312 2302 4386 λύμων
2329 4313 2688 4385 Γραμματείς
2719 4312 2817 4368 καὶ
2884 4313 3192 4386 Φαρισαῖοι,
3238 4311 3507 4382 λέγοντεςο
3532 4311 3693 4365 Διατί

432 4413 626 4485 scipuii
678 4412 752 4467 tui
783 4409 1260 4481 transgrediuntur
1309 4410 1652 4466 traditionem
1697 4409 2010 4468 seniorum?

434 4522 542 4563 non
570 4506 712 4562 enim
744 4504 922 4560 lavant
945 4516 1139 4559 manus
1167 4516 1294 4559 suas
1322 4503 1539 4575 quando
1566 4504 1733 4560 edunt
1756 4517 2005 4577 panem.»

436 4599 754 4672 Quanquam
789 4598 842 4652 in
873 4595 1125 4652 omnibus
1154 4594 1288 4652 locis
1316 4605 1476 4652 erant
1517 4596 1722 4652 Scribae
1771 4605 1827 4651 et
1871 4594 2014 4651 Pha-

437 4692 604 4756 risaei,
630 4689 805 4761 magis
842 4697 1024 4744 tamen
1070 4686 1406 4744 venerabiles
1434 4697 1592 4743 erant
1618 4685 2012 4761 Hierosolymi-

438 4783 551 4839 tani
583 4799 599 4839 :
630 4781 751 4837 ideo
789 4778 864 4836 illi
894 4779 1078 4850 magis
1104 4778 1441 4844 invidebant,
1467 4787 1651 4849 utpote
1684 4779 1864 4835 inanis
1894 4778 2011 4850 glo—

439 4872 536 4928 rite
588 4870 759 4939 magis
830 4877 1170 4940 appetentes.
1211 4867 1416 4923 Morem
1490 4874 1670 4924 autem
1743 4868 2016 4925 habebant

436 4961 611 5018 Judaei
644 4976 750 5017 non
780 4960 1070 5016 comedere
1099 4958 1263 5016 illatis
1300 4957 1574 5025 manibus,
1614 4958 1781 5031 idque
1811 4973 1877 5015 ex
1911 4972 2013 5030 pa—

439 5065 582 5109 trum
614 5051 920 5106 traditione.
947 5047 1055 5105 llas
1078 5048 1247 5122 igitur
1277 5050 1598 5106 traditiones
1643 5061 1705 5105 ut
1752 5051 2018 5107 vidissent

354 5206 363 5217 \
437 5157 549 5200 non
583 5139 864 5198 observari
892 5155 922 5196 a
954 5140 1251 5212 discipulis,
1269 5148 1602 5212 putaverunt
1629 5142 1749 5198 illos
1774 5151 2017 5198 contem-

441 5248 573 5291 nere
597 5233 864 5289 seniores.
905 5231 1049 5300 Quid
1080 5232 1146 5289 ad
1176 5233 1292 5289 haec
1320 5231 1616 5290 Saivator?
1640 5233 1785 5291 Nihil
1814 5236 1885 5294 ad
1915 5237 2017 5292 hoc

437 5325 754 5397 respondet,
780 5324 878 5380 sed
910 5325 1149 5408 vicissim
1188 5327 1533 5397 reprehendit
1561 5340 1677 5383 eos.

512 5420 677 5475 Vens.
701 5417 821 5473 3-6.
855 5435 875 5469 ι
906 5416 976 5471 At
1024 5416 1114 5473 ille
1166 5419 1502 5489 respondens
1534 5420 1670 5475 dixit
1697 5419 1812 5476 eis:
1840 5420 2018 5488 Quare

440 5521 495 5568 et
529 5525 628 5566 vos
674 5509 1111 5580 transgredimini
1156 5519 1480 5581 praeceptum
1511 5510 1608 5567 Dei
1637 5523 1860 5583 propter
1907 5520 2019 5568 tra-

443 5606 701 5662 ditionem
754 5602 1030 5660 vestram?
1060 5617 1184 5658 nam
1250 5602 1393 5659 Deus
1463 5604 1722 5674 praecepit
1777 5603 1961 5661 dicens
2001 5623 2015 5659 :

513 5791 560 5826 "
583 5788 733 5849 Psal.
763 5802 950 5857 uxvr,
979 5783 1073 5841 20.
1150 5782 1199 5817 ¹⁰
1230 5780 1395 5839 Marc.
1422 5795 1532 5849 xxv,
1568 5780 1659 5836 51.

2114 4408 2164 4462 oi
2200 4405 2440 4479 μαθηταί
2463 4423 2558 4461 σου
2614 4404 3019 4478 παραϐαίνουσι
3077 4403 3177 4477 τήν
3235 4404 3539 4478 παράδοσιν
3581 4402 3692 4457 τῶν

2115 4497 2539 4570 πρεσϐυτέρωνς
2569 4497 2633 4551 οὐ
2669 4496 2779 4569 γὰρ
2808 4496 3086 4551 νίπτονται
3124 4495 3224 4561 τὰς
3255 4498 3447 4569 χεῖρας
3480 4495 3688 4557 αὐτῶν.

2111 4586 2243 4643 δταν
2271 4588 2438 4660 ἄρτον
2456 4586 2736 4644 ἐσθίωσιν.
2772 4608 2792 4641 ι
2824 4588 2887 4642 Εί
2926 4588 3023 4644 καὶ
3050 4590 3222 4643 πᾶσαι
3249 4590 3308 4642 αί
3338 4588 3515 4660 χῶραι
3542 4582 3692 4659 εἶχον

2114 4677 2472 4750 Γραμματεῖς
2499 4680 2592 4736 καὶ
2620 4678 2967 4752 Φαρισαίθιις,
2997 4680 3112 4735 ἀλλ’
3146 4680 3197 4734 oi
3249 4679 3589 4750 ἐντιμότεροι
3635 4681 3694 4732 ἐν

2128 4771 2483 4843 Ἰερουσαλὴμ
2509 4768 2652 4844 ἦσαν
2672 4790 2685 4803 ·
2726 4771 2810 4827 διὸ
2842 4773 2938 4826 καὶ
2968 4765 3114 4827 οῦτοι
3147 4771 3409 4841 ἐφθόνουν
3433 4771 3692 4841 μάλιστα,

2118 4863 2195 4926 ὠς
2218 4848 2625 4936 φιλοδοξότεροι
2654 4879 2667 4895 ο
2709 4862 2831 4928 ἔθος
2859 4860 2918 4919 δέ
2969 4858 3116 4933 είχον
3171 4863 3222 4916 oi
3291 4861 3557 4927 Ἰουδαῖοι,
3616 4860 3697 4933 μὴ

2116 4955 2371 5019 ἀνίπτοις
2404 4955 2596 5028 χερσὶν
2628 4956 2851 5024 ἐσθίειν,
2886 4954 3000 5009 ἀπὸ
3038 4953 3279 5019 παλαιᾶς
3313 4953 3693 5027 παραδόσεως.

2118 5046 2337 5118 Ταύτης
2358 5043 2452 5103 οὗν
2484 5048 2584 5121 τῆς
2613 5047 2968 5118 παραδόσεως
3018 5047 3493 5120 καταφρονοῦντας
3522 5044 3700 5118 ὀρῶν·

2117 5154 2208 5203 τες
2235 5139 2363 5204 τοὺς
2400 5138 2674 5210 μαθητὰς,
2698 5138 2960 5210 ἐνόμισαν
3003 5138 3201 5203 αὐτοὺς
3230 5138 3533 5203 ἐξουθενεῖν
3565 5135 3699 5198 τοὺς

2119 5231 2545 5303 πρεσϐυτέρους.
2602 5230 2668 5287 Τί
2725 5225 2821 5287 οὗν
2864 5230 2893 5285 ὁ
2946 5229 3372 5303 Σωτήρ;οὑδέν
3425 5228 3524 5300 μὲν
3556 5230 3697 5300 πρὸς
3760 5232 3763 5233 ⁷

2121 5322 2281 5377 τοῦτο
2309 5323 2660 5392 ἀπολογεῖται
2686 5339 2702 5356 ο
2727 5321 3053 5392 ἀντεγκαλεῖ
3080 5323 3136 5377 δὲ
3155 5324 3365 5386 αὐτοῖς.

2199 5433 2217 5466 ι
2270 5415 2330 5469 '0
2372 5415 2427 5468 δέ
2455 5416 2779 5486 ἀποκριθεὶς
2806 5412 2958 5470 εἶπεν
2996 5414 3180 5479 αὐτοῖς
3203 5429 3217 5445 ’
3237 5413 3389 5467 Διατί
3412 5413 3503 5467 καὶ
3537 5412 3701 5482 ὑμεῖς

2123 5508 2495 5579 παραϐαίνετε
2520 5511 2619 5580 τὴν
2645 5507 2869 5579 ἐντολὴν
2892 5507 2986 5561 τοῦ
3022 5507 3158 5562 Θεοῦ
3200 5507 3290 5564 διὰ
3324 5506 3423 5579 τὴν
3460 5503 3705 5575 παράδοο

2124 5619 2207 5658 σιν
2239 5603 2392 5674 ὑμῶν
2415 5620 2431 5674 ;
2468 5603 2526 5658 Ὅ
2553 5602 2663 5674 γὰρ
2689 5600 2821 5667 Θεὸς
2845 5599 3174 5670 ἐνετείλατο,
3201 5598 3405 5670 λέγων·
3425 5596 3573 5665 Τίμα
3605 5594 3703 5648 τὸν
