4078 6464
375 420 486 482 305

1059 420 1508 484 ENARRATIO
1547 421 1632 484 IN
1683 421 1980 484 EVANGE

2082 421 2189 484 ΗΜ
2227 421 2615 485 ΜᾹΤΤΗιΕῙ.
2651 443 2724 460 --
2754 423 2912 484 CAP.
2981 419 3102 482 XV.

3550 417 3654 482 306

345 598 348 600 γ
380 527 598 598 πατέρα
624 545 722 581 σου
750 550 754 553 ι
785 527 882 582 καὶ
916 528 1015 600 τὴν
1048 531 1263 602 μητέρα
1284 548 1298 562 ο
1335 532 1428 586 καὶ
1461 534 1487 587 ὁ
1517 533 1833 601 κακολογῶν
1872 548 1973 586 πα-

2082 530 2288 587 ilonora
2338 541 2544 601 patrem
2612 542 2758 586 tuum
2815 541 2870 586 et
2929 541 3154 587 matrem
3187 540 3284 587 :et
3338 529 3430 601 qui
3487 530 3659 584 ntale—

380 623 518 689 τέρα
543 621 576 690 ἢ
599 621 833 691 μητέρα,
857 621 1071 694 θανάτῳ
1090 625 1414 680 τελευτάτω.
1456 627 1648 696 Ὑμεῖς
1672 626 1730 680 δὲ
1755 625 1966 694 λέγετεο

389 715 488 774 ’ος
530 713 598 765 ἂν
633 712 773 783 εἴπῃ
795 713 873 784 τῷ
913 715 1134 785 πατρὶῆ
1163 717 1229 786 τῇ
1262 716 1429 787 μητρί
1453 731 1474 750 ο
1500 717 1682 785 Δῶρον
1711 715 1740 770 ὃ
1791 716 1886 770 ἐὰν
1911 715 1972 783 ἐξ

385 803 523 870 ἐμοῦ
560 802 874 875 ὠφεληθῇς,
909 806 1005 861 καὶ
1027 807 1086 859 οὐ
1121 807 1196 878 μὴ
1215 809 1420 881 τιμήσῃ
1449 809 1541 865 τὸν
1567 809 1784 880 πατέρα
1802 806 1969 864 αὐτοῦ

385 894 419 961 ἦ
455 895 555 964 τὴν
611 895 825 967 μητέρα
852 911 865 925 ·
929 898 1026 950 καὶ
1061 898 1386 970 ὴκυρώσατε
1434 903 1533 969 τὴν
1596 899 1818 972 ἐντολὴν
1870 899 1965 954 τοῦ

386 987 526 1039 θεοῦ
549 988 638 1042 διά
670 988 772 1059 τὴν
797 990 1102 1060 παράδοσιν
1152 992 1329 1061 ὑμῶν.
1375 1012 1394 1044 ι
1442 995 1504 1047 Ol
1534 993 1634 1064 μὲν
1681 995 1970 1064 Φαρισαῖοι

387 1079 733 1149 κατηγόρουν
763 1080 874 1133 τῶν
902 1081 1185 1152 μαθητῶν,
1231 1083 1309 1147 ὡς
1353 1085 1574 1155 ἐντολὴν
1599 1086 1708 1139 τῶν
1733 1085 1974 1157 πρεσϐυ-

383 1172 560 1238 τέρων
585 1173 1036 1243 παραϐαινόντων
1057 1191 1072 1206 ο
1109 1175 1139 1228 ὀ
1174 1177 1231 1230 δὲ
1252 1177 1486 1247 Χριστὸς
1506 1176 1741 1232 δεικνύει
1775 1178 1972 1241 αὐτοὺς

387 1262 479 1314 τὸν
505 1263 600 1314 τοῦ
655 1263 793 1316 Θεοῦ
835 1265 999 1333 νόμον
1030 1266 1500 1337 παραϐαίνοντας·
1537 1267 1812 1322 ἐδίδασκον
1863 1267 1972 1337 γὰρ

386 1353 514 1414 τοὺς
541 1353 742 1416 παῖδας
773 1355 938 1424 μηδὲν
966 1355 1170 1410 διδόναι
1197 1360 1311 1420 τοῖς
1344 1357 1612 1426 γονεῦσιν,
1639 1358 1752 1416 ἀλλ’
1785 1360 1972 1414 ἀνατι-

389 1442 658 1497 θέναιὸσα
687 1444 868 1514 ἔχουσι
895 1446 973 1516 τῷ
997 1448 1386 1520 γαζοφυλακίῳ
1415 1448 1510 1502 τοῦ
1537 1450 1707 1521 ἱεροῦ.
1728 1448 1837 1505 Ἦν
1862 1453 1971 1523 γάρ

276 1600 284 1605 .
389 1534 448 1584 ἐν
470 1533 549 1602 τῷ
581 1535 711 1605 ἱερῷ
750 1535 1047 1608 θησαυρὸς.
1079 1539 1139 1592 ὲν
1183 1532 1229 1606 ᾧ
1277 1541 1307 1593 ὁ
1348 1539 1677 1613 βουλόμενος
1721 1543 1969 1609 ἔϐαλλεν,

390 1623 646 1679 ἐκαλεῖτο
668 1627 725 1680 δὲ
746 1645 902 1691 ουτος
932 1628 1097 1697 γάζα.
1143 1631 1203 1684 Ὀ
1226 1631 1284 1685 δὲ
1307 1632 1581 1706 θησαυρὸς
1617 1637 1729 1696 τοῖς
1767 1635 1966 1706 πένησι

389 1717 672 1771 διεδίδοτο.
697 1719 762 1773 Ol
791 1719 972 1774 τοίνυν
991 1722 1276 1792 Φαρισαῖοι
1309 1723 1590 1790 πείθοντες
1619 1727 1745 1789 τοὺς
1771 1726 1970 1790 παῖδας

395 1809 568 1878 μηδὲν
607 1810 810 1867 διδόναι
855 1817 970 1879 τοῖς
1016 1815 1288 1884 γονεῦσιν,
1320 1816 1438 1870 ἀλλ’
1485 1817 1795 1873 ἀνατιθέναι
1829 1819 1970 1874 αὐτὰ

2071 625 2272 679 dixerit
2302 625 2441 694 patri
2476 633 2568 678 aut
2595 623 2776 689 matri,
2807 633 2983 678 morte
3011 623 3276 678 moriatur
3303 640 3317 677 :
3345 637 3440 677 vos
3471 631 3652 676 autem

2073 714 2288 768 dicitis:
2317 713 2636 785 Quicunque
2674 714 2870 769 dixerit
2901 714 3038 784 patri
3075 724 3170 768 aut
3213 715 3395 778 matri,
3439 714 3650 768 bonum

2075 805 2165 862 Dei
2202 817 2304 871 est,
2340 807 2602 877 quidquid
2631 808 2742 876 [per
2786 820 2870 860 me
2903 804 2955 858 in
3002 813 3152 859 tunm
3199 819 3486 860 cessurum
3533 813 3654 858 erat

2072 883 2437 964 commodum,
2483 912 2539 955 et
2587 915 2694 954 non
2750 897 3036 954 honorabit
3065 897 3177 968 78
3205 907 3416 968 patrem
3467 911 3648 961 suum,

2073 1001 2166 1046 aut
2215 1001 2446 1048 matrem
2480 1006 2633 1048 suam
2659 1007 2674 1045 :
2700 1000 2758 1046 et
2811 990 3028 1046 irritum
3073 988 3284 1044 fecistis
3321 995 3650 1058 praeceptum

2076 1082 2168 1139 Dei
2200 1091 2422 1154 propter
2452 1081 2800 1137 traditionem
2841 1089 3100 1136 vestram.
3129 1097 3147 1132 ›
3185 1076 3444 1133 Pharisaei
3485 1093 3650 1134 accu-

2084 1175 2282 1230 Sabant
2309 1175 2602 1244 discipulos
2631 1173 2785 1244 quasi
2819 1172 3132 1226 mandatum
3169 1171 3446 1226 seniorum
3501 1183 3646 1241 prae-

2076 1267 2397 1323 varicantes.
2421 1265 2674 1322 Christus
2708 1273 2890 1320 autem
2917 1261 3156 1318 ostendit
3183 1261 3328 1332 ipsos
3354 1259 3449 1316 Dei
3476 1261 3648 1330 legem

2075 1358 2440 1427 prtevaricarl.
2467 1357 2740 1414 Docebant
2771 1357 2914 1411 enim
2963 1370 3159 1425 pueros
3197 1370 3263 1410 ne
3295 1353 3426 1425 quid
3456 1353 3652 1407 darent

2079 1451 2416 1521 parentibus,
2466 1450 2558 1505 sed
2613 1449 2868 1504 oll‘errent
2903 1463 3237 1520 quaecunque
3277 1446 3547 1502 habebant
3593 1445 3648 1500 in

2074 1541 2521 1614 gazophylacium
2555 1540 2761 1610 templi.
2786 1539 2918 1596 Erat
2967 1551 3146 1598 autem
3187 1540 3238 1595 in
3282 1537 3481 1608 templo
3521 1537 3645 1592 the-

2073 1650 2286 1702 saurus,
2312 1634 2366 1689 in
2393 1647 2552 1704 quem
2583 1634 2828 1704 quisquis
2857 1633 3070 1688 volebat
3117 1631 3395 1701 quidpiam
3438 1629 3642 1685 immit-

2075 1733 2235 1789 teret,
2285 1725 2691 1796 vocabaturqne
2733 1725 2822 1780 ille
2849 1724 3092 1796 gaza.At
3137 1722 3563 1778 distribuebatur
3592 1722 3647 1792 ir;

2075 1831 2338 1886 pauperes
2384 1817 2693 1872 thesaurus.
2736 1816 2993 1872 Pharisaei
3057 1815 3220 1886 igitur
3264 1813 3653 1884 persuadentes

390 1902 472 1972 τῷ
499 1902 762 1976 Θησαυρῷ
789 1906 884 1960 τοῦ
917 1907 1086 1976 ἱεροῦ,
1113 1908 1395 1963 ἐδίδασκον
1420 1910 1618 1974 αὐτοὺς
1663 1910 1846 1979 λέγειν
1887 1911 1968 1966 ὅτι

2082 1909 2258 1980 pueris
2293 1924 2359 1964 ne
2387 1909 2519 1979 quid
2548 1907 2741 1962 darent
2783 1905 3122 1976 parentibus,
3148 1905 3241 1962 sed
3290 1903 3548 1960 offerrent
3595 1901 3650 1956 in

391 1993 580 2064 Δῶρόν
607 1994 747 2056 ἐστι,
770 1997 1072 2062 τουτέστιν,
1098 1999 1517 2070 ἀνατεθειμένον
1544 2001 1622 2073 τῷ
1651 2001 1771 2074 Θεῷ
1798 2005 1968 2068 ἐστιν,

394 2078 442 2138 ὦ
486 2084 685 2155 πάτερ,
725 2085 753 2138 ὃ
782 2087 966 2156 ζητεῖς
997 2087 1058 2153 ἐξ
1086 2089 1221 2159 ἐμοῦ
1247 2091 1623 2163 ὠφεληθῆναι.
1659 2094 1772 2148 Kal.
1797 2092 1972 2160 οὕτως

395 2177 654 2248 ὲμέριζον
681 2178 838 2232 αὐτοὶ
891 2179 1033 2250 μετὰ
1070 2181 1182 2236 τῶν
1220 2183 1426 2238 παίδων
1453 2185 1523 2239 τά
1550 2186 1830 2257 χρήματα,
1877 2187 1973 2242 καὶ

397 2271 449 2321 οἱ
487 2271 661 2336 γονεῖς
690 2271 1166 2351 κατελιμπάνοντο
1195 2275 1604 2348 άγηροκόμητοι
1628 2295 1643 2310 ο
1669 2279 1890 2334 ἐποίουν
1913 2279 1974 2334 δὲ

399 2361 557 2414 τοῦτο
587 2362 682 2416 καὶ
711 2363 761 2416 οί
789 2363 1087 2419 δανεισταί.
1146 2367 1274 2419 Ἐὰν
1327 2367 1434 2438 γάρ
1467 2382 1545 2432 τις
1593 2369 1831 2424 ὲδάνεισέ
1864 2387 1972 2424 τινι

399 2451 683 2521 χρήματα,
709 2451 826 2508 εἶτα
847 2455 1108 2520 δύσκολος
1135 2459 1164 2511 ὁ
1191 2457 1472 2528 χρεώστης
1499 2454 1566 2529 ἦν
1600 2461 1696 2514 καὶ
1719 2462 1819 2516 οὐκ
1840 2462 1974 2520 ἀπεο

398 2541 544 2597 δίδου
572 2543 634 2598 τὸ
659 2546 1031 2618 ὀφειλόμενον,
1075 2549 1266 2618 ἔλεγεν
1294 2552 1323 2604 ό
1349 2551 1636 2623 δανειστὴς
1683 2553 1819 2623 πρὸς
1846 2554 1941 2608 τοῦ
1959 2583 1972 2594 -

400 2651 495 2688 τον
525 2635 616 2690 τὸν
640 2638 936 2709 ἀγνώμονα
972 2640 1258 2712 χρεώστην
1279 2657 1294 2672 ·
1333 2643 1554 2714 Κορϐάν
1581 2645 1730 2700 ἐστιν
1757 2645 1786 2698 ὃ
1823 2646 1975 2714 όφεί·

402 2724 520 2789 λεις
575 2745 692 2796 μοι,
735 2731 1006 2798 τουτέστι,
1055 2732 1228 2803 δῶρον
1257 2733 1338 2803 τῷ
1378 2734 1496 2802 Θεῷ
1535 2735 1972 2807 ἀνατεθειμένον.

417 2819 476 2870 Ὀ
501 2817 592 2874 οὖν
616 2819 898 2889 χρεώστης
920 2822 995 2886 ὡς
1011 2822 1088 2892 τῷ
1101 2822 1218 2894 Θεῷ
1237 2823 1423 2878 ἔκτοτε
1437 2824 1689 2894 ὀφείλων,
1715 2829 1810 2882 καὶ
1829 2828 1977 2882 ἄκων

404 2909 704 2964 κατέϐαλλε
723 2925 738 2940 ’
772 2910 932 2966 τοῦτο
949 2914 1232 2968 ἐδίδασκον
1256 2917 1384 2982 τοὺς
1409 2918 1605 2984 παῖδας
1629 2920 1677 2972 ol
1693 2921 1977 2990 Φαρισαῖοι

409 3015 606 3052 ποιειν.

483 3111 502 3142 ι
571 3093 935 3166 ’Υποκριταὶ,
985 3098 1175 3163 καλῶς,
1216 3101 1590 3171 προεφήτευσε
1650 3103 1774 3173 περὶ
1824 3103 1978 3172 ὑμῶν

2072 2001 2385 2055 thesaurum
2421 1999 2628 2069 templl,
2687 1998 2954 2053 decebant
3025 1997 3172 2065 ipsos
3235 2004 3294 2050 ut
3356 1995 3649 2050 dicerent:

2079 2091 2286 2146 Donum
2316 2089 2411 2145 Dei
2441 2100 2547 2154 est,
2575 2088 2626 2144 id
2648 2098 2750 2154 est,
2791 2089 3026 2144 oblatum
3052 2086 3161 2142 Deo
3195 2095 3298 2151 est,
3329 2101 3362 2142 ο
3391 2095 3568 2157 pater,
3599 2084 3651 2140 id

2073 2187 2216 2256 quod
2245 2199 2340 2256 per
2365 2200 2450 2240 me
2481 2185 2574 2240 tibi
2606 2184 2725 2240 usui
2765 2199 2886 2244 esse
2923 2185 3096 2255 cupis.
3145 2182 3210 2238 Et
3233 2182 3312 2238 sie
3341 2181 3650 2252 partieban-

2074 2285 2165 2333 tur
2193 2278 2292 2348 ipsi
2331 2293 2454 2333 cum
2484 2275 2611 2332 filiis
2639 2289 2770 2346 opes
2794 2293 2808 2330 :
2835 2285 2891 2331 et
2917 2284 3170 2345 parentes
3207 2273 3650 2343 relinquebantur

2075 2379 2129 2426 et
2167 2369 2796 2434 contemnebantur,nee
2844 2366 2897 2428 in
2952 2376 3167 2424 senecta
3221 2366 3521 2424 alebantur.
3551 2363 3651 2420 Fa-

2075 2461 2292 2517 eiebant
2318 2468 2501 2516 autem
2535 2462 2636 2516 hoc
2664 2469 2720 2515 et
2749 2459 3069 2515 creditores.
3089 2459 3146 2514 Si
3178 2459 3302 2530 quis
3331 2458 3474 2514 enim
3528 2458 3651 2514 cui-

2076 2553 2218 2624 piam
2278 2561 2465 2607 mutuo
2519 2551 2757 2607 dedisset
2805 2550 3180 2621 pecunias:et
3229 2550 3426 2606 deinde
3479 2549 3652 2604 malus

2077 2643 2291 2698 debitor
2321 2658 2426 2697 non
2459 2643 2711 2697 redderet
2744 2641 3009 2706 debitum,
3034 2639 3250 2695 dicebat
3296 2639 3535 2695 creditor
3586 2639 3654 2692 ad

2079 2733 2231 2788 illum
2270 2735 2538 2805 ingratum
2567 2733 2867 2788 debitorem
2900 2730 3152 2788 :Corban
3185 2740 3269 2786 est
3302 2731 3445 2800 quod
3489 2730 3653 2786 debes

2078 2826 2233 2891 mihi,
2263 2825 2365 2881 hoc
2394 2835 2496 2889 est,
2521 2825 2721 2881 donum
2779 2825 2885 2880 Deo
2930 2823 3190 2878 oblatum.
3219 2823 3436 2880 Debitor
3488 2823 3655 2894 igitur

2079 2925 2211 2972 tunc
2241 2917 2393 2987 quasi
2435 2915 2543 2972 Deo
2570 2917 2791 2982 debcns,
2816 2917 2979 2971 etiam
3026 2916 3230 2971 invitus
3255 2915 3651 2972 dinumerabat.

2081 3007 2194 3064 Hoc
2230 3009 2496 3064 docebant
2530 3008 2791 3064 Pharisaei
2820 3024 3017 3079 pueros
3047 3007 3246 3063 facere.

2158 3101 2320 3159 Vens.
2349 3105 2380 3159 7
2411 3102 2466 3159 9.
2509 3121 2529 3155 ι
2588 3100 2916 3173 llypocritte,
2965 3101 3102 3156 bene
3175 3101 3519 3172 prophetarit
3589 3101 3655 3156 de

415 3185 668 3253 Ἡσαΐας,
695 3187 872 3256 λέγων
897 3208 910 3221 ν
941 3191 1186 3259 Ἐγγίζει
1219 3210 1306 3262 μοι
1337 3195 1365 3248 ὁ
1395 3194 1522 3258 λαὸς
1565 3187 1718 3259 οὗτος
1744 3195 1821 3267 τῷ
1855 3198 1975 3252 στό-

2084 3193 2240 3251 vobis
2272 3194 2439 3250 lsaias
2474 3193 2663 3248 dicens
2695 3191 3134 3262 :Appropinquat
3158 3191 3290 3246 mihi
3317 3191 3546 3262 populus
3568 3192 3657 3248 hic

411 3293 545 3345 ματι
576 3278 780 3342 αὐτῶν,
806 3281 900 3334 καὶ
928 3285 1041 3347 τοῖς
1073 3283 1275 3352 χείλεσι
1307 3302 1376 3355 με
1434 3288 1591 3357 τιμᾷ,
1632 3290 1666 3358 ἡ
1697 3288 1754 3343 δὲ
1782 3291 1980 3362 καρδία

406 3371 586 3424 αδτῶν
616 3374 812 3445 πόρρω
853 3375 1048 3447 ἀπέχει
1080 3379 1176 3432 ἀπ’
1203 3379 1360 3449 ἐμοῦ.
1392 3381 1592 3449 Μάτην
1622 3381 1680 3434 δὲ
1731 3381 1982 3436 σέϐονταί

411 3481 502 3528 με,
528 3463 876 3530 διδάσκοντες
897 3469 1246 3535 διδασκαλίας
1269 3471 1586 3542 ἐντάλματα
1605 3473 1702 3527 ἀνθ
1713 3472 1929 3545 ρώπων.
1958 3493 1976 3528 ι

409 3551 660 3606 Δείκνυσι
688 3554 774 3608 διὰ
803 3557 901 3626 τῆς
941 3557 1162 3613 Ἡσαΐου
1205 3562 1412 3631 φωνῆς,
1442 3563 1537 3616 καὶ
1573 3562 1705 3631 περὶ
1740 3562 1832 3616 τδν
1866 3565 1982 3617 Πα-

411 3643 548 3714 τέρα
589 3645 759 3699 αὐτοῦ
791 3645 1067 3713 τοιούτους
1095 3649 1254 3714 ὄντας
1312 3653 1530 3717 αὐτοὺς,
1567 3647 1672 3705 οἷοι
1721 3653 1816 3706 καὶ
1858 3655 1986 3726 περὶ

411 3736 576 3790 αὑτὸν
604 3737 953 3808 εὑρίσκονται
976 3757 988 3770 '
1028 3742 1254 3814 πονηροὶ
1285 3742 1392 3814 γὰρ
1426 3743 1600 3808 ὄντες,
1641 3744 1737 3798 καὶ
1756 3744 1846 3800 διὰ
1875 3745 1986 3800 τῶν

415 3829 668 3900 πονηρῶν
699 3830 879 3902 ἔργων
909 3833 1277 3906 μικρύνοντες
1299 3835 1533 3898 ἑαυτοὺς
1562 3837 1654 3889 τοῦ
1684 3835 1843 3902 Θεοῦ,
1871 3839 1991 3891 στόο

419 3940 549 3990 ματι
583 3923 746 3991 μόνον
787 3923 1011 3981 ἐλάλουν
1053 3925 1120 3978 τὰ
1149 3926 1244 3980 τοῦ
1271 3926 1407 3980 Θεοῦ
1443 3928 1620 3996 λόγια.
1659 3929 1854 3999 Μάτην
1879 3929 1990 4001 γὰρ

416 4013 633 4078 πάντως
669 4016 917 4071 σέϐονται
940 4018 1034 4072 καὶ
1057 4017 1273 4073 δοκοῦσι
1312 4021 1475 4094 τιμᾷν
1507 4021 1600 4076 τὸν
1642 4021 1796 4087 Θεὸν,
1824 4025 1873 4077 οἱ
1900 4023 1991 4078 διὰ

412 4105 523 4158 τῶν
550 4106 732 4176 ἔργων
759 4108 923 4162 αὑτὸν
949 4111 1330 4180 ἀτιμάζοντες.

495 4216 514 4248 σ
558 4198 670 4252 Καὶ
695 4201 1210 4272 προσκαλεσάμενος
1238 4203 1331 4258 τὸν
1369 4204 1547 4277 ὄχλον,
1580 4202 1734 4261 εἶπεν
1765 4207 1948 4274 αὐτοῖς
1972 4223 1986 4238 ⁸

431 4291 686 4346 Ἀκούετε
735 4294 831 4347 καὶ
889 4295 1120 4350 συνίετε.
1159 4296 1237 4351 Οὐ
1272 4297 1334 4350 τὸ
1371 4298 1754 4370 εἰσερχόμενον
1798 4301 1878 4366 είς
1932 4301 1992 4354 τὸ

2085 3304 2180 3344 ore
2219 3301 2337 3353 suo,
2363 3294 2418 3342 et
2445 3285 2603 3341 labiis
2641 3298 2730 3339 me
2763 3285 3014 3351 honorat,
3055 3293 3310 3340 caeterum
3339 3299 3434 3338 cor
3468 3297 3656 3338 eorum

2085 3379 2271 3449 procul
2299 3377 2452 3434 abest
2485 3390 2514 3430 a
2542 3390 2648 3430 me.
2667 3373 2774 3432 Sed
2807 3375 3008 3429 frustra
3058 3389 3145 3429 me
3179 3373 3363 3429 colunt
3403 3374 3660 3429 docentes

2086 3479 2354 3543 praecepta
2384 3469 2646 3527 doctrinm
2680 3469 2978 3524 hominum.
3014 3485 3032 3518 ι
3066 3464 3314 3522 Ostendit
3345 3466 3496 3521 Isaiae
3525 3481 3659 3522 voce

2087 3562 2230 3632 quod
2283 3563 2447 3618 etiam
2491 3560 2627 3617 tales
2665 3560 2776 3616 sint
2809 3575 2937 3630 erga
2983 3557 3201 3614 Patrem
3244 3574 3423 3624 suum,
3472 3559 3660 3628 quales

2085 3664 2140 3710 et
2166 3669 2294 3725 erga
2334 3668 2393 3710 se
2421 3653 2799 3709 inveniuntur.
2844 3651 2976 3707 Nam
3028 3666 3151 3708 cum
3187 3651 3314 3706 mali
3355 3659 3556 3716 essent,
3606 3661 3661 3705 et

2089 3755 2308 3817 propter
2338 3745 2478 3803 mala
2515 3761 2678 3816 opera
2709 3745 2920 3816 longius
2953 3761 2983 3800 a
3017 3743 3124 3802 Deo
3160 3745 3503 3806 recederent,
3526 3743 3658 3799 divi-

2090 3852 2216 3891 num
2262 3835 2339 3908 (α)
2379 3849 2686 3892 sermonem
2720 3834 2837 3889 solo
2887 3848 2984 3888 ore
3020 3833 3403 3903 loquebantur.
3430 3832 3662 3887 Frustra

2089 3927 2233 3984 enim
2259 3927 2446 3982 colunt
2471 3936 2524 3980 et
2548 3934 2743 3996 putant
2762 3939 2819 3981 se
2853 3925 3035 3980 colere
3054 3925 3240 3993 Deum,
3258 3924 3354 3996 qui
3382 3938 3480 3996 per
3497 3937 3662 3992 opera

2091 4019 2238 4074 illum
2275 4020 2634 4074 debonorant.
3346 4039 3371 4072 ο

2168 4201 2440 4267 VensJO,
2467 4202 2554 4257 ll.
2590 4219 2610 4256 ι
2649 4199 2713 4255 Ει
2758 4199 3146 4282 θάνοοοιίεῖοὰ
3189 4215 3249 4257 se
3291 4199 3488 4266 turbis,
3531 4199 3665 4256 dixit

2092 4297 2209 4353 eis:
2248 4296 2442 4351 Audite
2470 4304 2523 4350 et
2568 4293 2871 4364 intelligite.
2907 4293 3021 4350 Non
3059 4293 3200 4363 quod
3241 4293 3542 4364 ingreditur
3577 4309 3659 4361 os,

419 4386 595 4456 στόμα
621 4387 794 4440 κοινοί
814 4386 906 4440 τὸν
931 4387 1240 4459 ἄνθρωπον,
1273 4390 1414 4444 άλλὰ
1464 4393 1526 4446 τὸ
1546 4393 1980 4465 ἐκπορευόμενον

2095 4389 2329 4460 imperat
2360 4387 2636 4444 hominem
2663 4404 2679 4440 :
2702 4385 2796 4442 sed
2826 4386 2967 4456 quod
3011 4387 3287 4455 egreditur
3313 4401 3380 4443 ex
3410 4401 3526 4450 ore,
3560 4386 3664 4442 hoc

419 4479 486 4529 ὲκ
515 4476 609 4532 τοῦ
635 4479 927 4549 στόματος,
959 4479 1120 4536 τοῦτο
1147 4484 1317 4536 κοινοῖ
1340 4483 1434 4538 τὸν
1464 4484 1779 4556 ἄνθρωπον.
1817 4503 1836 4537 ι
1874 4486 1980 4540 Οὐκ

2095 4479 2366 4548 impurum
2409 4476 2585 4532 reddit
2633 4475 2935 4531 hominem.
2999 4494 3017 4526 ι
3057 4473 3173 4531 Non
3227 4474 3466 4546 loquitur
3518 4473 3665 4529 ultra

421 4568 503 4620 ἔτι
532 4570 643 4632 τοῖς
671 4569 1006 4640 Φαρασαίοις
1051 4571 1386 4643 διαλέγεται,
1442 4574 1520 4640 ὡς
1567 4575 1980 4647 ἀθεραπεύτοις,

2099 4567 2410 4635 Ρίιοτὶεωίε,
2459 4579 2644 4639 utpote
2683 4567 3078 4624 incurabilibns
3107 4585 3120 4620 :
3153 4567 3321 4622 turba:
3370 4577 3550 4623 autem
3583 4566 3664 4623 lo-

418 4655 499 4724 τῷ
525 4655 668 4726 ὄχλῳ
694 4656 774 4710 δέ.
804 4659 917 4712 Καὶ
943 4658 1034 4714 διὰ
1075 4659 1170 4714 τοῦ
1195 4662 1676 4734 προσκαλέσασθαι
1717 4666 1868 4721 δοκεῖ
1907 4685 1980 4722 τι‹

2101 4667 2307 4736 quitur,
2355 4673 2410 4718 et
2449 4676 2547 4734 per
2572 4662 2717 4734 quod
2757 4661 2875 4716 illos
2926 4660 2991 4714 ad
3045 4674 3104 4716 se
3139 4659 3366 4715 advocat
3403 4661 3662 4716 honorem

421 4751 534 4820 μᾷν
583 4749 807 4814 αὐτοὺς,
853 4751 940 4808 ἵνα
980 4753 1396 4824 παραδέξωνται
1449 4757 1544 4811 τὸν
1583 4758 1743 4828 λόγον
1800 4760 1980 4827 αὐτοῦ,

2099 4756 2205 4814 illis
2233 4751 2446 4811 deferre
2477 4753 2713 4817 videtur,
2735 4759 2792 4805 ut
2821 4750 3122 4819 suscipiant
3144 4764 3444 4806 sermonem
3471 4765 3661 4808 suum:

420 4838 516 4891 καί
545 4856 712 4909 φησιν
731 4855 746 4870 ⁸
781 4841 1034 4900 Ἀκούετε
1069 4844 1164 4898 καὶ
1193 4845 1426 4913 συνίετε,
1467 4847 1760 4903 διανιστῶν
1791 4850 1980 4915 αὐτοὺς

2098 4857 2154 4902 et
2192 4845 2389 4919 inquit,
2433 4843 2729 4922 Audite,ct
2768 4841 3078 4912 intelligite,
3101 4842 3342 4898 excitans
3374 4850 3558 4907 eos,et
3585 4850 3663 4896 at-

419 4934 502 4994 είς
541 4934 840 5006 προσοχὴν.
873 4934 992 4988 Τῶν
1031 4935 1089 4990 δὲ
1131 4937 1442 5009 Φαρισαίων
1487 4940 1828 5012 αἰτιωμένων
1867 4943 1992 5008 τοὺς

423 5023 676 5094 μαθητάς
703 5026 780 5088 ὡς
829 5026 1080 5091 ἀνίπτοις
1118 5029 1306 5099 χερσὶν
1352 5028 1676 5096 ἐσθίοντας,,
1704 5033 1734 5088 δ
1789 5033 1996 5106 Κύριος

423 5114 554 5182 περὶ
585 5113 894 5184 βρωμάτων
922 5115 1094 5184 λέγει,
1127 5118 1210 5172 ὅτι
1243 5115 1395 5172 οὐδὲν
1438 5119 1638 5191 βρῶμα
1688 5125 1861 5177 κοινοί
1903 5124 1996 5178 τὸν

423 5205 733 5276 ἄνθρωπον,
786 5209 1034 5262 τουτέστι
1087 5208 1328 5280 μολύνει.
1373 5211 1482 5264 Ka‘t
1530 5212 1580 5265 εί
1622 5211 1683 5266 τὸ
1716 5213 1911 5286 βρῶμα
1934 5216 1993 5270 οῦ

430 5296 673 5364 μολύνει,
706 5299 888 5372 πολλῷ
913 5300 1116 5370 μᾶλλον
1158 5301 1219 5356 τὸ
1250 5302 1498 5367 ἀνίπτοις
1545 5306 1733 5377 χερσὶν
1771 5307 1998 5364 ἐσθίειν.

427 5389 666 5445 Μολύνει
696 5393 804 5464 γὰρ
847 5394 941 5448 τὸν
979 5395 1132 5458 ὲντδς
1161 5394 1478 5465 ἄνθρωπον,
1523 5398 1585 5453 τὸ
1641 5399 1822 5468 λέγειν
1852 5400 1888 5455 ἃ
1923 5401 1999 5472 μὴ

427 5484 528 5537 δεῖ.
562 5485 870 5539 Δίνίττεται
902 5487 958 5541 δὲ
1000 5488 1088 5542 διὰ
1118 5488 1310 5543 τούτου
1345 5491 1472 5553 τοὺς
1520 5491 1869 5561 Φαρισαίους,
1905 5511 2001 5564 μο-

430 5577 756 5648 λυνομένους
792 5580 857 5633 ἐκ
883 5580 977 5634 τοῦ
999 5581 1179 5649 λέγειν
1217 5581 1554 5650 φθονούντων
1611 5584 1831 5655 ῥήματα
1854 5602 1868 5618 ο
1897 5587 2002 5656 ὅρα

429 5669 490 5722 δὲ
520 5671 744 5740 σοφίαν,
795 5673 912 5736 πῶς
951 5673 1073 5727 οὔτε
1127 5675 1376 5745 φανερῶς
1409 5675 1470 5728 τὸ
1519 5675 1742 5730 ἄνιπτον
1800 5677 2000 5731 ἐσθίειν

2095 4949 2274 4996 tentos
2306 4938 2531 4994 faciens.
2559 4935 2699 5005 Quia
2728 4945 2906 4990 autem
2939 4935 3198 4990 Phariszei
3249 4935 3545 5005 arguebant
3579 4935 3663 4990 di-

2094 5032 2332 5104 scipulos
2355 5031 2498 5102 quod
2531 5029 2698 5088 illotis
2727 5028 2976 5083 manibus
3001 5026 3367 5092 comederent,
3400 5025 3663 5084 Dominus

2096 5127 2163 5182 de
2183 5125 2320 5182 cibis
2340 5124 2469 5179 dicit
2489 5121 2630 5191 quod
2659 5119 2838 5176 nullus
2859 5120 3011 5174 cibus
3033 5116 3339 5188 coinquinet
3365 5117 3660 5185 hominem,

2098 5218 2180 5274 vel
2208 5217 2464 5288 imperet.
2487 5214 2554 5270 Et
2575 5215 2619 5269 si
2652 5213 2806 5268 cibus
2839 5227 2949 5266 non
2980 5210 3250 5279 inquinat,
3275 5212 3441 5268 multo
3470 5215 3662 5285 magis,

2098 5309 2263 5366 illotis
2317 5307 2601 5362 comedere
2657 5302 2923 5358 manibus.
2953 5298 3282 5370 Coinquinat
3335 5301 3477 5356 enim
3517 5303 3662 5359 intus

2099 5400 2370 5456 hominem
2411 5397 2594 5452 dicere
2625 5410 2744 5464 qua:
2771 5408 2878 5447 non
2909 5401 3139 5466 oportet.
3163 5390 3328 5449 Natat
3365 5403 3544 5449 autem
3583 5395 3664 5449 la-

2099 5501 2272 5548 tenter
2302 5489 2604 5544 Pharisaeos
2639 5500 2734 5556 per
2765 5483 2850 5537 illa
2897 5483 3186 5554 verba,qni
3242 5485 3484 5542 dicentes
3520 5487 3662 5540 invi-

2095 5585 2288 5639 dorum
2327 5582 2486 5636 verba
2518 5577 3027 5647 coinquinabantur.
3058 5574 3190 5632 Vide
3219 5589 3400 5633 autem
3453 5580 3669 5648 sapien-
3709 5637 3718 5640 _

2100 5678 2250 5737 tiam,
2292 5673 2560 5739 quomodo
2618 5685 2793 5742 neque
2846 5668 3135 5726 manifeste
3192 5669 3357 5727 illotis
3416 5672 3664 5727 manibus

507 5849 580 5918 (α)
619 5851 758 5908 Edil.
792 5851 909 5908 Lut.
941 5870 1053 5908 cum
1087 5855 1213 5910 mali
1241 5866 1430 5922 essent,
1451 5866 1662 5928 propter
1685 5853 1823 5910 mala
1848 5869 2004 5925 opera
2045 5851 2194 5925 longe
2225 5853 2418 5924 ﬁebant
2446 5871 2476 5908 α
2503 5855 2630 5927 Deo,
2661 5865 2707 5912 et
2740 5856 2991 5912 divinum.
