4078 6464
427 407 534 470 307
1351 410 1929 475 THEOPHYLACTI
1966 413 2379 477 BULGARLE
2415 416 2782 480 ARCHIEP.
3050 434 3053 437 ‘
3578 425 3689 488 308

429 525 718 582 comedere
777 524 1062 594 approbat,
1125 539 1301 594 neque
1372 536 1679 595 aversatur,
1709 529 1803 584 sed
1861 527 2005 583 aliud

2112 529 2415 600 νομοθετεῖ,
2438 531 2563 586 οὔτε
2594 532 2920 607 ἀποτρέπει.
2964 535 3104 591 Ἀλλ’
3130 534 3321 609 ἔτερόν
3342 553 3394 591 τι
3425 537 3689 607 διδάσκει,

430 618 685 686 quiddam
729 618 910 686 docet,
939 616 1084 689 quod
1115 632 1221 674 non
1259 619 1479 691 cjiciant
1509 636 1538 677 ε
1566 630 1784 692 pectore
1833 621 2005 678 malos

2113 620 2174 674 τὸ
2208 622 2281 694 μὴ
2316 620 2600 680 ἐκϐάλλειν
2629 625 2737 679 ἀπὸ
2762 628 2865 699 τῆς
2894 627 3127 700 καρδίας
3173 627 3448 700 πονηροὺς
3475 629 3690 701 λόγους.

430 725 732 768 sermones.

500 804 666 860 Vens.
712 805 800 861 12.
831 825 850 859 ι
895 807 1048 864 Tunc
1081 807 1402 864 accedentes
1433 808 1681 880 discipuli
1710 808 1827 878 ejus
1855 810 2006 865 dixe-

431 906 560 952 runt
621 898 926 956 illizNosti
994 900 1304 959 Pharisacos
1360 902 1548 957 audito
1603 918 1857 958 sermone
1904 902 2008 958 isto

428 987 667 1046 oli‘ensos
711 993 914 1049 fuisse?
945 1013 964 1048 ι
1008 995 1266 1065 Discipuli
1308 1005 1528 1066 propter
1559 995 1668 1067 79
1698 994 2006 1051 Pbarisaeos

434 1080 624 1136 dicunt
664 1084 810 1152 quod
839 1084 1025 1141 oﬂcnsi
1057 1086 1187 1153 sint,
1218 1085 1428 1144 tametsi
1460 1087 1624 1143 etiam
1666 1086 1764 1159 ipsi
1807 1087 2005 1142 turbati

429 1170 653 1238 fuerint,
697 1176 842 1245 quod
891 1177 1234 1235 manifestum
1285 1195 1355 1234 ex
1406 1193 1472 1234 eo
1521 1179 1664 1249 quod
1718 1179 2008 1235 accesserit

427 1263 647 1337 Petrus,
667 1278 720 1323 et
751 1267 1170 1342 interregaverit
1191 1272 1257 1327 de
1291 1272 1411 1327 hoc.
1454 1271 1622 1341 Igitur
1669 1269 1832 1328 Jesus
1881 1285 2003 1326 cum

430 1360 668 1417 audisset
699 1362 844 1433 quod
875 1362 1064 1420 oﬂ‘ensi
1095 1373 1277 1420 essent
1307 1363 1742 1430 Pharisazi,dixit
1771 1382 1784 1418 :

504 1546 669 1603 Vsus.
731 1549 953 1611 15.”.
1009 1568 1027 1601 ι
1092 1548 1281 1606 Omnis
1346 1550 1609 1621 plautatio
1679 1565 1841 1622 quam
1899 1566 2003 1605 non

429 1640 696 1703 plantavit
724 1642 886 1698 Pater
916 1657 1066 1698 meus
1104 1644 1363 1708 caelestis,
1386 1644 1772 1701 eradicabitur.
1803 1641 2005 1700 Omitte

429 1730 570 1798 illos,
602 1732 766 1789 duces
802 1743 928 1789 sunt
982 1736 1113 1791 caeci
1179 1750 1474 1794 caecorum.
1532 1719 1702 1793 Porro
1727 1737 1771 1793 si
1828 1752 2007 1793 camus

426 1834 573 1875 caeco
606 1822 713 1876 dux
747 1822 936 1890 fuerit,
974 1824 1135 1881 ambo
1179 1826 1232 1881 iu
1265 1826 1474 1883 foveam
1510 1827 1722 1883 cadent.
1765 1846 1783 1880 ι
1819 1827 2007 1884 Senio-

425 1927 549 1968 rum
591 1914 912 1973 traditiones
940 1927 995 1973 et
1025 1917 1335 1975 Iudaeorum
1367 1912 1633 1993 precepta
1668 1922 2000 1978 eradicatum
2031 1890 2079 1949 Β

426 2005 493 2059 iri
538 2005 692 2073 dixit,
738 2022 843 2063 non
878 2008 1092 2078 legalia,
1126 2020 1185 2066 ut
1223 2011 1540 2069 existimant
1567 2011 1871 2070 Manichmi.
1893 2013 2002 2070 Lex

426 2096 571 2153 enim
598 2097 863 2168 plantatio
882 2112 964 2157 est
993 2100 1112 2167 Dei,
1147 2118 1252 2160 non
1279 2103 1446 2175 igitur
1472 2104 1566 2161 illa
1593 2106 1865 2161 eradicata
1897 2116 1999 2163 est.

428 2188 608 2246 Manet
646 2191 791 2247 enim
850 2193 1003 2251 radix
1053 2195 1190 2267 ejus,
1224 2195 1276 2252 id
1306 2206 1409 2265 est,
1442 2195 1664 2268 spiritus
1691 2196 1782 2269 qui
1823 2199 1875 2253 in
1912 2212 2003 2254 oc-

427 2280 574 2336 culto
598 2290 701 2338 est.
740 2281 892 2341 Folia
942 2293 1148 2355 autem,
1198 2286 1300 2344 hoc
1330 2299 1434 2356 est,
1499 2304 1769 2361 apparens
1799 2291 2000 2358 littera,

427 2372 691 2432 deﬂuunt.
712 2375 910 2448 Legem
939 2380 1085 2437 enim
1128 2379 1264 2436 ultra
1300 2381 1581 2453 nonjuxta
1611 2383 1876 2450 litteram,
1907 2384 2003 2441 sed

420 2466 575 2538 juxta
609 2471 859 2540 spiritum
889 2473 1262 2545 intelligimus.
1303 2474 1569 2544 Quoniam
1599 2486 1775 2533 autem
1805 2477 2003 2548 despe—

424 2560 529 2616 rati
552 2575 618 2617 ac
660 2556 985 2620 incurabiles
1032 2575 1187 2623 erant
1225 2566 1506 2636 Pharisaei,
1547 2569 1722 2624 dixit:
1755 2568 2003 2626 Omittite

424 2648 567 2708 illos.
608 2651 747 2709 Hinc
794 2644 938 2713 enim
985 2658 1262 2729 discimus,
1319 2662 1461 2732 quod
1511 2661 1706 2719 offendi
1750 2663 1867 2721 illos
1911 2664 2002 2736 qui

423 2755 623 2807 Sponte
654 2747 1025 2817 offenduntur,
1074 2763 1125 2808 et
1172 2754 1502 2812 incurabiles
1543 2765 1688 2823 sunt,
1743 2773 1852 2814 non
1920 2767 2003 2815 est

423 2835 579 2891 nobis
606 2837 945 2897 damnosum.
977 2842 1340 2914 l'rteceptores
1367 2854 1553 2901 autem
1577 2846 1700 2902 illos
1728 2848 1860 2902 dicit
1898 2863 2001 2904 cte-

423 2940 517 2982 cos
540 2941 803 2985 cacorum
824 2924 1018 3001 duces,
1048 2943 1107 2989 ut
1144 2935 1212 2990 ab
1243 2937 1322 2992 eis
1360 2938 1543 2995 turbas
1573 2937 1822 2994 abducat.

402 3120 421 3131 "
497 3112 774 3172 Vassis.
811 3135 833 3169 ι
887 3104 1241 3189 Respondens
1276 3129 1454 3192 autem
1508 3123 1701 3181 Petrus
1758 3126 2000 3185 dixitei:

2116 816 2124 821 ‘
2197 825 2215 858 ι
2276 806 2408 861 Τότε
2467 807 2857 876 προσελθόντες
2898 807 2948 862 oi
2999 808 3242 879 μαθηταὶ
3299 810 3489 877 αὑτοῦ,
3536 807 3696 865 εἷπον

2109 899 2259 971 αὐτῷ
2283 914 2299 932 ·
2323 895 2499 977 κοῐδας
2530 900 2612 954 ὅτι
2646 902 2695 953 οί
2721 902 3004 971 Φαρισαῖοι
3028 902 3363 967 ἀκούσαντες
3382 903 3477 957 τὸν
3507 903 3693 973 λόγον,

2110 992 2658 1065 ὲσκανδαλίσθησανς
2701 1012 2720 1045 ι
2761 995 2825 1047 Οἱ
2867 995 2967 1064 μὲν
3018 994 3261 1065 μαθηταὶ
3286 994 3378 1049 διὰ
3406 996 3536 1060 τοὺς
3579 998 3694 1049 Φα-

2115 1086 2361 1157 ρισαίους
2386 1082 2658 1155 λέγουσιν,
2684 1087 2767 1141 ὅτι
2809 1085 3336 1157 ἐσκανδαλίσθησαν.
3372 1088 3521 1161 Πλὴν
3555 1090 3697 1143 ἀλλά

2110 1180 2203 1232 καὶ
2245 1178 2402 1232 αὐτοὶ
2446 1176 2898 1249 ἐθορυϐήθησαν
2937 1176 3097 1231 τοῦτο
3148 1178 3206 1231 δὲ
3259 1178 3420 1247 δῆλον
3455 1178 3566 1232 ἀπὸ
3594 1178 3695 1232 τοῦ

2110 1268 2432 1340 προσελθεῖν
2469 1268 2561 1323 τὸν
2595 1270 2803 1341 Πέτρον
2837 1269 2932 1323 καὶ
2975 1270 3250 1341 ἐρωτῆσαι
3305 1271 3435 1340 περὶ
3474 1271 3694 1326 τούτου.

2122 1362 2181 1414 '0
2227 1361 2359 1431 γοῦν
2406 1360 2919 1438 Ἰησοῦςὶάκούσαῇ
2970 1363 3053 1416 ὅτι
3099 1362 3600 1434 ἐσκανδαλίσθησαν
3640 1363 3695 1417 oi

2108 1456 2412 1528 Φαρισαῖοι,
2436 1471 2578 1510 ειπεσ

2184 1568 2201 1600 ι
2241 1548 2396 1601 Πᾶσα
2425 1548 2619 1618 φυτεία
2658 1547 2725 1620 ἣν
2764 1548 2868 1602 οὐκ
2897 1546 3195 1618 ἐφύτευσεν
3230 1549 3259 1601 6
3293 1548 3487 1619 Πατήρ
3525 1565 3630 1618 μου
3665 1549 3696 1602 6

2105 1641 2376 1713 οὐράνιος,
2405 1641 2842 1713 ἐκριζωθήσεται
2864 1657 2878 1672 ⁶
2911 1641 3079 1712 ἄφετε
3107 1640 3305 1704 αὐτούς
3325 1657 3339 1672 ο
3367 1641 3693 1711 όδηγοίείσι

2105 1733 2295 1803 τυφλοὶ
2328 1732 2568 1801 τυφλῶν,
2604 1732 2803 1801 τυφλὸς
2831 1730 2887 1785 δὲ
2931 1732 3133 1800 τυφλὸν
3162 1733 3256 1786 ὲάν
3281 1733 3474 1802 ὁδηγῇ,
3505 1731 3695 1801 ἀμφό-

2105 1839 2254 1896 τεροι
2277 1824 2356 1887 είς
2381 1823 2601 1894 βόθυνον
2628 1823 2947 1877 πεσοῦνται.
2980 1842 2999 1876 ι
3026 1823 3137 1886 Τὰς
3168 1824 3275 1877 τῶν
3301 1822 3694 1894 πρεσόυτέρων

2107 1915 2435 1989 παραδόσεις
2473 1916 2566 1969 καὶ
2598 1916 2668 1969 τὰ
2707 1914 2973 1969 Ἰουδαϊκὰ
3004 1915 3318 1984 ἐντάλματα
3345 1914 3497 1983 λέγει
3536 1916 3693 1984 ἐκρι-

2108 2008 2482 2077 ζωθὴσεσθαι·
2524 2008 2647 2079 οὐχὶ
2687 2008 2757 2062 τά
2788 2007 2883 2062 τοῦ
2918 2008 3118 2080 νόμου,
3155 2007 3232 2072 ὡς
3279 2007 3461 2062 νοοῦσι
3511 2010 3691 2063 Μανι-

2106 2104 2272 2172 χαῖοιο
2295 2102 2323 2155 6
2351 2100 2460 2171 γάρ
2487 2099 2651 2170 νόμος
2678 2100 2873 2170 φυτεία
2904 2100 3020 2153 ἐστὶ
3044 2100 3177 2154 Θεοῦ
3208 2118 3221 2129 ·
3251 2099 3312 2153 οὐ
3336 2101 3517 2155 τοίνυν
3534 2097 3693 2166 οὗτος

2106 2189 2464 2264 ἐξερῤιζώθη.
2501 2190 2669 2244 Μένει
2699 2190 2811 2260 γὰρ
2844 2191 2878 2262 ἠ
2924 2189 3049 2262 ῥίζα
3092 2189 3283 2255 αὐτοῦ,
3325 2192 3592 2254 τουτέστι,
3630 2193 3692 2245 τὸ

2106 2284 2483 2356 κρυπτόμενον
2518 2281 2754 2353 πνεῦμα.
2787 2283 2869 2337 Τά
2901 2281 2958 2335 δὲ
2989 2280 3186 2350 φύλλα,
3227 2282 3346 2353 ἦτοι
3393 2282 3455 2336 τδ
3496 2282 3692 2352 φαινό-

2109 2392 2269 2448 μενον
2301 2375 2571 2446 γράμμα,
2621 2373 2911 2446 ἀπερῤύη’
2959 2374 3060 2429 οὐκ
3108 2374 3189 2428 ἔτι
3223 2374 3334 2447 γάρ
3381 2375 3474 2428 τὸν
3521 2376 3691 2447 νόμον

2104 2469 2249 2524 κατά
2289 2468 2350 2522 τὸ
2381 2467 2655 2539 γράμμα,
2712 2467 2850 2522 ἀλλά
2891 2468 3030 2523 κατὰ
3065 2468 3127 2523 τὸ
3178 2462 3397 2537 πνεῦμα
3434 2470 3686 2538 νοοῦμεν·

2117 2565 2400 2632 Ἀπεγνωσ
2408 2562 2580 2631 μένων
2595 2561 2650 2615 δὲ
2669 2560 2837 2614 ὄντων
2851 2559 2962 2614 τῶν
2980 2560 3291 2632 Φαρισαίων
3311 2560 3408 2613 καὶ
3425 2560 3687 2626 ἀνιάτων,

2103 2647 2227 2708 ἐἷπε
2254 2654 2316 2708 τό
2335 2671 2350 2686 ο
2388 2652 2590 2721 ’Ἄφετε
2620 2651 2841 2716 αὐτούς.
2876 2646 3158 2705 Ἐντεῦθεν
3189 2648 3282 2704 οὖν
3310 2650 3682 2722 μανθάνομεν,

2104 2749 2187 2803 ὅτι
2216 2746 2278 2802 τὸ
2316 2743 2763 2809 σκανδαλίζεσθαι
2797 2743 2925 2807 τοὺς
2955 2742 3135 2797 ἑκοντὶ
3163 2742 3689 2813 σκανδαλιζομένους

2104 2839 2201 2894 καὶ
2224 2837 2501 2904 ἀνιάτους,
2534 2837 2635 2891 οὐκ
2665 2835 2813 2890 ἔστιν
2844 2836 2977 2907 ἡμῖν
3009 2832 3297 2905 βλαϐερόνο
3327 2832 3688 2903 διδασκάλους

2103 2931 2161 2985 δὲ
2187 2931 2385 2993 αὐτοὺς
2410 2929 2559 2998 λέγει
2594 2928 2832 2999 τυφλοὺς
2857 2928 3098 2998 τυφλῶν·
3126 2924 3288 2979 τοῦτο
3319 2924 3376 2978 δέ
3408 2937 3576 2996 φησιν
3607 2924 3686 2988 ὡς

2105 3023 2171 3080 ἂν
2203 3024 2489 3095 ἀποστήσῃ
2517 3021 2612 3077 ἀπ’
2639 3021 2819 3074 αὐτῶν
2848 3022 2974 3085 τοὺς
3004 3020 3216 3091 ὄχλους.

2181 3135 2200 3170 ι
2262 3115 2608 3188 Ἀποκριθεὶς
2640 3114 2695 3169 δὲ
2724 3115 2752 3168 ό
2781 3116 2986 3185 Πέτρος
3007 3153 3022 3179 ,
3054 3110 3210 3168 εἶπεν
3256 3115 3441 3188 αὐτῷ·
3471 3113 3688 3186 Φράσον

427 3205 523 3264 Dic
577 3209 732 3265 nobis
761 3211 1070 3281 parabolam
1108 3212 1268 3268 hanc.
1309 3231 1328 3265 ι
1363 3213 1557 3270 Petrus
1619 3217 1744 3286 quia
1802 3219 2005 3276 sciebat

2105 3212 2237 3282 ἡμῖν
2260 3209 2359 3280 τὴν
2391 3207 2707 3279 παραϐολὴν
2735 3206 2961 3279 ταύτην.
3010 3226 3030 3260 ι
3078 3194 3139 3260 '0
3176 3207 3378 3273 Πέτρος
3408 3205 3539 3259 ιέπεὶ
3564 3204 3687 3276 ᾔδει.

424 3302 597 3370 legem
624 3302 911 3372 prohibere
946 3304 1254 3374 promiscue
1277 3320 1429 3361 esum
1475 3306 1740 3369 omnium,
1774 3317 1827 3364 et
1852 3309 2007 3366 time-

426 3394 518 3447 bat
567 3392 903 3450 dicere‘Jesu
936 3413 949 3449 :
979 3394 1054 3449 Ex
1084 3396 1168 3451 his
1220 3412 1341 3467 qua:
1388 3397 1595 3463 dixisti,
1637 3397 2001 3459 oll'endimur:
2035 3424 2038 3435 ν

428 3489 689 3551 apparent
716 3483 860 3538 enim
893 3484 996 3555 legi
1029 3485 1255 3542 adversa
1295 3502 1414 3544 esse
1448 3506 1461 3540 :
1496 3488 1716 3545 simulat
1749 3490 2004 3562 ignpt‘atl-

427 3572 580 3639 tiam,
605 3581 661 3628 et
690 3573 1001 3645 intermgat.
1724 3650 1727 3651 ν

505 3664 674 3723 Vsus.
715 3667 811 3722 16-
831 3668 920 3722 ‘20.
964 3686 983 3720 ι
1037 3667 1193 3726 Jcsus
1223 3681 1398 3729 autem
1432 3671 1594 3727 dixit:
1622 3674 1809 3730 Adhuc
1835 3682 1891 3730 et
1912 3690 2006 3731 vos

431 3756 782 3829 intelligentia
819 3759 1040 3816 caretis.
1073 3759 1317 3819 Nondum
1360 3763 1658 3836 intelligitis
1684 3766 1827 3837 quod
1849 3767 2006 3837 quid-

428 3849 559 3921 quid
584 3851 882 3921 ingreditur
910 3853 962 3907 in
987 3867 1071 3920 os,
1123 3854 1175 3910 ln
1199 3856 1376 3912 alvum
1402 3858 1532 3924 abit,
1563 3866 1617 3914 et
1647 3858 1699 3913 in
1731 3873 2002 3918 secessum

427 3944 688 4015 eiicitur?
714 3946 784 4001 At
831 3962 891 4002 ea
920 3962 1041 4018 quae
1065 3948 1494 4018 proﬁciscuntur
1522 3965 1588 4007 ex
1639 3965 1756 4018 ore,
1794 3964 1861 4006 ex
1888 3952 2006 4023 ipso

432 4037 598 4094 corde
623 4038 991 4109 egﬁediuntur,
1021 4050 1074 4098 et
1103 4040 1192 4097 illa
1248 4044 1521 4113 impurum
1570 4043 1799 4103 reddunt
1834 4043 2006 4098 homio

429 4143 574 4187 nem.
604 4128 737 4185 Nam
771 4146 836 4187 ex
868 4131 1032 4188 corde
1056 4142 1258 4190 exeunt
1286 4134 1644 4207 cogitationes
1684 4134 1869 4202 malae,
1896 4149 2003 4190 cae-

427 4223 545 4290 des,
572 4222 863 4289 adulteria,
897 4232 1098 4296 stupra,
1127 4225 1293 4293 furta,
1328 4224 1459 4281 falsa
1496 4224 1828 4295 testimonia,
1876 4241 2005 4282 con-

427 4312 588 4370 vicia.
636 4311 763 4368 Haec
817 4323 942 4370 sunt
985 4329 1106 4385 qum
1151 4317 1424 4389 impurant
1483 4315 1783 4373 hominem.
1834 4317 2006 4373 Carte-

429 4418 549 4458 rum
592 4404 758 4460 illotis
807 4408 1058 4465 manibus
1097 4409 1276 4465 cibum
1320 4423 1537 4481 capere,
1591 4425 1694 4466 non
1759 4409 2005 4481 inquinat

431 4496 727 4555 hominem.
771 4517 790 4551 ›
844 4498 1095 4570 Increpat
1123 4500 1416 4571 discipulos
1453 4500 1722 4568 Salvator,
1776 4514 1828 4557 et
1875 4501 2003 4557 insi-

2108 3302 2189 3356 ὅτι
2222 3302 2251 3355 6
2287 3300 2451 3371 νόμος
2490 3298 2693 3353 ἐκώλυε
2725 3299 2903 3354 πάντα
2935 3297 3155 3365 ἐσθίειν,
3187 3298 3375 3361 δεδιὼς
3404 3299 3577 3351 εἰπεῖν
3605 3297 3689 3367 τῷ

2121 3392 2318 3466 Ἰησοῦ,
2346 3394 2428 3446 ὅτι
2457 3391 2895 3463 Σκανδαλίζομαι
2917 3389 3003 3461 ἐφ’
3027 3387 3107 3455 οἷς
3137 3383 3321 3455 εἴπας,
3341 3390 3689 3459 φαινομένοις

2110 3485 2450 3558 παρανόμοις
2466 3481 2627 3539 εἶναι·
2654 3487 3030 3556 προσποιεῖται
3053 3485 3276 3555 ἄγνοιαν
3297 3483 3390 3537 καὶ
3411 3483 3505 3534 ἐπε
3516 3483 3686 3552 ρωτᾷ.

2185 3690 2204 3725 t
2255 3671 2312 3727 ⁸0
2339 3671 2396 3726 δὲ
2443 3671 2649 3743 Ἰησοῦς
2672 3666 2845 3737 εἶπεν,
2880 3671 3094 3743 Ἀκμὴν
3127 3671 3220 3725 καὶ
3251 3671 3409 3742 ὑμεῖς
3434 3668 3691 3723 ἀσύνετοί

2109 3767 2253 3819 ἐστε.
2283 3762 2451 3818 Οὔπω
2473 3765 2665 3829 νοεῖτε,
2694 3764 2778 3841 δτι
2806 3765 2914 3818 πᾶν
2949 3764 3010 3815 τὸ
3039 3764 3491 3834 εἰσπορευόμενον
3518 3761 3599 3824 εἰς
3627 3760 3691 3812 τδ

2108 3858 2305 3930 στόμα,
2323 3858 2403 3921 εἰς
2422 3855 2521 3927 τὴν
2545 3855 2753 3910 κοιλίαν
2768 3857 2940 3927 χωρεῖ
2960 3855 3055 3910 καὶ
3072 3858 3149 3919 είς
3171 3855 3457 3927 ἀφεδρῶνα
3488 3853 3694 3907 ἐκϐάλ-

2107 3952 2257 4006 λεται
2282 3968 2298 4018 ;
2323 3948 2405 4004 Τά
2438 3948 2497 4003 δὲ
2521 3948 2933 4020 ἐκπορευόμενα
2960 3949 3024 4001 ὲκ
3045 3947 3137 4001 τοῦ
3172 3950 3461 4018 στόματος,
3493 3947 3559 4000 ὲκ
3585 3947 3690 4016 τῆς

2107 4042 2334 4115 καρδίας
2357 4040 2660 4113 ἐξέρχεται,
2696 4042 2926 4094 κάκεῖνα
2955 4042 3125 4094 κοινοῖ
3149 4040 3240 4093 τὸν
3277 4038 3585 4110 ἀνθρωπονσ
3620 4040 3689 4092 ὲκ

2106 4133 2214 4203 γὰρ
2265 4131 2367 4203 τῆς
2406 4131 2633 4202 καρδίας
2682 4130 2995 4203 ἐξέρχονται
3042 4130 3385 4202 διαλογισμοὶ
3423 4131 3685 4202 πονηροὶ,

2074 4224 2077 4229 ’
2106 4226 2279 4294 φόνοι,
2316 4226 2579 4295 μοιχεῖαι,
2615 4224 2866 4294 πορνεῖαι
2889 4262 2903 4287 ,
2937 4222 3155 4287 κλοπαὶ,
3186 4223 3684 4295 ψευδομαρτυρίαι,

2108 4313 2469 4386 βλασφημίαι.
2498 4313 2683 4368 Ταῦτά
2706 4315 2821 4368 ἐστι
2842 4314 2910 4368 τά
2936 4312 3223 4369 κοινοῦντα
3250 4314 3341 4368 τὸν
3372 4313 3683 4384 ἄνθρωπον.

2104 4406 2179 4459 Τὸ
2210 4405 2268 4460 δὲ
2309 4406 2557 4470 ἀνίπτοις
2586 4406 2746 4479 χερσὶ
2788 4408 3007 4476 φαγεῖν,
3054 4405 3113 4460 οὐ
3148 4407 3318 4459 κοινοῖ
3349 4406 3439 4459 τὸν
3469 4406 3683 4477 ἄνθρω-

2107 4514 2228 4553 πον.
2273 4516 2292 4551 ι
2331 4498 2591 4569 Ἐπιτιμᾷ
2634 4501 2747 4562 τοῖς
2777 4497 3049 4570 μαθηταῖς
3078 4499 3106 4553 6
3135 4497 3349 4571 Σωτὴρ,
3384 4497 3478 4552 καὶ
3511 4497 3687 4567 ἀφρο-

429 4587 685 4655 pieutiam
717 4590 1031 4659 exprobrat,
1064 4590 1147 4645 vel
1169 4600 1227 4645 ut
1251 4589 1493 4655 oli‘ensis,
1522 4589 1602 4645 vel
1626 4599 1684 4645 ut
1714 4590 1998 4647 manifesta

2107 4590 2274 4661 σῦνην
2300 4589 2567 4656 ὀνειδίζει,
2605 4589 2639 4660 ἢ
2675 4589 2749 4653 ὡς
2777 4588 3244 4645 σκανδαλισθεῖσιν
3263 4629 3277 4656 ,
3309 4589 3343 4660 ἢ
3375 4589 3452 4654 ὡς
3481 4590 3686 4661 ἀγνοή-

426 4677 825 4747 ignorantibus.
858 4679 996 4736 Dicit
1030 4680 1224 4752 igitur:
1246 4678 1362 4737 Non
1387 4681 1686 4752 intelligilis
1707 4682 1851 4753 quod
1879 4696 2000 4738 om-

333 4769 341 4831 }
426 4784 525 4826 nes
557 4771 863 4842 intelligunt
902 4783 959 4829 et
1004 4772 1366 4830 sciuntYCibi
1419 4775 1564 4830 enim
1620 4789 1727 4831 non
1782 4782 2002 4832 manent

340 4858 341 4861 “
424 4863 595 4931 intus,
636 4864 733 4922 sed
771 4862 909 4919 infra
967 4872 1167 4919 exeunt
1208 4880 1304 4936 per
1330 4864 1533 4929 alvum.
1569 4876 1624 4924 et
1660 4866 1796 4923 nihil
1828 4867 2004 4923 borni-

425 4971 549 5013 nem
585 4957 638 5011 in
666 4956 847 5011 anima
876 4955 1252 5026 coinquinant,
1281 4972 1388 5013 non
1420 4958 1563 5014 enim
1586 4972 1807 5017 manent
1830 4961 1997 5018 intu.

424 5050 798 5122 Cogitationes
846 5059 1026 5106 autem
1059 5050 1385 5107 intrinsecus
1440 5063 1759 5122 nascuntur,
1793 5063 1851 5112 et
1883 5070 2002 5111 ma-

428 5152 559 5198 nent
616 5143 748 5209 illic,
790 5152 844 5200 et
898 5142 1258 5212 egredientes,
1290 5143 1394 5200 hoc
1413 5153 1518 5210 est,
1552 5144 1603 5200 in
1634 5162 1770 5218 opus
1805 5161 1998 5218 proce-

428 5235 621 5291 dentes
650 5244 705 5290 et
736 5242 891 5290 actus
924 5233 1212 5303 inquinant
1233 5234 1528 5292 hominem.
1559 5234 1827 5310 Cogitatio
1853 5238 1998 5294 enim

425 5325 772 5382 scortationis
819 5325 1146 5382 intrinsecus
1196 5312 1419 5385 manens
1474 5328 1727 5396 maculat,
1756 5337 1810 5385 et
1846 5343 1999 5400 egre-

426 5417 581 5474 diens
632 5416 685 5472 in
707 5430 842 5487 opus
869 5417 1122 5473 maculat.

500 5605 660 5663 Vens.
687 5605 779 5676 2|,
812 5608 904 5665 2'5.
941 5628 960 5662 ι
994 5609 1062 5666 Ει
1087 5607 1366 5679 digressus
1398 5606 1543 5663 illinc
1566 5605 1745 5672 Jesus,
1775 5609 1999 5664 secessit

427 5699 481 5757 in
525 5708 708 5770 partes
744 5698 872 5773 Tyri
908 5710 964 5757 et
988 5699 1206 5757 Sidonis
1235 5717 1249 5755 :
1305 5707 1361 5754 et
1395 5712 1524 5754 ecce
1565 5698 1757 5754 mulier
1787 5698 1998 5754 Chana-

425 5808 539 5849 mea
575 5809 697 5864 qua:
725 5808 756 5849 ει
786 5793 983 5850 ﬁnibus
1006 5792 1115 5849 illis
1144 5800 1388 5857 venerat,
1428 5789 1690 5846 clamabat
1721 5791 1789 5846 ad
1820 5790 1993 5859 illum,

426 5887 641 5943 dicens:
668 5885 925 5944 Miserere
959 5886 1085 5954 mei,
1121 5884 1365 5953 Domine,
1400 5882 1470 5941 ﬁli
1508 5882 1717 5941 David:
1746 5882 1851 5938 lilia
1876 5898 1992 5939 mea

2106 4700 2232 4739 σασι
2254 4682 2316 4736 τὸ
2349 4682 2538 4754 σαφές·
2572 4682 2735 4754 φησιν
2763 4677 2876 4746 οὖν,
2904 4682 2986 4736 ὅτι
3013 4679 3185 4735 Τοῦτο
3205 4680 3427 4734 τὺ”πᾶσι
3455 4679 3685 4751 νοοῦμε-

2105 4792 2196 4831 νον
2230 4774 2325 4829 καὶ
2365 4774 2690 4847 φαινόμενον
2722 4773 2783 4829 οὐ
2824 4774 3032 4841 νοεῖτες
3060 4775 3141 4828 ὅτι
3171 4770 3241 4827 τὰ
3278 4773 3378 4844 μὲν
3415 4772 3684 4844 βρώματα

2104 4868 2164 4923 οὐ
2200 4868 2352 4940 μένει
2395 4866 2523 4933 ἔσω,
2559 4866 2697 4922 ἀλλά
2742 4867 2894 4922 κάτω
2936 4866 3281 4937 ἐξέρχονται,
3316 4852 3484 4937 μηδὲν
3515 4865 3683 4936 μολῦ-

2104 4978 2263 5016 νοντα
2306 4960 2451 5015 κατά
2482 4959 2664 5033 ψυχὴν
2696 4960 2786 5014 τὸν
2817 4959 3123 5029 ἄνθρωπον,
3155 4958 3214 5012 οὐ
3260 4960 3369 5028 γὰρ
3424 4946 3679 5029 μένουσιν

2103 5052 2274 5107 ἔνδον.
2334 5053 2398 5106 Oi
2453 5051 2511 5105 δὲ
2561 5050 2812 5122 λογισμοὶ
2862 5048 3067 5104 ἐσωθέν
3109 5066 3168 5103 τε
3214 5048 3531 5118 γεννῶνται,
3581 5050 3683 5103 καὶ

2084 5142 2361 5216 ’μένουσιν
2391 5145 2529 5210 ἐκεῖ,
2560 5145 2653 5198 καὶ
2682 5142 3054 5214 ἐξερχόμενοι,
3080 5142 3378 5207 τουτέστιν,
3406 5141 3486 5205 εἰς
3515 5139 3680 5211 ἔργον

2104 5237 2521 5310 προχωροῦντες
2551 5236 2647 5291 καὶ
2674 5237 2754 5299 είς
2785 5233 3008 5306 πρᾶξιν,
3041 5233 3330 5305 μολῦνουσι
3350 5232 3441 5286 τὸν
3466 5231 3681 5303 ἀνθρωσ

2104 5346 2206 5383 πον
2227 5346 2242 5361 ο
2264 5330 2293 5382 6
2317 5328 2426 5401 γὰρ
2445 5327 2704 5399 λογισμὸς
2727 5327 2824 5398 τῆς
2852 5324 3132 5396 πορνείας,
3162 5324 3364 5378 ἔσωθεν
3386 5342 3445 5378 τε
3472 5324 3676 5395 μένων,

2107 5420 2333 5489 μιαίνει,
2364 5421 2457 5474 καὶ
2479 5419 2833 5491 ἐξερχόμενος
2858 5418 2938 5482 είς
2969 5416 3129 5493 ἔργον
3155 5417 3250 5471 καὶ
3277 5416 3674 5489 πραττόμενος,

2102 5511 2447 5567 κατασπιλοῖ.

2180 5623 2199 5657 ι
2239 5604 2348 5658 Καὶ
2380 5601 2610 5669 ἐξελθὼν
2643 5600 2850 5655 ἐκεῖθεν
2875 5601 2904 5654 6
2942 5601 3151 5672 Ἰησοῦς
3173 5641 3189 5667 ,
3218 5600 3564 5673 ἀνεχώρησεν
3593 5600 3679 5664 είς

2100 5697 2167 5752 τά
2200 5696 2340 5769 μέρη
2367 5697 2546 5767 Τύρου
2572 5695 2663 5749 καὶ
2692 5695 2943 5759 Σιδῶνος·
2970 5695 3065 5747 καὶ
3086 5694 3193 5749 ίδοὺ
3224 5694 3360 5765 γυνὴ
3390 5693 3677 5747 Χαναναία

2100 5790 2217 5845 ἀπὸ
2231 5790 2338 5843 τῶν
2357 5789 2521 5864 ὁρίων
2548 5787 2775 5843 ἐκείνων
2800 5787 3112 5855 ἐξελθοῦσα,
3135 5787 3475 5860 ὲκραύγαζεν
3499 5786 3671 5856 αὐτῷ,

2100 5884 2352 5954 λέγουσαο
2375 5877 2633 5955 Ἐλέησόν
2658 5899 2745 5955 με,
2766 5879 2937 5954 Κύριε
2958 5879 3039 5935 υἱὲ
3059 5880 3284 5953 Δαυίδοὴ
3304 5880 3546 5951 θυγάτηρ
3567 5896 3672 5951 μου
