4078 6464
354 421 464 486 309

1073 409 1522 474 ENARRATIO
1554 409 1634 470 ΙΝ
1664 401 2171 468 EVANGELlUM
2221 402 2606 463 MATTILEL
2643 425 2711 437 --
2748 401 2906 462 CAP.
2933 403 3054 462 XV.

3499 395 3606 458 illi)

356 531 546 594 κακῶς
578 527 973 600 δαιμονίζεται.
1016 526 1074 580 Ὀ
1105 526 1160 580 δὲ
1197 526 1297 582 οὐκ
1346 522 1620 594 ἀπεκρίθη
1666 523 1800 592 αὐτῇ
1850 519 1938 572 λό-

2060 517 2178 570 nale
2204 532 2230 568 a
2264 517 2528 570 daemonio
2557 518 2809 586 agitatur.
2837 516 2926 572 ille
2958 531 3088 574 vero
3121 531 3226 572 non
3255 513 3528 583 respondit
3552 514 3600 568 ei

357 640 477 691 γον.
525 640 544 674 ι
573 621 734 681 Τίνος
769 620 955 673 ἕνεκεν
983 619 1106 682 τοὺς
1139 617 1386 688 μαθητάς
1426 615 1677 677 κωλύσας
1713 617 1792 675 εἰς
1821 613 1938 668 ὁδὸν

361 711 534 766 ἐθνῶν
574 710 870 774 ἀπελθεῖν,
907 709 1070 772 αὐτὸς
1098 709 1178 773 είς
1216 707 1392 778 Τύρον
1441 707 1534 760 καὶ
1569 704 1773 758 Σιδῶνα
1794 745 1808 769 ,
1839 703 1938 766 τὰς

359 801 586 864 ιθνικᾶις
615 802 822 867 πόλεις,
853 800 1212 870 παραγίνεται
1238 817 1252 865 ;
1287 799 1441 852 Μάθε
1479 797 1572 851 οὖν
1620 798 1702 851 ὅτι
1737 798 1832 868 οὐχ
1863 798 1938 859 ῶς

362 893 620 966 κηρύξων
648 890 810 966 ἦλθεν
845 894 982 957 ἐκεῖ,
1015 894 1139 946 ἐπεὶ
1167 891 1240 956 ὡς
1270 892 1298 944 ό
1332 890 1560 963 Μάρκος
1592 891 1750 961 φησὶ,
1778 909 1796 941 ι
1834 889 1933 943 καὶ

355 973 602 1061 ὶκρυψεν
628 987 840 1042 ἑαυτόν.
885 1005 903 1038 ι
953 986 1164 1050 Ἀλλως
1193 1003 1251 1039 τε
1273 1026 1288 1050 ,
1332 986 1452 1039 ἐπεὶ
1480 981 1586 1038 εἶδε
1619 985 1744 1047 τοὺς
1771 986 1940 1054 Φαριο

363 1083 554 1145 σαίους
602 1082 677 1152 μὴ
726 1079 1057 1150 δεξαμένους
1099 1079 1192 1134 τὸν
1238 1081 1366 1150 περὶ
1413 1078 1719 1150 βρωμάτων
1759 1077 1937 1146 λόγον,

365 1172 690 1242 μεταδαίνει
726 1173 818 1226 ἐπὶ
861 1173 931 1226 τά
971 1172 1122 1242 ἔθνη.
1181 1171 1433 1242 Ἐλέησον
1484 1171 1540 1224 δὲ
1603 1170 1786 1240 λέγει,
1821 1169 1941 1238 οὐχὶ

365 1269 469 1338 τὴν
500 1266 777 1337 θυγατέρα
819 1282 942 1337 μουο
973 1265 1153 1337 ἐκείνη
1181 1266 1290 1336 γάρ
1328 1265 1665 1336 ἀναισθητεῖ,
1698 1264 1814 1318 ἀλλ’
1843 1264 1943 1335 ἐμὲ

367 1359 466 1428 τὴν
513 1357 584 1411 τά
616 1358 765 1411 δεινά
815 1357 1128 1428 πάσχουσαν
1159 1359 1255 1412 καὶ
1285 1357 1701 1428 αἰσθανομένην.
1735 1358 1848 1411 Καὶ
1881 1357 1940 1410 ού

368 1448 539 1516 λέγει,
565 1448 736 1514 Ἑλθὲ,
763 1449 858 1502 καὶ
881 1449 1050 1516 τασαι,
1075 1449 1188 1503 ἀλλ’
1217 1449 1494 1518 Ἐλέησον.
1515 1450 1572 1500 '0
1590 1449 1644 1500 δὲ
1671 1448 1776 1502 οὐκ
1803 1450 1942 1502 ἀποο

369 1541 619 1610 κρίνεται
650 1541 789 1612 αὐτῇ
821 1541 979 1608 λόγον
1002 1581 1016 1602 ,
1041 1542 1140 1610 οὐχ
1171 1539 1245 1602 ὡς
1273 1538 1633 1611 καταφρονῶν
1651 1578 1667 1604 ,
1715 1539 1830 1592 ἀλλ’
1859 1539 1945 1594 ἵνα

367 1631 542 1704 δείξῃ,
573 1633 656 1685 ὅτι
695 1633 784 1685 διά
810 1631 938 1696 τοὺς
996 1631 1283 1694 Ἰουδαίους
1309 1627 1440 1702 ἦλθε
1482 1629 1942 1702 προηγουμένως·

371 1723 465 1774 καὶ
505 1721 758 1792 ἐμφράξῃ
804 1721 901 1784 τὰς
940 1722 1306 1790 συκοφαντίας
1348 1721 1551 1784 αὐτῶν,
1589 1720 1663 1792 μὴ
1714 1723 1946 1792 ἐχόντων

374 1809 599 1881 ὕστερον
631 1812 844 1881 λέγειν,
890 1814 974 1866 ὅτι
1009 1815 1135 1877 τοὺς
1181 1813 1434 1876 ὲθνικοὺς
1485 1815 1792 1882 εὐεργετεῖ·
1828 1815 1944 1884 ἅμα

373 1899 451 1964 δὲ,
483 1900 572 1954 ἵνα
601 1900 704 1969 ,καὶ
732 1900 832 1972 τὴν
859 1900 1118 1972 ἐπίμονον
1158 1903 1340 1957 πίστιν
1385 1904 1484 1973 τῆς
1526 1904 1784 1974 γυναικὸς
1823 1906 1946 1959 ἐπι-

371 1992 542 2064 δείξῃ.

449 2104 472 2138 ι
513 2086 626 2140 Καὶ
664 2087 1056 2158 προσελθόντες
1105 2089 1156 2143 οι
1205 2090 1447 2161 μαθηταὶ
1493 2091 1696 2158 αὐτοῦ,
1723 2093 1950 2164 ὴρῶτων

374 2177 562 2244 αὐτὸν,
584 2178 855 2246 λέγοντεςο
874 2182 1171 2236 Ἀπόλυσον
1198 2183 1386 2255 αὐτὴν,
1403 2185 1483 2238 ὅτι
1502 2184 1696 2255 κράζει
1726 2187 1951 2241 ὄπισθεν

376 2271 559 2342 ὴμῶν.
592 2271 652 2326 '0
675 2272 753 2338 δὲ,
777 2274 1100 2346 ἀποκριθεὶς
1121 2273 1295 2330 εἶπενο
1324 2279 1437 2331 Οὐκ
1461 2278 1776 2348 ἀπεστάλην
1799 2281 1847 2332 εί
1876 2280 1951 2352 μὴ

375 2364 462 2426 εἰς
491 2363 560 2416 τά
595 2363 848 2436 πρόϐατα
889 2365 958 2418 τὰ
991 2367 1311 2422 ἀπολωλότα
1340 2370 1491 2423 οἴκου
1533 2371 1770 2442 Ἰσραήλ.
1829 2391 1848 2424 ι
1891 2373 1953 2425 Ol

379 2455 626 2526 μαθηταὶ
673 2455 1038 2527 βαρυνθέντες
1092 2462 1157 2528 τῇ
1217 2464 1436 2532 κραυγῇ
1494 2462 1595 2532 τῆς
1658 2462 1952 2531 γυναικὸς,

375 2546 641 2619 ἠρώτων,
672 2549 758 2604 ῖνα
792 2551 1039 2624 ἀπολύσῃ
1071 2552 1242 2624 αὐτὴν
1262 2593 1276 2614 ,
1304 2553 1578 2617 τουτέστι,
1609 2555 1956 2625 παρεκάλουν

377 2639 816 2710 ἀποπέμψασθαι
855 2643 1048 2714 αὐτήν.
1107 2644 1279 2698 Τοῦτο
1321 2644 1378 2698 δὲ
1439 2644 1679 2709 ἐποίουν,
1726 2645 1824 2714 οὐχ
1881 2644 1957 2708 ῶς

377 2729 754 2802 ἄσπλαγχνοι,
792 2734 930 2789 ἀλλά
960 2735 1163 2804 μᾶλλον
1197 2735 1445 2798 θέλοντες
1480 2739 1664 2789 πεῖσαι
1704 2736 1797 2789 τὸν
1839 2735 1956 2789 Κύ-

383 2838 502 2890 ριον
529 2823 750 2900 ἐλεῆσαι
779 2826 971 2898 αὑτήν.
997 2827 1061 2880 '0
1082 2827 1162 2880 δέ’
1192 2827 1308 2880 Οὐκ
1336 2827 1672 2897 ἀπεστάλην,
1697 2825 1880 2898 φησὶν,
1909 2829 1958 2881 εί

383 2913 464 2983 μὴ
492 2915 574 2977 είς
602 2917 730 2979 τοὺς
771 2918 1074 2981 Ἰουδαίους,
1114 2919 1164 2972 οῖ
1207 2918 1524 2974 ἀπολωλότα
1550 2921 1656 2973 εἰσὶ
1687 2919 1956 2990 πρόϐατα,

381 3006 493 3058 ἀπὸ
520 3007 720 3071 κακίας
760 3008 870 3062 τῶν
899 3010 1372 3080 ὲμπιστευθέντων
1409 3011 1566 3065 αὑτά.
1601 3011 1700 3065 Διά
1743 3011 1800 3064 δὲ
1833 3011 1959 3065 τού-

384 3116 496 3152 των
527 3099 846 3170 δημοσιεύει
879 3103 977 3174 τὴν
1015 3103 1197 3157 πίστιν
1233 3105 1332 3174 τῆς
1363 3104 1622 3174 γυναικὸς
1654 3104 1748 3158 ἐπὶ
1777 3105 1957 3160 πλέον.

2043 610 2282 664 verbum.
2323 628 2344 661 ι
2381 609 2558 675 Quare
2599 608 2888 678 discipulos
2928 610 3202 680 prohibuit
3251 607 3331 662 ire
3377 607 3432 660 in
3466 605 3606 657 viam

2039 703 2300 774 gentium,
2342 702 2452 771 ipse
2481 710 2656 756 autem
2688 701 2741 753 in
2773 701 2972 771 Tyrum
3019 709 3076 755 et
3116 699 3396 762 Sidonem,
3428 697 3605 767 genti-

2040 791 2168 847 lium
2203 791 2472 854 civitates,
2498 789 2632 844 ivit?
2657 791 2810 845 Disce
2841 790 3004 858 igitur
3027 789 3170 860 quod
3195 803 3299 842 non
3332 798 3389 841 nt
3415 786 3610 857 praedi-

2041 893 2257 939 caturus
2285 884 2378 938 ivit
2404 883 2550 949 illnc,
2583 883 2709 952 quia
2738 881 3046 952 (utllarcus
3071 881 3223 946 dicit)
3246 899 3265 932 ι
3290 889 3345 934 et
3374 878 3611 933 occulta-

2042 976 2118 1030 vit
2149 989 2228 1030 se.
2263 994 2281 1026 ι
2309 974 2402 1030 Vel
2441 974 2596 1030 aliter
2618 975 2698 1030 sic
2727 993 2741 1029 :
2774 973 2902 1044 quia
2935 973 3068 1028 vidit
3121 972 3422 1027 Pbarismos
3471 969 3612 1023 nolle

2042 1067 2314 1138 suscipere
2343 1081 2648 1122 sermonem
2667 1066 2733 1121 de
2755 1066 3047 1137 80‘cibis,
3085 1065 3276 1120 transit
3299 1064 3371 1118 ad
3393 1073 3604 1133 gentes.

2045 1161 2300 1216 Miserere
2344 1170 2545 1223 autem,
2593 1159 2724 1213 dicit
2773 1174 2878 1212 non
2946 1159 3067 1212 filia:
3123 1171 3275 1220 mere,
3333 1155 3418 1208 illa
3468 1153 3610 1209 enim

2044 1266 2205 1307 sensu
2264 1259 2434 1315 caret,
2478 1249 2570 1304 sed
2607 1250 2734 1314 mei,
2775 1265 2896 1319 qua:
2947 1258 3056 1303 tam
3121 1247 3302 1317 gravia
3363 1246 3538 1314 patior
3563 1253 3617 1298 et

2045 1343 2236 1398 sentio.
2275 1340 2385 1395 Nec
2408 1339 2562 1405 dicit,
2595 1338 2752 1404 Veni,
2805 1350 2858 1394 et
2885 1355 3038 1407 sana,
3073 1339 3191 1403 sed,
3231 1337 3510 1392 Miserere.
3553 1336 3619 1388 At

2046 1436 2134 1491 ille
2166 1451 2272 1490 non
2305 1434 2582 1505 respondit
2607 1434 2657 1488 ei
2695 1435 2937 1500 verbum,
2970 1449 3076 1487 non
3108 1433 3247 1501 quod
3277 1438 3611 1490 contemnat,

2046 1528 2137 1584 sed
2163 1537 2220 1582 ut
2253 1528 2499 1583 ostendat
2529 1527 2672 1598 quod
2723 1535 2942 1596 propter
2972 1523 3186 1581 Iudaeos
3239 1523 3490 1594 inprimis
3526 1536 3614 1575 ve-

2047 1620 2185 1675 nerit
2212 1637 2226 1674 :
2256 1628 2310 1675 et
2344 1627 2402 1674 ut
2425 1618 2670 1674 occludat
2705 1617 3004 1673 calumnias
3059 1631 3272 1679 eorum,
3315 1629 3382 1668 nc
3406 1613 3614 1683 possint

2047 1721 2229 1782 postea
2263 1711 2442 1766 dicere
2470 1710 2612 1782 quod
2645 1707 2936 1780 gentilibus
2953 1705 3302 1772 benefecerit,
3321 1705 3453 1775 ipsis
3481 1718 3614 1758 con-

2051 1803 2301 1872 temptis;
2338 1804 2403 1857 ad
2434 1803 2566 1865 haec,
2611 1809 2670 1856 ut
2697 1802 2857 1857 etiam
2888 1801 3098 1856 firmam
3152 1797 3395 1853 mulieris
3452 1796 3612 1852 fidem

2051 1895 2388 1952 manifestam
2415 1894 2622 1951 reddat.

2126 2084 2289 2146 νειμ,
2320 2081 2510 2150 23,94.
2544 2100 2562 2134 ‹
2599 2080 2665 2136 Ει
2695 2080 3014 2136 accedentes
3049 2076 3292 2149 discipuli
3322 2076 3437 2145 ejus
3469 2087 3626 2144 roga-

2053 2175 2182 2228 bant
2205 2174 2372 2240 illum,
2423 2175 2714 2229 dicentes:
2766 2171 2966 2227 Omitte
3025 2171 3192 2237 illam,
3249 2183 3373 2223 nam
3430 2165 3628 2221 clamat

2054 2275 2176 2336 post
2194 2280 2316 2321 nos.
2351 2265 2421 2321 At
2446 2264 2535 2320 ille
2565 2265 2899 2334 respondens
2933 2262 3100 2318 dixit:
3141 2261 3256 2316 Non
3282 2275 3400 2315 sum
3419 2261 3629 2312 'missus

2057 2358 2161 2413 nisi
2188 2358 2254 2413 ad
2287 2373 2418 2413 oves
2443 2373 2562 2428 qua:
2585 2358 2860 2427 perierunt
2883 2358 3076 2412 domus
3096 2355 3280 2412 Israel.
3317 2373 3335 2406 ι
3373 2353 3628 2422 Discipuli

2058 2451 2324 2522 gravatim
2375 2450 2612 2507 ferentes
2667 2450 2958 2504 clamorem
3022 2449 3284 2514 mulieris,
3317 2448 3624 2516 rogabant:

2057 2544 2279 2600 Dimitte
2301 2559 2446 2608 eam,
2473 2546 2575 2599 hoc
2600 2553 2704 2608 est,
2755 2542 3117 2598 obsecrabant
3152 2551 3209 2596 ut
3259 2541 3536 2611 ablegaret
3570 2539 3632 2592 il-

2058 2634 2162 2688 lam
2201 2651 2230 2689 a
2275 2651 2354 2691 se.
2397 2634 2509 2689 lloc
2549 2645 2726 2689 autem
2759 2633 3038 2689 faciebant
3073 2647 3175 2687 non
3244 2642 3494 2700 tanquam
3528 2630 3630 2683 im-

2059 2727 2460 2792 misericordes,
2493 2728 2586 2784 sed
2622 2728 2792 2798 magis
2821 2725 3064 2782 volentes
3093 2728 3421 2796 persuadere
3455 2723 3634 2778 Domi-

2059 2837 2131 2877 no
2165 2831 2223 2876 ut
2254 2821 2600 2876 misereretur
2631 2820 2702 2874 ei.
2736 2821 2802 2873 At
2833 2819 2920 2874 ille
2950 2818 3123 2887 inquit
3157 2835 3170 2874 :
3205 2817 3321 2872 Non
3353 2833 3473 2872 sum
3503 2817 3633 2869 mis-

2061 2931 2155 2971 sus
2175 2915 2275 2969 nisi
2308 2914 2373 2968 ad
2413 2913 2650 2978 Iudaeos,
2684 2913 2776 2984 qui
2829 2921 2955 2968 sunt
2987 2927 3116 2968 oves
3158 2912 3378 2981 perditae
3404 2925 3499 2978 per
3529 2925 3632 2965 eo-

2063 3020 2184 3060 rum
2218 3004 2502 3068 malitiam,
2543 3005 2738 3073 quibus
2773 3000 2990 3057 fuerant
3021 3000 3372 3056 eoncreditze.
3399 2998 3504 3054 Per
3536 3001 3637 3054 hoc

2066 3106 2243 3152 autem
2271 3097 2500 3164 amplius
2522 3095 2737 3164 evulgat
2765 3096 2922 3150 fidem
2947 3093 3209 3150 mulieris.

465 3210 484 3242 σ
535 3191 602 3246 Ἦ
646 3194 725 3258 δὲ,
763 3193 993 3249 ἐλθοῦσα
1031 3197 1442 3268 προσεκύνησεν
1476 3197 1652 3267 αύτῷ,
1689 3197 1956 3265 λέγουσα,

2143 3189 2300 3246 Vens.
2329 3189 2422 3257 9.5,
2447 3188 2537 3244 27.
2572 3206 2590 3239 ι
2628 3188 2721 3243 [lla
2771 3203 2897 3244 vero
2927 3188 3074 3243 venit
3105 3195 3159 3241 et
3217 3184 3462 3239 adoravit
3489 3185 3634 3238 illum

389 3282 588 3355 Κύριε,
622 3284 806 3358 βοήθει
829 3305 941 3358 μοι.
983 3287 1041 3340 '0
1062 3288 1138 3353 δὲ,
1167 3289 1486 3360 ἀποκριθεὶς
1509 3285 1684 3342 εἶπεν
1707 3290 1820 3343 Οὐκ
1841 3288 1956 3341 ἐστι

388 3375 554 3428 καλὸν
587 3376 771 3430 λαϐεῖν
799 3379 890 3432 τὸν
915 3379 1079 3450 ἄρτον
1110 3379 1220 3432 τῶν
1252 3380 1479 3444 τέκνων,
1517 3382 1610 3434 καὶ
1639 3379 1819 3451 βαλεῖν
1845 3382 1958 3444 τοῖς

387 3466 688 3537 κυναρίοις.
725 3467 790 3520 Ἦ
814 3467 871 3520 δὲ
896 3463 1038 3523 εῐπε’
1069 3467 1197 3534 Ναὶ,
1223 3469 1419 3540 Κύριε’
1443 3471 1539 3524 καὶ
1567 3471 1676 3541 γὰρ
1701 3471 1768 3525 τὰ
1796 3470 1961 3525 κυνά-

391 3574 485 3630 ρια
518 3557 690 3610 ἐσθίει
725 3559 832 3612 ἀπὸ
860 3559 968 3612 τῶν
1007 3560 1204 3631 ψιχίων
1243 3561 1351 3616 τῶν
1382 3562 1692 3619 πιπτόντων
1723 3567 1830 3620 ἀπὸ
1863 3568 1962 3637 τῆς

390 3649 671 3720 τραπέζης
711 3650 819 3704 τῶν
858 3652 1062 3722 κυρίων
1093 3653 1292 3707 αὐτῶν.
1323 3673 1344 3707 ι
1399 3654 1552 3708 Ἐπεὶ
1579 3650 1718 3710 εἶδεν
1751 3658 1783 3728 ἡ
1825 3657 1964 3730 γυνὴ

390 3742 516 3804 τοὺς
541 3742 878 3813 συνηγόρους
903 3744 1074 3814 αὐτῆς
1132 3745 1255 3809 τοὺς
1283 3746 1636 3813 ἀποστόλους,
1667 3749 1965 3820 ἀποτυχόν-

393 3849 513 3898 τας,
558 3831 724 3885 πάλιν
756 3833 1006 3902 πρόσεισι
1040 3834 1281 3906 θερμῶς,
1315 3836 1411 3890 καὶ
1443 3837 1646 3908 Κύριον
1677 3840 1963 3898 ἀποκαλεῖ.

408 3925 562 3978 Ἐπεὶ
584 3925 643 3978 δὲ
671 3926 699 3977 ό
720 3925 954 3996 Χριστὸς
981 3925 1119 3980 κύνα
1140 3927 1310 3994 αὐτὴν
1331 3929 1620 3996 ἀποκαλεῖ,
1647 3930 1736 3984 διὰ
1760 3931 1821 3985 τὸ
1841 3933 1966 3996 τοὺς

395 4016 642 4079 ὲθνικοὺς
659 4016 969 4087 ἀκάθαρτον
987 4017 1100 4087 βίον
1123 4017 1267 4088 ἔχειν
1293 4020 1526 4091 καὶπερὶ
1548 4020 1617 4074 τά
1636 4022 1846 4092 αἵματα
1860 4023 1966 4078 τῶν

395 4107 762 4161 εἰδωλοθύτων
777 4109 1236 4180 ἀναστρέφεσθαι,
1251 4110 1417 4164 τέκνα
1433 4109 1490 4164 δὲ
1505 4113 1631 4176 τοὺς
1661 4111 1966 4182 Ἰουδαίους,

396 4201 584 4269 ἐκείνη
643 4200 884 4264 συνετῶς
942 4201 1297 4271 ἀποκρίνεται
1329 4203 1425 4256 καὶ
1464 4203 1608 4274 μάλα
1654 4205 1852 4274 σοφῶς,
1885 4206 1968 4259 ὅτι

398 4294 460 4346 ΕΞ
490 4295 582 4346 καὶ
616 4292 764 4346 κύων
793 4293 908 4364 εἰμὶ
939 4293 1032 4346 καὶ
1062 4293 1162 4348 οὐκ
1201 4291 1329 4356 ἀξία
1355 4293 1517 4362 ἀρτον
1557 4294 1743 4348 λαϐεῖν
1770 4337 1783 4358 ,
1814 4312 1969 4348 τουτ-

397 4385 535 4449 ἐστι,
585 4383 816 4455 δύναμίν
859 4401 981 4451 τινα
1009 4386 1100 4438 καὶ
1120 4386 1262 4455 μέγα
1289 4390 1536 4455 σημεῖονθ
1560 4385 1674 4439 ἀλλ’
1696 4383 1788 4441 οὖν
1813 4387 1970 4440 τοῦτο

396 4477 457 4530 τὸ
493 4477 691 4548 μικρὸν
729 4476 828 4546 μὲν
869 4477 944 4540 ὡς
997 4477 1134 4548 πρὸς
1166 4477 1396 4548 τὴνσὴν
1444 4476 1706 4548 δύναμιν,
1741 4479 1866 4550 ἐμοὶ
1912 4479 1968 4532 δὲ

2060 3284 2280 3341 dicens':
2310 3283 2554 3347 Domine,
2581 3296 2834 3337 succurre
2855 3281 3010 3336 mibi.
3037 3282 3105 3334 At
3128 3279 3216 3334 ille
3249 3278 3543 3350 respondit,
3577 3292 3640 3331 ac

2061 3376 2230 3432 dixit:
2259 3376 2374 3431 Non
2402 3385 2484 3432 est
2513 3375 2710 3430 bonum
2733 3361 2945 3430 sumere
2973 3389 3162 3444 panem
3190 3374 3442 3436 filiorum,
3473 3380 3523 3428 et
3550 3371 3640 3424 ob.

2058 3469 2227 3540 jieere
2281 3468 2507 3523 catellis.
2559 3465 2648 3521 llla
2693 3476 2874 3523 autem
2912 3451 3047 3521 dixit
3084 3483 3098 3520 :
3131 3466 3330 3532 Etiam,
3387 3465 3635 3520 Domine.

2063 3559 2273 3614 Etenim
2304 3558 2478 3614 catelli
2501 3559 2794 3614 comedunt
2833 3559 2899 3615 de
2943 3559 3096 3614 micis
3152 3573 3274 3629 qua:
3325 3558 3524 3612 cadunt
3572 3557 3638 3609 de

2065 3666 2248 3708 mensa
2282 3652 2626 3707 dominorum
2661 3667 2900 3706 suorum.
2945 3671 2963 3703 ι
3027 3652 3320 3719 Postquam
3353 3651 3484 3703 vidit
3513 3665 3636 3703 mu-

2069 3747 2167 3804 lier
2195 3757 2452 3818 patronos
2509 3763 2634 3804 suos
2682 3748 2949 3817 repulsam
2992 3763 3202 3818 passos,
3231 3747 3423 3802 iterum
3453 3746 3638 3800 Domi-

2069 3853 2196 3894 num
2250 3838 2524 3893 ferventer
2573 3838 2800 3902 accedit,
2833 3845 2886 3892 et
2943 3838 3161 3893 invocat
3209 3844 3267 3892 ut
3329 3836 3637 3890 Dominum.

2069 3930 2206 3995 Quia
2239 3937 2418 3983 autem
2489 3927 2738 3982 Christus
2805 3943 2995 3983 canem
3061 3927 3202 3981 illam
3281 3927 3522 3990 dixerat,
3575 3939 3640 3980 eo

2070 4018 2214 4090 quod
2245 4018 2472 4089 gentiles
2499 4018 2765 4088 impuram
2809 4028 3031 4088 agerent
3069 4019 3257 4083 vitam,
3323 4027 3377 4095 et
3428 4021 3479 4073 in
3519 4033 3643 4072 san-

2071 4111 2230 4180 guine
2255 4108 2412 4164 idolis
2452 4107 2847 4163 immolatorum
2899 4117 3269 4171 versarentur,
3336 4107 3473 4162 filios
3512 4123 3640 4162 vero

2070 4202 2332 4258 Judaeos:
2391 4199 2480 4256 illa
2529 4200 2680 4256 valde
2715 4199 2983 4269 sapienter
3010 4208 3066 4254 et
3120 4213 3314 4268 magno
3373 4199 3640 4254 intellectu

2074 4293 2353 4364 reSpondit
2384 4292 2684 4360 :Quamvis
2713 4300 2766 4346 et
2817 4291 2966 4346 canis
3012 4292 3135 4356 sim,
3167 4301 3223 4345 et
3282 4290 3498 4354 indigna
3525 4305 3645 4359 qua:

2075 4401 2266 4456 panem
2290 4386 2578 4456 accipiam,
2608 4386 2709 4442 hoc
2737 4395 2843 4451 est,
2871 4384 3146 4448 virtutem,
3187 4393 3239 4439 et
3263 4385 3471 4452 signum
3526 4401 3646 4436 ma-

2080 4492 2288 4546 gnum:
2331 4477 2425 4532 sed
2457 4476 2560 4531 hoc
2585 4491 2804 4545 parvum
2856 4477 3021 4546 quid,
3062 4485 3318 4546 quantum
3374 4476 3440 4530 ad
3480 4476 3646 4528 virtu-

401 4544 564 4638 μέγα,
594 4544 704 4631 δός⁸
732 4544 926 4639 ῶσπερ
952 4544 1170 4631 καὶντάς
1193 4544 1382 4638 ψίχας,
1415 4568 1465 4620 οἱ
1497 4544 1597 4638 μὲν
1622 4570 1745 4633 τοὺς
1769 4544 1956 4642 ἀρτους

2074 4544 2180 4623 tem
2217 4578 2360 4624 tuam
2394 4544 2614 4634 attinet,
2656 4569 2788 4623 mihi
2824 4544 3002 4624 autem
3051 4544 3300 4639 magnum
3343 4567 3526 4628 fuerit.
3554 4567 3642 4626 da.

398 4656 672 4719 ἐσθίοντες
710 4657 769 4709 ού
803 4657 946 4728 μέγα
971 4673 1025 4710 τι
1055 4657 1290 4727 ἔχουσιν,
1327 4657 1374 4708 οἱ
1402 4656 1458 4710 δὲ
1495 4656 1654 4721 κύνες
1681 4658 1844 4729 μέγα,
1874 4659 1969 4712 καὶ

395 4749 467 4800 ἐκ
502 4749 708 4801 τούτων
747 4747 1054 4820 τρέφονται.

476 4855 495 4889 ι
525 4838 659 4891 Τότε
683 4839 1004 4910 ἀποκριθεὶς
1031 4841 1058 4893 ὁ
1090 4841 1316 4911 Ἰησοῦς,
1342 4834 1495 4895 εἶπεν
1521 4841 1677 4912 αύτῇο
1704 4837 1773 4894 Ὦ
1790 4841 1970 4911 γύναι,

401 4929 615 5001 μεγάλη
644 4948 739 4984 σου
774 4933 807 5001 ἡ
846 4931 1060 4995 πίστις,
1091 4933 1373 5001 γενηθήτω
1415 4951 1496 4985 σοι
1527 4933 1602 4996 ῶς
1633 4932 1804 4994 θέλεις
1828 4948 1839 4962 ·
1880 4932 1973 4985 καὶ

400 5023 526 5095 ἰάθη
549 5024 582 5094 ἡ
612 5023 862 5094 θυγάτηρ
890 5023 1062 5093 αὐτῆς
1089 5025 1196 5077 ἀπὸ
1216 5026 1314 5095 τῆς
1340 5024 1487 5094 ὥρας
1509 5025 1744 5094 ἐκείνης.
1780 5023 1972 5091 Ἐφαν-

397 5115 574 5184 έρωσε
625 5114 720 5169 νῦν
760 5116 788 5168 ό
833 5115 1038 5186 Ἰησοῦς
1081 5117 1181 5186 τὴν
1211 5116 1389 5171 αἰτίαν
1421 5115 1488 5168 δι’
1534 5116 1601 5185 ἢν
1653 5115 1974 5180 ἀνεϐάλλετο

398 5207 500 5278 τὴν
538 5206 835 5278 θεραπείαν
865 5207 925 5272 ἐξ
965 5208 1136 5279 ἀρχῆς
1164 5225 1177 5238 ⁸
1212 5209 1300 5262 ἵνα
1347 5207 1456 5279 γὰρ
1500 5209 1533 5277 ἡ
1574 5207 1755 5270 πίστις
1805 5207 1900 5260 καὶ
1939 5209 1973 5277 ἡ

401 5297 620 5362 σύνεσις
654 5298 756 5368 τῆς
787 5299 1045 5368 γυναικὸς
1073 5301 1344 5370 ἀναφανῇ,
1375 5299 1465 5353 διά
1500 5298 1660 5352 τοῦτο
1685 5297 1787 5352 οὐκ
1810 5298 1973 5362 εὐθὺς

401 5388 466 5454 ἐξ
492 5391 667 5462 ἀρχῆς
693 5391 1017 5445 κατένευσεν
1049 5393 1077 5445 ὁ
1114 5391 1346 5462 Χριστὸς
1369 5432 1383 5454 ,
1417 5391 1554 5444 ἀλλά
1593 5396 1690 5444 καὶ
1720 5391 1976 5459 ἀποπέμ-

405 5497 568 5533 πεται
603 5481 821 5550 μᾶλλον.
847 5481 959 5534 Νῦν
984 5483 1041 5536 δὲ
1070 5485 1194 5536 ἐπεὶ
1217 5482 1555 5552 ἐξεκαλύφθη
1586 5485 1617 5553 ἡ
1645 5482 1828 5546 πίστις
1860 5483 1972 5556 (22)

398 5571 602 5642 αὐτῆς,
667 5574 1002 5638 ἐπαινεῖται,
1061 5576 1362 5630 ἀκουουσαο
1426 5594 1444 5626 ι
1504 5574 1730 5644 Μεγάλη
1789 5593 1881 5628 σου
1939 5579 1979 5647 ἡ,

2072 4661 2213 4715 sicut
2239 4669 2292 4714 et
2321 4661 2412 4729 qui
2441 4675 2609 4730 panes
2637 4663 2948 4724 comedunt,
2982 4676 3084 4716 non
3145 4661 3320 4730 magni
3353 4659 3563 4713 faciunt
3599 4660 3643 4713 si

2075 4752 2244 4806 micas
2278 4751 2406 4806 dent
2438 4770 2452 4806 :
2490 4767 2654 4807 canes
2676 4763 2852 4807 autem
2882 4754 3021 4809 bene
3041 4769 3105 4808 ex
3135 4753 3219 4808 bis
3259 4762 3569 4821 pascuntur.

2150 4843 2311 4898 Vens.
2335 4845 2428 4899 28.
2467 4864 2484 4896 ι
2523 4843 2675 4909 Tune
2724 4845 3056 4912 respondens
3091 4843 3248 4899 Jesus
3278 4844 3415 4898 dixit
3449 4843 3522 4896 illi
3557 4859 3570 4896 :
3601 4842 3645 4897 Ο

2080 4935 2294 5000 mulier,
2327 4951 2516 5005 magna
2541 4945 2625 4990 est
2675 4936 2806 4990 fides
2834 4944 2944 5000 tua,
2997 4937 3088 4989 fiat
3115 4936 3206 4988 tibi
3239 4935 3382 4988 sicut
3443 4936 3544 4989 vis.
3581 4937 3645 4989 Et

2079 5035 2264 5079 sanata
2303 5035 2386 5080 est
2421 5027 2528 5080 filia
2559 5026 2674 5094 eius
2701 5042 2764 5081 ex
2789 5027 2877 5080 illa
2909 5027 3060 5080 liora.
3097 5043 3116 5075 ι
3157 5025 3305 5079 Nunc
3341 5026 3648 5080 manifestat

2077 5115 2233 5172 Jesus
2257 5133 2476 5172 causam
2526 5128 2746 5188 prepter
2787 5134 2946 5188 quam
2999 5117 3334 5172 sanationem
3384 5121 3452 5172 ab
3484 5119 3639 5173 initio

2081 5209 2373 5272 distulerit,
2409 5225 2597 5280 nempe
2633 5219 2692 5264 ut
2720 5210 2852 5264 fides
2879 5217 2932 5262 et
2961 5208 3241 5277 prudentia
3271 5209 3513 5265 mulieris
3536 5212 3644 5265 cla-

2084 5310 2279 5356 rescat.
2319 5302 2609 5370 PrOpterea
2635 5316 2738 5356 non
2765 5301 2946 5355 statim
2969 5300 3034 5354 ab
3067 5301 3219 5355 initio
3245 5303 3440 5356 annuit
3489 5302 3646 5357 Chri-

2080 5406 2219 5459 ειυς,
2253 5395 2346 5450 sed
2379 5395 2551 5465 magis
2583 5394 2725 5448 illam
2760 5409 2788 5446 a
2818 5408 2876 5448 se
2915 5393 3259 5449 amandavit:
3295 5409 3439 5450 nunc
3465 5405 3644 5449 autem

2078 5487 2512 5556 quandoquidem
2573 5487 2687 5556 ejus
2731 5486 2863 5540 fides
2917 5485 3255 5540 manifestata
3304 5495 3408 5550 est,
3470 5487 3643 5540 laudat

2073 5593 2226 5633 eam:
2270 5596 2288 5629 ι
2314 5577 2503 5649 Magna
2525 5586 2608 5634 est
2638 5577 2772 5634 fides
2796 5587 2905 5634 tua.
2933 5596 2950 5628 ι
2978 5577 3090 5634 Hoc
3119 5588 3300 5633 autem
3323 5580 3462 5647 quod
3489 5579 3640 5638 ιιίεῑι,

1343 5715 1424 5771 Ex
1459 5713 1804 5775 collatione
1844 5714 2026 5777 codd.
2069 5717 2295 5776 Venet.
2339 5716 2400 5776 S.
2439 5714 2656 5776 Marci.

439 5784 550 5850 (2'2)
589 5785 696 5840 Καὶ
726 5790 756 5859 ἡ
789 5791 1001 5857 sivest;
1032 5795 1154 5850 add.
1193 5797 1348 5853 codd.
1379 5797 1466 5856 29.
