4078 6464
385 370 486 440 311

1309 383 1896 448 THEOPHYLACTI
1938 393 2345 456 BULGARIE
2389 399 2748 463 ARCHIEP.

3527 407 3635 476 312

390 487 508 544 Fiat
552 486 648 543 tibi
708 489 848 545 sicut
897 490 999 558 vis,
1053 493 1290 550 ostendit
1333 497 1475 564 quod
1508 498 1609 552 nisi
1658 499 1816 555 ﬁdem
1865 501 1928 554 ha

2064 506 2268 571 πίστις’
2308 527 2327 561 ι
2356 509 2418 564 τὸ
2437 509 2514 577 δὲ,
2539 514 2827 586 Γενηθήτω
2847 533 2927 569 σοι
2958 515 3033 581 ῶς
3063 517 3260 586 θέλεις,
3281 520 3470 587 εἰπὼν,
3500 524 3637 579 ἔδει.

383 581 607 646 huisset,
641 580 770 636 nihil
805 580 1004 638 fuisset
1051 595 1319 641 assecuta.
1368 587 1547 659 Atque
1578 591 1650 644 ita
1703 591 1748 646 si
1777 591 1959 648 volue-

386 673 555 727 rimus
582 680 636 726 et
669 688 785 736 nos,
823 674 954 728 nihil
985 685 1129 731 velat
1158 687 1210 732 et
1241 693 1338 733 nos
1365 681 1582 750 assequi
1623 697 1745 750 quae
1777 684 1958 737 volueo

385 762 576 817 rimus.
609 765 844 819 Observa
876 776 1053 821 autem
1099 770 1242 837 quod
1270 769 1396 824 licet
1443 773 1616 827 sancti
1665 782 1821 828 arent
1861 793 1957 846 pro

384 854 562 920 nobis,
596 856 738 910 sicut
768 871 863 926 pro
907 857 993 912 illa
1039 860 1290 928 apostoli,
1321 871 1553 917 attamen
1589 880 1688 919 nos
1718 881 1814 935 pro
1858 882 1953 922 no.

381 946 462 1001 bis
499 947 628 1016 ipsis
662 956 909 1015 petentes
938 952 1108 1020 magis
1155 953 1426 1007 audimur.
1479 953 1573 1008 Est
1597 963 1778 1010 autem
1813 957 1954 1011 Chaa

380 1053 564 1093 nanaea
626 1041 924 1111 symbolum
987 1044 1241 1100 Ecclesiae
1302 1060 1332 1100 e
1375 1048 1627 1116 gentibus
1687 1050 1946 1106 collectae.

377 1131 483 1199 81
510 1130 643 1186 Nam
671 1142 724 1186 et
746 1143 934 1202 gentes
965 1136 1117 1204 prius
1158 1137 1386 1207 repulsa:
1448 1138 1689 1205 fuerunt,
1718 1151 1771 1196 ct
1803 1152 1949 1212 post-

377 1237 440 1276 ea
475 1226 527 1277 in
561 1225 796 1280 ﬁliorum
836 1228 1080 1282 ordinem
1139 1239 1409 1300 provectae
1451 1232 1805 1289 obtinuerunt
1855 1249 1950 1305 pa-

379 1327 522 1379 nem,
564 1330 780 1387 corpus,
833 1317 1076 1388 inquam,
1126 1322 1360 1380 Domini.
1410 1323 1580 1380 Judaei
1621 1336 1802 1382 autem
1861 1343 1950 1382 ca-

379 1422 473 1462 nes
500 1407 646 1476 facti,
714 1426 780 1465 ex
839 1396 996 1468 micis
1057 1412 1310 1471 videntur
1343 1419 1512 1487 pasci,
1553 1420 1657 1475 hoc
1683 1431 1787 1486 est,
1825 1437 1948 1493 par-

376 1500 540 1555 vitate
562 1509 616 1556 et
646 1502 854 1560 vilitate
891 1505 1103 1562 litterae.
1140 1507 1422 1578 Signiﬁcat
1454 1512 1596 1566 enim
1653 1512 1826 1584 Tyrus
1857 1531 1948 1570 co-

373 1591 713 1660 hibitionem,
771 1595 939 1652 Sidon
999 1607 1178 1654 autem
1229 1609 1486 1656 venantes
1546 1621 1558 1657 :
1616 1603 1943 1672 Chananaaa,

372 1695 669 1753 prteparata
723 1687 1112 1748 humiliationi.
1139 1690 1380 1748 Gentiles
1425 1693 1590 1764 igitur
1615 1697 1705 1765 qui
1737 1697 1944 1752 malitia

372 1775 716 1843 tenebantur,
775 1779 918 1836 inter
977 1787 1114 1851 quos
1161 1782 1380 1838 fuerunt
1416 1794 1704 1841 venatores
1733 1787 1942 1841 anima-

2062 596 2150 660 ξεν
2181 600 2264 654 ὅτι
2294 601 2391 654 ἐὰν
2442 603 2518 674 μὴ
2558 605 2744 658 πίστιν
2789 602 2956 677 εἶχεν,
2983 608 3097 662 οὐκ
3123 610 3189 664 ἃν
3222 611 3381 680 ἔτυχε
3415 614 3512 683 τῆς
3552 618 3639 670 αί-

2059 689 2294 757 τήσεωςο
2324 690 2465 746 ὥστε
2501 693 2598 747 ἐὰν
2631 694 2875 766 θέλωμεν
2911 700 3006 751 καὶ
3040 701 3223 768 ἡμεῖς,
3255 702 3408 755 οὐδὲν
3431 705 3492 756 τὸ
3527 722 3640 757 κω-

2059 779 2183 833 λὺον
2213 785 2397 852 τυχεῖν
2424 778 2498 837 ὧν
2529 784 2774 857 θέλομεν.
2804 788 3121 858 Σημείωσαι
3154 791 3211 844 δὲ
3240 792 3322 846 ὅτι
3353 795 3634 862 κᾶνοᾶγιοι

2057 868 2282 922 αἰτῶσιν
2315 870 2452 941 ὑπὲρ
2480 873 2657 944 ἡμῶν,
2685 875 2874 947 ὥσπερ
2911 878 3050 948 ὑπὲρ
3075 879 3290 950 ἐκείνης
3323 883 3373 934 ot
3400 884 3636 938 ἀπόστο-

2056 960 2158 1022 λοι,
2205 962 2324 1015 axx
2356 963 2448 1017 οὖν
2493 967 2650 1036 ἡμεῖς
2689 968 2829 1038 ὑπὲρ
2872 969 3084 1022 ἑαυτῶν
3119 971 3416 1038 αἰτοῦντες,
3470 975 3638 1028 πλέον

2055 1054 2312 1122 ἀνύομεν.
2343 1056 2620 1126 Σύμϐολον
2651 1059 2708 1114 δὲ
2731 1062 2765 1130 ή
2800 1062 3082 1116 Χαναναία
3127 1065 3222 1117 καὶ
3248 1066 3346 1135 τῆς
3377 1066 3435 1132 ἐξ
3463 1067 3637 1120 ἐθνῶν

2067 1145 2414 1218 Ἐκκλησίας.
2443 1151 2553 1204 Καὶ
2587 1152 2696 1223 γὰρ
2722 1154 2815 1207 καὶ
2850 1154 2920 1208 τὰ
2945 1154 3073 1225 ἔθνη
3108 1155 3409 1226 ἀπωσμένα
3437 1160 3638 1228 πρότε-

2055 1253 2168 1308 ρον,
2200 1238 2432 1308 ὕστερον
2464 1245 2544 1306 είς
2569 1243 2666 1314 τὴν
2691 1245 2798 1298 τῶν
2838 1246 2968 1300 υίῶν
2989 1247 3143 1312 τάξιν
3171 1249 3634 1318 ἀνεϐιϐάσθησαν,

2051 1331 2269 1386 καὶτοῦ
2299 1332 2468 1404 ἄρτου
2519 1337 2866 1408 ἠξιώθησαν,
2911 1340 3006 1394 τοῦ
3047 1339 3300 1410 σώματος
3343 1343 3486 1410 λέγω
3534 1345 3633 1396 τοῦ

2051 1420 2279 1490 Κυρίου.
2314 1425 2379 1477 Οί
2410 1425 2466 1478 δὲ
2510 1427 2775 1491 Ἰουδαῖοι,
2807 1429 2967 1494 κύνες
2994 1431 3244 1499 ἐγίνοντο
3264 1473 3277 1495 ,
3309 1435 3372 1486 ἐκ
3400 1434 3511 1487 τῶν
3543 1435 3636 1503 ψι-

2049 1509 2181 1578 χίων
2206 1511 2491 1577 δοκοῦντες
2517 1516 2832 1587 τρέφεσθαι,
2867 1520 3137 1584 τουτέστι,
3162 1521 3271 1574 τῶν
3301 1522 3512 1594 μικρῶν
3536 1525 3636 1576 καὶ

2048 1601 2281 1656 εὐτελῶν
2301 1604 2395 1656 τοῦ
2427 1608 2776 1677 γράμματος.
2805 1610 3072 1680 Σημαίνει
3099 1613 3209 1684 δὲη
3236 1614 3436 1682 Τύρος,
3469 1630 3634 1668 συνο-

2048 1695 2168 1768 χὴν·
2191 1697 2223 1766 ὴ
2243 1697 2299 1750 δέ
2319 1697 2508 1765 Σιδὼν,
2531 1700 2830 1772 θηρῶντες.
2854 1704 3138 1758 Χαναναία
3152 1705 3230 1771 δὲ,
3250 1706 3633 1777 ἡτοιμασμένη

2047 1787 2112 1856 τῇ
2136 1787 2482 1843 ταπεινώσει’
2507 1791 2556 1844 oi
2580 1791 2714 1859 γοῦν
2739 1793 3090 1863 συνεχόμενοι
3119 1798 3185 1864 τῇ
3213 1797 3380 1867 κακίᾳ
3405 1796 3630 1861 ἐθνικοὶ,

369 1879 488 1920 rum
541 1868 836 1935 daemones,
885 1872 1184 1929 humilitate
1243 1887 1370 1931 sunt
1440 1881 1745 1948 preparati.
1796 1878 1933 1937 Justi

2044 1850 2211 1942 Evicit;
2249 1874 2390 1952 ἦσαν
2418 1884 2466 1935 οί
2501 1850 2778 1954 θηρῶντες
2817 1850 2914 1949 τόἷς
2937 1850 3124 1956 ,ψυχὰς
3153 1850 3442 1956 δαίμονες,
3475 1850 3626 1942 οὗτοί

369 1959 512 2014 enim
543 1962 761 2016 sublimi
794 1977 958 2036 regno
990 1966 1082 2021 Dei
1112 1975 1238 2023 sunt
1267 1972 1577 2038 praeparati.

445 2141 604 2200 Vsus.
638 2144 729 2211 29,
789 2144 880 2200 5i.
919 2165 939 2198 ι
992 2147 1058 2203 Et
1089 2164 1410 2219 progressus
1464 2152 1610 2209 illinc
1643 2155 1817 2222 Jesus,
1851 2171 1943 2212 ve-

370 2236 448 2290 nit
472 2237 624 2307 juxta
650 2253 800 2295 mare
825 2240 1080 2309 Galliaeaa,
1107 2253 1163 2300 et
1194 2260 1492 2302 conscenso
1514 2257 1696 2304 monte
1717 2251 1944 2308 sedebat

369 2327 529 2383 illic:
569 2337 624 2384 et
654 2343 1004 2388 accesserunt
1065 2336 1133 2391 ad
1164 2352 1288 2393 eum
1337 2340 1509 2395 turba:
1572 2341 1777 2408 multae,
1840 2343 1941 2399 ha-

371 2422 558 2478 bentes
591 2438 776 2480 secum
804 2425 1048 2496 claudos,
1105 2445 1302 2500 caecos,
1353 2434 1573 2502 surdos,
1610 2437 1853 2505 mutilos,
1887 2447 1942 2493 et

367 2514 502 2571 alios
529 2517 746 2587 multos,
775 2528 830 2576 et
857 2518 1167 2590 abiecerunt
1196 2538 1292 2580 eos
1339 2536 1466 2582 ante
1500 2528 1663 2596 pedes
1690 2526 1840 2596 Jesu,
1885 2539 1943 2587 et

367 2610 576 2664 sanavit
603 2625 717 2679 eos,
746 2612 880 2667 adeo
907 2621 967 2668 ut
996 2615 1164 2670 turba:
1191 2617 1398 2674 mirata:
1447 2620 1556 2674 sint
1613 2636 1735 2677 cum
1784 2622 1938 2679 vide-

366 2708 486 2752 rent
546 2710 724 2757 mutos
791 2702 962 2773 loqui,
1022 2708 1240 2764 mutilos
1291 2724 1412 2766 esse
1465 2726 1646 2779 sanos,
1719 2714 1939 2772 claudos

362 2790 659 2858 ambulare,
686 2809 862 2851 caecos
889 2797 1076 2854 videre
1110 2818 1123 2855 :
1161 2809 1216 2856 et
1240 2803 1617 2872 gloriﬁcabant
1663 2807 1828 2861 Deum
1863 2807 1939 2864 ls-

359 2883 492 2938 rael.
532 2904 552 2936 ι
586 2885 705 2942 Non
734 2889 996 2945 continuo
1019 2894 1339 2949 versaturin
1371 2894 1578 2962 Iudaea,
1606 2899 1702 2953 sed
1750 2899 1803 2954 in
1827 2900 1936 2956 Ga-

359 2977 518 3044 lilaza,
590 2990 812 3050 propter
857 2984 1082 3040 multam
1117 2986 1550 3044 incredulitatem
1603 2989 1932 3050 Iudaeorum.

355 3070 561 3124 Galilaei
588 3073 731 3128 enim
763 3073 1036 3133 ﬁdeliores
1067 3076 1175 3134 illis
1197 3089 1376 3134 erant.
1411 3081 1544 3137 Vide
1582 3083 1747 3154 igitur
1772 3085 1932 3142 ﬁdem

2045 1969 2138 2023 καὶ
2169 1972 2234 2042 τῇ
2282 1973 2610 2026 ταπεινώσει
2665 1976 2803 2028 εἰσὶν
2847 1977 3281 2048 ἡτοιμασμένοι·
3315 1981 3364 2031 oi
3405 1980 3516 2052 γὰρ
3542 1980 3630 2032 δί-

2045 2079 2213 2123 καιοι,
2242 2062 2318 2131 τῷ
2341 2061 2466 2133 ὕψει
2493 2065 2594 2134 τῆς
2618 2065 2894 2134 βασιλείας
2917 2069 3011 2121 τοῦ
3033 2069 3168 2122 Θεοῦ
3190 2070 3626 2142 ήτοιμάσθησαν.

2120 2171 2139 2204 t
2185 2156 2294 2209 Καὶ
2323 2155 2562 2225 μεταϐὰς
2593 2158 2803 2212 ἐκεῖθεν
2832 2161 2859 2212 ό
2903 2160 3134 2230 Ἰησοῦς,
3163 2157 3295 2233 ἦλθε
3341 2164 3492 2234 παρὰ
3525 2162 3629 2234 τὴν

2045 2246 2319 2302 θάλασσαν
2357 2249 2457 2319 τῆς
2495 2250 2787 2314 Γαλιλαίας
2812 2290 2829 2314 ,
2882 2251 2978 2306 καὶ
3028 2253 3237 2317 ἀναϐὰς
3270 2253 3350 2318 είς
3379 2255 3441 2308 τὸ
3474 2255 3627 2324 ὅρος,

2043 2341 2279 2412 ἐκάθητο
2323 2343 2460 2397 ἐκεῖο
2513 2345 2610 2398 καὶ
2656 2345 2965 2416 προσῆλθον
3014 2347 3162 2418 αὺτῷ
3207 2348 3358 2419 όχλοι
3399 2349 3624 2414 πολλοὶ,

2043 2433 2258 2505 ἔχοντες
2287 2434 2407 2505 μεθ’
2439 2436 2649 2490 ἑαυτῶν
2671 2436 2898 2508 χωλοὺς,
2927 2438 3186 2507 τυφλοὺς,
3217 2437 3456 2509 κωφοὺς,
3487 2440 3624 2493 κυλ-

2041 2528 2190 2594 λους,
2220 2529 2316 2582 καὶ
2341 2528 2562 2600 ἐτέρους
2593 2530 2844 2599 πολλοὺς,
2870 2533 2968 2585 καὶ
2993 2531 3224 2603 ἔρριψαν
3247 2533 3446 2596 αὐτοὺς
3470 2533 3626 2603 παρά

2041 2621 2168 2685 τοὺς
2198 2621 2366 2686 πόδας
2406 2621 2500 2675 τοῦ
2559 2621 2771 2692 Ἰησοῦ,
2823 2624 2918 2677 καὶ
2969 2625 3336 2694 ἐθεράπευσεν
3385 2624 3580 2688 αὐτούς
3609 2639 3623 2655 ο

2041 2713 2181 2767 ὥστε
2216 2715 2341 2779 τοὺς
2378 2714 2570 2784 ὄχλους
2603 2714 2883 2785 θαυμάσαι
2917 2716 3236 2786 βλέποντας,
3274 2716 3490 2786 κωφοὺς
3529 2716 3627 2769 λα-

2040 2805 2288 2873 λοῦντας,
2319 2806 2547 2870 κυλλοὺς
2578 2808 2774 2874 ὑγιεῖς,
2805 2807 3012 2878 χωλοὺς
3039 2806 3496 2878 περιπατοῦντας,
3527 2827 3627 2862 τυ-

2040 2900 2206 2968 φλοὺς
2243 2900 2559 2970 βλέποντας·
2600 2903 2693 2955 καὶ
2724 2901 2984 2967 ἐδόξασαν
3018 2903 3111 2957 τὸν
3142 2901 3275 2957 Θεὸν
3321 2902 3552 2973 Ἰσραήλ.
3601 2922 3620 2956 ι

2039 2996 2114 3048 Οὐ
2147 2998 2212 3066 τῇ
2257 2995 2489 3067 Ἰουδαίᾳ
2516 2995 2755 3066 συνεχῶς
2778 2996 3053 3067 ἐπιδημεῖ,
3079 2995 3214 3050 ἀλλὰ
3238 2999 3304 3067 τῇ
3337 2996 3622 3067 Γαλιλαίᾳ,

2035 3086 2124 3142 διὰ
2149 3087 2248 3158 τὴν
2275 3087 2474 3158 πολλὴν
2504 3087 2758 3142 ἀπιστίαν
2785 3088 2893 3142 τῶν
2936 3089 3226 3142 Ἰουδαίων·
3257 3089 3306 3142 οἱ
3327 3090 3434 3162 γάρ
3460 3089 3624 3142 Γαλιεέ

355 3163 591 3228 illorum,
631 3167 902 3234 quomodo
948 3176 1003 3224 et
1060 3172 1116 3224 in
1153 3179 1388 3227 montem
1423 3175 1723 3232 ascendant
1751 3179 1930 3236 claudi

2039 3179 2174 3234 λαῖοι
2207 3180 2518 3251 πιστότεροι
2549 3175 2689 3251 ἦσαν
2737 3181 2984 3235 ἐκείνων.
3041 3179 3148 3234 Ἴδε
3175 3176 3268 3234 οὖν
3296 3180 3397 3249 τὴν
3434 3175 3624 3233 πίστιν

352 3257 677 3312 exsistentes
707 3265 763 3312 et
785 3259 949 3315 caeci:
981 3274 1088 3316 non
1107 3275 1301 3333 segnes
1319 3273 1466 3331 sunt,
1489 3267 1583 3323 sed
1607 3279 1662 3324 et
1685 3275 1753 3325 ad
1770 3272 1933 3341 pedes

350 3349 376 3403 J
387 3366 476 3405 esu
508 3351 863 3422 objiciuntur,
903 3365 1087 3426 utpote
1117 3357 1266 3414 illum
1295 3375 1454 3432 upra
1511 3364 1783 3422 hominem
1808 3382 1929 3424 esse

351 3444 748 3512 existimantes,
778 3449 918 3502 unde
944 3457 998 3504 et
1035 3449 1330 3507 sanitatem
1378 3456 1612 3512 assecuti
1655 3469 1800 3515 sunt.
1861 3461 1928 3516 Et

351 3545 405 3588 tu
425 3535 590 3606 igitur
605 3538 840 3593 ascende
862 3540 914 3593 in
955 3550 1189 3598 montem
1222 3545 1617 3616 mandatorum,
1647 3551 1736 3605 ubi
1775 3553 1928 3609 sedet

349 3626 547 3682 Jesus:
582 3628 699 3683 etsi
735 3643 913 3686 caecus
959 3630 1152 3698 fueris,
1210 3650 1316 3691 non
1354 3638 1544 3696 valens
1595 3641 1780 3706 videre
1831 3661 1926 3715 per

349 3717 580 3788 teipsum
613 3710 755 3790 quod
777 3721 977 3777 bonum
1004 3739 1018 3778 τ
1044 3733 1099 3779 et
1128 3725 1174 3781 si
1213 3725 1457 3796 claudus,
1480 3730 1670 3789 videns
1703 3710 1923 3805 quidem

348 3809 492 3878 quod
526 3811 752 3880 bonum,
787 3830 895 3871 non
919 3815 1105 3874 valens
1134 3828 1313 3877 autem
1351 3823 1420 3878 ad
1457 3824 1560 3882 hoc
1596 3830 1878 3897 pervenire
1908 3849 1923 3886 :

349 3911 405 3956 et
437 3901 478 3958 si
508 3906 726 3973 surdus,
761 3908 853 3978 qui
885 3923 1060 3981 neque
1093 3912 1261 3969 alium
1294 3915 1482 3973 audias
1519 3919 1920 3991 admonentem,

349 4009 523 4066 neque
553 3997 717 4054 alium
768 4002 1062 4060 admonere
1093 4006 1278 4063 valeas
1309 4023 1327 4062 :
1359 4019 1414 4064 et
1461 4007 1505 4066 si
1557 4013 1785 4070 mutilus
1823 4017 1921 4085 sis,

346 4104 452 4145 non
479 4089 665 4148 valens
682 4096 971 4151 extendere
1001 4112 1217 4154 manum
1281 4102 1347 4156 ad
1401 4103 1802 4176 eleemosynam
1828 4127 1844 4164 :
1869 4119 1922 4164 et

345 4180 392 4234 si
419 4180 526 4235 alio
555 4184 785 4252 quodam
815 4185 1002 4241 morbo
1027 4196 1263 4258 teneare,
1297 4202 1609 4260 prosternas
1659 4208 1710 4253 te
1735 4197 1802 4252 ad
1827 4214 1921 4270 pe-

348 4271 442 4328 des
473 4271 598 4328 Jesu
622 4315 639 4339 ,
667 4285 721 4329 et
755 4277 982 4346 vestigia
1029 4280 1153 4336 vitae
1204 4282 1347 4338 illius
1395 4287 1634 4357 attinge,
1687 4293 1920 4349 curatio-

347 4380 581 4434 nemque
612 4367 856 4424 habebis.

417 4457 582 4516 Vens.
629 4460 720 4517 52.
765 4482 784 4516 ι
820 4463 976 4520 Jesus
997 4476 1176 4522 autem
1205 4472 1414 4528 vocatis
1459 4475 1524 4528 ad
1552 4489 1612 4532 se
1640 4477 1920 4548 discipulis

2036 3274 2242 3338 αὐτῶν,
2271 3272 2387 3336 πῶς
2419 3273 2514 3326 καὶ
2540 3275 2622 3336 είς
2659 3272 2719 3325 τὸ
2746 3272 2872 3343 ὅρος
2899 3273 3224 3344 άνέρχονται
3265 3272 3427 3342 χωλοὶ
3464 3271 3622 3337 ὄντες

2038 3366 2133 3419 καὶ
2162 3365 2375 3433 τυφλοὶ,
2407 3363 2504 3418 καὶ
2530 3365 2592 3418 οὐ
2619 3362 2997 3429 κατοκνοῦσιν,
3025 3364 3161 3418 ἀλλὰ
3194 3365 3287 3417 καὶ
3326 3363 3460 3436 πρὸς
3491 3366 3622 3426 τοὺς

2037 3456 2206 3520 πόδας
2237 3455 2520 3526 ῥίπτονται
2549 3454 2644 3508 τοῦ
2697 3454 2872 3526 Ἰησοῦ
2898 3499 2914 3523 ,
2944 3456 3019 3520 ὡς
3048 3456 3190 3526 ὑπὲρ
3220 3456 3506 3527 ἄνθρωπον
3530 3455 3622 3508 δο-

2035 3551 2260 3613 κοῦντες
2295 3550 2478 3613 αὐτὸν,
2520 3550 2646 3603 ὅθεν
2683 3551 2775 3604 καὶ
2802 3551 2904 3620 τῆς
2935 3551 3130 3613 ίάσεως
3164 3549 3376 3618 ἔτυχον.
3413 3550 3521 3602 Καὶ
3549 3549 3618 3601 σὺ

2034 3636 2128 3695 οὖν
2156 3640 2345 3695 ἄνελθε
2369 3643 2449 3705 είς
2482 3641 2542 3694 τὸ
2579 3639 2709 3713 ὅρος
2745 3642 2854 3696 τῶν
2881 3641 3134 3708 ἐντολῶν,
3167 3640 3295 3694 ἔνθα
3322 3639 3556 3711 κάθηται
3588 3643 3620 3694 ό

2037 3731 2274 3802 Κύριος·
2317 3731 2424 3786 κᾶν
2464 3732 2666 3801 τυφλὸς
2711 3728 2800 3804 ᾖς,
2839 3733 2913 3805 μὴ
2959 3733 3253 3805 δυνάμενος
3287 3733 3380 3802 ἀφ’
3417 3732 3620 3786 ἑαυτοῦ

2038 3823 2166 3878 ίδεῖν
2197 3824 2260 3878 τὸ
2290 3824 2454 3880 καλόν
2474 3842 2488 3855 ο
2516 3824 2621 3878 κᾶν
2655 3825 2849 3894 χωλὸς,
2881 3824 3094 3896 βλέπων
3129 3825 3226 3896 μὲν
3255 3824 3316 3878 τὸ
3341 3824 3524 3889 καλὸν,
3548 3823 3615 3877 οὗ

2031 3915 2334 3986 δυνάμενος
2353 3917 2412 3970 δὲ
2429 3917 2509 3980 εἰς
2534 3915 2666 3984 αὐτὸ
2693 3915 2868 3970 ἐλθεῖν
2886 3931 2899 3946 ·
2935 3915 3036 3969 κᾶν
3058 3915 3259 3984 κωφὸς,
3290 3916 3428 3985 μήτε
3452 3914 3616 3969 ἄλλου

2033 4009 2248 4064 ἀκούων
2272 4009 2694 4080 παραινοῦντος,
2748 4009 2886 4079 μήτε
2920 4007 3065 4078 ἄλλῳ
3095 4007 3421 4075 παραινέσαι
3455 4006 3616 4058 δυνά-

2035 4120 2196 4174 μενος
2218 4117 2233 4134 ⁶
2271 4103 2376 4156 κᾶν
2406 4102 2620 4167 κυλλὸς,
2652 4102 2922 4164 τουτέστι,
2953 4100 3052 4171 τὴν
3085 4103 3240 4171 χεῖρα
3268 4101 3348 4163 είς
3381 4099 3616 4170 ἐλεημοο

2033 4196 2199 4267 utiqu
2232 4196 2307 4266 μὴ
2350 4195 2652 4265 δυνάμενος
2686 4196 2958 4248 ἐκτεῖναι·
2994 4193 3101 4246 κᾶν
3142 4192 3273 4246 ἄλλο
3326 4209 3378 4245 τι
3424 4193 3614 4261 νοσῇς,

2030 4289 2213 4342 πεσὼν
2263 4288 2414 4358 παρὰ
2443 4287 2570 4350 τοὺς
2598 4285 2764 4346 πόδας
2801 4284 2898 4338 τοῦ
2942 4283 3122 4355 Ἰησοῦ
3156 4284 3248 4338 καὶ
3291 4283 3400 4336 τῶν
3449 4282 3613 4354 ίχνῶν

2027 4379 2120 4433 τοῦ
2149 4379 2264 4447 βίου
2287 4379 2492 4433 ἐκείνου
2523 4378 2817 4449 ἁψάμενος,
2845 4376 3254 4447 θεραπευθήσῃ.

2108 4493 2126 4526 ι
2181 4472 2239 4526 Ὀ
2272 4472 2330 4525 δέ
2370 4471 2577 4543 Ἰησοῦς
2621 4469 3140 4541 προσκαλεσάμενος
3187 4471 3315 4533 τοὺς
3359 4469 3610 4540 μαθητὰς

347 4552 462 4606 suis
489 4553 626 4607 dixit
656 4570 672 4608 :
705 4553 927 4612 Miseret
984 4573 1069 4614 me
1099 4562 1291 4629 turbas,
1324 4576 1609 4636 propterea
1639 4571 1779 4639 quod
1806 4571 1918 4640 jam

2039 4565 2218 4631 αὑτοῦ,
2259 4561 2380 4618 εἶπε
2403 4579 2416 4595 ·
2468 4563 2912 4633 Σπλαγχνίζομαι
2941 4565 3034 4616 ἐπὶ
3063 4563 3154 4614 τὸν
3181 4562 3359 4632 ὄχλον,
3395 4563 3478 4616 ὅτι
3505 4562 3607 4632 ήδη

350 4644 532 4700 triduo
573 4660 926 4716 perseverant
969 4654 1108 4723 apud
1141 4671 1245 4720 me,
1271 4665 1325 4711 et
1358 4672 1463 4713 non
1507 4660 1704 4717 habent
1780 4666 1921 4731 quod

344 4736 509 4791 edant
542 4755 555 4791 :
583 4745 640 4793 et
658 4739 931 4796 dimittere
979 4757 1072 4799 eos
1109 4745 1326 4815 jejunos
1359 4749 1506 4817 nolo,
1562 4767 1630 4808 ne
1665 4752 1923 4809 deﬁciant

345 4827 400 4881 in
431 4828 540 4882 via.
580 4848 601 4882 ι
654 4829 848 4888 Turbae
896 4833 1112 4902 quidem
1140 4852 1246 4892 non
1312 4840 1582 4894 audebant
1628 4857 1795 4912 panes
1829 4859 1925 4913 pe-

349 4928 484 4983 tere,
517 4928 701 4989 utpote
731 4924 820 4990 qui
869 4923 936 4977 ad
995 4925 1362 4995 recipiendam
1415 4930 1699 4984 sanitatem
1753 4945 1921 4986 vene-

345 5020 468 5064 rant
501 5025 522 5065 :
550 5011 664 5079 ipse
691 5022 869 5070 autem
896 5015 1204 5073 misericors
1228 5019 1520 5085 exsistens,
1557 5037 1739 5075 curam
1760 5021 1872 5092 agit
1903 5039 1918 5078 :

342 5112 396 5156 et
424 5118 492 5158 ne
520 5105 644 5172 quis
673 5106 854 5162 dicere
888 5110 1218 5178 possitquod
1273 5112 1377 5166 alia
1429 5113 1616 5167 viatica
1666 5113 1918 5179 habeant,

339 5197 537 5265 inquit,
598 5199 742 5266 quod
805 5200 850 5254 si
909 5202 1070 5257 etiam
1130 5203 1465 5269 habuissent,
1522 5205 1753 5262 fuissent
1791 5220 1919 5260 con-

342 5299 557 5360 sumpta
585 5309 599 5344 :
633 5299 743 5346 tres
763 5292 907 5347 enim
950 5292 1060 5363 jam
1094 5295 1210 5352 dies
1240 5307 1383 5352 sunt.
1439 5297 1690 5355 Ostendit
1741 5306 1918 5353 autem

343 5381 490 5450 quod
513 5382 722 5454 alonge
752 5386 1018 5453 venerint,
1043 5387 1296 5456 dicendo,
1326 5389 1405 5444 Ne
1437 5390 1692 5445 deﬁciant
1720 5391 1773 5444 in
1810 5392 1914 5446 via.

341 5469 470 5527 lizec
495 5483 672 5528 autem
727 5474 946 5531 dicitad
1014 5477 1329 5548 discipulos,
1395 5480 1632 5534 excitare
1675 5493 1769 5535 eos
1821 5496 1918 5536 vo-

342 5565 460 5621 lens
491 5567 751 5623 utdicant
782 5568 882 5639 ipsi
912 5571 1052 5640 quod
1095 5571 1267 5640 possit
1311 5586 1405 5627 eos
1471 5571 1635 5640 alere,
1660 5575 1798 5629 sicut
1862 5583 1917 5627 et

340 5661 576 5729 quinque
629 5661 853 5717 millia:
917 5664 1012 5718 sed
1062 5663 1138 5717 illi
1207 5665 1382 5718 adhuc
1442 5666 1704 5734 sapientia
1760 5681 1918 5721 care-

341 5752 490 5806 bant.

417 5840 577 5898 Vens.
610 5845 698 5901 53.
735 5864 753 5897 ‹
812 5843 877 5902 Et
903 5845 1089 5902 dicunt
1146 5844 1224 5902 illi
1255 5845 1502 5917 discipuli
1569 5846 1685 5918 ejus
1720 5869 1730 5902 :
1762 5848 1913 5905 Unde

2029 4655 2242 4724 ἡμέρας
2281 4657 2432 4724 τρεῖς
2468 4654 2838 4725 προσ-μένουσί
2883 4670 3010 4722 μοι,
3063 4655 3156 4705 καὶ
3189 4654 3289 4705 οὐκ
3328 4652 3510 4721 έχουσι
3553 4650 3608 4703 τί

2029 4749 2277 4817 φάγωσι,
2314 4746 2410 4800 καὶ
2439 4744 2709 4800 ἀπολῦσαι
2739 4745 2939 4808 αὐτοὺς
2981 4746 3196 4814 νήστεις
3238 4745 3298 4797 οὺ
3335 4743 3492 4808 θέλω,
3529 4745 3605 4813 μή

2027 4856 2156 4892 ποτε
2193 4836 2494 4892 ἐκλυθῶσιν
2519 4838 2576 4890 ἐν
2605 4839 2670 4909 τῇ
2712 4835 2836 4906 ὀδῷ.
2876 4855 2894 4888 ι
2932 4836 2996 4888 Οἱ
3033 4836 3132 4904 μὲν
3157 4835 3304 4905 ὄχλοι
3333 4835 3432 4886 οὐκ
3455 4834 3605 4886 ἐτόλ-

2029 4947 2146 4998 μων
2178 4929 2372 4998 ἄρτους
2404 4926 2648 4996 αίτῆσαι,
2678 4924 2752 4989 ὡς
2781 4924 2873 4978 ἐπὶ
2896 4923 3164 4994 θεραπείᾳ
3191 4923 3459 4985 ἐλθόντες.
3496 4923 3604 4974 Αὐ-

2024 5020 2111 5083 τὸς
2132 5019 2186 5072 δὲ
2213 5018 2595 5089 φιλάνθρωπος
2625 5015 2722 5082 ὢν,
2755 5016 3054 5087 φροντίζειο
3086 5017 3172 5084 ἵνα
3203 5015 3258 5068 δὲ
3290 5013 3366 5084 μὴ
3391 5014 3490 5088 ἔχῃ
3518 5031 3604 5076 τις

2024 5105 2202 5166 εἰπεῖν
2232 5113 2336 5177 ὅτι,
2367 5112 2537 5164 Ἂλλα
2568 5110 2752 5178 ἐφόδια
2768 5110 2972 5180 ἔχουσι,
3004 5108 3190 5178 φησὶν,
3221 5109 3282 5160 Εἰ
3311 5107 3404 5160 καὶ
3433 5102 3599 5175 εἶχον,

2023 5203 2383 5274 ἀνηλώθησαν
2411 5203 2495 5257 ἄν·
2523 5205 2673 5274 τρεῖς
2701 5201 2810 5271 γὰρ
2844 5201 2943 5271 ἤδη
2969 5201 3172 5272 ἡμέραι
3193 5200 3318 5255 εἰσί.
3347 5198 3600 5252 Δείκνυσι

2023 5299 2080 5352 δὲ
2105 5301 2188 5353 ὅτι
2221 5299 2318 5353 καὶ
2367 5299 2642 5369 μακρόθεν
2670 5293 2858 5368 ἦλθον,
2890 5297 2950 5350 ἐν
2980 5295 3058 5366 τῷ
3108 5296 3309 5365 λέγειν,
3364 5294 3479 5348 Ἵνα
3519 5293 3596 5364 μὴ

2022 5389 2323 5443 ἐκλυθῶσιν
2351 5391 2409 5442 ἐν
2436 5393 2502 5459 τῇ
2530 5389 2654 5459 ὁδῷ·
2685 5388 2855 5442 ταῦτα
2883 5388 2940 5441 δὲ
2981 5387 3133 5454 λέγει
3163 5386 3298 5458 πρὸς
3327 5385 3452 5448 τοὺς
3485 5402 3596 5455 μα-

2022 5480 2189 5552 θητὰς
2210 5521 2224 5542 ,
2259 5480 2524 5549 διεγεῖραι
2563 5479 2761 5542 αὐτοὺς
2793 5478 3118 5548 βουλόμενος
3148 5477 3284 5548 πρὸς
3317 5478 3377 5529 τὸ
3421 5478 3594 5530 εἰπεῖν

2021 5572 2190 5642 αὐτῷ,
2215 5574 2296 5625 ὅτι
2317 5575 2554 5625 Δύνασαι
2578 5573 2775 5635 αὐτοὺς
2806 5569 3092 5642 θρέψαιὼς
3121 5571 3362 5635 καὶτοὺς
3392 5587 3594 5624 πεντα-

2022 5665 2337 5735 κισχιλίους·
2367 5665 2481 5718 ἀλλ’
2514 5665 2709 5719 ἐκεῖνοι
2737 5663 3147 5736 ἀνοηταίνουσιν
3174 5662 3274 5716 ἔτι.

2100 5868 2117 5902 ι
2161 5850 2268 5904 Καὶ
2318 5848 2568 5920 λέγουσιν
2605 5849 2752 5920 αὐτῷ
2802 5851 2849 5903 οί
2904 5848 3148 5919 μαθηταὶ
3201 5847 3385 5902 αὐτοῦ’
3422 5845 3590 5900 Πόθεν
