4078 6464
343 389 452 454 313

1046 387 1498 450 ENARRATIO
1529 389 1612 450 IN
1652 389 1944 453 EVANGE

2047 389 2162 452 UM
2211 367 2710 453 ΜΑΤΤΜΙΤ-
2737 391 2894 452 CAP.
2935 389 3090 456 XVI.

3502 387 3606 452 3'14

341 503 476 573 ἡμῖν
493 482 553 553 ἐν
582 497 794 570 ἐρημίᾳ
822 497 977 568 ἄρτοι
1009 496 1276 558 τοσοῦτοι,
1305 496 1446 552 ὥστε
1476 497 1742 570 χορτάσαι
1770 498 1928 570 ὄχλον

2043 501 2194 558 nobis
2225 500 2280 556 in
2303 500 2592 556 solitudine
2619 514 2790 570 panes
2854 509 2962 556 tam
3010 498 3160 556 multi
3194 505 3254 556 ut
3303 506 3608 555 saturemus

340 593 638 660 τοσοῦτον;
690 612 710 646 ι
747 591 943 648 Καίτοι
992 591 1099 644 ἔδει
1140 590 1380 646 συνιέναι
1423 592 1648 658 αὐτοὺς,
1689 591 1772 645 ὅτι
1832 591 1928 645 καὶ

345 688 616 756 πρότερον
650 683 870 750 πλείους
906 683 1221 756 ἐτράφησαν
1252 686 1308 737 ἐν
1345 683 1552 755 ἐρημίᾳ
1579 701 1594 717 ο
1627 684 1744 738 ἀλλ’
1772 684 1929 737 ἀναιο

353 781 567 848 σθήτως
599 777 815 847 ἔχουσιν
835 818 849 842 ,
882 774 950 829 ἵν’
981 777 1107 830 ὅταν
1157 776 1274 848 ἴδῃς
1308 775 1532 841 τούτους
1583 775 1808 845 ὕστερον
1845 793 1932 830 σο-

351 872 483 938 φίας
514 869 795 940 τοσαύτης.
815 869 1068 940 πλήρεις,
1109 866 1398 941 θαυμάζῃς
1431 871 1530 940 τὴν
1573 867 1666 922 τοῦ
1695 868 1931 939 Χριστοῦ

346 966 531 1035 χάριν.
1130 961 1134 966 ’

425 1076 443 1108 ι
473 1054 583 1107 Καὶ
606 1053 758 1121 λέγει
781 1053 965 1115 αὑτοῖς
986 1053 1014 1104 ὁ
1044 1051 1273 1121 Ἰησοῦς·
1305 1051 1508 1112 Πόσους
1532 1050 1729 1121 ἄρτους
1752 1049 1930 1122 ἔχετε;

352 1152 417 1204 OE
445 1150 502 1202 δὲ
533 1145 710 1202 εἶπονο
751 1146 948 1210 Ἑπτὰ,
983 1145 1078 1200 καὶ
1102 1145 1257 1213 ὀλίγοι
1282 1145 1515 1214 ἰχθύδια.
1548 1146 1658 1198 Καὶ
1681 1144 1934 1198 ἐκέλευσε

349 1245 465 1306 τοῖς
497 1243 675 1311 ὄχλοις
698 1241 990 1294 ἀναπεσεῖν
1025 1239 1117 1291 ἐπὶ
1149 1239 1249 1309 τὴν
1280 1238 1382 1306 γῆν
1413 1254 1426 1268 ο
1466 1237 1560 1290 καὶ
1598 1236 1776 1290 λαϐὼν
1807 1238 1935 1300 τοὺς

351 1336 496 1388 ἑπτὰ
524 1335 726 1404 ἄρτους
750 1333 844 1385 καὶ
878 1331 1004 1394 τοὺς
1035 1330 1244 1399 ἰχθύας,
1280 1330 1684 1399 εὐχαριστήσας
1715 1327 1934 1394 ἔκλασε,

349 1430 448 1480 καὶ
479 1425 648 1478 ἔδωκε
689 1425 802 1486 τοῖς
849 1422 1120 1493 μαθηταῖς
1153 1419 1321 1476 αὑτοῦ
1349 1436 1361 1448 ·
1397 1421 1448 1474 οἱ
1488 1420 1545 1473 δὲ
1588 1419 1830 1490 μαθηταὶ
1857 1417 1935 1489 τῷ

348 1517 516 1588 ὄχλῳ.
555 1517 665 1568 Καὶ
716 1516 916 1583 ἔφαγον
964 1513 1166 1574 πάντες
1218 1513 1313 1566 καὶ
1357 1511 1790 1584 ἐχορτάσθησαν,
1841 1510 1938 1564 καὶ

346 1605 491 1682 ἦραν
535 1611 597 1663 τὸ
628 1607 949 1678 περισσεῦον
987 1606 1098 1660 τῶν
1135 1606 1468 1676 κλασμάτων
1497 1605 1638 1658 ἑπτὰ
1671 1604 1936 1675 σπυρίδας

349 1703 604 1774 πλήρεις.
636 1703 699 1754 Οἱ
722 1702 779 1755 δὲ
801 1701 1071 1763 ἐσθίοντες
1095 1695 1236 1772 ἦσαν
1265 1699 1696 1770 τετρακισχίλιοι
1719 1698 1933 1769 ἄνδρες,

349 1797 524 1867 χωρὶς
553 1794 832 1865 γυναικῶν
858 1794 954 1848 καὶ
983 1793 1229 1848 παιδίων.
1266 1812 1286 1845 ι
1322 1793 1612 1847 Εὑτέλειαν
1641 1792 1931 1859 διδάσκων,

470 1860 578 1954 τήν
603 1884 706 1954 γῆν
733 1883 1034 1939 ἁνακλίνει·
1071 1884 1413 1954 εὐχαριστεῖν
1444 1881 1499 1936 δὲ
1531 1881 1798 1936 διδάσκων
1829 1881 1934 1952 πρὸ
1967 1860 2008 1914 Β

352 1971 560 2040 τροφῆς
588 1971 757 2040 ἡμᾶς,
789 1971 1104 2043 εὐχαριστεῖ
1130 1971 1224 2024 καὶ
1246 1972 1430 2035 αὑτός.
1470 1971 1706 2042 Ἐρωτᾷς
1734 1970 1790 2025 δὲ
1818 1971 1934 2034 πῶς

352 2064 472 2115 ἐκεῖ
507 2063 629 2132 μὲν,
666 2062 845 2117 καίτοι
878 2064 1041 2117 πέντε
1071 2065 1240 2118 ὄντων
1265 2065 1444 2135 ἄρτων
1466 2065 1561 2118 καὶ
1585 2082 1936 2137 πεντακισχιο

351 2154 485 2208 λίων
524 2155 632 2208 τῶν
670 2155 1021 2227 τραφέντων,
1063 2155 1272 2210 δώδεκα
1314 2158 1564 2228 κόφινοι·
1609 2157 1845 2213 ἐνταῦθα
1877 2157 1935 2212 δὲ

354 2247 623 2302 πλειόνων
654 2247 763 2300 τῶν
797 2248 978 2318 ἄρτων
1015 2247 1185 2303 ὄντων
1212 2250 1306 2303 καὶ
1342 2249 1642 2304 ἐλαττόνων
1667 2248 1776 2304 τῶν
1802 2266 1938 2321 τρα-

358 2340 590 2408 φέντων,
626 2338 782 2392 πὲπτὰ
831 2339 1089 2410 σπυρίδες
1131 2341 1561 2412 ἐπερίττευσανς
1609 2342 1798 2396 Ἔστιν
1844 2340 1938 2400 οὖν

357 2434 554 2497 εἰπεῖν,
586 2433 670 2485 ὅτι
701 2433 735 2502 ἢ
767 2433 826 2486 σί
855 2433 1111 2504 σπυρίδες
1137 2433 1354 2504 μείζους
1377 2428 1521 2505 ἦσαν
1545 2433 1654 2488 τῶν
1677 2435 1934 2504 κοφίνων,

357 2525 389 2594 ἦ
427 2524 515 2576 ἴνα
549 2523 625 2595 μὴ
664 2525 698 2594 ἠ
748 2524 929 2594 ἰσότης
976 2524 1068 2578 τοῦ
1099 2524 1376 2596 θαύματος
1416 2527 1496 2589 είς
1543 2525 1714 2596 λήθην
1742 2526 1940 2591 αὑτοὺς

356 2615 592 2687 ἐμϐάλῃ.
613 2615 676 2668 Ei
698 2616 809 2687 γὰρ
828 2619 922 2670 καὶ
942 2616 1037 2671 νῦν
1055 2617 1452 2689 ἐπερίσσευσαν
1475 2617 1684 2673 δώδεκα
1703 2619 1936 2688 κόφινοι,

357 2711 688 2764 ἐπελάθοντο
708 2710 774 2763 ἂν
791 2711 853 2762 ἐκ
873 2710 971 2783 τῆς
991 2710 1255 2780 ίσότητος,
1281 2712 1364 2765 ὅτι
1384 2711 1636 2781 δεύτερον
1664 2711 1940 2783 ἐθαυματ-

359 2801 631 2874 ούργησεν
662 2801 755 2855 ἐπὶ
781 2801 986 2872 ἄρτοις.
1019 2801 1090 2855 Σὺ
1119 2801 1178 2855 δὲ
1224 2803 1320 2858 καὶ
1352 2803 1510 2856 τοῦτο
1545 2802 1734 2871 γνῶθι,
1766 2806 1849 2858 ὅτι
1888 2805 1939 2858 ei

358 2891 825 2962 τετρακισχίλιοι,
869 2889 1170 2954 τουτέστιν,
1213 2891 1262 2943 οί
1298 2889 1398 2953 τὰς
1433 2890 1706 2963 τέσσαρας
1738 2893 1940 2964 ἀρετὰς

359 2986 581 3056 ἔχοντες
609 2983 854 3046 τελείως,
877 2975 1024 3037 οὗτοι
1062 2983 1204 3037 ἑπτά
1237 2981 1444 3052 ἄρτοις,
1476 2983 1745 3047 τουτέστι,
1773 3000 1940 3036 πνευ-

363 3077 762 3147 ματικωτέροις
788 3075 968 3145 λόγοις
1003 3077 1098 3130 καὶ
1135 3074 1490 3145 τελειοτέροις
1517 3075 1832 3145 τρέφονται.
1881 3076 1940 3130 '0

360 3168 472 3237 γὰρ
497 3167 638 3220 έπτά
665 3165 924 3237 ἀριθμὸς,
951 3165 1062 3220 τῶν
1093 3168 1235 3221 ἑπτὰ
1253 3165 1641 3235 πνευματικῶν
1661 3165 1940 3237 χαρισμά-

359 3275 472 3311 των
496 3257 786 3327 σύμϐολονο
813 3258 1182 3313 ἀναπίπτουσι
1211 3258 1269 3312 δὲ
1287 3259 1383 3312 ἐπὶ
1408 3258 1506 3331 τήν
1531 3259 1658 3330 γῆν,
1681 3259 1941 3313 ὑποκάτω

361 3351 544 3405 αὑτῶν
573 3351 818 3415 τιθέντες
845 3352 1027 3408 πάντα
1048 3352 1116 3410 τὰ
1141 3353 1326 3422 γήϊνα,
1361 3354 1457 3407 καὶ
1494 3350 1941 3418 καταπατοῦντες

361 3443 527 3508 αὑτὰ,
561 3443 750 3515 ὥσπερ
779 3445 874 3498 καὶ
903 3447 951 3498 ei
983 3444 1411 3515 πεντακισχίλιοι
1434 3445 1528 3500 ἐπὶ
1560 3445 1688 3511 τοὺς
1713 3447 1942 3516 χὸρτους

359 3537 649 3602 ἀνέπεσον,
673 3537 938 3604 τουτέστι,
961 3538 1061 3609 τὴν
1079 3538 1259 3611 σάρκα
1281 3537 1375 3592 καὶ
1393 3537 1494 3608 τὴν
1512 3537 1670 3603 δόξαν
1684 3537 1942 3591 ὑποκάτω

361 3631 545 3685 αὐτῶν
579 3630 788 3687 ἔθεντο.
823 3651 841 3684 ι
874 3632 1031 3686 Πᾶσα
1065 3632 1175 3702 γὰρ
1203 3633 1360 3702 σὰρξ,
1404 3631 1629 3703 χόρτος·
1664 3632 1760 3685 καὶ
1793 3633 1944 3685 πᾶσα

361 3722 658 3792 ἀνθρώπου
695 3721 845 3790 δόξα,
881 3722 957 3788 ὡς
987 3721 1149 3787 ἄνθος
1183 3723 1400 3795 χόρτου.
1442 3742 1477 3775 ι.
1517 3721 1689 3776 Ἑπτὰ
1715 3723 1774 3776 δὲ
1805 3740 1945 3776 σπυ-

363 3815 514 3885 ρίδες
563 3813 802 3868 ἐνταῦθα
844 3815 914 3869 τὰ
961 3815 1209 3887 περιττὰ,
1265 3815 1401 3869 διότι
1454 3814 1803 3883 πνευματικὰ
1851 3816 1947 3869 καὶ

362 3899 678 3972 τελειότερα
714 3900 854 3972 ἦσαν
879 3901 916 3957 ἃ.
949 3903 1050 3958 οὑκ
1093 3902 1437 3974 ἠδυνήθησαν
1481 3905 1712 3972 φαγείνο
1762 3906 1948 3961 ἐκεῖνα

361 3985 458 4043 οὖν
499 3991 896 4060 ἐπερίσσευσαν
943 3993 979 4048 ἃ
1021 3994 1165 4048 ἑπτὰ
1207 3993 1463 4066 σπυρίδες
1513 3994 1786 4066 χωροῦσι,
1821 4013 1947 4052 ταυ-

362 4084 569 4151 τέστιν,
615 4086 651 4140 ἃ
684 4085 844 4155 μόνον
873 4085 933 4140 τὺ
979 4088 1134 4154 ἅγιον
1181 4086 1411 4159 Πνεῦμα
1455 4082 1586 4144 οἶδε.
1643 4105 1663 4140 ι
1715 4088 1790 4142 Τὸ
1837 4089 1948 4164 γὰρ

365 4177 594 4250 Πνεῦμα
623 4181 804 4234 πάντα
832 4180 1047 4252 ἐρευνᾷ,
1075 4180 1171 4235 mi.
1195 4181 1263 4235 τά
1289 4181 1429 4252 βάθη
1457 4181 1553 4236 τοῦ
1582 4180 1744 4237 Θεοῦ.
1775 4200 1795 4236 ι

442 4382 465 4415 ι
498 4362 610 4416 Καὶ
643 4362 922 4427 ἀπολύσας
953 4365 1081 4428 τοὺς
1107 4363 1323 4434 ὄχλους,
1354 4363 1518 4434 ἐνέϐη
1548 4364 1628 4429 είς
1651 4365 1712 4418 τὸ
1741 4363 1946 4432 πλοῖον,

367 4457 467 4510 καὶ
499 4451 666 4527 ἦλθεν
694 4457 776 4519 είς
807 4456 877 4511 τά
905 4456 1031 4529 ὅρια
1063 4457 1350 4526 Μαγδαλά.
1385 4476 1404 4510 ι
1447 4458 1745 4529 Ἀναχωρεῖ
1775 4459 1803 4512 ὁ
1846 4458 1950 4528 ’1η-

2039 595 2247 650 turbam
2281 593 2520 662 tantam}
2550 611 2570 644 ι
2602 592 2861 660 Quamvis
2881 606 2985 648 non
3018 593 3300 662 oportebat
3328 591 3446 646 illos
3467 589 3609 645 obli~

2037 697 2122 740 tos
2143 700 2285 752 esse,
2319 687 2464 754 quod
2491 694 2548 742 et
2594 684 2953 755 priusplures
2981 685 3191 754 paverit
3214 686 3266 738 iu
3297 683 3608 744 solitudine.

2035 779 2129 832 sed
2159 778 2356 849 stupidi
2387 787 2568 844 erant,
2597 787 2656 833 ut
2702 793 2824 832 cum
2857 785 3044 845 postea
3073 777 3172 832 bos
3223 775 3424 831 videris
3459 782 3609 830 tanta

2035 871 2298 940 sapientia
2319 871 2593 942 praeditos,
2618 871 2834 927 mireris
2856 868 3056 924 Christi
3077 867 3324 937 gratiam.
3653 897 3663 951 ξ

2109 1057 2270 1112 Vens.
2316 1055 2504 1112 34-58.
2545 1075 2564 1108 ‹
2598 1055 2662 1111 Et
2715 1054 2846 1110 dicit
2898 1055 3004 1110 illis
3035 1053 3236 1110 Jesus:
3269 1053 3408 1120 Quot
3439 1066 3607 1122 partes

2034 1150 2284 1210 habetis?
2336 1149 2416 1205 llli
2458 1158 2636 1204 autem
2697 1149 2955 1203 dixerunt
2991 1164 3006 1202 :
3046 1147 3286 1215 Septem,
3323 1155 3376 1199 et
3413 1160 3613 1213 paucos

2033 1246 2143 1316 82
2197 1243 2510 1314 pisciculos.
2578 1243 2643 1296 Et
2706 1241 2870 1310 jussit
2937 1243 3123 1296 turbas
3180 1240 3524 1296 discumbere
3563 1238 3614 1292 in

2039 1349 2208 1401 terra,
2235 1345 2290 1392 et
2321 1335 2552 1407 sumpsit
2586 1342 2791 1404 septem
2819 1349 2988 1404 panes
3015 1348 3080 1389 ac
3105 1333 3290 1400 pisces
3319 1351 3332 1389 :
3373 1339 3428 1388 et
3464 1339 3616 1400 post-

2035 1443 2195 1497 quam
2243 1429 2450 1497 gratias
2493 1426 2715 1495 egisset,
2774 1423 2957 1492 fregit,
3017 1421 3276 1489 deditque
3340 1417 3618 1488 discipulis

2036 1522 2150 1578 suis
2191 1538 2206 1575 :
2254 1517 2502 1588 discipuli
2525 1525 2708 1572 autem
2765 1516 2956 1573 turbae.
2995 1513 3472 1581 Comederuntque
3502 1525 3619 1565 om-

2035 1629 2156 1678 nes,
2189 1623 2244 1667 et
2272 1611 2500 1668 saturati
2529 1619 2678 1666 sunt.
2703 1607 2770 1662 Et
2808 1607 3144 1664 sustulerunt
3175 1606 3318 1674 quod
3339 1610 3620 1672 supererat

2037 1703 2489 1774 fragmentorum,
2538 1710 2744 1768 septem
2802 1696 3074 1766 sportulas
3106 1696 3313 1766 plenas.
3347 1696 3417 1749 At
3439 1694 3496 1748 lii
3526 1693 3618 1760 qui

2038 1795 2408 1856 comederant.
2433 1800 2590 1848 erant
2639 1799 2835 1860 quater
2871 1788 3016 1844 mille
3049 1787 3172 1854 viri,
3207 1794 3402 1855 przeter
3425 1784 3619 1839 mulie-

2039 1903 2129 1950 res
2182 1895 2238 1942 et
2274 1899 2492 1954 pueros,
2531 1902 2550 1934 ι
2587 1882 2976 1952 Frugalitatem
3019 1882 3243 1941 docens,
3301 1892 3467 1946 super
3505 1885 3617 1931 ter-

2038 1993 2155 2033 ram
2198 1976 2513 2032 recumbere
2535 1969 2688 2043 jubet
2715 1991 2729 2028 :
2760 1981 2812 2028 et
2860 1974 3061 2042 gratias
3083 1986 3244 2042 agere
3276 1978 3400 2025 ante
3437 1968 3615 2024 cibum

2038 2083 2137 2123 nos
2160 2069 2378 2132 docens,
2424 2065 2626 2135 gratias
2674 2065 2786 2134 agit
2808 2073 2872 2120 et
2900 2066 3041 2134 ipse.
3070 2063 3252 2132 Rogas
3275 2071 3476 2124 autem,
3509 2072 3618 2128 quo

2038 2169 2199 2230 pacto
2231 2159 2339 2214 illic
2379 2157 2599 2228 quidem
2643 2170 2766 2211 cum
2795 2163 2978 2211 essent
3031 2155 3271 2225 quinque
3329 2166 3512 2222 panes,
3565 2161 3622 2206 et

2038 2248 2280 2318 quinque
2311 2247 2476 2302 millia
2535 2245 2650 2301 aliti
2681 2255 2885 2309 essent,
2934 2245 3221 2302 duodecim
3274 2243 3492 2313 eophini
3529 2257 3624 2300 su-

2038 2340 2357 2414 perfuerunt
2387 2355 2401 2393 :
2436 2338 2527 2394 hic
2555 2347 2736 2394 autem
2783 2353 2908 2394 cum
2955 2347 3140 2394 essent
3176 2337 3464 2406 pauciores
3524 2349 3623 2404 pa-

2039 2433 2254 2497 scendi,
2291 2442 2346 2486 et
2370 2430 2557 2501 plures
2588 2444 2778 2498 panes,
2807 2439 3013 2500 septem
3057 2428 3290 2498 sporta?
3321 2427 3436 2482 Dici
3460 2426 3621 2497 igitur

2040 2535 2228 2594 posset
2253 2524 2336 2580 vel
2364 2524 2508 2594 quod
2527 2533 2726 2595 spartae
2753 2524 2987 2590 majores
3019 2530 3203 2578 essent
3233 2520 3502 2591 copliinis,
3536 2518 3622 2573 vel

2039 2633 2110 2675 ne
2141 2616 2420 2688 aequalitas
2459 2616 2702 2672 miraculi
2727 2630 2823 2674 eos
2848 2615 3095 2671 oblivisci
3147 2613 3371 2670 faceret.
3408 2613 3542 2668 Nam
3576 2613 3622 2668 si

2039 2727 2185 2769 nunc
2223 2725 2437 2782 quoque
2459 2709 2856 2778 superfuissent
2882 2708 3164 2765 duodecim
3193 2705 3436 2775 cOpbiui,
3465 2704 3618 2761 obliti

2040 2805 2272 2861 fuissent
2301 2805 2371 2859 ob
2399 2801 2785 2873 aequalitatem,
2849 2803 2991 2871 quod
3034 2801 3232 2856 iterum
3299 2796 3619 2854 miraculum

2039 2895 2259 2954 fecisset
2289 2896 2343 2951 in
2406 2894 2662 2965 panibus.
2702 2891 2782 2952 Tu
2841 2901 3023 2947 autem
3049 2900 3104 2946 et
3163 2891 3267 2946 hoc
3296 2889 3438 2944 scias
3473 2888 3616 2957 quod

2041 2998 2273 3060 quatuor
2326 2986 2513 3052 millia,
2549 2985 2652 3041 hoc
2673 2991 2776 3050 est,
2823 2983 2915 3053 qui
2971 2989 3203 3052 quatuor
3225 2980 3452 3045 virtutes
3474 2985 3624 3032 recte

2043 3081 2342 3148 possident,
2391 3079 2446 3135 bi
2475 3086 2682 3148 septem
2716 3076 2966 3146 panibus,
3000 3074 3104 3130 hoc
3132 3083 3239 3137 est,
3287 3071 3459 3140 magis
3508 3068 3623 3137 epi-

2046 3173 2328 3229 ritualibus
2359 3178 2414 3226 et
2457 3167 2713 3240 perfectis
2762 3166 3104 3223 sermonibus
3151 3172 3470 3233 pascuntur.
3519 3160 3621 3215 Se-

2044 3265 2329 3338 ptenarius
2351 3264 2496 3320 enim
2527 3275 2808 3326 numerus,
2842 3270 3048 3330 septem
3080 3256 3440 3327 spiritualium
3465 3257 3627 3309 dono-

2045 3375 2162 3416 rum
2193 3366 2276 3413 est
2297 3357 2634 3429 symbolum.
2660 3352 3019 3409 Discumbunt
3061 3359 3239 3405 autem
3309 3362 3472 3417 super
3515 3355 3626 3400 ter-

2045 3468 2184 3518 ram,
2211 3450 2338 3522 quia
2381 3449 2634 3504 omnibus
2668 3446 2900 3503 terrenis
2915 3444 3228 3515 superiores
3250 3449 3400 3505 sunt,
3429 3448 3483 3495 et
3515 3437 3627 3492 cal-

2045 3554 2170 3600 cant
2206 3558 2268 3598 ea
2299 3561 2312 3597 :
2338 3539 2481 3598 sicut
2511 3549 2568 3596 et
2599 3540 2836 3610 quinque
2863 3537 3030 3592 millia
3092 3531 3483 3604 superfenum-
3519 3529 3629 3586 dis-

2043 3637 2367 3701 cubuerant,
2395 3637 2496 3691 hoc
2511 3642 2614 3701 est,
2637 3648 2856 3689 carnem
2876 3641 2928 3689 et.
2945 3632 3169 3699 gloriam
3191 3633 3538 3696 subjecerunt
3555 3625 3624 3680 “.

2053 3750 2071 3784 ι
2097 3730 2288 3788 Omnis
2335 3731 2478 3786 enim
2539 3744 2690 3791 caro,
2743 3727 2924 3782 fenum
2947 3741 2962 3780 :
2987 3732 3042 3780 et
3063 3725 3237 3781 omnis
3261 3721 3430 3794 gloria
3451 3717 3628 3773 bomi~

2047 3826 2133 3880 nis
2152 3822 2405 3880 sicutllos
2437 3822 2626 3878 feni“.
2661 3841 2680 3874 ι
2703 3821 2916 3890 Septem
2937 3827 3116 3873 autem
3147 3825 3344 3886 sporta:
3391 3814 3493 3868 hoc
3512 3811 3630 3866 loco

2043 3917 2297 3980 residue,
2328 3929 2395 3971 eo
2415 3913 2560 3984 quod
2585 3910 2888 3980 spiritualia
2924 3918 2977 3964 et
3016 3906 3336 3978 perfectiora
3367 3903 3622 3966 fuerunt,

2048 4021 2294 4078 quaenou
2321 4013 2610 4076 potuerunt
2649 4002 2954 4058 comedere.
2987 3999 3081 4054 llla
3108 3999 3269 4069 igitur
3288 4003 3629 4066 supererant,

2049 4116 2172 4173 qua:
2205 4108 2408 4170 septem
2462 4106 2658 4168 sporta:
2709 4097 2954 4165 capiunt,
2986 4094 3090 4148 hoc
3144 4099 3248 4156 est,
3286 4105 3405 4161 qua:
3484 4091 3632 4144 solus

2051 4203 2275 4250 sanctus
2305 4191 2543 4262 Spiritus
2594 4189 2718 4246 scit.
2747 4187 2978 4256 Spiritus
3018 4186 3162 4242 enim
3201 4185 3383 4240 omnia
3417 4194 3634 4240 scruta-

2053 4295 2161 4349 tur,
2190 4283 2352 4338 ctiam
2379 4280 2773 4352 profunditates
2804 4278 2919 4333 Dei.

2121 4374 2286 4432 Vens.
2323 4373 2412 4430 39.
2461 4391 2479 4426 ι
2518 4371 2584 4428 Et
2607 4370 2846 4427 dimissis
2876 4369 3050 4426 turbis
3079 4367 3396 4425 conscendit
3431 4364 3632 4431 navim,

2053 4467 2376 4539 venitquein
2405 4465 2543 4522 fines
2572 4464 2838 4536 Magdala.
2883 4481 2902 4516 ι
2935 4462 3152 4519 Secedit
3204 4459 3383 4516 Jesus.
3414 4458 3632 4516 Nullum

367 4548 520 4612 σοῦς,
556 4548 679 4601 ἐπεὶ
715 4547 867 4600 οὐδὲν
904 4549 1032 4603 ἄλλο
1077 4552 1302 4622 σημεῖον
1337 4549 1510 4605 ἐποίει
1550 4550 1767 4614 πλείους
1797 4549 1944 4623 αὑτῷ

2056 4562 2199 4617 enim
2229 4560 2441 4629 signum
2469 4559 2671 4630 plures,
2704 4567 2762 4612 ut
2786 4573 2912 4614 eum
2942 4564 3325 4626 sequerentur,
3354 4553 3632 4618 incitabat,

366 4638 685 4693 ἀκολουθεῖν
716 4637 791 4703 ὡς
819 4639 882 4692 τὸ
913 4640 1021 4695 τῶν
1051 4642 1248 4710 ἄρτων.
1271 4641 1436 4695 Ὥστε
1463 4643 1558 4695 καὶ
1587 4641 1816 4712 βασιλέα
1845 4642 1946 4696 αὑ-

367 4731 460 4782 τὸν
499 4730 722 4800 ἔμελλον
761 4731 1021 4801 ποιῆσαι,
1057 4732 1133 4797 ὡς
1174 4734 1432 4804 Ἰωάννης
1471 4734 1657 4806 φησιν.
1693 4734 1814 4790 Ἵνα
1853 4729 1948 4790 οὖν

370 4822 524 4895 φύγῃ
549 4822 646 4895 τὴν
678 4823 779 4892 τῆς
805 4824 1113 4896 τυραννίδος
1142 4825 1401 4896 ὑποψίαν,
1433 4815 1772 4898 μεταϐαίνει.

952 5073 1203 5127 ΚΕΦΑΛ.
1235 5072 1350 5142 tq'.

368 5214 510 5281 Περὶ
546 5213 657 5280 τῆς
685 5213 866 5282 ζύμης
893 5213 1009 5285 τῶν
1029 5215 1386 5283 Φαρισαίων.
1415 5215 1552 5285 Περὶ
1578 5213 1690 5284 τῆς
1720 5215 1790 5270 ἐν
1811 5218 1951 5270 Και-

439 5285 655 5356 σαρείᾳ
701 5283 1142 5356 ἐπερωτήσεως.
1198 5287 1337 5354 Περὶ
1353 5295 1370 5308 '
1385 5283 1526 5356 τῆςί
1551 5283 1951 5356 ἐπιτιμήσεως

441 5355 551 5409 τοῦ
574 5354 836 5423 Πέτρου,
857 5355 1017 5421 ὅπως
1048 5355 1134 5425 μὴ
1165 5356 1420 5425 Χριστὸς
1447 5355 1631 5426 πάθη.

447 5483 467 5516 ι
494 5465 604 5519 Καὶ
629 5465 1016 5538 προσελθόντες
1047 5469 1098 5522 οι
1123 5468 1409 5538 Φαρισαῖοι
1439 5469 1533 5522 καὶ
1566 5468 1945 5536 Σαδδουκαῖοι,

371 5557 722 5630 πειράζοντες
766 5557 1134 5634 ἐπηρώτησαν
1173 5559 1337 5615 αὑτὸν
1376 5563 1600 5628 σημεῖον
1630 5562 1694 5616 ἐκ
1719 5561 1814 5616 τοῦ
1849 5564 1944 5617 οὑ-

375 5648 534 5718 ρανοῦ
559 5651 822 5715 ἐπιδεῖξαι
846 5652 1048 5717 αὐτοῖς.
1086 5671 1104 5705 ι
1134 5652 1254 5706 Κᾶν
1280 5654 1393 5716 τοῖς
1415 5654 1651 5725 δόγμασι
1675 5655 1947 5708 διίσταντο

371 5743 656 5812 Φαρισαῖοι
696 5746 792 5798 mi.
841 5745 1206 5812 Σαδδουκαῖοι,
1242 5745 1378 5801 ἀλλά
1422 5762 1480 5814 γε
1529 5748 1666 5801 κατὰ
1707 5747 1945 5819 Χριστοῦ

2057 4668 2218 4723 quam
2251 4652 2381 4708 illud
2415 4651 2558 4722 quod
2585 4651 2642 4706 in
2690 4648 3119 4718 multiplicandis
3150 4647 3384 4718 panibus
3413 4646 3633 4701 fecerat.

2054 4745 2132 4800 lta
2163 4755 2221 4800 ut
2254 4745 2438 4811 etiam,
2480 4741 2937 4814 quemadmodum
2962 4741 3040 4795 ait
3060 4739 3322 4806 Joannes,
3358 4738 3412 4792 in
3451 4751 3633 4806 regem

2056 4838 2381 4910 assumpturi
2428 4845 2585 4892 erant
2645 4835 2796 4892 illum
2818 4835 2888 4889 ’³.
2946 4832 3104 4890 Unde
3152 4841 3209 4888 el.
3258 4829 3483 4894 secedit,
3528 4841 3636 4898 quo

2056 4929 2358 5000 tyrannidis
2385 4929 2605 5000 effugiat
2641 4927 3035 4998 suspicionem.

2649 5075 2874 5136 CAPUT
2902 5074 3043 5132 XVI.

2060 5210 2136 5268 De
2167 5213 2420 5283 fermento
2449 5211 2870 5283 Pharisaeorum.
2905 5210 2994 5283 οε
3008 5209 3152 5283 facta
3179 5207 3437 5283 Cursarem
3469 5207 3640 5283 ίιιιειξς

2131 5277 2422 5364 rogatione.
2459 5283 2532 5338 De
2571 5281 2926 5350 increpatione
2954 5277 3104 5335 Petri
3162 5278 3425 5334 renitentia
3485 5280 3639 5334 (Jh‘ri-

2128 5365 2270 5408 stum
2295 5364 2431 5423 patr.

2131 5469 2296 5527 Vsus.
2329 5471 2378 5524 l.
2414 5487 2432 5521 ι
2461 5468 2528 5526 Ει
2551 5466 2791 5538 aggressi
2820 5465 3078 5522 Pbarismi
3137 5481 3241 5521 una
3263 5479 3385 5520 cum
3430 5462 3642 5518 Saddu-

2056 5563 2204 5628 eaeis,
2220 5569 2490 5619 tentantes
2505 5561 2766 5631 rogabant
2781 5574 2904 5616 eum
2928 5560 3214 5632 utsignum
3233 5573 3264 5614 e
3288 5557 3428 5614 coelo
3450 5566 3639 5612 osten-

2055 5655 2205 5712 deret
2237 5655 2360 5712 sibi.
2400 5673 2419 5707 ι
2456 5653 2692 5708 Tametsi
2757 5653 3025 5724 dogmatis
3075 5652 3371 5708 dissideant
3429 5648 3638 5704 Saddu-

2060 5751 2154 5805 cani
2188 5760 2242 5804 et
2274 5748 2559 5815 Pharis-sci,
2595 5747 2946 5806 nihilominus
3000 5756 3178 5804 tamen
3241 5753 3429 5800 contra
3479 5738 3637 5797 Chri-

448 5906 487 5938 ’ί
528 5905 695 5964 Εςιιί.
769 5924 875 5976 xtv,
921 5908 1000 5964 I8.
1079 5909 1122 5940 "
1160 5907 1414 5975 lCor.:t,
1464 5909 1549 5964 10.
1627 5907 1851 5965 "Joan.
1885 5924 1956 5978 vx,
2001 5910 2086 5966 l5.
