3914 6614
415 466 520 531 315

1340 458 1926 522 THEOPHYLACTI
1963 459 2379 522 BULGARIIE
2402 460 2772 523 ARCHIEP.

3557 443 3663 526 ιιι

409 590 562 634 ‘stttm
593 575 924 644 conspirant.
954 569 1178 641 Signum
1214 574 1398 623 autem
1430 583 1462 624 e
1486 567 1626 624 coelo
1669 575 1875 637 petunt,
1934 573 1993 621 ut

2128 567 2473 637 υμπνέουσιο
2513 569 2742 638 σημεῖον
2781 567 2836 620 δὲ
2880 566 2945 622 ἐκ
2982 565 3076 622 τοῦ
3120 565 3354 639 οὐρανοῦ
3395 567 3661 640 ζητοῦσιν,

419 673 614 724 sistere
661 666 830 721 solem
876 663 960 719 vel
985 663 1189 717 lunam.
1222 661 1618 715 Existimabam
1667 659 1812 713 enim
1855 658 1997 727 quod

421 763 573 832 signa
603 775 722 828 quae
757 771 919 828 super
948 766 1147 811 terram
1175 755 1396 822 liebanl,
1455 753 1720 810 diabolica
1768 761 1771 766 '
1801 752 2000 806 virtute

421 865 476 908 et
503 854 556 907 in
588 851 890 906 Beelzebub
929 849 1144 904 fierent.
1167 845 1493 918 lgnorabant
1513 844 1655 899 enim
1685 843 2000 913 insipientes

422 946 564 1014 quod
590 944 700 1015 83
733 953 787 998 et
838 941 1016 997 Moses
1071 941 1123 995 in
1161 937 1392 1009 [Egypto
1424 937 1589 993 multa
1619 937 1773 1006 signa
1835 951 2000 1006 super

428 1049 627 1093 terram
654 1038 880 1100 fecerat,
911 1042 965 1089 et
986 1035 1162 1106 ignem
1192 1048 1222 1087 e
1268 1031 1405 1087 caelo
1441 1030 1789 1086 descendisse
1838 1043 2002 1099 super

427 1143 618 1199 pecora
664 1127 784 1191 Job,
814 1141 842 1179 a
888 1124 1104 1180 diabolo
1154 1129 1292 1189 erat,
1331 1130 1495 1192 atque
1523 1121 1656 1176 adeo
1687 1135 1791 1176 non
1819 1120 1999 1175 omnia

427 1235 598 1289 qttaee
620 1219 786 1284 ccelo,
814 1232 842 1271 a
877 1215 987 1271 Deo
1022 1233 1035 1270 :
1074 1229 1248 1285 neque
1295 1228 1416 1283 quae
1442 1214 1494 1268 in
1555 1221 1698 1267 terra
1726 1211 1932 1278 omnia,
1971 1227 2000 1267 a

427 1311 778 1366 dmmonibus.

423 1427 430 1430 -
503 1401 664 1457 Vsus.
695 1401 813 1457 2-4.
853 1419 871 1453 ι
907 1401 977 1454 At
1012 1399 1102 1456 ille
1138 1399 1499 1470 respondens,
1539 1399 1677 1454 dixit
1707 1399 1787 1454 eis
1816 1418 1828 1455 :
1866 1398 2001 1453 Cum

430 1495 655 1564 cmperit
688 1509 808 1550 esse
851 1507 1101 1563 vespera,
1137 1491 1340 1558 dicitis,
1369 1490 1646 1547 Seneritas
1698 1493 1834 1558 erit,
1882 1506 2004 1546 nam

435 1587 589 1640 rubet
639 1585 858 1640 malum.
913 1583 980 1638 Et
1026 1598 1227 1639 mane:
1262 1583 1432 1639 Hodie
1483 1592 1794 1653 tempestas,
1849 1586 2008 1639 rubet

433 1677 578 1731 enim
614 1677 810 1732 ccelum
845 1675 1014 1731 triste.
1061 1676 1399 1747 Hypocritae,
1455 1676 1647 1732 faciem
1696 1678 1820 1732 caeli
1861 1677 2008 1733 scitis

435 1769 765 1841 dijudicar’e,
817 1771 971 1840 signa
1003 1786 1134 1825 vero
1184 1781 1484 1841 temporum
1527 1787 1633 1827 non
1683 1773 1945 1842 potestis?
1985 1794 2002 1825 ι

435 1861 798 1931 Repreliendit
831 1860 1143 1916 tentativam
1195 1862 1409 1916 illorutn
1440 1862 1816 1933 quaestionem,
1845 1863 2011 1934 hypo-

435 1952 604 2007 critas
645 1952 790 2021 ipsos
835 1953 1146 2016 nominans,
1186 1963 1239 2007 et
1279 1954 1452 2023 inquit
1494 1972 1508 2008 :
1546 1954 1698 2009 Sicut
1729 1955 2007 2024 signorum

438 2045 813 2113 apparentium
851 2044 902 2098 in
932 2044 1070 2100 caelo
1101 2045 1243 2100 aliud
1268 2045 1485 2114 quidem
1511 2045 1837 2115 pluvarium,
1864 2045 2007 2101 aliud

439 2145 618 2189 autem
659 2135 970 2191 serenitatis
1017 2137 1275 2191 indicium
1327 2145 1447 2192 est:
1501 2149 1555 2192 et
1607 2152 1766 2193 nemo
1820 2139 2008 2194 videns

437 2227 742 2296 pluviarum
789 2228 1022 2299 signum,
1066 2228 1420 2284 serenitatem
1452 2229 1715 2300 requirit:
1748 2230 1833 2285 vel
1861 2244 2011 2286 sere-

440 2315 628 2370 uitatis
653 2314 867 2384 signum
897 2317 1118 2383 videns,
1151 2316 1358 2388 pluvias
1384 2317 1532 2372 timet
1560 2337 1574 2374 :
1617 2319 1698 2374 sic
1743 2329 1798 2374 et
1830 2319 1898 2376 de
1925 2334 2011 2375 me

440 2407 681 2476 wgitare
701 2415 934 2476 oportet,
961 2407 1105 2476 quod
1127 2408 1272 2463 aliud
1299 2415 1509 2478 tempus
1535 2409 1694 2481 hujus
1721 2410 2008 2480 adventus,

441 2510 497 2556 et
525 2500 670 2555 aliud
704 2500 893 2556 futuri.
930 2500 1082 2557 Nunc
1118 2516 1254 2571 opus
1282 2512 1366 2558 est
1392 2502 1668 2559 miraculis
1714 2504 1767 2558 in
1816 2514 1957 2560 terra
1994 2522 2008 2560 :

429 2607 561 2660 quae
593 2600 769 2646 autem
804 2593 854 2646 iu
893 2592 1030 2648 caelo
1080 2593 1243 2658 flent,
1292 2608 1462 2664 usque
1515 2593 1569 2649 in
1622 2594 1754 2651 illud
1804 2604 2015 2666 tempus

445 2684 885 2751 reservabuntur,
915 2699 1022 2754 quo
1059 2683 1141 2740 sol
1175 2685 1573 2756 exstinguetur,
1608 2685 1733 2741 luna
1769 2686 2010 2742 occulta-

446 2775 610 2842 bitur,
660 2776 856 2832 caelum
902 2776 1276 2832 immutabitur
1329 2778 1396 2831 “.
1459 2796 1479 2830 ι
1535 2777 1694 2834 Natio
1744 2793 1908 2848 prava
1963 2787 2018 2835 et

445 2867 687 2922 adultera
722 2868 936 2939 signum
964 2869 1215 2938 requirit,
1248 2882 1302 2925 et
1328 2870 1544 2940 signum
1578 2885 1682 2925 non
1709 2871 1924 2925 dabitur
1944 2871 2016 2937 ei,

445 2955 549 3010 nisi
578 2957 788 3025 signum
811 2956 960 3011 Jonae
993 2959 1294 3028 prephetre.
1325 2960 1392 3014 Et
1423 2960 1625 3017 relictis
1655 2961 1781 3027 illis,
1810 2962 1962 3017 abiit.
1995 2981 2013 3014 ι

444 3043 605 3101 Natio
631 3047 790 3112 mala,
816 3055 1002 3117 utpote
1029 3055 1248 3104 tentans
1272 3067 1285 3104 :
1312 3059 1368 3103 et
1391 3050 1654 3114 adultera,
1681 3060 1740 3106 ut
1766 3053 2021 3108 deficiens

447 3151 477 3189 a
534 3134 672 3202 Deo,
733 3147 786 3192 et
845 3138 1129 3194 adhterens
1188 3140 1424 3195 diabolo.
1475 3141 1788 3199 Petentibus
1838 3151 2017 3199 autem

2099 653 2211 710 οἷον
2239 658 2391 727 ήλιον
2430 656 2652 727 στῆσαι,
2694 658 2947 729 σελήνην·
2977 657 3202 712 ἐδόκουν
3234 659 3343 730 γὰρ
3374 660 3457 712 ὅτι
3485 661 3552 713 τὰ
3584 662 3664 716 ἐπὶ

2100 752 2200 818 τῆς
2229 753 2330 822 γῆς
2377 754 2599 824 σημεῖα,
2658 751 2766 806 ἀπὸ
2804 753 3124 824 δαιμονικῆς
3169 753 3452 822 δυνάμεως
3487 754 3581 807 καὶ
3615 758 3666 810 ἐν

2101 843 2432 910 Βεελζεϐοὐλ
2469 849 2729 914 γίνονται.
2776 846 3037 915 Ἠγνόουν
3073 847 3182 917 γὰρ
3222 848 3270 899 οί
3302 847 3549 916 ἀνόητοι,
3594 849 3666 901 ὅτι

2101 934 2197 986 καὶ
2227 934 2256 987 6
2279 934 2486 1005 Μωσῆς
2515 935 2572 988 ἐν
2609 936 2872 1006 Αἰγύπτῳ
2909 937 3080 991 πολλὰ
3122 939 3325 1007 σημεῖα
3357 938 3420 991 ἐκ
3455 938 3555 1006 τῆς
3576 939 3668 1008 γῆς

2102 1025 2349 1096 ἐποίησε,
2391 1028 2486 1082 καὶ
2513 1029 2574 1082 τὸ
2610 1030 2722 1102 πῦρ
2749 1029 2810 1082 τὸ
2854 1029 2912 1095 ἐξ
2941 1030 3172 1100 οὐρανοῦ
3203 1028 3462 1083 κατελθὸν
3491 1030 3588 1082 ἐπὶ
3610 1032 3670 1084 τὰ

2103 1119 2194 1171 τοῦ
2236 1117 2360 1172 Ἰὼϐ
2387 1121 2578 1191 κτήνη,
2613 1122 2720 1176 ἀπὸ
2740 1121 2833 1175 τοῦ
2859 1123 3106 1178 διαϐόλου
3137 1119 3225 1194 ἦν·
3252 1123 3392 1176 ὥστε
3417 1125 3476 1176 οὐ
3504 1124 3672 1180 πάντα

2103 1213 2172 1265 τὰ
2205 1213 2265 1277 ἐξ
2287 1200 2524 1284 ¹οὐρανοῦ
2547 1255 2561 1281 ,
2588 1217 2652 1269 ἐκ
2695 1214 2855 1270 Θεοῦ·
2882 1216 3001 1270 οὐδέ
3032 1216 3100 1270 τὰ
3128 1217 3194 1270 ἐκ
3223 1217 3325 1288 γῆς
3371 1218 3582 1280 πάντα,
3616 1221 3673 1273 ἐκ

2105 1303 2395 1376 δαιμόνων.

2182 1416 2201 1449 ι
2250 1398 2309 1451 ’0
2338 1398 2395 1451 δὲ
2450 1400 2768 1470 ἀποκριθεὶς
2797 1395 2950 1455 εἶπεν
2977 1401 3181 1466 αὐτοῖς·
3225 1403 3420 1474 Ὀψίας
3453 1407 3673 1474 γενομέο

2109 1507 2227 1557 νης,
2274 1489 2482 1559 λέγετε·
2519 1491 2707 1559 Εὐδία,
2744 1494 3016 1565 πυρράζει
3066 1495 3177 1565 γὰρ
3215 1497 3243 1550 6
3279 1497 3532 1567 οὐρανός.
3579 1499 3678 1552 Καὶ

2112 1599 2269 1653 πρω·
2334 1584 2582 1655 Σήμερον
2625 1584 2854 1656 χειμὼν,
2900 1587 3171 1658 nupserat
3227 1588 3344 1660 γὰρ,
3371 1589 3678 1657 στυγνάζων

2110 1678 2138 1728 6
2166 1675 2396 1746 οὐρανός
2417 1693 2432 1709 ⁸
2469 1677 2787 1749 ὑποκριταὶ,
2809 1677 2866 1730 τὸ
2895 1677 2992 1748 μὲν
3024 1679 3315 1750 πρόσωπον
3339 1679 3434 1732 τοῦ
3455 1681 3678 1748 οὐρανοῦ

2111 1765 2409 1834 γινώσκετε
2441 1767 2762 1840 διακρίνειν,
2792 1769 2860 1822 τὰ
2896 1770 2952 1822 δὲ
2992 1773 3196 1841 σημεῖα
3225 1772 3332 1825 τῶν
3373 1770 3595 1843 καιρῶν
3624 1773 3678 1825 οὐ

2113 1859 2340 1913 δύνασθε
2365 1877 2379 1927 ;
2415 1879 2433 1913 ι
2456 1860 2700 1931 Ἐλέγχει
2722 1861 2822 1931 τὴν
2853 1863 3214 1934 πειραστικὴν
3232 1863 3412 1916 αὐτῶν
3439 1863 3678 1933 ζήτησιν,
3718 1911 3722 1914 .

2116 1952 2415 2024 ὑποκριτὰς
2441 1952 2639 2016 αὐτοὺς
2677 1952 2980 2023 ὀνομάζων,
3014 1955 3111 2008 καὶ
3144 1956 3309 2025 φησὶν
3357 1957 3442 2008 ὅτι
3472 1956 3679 2024 ’Ὠσπερ

2112 2045 2220 2098 τῶν
2254 2046 2312 2099 tv
2349 2045 2562 2118 οὐρανῷ
2595 2047 2934 2117 φαινομένων
2977 2047 3106 2101 ἄλλο
3164 2049 3264 2118 μὲν
3295 2047 3392 2100 τοῦ
3423 2048 3682 2117 χειμῶνος

2117 2138 2360 2208 σημεῖον,
2391 2137 2521 2191 ἄλλο
2546 2138 2603 2192 δὲ
2625 2139 2727 2208 τῆς
2760 2139 2962 2205 εὐδίας,
2993 2139 3091 2193 καὶ
3137 2140 3238 2193 οὐκ
3276 2140 3342 2194 ἂν
3372 2157 3456 2203 τις
3501 2140 3565 2192 τὺ
3595 2157 3683 2209 σηο

2118 2231 2269 2300 μεῖον
2301 2227 2395 2282 τοῦ
2441 2229 2712 2300 χειμῶνος
2763 2229 2906 2298 ίδὼν,
2948 2231 3192 2302 γαλήνην
3223 2231 3541 2302 ζητήσειεν,
3573 2231 3684 2284 οὐδέ

2117 2321 2176 2374 τὸ
2203 2321 2302 2390 τῆς
2336 2321 2600 2393 γαλήνης,
2631 2323 2908 2394 χειμῶνα·
2937 2323 3078 2378 οὕτω
3112 2325 3206 2378 καὶ
3238 2325 3366 2395 περὶ
3387 2323 3525 2394 ἐμοῦ
3552 2323 3688 2393 λογί-

2119 2413 2311 2478 ζεσθαι
2338 2414 2468 2486 χρή.
2497 2414 2691 2479 Ἀλλος
2729 2415 2837 2486 γὰρ
2885 2408 3040 2480 οὗτος
3066 2415 3166 2486 τῆς
3201 2417 3506 2486 παρουσίας
3527 2417 3556 2469 6
3577 2433 3688 2491 και-

2118 2504 2233 2576 ρὸς,
2266 2501 2552 2568 καῖἄλλος
2582 2507 2610 2559 6
2652 2505 2865 2574 μέλλων
2887 2522 2902 2538 ο
2937 2505 3034 2560 νῦν
3064 2507 3223 2578 χρεία
3253 2507 3361 2560 τῶν
3402 2507 3461 2559 ἐν
3502 2509 3574 2577 γῇ
3601 2522 3689 2576 σηρ

2115 2593 2313 2665 μείων.
2341 2594 2420 2648 Τὰ
2445 2592 2503 2646 δὲ
2537 2594 2594 2648 ἐν
2633 2593 2711 2664 τῷ
2733 2592 2971 2665 οὐρανῷ,
3005 2595 3063 2647 ἐν
3099 2594 3292 2661 ἐκείνῳ
3316 2592 3392 2663 τῷ
3411 2591 3590 2664 καιρῷ
3605 2608 3690 2644 ται

2122 2689 2391 2757 μιεύεται,
2423 2686 2514 2740 ὅτε
2565 2687 2594 2739 6
2635 2686 2788 2757 ἥλιος
2833 2685 3214 2758 σϐεσθήσεται,
3253 2687 3286 2756 ή
3330 2685 3531 2755 σελήνη
3567 2700 3691 2755 κρυ-

2119 2777 2413 2848 ϐήσεται,ό
2435 2778 2664 2849 οὐρανὸς
2704 2777 3121 2847 ἁλλαγήσεται.ι
3151 2774 3319 2828 Γενεὰ
3352 2773 3572 2843 πονηρὰ
3602 2772 3691 2826 καὶ

2123 2867 2371 2938 μοιχαλὶς
2400 2869 2626 2939 σημεῖον
2653 2865 2923 2937 ἐπιζητεῖ,
2951 2866 3046 2920 καὶ
3079 2867 3304 2936 σημεῖον
3324 2865 3384 2918 οὐ
3409 2865 3691 2935 δοθήσεται

2120 2959 2282 3029 αὐτῇ,
2319 2959 2367 3011 εί
2397 2957 2472 3030 μὴ
2504 2956 2565 3012 τδ
2620 2959 2848 3029 σημεῖον
2881 2957 3041 3010 Ἰωνᾶ
3089 2955 3182 3009 τοῦ
3241 2955 3552 3026 προφήτου,
3605 2953 3693 3004 καὶ

2123 3049 2438 3106 καταλιπὼν
2471 3050 2670 3114 αὐτοὺς
2700 3049 2935 3121 ἀπῆλθε.
2975 3068 2994 3102 ι
3020 3048 3245 3119 Πονηρὰ
3266 3047 3449 3116 γενεὰ,
3471 3045 3549 3108 ὡς
3583 3061 3695 3096 πειο

2126 3139 2402 3213 ράζοντες,
2452 3141 2732 3212 μοιχαλὶς,
2765 3141 2841 3205 ὡς
2876 3141 3235 3211 ἀφιστάμενοι
3273 3138 3368 3194 τοῦ
3416 3137 3579 3190 Θεοῦ·
3608 3136 3696 3190 καὶ

435 3228 658 3300 signum
684 3246 714 3286 e
737 3231 897 3298 ctelo,
926 3247 1029 3286 non
1053 3233 1143 3286 dat
1174 3232 1276 3287 nisi
1299 3233 1515 3301 signum
1547 3232 1696 3289 Jonae
1719 3235 2015 3305 prophetae,

2128 3237 2459 3307 κολλώμενοι
2483 3236 2561 3306 τῷ
2598 3234 2852 3305 διαϐόλῳ.
2883 3235 3118 3304 Σημεῖον
3164 3233 3220 3286 δὲ
3251 3232 3309 3298 ἐξ
3339 3229 3576 3302 οὐρανοῦ
3605 3232 3698 3299 ζη·

452 3322 554 3375 ltoe
585 3331 687 3387 est,
717 3323 861 3392 quod
888 3325 941 3376 in
973 3331 1166 3379 ventre
1185 3326 1361 3394 magni
1395 3327 1521 3393 ceti,
1548 3327 1648 3381 hoc
1673 3337 1776 3392 est,
1808 3331 2018 3395 mortis,

452 3412 626 3468 factus
653 3415 957 3482 triduanus,
984 3426 1248 3486 resurget.
1278 3416 1390 3473 lloc
1412 3427 1591 3473 autem
1619 3419 1831 3488 signum
1860 3421 2020 3476 etiam

450 3521 483 3560 e
519 3506 658 3561 cmlo
685 3520 806 3562 esse
837 3508 1060 3564 dixeris.
1092 3507 1150 3562 ln
1182 3519 1354 3565 morte
1383 3511 1527 3565 enim
1557 3513 1674 3581 ejus
1703 3512 2027 3569 obtenebra-

454 3610 540 3654 tus
564 3609 646 3655 est
681 3598 792 3668 sol,
835 3609 890 3656 et
935 3612 1183 3656 creatura
1222 3603 1396 3657 onmis
1440 3603 1721 3658 immutata
1755 3614 1857 3660 est.
1894 3607 2026 3662 Vide

455 3701 635 3746 autem
681 3708 1022 3748 sermonem:
1061 3713 1078 3745 ι
1123 3693 1348 3764 Signum
1410 3710 1518 3750 non
1564 3697 1780 3751 dabitur
1827 3699 1874 3753 ei
1921 3699 2026 3754 nisi

454 3783 666 3852 signum
687 3782 834 3837 Jonze
855 3785 1146 3853 prophetat.
1176 3803 1194 3836 ι
1226 3786 1360 3855 Ipsis
1380 3788 1522 3841 enim
1548 3787 1670 3842 data
1695 3798 1821 3843 sunt
1846 3791 2024 3859 signa,

458 3875 560 3930 ltoe
588 3883 689 3942 est,
721 3886 942 3946 propter
970 3878 1115 3947 ipsos
1147 3876 1291 3933 facta
1317 3886 1475 3946 sunt,
1512 3880 1726 3934 tametsi
1763 3896 1864 3936 non
1905 3897 2027 3938 cre-

458 3966 712 4024 diderint.
744 3969 978 4026 Proinde
1010 3979 1063 4025 et
1100 3970 1305 4027 relictis
1347 3969 1455 4027 illis
1495 3979 1552 4026 ut
1602 3971 2025 4040 incurabilibus,

457 4055 611 4113 abiit.

531 4251 694 4308 Vens.
737 4254 791 4316 5,
823 4254 874 4309 6.
907 4275 926 4307 ι
961 4255 1176 4310 Etcum
1213 4253 1488 4309 venissent
1527 4253 1772 4324 discipuli
1814 4255 1931 4326 ejus
1976 4255 2028 4310 in

461 4343 773 4399 ulteriorem
823 4345 1025 4413 ripam,
1067 4361 1165 4415 per
1209 4343 1532 4399 oblivionem
1568 4359 1676 4399 non
1708 4356 2032 4414 acceperunt

461 4449 648 4505 panes.
680 4433 748 4488 At
779 4434 934 4490 Jesus
963 4436 1097 4489 dixit
1130 4435 1236 4490 illis
1264 4454 1278 4490 :
1313 4433 1498 4489 Videte
1539 4443 1594 4489 et
1626 4441 1815 4488 cavete
1844 4449 1874 4488 a
1921 4433 2032 4488 fcr-

463 4535 648 4580 tnento
681 4526 1079 4580 Pharisaeorum
1119 4535 1174 4580 et
1223 4525 1665 4581 Sadducaeorum.
1703 4542 1722 4576 ι
1758 4523 2032 4591 ριιειηεά-

2123 3327 2385 3393 τούντων,
2418 3327 2479 3379 οὐ
2501 3325 2716 3381 δίδωσιν
2743 3326 2790 3378 εί
2814 3325 2889 3396 μὴ
2940 3325 3002 3378 τὸ
3038 3326 3264 3394 σημεῖον
3303 3321 3477 3388 Ἰωνᾶ,
3539 3337 3699 3374 τουτ-

2123 3422 2292 3488 έστιν,
2318 3421 2399 3475 ὅτι
2421 3421 2719 3492 τριήμερος
2747 3420 2802 3471 ἐν
2821 3423 2886 3490 τῇ
2905 3417 3083 3489 κοιλίᾳ
3112 3415 3208 3470 τοῦ
3235 3415 3476 3486 μεγάλου
3500 3415 3698 3484 κήτους

2123 3513 2218 3567 τοῦ
2272 3513 2508 3571 θανάτου
2565 3512 2877 3583 γενόμενος,
2933 3511 3322 3582 ἀναστήσεται.
3354 3507 3526 3561 Τοῦτο
3571 3505 3703 3559 δὲτὸ

2127 3609 2373 3678 σημεῖον,
2404 3609 2496 3660 καὶ
2525 3603 2586 3670 ἐξ
2618 3604 2850 3677 οὐρανοῦ
2881 3604 3053 3666 είποις
3079 3602 3145 3657 ἂν
3163 3597 3324 3655 εἶναι.
3368 3601 3457 3653 Ἓν
3489 3600 3604 3670 γὰρ
3630 3597 3702 3666 τῷ

2128 3698 2342 3768 Θανάτῳ
2363 3697 2551 3762 αὐτοῦ,
2575 3697 2603 3749 6
2628 3696 2778 3766 ἥλιος
2806 3693 3093 3764 ἐσκοτίσθη
3117 3709 3130 3722 ο
3166 3692 3265 3744 καὶ
3288 3692 3320 3761 ἡ
3347 3689 3524 3751 κτίσις
3559 3689 3704 3740 πᾶσα

2126 3791 2408 3863 ἠλλοίωτο.
2445 3790 2591 3860 Ὅρα
2623 3787 2680 3841 δὲ
2698 3787 2796 3856 τὴν
2818 3786 3019 3852 λέξιν,ι
3061 3785 3294 3854 Σημεῖον
3325 3781 3386 3834 οὐ
3417 3779 3704 3851 δοθήσεται

2126 3888 2263 3960 αὐτῇ
2297 3887 2346 3939 εί
2372 3885 2448 3958 μὴ
2477 3885 2539 3938 τὸ
2580 3885 2806 3956 σημεῖον
2849 3882 3004 3936 Ἰωνᾶ
3061 3879 3155 3934 τοῦ
3193 3878 3498 3948 προφήτου.
3545 3894 3565 3926 ι
3607 3875 3709 3929 Αὖ-

2125 3982 2240 4044 τοῖς
2265 3978 2374 4049 γὰρ
2419 3976 2655 4031 ἐδίδοντο
2703 3974 2772 4029 τὰ
2828 3974 3053 4044 σημεῖα,
3096 3969 3365 4033 τουτέστι,
3411 3966 3480 4020 δι’
3510 3965 3709 4027 αὐτοὺς

2130 4070 2394 4141 ἐγίνοντο,
2429 4070 2535 4124 κᾶν
2567 4069 2767 4122 ἐκεῖνοι
2807 4065 3097 4135 ἠπίστουν.
3131 4063 3224 4115 Διὸ
3269 4061 3363 4115 καὶ
3391 4057 3710 4113 καταλιπὼν

2131 4163 2328 4226 αὐτοὺς
2352 4162 2427 4226 ὡς
2445 4159 2878 4232 ἀθεραπεύτους,
2909 4155 3175 4229 ἀπῆλθεν.

2210 4274 2229 4308 t
2273 4255 2386 4308 Καὶ
2424 4254 2672 4317 ἐλθόντες
2725 4254 2774 4306 οἱ
2829 4251 3071 4323 μαθηταὶ
3112 4247 3281 4303 αὐτοῦ
3310 4249 3390 4310 είς
3419 4246 3480 4300 τὸ
3512 4245 3710 4316 πέραν,

2134 4347 2462 4402 ἐπελάθοντο
2500 4347 2699 4418 ἄρτους
2736 4344 2943 4397 λαϐεῖν.
2988 4342 3133 4396 Ὀ·δέ
3173 4338 3384 4410 Ἰησοῦς
3427 4334 3586 4390 εἶπεν
3612 4335 3711 4390 αὐ-

2137 4442 2281 4503 τοῖς·
2326 4437 2524 4508 Ὁρᾶτε
2551 4437 2647 4490 καὶ
2683 4435 2981 4508 προσέχετε
3008 4433 3116 4488 ἀπὸ
3137 4432 3234 4501 τῆς
3269 4429 3449 4499 ζύμης
3472 4428 3586 4480 τῶν
3613 4428 3717 4478 Φα-

2137 4533 2366 4604 ρισαίων
2405 4531 2500 4584 καὶ
2541 4528 2941 4583 Σαδδουκαίων.
2982 4545 3002 4579 ι
3035 4527 3248 4595 Ὠσπερ
3280 4526 3312 4594 ἡ
3343 4523 3489 4593 ζύμη
3507 4520 3716 4587 ὀξώδης

463 4619 682 4672 modum
729 4617 1049 4672 fermentum
1096 4634 1340 4672 amarum
1393 4629 1475 4674 est
1524 4629 1579 4673 et
1628 4628 1821 4686 vetus,
1876 4620 1948 4672 ita
1981 4631 2018 4672 e1

2138 4624 2257 4676 ἐστὶ
2302 4622 2396 4675 καὶ
2447 4619 2672 4684 παλαιὰ,
2703 4618 2846 4673 οὐτω
2875 4619 2969 4672 καὶ
3020 4621 3053 4688 ἡ
3101 4619 3210 4671 τῶν
3259 4614 3575 4687 Φαρισαίων
3625 4609 3723 4664 καὶ

465 4709 857 4766 Pharisaeorum
916 4719 969 4765 et
1027 4710 1442 4766 Sudduczenrum
1508 4711 1752 4766 doctrina
1825 4711 2036 4766 mordet

467 4803 695 4869 animas,
725 4818 907 4856 amara
939 4805 1230 4870 exsistens,
1255 4813 1309 4857 et
1333 4813 1545 4858 veteres
1573 4803 1844 4856 seniorum
1869 4803 2036 4855 tradi-

471 4898 646 4953 tiones
674 4898 1039 4952 iutroducens.
1074 4896 1140 4950 Et
1160 4897 1301 4953 sicut
1326 4897 1647 4950 fermentum
1677 4903 2035 4962 temperatura

468 5003 551 5048 est
589 5009 741 5062 aquae
793 5003 847 5046 et
900 4991 1090 5046 farinae
1139 5009 1152 5045 :
1207 4993 1286 5046 sic
1338 4991 1581 5045 doctrina
1634 4989 2031 5044 l’hariszenrum

475 5086 632 5139 mista
673 5095 758 5140 est
801 5100 866 5138 ex
932 5099 1179 5140 sermone
1222 5094 1278 5139 et
1339 5099 1404 5138 ex
1455 5083 1560 5136 vita
1602 5092 1873 5152 corrupta.
1926 5080 2038 5134 Non

473 5179 608 5233 dixit
639 5187 819 5231 autem
850 5177 958 5232 illis
986 5178 1302 5231 manifeste:
1335 5176 1532 5231 Cavete
1559 5194 1586 5228 ιι
1627 5176 1872 5228 doctrina
1898 5173 2040 5226 Plia-

472 5271 773 5337 risteorum,
805 5278 863 5323 ut
889 5260 1153 5326 memores
1179 5285 1272 5324 eos
1310 5267 1516 5323 faceret
1545 5267 1684 5338 signi
1712 5282 1929 5336 panum.

549 5455 713 5512 Vens.
739 5456 878 5510 7-12.
915 5476 933 5509 ι
969 5457 1035 5512 At
1063 5456 1136 5511 illi
1162 5454 1477 5526 reputabant
1499 5455 1638 5508 intra
1666 5467 1742 5519 se,
1768 5453 2044 5506 dicentes:

480 5547 656 5603 Panes
705 5563 812 5602 non
868 5550 1213 5617 sumpsimus.
1262 5546 1413 5612 Quod
1449 5546 1536 5600 ubi
1569 5543 1821 5614 cognovit
1865 5541 2045 5606 Iesus,

478 5642 615 5698 dixit
650 5642 790 5696 illis:
824 5643 961 5709 Quid
988 5641 1238 5709 cogitatis
1273 5641 1412 5694 intra
1461 5640 1740 5709 vosipsos,
1789 5651 1820 5688 n
1859 5650 2046 5703 parum

450 5732 742 5802 "fidentes,
809 5734 950 5804 quod
998 5749 1164 5802 panos
1220 5749 1324 5788 non
1379 5729 1752 5802 sumpseritis?
1796 5727 2044 5785 Nerulum

560 5919 602 5952 “
635 5918 829 5973 Matth.
866 5932 1014 5982 xxiv,
1047 5917 1136 5972 εει).

2141 4711 2519 4767 Σαδδουκαίων
2558 4709 2882 4764 διδασκαλία
2911 4708 3102 4763 ἔδακνε
3148 4709 3245 4772 τὰς
3282 4707 3481 4779 ψυχὰς,
3512 4704 3723 4772 ὀξώδης

2141 4801 2202 4860 οὗ
2214 4822 2299 4870 σα,
2325 4805 2419 4860 καὶ
2443 4803 2678 4868 παλαιὰς
2711 4802 3040 4874 παραδόσεις
3055 4803 3164 4856 τῶν
3195 4800 3587 4872 πρεσϐυτέρων
3611 4799 3727 4850 εἰσ-

2143 4901 2381 4968 άγουσα·
2427 4899 2522 4950 καὶ
2563 4895 2754 4965 ὥσπερ
2780 4897 2813 4966 ή
2842 4894 2988 4964 ζύμη
3013 4893 3191 4963 μίγμα
3226 4894 3374 4946 ἐστὶν
3400 4891 3594 4953 ὓδατος
3630 4892 3727 4944 καὶ

2147 4991 2402 5062 ἀλεύρου,
2456 4990 2602 5042 οὕτω
2651 4988 2745 5042 καὶ
2801 4989 2835 5058 ή
2868 4985 3188 5040 διδασκαλία
3243 4984 3351 5038 τῶν
3384 4984 3725 5053 Φαρισαίων,

2152 5085 2318 5155 μικτὴ
2349 5083 2412 5136 ἐκ
2433 5100 2491 5135 τε
2518 5081 2677 5150 λόγου
2710 5081 2806 5135 καὶ
2831 5080 2949 5150 βίου
3001 5078 3419 5150 διεφθαρμένου.
3453 5077 3567 5130 Οὐκ
3603 5074 3728 5128 εἷπε

2148 5173 2206 5226 δὲ
2234 5173 2419 5234 αὐτοῖς
2443 5171 2720 5241 φανερῶς,
2747 5169 3052 5240 Προσέχετε
3082 5169 3190 5222 ἀπὸ
3233 5169 3332 5238 τῆς
3372 5166 3730 5227 διδασκαλίας

2148 5265 2257 5318 τῶν
2281 5263 2612 5334 Φαρισαίων,
2649 5261 2735 5314 ἵνα
2792 5262 3084 5332 ὑπομνήσῃ
3111 5259 3312 5323 αὐτοὺς
3342 5259 3450 5313 τῶν
3481 5258 3731 5327 σημείων

2149 5355 2258 5407 τῶν
2287 5355 2488 5425 ἄρτων.

2224 5447 2285 5500 Oi
2315 5447 2370 5499 δὲ
2389 5445 2748 5514 διελογίζοντο
2773 5446 2830 5497 ἐν
2865 5444 3046 5506 αὐτοῖς
3082 5443 3337 5512 λέγοντες
3363 5443 3469 5504 ὅτι,
3494 5441 3734 5509 Ἀρτους

2152 5541 2250 5593 οὐκ
2280 5540 2563 5612 ἐλάϐομεν.
2594 5539 2761 5600 Γνοὺς
2791 5537 2847 5590 δὲ
2885 5539 2912 5589 6
2945 5535 3152 5607 Ἰησοῦς
3173 5575 3187 5599 ,
3223 5531 3376 5588 εἷπεν
3426 5535 3636 5595 αὐτοῖς’
3668 5532 3735 5584 Ῥί

2153 5631 2524 5699 διαλογίζεσθε
2565 5631 2623 5683 ἐν
2645 5629 2881 5694 ἑαυτοῖς,
2918 5627 3377 5695 ὀλιγόπιστοι,ὅτι
3409 5625 3603 5696 ἄρτους
3631 5623 3738 5674 οὐκ

2156 5723 2402 5788 ἐλάϐετε;
2437 5720 2606 5777 Οὐπω
2630 5723 2798 5774 νοεῖτε
2841 5720 2960 5774 οὐδὲ
2995 5717 3364 5789 μνημονεύετε
3386 5721 3507 5780 τοὺς
3556 5715 3736 5766 πέντε
