4078 6464
325 366 432 431 317

1052 368 1500 431 mansuro
1547 370 1629 432 IN
1668 353 2170 432 EVANGELIUM
2198 370 2589 435 manner.
2613 398 2683 410 —
2713 348 2873 438 CAP.
2906 374 3063 437 xvr.

3484 373 3591 440 318

327 484 540 561 ἄρτους
575 482 688 536 τῶν
739 479 1216 551 πεντακισχιλίων,
1270 481 1385 557 καὶ,
1421 481 1619 544 πόσους
1657 479 1913 549 κοφίνους

2022 477 2355 549 intelligitis,
2389 494 2561 551 neque
2615 484 2873 537 memoria
2937 483 3131 538 tenetis
3177 481 3419 555 quinque
3466 486 3589 561 illos

328 553 599 640 ἐλάϐετες
631 574 756 627 οὐδὲ
809 574 935 637 τοὺς
973 573 1113 627 ἐπτά
1170 554 1385 643 ἄρτους
1408 573 1517 627 τῶν
1546 568 1547 571 “
1573 590 1917 643 τετρακισχι-

325 658 487 726 λίων,
519 666 617 718 καὶ
670 666 845 731 πόσας
902 664 1173 734 σπυρίδας
1201 665 1463 740 ἐλάϐετες
1497 664 1622 729 Πῶς
1651 665 1711 717 ού
1743 666 1914 718 νοεῖτε
1958 672 1959 675 “

324 759 411 812 ὅτι
443 759 515 810 οὐ
551 759 682 829 περὶ
730 758 898 830 ἄρτου
936 753 1090 811 εἷπον
1121 752 1272 827 ύμῖν,
1327 758 1635 829 Προσέχετε
1684 756 1792 810 ἀπὸ
1815 756 1917 826 τῆς

326 848 523 920 ζύμης
550 850 662 904 τῶν
693 849 1005 922 Φαρισαίων
1035 849 1132 906 καὶ
1154 848 1559 914 Σαδδουκαίων;
1589 848 1724 901 Τότε
1750 839 1917 917 συνῆ-

327 959 436 996 καν
466 942 558 995 ὅτι
584 941 687 994 οὐκ
722 937 844 993 εἷπε
878 934 1169 1011 προσέχειν
1202 940 1309 994 ἀπὸ
1338 941 1436 1010 τῆς
1469 939 1649 1010 ζύμης
1689 937 1784 993 τοῦ
1815 938 1915 1010 ἄρ-

325 1048 450 1095 του,
478 1031 623 1085 ἀλλά
643 1032 754 1085 ἀπὸ
773 1031 873 1101 τῆς
902 1031 1122 1101 διδαχῆς
1149 1030 1258 1084 τῶν
1293 1031 1605 1101 Φαρισαίων
1651 1031 1747 1084 καὶ
1777 1030 1915 1084 Σαδ-

324 1124 631 1178 δουκαίων.
677 1123 962 1194 Ἐνόμιζον
981 1123 1237 1178 ὄτιτοῦτο
1272 1122 1462 1193 ἔλεγεν
1491 1123 1698 1189 αὐτοῖς,
1730 1124 1791 1177 τδ
1817 1140 1918 1192 φυ-

327 1215 638 1270 λάττεσθαι
671 1214 764 1267 τὸν
790 1217 855 1268 ἐκ
901 1215 1010 1269 τῶν
1054 1213 1365 1268 Ἰουδαϊκῶν
1402 1213 1709 1285 βρωμάτων
1757 1214 1919 1283 μολυ-

330 1306 502 1376 σμὸν,
534 1306 616 1360 διὸ
641 1306 737 1360 καὶ
786 1305 1147 1374 διελογίζοντο
1210 1306 1292 1359 ὅτι
1332 1304 1532 1376 ἄρτους
1559 1305 1658 1359 οὐκ
1689 1304 1878 1359 ἔλαὸον
1899 1321 1914 1336 ο

328 1396 594 1462 ὀνειδίζει
624 1392 717 1451 οὗν
745 1397 931 1461 αὐτοῖς
978 1397 1053 1461 ὡς
1100 1396 1349 1468 ἀνοήτοις
1378 1397 1472 1451 καὶ
1528 1396 1916 1466 ὀλιγοπίστοις.

331 1487 481 1542 Καθ’
506 1490 537 1543 ὃ
570 1490 671 1559 μὲν
702 1489 813 1561 γὰρ
845 1490 946 1544 οὐκ
983 1490 1335 1559 ἐμνήσθησαν
1374 1488 1563 1553 πόσοις
1591 1490 1780 1560 ἄρτοις
1818 1490 1917 1543 πό-

330 1597 467 1644 σους
493 1579 745 1650 ἔθρεψεν,
768 1580 1005 1649 ἀνόητοι*
1049 1580 1170 1634 καθ’
1209 1579 1237 1632 6
1260 1579 1316 1632 δὲ
1348 1580 1681 1650 ἠπίστησαν,
1707 1582 1789 1635 ὅτι
1815 1581 1918 1635 κᾶν

335 1671 416 1741 μὴ
450 1671 738 1741 ἠγόρασαν
782 1669 982 1741 ἄρτους
1041 1670 1100 1736 ἐξ
1147 1671 1453 1737 Ἰουδαίων,
1502 1670 1736 1740 ἠδύνατο
1778 1690 1920 1744 παρ-

336 1767 579 1831 αταγεῖν
606 1764 789 1828 αὐτὸς,
812 1763 952 1820 κατά
974 1762 1131 1818 τοῦτο
1163 1763 1497 1833 ὀλιγόπιστοι
1518 1778 1534 1795 σ
1564 1763 1640 1828 ὡς
1667 1764 1723 1818 δὲ
1741 1763 1917 1817 ἐπετί-

337 1871 521 1927 μησεν
550 1856 739 1920 αύτοῖς
766 1856 1148 1927 σφοδρότερον,
1167 1856 1227 1910 οὐ
1253 1857 1364 1926 γὰρ
1383 1854 1712 1926 πανταχοῦή
1741 1856 1914 1928 πραό-

331 1964 436 2016 της
470 1946 662 2012 καλὸν,
691 1948 893 2010 εὐθέως
919 1949 1160 2018 συνῆκαν
1180 1947 1262 2003 ὅτι
1299 1946 1488 2018 ,ζύμην
1516 1946 1615 2018 τὴν
1659 1947 1915 2001 διδασκα-

334 2038 466 2093 λίαν
497 2038 749 2093 ἐκάλεσε.
781 2038 1049 2093 Τοσοῦτον
1099 2038 1274 2111 ἰσχύει
1321 2036 1600 2109 πανταχοῦ
1632 2037 1916 2110 ήεύλογος

334 2131 688 2204 ἐπιτίμησις.

432 2404 684 2460 (κἚλθὼν
709 2405 766 2460 δὲ
870 2404 1078 2477 Ἰησοῦς
1107 2407 1184 2471 είς
1210 2406 1278 2461 τά
1296 2407 1440 2481 μέρη
1456 2400 1796 2479 Καισαρείας
1815 2409 1918 2479 τῆς

335 2499 632 2563 Φιλίππου,
670 2497 857 2570 ὴρώτα
883 2498 1011 2560 τοὺς
1041 2498 1293 2573 μαθητὰς
1320 2500 1510 2565 αὑτοῦ,
1540 2500 1748 2569 λέγων·
1778 2500 1913 2555 Τίνα

346 2607 413 2662 με
438 2590 695 2659 λέγουσιν
719 2592 767 2644 οῖ
796 2589 1076 2662 ἄνθρωποι
1105 2587 1266 2656 εἶναι,
1301 2591 1392 2645 τὸν
1416 2592 1545 2647 Υἱδν
1572 2592 1666 2647 τοῦ
1701 2592 1799 2647 ἀνθ
1811 2591 1917 2662 ρώ-

343 2697 484 2748 που;
525 2699 547 2735 ι
579 2681 859 2752 Ἐμνήσθη
914 2681 1008 2734 τοῦ
1054 2681 1339 2746 κτίσαντος
1371 2683 1473 2755 τὴν
1520 2684 1693 2751 πόλιν,
1728 2685 1913 2757 ἐπειδή

342 2774 454 2827 ἐστι
485 2774 582 2827 καὶ
604 2773 741 2844 ἄλλη
792 2773 1117 2845 Καισάρεια,
1148 2775 1182 2846 ή
1223 2775 1579 2846 Στράτωνος,
1602 2777 1697 2830 καὶ
1726 2777 1826 2830 ούκ
1855 2778 1914 2831 ἐν

341 2863 550 2936 ἐκείνῃ,
606 2846 726 2917 ἀλλ’
755 2865 813 2917 ἐν
841 2863 1013 2934 ταύτῃ
1069 2864 1269 2929 αὐτοὺς
1313 2866 1516 2937 ἐρωτᾷ.
1559 2866 1757 2938 nepam
1804 2866 1914 2938 γὰρ

338 2952 445 3005 τῶν
479 2953 754 3007 Ἰουδαίων
781 2954 987 3023 ἀπάγει
1044 2956 1171 3019 τοὺς
1206 2954 1481 3027 μαθητὰς,
1503 2957 1580 3021 ὡς
1612 2956 1676 3011 ἂν
1712 2956 1914 3028 μηδένα

339 3042 684 3115 ῳοὸούμενοι,
726 3045 865 3116 μετά
893 3046 1204 3119 παρρησίας
1232 3047 1447 3101 εἴπωσι.
1476 3047 1702 3117 Πρῶτον
1727 3048 1784 3102 δὲ
1810 3049 1909 3119 τὴν

1945 1814 1993 1874 Β

2019 584 2208 639 panes,
2248 586 2368 627 cum
2400 572 2645 628 homines
2676 583 2859 629 essent
2886 575 3123 646 quinque
3151 573 3340 643 millia,
3374 589 3427 636 et
3455 569 3590 650 quot

2017 663 2278 732 cophinos
2311 664 2676 720 sustuleritis?
2728 666 2900 736 neque
2953 677 3155 737 septem
3219 670 3338 726 illos
3396 687 3587 741 panes,

2018 766 2141 807 cum
2175 766 2356 809 essent
2387 764 2619 826 quatuor
2653 756 2840 820 millia,
2878 763 2933 811 et
2962 767 3096 827 quot
3124 768 3336 828 sportas
3364 775 3592 833 accepe-

2006 843 2182 898 ‘ritis?
2219 845 2318 911 Qui
2360 845 2420 901 lit
2464 856 2525 900 ut
2568 861 2672 899 non
2722 846 3163 916 intelligatis'me
3199 864 3304 905 non
3354 854 3420 906 de
3449 869 3587 922 pane

2018 934 2218 992 dixisse
2231 937 2385 993 vobis
2410 937 2541 993 illud
2561 977 2576 1003 ,
2595 946 2656 993 ut
2676 940 2940 994 caveretis
2954 955 2980 993 a
2995 938 3108 1011 84
3127 939 3386 996 fermento
3401 944 3508 997 Pha
3520 944 3562 997 ri
3577 974 3594 986 -

2019 1039 2248 1082 eteorum
2265 1037 2319 1084 et
2345 1028 2764 1085 Sadducaeorum
2787 1031 2812 1083 ?
2834 1029 2987 1085 Tune
3018 1031 3420 1095 intellexerunt,
3446 1035 3587 1101 quod

2018 1135 2126 1177 non
2142 1121 2394 1192 jussisset
2417 1136 2609 1177 cavere
2633 1136 2662 1175 a
2699 1120 2966 1177 fermento
2985 1122 3160 1192 panis,
3178 1123 3272 1177 sed
3290 1138 3319 1176 a
3343 1126 3587 1179 doctrina

2021 1213 2421 1267 Pharisaeorum
2443 1221 2496 1266 et
2519 1211 2963 1268 Sadducaorum.
2996 1231 3016 1264 ι
3038 1211 3430 1267 Existimabam
3450 1215 3592 1282 quod

2022 1306 2125 1360 hoc
2151 1302 2369 1358 diceret
2388 1303 2528 1368 illis,
2559 1311 2615 1357 ut
2644 1303 2980 1358 custodirent
3002 1318 3059 1359 se
3083 1319 3149 1358 ne
3173 1290 3593 1375 coinquinaren-

2019 1400 2114 1447 tur
2143 1409 2171 1448 a
2200 1392 2336 1448 cibis
2362 1391 2637 1459 Judaicis,
2686 1393 2913 1463 ideoque
2948 1393 3308 1463 loquebantur
3347 1394 3491 1449 inter
3534 1411 3593 1451 se

2017 1488 2159 1557 quod
2208 1501 2373 1557 panes
2410 1502 2514 1541 non
2543 1486 2898 1556 accepissent.
2960 1486 3263 1555 Exprobrat
3291 1487 3454 1555 igitur
3487 1486 3594 1543 illis

2018 1578 2158 1648 quod
2182 1587 2289 1633 tam
2318 1578 2518 1649 stupidi
2549 1586 2603 1634 et
2633 1584 2740 1631 tam
2770 1592 2950 1646 parvae
2978 1577 3103 1632 ﬁdei
3131 1586 3315 1632 essent
3341 1595 3354 1631 :
3383 1579 3591 1646 impru-

2018 1670 2208 1726 dentes
2236 1673 2378 1724 enim
2414 1678 2568 1724 erant
2607 1678 2662 1724 et
2684 1670 2916 1738 stupidi,
2958 1670 3100 1739 quod
3132 1683 3235 1724 non
3267 1670 3586 1738 cogitabant

2020 1777 2183 1832 quam
2207 1763 2394 1834 paucis
2422 1762 2649 1831 panibus
2677 1762 2873 1817 multos
2903 1776 3062 1831 supra
3089 1761 3346 1829 aluisset;
3373 1771 3424 1817 et
3450 1763 3591 1832 quod

2019 1868 2202 1924 pauca:
2234 1852 2377 1918 fidei,
2410 1853 2550 1924 quod
2578 1853 2703 1923 quia
2733 1867 2837 1907 non
2864 1860 3111 1907 emerant
3134 1868 3163 1907 a
3190 1851 3394 1908 Judaeis
3424 1867 3591 1921 panes

2019 1943 2325 2000 diuiderent
2376 1945 2550 2013 ipsum
2606 1958 2762 2012 posse
2807 1943 3058 1999 alicunde
3095 1945 3397 2015 acquirere.
3435 1945 3499 1999 Et
3529 1954 3589 2000 ut

2017 2037 2202 2091 acrius
2244 2049 2338 2090 eos
2375 2033 2693 2104 perstrinxit
2728 2037 2857 2104 (non
2899 2033 3041 2088 enim
3085 2032 3284 2104 ubique
3332 2035 3472 2089 bona
3507 2043 3592 2089 est

2004 2126 2420 2198 mansuetudo},
2446 2126 2627 2181 statim
2697 2124 3084 2180 intellexerunt
3105 2125 3245 2192 quod
3269 2125 3593 2181 fermentum

2020 2219 2322 2274 doctrinam
2344 2214 2857 2273 vocasset.’l‘antum
2879 2217 3077 2287 ubique
3093 2217 3238 2272 valet
3259 2217 3592 2274 rationabilis

2018 2311 2337 2381 increpatio.
2698 2350 2701 2353 ι

2090 2401 2260 2457 Vens.
2293 2402 2379 2457 1'5.
2415 2420 2435 2453 ι
2470 2400 2604 2457 Cum
2635 2402 2870 2457 venisset
2905 2409 3084 2457 autem
3115 2400 3273 2457 Jesus
3314 2401 3367 2456 in
3409 2409 3592 2472 partes

2017 2496 2275 2552 Caesareae
2331 2494 2607 2565 Philippi,
2655 2494 3025 2565 interrogabat
3070 2493 3369 2564 discipulos
3421 2508 3588 2561 suos,

2017 2587 2241 2643 dicens:
2283 2584 2454 2653 Quem
2511 2599 2596 2640 me
2650 2586 2837 2640 dicunt
2886 2585 3130 2640 homines
3188 2600 3340 2648 esse,
3392 2585 3586 2641 Filium

2020 2680 2297 2736 hominis?
2339 2696 2358 2730 ι
2403 2677 2649 2733 Meminit
2690 2678 2806 2747 ejus
2847 2678 2938 2748 qui
2985 2677 3258 2733 civitatem
3307 2677 3588 2745 condidit,

2018 2770 2143 2841 quia
2171 2777 2329 2825 estet
2357 2767 2462 2822 alia
2497 2767 2744 2823 Caesarea
2777 2767 3052 2823 Stratonis
3076 2807 3093 2834 ,
3123 2776 3176 2822 et
3207 2781 3313 2822 non
3358 2767 3412 2821 in
3462 2766 3586 2832 illa,

2017 2862 2111 2918 sed
2156 2861 2210 2916 in
2247 2860 2349 2916 hac
2388 2860 2509 2915 illos
2557 2860 2877 2930 interrogat.
2924 2858 3116 2915 Procul
3147 2858 3290 2914 enim
3334 2873 3362 2912 a
3392 2856 3593 2913 Judteis

2018 2952 2241 3008 abducit
2289 2951 2601 3022 discipulos,
2653 2960 2714 3006 ut
2766 2951 2972 3006 nullum
3021 2951 3271 3005 timentes
3321 2949 3488 3005 libere
3529 2964 3593 3004 ac

2019 3044 2249 3099 ﬁdenter
2293 3043 2496 3098 dicant.
2533 3042 2773 3098 Primum
2810 3053 2987 3097 autem
3025 3051 3375 3111 percontatur
3411 3042 3593 3098 multi-

338 3137 430 3192 τοῦ
453 3137 694 3208 πλήθους
719 3139 902 3210 ἐρωτᾷ
933 3138 1226 3209 ὑπόληψιν,
1270 3138 1359 3194 ἵνα
1404 3140 1485 3200 είς
1533 3139 1759 3211 μείζονα
1815 3141 1911 3195 ἀν·-

2026 3135 2229 3190 ludinis
2263 3136 2589 3205 opinionem,
2635 3144 2694 3188 ut
2739 3135 2804 3189 ad
2853 3133 3222 3189 sublimiorem
3254 3136 3594 3189 adducantur

346 3231 640 3302 ενεχθῶσιν
663 3230 897 3297 ἔννοιαν,
926 3233 1023 3285 καὶ
1046 3232 1121 3303 μὴ
1139 3231 1340 3313 είςὴτὴν
1361 3230 1913 3302 αὐτὴνταπεινότητα

2019 3224 2428 3294 cogitationem,
2458 3232 2513 3278 et
2552 3239 2620 3280 ne
2659 3225 2711 3279 in
2742 3224 3012 3295 eamdem,
3050 3225 3105 3279 in
3137 3236 3297 3296 quam
3329 3225 3591 3294 plerique,

338 3325 451 3386 τοῖς
483 3322 701 3386 πολλοῖς
729 3323 969 3377 πέσωσιν
989 3339 1003 3355 ο
1034 3324 1136 3376 οὐκ
1164 3324 1345 3395 ἐρωτᾷ
1368 3324 1445 3390 δὲ,
1473 3323 1611 3379 Τίνα
1639 3340 1707 3392 με
1725 3323 1915 3392 λέγου-

342 3430 429 3468 σιν
453 3415 507 3467 οί
522 3416 815 3486 Φαρισαῖοι
830 3420 853 3483 ⁷;
879 3415 1017 3482 ἀλλ’,
1044 3416 1107 3470 Οί
1131 3414 1433 3485 ἄνθρωποι,
1463 3414 1702 3488 περὶτοῦ
1725 3415 1914 3470 ἀδόλου

340 3503 585 3576 πλήθους
616 3506 813 3573 λέγων.

413 3615 436 3649 ς
470 3598 534 3650 Οί
562 3596 618 3649 δὲ
644 3591 834 3650 εἷπονο
867 3597 931 3650 Οί
988 3595 1087 3667 μὲν
1134 3596 1389 3668 Ἰωάννην
1438 3595 1530 3651 τὸν
1578 3597 1911 3668 Βαπτιστὴν,

337 3687 490 3743 ἄλλοι
523 3688 582 3741 δὲ
626 3686 846 3740 Ἠλίανσ
899 3687 1077 3758 ἕτεροι
1134 3686 1192 3740 δὲ
1227 3686 1586 3759 Ἰερεμίαν,ἢ
1641 3687 1741 3741 ἐνα
1798 3668 1919 3740 τῶνί

343 3779 662 3853 προφητῶν.
698 3798 717 3831 ι
755 3779 819 3831 Oi
874 3777 974 3848 μὲν
1016 3778 1270 3850 Ἰωάννην
1321 3777 1487 3833 αὐτὸν
1528 3778 1911 3849 ὀνομάζοντες,

338 3866 478 3940 ἦσαν
501 3869 577 3933 ὡς
611 3869 641 3921 6
682 3867 950 3940 Ἡρώδης,
983 3866 1302 3938 νομίζοντες
1347 3870 1441 3923 τὸν
1482 3869 1738 3939 Ἰωάννην
1774 3869 1913 3940 μετὰ

340 3962 436 4033 τὴν
470 3961 774 4016 ἀνάστασιν
807 3960 1086 4016 καὶτοῦτο
1113 3961 1174 4014 τὸ
1197 3962 1448 4033 χάρισμα
1476 3960 1685 4027 λαϐεῖν,
1716 3962 1776 4014 τὸ
1805 3961 1906 4032 τῆς

340 4053 819 4125 θαυματουργίας·
847 4055 898 4107 oi
957 4053 1014 4107 δὲ
1055 4054 1274 4120 Ἠλίαν,
1325 4054 1414 4107 διὰ
1465 4053 1527 4107 τὸ
1575 4052 1911 4122 ἐλεγκτικὸν,

342 4145 434 4199 καὶ
463 4145 556 4199 διά
582 4145 645 4198 τὸ
666 4143 1072 4216 προσδοκᾶσθαι
1108 4145 1196 4198 ὅτι
1228 4144 1507 4200 ἐλεύσεται
1530 4160 1545 4176 ο
1580 4145 1630 4199 οἱ
1657 4144 1714 4197 δὲ
1745 4143 1914 4214 Ἰερε-

344 4235 491 4306 μίαν,
530 4234 622 4290 διὰ
641 4232 705 4288 τὸ
736 4233 1007 4304 αὐτοφυὲς
1037 4232 1141 4304 τῆς
1185 4233 1377 4302 σοφίας
1419 4234 1517 4287 καὶ
1560 4232 1690 4287 ἄνευ
1738 4233 1915 4303 μαθή-

345 4345 481 4392 σεως
506 4345 522 4359 ·
553 4329 583 4381 6
638 4329 749 4399 γάρ
790 4326 1083 4399 Ἱερεμίας,
1135 4328 1265 4390 παῖς
1294 4326 1371 4380 ὢν
1426 4327 1506 4390 είς
1575 4324 1912 4396 προφητείαν

337 4420 568 4493 ἐτάχθη.
666 4434 669 4439 ’

409 4622 430 4656 t
470 4603 639 4672 Λέγει
702 4601 920 4665 αὐτοῖς’
958 4600 1151 4670 Ὑμεῖς
1186 4600 1244 4655 δὲ
1265 4600 1390 4655 τίνα
1419 4617 1486 4672 με
1504 4600 1693 4669 λέγετε
1722 4596 1861 4655 εἶναι
1892 4618 1910 4668 ;

335 4694 689 4766 Ἀποκριθεὶς
721 4693 777 4746 δὲ
804 4693 989 4764 Σίμων
1009 4693 1237 4765 Πέτρος,
1258 4691 1379 4746 εἷπε
1398 4707 1412 4722 ⁵
1442 4694 1515 4746 Σὺ
1543 4688 1597 4746 εἴ
1619 4692 1647 4744 6
1674 4692 1911 4763 Χριστὸς

335 4785 365 4838 6
384 4786 513 4849 Υίδς
538 4787 636 4840 τοῦ
665 4785 802 4838 Θεοῦ
830 4785 925 4839 τοῦ
966 4783 1188 4849 ζῶντος.
1223 4801 1243 4835 ι
1275 4783 1387 4837 Καὶ
1416 4783 1576 4837 πάλιν
1592 4782 1670 4846 ὡς
1704 4782 1907 4853 θερμὸς

334 4879 362 4930 6
390 4879 597 4949 Πέτρος
641 4876 919 4948 προπηδᾷ,
973 4875 1068 4930 καὶ
1114 4873 1370 4945 ὁμολογεῖ
1400 4874 1618 4945 άληθῶς
1640 4873 1802 4928 αὐτὸν
1828 4870 1909 4927 εῖ-

296 4998 303 5001 -
333 4986 419 5024 ναι
454 4971 549 5023 τὸν
584 4969 713 5022 Υίδν
742 4968 837 5023 τοῦ
877 4967 1033 5022 Θεοῦ.
1063 4968 1137 5022 υύ
1187 4967 1296 5038 γὰρ
1344 4962 1489 5030 εἷπε,
1524 4966 1597 5019 Σὺ
1626 4961 1677 5020 si
1708 4967 1737 5019 6
1773 4967 1910 5035 Xpt-

335 5059 455 5123 στὺς
480 5059 611 5122 Υἱὸς
633 5057 728 5112 τοῦ
761 5056 922 5123 Θεοῦ,
952 5058 1120 5130 χωρὶς
1149 5057 1243 5111 τοῦ
1267 5060 1301 5113 ό
1334 5057 1564 5129 ἄρθρου,
1605 5057 1742 5112 ἀλλά
1767 5060 1908 5130 μετά

330 5150 425 5205 τοῦ
453 5151 685 5223 ἄρθρου,
729 5152 763 5205 ό
799 5150 956 5216 Υιός,
988 5150 1290 5216 τουτέστιν,
1319 5149 1482 5214 αὐτὸς
1521 5152 1726 5214 ἐκεῖνος
1768 5152 1796 5205 6
1827 5144 1908 5215 εἷς

331 5244 427 5295 καὶ
457 5242 723 5313 μόνος,όύ
751 5243 937 5312 χάριτι
979 5241 1131 5307 Υἱὸς,
1166 5239 1285 5294 ἀλλ’
1328 5242 1356 5295 6
1388 5240 1448 5306 ἐξ
1478 5240 1649 5312 αὐτῆς
1676 5241 1775 5312 τῆς
1811 5241 1906 5295 ού-

334 5334 452 5398 σίας
481 5334 575 5386 τοῦ
601 5331 1151 5404 Πατρὸςγεννηθεὶς,
1176 5333 1299 5386 ἐπεὶ
1326 5332 1420 5387 καὶ
1461 5334 1685 5403 Χριστοὶ
1716 5332 1903 5388 πολλοὶ

328 5420 490 5497 ἦσαν,
512 5426 561 5478 οἱ
592 5426 756 5495 ἱερεῖς
775 5425 976 5489 πάντες
998 5426 1093 5480 καὶ
1117 5425 1167 5477 oi
1192 5424 1452 5497 βασιλεῖς,
1470 5426 1586 5480 ἀλλ’
1614 5428 1642 5481 6
1668 5427 1907 5498 Χριστὸς

333 5516 474 5587 μετά
498 5515 593 5569 τοῦ
625 5514 855 5587 ἄρθρου,
883 5509 965 5579 εἷς
994 5517 1164 5572 ἐστιν.

401 5626 421 5660 ι
460 5608 574 5663 Καὶ
592 5608 913 5680 ἀποκριθεὶς
935 5611 964 5662 6
993 5609 1222 5680 Ἰησοῦς,
1249 5606 1403 5664 εἶπεν
1425 5607 1597 5680 αὐτῷ*
1616 5609 1903 5681 Μακάριος

330 5694 396 5766 εῐ,
423 5700 611 5773 Σίμων
634 5701 752 5772 Bap
781 5701 960 5767 Ἰωνά,
993 5702 1075 5756 ὅτι
1101 5701 1241 5772 σὰρξ
1278 5702 1378 5755 καὶ
1404 5696 1547 5774 αἷμα
1570 5703 1672 5757 οὐκ
1692 5703 1908 5757 ἀπεκάε

331 5791 463 5866 λυψέ
511 5810 616 5860 σοι,
668 5792 785 5850 ἀλλ’
818 5794 845 5848 ὁ
895 5794 1088 5867 Πατήρ
1119 5811 1222 5867 μου
1251 5797 1279 5850 6
1304 5796 1364 5850 ἐν
1405 5796 1519 5859 τοῖς
1569 5794 1842 5867 οὐρανοῖς.
1880 5814 1899 5849 ι

2016 3320 2213 3376 cadant
2259 3319 2648 3376 humilitatem.
2695 3319 2808 3376 Non
2850 3321 3151 3391 interrogat
3182 3331 3385 3383 autem,
3418 3319 3588 3386 Quem

2015 3426 2103 3465 me
2154 3412 2341 3468 dicunt
2379 3411 2684 3467 Pharistei?
2716 3412 2844 3481 sed,
2892 3411 3190 3468 Homines:
3244 3414 3310 3466 de
3359 3411 3592 3483 simplici

2016 3501 2357 3559 multitudine
2378 3503 2583 3559 dicens.

2091 3590 2407 3652 Vsss.‘16.
2486 3610 2506 3644 ι
2557 3592 2635 3648 Illi
2680 3608 2811 3649 vero
2861 3594 3157 3650 dicebant:
3206 3594 3311 3650 Alii
3370 3596 3587 3667 quidem

2014 3683 2276 3738 Joannem
2327 3684 2664 3754 Baptistam,
2721 3687 2814 3742 alii
2859 3701 2989 3743 vero
3038 3687 3234 3756 Eliam,
3276 3688 3367 3743 alii
3415 3698 3595 3743 autem

2018 3772 2374 3841 Hieremiam,
2405 3784 2501 3831 aut
2527 3791 2693 3830 unum
2723 3791 2791 3830 ex
2820 3778 3120 3847 prophetis.
3158 3797 3176 3830 ι
3207 3778 3306 3845 Qui
3330 3777 3593 3833 Joannem

2016 3863 2168 3919 illum
2209 3866 2586 3933 nominabant,
2626 3877 2784 3922 erant
2827 3882 2895 3921 ex
2930 3868 3015 3924 his
3053 3870 3143 3939 qui
3206 3885 3330 3924 cum
3377 3870 3589 3929 llerode

2015 3953 2280 4027 putabant
2347 3956 2611 4014 Joannem
2691 3969 2812 4029 post
2894 3961 3351 4016 resurrectionem
3424 3964 3594 4018 etiam

2017 4048 2220 4105 donum
2276 4051 2554 4121 accepisse
2599 4051 2861 4122 operandi
2915 4050 3197 4109 miracula.
3257 4053 3358 4120 Qui
3412 4063 3593 4111 autem

2014 4140 2187 4196 Eliam
2209 4179 2228 4207 ,
2258 4143 2615 4199 movebantur
2636 4157 2701 4200 ex
2726 4158 2793 4200 eo
2821 4143 2964 4217 quod
2997 4144 3197 4201 acriter
3225 4147 3591 4216 reprehende-

2013 4235 2129 4303 bat,
2155 4245 2209 4292 et
2233 4239 2645 4307 exspectabant,
2678 4240 2821 4308 quod
2848 4240 3195 4308 veniret.Qni
3225 4257 3357 4298 vero
3388 4241 3582 4300 Hiere-

1975 4370 1981 4375 .
2016 4328 2202 4395 miam,
2241 4328 2345 4384 hoc
2372 4330 2644 4399 dicebant,
2668 4333 2810 4402 quod
2842 4333 3005 4389 simili
3036 4334 3300 4404 sapientia
3330 4337 3591 4405 praeditus

2014 4431 2183 4491 esset,
2230 4438 2395 4493 quam
2435 4440 2464 4477 a
2511 4424 2658 4480 nullo
2704 4425 2987 4481 didicerat.
3042 4424 3251 4481 Etenim
3290 4426 3592 4491 Hieremias

1943 4500 1987 4556 θ
2015 4530 2138 4572 cum
2166 4530 2301 4584 puer
2336 4523 2505 4584 esset,
2536 4516 2590 4571 in
2627 4519 2944 4587 prophetam
2973 4527 3286 4587 assumptus
3315 4527 3417 4574 est.

2012 4611 2020 4618 ’
2083 4606 2367 4673 Vsns.15,
2408 4607 2497 4663 16.
2535 4626 2553 4660 ι
2588 4607 2732 4664 Dicit
2776 4608 2924 4664 illis:
2960 4607 3067 4665 Vos
3097 4615 3275 4663 autem
3307 4624 3464 4679 quem
3503 4626 3591 4667 me

2013 4699 2193 4755 dicitis
2248 4700 2413 4755 esse?
2472 4699 2826 4770 Respondens
2883 4709 3067 4755 autem
3145 4699 3333 4756 Simon
3398 4701 3590 4756 Petrus

2009 4790 2188 4847 dixit:
2225 4792 2317 4847 Tu
2352 4794 2412 4847 es
2454 4790 2708 4875 ghristus
2750 4790 2839 4847 ille
2886 4790 3057 4846 Filius
3115 4791 3210 4847 Dei
3269 4793 3523 4846 viventis.
3562 4810 3583 4845 ι

2010 4881 2211 4938 Iterum
2245 4892 2302 4938 ut
2335 4882 2631 4939 ferventior
2662 4881 2857 4939 Petrus
2903 4882 3133 4953 prosilit,
3164 4891 3219 4938 et
3246 4897 3371 4938 vere
3413 4884 3582 4937 conli-

2012 4984 2160 5030 tetnr
2184 4974 2360 5044 ipsum
2392 4990 2515 5030 esse
2534 4973 2730 5031 Filium
2760 4974 2879 5030 Dei.
2917 4972 3030 5028 Non
3053 4974 3199 5029 enim
3232 4973 3390 5041 dixit,
3422 4975 3500 5029 Tu
3522 4990 3587 5031 es

2008 5064 2258 5122 Christus
2314 5063 2484 5120 Filius
2542 5064 2681 5130 Dei,
2735 5066 2943 5134 absque
2996 5064 3248 5133 articulo,
3300 5067 3397 5122 sed
3459 5083 3581 5123 cum

2007 5153 2256 5219 articulo,
2308 5153 2399 5208 ille
2426 5151 2624 5216 Filius,
2656 5153 2762 5208 hoc
2795 5161 2901 5217 est,
2937 5152 3028 5207 ille
3053 5152 3188 5223 ipse,
3220 5156 3310 5224 qui
3343 5156 3491 5213 solus
3529 5168 3585 5212 et

2007 5246 2245 5302 unicus:
2291 5261 2399 5302 non
2438 5246 2613 5316 gratia
2660 5243 2850 5309 Filius,
2895 5245 2988 5300 sed
3033 5245 3124 5314 qui
3156 5261 3220 5301 ex
3256 5248 3371 5317 ipsa
3406 5246 3585 5304 Patris

2008 5336 2314 5392 substantia
2352 5330 2624 5406 'genitus:
2672 5334 2796 5404 quia
2849 5343 2905 5390 et
2953 5335 3102 5389 multi
3134 5335 3337 5392 Christi
3386 5346 3579 5405 erant,

2006 5428 2319 5485 sacerdotes
2355 5438 2412 5483 et
2450 5441 2603 5497 reges
2628 5440 2853 5493 omnes,
2881 5426 2977 5482 sed
3006 5426 3252 5482 Christus
3284 5444 3407 5485 cum
3439 5429 3575 5484 arti-

2008 5520 2130 5575 culo
2165 5533 2305 5573 unus
2332 5525 2437 5572 est.

2075 5611 2242 5667 Vens.
2272 5608 2358 5664 17.
2415 5626 2437 5661 ι
2507 5609 2575 5665 Et
2625 5608 2962 5679 respondens
3012 5608 3216 5676 Jesus,
3274 5611 3411 5667 dixit
3461 5610 3575 5664 illi:

2012 5704 2210 5758 Beatus
2234 5716 2315 5769 es,
2347 5700 2656 5765 Simon-Bar
2678 5699 2833 5767 Jona,
2857 5717 2980 5771 quia
3007 5717 3134 5757 caro
3155 5711 3209 5758 et
3229 5703 3447 5775 sanguis
3472 5718 3578 5758 non

2011 5792 2268 5850 revelavit
2317 5792 2452 5860 tibi,
2500 5791 2593 5849 sed
2639 5792 2799 5848 Pater
2830 5807 2978 5850 meus
3024 5794 3114 5864 qui
3143 5802 3222 5849 cst
3262 5793 3312 5848 in
3339 5792 3509 5850 ctelis.
3551 5811 3569 5845 ι
