4078 6464
491 348 598 412 319

1425 339 2005 405 TIIEOPHYLACTI
2045 339 2457 402 BULGARUE
2501 342 2866 404 ARCHI'E-P.

3643 336 3763 398 3Ξο

495 459 724 514 Deatum
751 456 880 512 dicit
914 455 1166 522 Petrum,
1206 457 1332 526 quia
1377 471 1407 510 a
1453 455 1635 510 divina
1666 454 1840 526 gratia
1891 451 2066 507 scien-

2193 450 2597 521 νῙακαρίξειτδν
2630 453 2837 524 Πέτρον
2877 452 2951 516 ῶς
2979 451 3043 505 ἐκ
3066 449 3217 512 Θείας
3257 450 3481 522 χάριτος
3525 445 3772 501 λαΰόντα

492 552 626 606 tiam
661 560 984 620 acceperat:
1019 551 1323 618 approbatis
1353 555 1534 604 autem
1564 547 1805 610 Petrum,
1829 543 2070 599 ostendit

497 651 895 712 consequenter
939 641 1172 697 aliorum
1216 642 1495 696 hominum
1554 639 1840 710 Opiniones
1879 638 2067 694 falsas.

496 734 642 790 Dixit
667 745 846 790 autem
881 735 1028 789 illum
1065 734 1168 788 Bar
1203 733 1336 789 Jona
1361 775 1376 800 ,
1413 734 1514 788 hoc
1542 741 1648 800 est,
1686 731 1854 786 ﬁlium
1892 729 2027 784 Joua
2055 769 2072 794 ,

495 827 650 894 quasi
682 828 756 880 ita
780 828 1018 882 diceret:
1045 827 1196 882 Sicut
1228 837 1278 879 tu
1310 825 1459 880 J0me
1486 825 1648 887 ﬁlius,
1672 825 1745 882 ita
1776 840 1876 897 ego
1897 823 2076 880 Patris

498 917 601 971 mei
623 917 732 988 85
759 917 1015 982 caelestis,
1043 917 1518 972 eonsuhstantialis
1539 916 1611 970 illi
1642 915 1913 972 exsistens
1933 931 2071 972 sum.

501 1008 905 1064 Revelationetn
939 1018 1122 1064 autem
1157 1009 1442 1064 scientiam
1479 1007 1650 1070 dicit,
1687 1008 1812 1077 quia
1846 1008 2078 1066 abscon-

500 1101 614 1157 dita
649 1114 702 1157 et
735 1103 916 1173 ignota
963 1104 1010 1158 ei
1036 1118 1064 1156 a
1094 1102 1250 1157 Patre
1273 1110 1430 1158 erant
1459 1100 1720 1158 revelata.

574 1282 744 1340 Vsus.
782 1284 870 1339 18.
913 1301 931 1336 t
973 1285 1041 1338 At
1075 1298 1175 1354 ego
1214 1285 1307 1339 tibi
1339 1284 1485 1350 dico,
1515 1287 1659 1356 quod
1691 1295 1742 1340 tu
1772 1300 1830 1342 es
1864 1284 2077 1352 Petrus,

501 1389 555 1432 et
600 1391 761 1446 super
805 1376 946 1430 hanc
992 1385 1198 1446 petram
1231 1377 1510 1433 aediﬁcabo
1551 1377 1844 1434 Ecclesiam
1883 1393 2080 1442 meam,

504 1479 558 1521 et
601 1477 772 1538 porta:
821 1466 979 1522 iul‘eri
1033 1485 1137 1522 non
1187 1469 1555 1536 praevalebunt
1601 1479 1791 1524 contra
1838 1468 2013 1523 illam.
2056 1486 2075 1520 ι

506 1559 840 1614 Remunerat
884 1559 1100 1616 Petrum
1149 1560 1446 1627 Dominus,
1495 1561 1799 1615 mercedem
1841 1560 1914 1614 illi
1945 1560 2083 1616 dans

509 1664 778 1718 magnam,
835 1650 977 1718 quod
1032 1664 1194 1719 supra
1245 1666 1368 1706 eum
1425 1650 1714 1707 aediﬁcavit
1767 1651 2083 1708 Ecclesiam.

505 1738 641 1802 Quia
675 1739 815 1793 enim
848 1738 1130 1796 confessus
1164 1751 1281 1795 erat
1309 1756 1434 1796 eum
1480 1742 1575 1796 Dei
1621 1741 1816 1796 Filium
1855 1741 2080 1806 Petrus,

507 1831 645 1887 dixit
671 1833 812 1902 quod
860 1831 977 1886 hac
1005 1831 1278 1888 confessio
1309 1848 1472 1902 quam
1506 1822 1818 1890 confessus.
1849 1844 1934 1890 est
1965 1834 2089 1890 l‘un-
2119 1808 2154 1863 θ

509 1923 824 1977 damentum
856 1921 960 1978 erit
1003 1922 1245 1978 futurum
1285 1925 1665 1980 credentium:
1713 1925 1788 1980 ita
1822 1933 1882 1981 ut
1907 1927 2088 1984 omnis

511 2015 674 2070 homo
706 2024 1084 2072 exstructurus
1118 2015 1240 2071 ﬁdei
1283 2015 1503 2072 domum
1527 2057 1542 2082 ,
1593 2018 1695 2075 hoc
1730 2018 1979 2089 jacturus
2017 2021 2088 2078 sit

512 2103 944 2160 fundamentum.
972 2103 1105 2161 Nam
1141 2107 1265 2162 licet
1302 2107 1618 2166 innumeras
1653 2111 1951 2168 condamus
1981 2111 2090 2179 vir-

513 2203 674 2259 tutes,
713 2211 817 2252 non
853 2197 1144 2254 habeamus
1195 2209 1374 2258 autem
1426 2201 1838 2258 fundamentum
1883 2212 2088 2260 rectam

511 2287 934 2354 confessionem,
990 2289 1257 2358 inutiliter
1305 2291 1676 2349 mdiﬁcamus:
1735 2309 1855 2350 cum
1907 2305 2087 2350 autem

511 2379 673 2447 dixit,
701 2379 1004 2438 Ecclesiam
1037 2397 1230 2449 meam,
1267 2388 1502 2441 ostendit
1543 2401 1604 2442 se
1651 2388 1936 2443 Dominum
1967 2391 2092 2443 uni-

513 2471 696 2527 versi:
757 2472 868 2528 Deo
917 2475 1063 2529 enim
1121 2475 1368 2531 serviunt
1418 2478 1624 2536 omnia.
1677 2477 1855 2538 Porta:
1909 2489 2089 2536 autem

514 2561 700 2630 inferi,
739 2564 1065 2635 temporales
1099 2577 1227 2622 sunt
1261 2579 1658 2637 persecutores,
1699 2571 1789 2640 qui
1823 2572 1891 2627 ad
1923 2572 2094 2628 infer-

515 2671 640 2709 num
694 2656 908 2713 mittere
964 2670 1232 2716 conantur
1273 2661 1636 2720 Christianos.
1709 2665 1776 2722 Et
1851 2643 2092 2722 hicretici

513 2763 733 2820 quoque
778 2763 946 2821 porta:
991 2763 1119 2808 sunt
1170 2755 1238 2810 ad
1273 2754 1544 2812 infernum
1588 2758 1867 2814 ducentes.
1915 2757 2094 2814 Multis

512 2843 676 2912 igitur
705 2845 1166 2914 persecutoribus,
1207 2856 1262 2902 et
1294 2848 1477 2904 multis
1503 2849 1777 2905 haereticis
1802 2851 2094 2920 praevaluit

514 2939 776 2995 Ecclesia.
796 2939 890 2996 Est
907 2950 1084 2997 autem
1107 2951 1161 2998 et
1183 2945 1530 3015 unusquique
1555 2955 1800 3000 nostrum
1825 2948 2090 3011 Ecclesia,

515 3046 637 3100 quce
673 3033 732 3086 lit
757 3033 948 3090 domus
976 3034 1090 3091 Dei.
1125 3035 1182 3090 Si
1227 3036 1389 3106 igitur
1420 3039 1472 3092 in
1502 3037 1850 3095 confessione
1883 3040 2091 3097 Christi

2173 543 2271 614 τὴν
2300 545 2525 612 γνῶσιν·
2557 546 2958 616 ἀποδεχόμενος
2982 543 3041 598 δὲ
3070 542 3234 597 αὑτὸν
3254 583 3269 607 ,
3297 541 3538 596 δείκνυσι
3571 541 3772 596 λοιπὸν

2175 637 2273 700 τὰς
2297 639 2407 690 τῶν
2441 637 2617 693 ἄλλων
2647 637 2953 709 ἀνθρώπων
2997 635 3297 705 ὑπολήψεις
3335 634 3554 704 ψευδεῖς
3578 651 3592 664 ·
3639 631 3773 686 εἷπε

2175 727 2232 780 δὲ
2261 729 2408 799 αὑτῷ
2429 728 2730 799 ΒὰρἾωνΞ,
2759 727 3060 791 τουτέστιν,
3093 729 3175 782 uis
3206 725 3300 780 τοῦ
3349 727 3526 786 Ἰωνᾶ.
3550 742 3758 794 μονονο

2179 818 2300 888 ουχὶ
2362 821 2523 873 τοῦτο
2544 820 2741 887 λέγων,
2789 821 2873 873 ὅτι
2918 821 3135 890 Ὥσπερ
3182 820 3246 872 σὺ
3292 818 3387 871 τοῦ
3415 818 3574 872 Ἰωνᾶ
3607 820 3772 882 παῖς,

2179 909 2354 974 οὑτως
2384 910 2494 979 ἐγὼ
2541 911 2636 965 τοῦ
2679 911 2894 983 Πατρός
2935 928 3038 982 μου
3083 911 3178 964 τοῦ
3224 911 3282 964 ὲν
3320 909 3532 979 ούρανῷ
3564 909 3774 980 ὁμοσύ-

2182 1021 2296 1070 σιος
2323 1004 2398 1059 ὢν
2426 1007 2645 1076 ἐκείνῳ.
2689 1004 3059 1074 ’Λποκάλυψιν
3087 1006 3146 1059 δὲ
3193 1004 3342 1074 λέγει
3388 1003 3487 1074 τὴν
3538 1002 3773 1070 γνῶσιν,

2181 1097 2256 1161 ὡς
2272 1098 2382 1152 τῶν
2412 1099 2660 1170 κρυφίων
2681 1100 2776 1152 καὶ
2812 1099 3111 1168 ἀγνώστων
3154 1096 3580 1168 φανερωθέντων
3613 1096 3775 1166 παρά

2181 1191 2276 1244 τοῦ
2311 1191 2547 1261 Πατρός.

2262 1301 2280 1334 t
2313 1283 2483 1351 Κάγὼ
2511 1283 2568 1337 δέ
2605 1302 2684 1338 σοι
2731 1284 2875 1352 λέγω
2921 1285 3005 1337 ὅτι
3043 1286 3106 1338 σὺ
3154 1276 3206 1335 εἴ
3252 1283 3476 1350 Πέτρος,
3529 1283 3620 1334 καὶ
3671 1280 3778 1332 ἐπὶ

2184 1375 2358 1448 ταύτῃ
2391 1380 2457 1448 τῇ
2494 1377 2672 1447 πέτρᾳ
2722 1377 3064 1448 οἰκοδομήσω
3116 1393 3218 1447 μου
3273 1377 3370 1446 τὴν
3411 1375 3774 1444 Ἐκκλησίαν,

2184 1468 2280 1522 καὶ
2309 1469 2473 1523 πύλαι
2507 1470 2636 1541 ᾅδου
2666 1471 2728 1524 οὑ
2756 1470 3178 1541 κατισχύσουσιν
3199 1469 3424 1537 αὐτῆς.»
3448 1467 3779 1536 Ἀμεξϐεται

2185 1557 2277 1611 τὸν
2335 1559 2545 1630 Πέτρον
2593 1560 2622 1612 ὁ
2673 1559 2901 1629 Κύριος,
2950 1559 3142 1629 μισθὸν
3184 1557 3333 1626 αύτῷ
3363 1557 3538 1619 διδοὺς
3569 1556 3777 1624 μέγαν,

2185 1648 2249 1701 τὸ
2278 1649 2366 1701 ἐπ’
2412 1649 2560 1720 αὑτῷ
2605 1649 3027 1720 οἰκοδομηθῆναι
3076 1648 3177 1718 τὴν
3213 1647 3562 1718 Ἐκκλησίαν.
3614 1646 3780 1699 Ἐπεὶ

2187 1742 2296 1809 γὰρ
2327 1739 2684 1812 ὡμολόγησεν
2712 1741 2878 1810 αὑτὸν
2910 1741 3038 1794 Υίδν
3061 1741 3197 1794 Θεοῦ
3234 1742 3262 1794 ό
3313 1740 3540 1806 Πέτρος.
3601 1741 3779 1809 φησὶν

2187 1832 2292 1895 ὅτι,
2324 1830 2476 1901 Αὕτη
2504 1833 2537 1904 η
2564 1832 2828 1903 ὁμολογία
2857 1832 2924 1903 ἢν
2954 1831 3334 1903 ὡμολόγησας,
3363 1831 3614 1902 θεμέλιον
3643 1831 3778 1896 μέλ-

2187 1925 2269 1978 λει
2299 1921 2437 1979 εἶναι
2470 1925 2580 1980 τῶν
2635 1927 3028 1992 πιστευόντων,
3058 1925 3200 1980 ὥστε
3243 1927 3421 1981 πάντα
3468 1926 3766 1997 ἄνθρωπον

2191 2019 2456 2090 μέλλοντα
2487 2019 2696 2084 κτίζειν
2721 2019 2813 2074 τὸν
2848 2023 2947 2092 τῆς
2977 2020 3214 2084 πίστεως
3243 2014 3416 2086 οἶκον,
3436 2019 3641 2092 ταύτην
3670 2023 3776 2090 τὴν

2187 2112 2481 2181 ὁμολογίαν
2531 2113 2848 2167 ὑποτιθέναι
2923 2113 3194 2183 θεμέλιον.
3245 2117 3364 2170 Κᾶν
3414 2116 3523 2188 γὰρ
3569 2115 3775 2184 μυρίας

2189 2201 2393 2272 ἀρετὰς
2420 2201 2723 2273 κτίζωμεν,
2760 2202 2833 2272 μὴ
2867 2203 3084 2272 ἔχωμεν
3107 2204 3164 2256 δὲ
3197 2204 3448 2274 θεμέλιον
3476 2204 3577 2273 τὴν
3598 2203 3776 2273 ὀρθὴν

2190 2294 2503 2364 ὁμολογίαν,
2534 2295 2712 2366 σαθρά
2738 2295 3011 2365 κτίζομεν.
3038 2295 3223 2350 Εἰπὼν
3261 2296 3342 2362 δὲ,
3371 2298 3486 2365 Τὴν
3533 2296 3775 2364 Ἑκκληο

2193 2383 2318 2436 σίαν
2377 2397 2501 2453 μου,
2548 2383 2825 2437 δείκνυσιν
2860 2384 3054 2439 ἑαυτὸν
3090 2385 3371 2457 Δεσπότην
3405 2385 3496 2439 τοῦ
3531 2387 3739 2447 παντός
3761 2402 3776 2416 ·

2191 2475 2330 2530 Θεοῦ
2369 2476 2480 2548 γὰρ
2511 2475 2674 2530 δοῦλα
2729 2476 2800 2531 τὰ
2847 2477 3159 2548 σύμπαντα.
3210 2479 3384 2534 Πύλαι
3437 2479 3498 2534 δὲ
3528 2479 3681 2551 ᾅδου,
3726 2479 3780 2532 οῖ

2193 2567 2336 2620 κατὰ
2357 2567 2584 2637 καιροὺς
2614 2568 2864 2634 διῶκται,
2895 2571 2945 2623 οἳ
2970 2572 3050 2634 εἰς
3079 2571 3213 2642 ᾅδην
3249 2571 3614 2642 παρέπεμπον
3647 2571 3777 2633 τοὺς

2192 2657 2578 2728 Χριστιανούς.
2608 2660 2716 2712 Καὶ
2740 2662 2789 2713 οί
2825 2661 3094 2731 αἱρετικοὶ
3158 2662 3239 2727 δὲ,
3301 2663 3465 2718 πύλαι
3516 2665 3598 2726 είς
3642 2663 3778 2734 ᾅδην

2195 2750 2498 2821 φέρουσαι·
2533 2750 2746 2805 πολλῶν
2803 2751 2894 2805 οὑν
2939 2752 3184 2808 διωκτῶν
3236 2757 3331 2808 καὶ
3374 2756 3584 2809 πολλῶν
3619 2758 3779 2827 αἶρε-

2195 2839 2367 2894 τικῶν
2401 2841 2771 2912 ὑπερίσχυσεν
2809 2844 2843 2913 ὴ
2887 2843 3204 2914 Ἐκκλησία.
3247 2847 3401 2899 Ἐστι
3434 2846 3607 2901 δὲκαὶ
3641 2848 3776 2900 ἕκα-

2207 2949 2332 2994 στος
2371 2934 2534 3003 ἡμῶν
2581 2935 2901 3006 Ἐκκλησία,
2947 2931 3096 2999 οἶκος
3137 2937 3272 2990 Θεοῦ
3299 2938 3602 3007 γινόμενος.
3648 2940 3778 2992 Ἐὰν

2195 3022 2288 3076 οὑν
2315 3025 2408 3077 ἐπὶ
2437 3028 2502 3095 τῇ
2537 3027 2798 3098 ὁμολογίᾳ.
2829 3026 2922 3080 τοῦ
2981 3027 3216 3099 Χριστοῦ
3267 3029 3687 3099 στηριχθῶμεν,
3720 3031 3781 3082 αἱ

516 3123 822 3180 conﬁrmati
856 3125 1140 3194 fuerimus,
1178 3134 1345 3199 porta:
1373 3129 1554 3195 inferi,
1590 3131 1816 3198 hocjest,
1847 3144 2088 3203 peccata,

2199 3115 2364 3170 πύλαι
2397 3117 2492 3170 τοῦ
2521 3117 2672 3189 ᾅδου,
2707 3119 2824 3189 ἦτοι
2857 3119 2914 3172 αί
2941 3119 3230 3189 ἁμαρτίαι,
3259 3121 3317 3172 οὑ
3347 3119 3780 3189 κατισχύσουσιν

515 3230 621 3269 non
651 3218 1020 3285 praevalebunt
1055 3221 1231 3278 nobis.
1273 3221 1350 3278 De
1392 3223 1476 3278 his
1507 3224 1651 3278 enim
1683 3226 1854 3295 portis
1886 3227 2092 3281 exalta-

517 3317 602 3360 tus
631 3305 798 3364 David
833 3310 1048 3366 dicebat
1079 3329 1094 3367 :
1135 3330 1155 3365 ι
1185 3312 1286 3379 Qui
1327 3314 1534 3370 exaltas
1561 3330 1645 3369 me
1668 3317 1733 3371 de
1757 3317 1927 3387 portis
1950 3333 2092 3372 mor-

519 3395 584 3447 tis
617 3395 683 3449 ".
714 3394 910 3462 Quales
936 3401 1139 3469 portae?
1165 3416 1198 3456 ο
1227 3401 1423 3459 David.
1473 3403 1631 3461 Duae:
1661 3405 1824 3462 caedis
1857 3407 2089 3479 scilicet,

518 3493 568 3533 et
595 3484 869 3540 adulterii.

591 3573 755 3631 Vens.
787 3577 874 3632 l9.
917 3597 940 3630 ‹
994 3580 1061 3635 Ει
1103 3582 1242 3639 dabo
1281 3585 1376 3640 tibi
1417 3586 1594 3644 clth-s
1628 3589 1778 3660 regni
1805 3591 2088 3660 ctelorum,

515 3676 570 3720 ct
599 3667 860 3738 quidquid
890 3670 1194 3742 alligaveris
1214 3691 1378 3747 super
1405 3689 1607 3734 terram
1673 3682 1778 3737 erit
1810 3682 2087 3754 alligatum

517 3762 572 3814 in
609 3760 795 3817 caelis:
829 3774 883 3819 et
913 3766 1174 3838 quidquid
1219 3770 1448 3828 solveris
1502 3788 1666 3841 super
1717 3787 1916 3834 terram
1981 3781 2087 3834 erit

516 3851 752 3908 solutum
783 3853 835 3908 in
860 3856 1032 3912 caelis.
1068 3876 1088 3910 ι
1115 3857 1393 3931 Tanquam
1427 3864 1566 3922 Deus
1597 3881 1791 3938 magna
1825 3879 2091 3938 potestate

516 3943 677 4002 dicit:
704 3945 849 4003 Dabo
877 3949 996 4005 tibi.
1031 3952 1184 4008 Sicut
1212 3955 1352 4009 enim
1378 3958 1547 4013 Pater
1573 3959 1726 4016 dedit
1755 3961 1849 4016 tibi
1885 3965 2092 4020 revela-

517 4037 740 4108 tionem,
771 4041 851 4098 sic
889 4058 990 4114 ego
1019 4045 1219 4103 claves.
1246 4049 1438 4108 Claves
1465 4062 1644 4109 autem
1671 4055 1940 4126 intelligas
1969 4074 2092 4128 qua:

516 4129 684 4200 ligant
717 4142 772 4188 et
801 4134 1037 4199 solvunt,
1069 4139 1172 4195 hoc
1200 4149 1306 4205 est,
1332 4143 1651 4211 delictorum
1686 4147 1769 4202 vel
1800 4149 2090 4219 indulgen-

517 4222 620 4278 tias
641 4223 726 4278 vel
757 4240 966 4293 poenas.
1006 4226 1217 4288 Habent
1249 4235 1394 4290 enim
1426 4244 1751 4305 potestatem
1775 4241 2089 4298 remittendi

521 4323 575 4368 et
592 4313 813 4385 ligandi,
833 4319 924 4388 qui
943 4319 1311 4390 sicutPetrus,
1339 4325 1684 4397 episcopatus
1696 4327 1924 4398 gratiam
1942 4345 2095 4388 asse-

516 4406 628 4463 cuti
652 4416 798 4466 sunt.
819 4412 1078 4476 Quamvis
1095 4424 1274 4470 autem
1295 4414 1455 4472 Petro
1474 4418 1573 4473 soli
1599 4417 1803 4474 dictum
1825 4420 1920 4485 sit,
1943 4420 2092 4478 Dabo

2203 3207 2397 3280 ἡμῶν·
2425 3210 2488 3261 ὲκ
2553 3211 2663 3280 γὰρ
2717 3211 2919 3264 τούτων
2967 3210 3074 3264 τῶν
3130 3212 3314 3264 πυλῶν
3369 3211 3604 3281 ὑψωθεὶς
3636 3211 3782 3266 καὶὸ

2203 3300 2370 3354 Δαυῖδ
2398 3300 2606 3369 ἔλεγεν·
2649 3320 2668 3353 t
2723 3301 2782 3354 '0
2815 3301 2964 3371 ὑψῶν
3002 3319 3068 3372 με
3099 3303 3164 3355 ὲκ
3201 3303 3309 3356 τῶν
3341 3304 3525 3357 πυλῶν
3558 3303 3654 3356 τοῦ
3682 3304 3780 3357 θα-

2204 3391 2386 3445 νάτου.
2424 3411 2441 3442 ι
2483 3391 2680 3457 Ποίων,
2713 3385 2758 3445 ὦ
2789 3391 2972 3456 Δαυῖδ,
3015 3392 3202 3445 πυλῶν
3226 3409 3243 3459 ς
3270 3394 3392 3446 Τῶν
3415 3394 3530 3458 δύο,
3563 3393 3657 3448 τοῦ
3682 3394 3781 3463 φό-

2204 3500 2295 3535 νου
2319 3484 2413 3536 καὶ
2445 3483 2546 3552 τῆς
2572 3486 2839 3554 μοιχείας.

2281 3576 2420 3630 «Καὶ
2449 3575 2605 3629 δώσω
2632 3593 2714 3628 σοι
2744 3577 2842 3641 τὰς
2866 3577 3016 3641 κλεῖς
3038 3577 3137 3648 τῆς
3164 3577 3439 3649 βασιλείας
3463 3577 3576 3631 τῶν
3607 3578 3779 3645 ούρα-

2203 3669 2330 3734 νῶν,
2369 3670 2462 3722 καὶ
2493 3669 2522 3722 δ
2552 3669 2646 3724 ἐὰν
2670 3669 2844 3742 δήσῃς
2877 3671 2970 3724 ἐπὶ
2999 3671 3104 3744 τῆς
3128 3673 3252 3741 γῆς,
3298 3673 3452 3727 ἔσται
3493 3672 3780 3740 δεδεμένον

2201 3761 2260 3814 ὲν
2306 3762 2416 3824 τοῖς
2459 3760 2740 3831 οὑρανοίςο
2829 3762 2925 3816 καὶ
2967 3763 2996 3816 ὃ
3044 3763 3140 3818 ἐὰν
3180 3764 3349 3835 λύσῃς
3381 3763 3473 3816 ἐπὶ
3522 3763 3620 3831 τῆς
3649 3763 3776 3831 γῆς,

2203 3853 2357 3907 ἔσται
2387 3852 2678 3924 λελυμένον
2711 3855 2772 3906 ἐν
2803 3857 2914 3918 τοῖς
2931 3856 3234 3927 οὐρανοῖς.»
3262 3857 3347 3919 Ὣς
3375 3855 3504 3918 Θεὸς
3523 3854 3672 3922 λέγει
3693 3855 3776 3915 τὸ,

2203 3944 2372 4000 Δώσω
2400 3962 2508 4011 σοι,
2549 3946 3000 4013 ὲξουσιαστικῶς⁶
3039 3946 3113 4011 ὡς
3159 3949 3266 4018 γὰρ
3297 3948 3328 4000 ὁ
3362 3949 3550 4017 Πατὴρ
3576 3947 3780 4001 δέδωκὲ

2202 4053 2286 4090 σοι
2314 4038 2414 4108 τὴν
2435 4038 2804 4108 ἀποκάλυψιν,
2841 4039 3016 4102 οὕτως
3051 4040 3161 4109 ὲγὼ
3200 4038 3299 4104 τὰς
3342 4041 3506 4103 κλεῖς.
3545 4041 3779 4102 Κλεῖδας

2200 4128 2258 4184 δὲ
2316 4128 2554 4198 νοήσεις,
2583 4129 2682 4195 τὰς
2730 4129 3036 4202 δεσμούσας
3089 4132 3184 4186 καὶ
3239 4131 3468 4194 λυούσας
3531 4131 3631 4194 τὰς
3668 4133 3778 4187 τῶν

2202 4225 2537 4296 σφαλμάτων
2590 4224 2624 4294 ἦ
2667 4226 3042 4296 συγχωρήσεις
3093 4225 3126 4295 ἢ
3173 4226 3562 4296 ἐπιτιμήσειςο
3592 4225 3780 4296 ἔχουσι

2202 4318 2311 4387 γὰρ
2340 4314 2592 4383 ἐξουσίαν
2616 4315 2835 4385 ἀφιέναι
2866 4317 2963 4371 καὶ
3010 4317 3252 4387 δεσμεῖν,
3287 4318 3336 4370 oi
3393 4317 3537 4370 κατά
3571 4317 3779 4388 Πέτρον

2200 4409 2302 4478 τῆς
2331 4408 2706 4479 ὲπισκοπικῆς
2767 4409 3095 4476 ἀξιωθέντες
3151 4411 3370 4480 χάριτος
3391 4425 3406 4441 °
3434 4411 3484 4464 εί
3519 4412 3628 4481 γάρ
3684 4411 3779 4465 καὶ

518 4499 654 4554 tibi:
690 4501 943 4560 omnibus
988 4512 1166 4560 tamen
1211 4515 1266 4562 et
1303 4507 1562 4577 apostolis
1589 4523 1652 4564 ea
1695 4519 1934 4580 potestas
1963 4528 2088 4569 con-

2207 4500 2343 4572 πρὸς
2373 4501 2579 4575 Πέτρον
2617 4501 2780 4571 μόνον
2813 4501 3030 4574 εἴρηται
3062 4502 3144 4562 τὸ,
3189 4501 3358 4556 Δώσω
3379 4520 3484 4568 σοι,
3521 4503 3658 4556 ἀλλὰ
3683 4505 3780 4557 καὶ

517 4605 670 4646 cessa
696 4599 797 4648 est.
816 4592 1044 4659 Quando
1066 4593 1227 4654 ?cnm
1261 4596 1418 4656 dixit.
1441 4596 1898 4670 Quorumcunque
1925 4602 2092 4658 remi-

516 4682 696 4739 seritis
717 4695 959 4754 peccata,
983 4686 1353 4742 remittuntur.
1373 4687 1582 4745 Etenim
1607 4706 1731 4747 cum
1751 4693 1906 4762 dixit,
1926 4695 2091 4764 Dabo,

519 4775 756 4832 futurum
790 4787 1005 4849 tempus
1033 4780 1244 4849 signat,
1277 4780 1382 4838 hoc
1411 4792 1529 4848 est,
1577 4797 1698 4855 post
1731 4789 2091 4845 resurrectio-

517 4884 662 4924 nem.
716 4869 852 4926 (Σωιί
900 4880 1078 4926 autem
1137 4872 1390 4928 dicuntur
1440 4884 1496 4931 et
1546 4878 1796 4946 virtutes,
1855 4895 2092 4951 quarum

516 4959 696 5016 claves
720 4972 845 5018 sunt
875 4962 1029 5018 bona:
1055 4964 1416 5032 operationes.
1443 4965 1578 5022 Nam
1600 4972 1876 5040 operando
1908 4971 2090 5043 ingre-

516 5053 721 5118 dimur,
767 5053 924 5124 quasi
979 5067 1076 5125 per
1128 5055 1309 5112 claves
1358 5064 1618 5127 quasdam
1661 5065 1996 5134 aperientes,
2036 5066 2090 5121 in

519 5161 960 5216 unamquamque
994 5148 1274 5205 virtutum.
1304 5150 1360 5206 Si
1387 5163 1566 5210 autem
1601 5171 1712 5212 non
1743 5172 1960 5226 operor,
1994 5158 2090 5213 sed

518 5239 691 5298 solum
731 5239 844 5296 scio
877 5241 1095 5307 bonum,
1138 5243 1311 5300 habeo
1350 5248 1568 5316 quidem
1606 5249 1812 5304 clavem
1845 5249 2089 5304 scientia:

520 5333 716 5397 solum,
748 5342 902 5388 extra
931 5337 1108 5391 autem
1135 5352 1349 5396 maneo.
1381 5341 1602 5412 Ligatur
1625 5352 1806 5397 autem
1835 5343 1888 5395 in
1913 5341 2090 5404 caelis,

520 5425 627 5480 hoc
663 5434 767 5492 est,
806 5425 857 5480 in
887 5428 1198 5495 virtutibus,
1252 5435 1342 5501 qui
1390 5450 1495 5488 non
1542 5435 1779 5489 ambulat
1830 5434 1884 5487 in
1939 5433 2088 5487 illis:

520 5534 646 5574 nam
676 5519 898 5576 sedulus
925 5521 980 5576 in
1013 5523 1118 5580 illis
1146 5525 1356 5580 solutus
1378 5537 1479 5582 est.
1512 5525 1587 5582 Ne
1611 5527 1906 5582 habeamus
1930 5525 2094 5595 igitur

519 5615 786 5675 peccata,
845 5619 902 5664 ut
932 5627 1038 5667 non
1100 5617 1308 5671 catcuis
1363 5629 1669 5672 nostrorum
1743 5625 2092 5685 peccatorum

520 5696 671 5767 ligati
713 5699 901 5757 simus.

601 5825 643 5856 "‘
677 5823 818 5882 l‘sal.
841 5843 915 5893 lx,
950 5829 1036 5884 l5.

2198 4593 2336 4647 πᾶσι
2371 4595 2483 4657 τοῖς
2510 4592 2830 4657 ἀποστόλοις
2850 4593 3081 4649 δέδοται.
3109 4594 3247 4649 Πότε
3272 4611 3287 4662 ;
3327 4594 3458 4648 Ὅτε
3490 4590 3646 4648 εἶπεν
3671 4596 3774 4648 Ἀν

2192 4684 2357 4739 τινῶν
2391 4685 2565 4754 ἀφῆτε
2593 4686 2694 4750 τὰς
2723 4685 3025 4756 ἁμαρτίας,
3077 4685 3356 4757 ἀφίενται.
3402 4686 3515 4740 Καὶ
3551 4687 3660 4759 γὰρ
3691 4687 3776 4756 τὺ,

2196 4779 2386 4844 Δώσω,
2407 4777 2674 4847 μέλλοντα
2700 4777 2892 4848 χρόνον
2914 4777 3193 4848 σημαίνει,
3216 4776 3488 4842 τουτέστι,
3515 4777 3605 4832 τὸν
3637 4780 3777 4849 μετά

2198 4869 2518 4924 ἀνάστασιν.
2579 4870 2816 4940 Οὐρανοὶ
2873 4870 2929 4924 δὲ
2987 4870 3237 4936 λέγονται
3288 4871 3384 4924 καὶ
3439 4871 3498 4924 ai
3555 4873 3774 4941 ἀρεταὶ,

2199 4961 2409 5027 κλεῖδες
2462 4961 2519 5015 δὲ
2548 4963 2776 5030 τούτων,
2829 4963 2889 5018 αι
2923 4961 3208 5035 ἐργασίαι·
3229 4961 3318 5016 διὰ
3348 4961 3458 5032 γὰρ
3499 4962 3593 5016 τοῦ
3615 4962 3779 5034 ιργά-

2201 5054 2389 5120 ζεσθαι
2421 5056 2808 5127 εἰσερχόμεθα,
2841 5056 3031 5127 ὥσπερ
3060 5055 3148 5111 διά
3187 5073 3348 5109 τινων
3380 5055 3610 5110 κλειδῶν
3635 5056 3780 5109 ἀνοι-

2199 5147 2433 5215 γουσῶν,
2462 5149 2542 5211 είς
2564 5146 2804 5217 ἑκάστην
2819 5147 2931 5201 τῶν
2967 5149 3202 5219 ἀρετῶν.
3248 5146 3373 5200 Ἐὰν
3402 5147 3460 5200 δὲ
3482 5148 3583 5201 οὑκ
3611 5147 3777 5218 ἐργά-

2201 5241 2405 5310 ζωμαι,
2446 5238 2586 5296 ἀλλά
2637 5239 2799 5309 μόνον
2849 5235 2970 5294 οἶδα
3022 5240 3084 5293 τδ
3117 5239 3342 5307 ἀγαθὸν,
3391 5238 3503 5310 ἔχω
3551 5240 3650 5309 μὲν
3676 5241 3777 5309 τὴν

2203 5332 2386 5386 κλεῖδα
2426 5332 2530 5402 τῆς
2594 5331 2854 5400 γνώσεως
2899 5331 3085 5402 μ’όνον,
3128 5331 3234 5398 ἔξω
3262 5331 3320 5383 δὲ
3355 5330 3503 5399 μένω
3525 5346 3538 5360 °
3566 5330 3780 5384 δέδεται

2199 5425 2255 5479 δὲ
2278 5426 2337 5478 ἐν
2360 5427 2471 5490 τοῖς
2507 5425 2779 5496 οὐρανοῖς,
2833 5425 3136 5491 τουτέστιν,
3187 5425 3245 5478 ὲν
3288 5425 3412 5486 ταῖς
3471 5425 3715 5493 ἀρεταῖς,
3745 5425 3775 5474 ό

2206 5519 2281 5588 μὴ
2308 5519 2539 5588 βαδίζων
2561 5521 2618 5573 ἐν
2643 5518 2835 5582 αὑταῖς
2857 5535 2869 5547 ’
2902 5520 2930 5571 ό
2958 5519 3068 5588 γὰρ
3104 5516 3413 5580 σπουδαῖος,
3465 5517 3524 5567 ὲν
3551 5515 3778 5576 ταύταις

2205 5611 2444 5665 λέλυται.
2472 5612 2562 5683 Μὴ
2617 5613 2832 5683 ἔχωμεν
2879 5605 2972 5665 οὖν
3004 5611 3304 5680 ἁμαρτίας,
3343 5610 3429 5663 ἵνα
3463 5609 3538 5680 μὴ
3571 5611 3779 5678 σειραῖς

2205 5707 2313 5758 τῶν
2343 5704 2565 5758 οἰκείων
2587 5703 2878 5776 ἁμαρτιῶν
2914 5703 3271 5775 δεσμὼμεθα.
