4078 6464
333 367 397 397 on

333 367 397 397 (ιβ

330 367 427 429 (ἐι

1035 359 1480 425 ENARRATIO
1523 361 1599 421 ΙΝ
1647 358 1919 422 EVANG]

2020 359 2149 420 [ΗΜ
2178 358 2569 420 ΜΛΤἹἮίΕΙ.
2601 381 2667 392 ·-
2707 357 2866 418 CAP.
2911 354 3068 417 XVI.

3464 346 3570 412 3-22

404 497 423 529 ι
455 478 589 531 Τότε
607 473 936 531 διεστείλατο
950 476 1063 535 τοῖς
1086 472 1353 544 μαθηταῖς
1384 468 1549 525 αὑτοῦ
1584 471 1668 524 ἵνα
1706 467 1900 540 μηδενὶ

2074 469 2242 524 Vsus.
2272 467 2363 524 '20.
2426 487 2444 522 ι
2502 468 2654 523 Tunc
2687 464 2855 522 edixit
2908 460 3181 534 discipulis
3221 462 3335 518 suis
3371 477 3436 517 ne
3480 466 3569 520 cui

331 572 557 624 εἴπωσιν
596 568 680 619 ὅτι
713 564 875 628 αὐτός
923 565 1073 617 ἐστιν
1120 567 1148 619 6
1192 565 1446 636 Χριστός.
1488 584 1506 617 ι
1559 563 1841 618 Ἐϐούλετο
1872 563 1901 616 6

331 658 723 731 Χριστδς,πρδ
746 656 841 709 τοῦ
886 656 1120 726 σταυροῦ
1170 655 1560 719 συσκιάζεσθαι
1617 655 1716 727 τὴν
1776 654 1903 724 περὶ

330 751 496 805 αὑτοῦ
547 750 728 815 δόξαν.
766 749 827 801 El
853 750 961 818 γάρ
1018 749 1326 818 ἥκουσανοί
1356 747 1634 819 ἄνθρωποι
1664 746 1772 818 πρὸ
1803 746 1898 799 τοῦ

333 845 539 905 πάθους
558 842 638 895 ὅτι
671 842 801 904 θεός
827 843 997 903 ἐστιν,
1020 834 1139 893 εἶτα
1164 841 1392 896 ἔϐλεπον
1416 840 1579 896 αὐτὸν
1602 839 1900 909 πάσχοντα,

330 934 447 995 πῶς
484 934 586 987 οὐκ
623 933 689 985 ὃν
729 930 1260 1001 ὲσκανδαλίσθησαν;
1290 931 1387 985 Διά
1437 930 1593 985 τοῦτο
1642 929 1734 983 οὖν
1772 927 1905 999 κρύο

331 1046 453 1082 πτει
502 1029 698 1081 ἑαυτὸν
724 1030 836 1090 τοῖς
879 1026 1112 1090 πολλοῖς,
1155 1026 1244 1080 ἵνα
1280 1026 1418 1098 μετά
1465 1027 1565 1097 τὴν
1608 1025 1905 1080 ἀνάστασιν

332 1121 776 1184 ἀσκανδαλίστως
840 1120 1096 1189 γνωσθῇ,
1170 1118 1264 1172 τοῦ
1343 1117 1660 1189 Πνεύματος
1726 1117 1904 1170 πάντα

331 1212 745 1284 ἒξομαλίζοντος
791 1213 879 1267 διὰ
907 1211 1015 1266 τῶν
1049 1211 1525 1282 θαυματουργιῶν.

403 1411 424 1444 ι
447 1392 587 1446 Ἀπὸ
610 1396 730 1445 τότε
757 1392 962 1463 ἦρξατο
988 1389 1249 1463 όίησοῦς
1295 1390 1559 1444 δεικνύειν
1587 1391 1698 1453 τοῖς
1732 1389 1908 1459 μαθη-

330 1486 456 1548 ταῖς
495 1484 665 1537 αὑτοῦ
691 1485 775 1537 ὃτι
806 1484 888 1538 δεῖ
916 1484 1081 1537 αὑτὸν
1122 1484 1378 1537 ἀπελθεῖν
1422 1484 1502 1546 είς
1535 1482 1904 1553 Ἱεροσόλυμα,

335 1578 429 1630 καί
468 1576 644 1630 πολλὰ
675 1576 869 1630 παθεῖν
897 1577 1005 1632 ἀπὸ
1041 1576 1150 1630 τῶν
1180 1575 1570 1648 πρεσϐυτέρων
1603 1575 1697 1628 καὶ
1727 1577 1911 1647 ἀρχιε-

337 1665 478 1735 ρέων
505 1666 603 1719 καὶ
632 1666 1038 1737 Γραμματέων,
1085 1667 1177 1719 καὶ
1233 1665 1659 1735 ἀποκτανθῆναι,
1702 1666 1800 1718 καὶ
1840 1665 1907 1734 τῇ

332 1760 497 1830 τρίτῃ
525 1757 712 1829 ἡμέρᾳ
742 1758 1057 1828 ἐγερθῆναι.
1092 1777 1110 1810 ι
1133 1754 1399 1829 Προλέγει
1424 1756 1605 1821 αὐτοῖς
1625 1756 1685 1809 τὸ
1714 1754 1903 1821 πάθος,

334 1849 424 1903 ἵνα
448 1850 523 1920 μὴ
550 1850 795 1913 ἐλθόντος
819 1849 1262 1921 ἀπροσδοκήτως,
1289 1846 1769 1912 σκανδαλισθῶσιν,
1799 1848 1909 1914 οίη-

335 1938 526 2001 θέντες
568 1939 645 2001 ὡς
696 1939 844 1994 ἄκων
880 1938 976 1992 καὶ
1021 1939 1230 2007 ἀγνοῶν
1283 1936 1555 1992 πέπονθεν
1579 1952 1593 1969 ⁸
1624 1938 1748 1991 ἐπεὶ
1803 1937 1912 2008 γὰρ

335 2028 580 2093 ἥκουσαν
607 2027 695 2080 διὰ
727 2028 827 2098 τῆς
880 2027 975 2081 τοῦ
1029 2028 1239 2099 Πέτρου
1295 2028 1586 2099 ὁμολογίας
1622 2027 1706 2081 δτι
1727 2029 1755 2081 6
1786 2027 1912 2091 Υἱὸς

336 2117 432 2172 τοῦ
465 2117 605 2171 Θεοῦ
633 2122 773 2183 ἐστι,
796 2118 918 2172 τότε
951 2119 1326 2172 ἀποκαλύπτει
1367 2119 1552 2182 αὐτοῖς
1579 2117 1674 2172 καὶ
1711 2117 1778 2172 τὰ
1817 2115 1912 2170 τοῦ

338 2209 573 2273 πάθους.
600 2210 757 2264 Μετά
803 2210 859 2264 δὲ
907 2211 976 2263 τὰ
1004 2210 1242 2282 λυπηρά,
1275 2212 1469 2279 ἐπάγει
1498 2211 1595 2265 καὶ
1615 2210 1675 2263 τὸ
1702 2210 1912 2281 χαρμό-

342 2317 527 2366 συνον,
551 2301 613 2354 τὸ
646 2302 702 2353 έν
731 2304 797 2372 τῇ
821 2300 982 2373 τρίτῃ
1006 2301 1191 2372 ἡμέρᾳ
1212 2302 1524 2371 ἐγερθῆναι.

417 2409 437 2443 ι
466 2393 578 2447 Καὶ
603 2391 1041 2464 προσλαϐόμενος
1069 2393 1231 2446 αὐτὸν
1255 2394 1284 2446 6
1318 2392 1544 2468 Πέτρος,
1565 2391 1765 2463 ἤρξατο
1794 2392 1915 2445 ἐπι-

337 2485 511 2555 τιμᾷν
542 2483 713 2554 αύτῷ,
739 2483 948 2551 λέγων’
982 2482 1170 2546 Ἵλεώς
1200 2500 1303 2546 σοι,
1336 2483 1530 2552 Κύριε,
1568 2484 1630 2536 ού
1662 2482 1737 2554 μὴ
1761 2481 1914 2537 ἔσται

343 2589 428 2626 σοι
459 2572 642 2627 τοῦτο.
692 2594 711 2626 ι
754 2576 819 2627 ὐ
851 2574 951 2643 μὲν
1009 2573 1387 2646 ἀπεκαλύερθη,
1435 2576 1464 2627 6
1500 2575 1703 2645 Πέτρος
1739 2574 1914 2646 ὀρθῶς

338 2663 720 2736 ὡμολόγησεν,
749 2666 777 2718 6
805 2665 861 2718 δὲ
879 2669 980 2720 οὐκ
1009 2667 1393 2738 ἀπεκαλύφθη,
1423 2668 1627 2737 ἐσφάλη
1652 2683 1665 2696 ’
1699 2668 1786 2722 ἵνα
1812 2669 1915 2738 μά-

343 2757 531 2829 θωμεν
581 2759 663 2811 ὃτι
716 2758 885 2828 χωρὶς
932 2757 1066 2810 Θεοῦ
1124 2759 1243 2812 οὐδὲ
1298 2761 1474 2813 ἐκεῖνο
1528 2759 1827 2828 ὲυθέγξατο
1856 2762 1916 2813 τὸ

351 2856 515 2924 μέγα.
548 2851 639 2923 Μὴ
691 2849 863 2901 θέλων
890 2845 983 2902 οὖν
1027 2849 1216 2902 παθεῖν
1256 2851 1344 2904 τὸν
1366 2849 1601 2921 Χριστδν
1633 2853 1661 2905 6
1690 2852 1914 2921 Πέτρος,

347 2945 443 2998 καὶ
473 2942 685 3011 ἀγνοῶν
716 2940 776 2992 τδ
809 2939 907 3007 τῆς
958 2942 1313 3004 ἀναστάσεως
1360 2944 1662 3015 μυστήριον
1683 2960 1696 2973 ·
1734 2930 1915 3006 Ἵλεώς

351 3056 456 3101 σοι,
504 3035 696 3104 Κύριε,
728 3032 789 3084 οὐ
824 3031 900 3101 μὴ
944 3032 1098 3086 ἔσται
1142 3051 1223 3089 σοι
1252 3035 1431 3102 τοῦτο,
1461 3035 1644 3106 φησίν.

425 3244 446 3276 σ
493 3224 552 3277 '0
578 3225 634 3278 δὲ
662 3226 925 3296 στραφεὶς
958 3222 1077 3279 εἶπε
1103 3221 1180 3294 τῷ
1204 3220 1394 3294 Πέτρῳ
1413 3235 1428 3250 ’
1462 3220 1679 3288 ’Ὕπαγε
1744 3217 1921 3272 ὀπίσω

356 3331 479 3383 μου,
534 3314 771 3379 Σατανᾶ,
832 3315 1126 3371 σκάνδαλόν
1162 3328 1262 3383 μου
1310 3307 1380 3378 εῖ,
1406 3311 1489 3365 ὅτι
1513 3311 1573 3364 οὐ
1605 3312 1823 3382 φρονεῖς
1851 3309 1920 3362 τά

354 3404 446 3457 τοῦ
475 3405 633 3467 Θεοῦ.
667 3406 804 3462 ἀλλὰ
838 3409 904 3461 τὰ
928 3407 1037 3461 τῶν
1074 3404 1400 3475 ἀνθρώπων.
1444 3421 1462 3455 ι
1499 3402 1627 3455 Ὅτε
1658 3402 1757 3472 μὲν
1783 3401 1921 3471 ὀρθά

354 3496 532 3550 ἐλάλει
560 3498 589 3549 6
618 3498 844 3569 Πέτρος,
881 3498 1174 3567 μακαρίζει
1206 3495 1419 3567 αύτδνό
1457 3493 1711 3563 Χριστὸς,
1741 3493 1828 3547 ὅτε
1864 3491 1922 3545 δὲ

360 3586 564 3655 ἀλόγως
595 3588 879 3650 ἐδειλίασε,
911 3588 1006 3641 καὶ
1032 3588 1133 3643 οὒκ
1155 3586 1313 3657 ἦθελε
1358 3585 1551 3640 παθεῖν
1581 3584 1767 3650 αὐτὸν,
1798 3583 1925 3637 ἐπέ-

360 3675 580 3746 πληξεν,
632 3676 805 3730 εἰπών
827 3692 843 3709 ·
877 3675 1097 3743 ’Υπαγε
1134 3674 1310 3728 ὀπίσω
1357 3690 1491 3742 μου,
1524 3673 1761 3726 Σατανᾶ.
1816 3673 1924 3726 Σα-

357 3768 522 3831 τανᾶς
545 3766 625 3831 δὲ,
664 3769 693 3821 6
736 3766 1117 3837 ἀντικείμενος
1172 3763 1410 3833 λέγεται.
1443 3763 1663 3832 ’Υπαγε
1682 3759 1778 3818 οὖν
1802 3763 1927 3817 ὀπί-

362 3873 603 3928 σωιμου,
632 3858 901 3924 τουτέστι,
930 3859 1005 3929 μὴ
1037 3856 1333 3911 ἀνθίστασο
1354 3898 1370 3923 ,
1398 3856 1513 3911 ἀλλ’
1541 3856 1823 3911 ἀκολούθει
1847 3858 1925 3929 τῷ

361 3948 486 4019 θελή
497 3949 630 4017 ματ-ί
662 3965 789 4018 μου.
820 3948 991 4003 Καλεῖ
1012 3949 1070 4002 δὲ
1100 3946 1281 4011 οὕτως
1309 3947 1403 4000 τὸν
1437 3946 1668 4018 Πέτρον,
1689 3950 1810 4001 ἐπεὶ
1832 3949 1927 4003 καὶ

357 4039 433 4110 τῷ
457 4041 673 4110 Σατανᾷ
707 4039 967 4113 ἀθέλητον
996 4036 1064 4112 ἦν
1082 4043 1144 4093 τὸ
1172 4040 1364 4095 παθεῖν
1407 4038 1499 4094 τὸν
1531 4039 1767 4112 Χριστόν
1786 4055 1800 4072 ο
1826 4055 1929 4111 φη..

359 4137 441 4186 civ
476 4132 573 4187 οὖν
603 4133 710 4196 ὃτι,
744 4132 816 4186 Σὺ
841 4133 940 4205 μὲν
982 4132 1310 4205 ἀνθρωπίνῳ
1355 4131 1604 4203 λογισμῷ
1656 4131 1835 4195 δοκεῖς
1866 4131 1928 4188 τὸ

358 4223 527 4285 πάθος
558 4224 816 4293 ἀπρεπές
851 4240 941 4293 μοι
973 4218 1116 4278 εῖναι
1135 4240 1151 4257 ο
1177 4224 1238 4276 ού
1276 4227 1417 4287 νοεῖς
1449 4224 1503 4276 (ὲ
1525 4223 1605 4277 ὅτι
1627 4224 1655 4276 6
1680 4222 1815 4286 Θεὸς
1840 4222 1929 4278 διὰ

2002 556 2245 618 dicerent
2278 562 2419 632 quod
2461 560 2574 629 ipse
2609 568 2754 614 esset
2781 556 3051 612 Christus.
3092 574 3113 610 ι
3158 553 3378 609 Volebat
3407 554 3568 609 Chri-

2004 665 2121 710 stus
2146 662 2276 708 ante
2310 667 2525 709 crucem
2559 650 2841 705 obscurari
2872 660 3027 704 suam
3055 645 3304 716 gloriam.
3352 645 3488 701 Nam
3525 647 3572 702 si

2005 741 2340 798 audivissent
2391 741 2638 796 homines
2696 747 2821 794 ante
2873 738 3180 807 passionem
3232 735 3374 808 quod
3434 737 3575 793 Deus

2004 844 2170 900 esset,
2210 845 2266 889 et
2297 833 2489 889 deinde
2516 831 2782 887 vidissent
2815 844 2949 907 eum
2970 829 3116 898 pati,
3152 829 3420 899 quomodo
3466 842 3571 883 non

2006 926 2231 981 fuissent
2261 924 2494 980 oli‘ensi?
2538 923 2827 993 Propterea
2877 922 3044 993 igitur
3089 920 3326 976 occultat
3360 919 3473 991 86
3501 935 3561 974 se

2006 1017 2216 1080 multis,
2259 1026 2316 1070 ut
2351 1026 2472 1087 post
2520 1014 2973 1071 resurrectionem
3008 1014 3213 1081 absque
3251 1009 3575 1066 oﬂendicuio

2007 1123 2037 1163 a
2068 1110 2252 1163 multis
2281 1110 2506 1173 sciatur,
2533 1109 2741 1178 Spiritu
2769 1116 2957 1162 sancto
2978 1108 3159 1162 omnia
3189 1103 3572 1159 miraculorum

2006 1200 2412 1270 Operationibus
2445 1196 2784 1271 altaequante.

2079 1382 2244 1438 Vens.
2267 1381 2357 1436 2|.
2382 1396 2401 1435 ι
2429 1380 2505 1436 Ex
2520 1396 2586 1438 eo
2609 1390 2853 1453 tempore
2871 1382 3027 1453 cmpit
3049 1379 3207 1437 Jesus
3229 1378 3468 1434 indicare
3489 1376 3577 1433 di-

2007 1475 2232 1545 scipulis
2248 1475 2362 1530 suis
2385 1474 2526 1545 quod
2543 1473 2938 1545 oportetipsum
2959 1474 3107 1528 abire
3126 1470 3575 1542 Hierosolynmm,

2011 1577 2065 1623 et
2087 1567 2253 1622 multa
2277 1566 2387 1635 pati
2410 1577 2445 1620 ιι
2471 1565 2777 1621 senioribus
2799 1575 2850 1620 et
2873 1563 3207 1634 principibus
3229 1560 3576 1617 sacerdotum

2010 1672 2066 1718 et
2110 1661 2338 1726 scribis,
2376 1669 2432 1716 et
2462 1659 2674 1724 occidi,
2729 1669 2784 1715 ct
2818 1659 2978 1715 tertio
3026 1659 3115 1712 die
3171 1655 3509 1712 resuscitari.
3548 1672 3570 1706 ι

2018 1753 2267 1809 Praedicit
2306 1751 2411 1808 illis
2442 1751 2785 1822 passionem,
2827 1764 2893 1805 ne
2944 1751 3311 1820 inexspectata
3346 1747 3433 1800 illa
3482 1760 3576 1801 ve-

2018 1846 2200 1901 niente
2233 1843 2572 1910 offendatur,
2626 1854 2877 1916 putantes
2926 1842 3068 1913 quod
3120 1840 3321 1896 invitus
3374 1847 3428 1893 et
3473 1852 3578 1893 non

2011 1938 2299 2008 prtesciens
2325 1951 2519 2007 passus
2548 1948 2713 1992 esset.
2753 1934 3045 2004 Postquam
3070 1932 3215 1987 enim
3246 1930 3571 1985 audiverunt

2014 2044 2107 2098 per
2150 2026 2550 2083 confessionem
2595 2025 2738 2081 Petri
2787 2022 2931 2095 quod
2961 2021 3133 2077 Filius
3172 2020 3243 2076 sit
3276 2020 3395 2085 Dei,
3452 2028 3583 2074 tunc

2016 2121 2274 2177 revelavit
2322 2120 2430 2176 illis
2489 2129 2545 2175 et
2598 2118 2926 2190 passionem.
2978 2114 3107 2185 Post
3161 2113 3337 2169 tristia
3399 2120 3579 2167 autem

2014 2214 2195 2268 subdit
2242 2221 2298 2267 et
2339 2211 2611 2277 laetitiam,
2663 2224 2854 2281 nempe
2895 2209 3039 2280 quod
3083 2207 3170 2262 die
3208 2205 3368 2261 tertio
3399 2219 3586 2261 resur--

2013 2317 2186 2378 geret.

2086 2398 2252 2453 Vens.
2284 2395 2375 2450 22.
2433 2414 2453 2446 ι
2491 2394 2556 2449 Εῑ
2604 2409 2723 2448 cum
2787 2392 3099 2449 abduxisset
3155 2390 3302 2445 illum
3355 2387 3583 2452 Petrus,

2015 2490 2182 2560 cmpit
2227 2490 2507 2556 increpare
2543 2486 2715 2552 illum,
2753 2484 2939 2541 dicens
2971 2500 2987 2540 :
3024 2483 3295 2553 Propitius
3322 2491 3437 2537 esto
3467 2481 3581 2543 tibi,

2016 2579 2265 2645 Domine,
2297 2591 2640 2648 nequaquam
2674 2577 2777 2632 erit
2816 2577 2907 2631 tibi
2941 2577 3063 2631 hoc.
3113 2593 3133 2627 ι
3169 2575 3227 2629 id
3260 2575 3401 2643 quod
3430 2588 3587 2627 reve-

2015 2673 2184 2727 latum
2214 2678 2354 2736 erat,
2383 2670 2578 2725 Petrus
2605 2679 2749 2725 recte
2776 2666 3060 2725 confessus
3083 2678 3204 2722 est:
3241 2666 3292 2719 in
3324 2680 3389 2720 eo
3405 2675 3584 2717 autem

2016 2764 2162 2835 quod
2217 2778 2325 2818 non
2375 2762 2715 2827 revelatum,
2776 2761 2996 2832 lapsus:
3050 2769 3109 2813 ut
3155 2757 3390 2813 sciamus
3443 2754 3584 2825 quod

2017 2858 2223 2924 absque
2249 2852 2363 2910 Deo
2399 2869 2574 2924 neque
2625 2854 2843 2909 locutus
2903 2862 2987 2907 est
3018 2864 3274 2920 maguum
3307 2848 3584 2918 quiddam.

2019 2947 2220 3005 Nolens
2259 2949 2426 3020 igitur
2466 2946 2660 3003 Petrus
2704 2946 2979 3002 Christum
3024 2946 3169 3017 pati,
3223 2951 3278 2997 et
3331 2942 3589 3014 ignorans

2018 3042 2437 3096 resurrectioms
2459 3040 2796 3112 mysterium,
2832 3039 3004 3094 dixit:
3033 3036 3299 3108 Pmpitius
3319 3044 3439 3091 esto
3468 3033 3586 3099 tibi,

1941 3144 1984 3203 ο
2024 3132 2269 3199 Domine,
2295 3145 2637 3200 nequaquam
2669 3129 2774 3184 crit
2805 3129 2897 3184 tibi
2936 3128 3059 3182 hoc.

2093 3223 2383 3279 Vsus?!»
2414 3218 2441 3276 ι
2477 3221 2786 3278 Conversus
2826 3229 3006 3277 autem
3041 3220 3149 3284 ille,
3198 3219 3336 3273 dixit
3386 3215 3583 3272 Petro:

2019 3317 2123 3372 Abi
2155 3324 2278 3386 post
2308 3329 2413 3380 me,
2444 3314 2666 3379 Sutaua,
2693 3311 2969 3369 obsmculo
3010 3325 3073 3367 es
3115 3310 3289 3366 mihi:
3324 3309 3450 3380 quia
3480 3323 3588 3362 non

2022 3410 2170 3480 sapis
2200 3423 2263 3464 ea
2287 3423 2407 3477 qua:
2435 3416 2561 3463 sunt
2586 3405 2704 3473 Dei,
2728 3404 2822 3461 sed
2850 3418 2911 3459 ea
2942 3419 3059 3472 qua:
3081 3413 3208 3458 sunt
3228 3402 3532 3456 hominum.
3564 3416 3585 3450 ι

2022 3496 2241 3554 Petrum
2278 3503 2425 3553 recte
2474 3496 2691 3567 quidem
2724 3495 3060 3565 loquentem,
3090 3494 3301 3548 beatum
3332 3492 3591 3563 praedicat

2021 3589 2311 3646 Christus:
2351 3586 2800 3642 irrationabiliter
2840 3592 3022 3639 autem
3073 3582 3489 3647 formidantem,
3538 3590 3594 3636 et

2025 3682 2295 3738 nolentem
2345 3696 2405 3738 se
2448 3678 2581 3749 pati,
2628 3677 2943 3749 perstringit
2982 3675 3172 3731 dicens
3221 3672 3422 3730 :Vade
3472 3683 3595 3742 post

2026 3788 2112 3829 me
2139 3813 2155 3838 ,
2194 3772 2418 3828 Satana.
2468 3769 2703 3825 Satanas
2758 3778 2937 3822 autem
2978 3763 3324 3822 adversarius
3371 3764 3592 3820 dicitur.

2030 3863 2173 3919 Vade
2193 3863 2497 3934 igiturgpost
2519 3874 2627 3927 me,
2645 3860 2748 3915 hoc
2767 3867 2871 3923 est,
2889 3873 2956 3934 ne
2976 3858 3229 3921 obsistas,
3251 3856 3348 3911 sed
3366 3869 3595 3926 sequere

2026 3933 2361 4011 voluntatem
2390 3966 2592 4007 meam.
2636 3948 2804 4006 Vocat
2831 3933 3009 4004 autem
3054 3951 3132 4003 sic
3174 3946 3392 4002 Petrum
3419 3984 3435 4010 ,
3468 3945 3595 4015 quia

1986 4096 1995 4099 ι
2027 4047 2188 4102 etiam
2213 4043 2429 4099 Satanae
2446 4040 2760 4111 displicebat
2779 4039 2888 4111 pati
2907 4037 3205 4094 Christum.
3232 4035 3371 4090 Dicit
3392 4034 3594 4103 igitur:

2031 4133 2153 4191 Tibi
2180 4133 2400 4206 quidem
2427 4131 2579 4203 juxta
2604 4131 2898 4187 humanam
2927 4130 3192 4185 rationem
3222 4126 3435 4181 videtur
3460 4123 3597 4179 mihi

2028 4226 2288 4285 indecens
2322 4224 2543 4297 passio:
2596 4236 2703 4278 non
2762 4219 3016 4291 intelligis
3067 4228 3246 4275 autem
3276 4217 3418 4288 quod
3456 4214 3601 4270 Deus

357 4312 869 4385 τούτου“σωτηρίαν
899 4313 1216 4384 ἐργάζεται,
1246 4312 1344 4367 καί.
1360 4313 1441 4368 ὅτι
1469 4312 1629 4367 τοῦτο
1653 4311 1778 4385 ἐμοὶ
1798 4313 1919 4386 πρέ-

2030 4334 2129 4391 per
2161 4318 2300 4372 hanc
2326 4317 2554 4372 salutem
2592 4321 2879 4384 operetur,
2907 4320 2962 4367 et
2986 4310 3130 4382 quod
3166 4309 3269 4365 hoc
3309 4321 3394 4363 me
3428 4307 3601 4363 maxi-

361 4421 451 4458 πει
474 4405 733 4475 μάλιστα.

2034 4423 2121 4464 me
2155 4409 2347 4462 deceat

438 4513 457 4547 ι
493 4495 628 4548 Τότε
655 4496 683 4548 ό
713 4492 924 4565 Ἰησοῦς
947 4490 1068 4549 εἷπε
1098 4496 1213 4557 τοῖς
1244 4492 1511 4565 μαθηταῖς
1533 4492 1736 4548 abacti"
1757 4492 1823 4546 Εἴ
1842 4509 1919 4556 τις

2103 4495 2273 4554 Vens.
2300 4497 2393 4552 94.
2431 4512 2451 4548 ι
2485 4492 2639 4551 Tunc
2666 4493 2824 4550 Jesus
2857 4491 2995 4547 dixit
3018 4489 3302 4561 discipulis
3325 4487 3438 4545 suis
3473 4507 3488 4545 :
3542 4487 3599 4542 Si

364 4584 509 4641 θέλει
544 4584 722 4637 ὀπίσω
753 4601 855 4653 μου
880 4585 1078 4648 ἐλθεῖν,
1127 4584 1536 4656 ἀπαρνησάσθω
1590 4584 1802 4648 ἑαυτὸν,
1835 4582 1929 4635 καῖ

361 4677 551 4746 ἀράτω
570 4676 661 4729 τὸν
688 4676 920 4745 σταυρὸν
962 4674 1163 4743 αὐτοῦ,
1189 4677 1284 4731 καὶ
1337 4675 1700 4731 ἀκολουθείτω
1756 4691 1865 4745 μοι.
1904 4692 1924 4726 s

362 4769 518 4834 Τότε,
546 4767 716 4832 ardre;
756 4769 884 4822 Ὅτε
905 4768 985 4838 τῷ
1024 4768 1219 4839 Πέτρῳ
1246 4768 1546 4840 ἐπετίμησε
1573 4783 1588 4797 ’
1620 4766 1790 4820 θέλων
1822 4764 1931 4837 γὰρ

363 4859 533 4924 δεῖξαι
585 4859 668 4911 ὅτι
709 4857 920 4927 ἐσφάλη
941 4859 969 4912 6
987 4859 1451 4929 Πέτρος.κωλύων
1513 4858 1676 4914 αὐτὸν
1703 4857 1797 4912 τοῦ
1827 4874 1933 4911 πα-

366 4950 499 5014 θεῖν,
533 4950 719 5018 φησὶν,
768 4950 851 5002 ὅτι
889 4949 961 5003 Σὺ
985 4950 1086 5021 ἐμὲ
1110 4949 1360 5015 κωλύεις.
1405 4948 1548 5017 Ἐγὼ
1572 4951 1628 5005 δὲ
1675 4950 1818 5018 λέγω
1848 4966 1931 5005 σοι

364 5039 446 5093 ὅτι
474 5039 538 5092 οὐ
569 5039 730 5108 μόνον
756 5037 819 5091 τὸ
840 5037 941 5108 ἐμὲ
992 5038 1066 5109 μὴ
1108 5038 1305 5092 παθεῖν
1335 5037 1628 5101 ἐπιϐλαϐές
1682 5054 1784 5103 σοι,
1816 5037 1931 5092 ἀλλ’

365 5130 488 5184 οὐδὲ
513 5131 583 5183 σὺ
610 5128 853 5197 σωθῆναι
893 5129 1116 5200 δυνήσῃ,
1155 5130 1249 5183 ὲάν
1284 5128 1359 5200 μὴ
1391 5130 1486 5184 καὶ
1522 5129 1686 5192 αὐτὸς
1723 5128 1934 5183 ἀποθά-

367 5219 642 5291 νῃς,ἀλλά
667 5219 761 5277 καὶ
784 5219 841 5273 σῖ
860 5235 946 5281 τις
977 5219 1156 5283 ἀλλος.
1197 5221 1301 5275 κᾶν
1322 5220 1487 5291 ἀνὴρ,
1518 5221 1621 5275 κᾶν
1648 5220 1808 5291 γυνὴ,
1828 5219 1934 5274 κάν

368 5311 559 5381 πένης,
596 5309 701 5364 κάν
748 5309 1024 5373 πλούσιος.
1057 5312 1227 5366 ϐέλει
1257 5311 1315 5367 δὲ
1362 5306 1535 5376 εἶπεν,
1567 5313 1655 5367 ῖνα
1683 5311 1830 5387 δείξῃ
1852 5313 1935 5366 ὅτι

368 5399 718 5467 αὐτεξούσιον
755 5402 849 5455 καὶ
882 5401 985 5455 οὐκ
1033 5402 1376 5470 ἀναγκαστὺν
1419 5404 1452 5474 ἠ
1501 5404 1695 5475 ἀρετή.
1731 5401 1936 5458 Ὀπίσω

368 5490 427 5545 δὲ
448 5492 736 5546 ἀκολουθεῖ
754 5492 850 5546 τοῦ
891 5492 1089 5560 Ἰησοῦ,
1120 5495 1219 5565 οὐχ
1262 5493 1292 5544 6
1325 5494 1603 5565 ὁμολογῶν
1641 5493 1806 5548 αὐτὸν
1841 5494 1938 5565 μόο

370 5599 460 5637 νον
493 5584 622 5637 Υίδν
651 5582 812 5645 Θεοῦ,
840 5584 960 5638 ἀλλ’
989 5588 1018 5639 6
1041 5586 1136 5639 καὶ
1190 5584 1278 5638 διὰ
1328 5585 1545 5639 πάντων
1590 5584 1702 5639 τῶν
1748 5584 1937 5639 δεινῶν

372 5674 690 5746 ἐρχόμενος,
721 5676 817 5730 καὶ
845 5676 912 5730 τὰ
929 5675 1068 5730 αύτά
1094 5676 1479 5748 ὑφιστάμενος.
1504 5675 1938 5748 ’Δπαρνησάσθω

374 5768 430 5825 δὲ
459 5767 674 5833 ἑαυτὸν,
723 5762 871 5834 εἷπε,
901 5768 1002 5841 τὴν
1028 5768 1242 5824 τελείαν
1267 5771 1499 5841 ἄρνησιν
1545 5771 1632 5825 διὰ
1665 5770 1766 5841 τῆς
1818 5770 1939 5826 ἀπό

2030 4589 2155 4658 quis
2187 4586 2302 4642 vult
2335 4596 2459 4657 post
2490 4600 2575 4640 me
2609 4584 2814 4649 venire,
2845 4582 3077 4651 abneget
3113 4582 3462 4649 semetipsum
3490 4620 3506 4645 ,
3546 4590 3603 4634 et

2033 4679 2426 4735 tollat-crucem
2458 4690 2634 4742 suam,
2669 4681 2724 4730 et
2750 4682 3006 4743 sequatur
3037 4686 3146 4728 me.
3180 4690 3200 4724 ι
3235 4669 3389 4726 Tunc
3430 4685 3602 4739 quan-

2024 4769 2140 4824 do?
2166 4785 2288 4824 cum
2306 4766 2528 4822 Petrum
2552 4768 2901 4835 increpasset.
2929 4763 3124 4820 Voiens
3148 4763 3291 4818 enim
3315 4763 3601 4817 ostendere

2033 4875 2217 4916 errare
2249 4859 2466 4916 Petrum
2491 4857 2867 4928 prohibentem
2896 4862 2957 4911 se
3000 4855 3131 4924 pati,
3165 4854 3328 4909 dicit:
3372 4852 3449 4907 Tu
3482 4853 3604 4921 qui-

2037 4953 2158 5007 dem
2189 4965 2275 5008 me
2301 4949 2586 5021 prohibes,
2623 4963 2724 5019 ego
2758 4958 2936 5002 autem
2967 4946 3089 5003 dico
3119 4945 3237 5009 tibi,
3269 4958 3375 4998 non
3400 4943 3601 5008 solum,

2026 5043 2082 5099 si
2102 5057 2208 5099 non
2236 5043 2429 5112 patiar,
2450 5042 2550 5097 tibi
2573 5043 2889 5098 damnosum
2912 5042 3063 5106 esse;
3084 5038 3181 5092 sed
3206 5050 3384 5105 neque
3405 5038 3603 5092 salvari

2037 5134 2262 5205 poteris,
2300 5134 2401 5189 nisi
2429 5141 2484 5189 et
2511 5134 2627 5206 ipse
2658 5128 2909 5187 moriaris
2939 5140 2993 5185 et
3018 5128 3267 5200 quisquis
3301 5126 3459 5198 alius,
3492 5127 3607 5183 sive

2039 5227 2143 5291 vir,
2168 5226 2283 5281 sive
2309 5225 2523 5291 mulier,
2547 5225 2662 5279 sive
2682 5237 2905 5294 pauper,
2921 5222 3035 5277 sive
3058 5218 3377 5281 dives.Dicit
3397 5231 3603 5283 autem,

2040 5317 2187 5383 Vult,
2215 5327 2275 5372 ut
2302 5316 2553 5373 ostendat
2601 5316 2827 5370 liberum
2882 5313 3188 5378 arbitrium,
3232 5304 3288 5369 'et
3358 5328 3463 5368 non
3512 5326 3607 5367 co-

2032 5419 2217 5466 actam
2245 5408 2523 5465 virtutem.
2554 5405 2684 5463 Post
2708 5405 2987 5462 Christum
3018 5416 3196 5461 autem
3225 5406 3470 5476 sequitur
3496 5418 3604 5461 non

2040 5500 2213 5557 solum
2265 5500 2313 5554 is
2350 5498 2442 5568 qui
2488 5498 2636 5554 illum
2677 5497 2964 5553 conﬁtetur
2997 5495 3190 5553 Filium
3226 5498 3362 5563 Dei,
3410 5497 3505 5553 sed
3554 5505 3607 5551 et

2042 5591 2131 5660 qui
2162 5604 2261 5659 per
2286 5589 2467 5644 omnia
2493 5589 2675 5658 gravia
2700 5590 2922 5655 transit,
2951 5598 3008 5643 et
3032 5589 3119 5644 illa
3142 5589 3396 5653 sustinet,
3424 5586 3607 5643 Abnev

2040 5692 2131 5752 get
2165 5689 2347 5737 autem
2374 5682 2721 5750 semetipsum
2752 5681 2920 5743 dixit,
2955 5680 3245 5750 perfectam
3293 5678 3608 5745 abnegatio-

2040 5787 2174 5829 nem
2226 5788 2324 5843 per
2371 5774 2826 5844 praepositionem,
2869 5777 2956 5839 ab,
3001 5774 3348 5844 signiﬁcans:
3380 5767 3608 5825 exempli
