4078 6464
562 319 670 383 323

1487 317 2072 381 THEOPHYLACTI
2107 316 2514 377 BULGARIXE’
2546 317 2904 412 QRCHIEP.

3702 324 3810 388 39.5

556 430 752 501 gratia,
811 443 879 484 ne
937 429 1132 484 habeat
1191 430 1622 486 communionem
1662 431 1948 500 quamdam
1997 444 2087 482 cur

2189 483 2197 500 _
2227 426 2541 497 προθέσεως
2569 429 2875 498 σημαίνων.
2904 431 3052 493 0.ον,
3089 431 3164 502 μὴ
3202 432 3371 503 ἐχέτω
3392 452 3444 488 τι
3467 437 3646 491 κοινὸν
3672 440 3812 510 πρὸς

554 537 804 591 corpore,
833 522 924 576 sed
953 532 1262 577 contemnat
1286 525 1525 592 seipsum
1552 541 1565 578 :
1593 523 1732 578 sicut
1750 522 2087 578 consuevimu

2228 518 2290 572 τὸ
2317 519 2500 589 σῶμα,
2531 519 2666 573 ἀλλὰ
2695 522 3109 592 καταφρονείτω
3147 525 3364 589 ἑαυτοῦ,
3399 525 3587 598 ὥσπερ
3613 529 3812 583 εἰώθα-

555 614 737 667 dicere
771 612 916 682 quod
950 613 1073 682 quis
1103 615 1410 683 quempiam
1457 615 1684 677 negarit,
1737 615 1836 668 hoc
1873 623 1986 680 est,
2017 629 2125 668 non

553 703 716 758 habet
761 719 881 758 eum
915 720 1014 773 pro
1059 704 1234 759 amico
1273 704 1355 758 vel
1411 716 1557 759 noto.
1611 704 1702 760 Sic
1743 705 1907 776 igitur
1936 718 2124 759 omnes

550 792 706 847 docet
738 794 942 847 nullam
980 810 1103 848 cum
1150 809 1376 863 corpore
1419 795 1622 850 habere
1660 796 2120 861 communionem,

549 885 600 939 id
629 896 732 950 εει,
762 887 1082 951 amicitiam,
1113 887 1187 941 ita
1222 897 1280 942 ut
1310 897 1362 942 et
1387 902 1605 942 crucem
1645 887 1850 954 tollant,
1875 890 1973 944 hoc
2001 897 2117 956 est,
2150 956 2154 959 ι

548 985 773 1030 mortem
824 976 1062 1047 eligant,
1117 987 1170 1031 et
1218 992 1336 1032 cum
1403 977 1580 1030 studio
1628 977 1902 1045 inquirant
1952 976 2117 1031 etiam

548 1077 772 1120 mortem
806 1068 1397 1136 ignominiosissimam,
1425 1068 1534 1138 87
1561 1067 1751 1136 qualis
1794 1083 1925 1121 crux
1972 1067 2118 1136 apud

545 1169 754 1213 veteres
777 1158 900 1213 fuit.
932 1160 1060 1226 Sed,
1089 1160 1152 1213 Et
1174 1170 1550 1228 sequaturme,
1577 1160 1771 1230 inquit.
1799 1159 1942 1213 Multi
1972 1162 2115 1213 enim

545 1252 936 1321 cruciﬁguntur
964 1253 1204 1306 latrones
1237 1261 1290 1304 et
1323 1251 1490 1316 fures,
1523 1263 1578 1304 at
1623 1251 1697 1304 illi
1749 1266 1853 1304 non
1883 1261 2008 1304 sunt
2035 1251 2117 1304 di-

541 1341 732 1409 scipuli
765 1342 890 1394 mei.
925 1341 1196 1410 Sequatur
1228 1340 1410 1410 igitur,
1449 1339 1552 1394 hoc
1578 1349 1681 1404 est,
1711 1355 1926 1393 onmem
1952 1339 2111 1394 aliam

539 1434 789 1486 virtutem
821 1447 930 1502 pra:
957 1447 1014 1485 se
1049 1431 1205 1486 ferat.
1246 1433 1492 1501 Abnegat
1538 1443 1716 1486 autem
1767 1433 2006 1502 seipsum
2059 1442 2113 1488 et

538 1526 628 1594 qui
663 1526 774 1578 heri
806 1525 1021 1592 quidem
1072 1525 1460 1592 intemperatus
1507 1533 1662 1588 erat,
1722 1524 1880 1578 hodie
1928 1532 2107 1578 autem

537 1625 716 1669 castus
749 1623 802 1668 et
831 1614 1066 1668 sobrius.
1097 1612 1242 1667 Talis
1277 1622 1395 1668 erat
1431 1611 1650 1680 Paulus,
1693 1615 1783 1682 qui
1813 1615 2105 1686 abut-gavit

535 1715 1027 1774 semetipsumcum
1081 1705 1320 1759 diceret:
1357 1723 1376 1757 ι
1410 1704 1546 1759 Vivo
1597 1717 1774 1760 autem
1834 1722 1943 1761 non
1995 1707 2105 1777 jam

2233 626 2333 680 μεν
2365 609 2566 678 λέγειν,
2607 611 2667 665 '0
2701 612 2848 665 δεῖνα
2879 613 2970 666 τὸν
2997 613 3144 668 δεῖνα
3184 616 3478 687 ἠρνήσατο,
3522 619 3642 671 ἀντὶ
3686 619 3807 685 τοῦ,

2227 701 2342 753 Ούκ
2372 700 2483 771 ἔχει
2510 701 2684 771 φίλον,
2723 703 2848 756 οὐδὲ
2880 705 3139 773 γνωστόν.
3177 706 3362 770 Οῦτως
3405 705 3499 763 οῦν
3547 713 3643 778 καὶ
3691 714 3812 775 πᾶς

2226 791 2432 860 ὀφείλει
2457 793 2733 863 μηδεμίαν
2764 795 2948 864 φιλίαν
2979 795 3125 867 ἔχειν
3157 799 3292 869 πρὶς
3325 799 3386 852 τὸ
3426 801 3587 870 σῶμα
3611 819 3626 834 ο
3661 802 3808 857 ὥστε

2225 881 2321 936 καὶ
2349 883 2438 938 τὸν
2474 886 2709 957 σταυρὸν
2733 887 2932 956 αἴρειν,
2955 890 3227 957 τουτέστι,
3253 893 3481 946 θάνατον
3504 895 3804 964 αἱρεῖσθαι,

2221 977 2318 1028 καὶ
2351 977 2490 1046 μετά
2521 977 2758 1048 σπουδῆς
2795 981 3076 1051 ἐπιζητεῖν
3101 985 3194 1035 καὶ
3219 982 3448 1039 θάνατον
3476 987 3568 1040 τὸν
3591 989 3807 1041 ἐπονεί-

2220 1064 2421 1120 διστον·
2449 1068 2691 1132 τοιοῦτος
2716 1070 2824 1142 γὰρ
2861 1074 2888 1124 6
2927 1074 3160 1144 σταυρὸς
3196 1077 3344 1146 παρὰ
3380 1080 3492 1140 τοῖς
3525 1080 3802 1144 παλαιοῖς.

2231 1157 2415 1224 ⁹Λλλά,
2441 1159 2554 1212 Καὶ
2580 1161 2940 1218 ἀκολουθείτω
2967 1182 3081 1234 μοι,
3107 1166 3262 1236 φησι.
3288 1167 3479 1222 Πολλοὶ
3501 1171 3610 1243 γάρ
3638 1191 3806 1226 σταυ-

2218 1248 2439 1320 ροῦνται
2472 1251 2670 1324 λῃσταὶ
2692 1256 2788 1308 καὶ
2822 1254 3077 1322 κλέπται,
3107 1257 3222 1310 ἀλλ’
3249 1259 3349 1311 οὐκ
3404 1260 3544 1314 είσὶν
3598 1265 3803 1316 ἐκεῖνοι

2217 1342 2456 1413 μαθηταί
2489 1362 2589 1415 μου
2620 1363 2632 1374 ·
2673 1346 3036 1401 ἀκολουθείτω
3091 1347 3202 1413 οῦν,
3235 1351 3504 1416 τουτέστι,
3541 1356 3636 1406 καὶ
3687 1357 3802 1408 πᾶς-

2216 1450 2314 1486 σαν
2340 1436 2438 1506 τὴν
2469 1436 2636 1508 ἄλλην
2659 1439 2863 1509 ἀρετὴν
2893 1439 3309 1496 ἐπιδεικνύσθω.
3353 1445 3703 1512 ’Λπαρνεῖται
3726 1447 3790 1499 δὲ

2213 1525 2404 1578 ἑαυτὸν
2425 1527 2520 1579 καὶ
2551 1530 2578 1580 6
2611 1528 2740 1597 χθὲς
2793 1530 2892 1599 μὲν
2934 1531 3289 1600 ἀσελγαίνων,
3325 1537 3565 1606 σήμερον
3603 1538 3659 1589 δὲ
3685 1555 3799 1591 σω-

2212 1619 2446 1686 φρονῶν.
2489 1620 2743 1685 Τοιοῦτος
2768 1618 2837 1692 ἦν
2858 1625 2886 1676 6
2919 1613 3151 1690 Παῦλος,
3178 1626 3642 1698 ἀπαρνησάμενος
3668 1631 3802 1683 ἐαυ-

2208 1707 2301 1760 τὸν
2335 1710 2392 1761 έν
2414 1710 2493 1781 τῷ
2533 1711 2736 1780 λέγειν,
2771 1713 2886 1767 (Ζῶ
2909 1713 2964 1766 δὲ
2995 1715 3094 1768 ούκ
3122 1715 3202 1768 έτι
3232 1717 3362 1781 ἐγὼ,
3388 1717 3454 1788 ζῇ
3494 1720 3550 1772 δὲ
3572 1723 3629 1771 ὲν
3666 1722 3796 1789 ἐμοὶ

531 1811 653 1865 ego,
696 1797 825 1850 vivit
860 1807 1040 1852 autem
1079 1799 1131 1852 in
1168 1812 1255 1854 me
1285 1799 1624 1853 Christus".
1663 1817 1681 1851 ι
1732 1797 1894 1854 Tollit
1926 1810 2087 1854 auten

2207 1797 2464 1869 Χριστός.
2481 1804 2664 1872 »Αἷρει
2689 1803 2744 1855 δὲ
2766 1804 2856 1856 τὸν
2884 1805 3136 1876 σταυρὸν,
3158 1807 3185 1859 ὁ
3201 1807 3480 1878 νεκρὼσας
3505 1809 3600 1862 καὶ
3629 1828 3797 1864 σταυ-

530 1904 787 1956 crucem,
847 1891 939 1962 qui
1000 1891 1348 1948 mortiﬁcavit
1401 1899 1456 1946 et
1514 1892 1784 1947 cruciﬁxit
1860 1893 2098 1963 seipsum

529 1982 749 2034 mundo.

596 2071 762 2128 Vsus.
793 2074 883 2128 25.
935 2092 953 2126 ι
1008 2075 1110 2140 Qui
1163 2077 1305 2130 enim
1362 2077 1596 2132 voluerit
1647 2079 1881 2132 animam
1937 2091 2094 2132 suam

525 2177 776 2230 scrvare,
815 2168 1002 2235 perdet
1058 2183 1174 2222 eam
1214 2187 1228 2228 ;
1266 2169 1510 2239 quisquis
1565 2180 1745 2224 autem
1803 2170 2098 2239 perdiderit

531 2257 767 2309 animam
839 2274 990 2312 suam
1054 2271 1274 2331 propter
1348 2277 1472 2330 me,
1544 2264 1781 2317 inveniet
1841 2277 1982 2318 eam.
2063 2283 2081 2316 ι

529 2347 609 2400 Ad
659 2351 972 2420 martyrium
1016 2353 1338 2408 adhortatur
1381 2369 1480 2408 nos
1513 2372 1526 2408 :
1563 2356 1764 2409 invenit
1801 2357 1943 2410 enim
1978 2357 2097 2411 ani-

525 2453 668 2492 mam
716 2443 782 2494 ad
833 2458 1090 2510 prtcseus,
1139 2446 1240 2500 hoc
1286 2455 1388 2510 est,
1448 2457 1647 2516 servat,
1698 2449 1786 2518 qui
1827 2459 2007 2518 negat,
2040 2461 2095 2505 et

480 2588 484 2592 ,
523 2541 706 2599 postea
739 2535 932 2602 perdit.
963 2534 1147 2590 Perdit
1193 2550 1368 2592 autem
1420 2539 1676 2608 animam,
1723 2543 1818 2596 sed
1872 2555 2094 2613 propter

521 2621 818 2690 Christum,
854 2627 942 2700 qui
993 2628 1056 2681 de
1094 2643 1158 2683 eo
1208 2630 1566 2686 testiﬁcatur:
1599 2633 1688 2701 qui
1743 2641 1798 2688 et
1856 2634 2094 2690 inveniet

520 2729 638 2768 eam
673 2714 726 2768 in
760 2717 1187 2787 incorruptione,
1220 2731 1271 2774 et
1303 2720 1412 2775 vita
1449 2732 1672 2777 aeterna.

592 2805 756 2859 Vens.
790 2805 881 2870 26,
915 2807 1004 2862 27.
1039 2827 1058 2861 ι
1122 2810 1260 2877 Quid
1311 2813 1451 2866 enim
1487 2813 1702 2882 prodest
1765 2815 1988 2882 homini,
2043 2817 2090 2873 si

524 2903 696 2950 totum
750 2899 1006 2952 mundum
1067 2899 1308 2954 lucratus
1349 2902 1531 2968 fuerit,
1566 2905 1762 2958 anima:
1809 2919 1938 2960 vero
1979 2922 2090 2962 sua:

511 2989 780 3057 jacmram
823 2989 1049 3044 fecerit?
1091 2991 1196 3043 Aut
1226 2992 1355 3060 quid
1386 2993 1535 3047 dabit
1570 2994 1750 3060 homo,
1783 2998 1937 3066 cujus
1966 3015 2088 3065 per-

517 3081 814 3136 mutatione
877 3082 1104 3136 redimat
1159 3083 1394 3137 animam
1448 3086 1637 3138 suam?
1686 3086 1950 3144 Venturus
2003 3099 2088 3145 est

2207 1889 2390 1960 ρώσας
2423 1894 2621 1948 ἑαυτὸν
2645 1895 2722 1967 τῷ
2757 1895 2972 1967 κόσμῳ.

2279 2092 2298 2126 ι
2341 2077 2435 2140 Ὃς
2468 2077 2575 2150 γὰρ
2606 2079 2672 2134 ἂν
2716 2078 2842 2152 θέλῃ
2890 2081 2988 2151 τὴν
3026 2081 3204 2154 ψυχὴν
3235 2083 3398 2138 αὑτοῦ
3426 2087 3616 2153 σῶσαι,
3641 2088 3783 2141 ἀπο-

2202 2165 2348 2219 λέσει
2410 2169 2616 2241 αὑτήν·
2665 2171 2724 2235 ὃς
2778 2173 2824 2224 δ’
2860 2174 2926 2227 ἂν
2969 2175 3210 2248 ἀπολέσῃ
3249 2177 3347 2248 τὴν
3393 2177 3570 2251 ψυχὴν
3615 2178 3787 2232 αὑτοῦ

2199 2255 2382 2311 ἕνεκεν
2403 2260 2560 2328 ἐμοῦ,
2604 2263 2826 2334 εὑρήσει
2871 2267 3063 2336 αὑτήν.
3100 2286 3120 2318 ι
3151 2269 3277 2325 Ἐπὶ
3309 2270 3611 2341 μαρτύριον
3649 2289 3790 2343 προ-

2196 2351 2459 2419 τρέπεται
2493 2354 2660 2422 ἡμᾶς.
2695 2354 2955 2426 Ιὲὑρίσκει
2984 2359 3082 2428 μὲν
3106 2356 3200 2415 οὖν
3230 2363 3329 2434 τὴν
3357 2363 3533 2433 ψυχὴν
3565 2364 3702 2434 πρὸς
3723 2364 3787 2417 τὸ

2196 2441 2390 2511 παρὸν,
2430 2444 2699 2511 τουτέστι,
2734 2447 2918 2511 σώζει,
2951 2451 2979 2500 ὁ
3006 2451 3360 2522 ἀρνούμενος,
3399 2454 3457 2516 ὃς
3487 2455 3583 2508 καὶ
3615 2456 3789 2510 ἀπόλ-

2195 2529 2348 2584 λυσιν
2378 2531 2606 2604 ὕστερον
2626 2551 2641 2567 ·
2688 2537 2954 2592 ἀπόλλυσι
2994 2540 3050 2594 δὲ
3081 2542 3183 2613 τὴν
3210 2543 3410 2614 ψυχὴν,
3443 2546 3558 2598 ἀλλ’
3598 2545 3786 2601 ἕνεκεν

2193 2618 2287 2670 τοῦ
2338 2621 2599 2691 Χριστοῦ,
2641 2625 2701 2688 ὃς
2733 2630 3076 2700 μαρτυρήσει
3129 2633 3266 2702 ὑπὲρ
3313 2634 3500 2688 αὐτοῦ.
3548 2637 3645 2700 Ὃς
3675 2636 3786 2704 ,καὶ

2193 2710 2414 2782 εὑρήσει
2452 2715 2622 2786 αὐτὴν
2667 2719 2725 2770 ὲν
2756 2719 3038 2793 ἀφθαρσίᾳ
3073 2723 3166 2776 καὶ
3197 2725 3311 2796 ζωῇ
3349 2726 3572 2797 αίωνίᾳ.

2268 2822 2285 2855 ι
2325 2805 2368 2856 Τ
2375 2806 2389 2856 ί
2421 2808 2527 2878 γὰρ
2556 2808 2847 2876 ὠφελεῖται
2878 2813 3162 2884 ἄνθρωπος
3190 2817 3284 2871 ἐὰν
3314 2818 3405 2871 τὸν
3431 2819 3637 2889 κόσμον
3658 2819 3783 2874 ὅλον

2192 2895 2453 2968 κερδήσῃ,
2487 2897 2584 2968 τὴν
2609 2898 2666 2951 δὲ
2695 2900 2872 2973 ψυχὴν
2901 2905 3068 2958 αὑτοῦ
3096 2906 3347 2979 ζημιωθῇ
3377 2927 3392 2974 ;
3427 2911 3496 2963 Ἢ
3531 2913 3585 2964 τί
3612 2910 3779 2968 δώσει

2190 2986 2478 3058 ἄνθρωπος
2534 2992 2891 3066 ἀντάλλαγμα
2926 2997 3038 3066 τῆς
3078 2999 3260 3070 ψυχῆς
3311 3003 3513 3070 αύτοῦ;
3571 3009 3777 3062 Μέλλει

2190 3078 2298 3148 γὰρ
2335 3083 2363 3133 6
2398 3081 2523 3147 Υίὸς
2553 3084 2649 3138 τοῦ
2698 3087 2985 3159 ἀνθρώπου
3025 3092 3279 3162 ἔρχεσθαι
3327 3099 3384 3150 ὲν
3414 3102 3479 3171 τῇ
3512 3099 3639 3173 δόξῃ
3677 3103 3773 3154 τοῦ

513 3170 658 3224 enim
700 3170 869 3226 Filius
911 3171 1145 3226 hominis
1187 3172 1238 3226 in
1268 3173 1436 3240 gloria
1483 3173 1659 3230 Patris
1700 3177 1781 3231 sui
1826 3194 1946 3232 cum
1989 3194 2087 3234 an-

2198 3170 2408 3240 Πατρὸς
2443 3175 2608 3227 αὐτοῦ
2652 3180 2792 3247 μετά
2829 3181 2936 3235 τῶν
2975 3183 3224 3252 ἀγγέλων
3264 3170 3475 3257 αὐτοῦ,
3501 3170 3774 3247 καὶ-Ἵτότε

513 3261 644 3328 gelis
690 3262 823 3328 suis,
863 3270 918 3315 et
975 3272 1102 3314 tunc
1155 3263 1340 3316 reddet
1398 3263 1687 3334 unicuique
1729 3264 1886 3334 juxta
1939 3268 2080 3326 facta

514 3353 707 3420 ipsius.
746 3372 764 3404 ι
802 3351 894 3406 Sic
929 3353 1089 3421 igitur
1113 3362 1166 3407 et
1200 3353 1466 3423 ﬁngamus
1508 3358 1650 3423 quod
1704 3367 1873 3412 totum
1924 3376 2080 3414 utun-

511 3443 634 3496 dum
658 3443 907 3508 lucreris,
930 3443 1022 3498 sed
1045 3458 1162 3512 qua:
1181 3445 1386 3499 utilitas
1409 3445 1453 3499 si
1479 3460 1679 3515 corpus
1705 3448 1838 3503 bene
1863 3450 2078 3518 habeat,

506 3542 561 3586 et
607 3534 786 3585 anima
841 3533 980 3588 male
1009 3535 1308 3602 afﬁciatur?
1330 3537 1780 3605 quemadmodum
1823 3540 1868 3594 si
1909 3552 2083 3598 mater

506 3624 740 3677 familias
771 3623 949 3678 lacera
982 3635 1152 3690 veste,
1181 3635 1235 3681 et
1271 3629 1478 3683 ancilla:
1525 3629 1730 3701 fulgido
1771 3645 1966 3688 ornatu
1995 3635 2078 3688 in-

508 3716 725 3770 cedant.
752 3715 936 3787 Neque
979 3720 1032 3772 in
1075 3719 1256 3774 futuro
1293 3723 1491 3778 saeculo
1533 3726 1732 3794 poterit
1773 3727 1895 3797 quis
1947 3729 2076 3784 dare

504 3810 979 3864 commutationem
1022 3826 1118 3880 pro
1153 3812 1332 3868 anima
1365 3831 1460 3869 sua
1494 3833 1506 3870 :
1535 3817 1620 3872 hic
1644 3804 1864 3888 quidem
1897 3830 2075 3890 potest

503 3899 632 3953 dare
687 3901 955 3972 lacrymas
1015 3912 1069 3958 et
1103 3904 1520 3976 eleemosynam,
1552 3917 1605 3963 et
1651 3910 1918 3980 jejunare,
1963 3913 2073 3970 illic

500 4001 679 4045 autem
709 4008 838 4047 non.
863 3992 1030 4049 Judex
1049 3997 1189 4049 enim
1220 4004 1348 4050 tunc
1374 4013 1474 4052 nos
1503 4001 1756 4069 excipiet,
1781 4003 1923 4058 dona
1978 4021 2070 4060 re-

495 4097 733 4151 spuens:
765 4100 884 4138 nam
913 4087 1063 4155 juxta
1089 4102 1257 4154 opera.
1291 4104 1389 4142 sua
1424 4089 1686 4157 judicabit
1715 4109 2070 4165 unumquem-

497 4189 623 4241 que.
650 4175 744 4228 Est
767 4188 946 4229 autem
967 4187 1023 4231 et
1053 4178 1407 4234 metuendus:
1435 4183 1616 4237 veniet
1644 4186 1786 4238 enim
1816 4186 1869 4240 in
1897 4187 2068 4258 gloria

495 4280 593 4320 sua
628 4275 682 4321 et
714 4281 836 4320 cum
867 4267 1095 4337 angelis,
1123 4276 1178 4323 et
1207 4285 1314 4324 non
1341 4274 1780 4343 contemptibilis.

568 4447 729 4505 Vsus.
757 4449 847 4505 28.
888 4469 908 4502 ι
943 4451 1112 4506 Amen
1159 4453 1280 4508 dico
1322 4455 1473 4510 vobis
1506 4473 1519 4508 :
1555 4466 1676 4512 sunt
1703 4458 1920 4528 quidam
1976 4460 2064 4516 hic

2193 3263 2464 3317 ἀποδώσει
2502 3269 2719 3340 ἑκάστῳ
2753 3274 2895 3326 κατά
2931 3275 3029 3346 τὴν
3057 3277 3259 3348 πρᾶξιν
3283 3281 3469 3336 αὑτοῦ.
3509 3302 3527 3334 ι
3568 3285 3771 3352 Ἔστω,

2193 3355 2352 3447 φησι,
2387 3357 2804 3447 καθἰΰπόθεσιν,
2841 3364 2920 3418 ὅτι
2954 3369 3045 3421 τὸν
3077 3371 3279 3442 κόσμον
3300 3374 3418 3427 ὃλον
3451 3376 3768 3447 ἐκέρδανας,

2187 3442 2405 3542 ἀλλὰ-τί
2432 3448 2493 3500 τὸ
2521 3448 2738 3542 δςρελος,
2775 3456 2874 3522 τῆς
2919 3457 3096 3528 ψυχῆς
3150 3463 3338 3542 κακῶς
3393 3442 3768 3540 διακειμένης,

2184 3533 2248 3585 τὸ
2277 3534 2435 3604 σῶμα
2481 3539 2780 3609 εύπαθεῑν;
2818 3545 3006 3618 ὥσπερ
3052 3550 3119 3603 ἂν
3153 3554 3200 3604 εί
3232 3553 3329 3623 τῆς
3361 3557 3769 3629 οἰκοδεσποίνης

2186 3625 2352 3695 ῥάκια
2381 3628 2753 3702 διερρηγμένα
2789 3640 3080 3712 φορούσης,
3116 3645 3173 3696 at!
3210 3646 3593 3716 θεραπαινίδες
3629 3625 3770 3722 λαμ-

2183 3724 2536 3789 προφοροῐεν.
2573 3725 2706 3778 Οὐδὲ
2740 3730 2846 3801 γὰρ
2880 3732 2935 3786 ὲν
2964 3733 3041 3803 τῷ
3071 3735 3315 3804 μέλλοντι
3342 3740 3499 3793 αἰῶνι
3537 3742 3766 3799 δύναταί

2179 3827 2266 3874 τις
2318 3811 2502 3868 δοῦναι
2569 3818 2925 3890 ἀντάλλαγμα
2975 3825 3114 3896 ὑπὲρ
3171 3829 3272 3899 τῆς
3324 3831 3504 3901 ψυχῆς
3569 3835 3761 3890 αὑτοῦ.

2193 3903 2456 3959 Ἐνταῦθα
2490 3908 2590 3978 μὲν
2623 3912 2731 3982 γὰρ
2777 3913 2999 3969 δύναται
3035 3918 3218 3974 δοῦναι
3263 3920 3493 3992 δάκρυα,
3537 3942 3762 3995 στεναγ-

2133 4067 2136 4070 ,
2179 3997 2336 4065 μοὺς,
2375 3998 2746 4074 ἐλεημοσύνην
2768 4020 2782 4034 ο
2818 4008 2937 4060 ἐκεῖ
2973 4009 3029 4062 δὲ
3061 4010 3144 4066 οὗ.
3191 4013 3617 4087 Ἀδωροδόκητος
3649 4020 3759 4090 γὰρ

2175 4091 2368 4161 κριτὴς
2391 4091 2690 4158 διαδέξεται
2708 4112 2721 4126 ’
2747 4098 2891 4152 κατὰ
2911 4101 3018 4172 γὰρ
3040 4103 3106 4154 τά
3123 4104 3262 4175 ἔργα
3287 4106 3498 4172 δικάζει
3516 4111 3756 4182 ἑκάστῳ·

2172 4185 2310 4275 ἀλλὰ
2356 4186 2448 4238 καὶ
2491 4188 2746 4260 φοϐερὸς,
2791 4192 2849 4244 ἐν
2881 4197 2946 4265 τῇ
2978 4196 3105 4268 δόξῃ
3159 4199 3268 4269 γὰρ
3305 4201 3472 4254 αὑτοῦ
3533 4203 3756 4275 ἔρχεται

2171 4274 2264 4325 καὶ
2317 4276 2456 4344 μετά
2510 4278 2622 4331 τῶν
2674 4281 2954 4350 ἀγγέλων,
3006 4287 3099 4338 καὶ
3152 4289 3274 4359 οὐχὶ
3329 4274 3754 4368 καταπεφρονη-

2217 4366 2353 4422 ένος.

2217 4383 2353 4430 ενος.

2173 4383 2212 4435 μ
2246 4471 2265 4503 ι
2319 4455 2488 4528 Ἀμὴν
2523 4456 2664 4526 λέγω
2695 4459 2847 4529 ύμῖν,
2893 4461 3000 4514 είσί
3027 4481 3169 4529 τινες
3199 4466 3306 4519 τῶν
3336 4461 3438 4522 ὦδε
3473 4473 3746 4540 ἑστώτων,

498 4549 727 4604 stantes,
756 4542 844 4609 qui
877 4557 982 4596 non
1017 4544 1312 4614 gustabunt
1337 4557 1584 4613 mortem,
1619 4551 1794 4605 donec
1838 4552 2069 4609 viderint

2189 4543 2362 4609 »ῖτινες
2385 4547 2446 4598 ού
2479 4549 2554 4619 μὴ
2583 4547 2888 4616 γεύσωνται
2927 4553 3178 4623 θανάτου,
3223 4559 3327 4623 ἕως
3379 4561 3446 4614 ἂν
3477 4562 3628 4616 ἴδωσι
3658 4565 3748 4620 τὸν

495 4629 689 4684 Filimn
723 4632 958 4688 hominis
988 4639 1291 4690 venientem
1333 4639 1385 4692 in
1426 4654 1592 4708 regno
1623 4655 1742 4695 suo.
1781 4659 1799 4692 ›
1842 4642 2063 4699 Dixerat

494 4734 780 4775 venturum
816 4723 1011 4779 Filium
1047 4727 1280 4783 hominis
1313 4728 1367 4782 in
1404 4729 1572 4798 gloria
1608 4745 1753 4784 sua:
1786 4746 1852 4786 ne
1899 4733 2064 4801 igitur

491 4813 756 4868 increduli
785 4817 914 4880 sint,
946 4817 1075 4872 dicit
1109 4820 1231 4890 quia
1260 4829 1386 4874 sunt
1418 4821 1504 4874 hic
1533 4822 1752 4890 quidam
1785 4825 1878 4892 qui
1905 4825 2061 4892 juxta

485 4908 628 4975 quod
670 4921 865 4975 capere
909 4920 1154 4978 possunt,
1187 4912 1448 4966 videbunt
1486 4913 1539 4965 in
1577 4916 2061 4987 transﬁguratione

482 4998 708 5067 gloriam
754 5001 974 5055 secundi
1017 5002 1299 5056 adventus.
1332 5001 1553 5056 Interim
1591 5013 1771 5060 autem
1824 5012 2061 5067 ostendit

485 5093 539 5145 in
568 5108 670 5161 qua
708 5093 878 5160 gloria
910 5101 1070 5147 erunt
1097 5095 1184 5162 qui
1220 5107 1440 5163 propter
1467 5096 1638 5162 ipsum
1669 5100 1808 5166 passi
1832 5099 2056 5159 fuerint.

483 5184 637 5238 Sicut
671 5185 814 5239 enim
852 5195 977 5239 tunc
1027 5200 1156 5239 caro
1196 5183 1312 5251 ejus
1355 5184 1665 5253 fulguravit,
1701 5188 1772 5241 ita
1815 5206 1911 5259 pro
1963 5209 2057 5248 sua

475 5276 724 5344 portione
749 5289 876 5331 tunc
906 5276 1184 5344 fulgebunt
1208 5276 1382 5329 sancti
1413 5293 1426 5328 :
1455 5277 1727 5345 signiﬁcat
1752 5290 1930 5350 autem
1960 5285 2060 5340 hoc

473 5366 592 5424 loco
609 5369 828 5423 Petrum
852 5369 1208 5430 etJacobum,
1223 5364 1575 5440 etJoaunem,
1596 5383 1732 5438 quos
1750 5371 1801 5425 iu
1821 5383 2057 5429 montem

472 5461 789 5529 assumpsit,
822 5469 876 5514 et
913 5458 1150 5513 ostendit
1197 5456 1306 5514 illis
1349 5473 1574 5528 regnum
1607 5475 1786 5527 suum,
1818 5463 1919 5519 hoc
1951 5475 2055 5533 est,

471 5549 714 5608 futurum
751 5565 962 5608 statum
999 5553 1052 5606 in
1081 5565 1190 5621 quo
1221 5559 1481 5606 venturus
1515 5562 1661 5608 esset
1685 5554 1821 5623 ipse,
1849 5567 1900 5610 et
1926 5556 2057 5627 justi

542 5735 585 5765 ’δ
616 5731 797 5789 Calai.
840 5745 902 5796 tt,
931 5725 1023 5781 20.

2172 4635 2301 4690 Υίδν
2323 4637 2415 4690 τοῦ
2440 4640 2727 4710 ἀνθρώπου
2750 4645 3047 4714 ἐρχόμενον
3063 4649 3121 4700 ἐν
3140 4652 3202 4718 τῇ
3237 4652 3486 4724 βασιλείᾳ
3508 4657 3696 4710 αὐτοῦ.
3722 4676 3740 4708 ι

2169 4724 2337 4781 Εἶπεν
2367 4731 2448 4783 ὅτι
2481 4732 2662 4802 μέλλει
2712 4734 2968 4804 ἔρχεσθαι
2996 4739 3024 4790 6
3056 4740 3181 4804 Υἱὸς
3221 4745 3316 4796 τοῦ
3362 4746 3654 4817 ἀνθρώπου
3688 4752 3747 4805 ἐν

2167 4823 2235 4892 τῇ
2258 4821 2386 4893 δόξῃ
2408 4824 2594 4878 αὑτοῦ.
2633 4825 2755 4880 Ἵνα
2781 4823 2873 4882 οὖν
2906 4830 2980 4900 μὴ
3005 4833 3307 4890 ἀπιστῶσιν
3335 4840 3555 4907 ἐκεῖνοι,
3581 4846 3745 4913 φησὶν

2165 4912 2247 4964 ὅτι
2278 4913 2384 4965 είσί
2414 4931 2558 4978 τινες
2592 4917 2849 4985 ἐνταῦθα,
2881 4921 2932 4973 οἳ
2960 4925 3101 4978 κατὰ
3129 4927 3190 4979 τὸ
3215 4928 3496 4999 ἐγχωροῦν
3520 4912 3743 5003 ὄψονται

2163 5004 2221 5056 ὲν
2251 5006 2315 5074 τῇ
2353 5022 2420 5072 με
2433 5008 2777 5078 ταμορφὼσει
2799 5011 2898 5082 τὴν
2927 5013 3084 5080 δόξαν
3113 5017 3212 5088 τῆς
3242 5019 3505 5092 δευτέρας
3528 5041 3742 5096 παρου-

2163 5095 2317 5158 σίας·
2351 5095 2470 5166 ἆμα
2500 5098 2557 5150 δὲ
2591 5100 2684 5152 καὶ
2713 5100 2985 5157 δείκνυσιν
3028 5109 3086 5159 ὲν
3114 5109 3239 5179 ποίᾳ
3274 5111 3400 5184 δόξῃ
3450 5095 3666 5172 ἔσονται
3693 5123 3738 5173 oi

2158 5187 2224 5239 δι’
2251 5189 2414 5242 αὐτὸν
2449 5192 2733 5257 παθόντες.
2779 5195 2867 5258 Ὠς
2899 5197 3008 5268 γὰρ
3042 5199 3384 5273 ἐξήστραψεν
3417 5209 3448 5276 ἡ
3481 5211 3620 5279 σὰρξ
3645 5216 3741 5266 αὐ-

2158 5280 2251 5333 τοῦ
2294 5283 2620 5353 τηνικαῦτα,
2655 5285 2798 5340 οὕτω
2838 5289 2978 5342 κατά
3023 5292 3322 5362 ἀναλογίαν
3355 5300 3404 5350 oi
3432 5299 3579 5368 ἆγιοι
3617 5306 3739 5359 τότε

2157 5370 2555 5440 ἐκλάμψουσιν·
2598 5375 2896 5429 αἰνίττεται
2925 5377 2981 5430 δὲ
3010 5381 3250 5435 ἐνταῦθα
3281 5385 3371 5437 τὸν
3414 5389 3621 5462 Πέτρον
3643 5395 3740 5450 καὶ

2123 5516 2126 5518 ,
2171 5465 2430 5518 Ἰάκωϐον
2466 5467 2557 5518 καὶ
2600 5465 2887 5539 ’Ἰωάννην,
2919 5470 3011 5533 οὓς
3045 5476 3357 5545 παρέλαϐεν
3391 5482 3470 5544 είς
3501 5483 3561 5535 τὸ
3586 5485 3734 5554 ὅρος,

2158 5556 2252 5610 καὶ
2301 5556 2500 5621 ἕδ;ιξεν
2540 5554 2723 5629 αὑτοῖς
2754 5561 2853 5630 τὴν
2889 5561 3170 5631 βασιλείαν
3216 5569 3406 5639 αὐτοῦ,
3461 5577 3731 5644 τουτέστι,
