4078 6464
518 271 624 341 327
1472 280 2056 344 THEOPHYLACTI
2095 278 2511 344 BULGARLE
2550 279 2913 342 ARCHIEP.
3662 278 3769 344 328

513 385 711 444 mansit
748 399 946 457 corpus
977 384 1031 442 in
1065 398 1165 442 suo
1216 385 1426 443 habitu.
1462 386 1680 445 Faciem
1721 391 1866 447 enim
1914 391 2081 464 ipsius

2194 405 2400 459 ματοςο
2445 386 2741 459 πρόσωπον
2791 386 2903 459 γὰρ
2933 384 3100 442 αὐτοῦ
3154 384 3376 450 ἀκούεις
3428 388 3524 441 καὶ
3564 389 3777 459 ἱμάτια.

510 478 667 545 audis
723 489 777 533 et
833 486 1062 534 vestem.
1104 478 1742 552 Fulgidiorapparebat
1809 483 2081 540 divinitate

2199 478 2598 551 Λαμπρότερος
2629 478 2907 549 ἐφαίνετο,
2941 476 3045 544 τῆς
3083 475 3341 545 θεότητος
3376 476 3780 548 παραδειξάσης

512 562 710 641 parvos
750 571 1011 641 quosdam
1060 571 1243 628 radios
1273 585 1404 628 suos
1432 571 1767 640 declaraute,
1800 584 1855 631 et
1893 576 1995 631 hoe
2033 584 2081 631 ut

2196 572 2392 644 μικρόν
2425 589 2480 626 τι
2530 571 2630 635 τὰς
2671 572 2896 635 ἀκτῖνας
2927 569 3121 641 αὐτῆς.
3168 570 3263 625 καὶ
3312 569 3471 625 τοῦτο
3519 570 3596 636 ὡς
3647 570 3778 642 ἡδύ-

514 664 698 720 videre
725 672 981 734 poterant
1009 681 1025 720 :
1053 673 1344 735 propterea
1373 673 1426 720 et
1455 679 1686 736 regnum
1718 668 1811 723 Dei
1845 668 2081 738 superqu

2192 682 2355 721 ναντο
2390 664 2521 720 ἰδεῖν
2541 680 2555 696 ο
2602 663 2693 721 διὰ
2732 662 2892 718 τοῦτο
2916 661 3027 733 γὰρ
3059 660 3155 717 καὶ
3195 660 3475 733 βασιλείαν
3501 662 3603 741 τοῦ,
3640 660 3773 716 Θεοῦ

514 757 652 811 dixit
702 755 1234 828 trausﬁgnrationem
1264 798 1279 823 ,
1315 772 1382 814 eo
1431 758 1575 827 quod
1628 758 1918 816 inelfabilis
1974 760 2094 831 ejus

515 858 753 920 potestas
781 852 850 906 ibi
881 850 1176 918 refulserit,
1205 861 1261 908 et
1291 852 1436 923 quod
1466 865 1760 923 germanus
1792 852 1964 909 Filius
1990 854 2093 910 Pa-

514 943 615 997 tris
635 953 891 1000 ostensus
916 946 1007 1010 sit,
1036 955 1093 1000 et
1121 946 1262 1014 quod
1289 945 1526 1014 dignitas
1551 945 1774 1001 secundi
1828 946 2092 1004 adventus

515 1036 571 1091 in
606 1037 895 1108 splendore
925 1038 1079 1094 faciei
1110 1037 1311 1095 Christi
1339 1037 1607 1097 inetl‘abili
1638 1039 1921 1097 claruerit.

582 1224 749 1281 Vens.
797 1225 848 1280 5.
882 1244 901 1279 ι
936 1224 1009 1279 Ει
1059 1240 1189 1282 ecce
1233 1236 1601 1298 apparuerunt
1652 1226 1760 1283 iiiis
1813 1224 1989 1283 Moses
2034 1235 2090 1280 et

509 1316 654 1371 Elias
679 1333 801 1373 cum
820 1318 1260 1391 illoloqnentes.»
1283 1322 1358 1377 De
1382 1338 1489 1392 quo
1511 1321 1991 1392 colloquebantnr?
2012 1320 2089 1377 De

507 1421 754 1475 excessu,
808 1411 980 1481 inquit
1025 1410 1225 1479 Lucas,
1268 1428 1428 1484 quem
1495 1415 1813 1484 impleturus
1851 1425 1971 1471 erat
2030 1415 2083 1471 in

511 1496 869 1566 Hierusalem,
899 1502 1001 1558 hoc
1027 1513 1130 1570 est,
1165 1504 1232 1560 de
1261 1520 1443 1561 cruce.
1469 1505 1649 1574 Quare
1695 1517 1874 1562 autem
1909 1504 2084 1563 Moses

507 1600 564 1647 et
603 1591 749 1647 Elias
781 1593 880 1649 visi
927 1594 1096 1650 sunt?
1121 1595 1194 1652 Ut
1219 1598 1540 1653 ostendatur
1577 1598 1724 1671 quod
1769 1608 1823 1655 et
1865 1597 1999 1670 legis
2027 1610 2083 1656 et

2190 756 2453 829 ἀνωτέρω
2485 757 2678 828 εἴρηκε
2713 754 2813 827 τὴν
2849 754 3300 826 μεταμόρφωσιν,
3343 754 3420 819 ὡς
3458 755 3777 826 ἐκφήνασαν

2189 850 2290 920 τῆς
2313 849 2564 916 ἐξουσίας
2594 849 2657 903 τὸ
2685 849 2916 919 ἄφατον,
2969 846 3067 900 καὶ
3102 847 3187 902 ὅτι
3216 846 3442 917 γνήσιός
3471 847 3622 900 ἐστιν
3650 833 3778 908 Ῠίὸς

2187 941 2283 996 τοῦ
2317 943 2530 1016 Πατρὸς
2564 942 2839 1009 δείξασαν,
2874 941 2969 996 καὶ
3009 940 3087 1003 ὡς
3125 940 3227 1011 τῆς
3263 938 3524 1010 δευτέρας
3569 954 3779 1011 παρουυ

2192 1033 2312 1096 σίας
2337 1032 2398 1086 τὸ
2428 1032 2646 1104 ἁξίωμῖι
2676 1032 2969 1104 φέρουσαν,
3001 1030 3089 1086 διὰ
3111 1028 3210 1103 τὴν
3245 1029 3486 1103 ἄρρητον
3525 1028 3778 1113 λαμπρό-

2187 1140 2325 1194 τητα
2345 1123 2440 1177 τοῦ
2468 1124 2765 1195 προσώπου
2802 1122 2897 1178 τοῦ
2940 1122 3138 1191 Ἰησοῦ.

2270 1234 2290 1269 ι
2327 1217 2435 1270 Καὶ
2485 1204 2597 1270 1δοῦ
2630 1215 2894 1288 ὤφθησαν
2923 1217 3108 1279 αὐτοῖς
3157 1216 3361 1286 Μωσῆς
3410 1214 3507 1268 καὶ
3565 1212 3774 1276 Ἠλίας,

2190 1308 2310 1380 μετ’
2344 1309 2509 1363 αὐτοῦ
2542 1307 2950 1373 συλλαλοῦντες.
2982 1327 3002 1360 ι
3036 1308 3102 1360 Τί
3127 1306 3449 1361 συνελάλουν
3479 1324 3495 1373 ;
3522 1305 3635 1376 Τὴν
3657 1304 3775 1370 εξο-

2186 1402 2277 1456 δον
2325 1401 2463 1474 (24),
2513 1402 2681 1474 φησὶν
2708 1403 3011 1468 όΛουκᾱς,
3065 1402 3133 1474 ἢν
3182 1400 3376 1471 ἔμελλε
3426 1399 3670 1471 πληροῦν
3717 1399 3776 1450 ἐν

2196 1482 2572 1568 Ἰερουσαλὴμ,
2596 1495 2864 1561 τουτέστι,
2890 1494 2985 1550 τδν
3015 1495 3270 1566 σταυρόν.
3304 1494 3456 1548 Διατί
3485 1494 3543 1547 δὲ
3564 1491 3775 1560 Μωσῆς

2183 1588 2278 1641 καὶ.
2303 1585 2489 1652 Ἠλίας
2514 1584 2810 1660 ὣφθησαν;
2860 1587 2977 1641 Ἵνα
3007 1586 3194 1659 δειχθῇ
3222 1587 3304 1641 ὅτι
3334 1587 3426 1640 καὶ
3471 1587 3639 1654 νόμου
3680 1587 3776 1637 καὶ

507 1685 899 1752 prophetarum
955 1687 1072 1757 ipse
1119 1688 1192 1743 sit
1244 1688 1525 1758 Dominus,
1569 1690 1974 1763 viventiumque
2016 1686 2079 1747 ac

2187 1679 2483 1752 προφητῶν
2531 1679 2695 1743 αὑτός
2738 1679 2853 1734 ἐστι
2901 1679 3129 1750 Κύριος,
3180 1680 3275 1732 καὶ
3310 1679 3392 1731 ὅτι
3422 1677 3643 1743 ζώντων
3681 1678 3776 1735 καὶ

464 1774 884 1834 ἠιονιυοτυιηι
923 1778 1069 1836 Elias
1119 1780 1338 1851 quidem
1387 1791 1471 1838 est
1518 1785 1804 1856 propheta,
1844 1743 1900 1840 ei
1951 1786 2081 1841 vivit

2187 1743 2397 1844 νεκρῶν
2416 1788 2429 1802 ο
2472 1764 2662 1835 Ἠλίας
2691 1772 2790 1842 μὲν
2818 1774 2927 1843 γάρ
2955 1743 3263 1844 προφήτης,
3290 1773 3384 1824 καὶ
3408 1769 3475 1841 ζῇ
3508 1770 3613 1821 ἔτι·
3640 1770 3773 1822 Μω-

504 1868 917 1936 adbuc;Moses
964 1882 1145 1926 autem
1198 1871 1497 1943 legislator,
1531 1885 1586 1930 et
1638 1885 1884 1931 mortuus
1941 1886 2021 1931 est
2065 1893 2080 1931 :

503 1962 633 2031 quin
675 1972 730 2017 et
784 1972 843 2017 ut
891 1974 1149 2033 appareat
1176 1966 1318 2034 quod
1350 1980 1457 2021 non
1498 1967 1570 2021 sit
1604 1964 1709 2037 legi
1738 1967 2084 2023 adversarius

508 2067 681 2122 neque
710 2053 842 2119 Deo,
869 2070 979 2109 non
1002 2056 1148 2110 enim
1190 2054 1365 2113 Moses
1410 2057 1669 2114 aStitisset
1694 2073 1793 2114 suo
1826 2061 2084 2115 adversa-

507 2140 609 2208 rio,
644 2159 822 2214 neque
873 2145 1019 2203 Elias
1078 2155 1262 2202 tantus
1301 2148 1507 2205 zelotes
1557 2149 1733 2219 ipsum
1766 2149 2001 2218 tulisset,
2034 2150 2082 2206 si

507 2233 616 2290 Deo
663 2238 853 2293 fuisset
903 2240 1252 2294 contrarius:
1289 2249 1551 2310 praeterea
1610 2251 1668 2296 ut
1716 2242 2080 2313 suspicionem

507 2329 656 2382 tollat
686 2345 873 2385 eorum
908 2332 1000 2403 qui
1031 2332 1204 2401 ipsum
1235 2331 1410 2389 Etiam
1447 2334 1528 2389 vel
1559 2349 1725 2390 unum
1757 2349 1824 2391 ex
1853 2334 2084 2406 prophe-

507 2423 575 2477 tis
637 2423 911 2481 direbant.
962 2425 1113 2481 Unde
1165 2434 1345 2481 autem
1406 2436 1779 2497 cognoverunt
1831 2426 2081 2498 discipuli

506 2515 648 2581 quod
676 2512 848 2569 Moses
878 2525 932 2571 et
954 2515 1097 2572 Elias
1135 2515 1378 2572 fuerint?
1404 2534 1509 2573 non
1553 2518 1695 2573 enim
1728 2533 1756 2572 a
1782 2517 2083 2573 lineamen-

507 2607 577 2662 tis
608 2606 892 2676 facierum,
920 2610 1044 2679 quia
1079 2611 1346 2682 imagines
1395 2611 1675 2667 hominum
1726 2610 1907 2667 facere
1953 2619 2082 2665 tunc

507 2700 728 2769 impium
776 2702 1076 2758 videbatur.
1117 2703 1344 2760 Videtur
1388 2705 1553 2774 igitur
1595 2702 1739 2772 quod
1773 2719 1837 2759 ex
1876 2718 2084 2760 sermo-

504 2790 664 2846 nibus
705 2806 841 2860 quos
884 2802 1008 2849 tunc
1052 2792 1194 2849 inter
1237 2808 1296 2851 se
1337 2794 1715 2861 conferebant,
1765 2795 2082 2865 agnoverint

503 2894 617 2935 eos.
654 2880 931 2936 Fortassis
977 2882 1123 2938 enim
1161 2884 1298 2939 alter
1332 2886 1551 2954 quidem
1615 2884 1848 2950 dicebat,
1891 2901 2083 2957 nempe

507 2970 684 3027 Moses
714 2971 830 3026 :Tu
864 2990 921 3028 es
954 2974 1109 3043 cujus
1138 2990 1238 3046 ego
1272 2977 1575 3044 passionem
1600 2976 1940 3047 prmfiguravi
1986 2992 2081 3032 oc-

503 3153 583 3211 Tn
608 3171 667 3211 es
682 3155 839 3226 cujus
863 3157 1321 3214 resurrectionem
1350 3172 1450 3230 ego
1473 3159 1882 3229 praeﬁguraviLin
1905 3160 2078 3215 viduae

503 3244 632 3310 filio,
660 3254 713 3301 et
755 3246 883 3302 talia
929 3248 1196 3318 quaedam.
1228 3247 1534 3304 Ostendens
1565 3249 1734 3320 igitur
1766 3249 1883 3307 illos
1915 3249 2077 3305 disci-

501 3338 675 3409 pulis,
708 3340 867 3395 docet
916 3354 1009 3394 eos
1057 3339 1192 3395 tales
1243 3339 1464 3408 imitari,
1495 3349 1551 3397 et
1596 3354 1909 3399 mansuetos
1953 3341 2078 3413 qui-

499 3433 621 3488 dem
652 3448 773 3488 esse
810 3442 867 3487 et
904 3432 1210 3503 populares,
1238 3431 1381 3489 sicut
1407 3430 1585 3490 Moses
1613 3450 1629 3489 :
1656 3434 1861 3491 zelotas
1889 3444 2073 3491 autem

497 3536 553 3580 et
595 3531 930 3588 constantes,
980 3523 1121 3578 sicut
1167 3521 1314 3579 Elias
1352 3540 1367 3578 :
1401 3535 1457 3581 et
1500 3524 1548 3581 si
1599 3525 1817 3596 quando
1867 3535 2076 3600 tempus

496 3625 673 3679 vocet,
702 3614 1082 3684 periclitantes
1112 3630 1211 3685 pro
1238 3616 1491 3683 veritate,
1518 3617 1663 3673 sicut
1693 3617 1792 3672 illi.

566 3706 682 3781 89
701 3705 864 3762 Vens.
880 3707 934 3762 4.
958 3724 977 3759 ι
999 3705 1346 3779 Respondens
1362 3717 1539 3764 autem
1555 3707 1749 3767 Petrus
1761 3708 1894 3763 dixit
1907 3707 2033 3765 Iesu
2059 3726 2073 3764 ε

498 3800 747 3869 Domine,
787 3801 990 3855 bonum
1021 3811 1107 3857 est
1144 3816 1243 3857 nos
1272 3802 1360 3857 hic
1386 3816 1543 3869 esse;
1581 3801 1627 3857 si
1658 3801 1759 3869 vis,
1808 3801 2075 3858 faciamus

496 3891 585 3948 hic
608 3894 707 3947 tria
741 3892 1114 3959 tabernacula,
1150 3894 1243 3948 tibi
1280 3908 1468 3959 unum,
1500 3899 1554 3949 et
1585 3892 1757 3963 Moysi
1802 3908 1994 3957 unum,
2024 3902 2083 3949 et

495 3984 627 4040 Elia:
657 4000 842 4040 unum.
879 4002 899 4039 ι
935 3986 1131 4042 Petrus
1188 3984 1259 4041 ob
1283 3984 1504 4040 multam
1533 3984 1884 4043 dilectionem
1914 3984 2079 4041 Chri-

492 4085 634 4133 stum
663 4077 774 4148 pati
801 4078 1010 4142 nolens,
1045 4077 1173 4133 dicit
1193 4076 1429 4132 :Bunum
1453 4077 1666 4133 esthoc
1690 4077 1811 4134 loco
1833 4092 2078 4146 manere,

495 4179 551 4224 et
583 4184 689 4223 non
741 4168 1095 4232 descendere,
1127 4177 1181 4222 et
1223 4167 1420 4223 occidi.
1449 4167 1585 4227 Nam
1615 4170 1660 4223 si
1691 4170 1815 4238 quis
1851 4170 1955 4226 huc
1986 4185 2080 4225 ve-

496 4261 661 4324 nerit,
708 4258 972 4315 habemus
1000 4269 1055 4314 et
1086 4257 1268 4315 Mosen
1308 4267 1362 4314 et
1389 4258 1562 4323 Etiam
1604 4274 1704 4315 nos
1736 4259 2077 4328 adiuvantes.

496 4352 673 4409 Moses
704 4352 922 4420 quidem
957 4348 1241 4422 Egyptios
1270 4350 1487 4416 devicit,
1520 4349 1665 4407 Eiias
1694 4361 1875 4409 autem
1903 4353 2078 4421 ignem

2187 1863 2288 1936 σῆς
2317 1860 2375 1916 δέ
2406 1864 2724 1936 νομοθέτης,
2765 1866 2859 1919 καὶ
2892 1864 3155 1937 τέθνηκεν
3183 1882 3196 1898 ·
3225 1864 3359 1919 ἀλλὰ
3384 1868 3477 1917 καὶ
3507 1864 3594 1917 ἵνα
3626 1865 3771 1932 φανῇ

2183 1956 2264 2012 ὅτι
2296 1958 2394 2012 οὐκ
2435 1957 2679 2020 ἐναντίος
2728 1959 2845 2011 ἐστὶ
2876 1956 2957 2029 τῷ
2990 1958 3144 2029 νόμῳ
3194 1956 3302 2011 οὐδ’
3352 1953 3621 2017 ἀντίθεος.
3653 1954 3771 2007 Οὐκ

2185 2048 2252 2103 ἂν
2281 2048 2388 2121 γὰρ
2415 2049 2444 2100 6
2490 2032 2699 2121 Μωσῆς
2752 2049 3032 2105 συνελάλει
3080 2050 3159 2121 τῷ
3211 2047 3611 2118 ἐναντιουμένῳ
3655 2048 3771 2108 τοῖς

2183 2139 2350 2195 αὐτοῦ
2377 2182 2393 2207 ,
2445 2141 2560 2196 οὐδ’
2608 2141 2674 2197 ἂν
2705 2142 2893 2206 Ὶίλίας
2930 2143 2959 2196 6
2999 2139 3242 2215 ζηλωτὴς
3289 2140 3537 2212 ἠνείχετο
3577 2137 3769 2204 αὑτοῦ,

2183 2233 2428 2289 ἀντιθέου
2461 2235 2649 2320 ὄντος*
2679 2234 2759 2289 ἐτι
2799 2236 2877 2300 δὲ,
2914 2237 3000 2290 ἵνα
3048 2236 3186 2308 λύσῃ
3226 2235 3324 2304 τὴν
3371 2233 3626 2287 ὑπόνοιαν
3659 2230 3772 2284 τῶν

2182 2327 2456 2397 λεγόντων
2487 2320 2652 2384 αὐτὸν
2700 2328 2885 2383 Ἠλίαν
2916 2328 2950 2401 ἢ
2988 2330 3084 2383 ἕνα
3111 2329 3221 2382 τῶν
3252 2327 3570 2402 προφητῶν.
3599 2323 3774 2378 Πόθεν

2181 2421 2240 2476 δέ
2269 2422 2438 2491 ἔγνων
2470 2423 2521 2476 oi
2569 2421 2811 2494 μαθηταὶ
2846 2422 2928 2476 ὅτι
2973 2421 3181 2493 Μωσῆς
3224 2422 3319 2474 καὶ
3377 2420 3563 2482 Ἠλίας
3590 2413 3773 2489 ﬂuctv;

2181 2514 2242 2567 οὐ
2260 2513 2371 2584 γὰρ
2397 2514 2461 2586 δὴ
2485 2514 2592 2570 ἀπὸ
2612 2514 2859 2582 εἰκόνων,
2885 2515 3005 2568 ἐπεὶ
3034 2516 3245 2575 εἰκόνας
3267 2512 3569 2582 ἀνθρώπων
3596 2512 3772 2563 ποιεῖν

2181 2606 2300 2659 τότε
2329 2607 2526 2671 ἀσεϐὲς
2574 2607 2771 2660 ἐδόκει.
2812 2608 3034 2661 Ἔοικεν
3062 2607 3158 2662 οὖν
3193 2608 3276 2661 ὅτι
3317 2604 3425 2660 ἀπὸ
3457 2603 3566 2657 τῶν
3593 2603 3769 2671 λόγων

2181 2687 2258 2749 ὧν
2288 2695 2475 2766 ἔλεγον
2503 2699 2749 2766 ἐπέγνων
2780 2697 2979 2761 αὐτούς
2999 2714 3013 2728 ·
3042 2698 3202 2771 τυχὸν
3237 2696 3345 2768 γὰρ
3374 2696 3402 2748 6
3437 2696 3534 2766 μὲν
3565 2694 3769 2765 Μωσῆς

2181 2788 2366 2858 ἔλεγεν
2385 2806 2399 2821 ·
2432 2790 2502 2844 Σὺ
2527 2786 2577 2843 εί
2606 2785 2669 2845 οὗ
2699 2791 3069 2861 προετύπωσα
3104 2788 3217 2859 ἐγὼ
3244 2790 3305 2843 τὸ
3334 2788 3528 2853 πάθος,
3560 2784 3770 2854 σφάξας

2179 2883 2276 2939 τὸν
2304 2885 2477 2954 ἀμνὸν
2505 2885 2599 2939 καὶ
2625 2885 2686 2939 τὸ
2717 2885 2909 2956 Πάσχα
2936 2883 3161 2946 τελέσας
3180 2899 3194 2916 ο
3252 2881 3448 2945 Ἠλίας
3484 2880 3543 2933 δέ
3569 2895 3584 2910 ·
3623 2880 3695 2932 Σὺ
3718 2873 3770 2931 si

2183 2970 2247 3031 οὗ
2280 2976 2380 3047 τὴν
2408 2977 2707 3032 ἀνάστασιν
2736 2977 3101 3051 προετύπωσα
3126 2977 3185 3031 ἐν
3208 2973 3288 3044 τῷ
3316 2976 3410 3044 τῆς
3441 2973 3619 3044 χήρας
3642 2969 3768 3040 υἱῷ,

503 3067 619 3122 cisu
657 3082 817 3135 agno,
842 3078 897 3123 et
925 3067 1164 3137 perfecto
1212 3067 1458 3125 Pascha:
1498 3069 1638 3141 alter
1683 3078 1864 3124 autem
1896 3067 2079 3124 Elias:

2187 3066 2282 3121 καὶ
2310 3068 2537 3123 τοιαῦτά
2562 3085 2707 3123 τινα.
2756 3068 3028 3124 Δεικνύων
3057 3062 3152 3123 οὖν
3179 3065 3403 3130 τούτους
3440 3066 3551 3127 τοῖς
3590 3061 3769 3135 μαθη-

2183 3160 2329 3227 ταῖς,
2362 3158 2604 3218 διδάσκει
2641 3159 2840 3223 αὐτοὺς
2872 3159 3099 3223 τούτους
3134 3157 3440 3229 μιμεῖσθαι,
3492 3156 3588 3209 καὶ
3626 3153 3771 3209 κατὰ

2177 3249 2384 3321 Μωσῆν
2423 3249 2521 3321 μὲν
2558 3251 2771 3323 πράους
2802 3246 2943 3305 εἷναι
2964 3252 3062 3305 καὶ
3096 3242 3524 3321 δημαγὼγικούς
3552 3264 3565 3277 ·
3620 3247 3769 3301 κατὰ

2180 3341 2239 3396 δέ
2283 3340 2488 3411 Ἡλίω,
2534 3342 2783 3413 ζηλωτὰς
2823 3343 2920 3399 καὶ
2966 3343 3248 3413 ἀκαμπεῖς
3274 3342 3365 3399 ὅτε
3409 3339 3623 3411 καιρὸς,
3674 3338 3773 3397 καὶ

2177 3432 2638 3501 κινδυνευτικοὺς,
2682 3434 2874 3510 ὥσπερ
2910 3428 3057 3495 οὗτοι
3082 3433 3229 3507 ὑπὲρ
3257 3433 3356 3503 τῆς
3377 3431 3665 3505 ἀληθείας.

2254 3730 2273 3765 ι
2324 3711 2671 3783 Ἀποκριθεὶς
2688 3712 2745 3767 δὲ
2766 3714 2795 3768 ὁ
2823 3712 3031 3785 Πέτρος
3062 3706 3188 3767 εἷπε
3217 3711 3297 3784 τῷ
3338 3709 3540 3783 Ἰησοῦο
3569 3708 3770 3781 Κύριε,

2179 3802 2348 3861 καλόν
2382 3803 2535 3858 ἐστιν
2569 3805 2718 3875 ἡμᾶς
2762 3797 2864 3859 ὧδε
2917 3802 3100 3860 εἶναι’
3133 3806 3183 3858 εί
3221 3805 3416 3869 θέλεις,
3448 3804 3771 3875 ποιήσωμεν

2177 3885 2278 3946 ὦδε
2309 3894 2461 3965 τρεῖς
2508 3892 2737 3961 σκηνὰς,
2790 3895 2875 3948 σοὶ
2923 3896 3076 3966 μίαν,
3131 3895 3226 3951 καὶ
3258 3895 3432 3967 Μωσῇ
3488 3896 3642 3965 μίαν,
3675 3894 3771 3947 καὶ

2184 3986 2314 4057 μίαν
2362 3985 2538 4055 Ἠλίᾳ.
2573 4002 2593 4036 ι
2645 3984 2705 4040 Ὀ
2745 3985 2951 4058 Πέτρος
2991 3986 3315 4058 βουλόμενος
3344 3986 3421 4059 μὴ
3450 3985 3643 4040 παθεῖν
3677 3986 3771 4039 τὸν

2180 4078 2436 4150 Χριστὸν,
2464 4076 2555 4130 διὰ
2581 4076 2682 4148 τὴν
2734 4079 2935 4150 πολλὴν
2982 4080 3228 4150 ἀγάπην,
3261 4081 3428 4151 φησὶν
3462 4079 3547 4135 ὅτι
3585 4078 3770 4133 Καλόν

2180 4174 2331 4226 ἐστιν
2361 4169 2601 4226 ἐνταῦθα
2633 4171 2841 4244 μένειν,
2873 4172 2973 4225 καὶ
3004 4173 3080 4245 μὴ
3119 4171 3404 4227 κατελθεῖν
3435 4173 3535 4226 καὶ
3573 4184 3771 4242 φονευσο

2182 4263 2362 4334 θῆναι.
2400 4262 2465 4321 Εί
2495 4263 2606 4334 γὰρ
2662 4265 2757 4317 καὶ
2805 4262 2951 4318 ἔλθοι
3001 4281 3087 4329 τις
3126 4263 3382 4330 ἐνταῦθα,
3426 4264 3626 4336 ἔχομεν
3675 4267 3770 4318 καὶ

2183 4355 2390 4426 Μωοῆν
2422 4354 2516 4408 καὶ
2558 4346 3208 4427 Ἠλίανσυνεργήσοντας
3243 4357 3398 4427 ἡμῖν.
3432 4356 3637 4426 Μωσῆς
3669 4356 3769 4427 μὲν

494 4461 526 4500 e
560 4444 701 4498 caelo
725 4441 968 4506 deduxit,
1002 4451 1056 4499 et
1080 4442 1213 4497 tales
1232 4454 1392 4497 erunt
1417 4443 1469 4497 in
1494 4443 1745 4501 inimicos
1778 4447 1824 4500 si
1852 4447 1944 4515 qui
1977 4448 2080 4503 huc

2184 4446 2294 4517 γὰρ
2323 4445 2453 4510 τοὺς
2504 4446 2840 4514 Αἰγυπτίους
2883 4448 3317 4520 κατηγωνίσατο,
3360 4448 3548 4512 Ἠλίας
3571 4448 3626 4502 δὲ
3657 4448 3768 4517 πῦρ

497 4548 686 4595 contra
728 4551 828 4597 nos
863 4535 1076 4597 venturi
1109 4546 1253 4593 sunt.
1306 4535 1429 4595 Haec
1459 4547 1638 4593 autem
1671 4553 1780 4608 prae
1810 4540 1978 4597 nimio
2011 4543 2077 4596 ti-

499 4644 652 4684 more
677 4627 1021 4697 loquebatur,
1053 4624 1195 4681 sicut
1225 4624 1400 4682 Lucas
1450 4628 1644 4697 inquit,
1679 4628 1926 4684 nesciens
1950 4630 2078 4699 quid

496 4722 720 4776 diceret.
745 4719 959 4775 lnsolita
984 4719 1126 4773 enim
1153 4717 1290 4773 visio
1308 4718 1691 4787 obstupescere
1712 4733 1834 4774 eum
1855 4719 2077 4788 fecerat,

503 4823 597 4868 aut
626 4812 903 4866 nesciebat
937 4825 1127 4868 revera
1153 4811 1282 4881 quid
1323 4811 1659 4881 loqueretur,
1681 4812 1869 4868 volens
1891 4811 2075 4869 Jesutn

498 4921 720 4962 manere
764 4909 815 4959 in
854 4915 1057 4970 monte,
1102 4913 1158 4959 et
1201 4920 1308 4959 non
1361 4904 1712 4970 descendere,
1743 4914 1797 4960 et
1826 4908 1935 4976 pati
1980 4922 2079 4976 pro

496 5002 670 5055 nobis.
711 4997 927 5053 Veritus
966 5006 1148 5054 tamen
1177 5010 1243 5051 ne
1272 4997 1521 5068 pertinax
1556 4998 1857 5067 videretur,
1905 5001 2075 5057 dixit:

496 5091 553 5146 Si
585 5093 689 5148 vis.

570 5272 732 5332 Vsus.
760 5273 815 5329 5.
854 5292 873 5326 ι
912 5273 1102 5331 Adhuc
1131 5271 1224 5331 illo
1246 5272 1522 5345 loquente,
1550 5288 1679 5330 ecce
1713 5275 1884 5331 nubes
1902 5276 2078 5332 lucida

468 5367 842 5424 obumbravit
869 5381 986 5435 eos,
1026 5375 1081 5422 et
1112 5380 1243 5423 ecce
1294 5380 1398 5423 vox
1434 5381 1469 5421 e
1519 5366 1658 5421 nube
1706 5367 1890 5424 dit-ens
1927 5386 1940 5422 :
1982 5366 2081 5424 llic

496 5469 580 5517 est
615 5458 785 5516 Filius
814 5475 965 5518 meus
995 5459 1230 5521 dilectus
1278 5459 1334 5517 in
1365 5474 1474 5531 quo
1517 5456 1649 5520 mibi
1677 5458 1813 5514 bene
1842 5462 2081 5531 compla-

2186 4539 2501 4608 κατήγαγεν
2547 4540 2612 4593 ἐκ
2656 4537 2751 4591 τοῦ
2794 4538 3028 4608 ούρανοῦ
3059 4552 3074 4571 ·
3129 4537 3270 4592 ὥστε
3322 4539 3418 4591 καὶ
3472 4538 3613 4592 κατὰ
3658 4539 3768 4591 τῶν

2186 4629 2560 4701 ἐλευσομένων
2629 4628 2869 4684 ἐνταῦθα
2924 4628 3174 4701 ἐχθρῶν,
3228 4630 3461 4687 τοιοῦτοι
3530 4630 3765 4685 ἔσονται.

2187 4723 2377 4778 Ταῦτα
2396 4722 2452 4777 δὲ
2477 4726 2541 4777 ἐκ
2560 4723 2764 4794 πολλῆς
2785 4722 2986 4785 δειλίας
3005 4723 3205 4788 ἐλάλει,
3225 4722 3301 4786 ῶς
3319 4726 3347 4778 6
3365 4724 3581 4786 Λουκᾶς
3608 4740 3767 4793 φησι,

2188 4816 2264 4888 μὴ
2294 4814 2455 4881 εἰδὼς
2487 4817 2514 4868 ὃ
2545 4816 2712 4886 λέγει.
2745 4817 2818 4870 Τὺ
2852 4816 2961 4887 γὰρ
2992 4817 3160 4886 ἄηθες
3185 4815 3486 4887 ἐξέπληξεν
3521 4816 3702 4881 αὐτίν,
3734 4814 3769 4886 ἤ

2185 4907 2286 4961 οὐκ
2318 4907 2433 4980 ᾔδει
2464 4907 2543 4979 τῷ
2577 4909 2691 4962 ὄντι
2717 4909 2772 4962 τί
2803 4906 3007 4973 ἐλάλει,
3061 4907 3232 4962 θέλων
3278 4908 3368 4961 τὸν
3415 4906 3627 4977 Ἰησοῦν
3679 4910 3770 4978 μέ-

2185 5016 2299 5052 νειν
2330 5002 2389 5053 ἐν
2416 5001 2494 5071 τῷ
2522 5001 2663 5073 δρει,
2692 5002 2785 5055 καὶ
2840 5002 2915 5071 μὴ
2944 4999 3226 5055 κατελθεῖν
3255 5001 3351 5055 καὶ
3402 5000 3597 5055 πιθεῖν
3630 5001 3770 5070 ὑπὲρ

2187 5094 2364 5167 ἡμῶν.
2395 5095 2732 5168 Φοόούμενος
2760 5096 2814 5151 δὲ
2848 5094 2924 5167 μὴ
2952 5095 3190 5167 αὐθάδης
3223 5095 3367 5168 δόξῃ,
3402 5096 3538 5165 φησὶ
3567 5096 3629 5148 τό
3659 5112 3674 5128 ·
3706 5095 3769 5148 Et

2187 5186 2384 5250 θέλεις.

2267 5299 2286 5332 ι
2326 5281 2447 5334 Ἔτι
2501 5279 2666 5337 αὐτοῦ
2719 5280 3045 5346 λαλοῦντος,
3109 5282 3217 5336 ἰδοὺ
3268 5280 3464 5351 νεφέλη
3532 5278 3772 5351 φωτεινὴ

2186 5374 2517 5429 ἐπεσκίασεν
2568 5376 2790 5436 αὐτοὺς,
2821 5374 2918 5426 καὶ
2947 5374 3058 5427 ίδοὺ
3104 5373 3257 5445 φωνὴ
3287 5377 3351 5427 ὲκ
3381 5374 3481 5441 τῆς
3510 5371 3766 5443 νεφέλης,

2187 5463 2424 5534 λέγουσα
2447 5484 2459 5496 ·
2490 5462 2662 5530 Οὗτός
2722 5468 2870 5530 ἐστιν
2904 5469 2933 5521 ὁ
2960 5466 3090 5533 Υἱός
3136 5484 3238 5543 μου
3267 5468 3295 5521 6
3321 5464 3602 5536 ἀγαπητὸς
3637 5464 3699 5520 ἐν

1471 5616 1566 5678 Ex
1595 5613 1945 5680 collatione
1975 5616 2164 5681 codd.
2193 5618 2423 5683 Venet.
2463 5622 2525 5683 S.
2565 5619 2785 5686 Marci.

571 5735 683 5809 (9.4)
706 5735 803 5809 τὴν
827 5737 985 5806 δόξαν
1014 5741 1132 5795 cod.
1162 5737 1255 5794 51.
