4078 6464
310 397 415 461 339
1004 392 1453 456 ENARRATIO
1492 394 1577 456 IN
1618 395 1885 460 EVANG]

1994 398 2125 460 LUM
2166 397 2558 461 ΜΑΤΤΗΕΙ.
2601 424 2666 435 -
2690 399 2853 461 CAP.
2889 396 3087 465 XVILt
3468 393 3579 462 330

309 513 604 580 εὐδίκησα,
636 507 806 566 αὐτοῦ
843 506 1093 561 ἀκούετε.
1131 525 1150 560 ι
1183 509 1257 563 Σὺ
1294 509 1417 581 μὲν,
1449 504 1494 564 ὦ
1525 510 1720 584 Πέτρε,
1762 528 1885 583 σκη-

2001 515 2169 570 citum
2215 523 2337 571 est:
2376 515 2551 584 ipsum
2586 511 2790 567 audite.
2830 530 2850 565 ι
2901 512 2982 568 Tu
3032 512 3269 585 quidem,
3314 526 3347 567 ο
3394 509 3575 576 Petre.

309 605 403 667 νὰς
450 606 641 674 ζητεῖς
690 603 1108 676 χειροποιήτους
1158 602 1451 672 γενέσθαι·
1499 605 1528 656 6
1575 604 1633 659 δὲ
1684 605 1885 676 Πατὴρ,

2002 607 2347 663 tabernacula
2378 607 2579 678 quaeris
2607 605 2915 661 manufacta
2939 615 2997 661 ut
3018 606 3151 661 iiant
3180 605 3379 667 :Pater
3398 615 3581 665 autem

309 696 474 766 ἀλλην
506 694 720 769 σκηνὴν
764 694 1185 763 ἀχειροποίητον
1222 691 1322 762 τὴν
1355 692 1589 763 νεφέλην
1631 696 1885 766 περιστή-

1997 698 2144 753 aliud
2187 697 2591 754 tabernaculum
2627 711 2735 754 neu
2785 696 3151 752 manufactum
3200 698 3398 754 nubem
3443 713 3578 753 con-

311 805 431 849 οας.
466 787 707 847 δεικνύει
745 787 827 839 ὅτι
874 786 1065 856 ὥσπερ
1114 785 1279 849 αὐτὸς
1307 786 1364 838 ὲν
1390 784 1590 857 νεφέλη
1643 786 1885 854 ὲφαίνετι

1998 789 2197 854 stituit,
2227 797 2283 845 et
2314 788 2556 845 ostendit
2585 787 2730 859 quod
2764 789 2904 844 sicut
2935 789 3049 857 ipse
3076 788 3129 843 iu
3156 790 3297 844 nube
3328 790 3581 859 apparuit

305 884 415 943 τοῖς
475 881 733 942 παλαιοῖς
781 878 912 941 Θεὸς
973 876 1070 940 ὣν,
1127 877 1270 933 οὕτω
1324 879 1421 934 καὶ
1451 881 1480 933 6
1523 878 1689 933 αὐτοῦ
1745 880 1885 945 Υἱόςς

1999 878 2240 949 antiquis
2259 879 2400 934 Deus
2416 879 2711 943 exsistens,
2725 878 2802 933 sic
2820 888 2867 933 et
2885 875 3053 934 Filius
3069 894 3219 935 suus.
3234 878 3433 934 Lucida
3453 895 3581 936 vero

305 972 547 1047 φωτεινὴ
579 973 636 1026 δὲ
667 974 700 1043 ἡ
725 972 923 1043 νεφέλη
950 971 1207 1035 ἐνταῦθα,
1239 972 1299 1025 οὺ
1324 971 1611 1043 γνοφώδης
1638 973 1800 1037 ὡς’ὲν
1829 977 1885 1047 τῇ

2001 971 2195 1026 nebula
2227 972 2327 1027 hoc
2352 972 2494 1038 loco,
2522 986 2626 1026 non
2676 971 2972 1041 caliginosa
3007 972 3146 1026 sicut
3182 972 3235 1026 in
3263 970 3467 1036 Veteri,
3514 986 3581 1025 eo

306 1042 543 1137 dna-.5,
568 1042 701 1118 διότι
732 1066 833 1118 οὐκ
863 1042 1166 1135 ἐκφοϐῆσαι
1194 1042 1475 1135 ἠϐούλετο,
1507 1064 1643 1118 ἀλλὰ
1665 1042 1885 1132 διδάξαιξ

2001 1064 2144 1133 quod
2198 1079 2303 1118 non
2349 1072 2631 1118 exterrere
2667 1061 2856 1130 voluit,
2907 1064 3003 1117 sed
3050 1063 3267 1119 docere.
3323 1062 3400 1117 Ex
3438 1064 3583 1116 nube

274 1124 409 1236 ξἮκ
572 1157 802 1227 νεφέλης
852 1156 909 1210 δὲ
942 1124 992 1227 ’ἡ
1026 1124 1228 1227 φωνὴ..
1255 1157 1344 1229 ἶνα
1372 1124 1524 1232 δείξῃ
1560 1159 1643 1211 ὅτι
1687 1160 1752 1213 ὲκ
1797 1124 1885 1212 soi

2001 1163 2181 1211 autem
2203 1170 2328 1222 vox,
2356 1164 2415 1208 ut
2442 1156 2689 1210 ostendat
2708 1154 2850 1223 quod
2880 1169 2946 1208 ex
2981 1153 3088 1208 Deo
3120 1152 3211 1206 sit.
3239 1154 3292 1207 ln
3316 1168 3421 1222 quo
3447 1155 3585 1209 bene

304 1248 443 1303 Θεοῦ
474 1246 570 1320 ἦν.
598 1250 671 1303 Τὸ
690 1249 745 1302 δὲ
789 1249 879 1302 Ἐν
915 1242 959 1316 ᾧ
983 1248 1280 1319 εὐδόκησα,
1313 1248 1434 1303 ἀντὶ
1462 1249 1580 1314 τοῦ,
1615 1245 1658 1317 ᾧ
1692 1251 1885 1305 ἐπανα-

2005 1244 2389 1315 complacitum
2425 1243 2579 1312 mihi,
2608 1246 2709 1302 hoc
2739 1254 2841 1309 est,
2875 1257 3039 1315 super
3080 1259 3242 1314 quem
3275 1244 3583 1313 requiesco,

304 1339 558 1409 παύομαι
607 1340 705 1391 καὶ
758 1337 1094 1408 ἀρέσκομαι.
1170 1338 1427 1396 Διδάσκει
1474 1339 1531 1393 δὲ
1576 1340 1661 1393 ὅτι
1720 1340 1885 1394 Αὑτοί

1999 1346 2053 1390 et
2086 1336 2178 1406 qui
2213 1335 2345 1390 mihi
2375 1335 2570 1405 placet.
2602 1334 2771 1392 Docet
2794 1347 3010 1407 quoque
3040 1335 3187 1390 illum
3213 1333 3583 1390 audiendum:

307 1432 562 1496 ἀκούετε,
616 1429 720 1485 κᾶν
779 1429 1170 1501 σταυρωθῆναι
1215 1430 1368 1503 θέλῃ,
1419 1432 1496 1503 μὴ
1549 1432 1885 1489 ὲναντιοῦσθε

2000 1427 2164 1482 etiam
2200 1427 2245 1482 si
2272 1427 2515 1497 cruciligi
2540 1427 2788 1496 voluerit,
2820 1442 2887 1484 ne
2914 1427 3285 1485 obluctemini.

304 1540 480 1591 αυτῳ.

382 1634 404 1667 ι
453 1614 567 1673 Καὶ
597 1613 936 1679 ἀκούσαντες
968 1616 1033 1669 ὀί
1088 1615 1349 1686 μαθηταὶ,
1377 1614 1572 1671 ἔπεσον
1605 1615 1701 1670 ἐπὶ
1730 1617 1885 1688 πρόσ-

2077 1614 2237 1670 Vsns.
2288 1614 2406 1672 6-8.
2468 1634 2487 1669 t
2545 1614 2611 1669 Et
2658 1630 2780 1670 cum
2828 1615 2945 1670 lucc
2998 1616 3279 1672 audissent
3310 1613 3584 1691 discipuli,

302 1722 458 1765 ωπον
481 1706 686 1773 αὐτῶν,
720 1709 815 1760 καὶ
834 1707 1179 1778 ἐφοϐήθησαν
1209 1707 1439 1778 σφόδρα,
1474 1709 1565 1762 καὶ
1586 1709 1885 1782 προσελθὼν

2000 1712 2351 1780 prociderunt
2408 1712 2459 1766 in
2512 1708 2710 1766 faciem
2757 1727 2933 1781 suam,
2974 1721 3029 1766 et
3062 1713 3238 1773 territi
3262 1722 3388 1773 sunt
3416 1713 3586 1771 velit»

305 1800 333 1851 6
377 1798 615 1869 Ἰησοῦς,
643 1798 821 1870 ἥψατο
862 1798 1067 1863 αὐτῶν,
1100 1799 1196 1853 καὶ
1227 1795 1418 1853 εἶπεν⁸
1473 1800 1770 1872 Ἐγέρθητε
1804 1802 1885 1855 καπ

2012 1812 2246 1858 menter.
2301 1804 2370 1858 Et
2422 1804 2686 1859 accedens
2717 1801 2897 1870 Jesus,
2935 1803 3108 1875 tetigit
3164 1817 3256 1861 eos
3290 1812 3343 1858 et
3397 1804 3584 1863 dixit;

306 1890 382 1960 μὴ
416 1866 703 1957 φοϐεῖσθεξ
745 1891 1082 1961 Ἐπὰραντες
1102 1892 1161 1945 δὲ
1186 1891 1311 1955 τοὺς
1341 1866 1660 1964 ὀφθαλμοῦς
1687 1866 1885 1959 αὐτῶν,

2003 1894 2239 1968 Surgite,
2265 1906 2319 1953 et
2347 1912 2417 1952 ne
2447 1897 2704 1952 timeatis.
2727 1866 3234 1966 Suhlevatis'igitur
3259 1895 3432 1952 oculis
3469 1895 3587 1951 suis

299 1983 499 2035 οὐδένα
533 1978 694 2046 εἶδον,
726 1984 775 2035 εί
811 1983 887 2054 μὴ
936 1984 1029 2036 τὸν
1076 1984 1284 2054 Ἰησοῦν
1321 1984 1508 2055 μόνον.
1554 2004 1574 2038 ι
1606 1985 1701 2056 Μὴ
1736 1988 1885 2054 ἐνεγ-

2001 1991 2268 2045 neminem
2296 1990 2569 2057 viderunt,
2600 1991 2703 2046 nisi
2723 1989 2908 2046 Jesum
2935 1991 3165 2046 solum.»
3199 1990 3452 2060 Discipuli
3479 2006 3584 2045 non

302 2077 495 2136 κοντες
529 2077 627 2144 τὴν
651 2074 974 2145 λαμπηδόνα
1007 2074 1100 2128 τοῦ
1147 2076 1345 2145 νέφους
1371 2078 1423 2129 ol
1453 2076 1718 2148 μαθηταὶ,
1755 2077 1885 2149 μηδὲ

2003 2082 2240 2138 ferentes
2289 2082 2554 2154 fulgorem
2585 2082 2768 2147 nubis,
2804 2098 2977 2161 neque
3021 2096 3231 2147 vocem,
3272 2083 3589 2143 ceciderunt

299 2167 401 2237 τὴν
433 2167 646 2237 φωνὴν,
697 2167 893 2220 ἔπεσον
924 2168 1100 2238 χαμαί
1116 2183 1130 2200 ⁶
1176 2161 1316 2239 ἦσαν
1345 2169 1401 2222 δὲ
1428 2172 1523 2233 καὶ
1552 2171 1600 2224 οἱ
1627 2170 1885 2242 ὀφθαλμοὶ

2001 2174 2054 2229 in
2084 2185 2303 2242 terram,
2322 2183 2379 2230 et
2400 2175 2542 2231 oculi
2565 2190 2753 2231 eorum
2774 2175 2928 2246 quasi
2952 2189 3142 2230 somno
3163 2174 3370 2247 gravati
3400 2182 3582 2239 erant.

302 2260 486 2313 αὐτῶν
511 2257 668 2330 ὕπνῳ
695 2259 1064 2331 βεϐαρημένοι
1080 2277 1095 2292 ο
1120 2260 1289 2323 ῦπνον
1306 2261 1363 2315 δὲ
1389 2262 1538 2330 λέγει
1571 2262 1668 2333 τὴν
1696 2260 1885 2333 πολλὴι

2005 2264 2267 2322 Somnum
2309 2266 2444 2322 dicit
2472 2267 2695 2322 multam
2733 2268 3107 2339 gravationem
3139 2283 3169 2322 a
3201 2268 3342 2331 visu.
3380 2266 3462 2323 Ne
3488 2281 3589 2322 au-

307 2353 556 2421 κάρωσιν
586 2353 688 2423 τὴν
723 2351 831 2413 ἀπὸ
863 2355 963 2422 τῆς
995 2351 1175 2423 ὅψεως
1195 2368 1211 2386 ’
1248 2353 1336 2407 ἵνα
1364 2353 1423 2407 δὲ
1458 2353 1535 2426 μὴ
1576 2354 1673 2407 ἐπὶ
1705 2354 1840 2408 πολὺ
1869 2356 1885 2408 t‘

2005 2368 2111 2414 tem
2140 2359 2302 2414 timor
2327 2361 2532 2415 diutius
2562 2359 2803 2421 insidens
2842 2361 3026 2430 eiiciat
3058 2361 3372 2416 memoriam
3395 2375 3584 2417 eorum

304 2444 468 2515 φόϐος
508 2445 846 2515 παραμένων
877 2446 1083 2522 ἐκϐάλῃ
1125 2446 1225 2519 τὴν
1266 2449 1488 2519 μνήμην
1519 2448 1627 2502 τῶν
1674 2448 1885 2521 ὁραθέν-

1997 2464 2120 2521 qum
2145 2450 2413 2517 viderant,
2454 2452 2683 2507 suscitat
2736 2466 2830 2508 eos
2856 2461 2910 2507 et
2939 2451 3167 2516 animat,
3196 2451 3587 2522 solusqueipse

303 2552 430 2597 των,
461 2536 668 2606 ἐγείρει
698 2536 896 2601 αὐτοὺς
953 2539 1046 2592 καὶ
1083 2539 1366 2617 θαρρύνει,
1406 2540 1501 2594 καὶ
1537 2541 1699 2611 μόνος
1722 2540 1885 2606 αὐτὸς

1999 2551 2300 2610 comparet,
2330 2558 2397 2598 ne
2432 2558 2588 2613 putes
2620 2544 2764 2614 quod
2795 2545 2861 2599 de
2883 2544 3029 2600 Mose
3057 2545 3143 2599 vel
3173 2544 3287 2602 Elia
3309 2560 3416 2601 vox
3440 2544 3585 2610 dicta

306 2626 659 2697 εὑρίσκεται,
721 2629 808 2689 ἵνα
854 2628 933 2701 μὴ
962 2631 1213 2704 νομίσῃς
1260 2633 1345 2687 ὅτι
1405 2633 1537 2703 περὶ
1590 2632 1885 2697 Μωσέωςῖ

2006 2633 2098 2697 sit.
2131 2633 2226 2689 sed
2253 2633 2321 2689 de
2349 2632 2469 2703 ipso
2495 2649 2511 2690 :
2552 2634 2667 2706 ipse
2688 2634 2833 2692 enim
2865 2644 2949 2692 est
2974 2635 3165 2697 Filius.

318 2716 498 2775 Ἠλιοῦ
527 2715 595 2788 ἦν
613 2722 647 2790 η
671 2720 844 2793 φωνὴ,
863 2722 1004 2777 ἀλλὰ
1036 2726 1169 2797 περὶ
1193 2724 1359 2780 αὐτοῦ
1380 2741 1394 2756 ⁸
1428 2727 1592 2792 αὐτὸς
1617 2727 1724 2798 γάρ
1751 2728 1900 2782 ἐστιν
1936 2728 1967 2781 6
1989 2726 2139 2792 Υἱός.

378 2859 397 2891 ι
429 2842 538 2894 Καὶ
571 2842 1028 2898 κατασαινόντων
1076 2846 1260 2900 αὐτῶν
1304 2845 1413 2900 άπὸ
1447 2846 1538 2899 τοῦ
1591 2846 1773 2919 ὅρους,
1811 2848 1897 2906 ὲν-

2078 2848 2244 2905 Vens.
2270 2847 2323 2903 9.
2356 2866 2377 2900 ι
2424 2846 2636 2905 Etcum
2663 2835 3053 2907 descenderent
3071 2848 3140 2906 de
3157 2859 3365 2918 monte,
3386 2864 3588 2920 prece.-

311 2935 551 2988 ετείλατο
582 2936 762 2999 αὐτοῖς
796 2937 824 2989 6
867 2938 1097 3009 Ἰησοῦς,
1124 2938 1322 3009 λέγων·
1365 2938 1572 3010 Μηδενὶ
1618 2940 1809 3016 εῖπητε
1836 2939 1885 3000 τῆ

2003 2941 2080 3011 pit
2111 2940 2217 2995 illis
2255 2938 2435 3008 Jesus,
2495 2941 2684 3005 dicens
2719 2959 2733 2999 :
2778 2940 2856 2997 Ne
2885 2941 2971 2996 cui
3018 2941 3268 2997 dixeritis
3314 2941 3582 3000 visionem

310 3023 490 3094 ὅραμα
522 3025 630 3088 ἕως
659 3019 720 3077 οὗ
749 3027 779 3077 6
808 3026 936 3090 Υἱὸς
967 3028 1062 3081 τοῦ
1097 3027 1389 3100 ἀνθρώπου
1426 3031 1490 3083 ἐκ
1516 3029 1727 3108 νεκρῶν
1760 3032 1893 3086 ἀνα-

2005 3032 2164 3099 ltanc,
2199 3031 2374 3088 donec
2418 3031 2588 3093 Filius
2642 3030 2879 3086 hominis
2916 3046 2948 3086 e
2981 3029 3208 3087 mortuis
3251 3041 3523 3103 resurgat.
3560 3051 3580 3091 ι

312 3119 429 3184 στῇ.
471 3134 491 3167 ι
539 3119 642 3169 Διὰ
700 3120 1212 3191 ταπεινοφροσύνην
1263 3107 1636 3192 παραγγέλλει
1703 3120 1885 3193 μηδενὶ

1998 3122 2222 3193 Propter
2305 3123 2667 3179 humilitatem
2731 3122 3017 3179 denuntiat
3077 3122 3211 3200 nulli
3264 3123 3580 3188 dicendum.

310 3208 502 3269 εἰπεῖν,
540 3210 635 3262 καὶ
672 3209 793 3278 ἄμα
824 3211 913 3265 ἶνα
951 3216 1028 3283 μὴ
1079 3212 1545 3275 σκανδαλισθῶσιν
1578 3215 1626 3268 oi
1665 3214 1890 3269 ἀκούον-

312 3316 395 3360 τες
416 3301 661 3367 τοιαῦτα,
689 3301 914 3373 ὕστερον
944 3304 1345 3377 σταυρούμενον
1376 3303 1667 3375 βλέποντες
1697 3306 1885 3361 αὐτόν.

322 3393 610 3462 Ἐνὸμισαν
637 3394 746 3465 γὰρ
767 3394 835 3448 ἂν
865 3395 1030 3448 αὐτὸν
1057 3395 1264 3453 πλάνον
1305 3393 1466 3464 εἶναι,
1502 3398 1643 3451 κατὰ
1682 3414 1888 3468 φανταο

313 3484 431 3537 σίαν
458 3487 761 3558 ποιήσαντα
787 3487 856 3541 τὰ
888 3487 1191 3561 θεοπρεπῆ.
1223 3490 1296 3543 Σὺ
1336 3490 1394 3544 δὲ
1424 3491 1589 3563 μάθε.
1622 3493 1705 3547 ὅτι
1751 3491 1891 3562 μετὰ

309 3575 369 3643 ἐξ
394 3578 627 3650 ἡμέρας,
680 3579 952 3645 τουτέστι,
1012 3582 1153 3653 μετὰ
1209 3583 1300 3636 τὸν
1350 3584 1557 3655 κόσμον
1604 3584 1696 3639 τὸν
1745 3584 1891 3653 ὲνὲξ

312 3670 542 3741 ἡμέραις
590 3672 1088 3744 δημιουργηθέντα,
1122 3673 1275 3746 ήτοῦ
1321 3674 1458 3729 Θεοῦ
1500 3675 1740 3749 θεωρία*
1793 3675 1889 3730 ἐὰν

310 3762 415 3834 γὰρ
463 3764 563 3834 οὐχ
614 3765 857 3835 ὑπερϐῇς
901 3766 992 3819 τὸν
1043 3768 1268 3838 κόσμον,
1307 3769 1402 3821 καὶ
1456 3767 1683 3843 ὑψωθῇς
1723 3769 1782 3820 ὲν
1810 3767 1889 3841 τῷ

309 3855 445 3924 ερει,
475 3857 539 3910 οὗ
572 3857 647 3928 μὴ
687 3858 804 3928 ἴδῃς
855 3858 1112 3930 λαμπρὰ,
1159 3857 1284 3912 οὕτε
1334 3859 1396 3912 τὸ
1448 3859 1739 3930 πρόσωπον
1795 3859 1887 3915 τοῦ

310 3946 504 4017 Ἰησοῦ,
522 3949 623 4016 τὴν
647 3947 877 4019 θεότητα
894 3949 1057 4019 λέγω,
1078 3948 1204 4002 οὔτε
1222 3950 1291 4003 τὰ
1319 3951 1533 4020 ἱμάτια,
1557 3949 1655 4022 τὴν
1677 3949 1855 4022 σάρκα
1872 3966 1885 3980 ⁸

312 4040 436 4105 ζδοις
469 4040 527 4094 δὲ
560 4041 683 4093 τότε
716 4043 809 4095 καὶ
860 4042 1068 4112 Μωσῆν
1118 4043 1214 4096 καὶ
1251 4040 1444 4095 Ἠλίαν
1496 4044 1889 4106 συλλαλοῦντας

309 4132 384 4202 τῷ
443 4132 660 4202 Ἰησοῦ’
695 4136 725 4186 6
754 4136 862 4205 γάρ
918 4134 1084 4205 νόμος
1134 4136 1231 4189 καλ⁸
1277 4137 1326 4190 oi
1390 4139 1668 4208 προφῆται
1723 4138 1817 4190 καὶ
1860 4138 1889 4190 6

321 4225 522 4293 Ἰησοῦς
573 4226 637 4278 ἓν
690 4227 911 4281 λαλοῦσι
956 4230 1052 4282 καὶ
1105 4228 1510 4299 συμφωνοῦσιν.
1582 4229 1742 4285 ’Δλλὲι
1772 4230 1888 4298 δκαὶ

308 4315 429 4368 ὅταν
459 4316 634 4388 εὕρῃς
661 4317 786 4371 τινά
830 4320 1204 4390 ὲρμηνεύοντα
1238 4323 1300 4376 τὸ
1322 4321 1423 4391 τῆς
1453 4320 1678 4392 Γραφῆς
1707 4320 1887 4391 νόημα

1993 3215 2104 3287 90
2132 3225 2294 3285 atque
2329 3216 2493 3269 etiam
2526 3229 2593 3269 ne
2620 3211 2964 3268 oﬂ'endantur
3017 3212 3111 3283 qui
3160 3214 3384 3269 audiunt
3429 3214 3581 3277 talia.

1993 3318 2177 3377 postea
2207 3307 2382 3377 ipsum
2414 3305 2652 3375 οι·υοίῆεί
2679 3305 2948 3361 videntes.
2978 3303 3268 3361 Putasseut
3293 3305 3437 3359 enim
3473 3304 3576 3365 im-

1994 3414 2264 3474 postorem
2304 3401 2494 3469 fuisse,
2529 3402 2755 3473 haecque
2785 3401 2959 3457 solum
3003 3410 3331 3475 apparenter
3357 3401 3578 3461 fecisse.

1995 3496 2074 3552 Tn
2101 3505 2282 3551 autem
2307 3495 2475 3560 disce,
2505 3504 2625 3566 post
2646 3510 2740 3551 sex
2763 3494 2901 3562 dies,
2932 3494 2983 3550 id
3008 3502 3112 3559 est,
3140 3503 3264 3565 post
3293 3494 3578 3561 mundum,

1994 3587 2085 3655 qui
2121 3601 2215 3642 sex
2253 3583 2447 3641 diebus
2498 3584 2751 3645 conditus
2789 3594 2895 3651 est,
2938 3583 3033 3640 Dei
3068 3585 3576 3654 contemplationem

1993 3678 2250 3737 futuram.
2273 3678 2384 3735 Nisi
2413 3679 2558 3737 enim
2584 3678 2905 3737 transiveris
2933 3678 3215 3744 mundum,
3241 3685 3293 3732 et
3312 3676 3579 3733 exaltatus

1992 3768 2160 3826 fueris
2208 3771 2259 3825 in
2295 3780 2500 3836 monte.
2534 3785 2874 3841 nequaquam
2928 3769 3139 3825 videbis
3198 3769 3368 3835 clara,
3403 3784 3580 3839 neque

1994 3862 2184 3917 faciem
2208 3859 2362 3924 Jesu,
2407 3862 2660 3921 deitatem
2692 3862 2814 3923 dico
2850 3878 2865 3917 :
2908 3876 3083 3932 neque
3107 3871 3336 3926 vestem,
3368 3862 3470 3916 hoc
3494 3863 3578 3917 est

2003 3972 2247 4012 carnem.
2307 3956 2505 4011 Videre
2551 3966 2729 4012 autem
2781 3965 2909 4011 tunc
2946 3956 3150 4027 poteris
3206 3964 3262 4011 et
3293 3955 3478 4011 Mosen
3520 3968 3577 4011 et

1992 4047 2160 4103 Eliatu
2195 4048 2566 4119 colloquentes
2602 4046 2735 4108 Iesu
2768 4066 2783 4103 :
2820 4048 2905 4104 lex
2933 4049 3078 4104 enim
3110 4055 3163 4105 et
3210 4048 3488 4120 prophetae
3519 4058 3574 4104 et

1989 4138 2148 4197 Jesus
2181 4157 2348 4199 unum
2393 4140 2686 4211 loquuntur
2717 4151 2770 4197 et
2796 4150 3119 4207 consonant.
3149 4140 3287 4210 Quin
3345 4152 3400 4197 et
3446 4156 3570 4199 cum

1996 4234 2271 4290 inveneris
2299 4235 2586 4306 quemdam
2622 4250 2840 4293 sensum
2885 4235 3180 4305 Scriptura:
3206 4234 3353 4292 clare
3404 4235 3575 4290 inter-

1991 4333 2313 4394 pretantem,
2369 4341 2635 4395 cognosce
2687 4327 2830 4398 quod
2874 4327 2965 4383 ille
3013 4325 3206 4384 faciem
3245 4326 3372 4383 Jesu
3425 4327 3576 4384 clare

308 4407 594 4482 λαμπρῶς,
634 4411 870 4478 γίνωσκε
905 4411 1095 4465 τοῦτον
1143 4412 1203 4466 τδ
1231 4413 1526 4484 πρόσωπον
1556 4413 1652 4466 τοῦ
1710 4411 1884 4484 Ἰησοῦ

1994 4417 2176 4473 videat
2204 4436 2218 4472 :
2252 4417 2394 4490 quod
2429 4417 2476 4474 si
2502 4427 2557 4475 et
2593 4421 2754 4476 verba
2812 4419 3049 4475 declaret
3078 4428 3133 4477 et
3165 4420 3455 4490 conspicua
3487 4419 3574 4474 fa-

306 4495 570 4569 λαμπρῶς
602 4498 823 4569 βλέπειν
843 4515 860 4532 ο
889 4502 939 4553 εί
959 4501 1142 4555 δὲκαὶ
1174 4502 1272 4565 τὰς
1303 4501 1479 4567 λέξεις
1511 4501 1770 4572 διασαφεῖ
1794 4504 1885 4567 καὶ

1994 4510 2126 4575 ciat,
2160 4510 2246 4565 hic
2273 4518 2327 4566 et
2350 4520 2529 4566 vestes
2557 4510 2686 4567 Jesu
2715 4511 2971 4566 candidas
2988 4512 3150 4567 videt.
3179 4512 3368 4568 Vestes
3398 4513 3571 4574 enim,

307 4588 649 4659 λαμπρύνει,
726 4585 883 4657 οὗτος
958 4594 1052 4646 καὶ
1122 4593 1194 4647 τὰ
1265 4595 1459 4664 ἱμάτια
1536 4593 1629 4648 τοῦ
1711 4593 1886 4666 Ἰησοῦ

307 4678 467 4732 λευκὰ
501 4680 721 4749 βλέπει”
757 4681 946 4754 ἱμάτια
994 4683 1105 4753 γὰρ
1134 4683 1242 4737 τῶν
1288 4685 1578 4759 νοημάτων
1606 4686 1660 4737 αἱ
1691 4683 1802 4757 λέξε
1817 4703 1884 4748 ις.

305 4772 465 4826 Ἀλλὰ
501 4774 580 4844 μὴ
607 4776 770 4849 εἴπῃς
800 4778 940 4830 κατὰ
988 4779 1214 4848 Πέτρον,
1255 4796 1274 4829 t
1311 4778 1491 4833 Καλόν
1538 4782 1686 4834 ἐστιν
1738 4780 1893 4852 ἡμᾶς

304 4857 401 4916 ὦδε
439 4860 605 4919 εἶναι*
655 4887 673 4918 t
708 4869 795 4920 ἀεὶ
822 4868 933 4938 γὰρ
976 4870 1316 4939 προκόπτειν
1347 4872 1431 4925 δεῖ
1475 4873 1567 4929 καὶ
1623 4872 1684 4936 οὐ
1717 4890 1886 4927 κατα-

1993 4614 2248 4655 sensuum
2309 4601 2592 4658 dictiones.
2643 4599 2748 4656 Sed
2809 4617 2889 4671 ,ηε
2945 4601 3150 4659 dixeris
3206 4619 3329 4659 cum
3385 4602 3569 4668 Petro,

1998 4712 2015 4745 ι
2063 4693 2266 4756 Bonum
2293 4703 2375 4750 est
2419 4710 2517 4749 nos
2549 4695 2637 4751 hic
2682 4710 2840 4758 esse;
2877 4714 2897 4748 ι
2936 4712 3059 4751 nam
3092 4707 3306 4767 oportet
3357 4712 3572 4768 semper
3622 4700 3643 4718 ’

1991 4775 2359 4854 proiicere,iet
2382 4776 2831 4858 nonpermanere
2862 4788 2913 4841 in
2943 4803 3050 4842 uno
3072 4791 3241 4857 gradu
3273 4788 3487 4846 virtutis
3514 4798 3571 4846 et

1991 4879 2489 4950 contemplationis,
2519 4881 2610 4938 sed
2645 4882 2712 4937 ad
2745 4879 2850 4936 alia
2891 4880 3147 4938 transire.

306 4959 484 5026 μένειν
519 4960 580 5014 ἐν
605 4960 686 5013 ἑνὶ
720 4960 915 5032 βαθμῷ
953 4963 1155 5033 ἀρετῆς
1191 4966 1287 5017 καὶ
1319 4964 1575 5047 θεωρίας,
1609 4966 1746 5021 ἀλλὰ
1780 4969 1874 5021 κα)⁸
1912 4968 2153 5043 ἀλλαχοῦ
2188 4971 2562 5043 μεταϐαίνειν.

373 5095 393 5127 t
439 5078 554 5131 Καὶ
598 5075 969 5148 ἐπηρώτησαν
1008 5080 1171 5134 αὑτὸν
1205 5084 1254 5142 qi
1286 5083 1527 5155 μαθηταὶ
1564 5084 1753 5151 αὐτοῦ,
1786 5085 1878 5139 λέ-

302 5184 518 5236 γοντεν
556 5169 622 5222 Τί
652 5169 745 5223 οὖν
782 5172 833 5223 oi
866 5171 1219 5243 Γραμματεῖς
1254 5175 1506 5245 λέγουσιν
1547 5178 1629 5237 ὅτι
1690 5178 1880 5234 Ἠλίαν

298 5255 378 5310 δεῖ
404 5258 582 5312 ἐλθεῖν
613 5261 861 5331 πρῶτον;
893 5281 912 5314 ι
957 5263 1308 5331 Ἀπατῶντες
1336 5268 1429 5319 τὸν
1459 5268 1585 5321 λαὸν
1614 5270 1664 5321 οἱ
1693 5269 1879 5342 Γραμ-

302 5352 492 5418 ματεῖς
539 5351 728 5419 ελεγον
772 5355 855 5407 ὅτι
889 5356 989 5408 οὐκ
1029 5352 1098 5428 ἦν
1149 5358 1310 5425 αὐτδς
1340 5362 1369 5413 6
1401 5361 1658 5430 Χριστόςο
1691 5363 1741 5415 εί
1772 5363 1878 5434 γὰρ

298 5436 384 5512 ἦν,
428 5443 613 5507 Ἠλίας
643 5443 710 5497 ἂν
740 5446 941 5517 ἤρχετο
990 5449 1233 5519 πρῶτον,
1289 5451 1616 5518 ἀγνοοῦντες
1650 5457 1731 5510 ὅτι
1784 5456 1879 5510 δύο

296 5533 388 5586 τοῦ
414 5535 656 5605 Χριστοῦ
691 5541 1010 5609 παρουσίαι,
1041 5536 1116 5594 ὧν
1146 5544 1244 5615 τῆς
1268 5543 1370 5613 μὲν
1399 5549 1621 5618 πρώτης
1646 5549 1874 5618 396693-

2055 5089 2216 5146 Vras.
2252 5091 2336 5147 10.
2374 5110 2392 5143 ι
2419 5088 2485 5144 Et
2522 5091 2988 5161 interrogaverunt
3020 5091 3169 5147 illum
3202 5092 3452 5164 discipuli
3479 5098 3566 5153 sui
3680 5088 3685 5093 ”

1983 5184 2226 5241 dicentes
2258 5203 2274 5241 :
2310 5185 2489 5253 Quare
2521 5186 2688 5258 igitur
2737 5186 2942 5242 Scriba:
2983 5188 3170 5245 dicunt
3201 5192 3343 5261 quod
3390 5191 3563 5249 Eliam

1981 5285 2194 5346 oportet
2254 5278 2439 5333 venire
2483 5278 2805 5348 primum?»
2878 5279 3219 5350 Decipientes
3301 5284 3561 5353 populum

1983 5369 2186 5424 Scribat
2212 5369 2460 5432 dicebant
2492 5370 2634 5441 quod
2659 5370 2772 5440 ipse
2806 5387 2912 5427 non
2940 5382 3085 5429 esset
3109 5372 3397 5431 Christus:
3432 5391 3559 5437 nam

1983 5459 2028 5515 si
2062 5469 2230 5524 esset,
2281 5459 2429 5518 Elias
2470 5462 2705 5530 primum
2739 5464 2975 5519 venisset
3013 5481 3028 5520 :
3065 5466 3376 5538 ignorantes
3414 5470 3558 5539 quod

1982 5550 2087 5604 duo
2158 5553 2421 5607 adventus
2453 5551 2678 5617 Christi,
2731 5568 2962 5622 quorum
3027 5559 3186 5627 primi
3248 5557 3558 5616 Praecursor

300 5626 446 5716 μρςό
498 5626 775 5695 Ἰωάννης,
825 5628 923 5697 τῆς
960 5628 1015 5682 δὲ
1056 5628 1341 5701 δευτέρας.
1381 5633 1409 5683 ὁ
1447 5633 1650 5697 Ἠλίας.
1694 5636 1872 5706 Ὅπερ

1994 5638 2234 5709 loaunes,
2282 5644 2503 5698 secundi
2532 5652 2710 5700 autem
2742 5644 2904 5703 Elias.
2934 5626 3035 5704 Sic
3054 5650 3199 5704 enim
3234 5658 3287 5704 et
3310 5649 3556 5716 Christus

298 5710 386 5767 οὖν
414 5716 507 5770 καὶ
531 5719 561 5770 6
587 5717 823 5787 Χριστὸς
853 5720 1150 5791 ἑρμηνεύει
1181 5725 1293 5786 τοῖς
1345 5725 1638 5796 μαθηταῖς.
1668 5729 1869 5780 ’Λκουε

336 5821 425 5861 αο.

336 5821 368 5859 α
409 5845 425 5861 .

298 5819 332 5879 γ
373 5823 404 5878 ρ
578 5902 852 5968 Parnm...
882 5904 995 5966 Gn.
1046 5906 1332 5975 CXXIlI.

1980 5730 2364 5802 interpretatur
2397 5734 2695 5805 discipulis.
2730 5736 2866 5793 Audi
2901 5738 3067 5793 enim.

3051 5921 3120 5992 ιι
