4078 6464
462 336 558 402 πι

1385 342 1968 404 TIIEOPIIYLACTI
2006 338 2420 403 BULGARI/E
2460 337 2820 398 AliCIIIEP.

3616 338 3728 399 3'9.

540 456 699 511 Vens.
763 455 944 511 ll-l5.
1000 474 1018 508 ι
1071 454 1229 513 Jesus
1285 465 1467 513 autem
1522 460 1854 528 respondens
1910 457 2048 513 dixit

2228 473 2245 505 ι
2306 452 2365 508 '0
2394 452 2449 506 δὲ
2490 452 2699 525 Ἰησοῦς
2741 452 3064 525 ἀποκριθεὶς
3112 451 3265 508 εἶπεν
3300 454 3507 521 αὐτοῖς’
3542 458 3731 527 Ἥλίας

468 550 573 601 illis
606 566 619 602 :
662 546 809 603 Elias
830 548 920 619 qui
945 551 1043 600 ’etn
1072 549 1249 603 veniet
1281 549 1453 619 prius,
1479 558 1533 604 et
1564 550 1811 604 restituet
1848 550 2047 605 omnia.

466 641 593 695 Dico
650 649 828 696 autem
890 641 1043 696 vobis
1094 644 1235 712 quod
1297 639 1445 699 Elias
1480 640 1595 712 jam
1645 642 1811 706 venit,
1849 651 1902 697 et
1943 657 2049 698 non

464 741 959 799 agnoverunteum,
997 735 1089 788 sed
1118 734 1366 788 fecerunt
1402 736 1454 788 in
1485 747 1551 790 eo
1590 748 1928 805 quacunque
1956 749 2052 788 vo-

410 818 435 840 "
467 823 707 880 luerunt.
738 823 829 880 Sic
849 835 903 880 et
950 824 1116 881 Flius
1152 825 1384 880 hominis
1418 838 1680 893 passurus
1713 824 1904 879 est-ab
1947 824 2049 880 eis.

475 915 626 970 Tunc
661 915 1046 970 intellexerunt
1086 915 1329 982 discipuli
1367 916 1509 986 quod
1539 915 1610 969 de
1662 913 1872 969 Joanne
1913 914 2051 984 Bap-

470 1008 593 1061 tista
637 1006 865 1062 dixisset
913 1007 1037 1061 illis.
1075 1026 1096 1060 ι
1160 1008 1394 1062 Dicendo
1442 1006 1584 1074 quod
1633 1004 1779 1060 Elias
1828 1003 2046 1075 quidem

467 1099 670 1163 veniet,
718 1100 960 1154 Ostendit
1011 1099 1153 1169 quod
1198 1101 1434 1154 nondum
1490 1099 1680 1153 venit:
1713 1098 1764 1152 in
1809 1097 2048 1152 set-mulo

470 1199 651 1243 autem
677 1191 907 1249 adventu
934 1192 1155 1245 veniens
1175 1204 1493 1260 prtecursor,
1516 1191 1866 1245 realituturus
1891 1187 2045 1243 sitatl

471 1283 627 1337 fidem
672 1281 873 1337 Christi
940 1296 1131 1337 omnes
1165 1280 1441 1347 Hebraeos,
1485 1296 1627 1352 quos
1656 1283 2046 1351 persuasibiles

470 1374 727 1438 inveniet,
771 1373 923 1442 quasi
950 1374 1014 1428 ad
1060 1373 1428 1428 baareditatem
1458 1385 1736 1441 paternam
1779 1374 2046 1429 reducens

468 1478 563 1517 eos
598 1464 686 1532 qui
738 1465 1071 1519 exciderant.
1124 1465 1260 1518 Cum
1313 1474 1494 1518 autem
1529 1466 1678 1530 dicit,
1735 1465 1878 1519 Elias
1934 1465 2042 1534 jam

468 1545 639 1619 venit,
678 1553 1077 1610 Praecursmem
1132 1555 1280 1609 illiilli
1336 1553 1598 1611 Joannem
1647 1555 1801 1622 dicit,
1839 1556 1892 1609 in
1937 1571 2045 1624 quo

2158 547 2255 617 μὲν
2296 546 2517 616 ἔρχεται
2578 547 2824 617 πρῶτον,
2873 545 2968 601 καὶ
3022 548 3470 620 ἀποκαταστήσει
3527 554 3708 607 πάντα

2151 637 2312 706 Λέγω
2333 638 2390 691 δὲ
2417 638 2546 707 ύμῖν
2572 637 2655 691 ὅτι
2702 637 2887 700 Ἠλίας
2913 636 3015 709 ἤδη
3048 633 3201 710 ἦλθε,
3231 640 3326 692 καὶ
3351 640 3450 694 οὐκ
3484 644 3733 712 ἐπέγνω-

2154 745 2255 784 σαν
2302 729 2488 794 αὐτὸν,
2529 729 2647 782 ἀλλ’
2698 729 2961 799 ἐποίησαν
2995 730 3053 782 ἐν
3085 730 3233 800 αύτῷ
3272 732 3373 783 ὅσα
3425 731 3730 802 ἠθέλησαν.

2149 820 2307 875 Οὕτω
2335 823 2429 873 καὶ
2449 824 2478 874 ό
2508 820 2635 885 Υἱὸς
2665 819 2762 874 τοῦ
2797 820 3087 889 ἀνθρώπου
3122 821 3305 892 μέλλει
3356 823 3593 894 πάσχειν
3638 825 3731 877 ὑπ’

2149 912 2353 968 αὐτῶν.
2380 913 2512 965 Τότε
2539 913 2779 983 συνῆκαν
2808 914 2859 967 οἱ
2889 913 3151 983 μαθηταὶ,
3185 915 3268 967 ὅτι
3300 916 3426 985 περὶ
3477 915 3732 968 Ἰωάννου
3764 911 3775 919 ”

2148 1003 2247 1056 τοῦ
2286 1004 2593 1057 Βαπτιστοῦ
2638 1000 2794 1058 εἶπεν
2847 1006 3055 1067 αὐτοῖς.
3097 1025 3115 1057 ι
3168 1006 3261 1061 Ἐν
3296 1006 3373 1075 τῷ
3422 1009 3601 1062 εἰπεῖν
3650 1010 3734 1061 ὅτι

2150 1096 2336 1160 Ἠλίας
2369 1098 2469 1167 μὲν
2506 1096 2748 1167 ἔρχεται,
2791 1096 3029 1151 δεικνύει
3058 1098 3141 1151 ὅτι
3179 1096 3333 1155 οὔπω
3362 1093 3549 1170 ἦλθεν,
3584 1099 3737 1153 ἐλεύυ-

2149 1204 2302 1242 σεται
2347 1186 2403 1239 δὲ
2442 1188 2756 1258 πρόδρομος
2798 1187 2898 1257 τῆς
2947 1187 3209 1257 δευτέρας
3267 1188 3577 1255 ἐλεύσεως,
3639 1193 3735 1244 καὶ

2147 1279 2589 1349 ἀποκαταστήσει
2625 1279 2760 1349 πρὸς
2791 1279 2891 1349 τῆν
2921 1280 3108 1332 πίστιν
3134 1279 3229 1332 τοῦ
3258 1281 3497 1352 Χριστοῦ
3524 1282 3735 1345 πάντας

2145 1370 2274 1434 τοὺς
2319 1370 2785 1441 εύρεθησομένους
2824 1368 3141 1439 πειθηνίους
3200 1371 3509 1441 Ἐϐραίους,
3541 1372 3735 1445 ὥσπερ

2150 1458 2228 1520 είς
2261 1457 2516 1528 πατρῷον
2550 1457 2755 1528 κλῆρον
2798 1459 3188 1513 ἀποκαθιστῶν
3218 1463 3416 1526 αὐτοὺς
3463 1465 3735 1517 ἐκπεσόν-

2150 1562 2279 1609 τας·
2310 1548 2368 1599 ἐν
2388 1547 2443 1600 δὲ
2473 1547 2551 1618 τῷ
2593 1551 2768 1602 εἰπεῖν
2802 1550 2885 1603 ὅτι
2928 1550 3119 1614 Ἠλίας
3147 1553 3245 1623 ῆδη
3277 1549 3430 1624 ἦλθε,
3465 1556 3557 1607 τὸν
3594 1556 3738 1629 Πρός

468 1645 715 1701 fecerunt
743 1662 1081 1716 quaecunque
1112 1646 1353 1712 voluere,
1384 1646 1697 1702 occidentes
1731 1662 1875 1702 eum.
1906 1645 2041 1701 Nam

2156 1638 2352 1708 δρομον
2399 1638 2655 1711 Ἰωάννην
2706 1641 2894 1711 φησίν.
2957 1643 3254 1712 Ἐποίησαν
3280 1646 3335 1699 δὲ
3368 1647 3427 1699 ἐν
3454 1648 3605 1719 αύτῷ
3630 1651 3734 1707 ὅσα

464 1739 843 1808 permittentes
901 1737 1100 1793 Herodi
1151 1748 1207 1792 ut
1258 1740 1533 1793 occideret
1581 1736 1864 1805 Joannem,
1916 1754 2040 1793 eum

2156 1731 2237 1783 καὶ
2260 1730 2532 1802 ἠθέλησαν
2578 1732 2938 1801 φονεύσαντες
2987 1734 3186 1788 αὐτόν*
3236 1736 3307 1789 δι’
3335 1730 3409 1790 ὧν
3452 1740 3562 1810 γὰρ
3597 1757 3731 1793 συν-

465 1836 690 1901 posseut
721 1829 1026 1900 prohibere,
1062 1830 1161 1899 ipsi
1210 1831 1547 1887 occiderunt.
1582 1830 1735 1885 Tunc
1770 1830 1936 1901 igitur
1963 1830 2042 1884 di-

2156 1821 2430 1893 εχὼρησαν
2462 1822 2539 1892 τῷ
2582 1820 2796 1894 Ἡρώδῃ
2821 1826 3105 1894 φονεῦσαι,
3133 1825 3427 1898 δυνάμενοι
3462 1831 3729 1899 κωλύειν,

467 1922 656 1992 seipuli
687 1921 811 1975 facti
838 1923 1259 1991 perspicaciores
1293 1922 1678 1977 intellexerunt
1708 1927 1849 1991 quod
1879 1920 2042 1976 Joan-

2156 1916 2339 1977 ὲκείνοι
2370 1916 2690 1984 ἐφόνευσαν.
2720 1917 2855 1971 Τότε
2881 1919 3062 1975 τοίνυν
3093 1918 3338 1992 ὀξύτεροι
3365 1925 3656 1995 γενόμενοι
3678 1926 3730 1979 οἱ

468 2032 591 2070 nem
623 2013 795 2069 Ellam
828 2017 1057 2080 vocarit,
1096 2016 1238 2085 quod
1267 2017 1380 2087 ipse
1416 2016 1573 2087 primi
1617 2016 1875 2070 adventus
1907 2030 2042 2084 prae-

2146 2006 2389 2077 μαθηταὶ
2418 2010 2682 2080 συνῆκαν,
2713 2011 2795 2064 ὅτι
2822 2012 2913 2066 τὸν
2967 2013 3223 2084 Ἰωάννην
3249 2015 3437 2069 Ἠλίαν
3479 2019 3731 2084 ἐκάλεσε,

469 2123 658 2162 cursor
717 2104 901 2172 fuerit,
952 2107 1093 2163 sicut
1123 2107 1215 2163 ille
1264 2108 1486 2165 secundi
1531 2105 1744 2162 futurus
1786 2117 1870 2162 est
1903 2122 2039 2177 prae»

2156 2098 2229 2153 5ιά
2260 2100 2322 2153 τὺ
2346 2101 2654 2172 πρόδρομον
2700 2102 2954 2170 γενέσθαι
3001 2106 3191 2162 τοῦτον
3217 2108 3319 2178 τῆς
3366 2109 3612 2182 πρώτης,
3645 2110 3723 2176 ὡς

471 2217 681 2256 (ἲυΐδοΐ.

542 2290 712 2347 Vsus.
744 2290 831 2346 M.
869 2310 887 2344 ι
917 2289 978 2345 Ει
1012 2304 1134 2344 eum
1160 2289 1428 2346 venissent
1459 2289 1523 2344 ad
1557 2289 1790 2355 turbam,
1817 2288 2046 2345 accessit

473 2384 537 2438 ad
570 2400 691 2437 cum
725 2383 890 2438 homo
917 2383 1135 2453 quidam
1151 2381 1372 2437 ﬂectens
1393 2382 1465 2436 illi
1496 2395 1693 2452 genua,
1718 2380 2042 2448 dicensque:

475 2473 726 2540 Duruine,
763 2474 1021 2527 miserere
1059 2472 1148 2525 lilii
1186 2474 1312 2537 mei,
1354 2475 1613 2543 quoniam
1649 2472 1922 2527 lunatieus
1963 2479 2047 2525 est

476 2575 528 2618 et
567 2563 762 2618 misere
809 2561 1065 2633 aﬂligitur
1096 2580 1110 2616 :
1146 2578 1268 2617 nam
1313 2577 1456 2633 szrpe
1491 2564 1634 2618 cadit
1662 2562 1716 2617 in
1770 2563 1968 2633 ignem,
1994 2570 2050 2615 et

475 2673 615 2727 εει-νε
647 2657 697 2709 ἰιι
726 2671 942 2725 aquam.
974 2673 994 2709 ι
1033 2652 1195 2710 Valde
1226 2654 1533 2710 incredulus
1566 2662 1788 2725 apparet
1816 2669 1934 2709 esse
1963 2654 2050 2708 hic

478 2750 661 2810 homo,
684 2763 750 2802 eo
781 2748 921 2817 quod
955 2748 1088 2805 dixit
1118 2748 1182 2801 ad
1210 2750 1381 2817 ipsum
1407 2745 1675 2815 Christus,
1701 2744 1746 2803 0
1776 2746 2050 2818 generatio

475 2841 773 2904 incredula,
800 2849 854 2893 et
875 2839 1017 2907 quod
1042 2840 1216 2908 arguit
1239 2839 1355 2910 ipse
1388 2839 1698 2908 discipulos.
1729 2836 1843 2891 Non
1868 2848 2048 2891 autem

476 2938 601 2988 tuna
662 2948 824 2988 causa
879 2941 993 2989 erat
1036 2932 1230 2995 morbi,
1277 2933 1370 2988 sed
1427 2932 1672 2988 diabolus
1732 2930 2054 2986 observabat

474 3025 847 3095 plenilunium,
865 3033 921 3079 et
946 3034 1071 3079 tunc
1084 3023 1188 3097 91
1215 3024 1597 3091 insidiabatur,
1622 3033 1678 3078 ut
1705 3032 2054 3094 arguerentur

475 3132 637 3185 opera
671 3117 759 3171 Dei
794 3128 1049 3185 tanquam
1086 3119 1243 3172 nobis
1266 3117 1463 3172 malum
1507 3115 1815 3171 inferentia.
1851 3115 1929 3170 Tu
1955 3132 2052 3168 au-

2147 2191 2356 2252 ἐκεῖνος
2384 2190 2540 2245 ἐσται
2573 2193 2676 2263 τῆς
2703 2193 2962 2267 δευτέρας
2987 2196 3277 2262 ἐλεύσεως.

2224 2300 2243 2336 ι
2276 2284 2382 2337 Καὶ
2407 2282 2669 2341 ἐλθόντων
2702 2286 2883 2340 αὐτῶν
2915 2288 3046 2359 πρὸς
3076 2291 3167 2343 τὸν
3197 2289 3377 2361 ὔχλον,
3426 2293 3734 2365 προσῆλθεν

2147 2375 2298 2444 αὐτῷ
2315 2375 2605 2447 ἄνθρωπος
2635 2380 2948 2447 γονυπετῶν
2970 2380 3153 2445 αὐτὸν,
3180 2384 3275 2437 καὶ
3301 2383 3509 2453 λέγων’
3536 2387 3735 2458 Κύριε,

2149 2467 2373 2529 ἐλέησόν
2413 2485 2516 2537 μου
2564 2468 2657 2523 τὸν
2695 2471 2832 2535 υἱὸν,
2863 2472 2946 2524 ὅτι
2979 2472 3358 2543 σεληνιάζεται
3411 2478 3506 2532 καὶ
3546 2479 3737 2543 κακῶς

2150 2558 2368 2627 πάσχει.
2397 2558 2667 2623 Πολλάκις
2700 2559 2810 2629 γὰρ
2833 2560 3023 2615 πίπτει
3053 2563 3134 2625 είς
3163 2564 3224 2617 τὸ
3249 2564 3380 2635 πῦρ,
3409 2565 3505 2620 καὶ
3538 2568 3737 2621 πολλάς

2150 2666 2239 2714 κις
2264 2651 2343 2713 εἰς
2366 2649 2425 2703 τὸ
2453 2648 2618 2719 ὕδωρ.
2650 2670 2670 2704 ι
2702 2651 2915 2723 Σφόδρα
2944 2654 3174 2717 ἄπιστος
3202 2647 3358 2720 οὗτος
3382 2660 3409 2710 6
3439 2657 3536 2711 ἄνθ
3548 2676 3737 2728 ρωπος

2153 2743 2404 2810 φαίνεται
2433 2738 2593 2810 εἶναι,
2627 2743 2686 2808 ἐξ
2716 2738 2791 2799 ὧν
2812 2762 2871 2798 τε
2902 2742 3024 2799 εἷπε
3059 2747 3196 2819 πρὸς
3233 2750 3398 2803 αὑτὸν
3425 2752 3454 2804 6
3475 2751 3736 2823 Χριστὸς,

2151 2829 2227 2887 Ὦ
2258 2836 2418 2903 γενεά
2444 2835 2696 2903 ἄπιστος,
2728 2834 2827 2891 καὶ
2849 2838 2931 2892 ὅτι
2968 2844 3271 2912 κατηγορεῖ
3295 2842 3458 2907 αὐτὸς
3492 2846 3602 2897 τῶν
3635 2865 3738 2917 μα-

2154 2927 2365 2997 θητῶν·
2414 2929 2512 3000 ούχ
2543 2931 2576 3002 ἡ
2628 2930 2826 3003 σελήνη
2867 2931 2924 2985 δὲ
2962 2934 3133 3001 αἰτία,
3191 2935 3304 2990 ἀλλ’
3330 2938 3358 2990 6
3394 2938 3605 3010 δαίμων
3638 2942 3737 2993 ἐπ-

2156 3017 2341 3088 ετήρει
2369 3017 2467 3087 τὴν
2493 3019 2722 3090 σελήνην
2741 3020 2922 3092 πλήρη
2948 3021 3138 3089 οὖσαν,
3157 3026 3255 3081 καὶ
3273 3026 3396 3080 τότε
3422 3029 3732 3095 ἐπετίθετο,

2159 3107 2245 3161 ἵνα
2274 3107 2711 3180 βλασφημηθῶσι
2751 3112 2820 3165 τὰ
2849 3111 2987 3182 ἔργα
3020 3113 3115 3168 τοῦ
3163 3116 3300 3169 Θεοῦ
3339 3116 3414 3181 ὡς
3440 3122 3732 3174 κσκοποιά.

479 3216 582 3259 tem
613 3204 904 3273 intelligas,
939 3208 1191 3272 obsecro,
1230 3209 1371 3275 quod
1399 3207 1578 3261 omnis
1613 3206 1877 3278 insipiens
1913 3208 2052 3261 sicut

2159 3198 2230 3253 Σὺ
2256 3174 2313 3254 δὲ
2341 3174 2450 3253 νόει
2475 3174 2571 3254 καί
2596 3202 2678 3255 ὅτι
2708 3204 2814 3265 πᾶς
2837 3174 3028 3275 ἄίρρων
3075 3205 3150 3269 ὡς
3179 3206 3376 3277 σελήνη
3394 3174 3733 3280 ἀλλοιοῦται,

474 3297 601 3350 luna
626 3296 943 3350 immutatur
963 3296 1031 3363 ⁸⁸,
1063 3298 1352 3352 secundum
1384 3298 1742 3368 Scripturam,
1770 3308 1822 3353 et
1841 3299 2053 3355 interim

480 3396 707 3456 apparet
739 3387 936 3441 virtute
967 3402 1216 3456 magnus,
1270 3389 1485 3443 interim
1524 3388 1863 3444 imminuitur
1892 3404 2055 3444 sensu

476 3487 531 3532 et
561 3475 780 3546 desipit.
808 3474 912 3530 Hie
950 3476 1111 3547 igitur
1149 3493 1272 3533 eum
1306 3478 1574 3535 Iunaticus
1608 3477 1795 3546 fuerit,
1829 3480 1971 3535 cadit
2003 3480 2054 3533 in

478 3569 656 3639 ignem
692 3571 784 3624 irae
811 3577 867 3624 ct
893 3570 1365 3640 concupiscentia,
1402 3583 1458 3628 et
1501 3573 1553 3627 in
1598 3587 1792 3643 aquam
1842 3573 2054 3642 plenam

476 3659 733 3717 ﬂuctibus
757 3663 913 3730 ltujus
935 3662 1060 3717 vitae
1077 3662 1478 3729 sollicitudinis,
1507 3665 1560 3719 in
1582 3680 1685 3735 qua
1709 3675 1762 3718 et
1785 3663 2053 3719 leviatban

478 3753 747 3815 diabolus,
783 3755 884 3808 hoc
913 3762 1015 3817 est,
1059 3755 1331 3824 imperans
1378 3755 1467 3810 ille
1514 3756 1567 3810 in
1602 3757 1774 3823 aquis.
1831 3756 1911 3810 An
1948 3772 2054 3811 non

478 3842 673 3900 fluctus
697 3853 841 3901 recte
867 3846 1119 3902 dicuntur
1147 3849 1352 3904 crebra:
1384 3849 1606 3904 divitum
1638 3849 1819 3906 curae?

551 4028 722 4086 Vens.
762 4030 945 4088 15-17.
985 4049 1004 4084 t
1044 4032 1107 4088 Et
1132 4032 1299 4087 obtuli
1338 4049 1459 4088 eum
1489 4032 1767 4105 discipulis
1799 4035 1923 4102 luis,
1958 4050 2059 4091 nec

478 4130 770 4192 potuerunt
823 4137 944 4177 eum
996 4138 1208 4178 sanare.
1265 4124 1617 4192 Respondeas
1677 4134 1853 4180 autem
1901 4125 2060 4182 Jesus

481 4215 617 4268 dixit
651 4232 667 4269 :
695 4213 739 4270 0
774 4216 924 4269 natio
954 4215 1227 4270 incredula
1260 4226 1312 4271 et
1340 4216 1594 4283 distorta,
1629 4232 1909 4289 quousque
1946 4230 2061 4274 tan-

483 4305 602 4357 dem
642 4320 737 4358 ero
778 4305 1097 4360 vobiscum?
1127 4322 1410 4375 usquequo
1444 4308 1620 4375 patiar
1650 4310 1782 4363 vos?
1810 4310 2060 4367 adducite

482 4395 635 4449 illum
668 4397 793 4450 huc.
835 4396 900 4451 Et
931 4397 1228 4467 increpavit
1265 4398 1411 4452 illutn
1441 4396 1621 4464 Jesus,
1649 4406 1703 4454 et
1731 4400 1867 4454 exiit
1899 4401 1967 4455 ab
1994 4417 2058 4457 eo

2158 3288 2300 3345 κατὰ
2327 3291 2386 3346 τὸ
2414 3292 2824 3363 γεγραμμένον,
2859 3293 2988 3347 ποτὲ
3040 3296 3139 3365 μὲν
3180 3298 3355 3367 μέγας
3409 3301 3735 3370 φαινόμενος

2157 3381 2279 3434 κατ’
2304 3380 2525 3453 ἀρετὴν,
2551 3383 2681 3435 ποτὲ
2703 3382 2757 3436 δὲ
2779 3383 3167 3455 ἐλαττούμενος
3195 3389 3287 3441 καὶ
3302 3391 3695 3461 ἀφανιζόμενο,
3718 3408 3736 3432 φ

2155 3468 2311 3538 οὗτος
2347 3473 2438 3531 οῦν
2471 3474 2849 3542 σεληνιάζεται
2877 3478 2972 3529 καὶ
2994 3478 3349 3554 καταπίπτει,
3379 3481 3474 3536 καὶ
3499 3486 3577 3547 εἰς
3600 3483 3734 3554 πῦρ,

2156 3566 2217 3621 τὸ
2240 3564 2334 3619 τοῦ
2382 3565 2555 3637 θυμοῦ
2593 3568 2689 3621 καὶ
2739 3568 2836 3638 τῆς
2878 3548 3195 3639 ἐπιθυμίας,
3227 3575 3322 3627 καὶ
3350 3575 3430 3638 είς
3469 3574 3636 3647 ὕδωρ,

2158 3658 2384 3730 κύματα
2421 3659 2516 3714 τοῦ
2569 3658 2989 3735 πολυφρύντιδος
3031 3662 3147 3732 βίου
3178 3680 3194 3697 τ
3231 3658 3356 3741 ἐνῷ
3411 3666 3440 3721 6
3478 3667 3737 3722 λευῖαθάν

2157 3753 2426 3819 διάϐολος,
2480 3754 2758 3807 τουτέστιν
2787 3755 2814 3806 6
2869 3753 3172 3824 βασιλεύων
3201 3760 3259 3811 ἐν
3293 3761 3404 3822 τοῖς
3447 3759 3638 3815 ῦδασιν
3659 3779 3673 3793 ·
3702 3761 3736 3835 ἦ

2157 3849 2279 3919 ούχὶ
2322 3847 2547 3918 κύματα
2591 3846 2973 3916 ἀλλεπάλληλα
3014 3852 3070 3902 at
3110 3849 3217 3907 τῶν
3255 3850 3526 3908 πλουσίων
3567 3872 3736 3927 φρονη

2158 3940 2296 4004 τίδες
2325 3956 2340 4004 ;

2238 4053 2256 4087 ι
2305 4033 2416 4095 Καὶ
2461 4032 2812 4104 προσήνεγκα
2839 4035 3001 4090 αύτδν
3037 4037 3151 4099 τοῖς
3176 4035 3446 4107 μαθηταῖς
3489 4053 3607 4102 σου,
3635 4039 3732 4100 καὶ

2159 4125 2258 4181 οὐκ
2290 4124 2631 4196 ἠδυνήθησαν
2663 4126 2823 4187 αὐτὸν
2854 4127 3215 4197 θεραπεῦσαι.
3246 4127 3594 4200 Ἀποκριθεὶς
3625 4129 3681 4182 δὲ
3709 4131 3737 4183 ό

2174 4216 2411 4288 Ἰησοῦς,
2444 4212 2596 4276 εἶπεν
2614 4234 2629 4250 ·
2656 4214 2726 4277 Ὦ
2750 4220 2910 4287 γενεά
2933 4221 3160 4285 ἄπιστος
3186 4222 3278 4276 καὶ
3305 4221 3734 4295 διεστραμμένη.

2159 4310 2263 4374 ἓως
2311 4311 2440 4363 πότε
2492 4311 2687 4382 ἔσομαι
2747 4313 2868 4383 μεθ’
2920 4313 3105 4383 ὑμῶν;
3150 4312 3255 4380 ἕως
3290 4315 3419 4369 πότε
3472 4316 3736 4387 ἀνέξομαι

2162 4403 2349 4472 Cimini;
2377 4403 2569 4475 φέρετέ
2599 4422 2690 4475 μοι
2717 4405 2879 4465 αὐτὸν
2911 4400 3014 4461 ὧδε
3041 4424 3053 4439 ·
3093 4410 3185 4463 καὶ
3218 4409 3553 4481 ἐπετίμησεν
3589 4410 3736 4480 αύτῷ

483 4490 829 4553 tta-monium,
879 4498 935 4543 et
960 4499 1184 4544 sanatus
1218 4499 1299 4546 est
1331 4504 1465 4561 puer
1493 4506 1557 4547 ex
1590 4491 1676 4546 illa
1711 4492 1865 4548 hora.
1904 4511 1924 4545 ι
1960 4491 2052 4547 Vi-

2164 4498 2191 4548 6
2225 4495 2457 4567 Ίησοῦς,
2506 4498 2600 4552 καὶ
2632 4498 2853 4568 ἐξῆλθεν
2888 4500 2982 4552 ἀπ’
3013 4500 3180 4555 αὑτοῦ
3208 4500 3271 4555 τὸ
3302 4501 3600 4572 δαιμόνιον,
3641 4504 3737 4564 καὶ

484 4580 580 4632 des
606 4578 878 4632 hominem
919 4578 1176 4634 delictum
1213 4594 1324 4634 sua:
1357 4582 1750 4638 incredulitatis
1781 4583 2058 4653 discipulis

488 4669 892 4736 itnpiugentem,
924 4672 1065 4738 quod
1088 4671 1410 4727 inﬁrmiores
1441 4674 1550 4728 sint
1572 4690 1728 4745 quam
1755 4687 1815 4730 ut
1847 4686 2056 4732 sanenl.

486 4763 650 4825 Igitur
683 4763 937 4817 Dominus
989 4763 1267 4818 confundit
1315 4781 1436 4820 eum
1483 4768 1625 4836 quod
1676 4771 1944 4823 accusarit
1974 4769 2059 4823 di-

486 4854 743 4920 scipulus,
780 4868 843 4908 ac
883 4854 1012 4908 dicit
1046 4871 1059 4906 :
1096 4852 1139 4909 0
1169 4856 1445 4925 generatio
1485 4858 1783 4925 incredula,
1818 4859 1917 4914 hoc
1952 4869 2056 4925 est,

486 4944 601 4998 Non
630 4955 711 4998 est
759 4955 964 4999 tantum
1004 4945 1334 5001 inﬁrmitatis
1376 4947 1608 5011 illorum,
1642 4960 1904 5019 quantunt
1953 4958 2060 5006 tua;

488 5036 877 5093 incredulitatis
918 5039 1168 5093 delictum
1206 5057 1220 5094 :
1250 5054 1440 5111 magna
1462 5045 1606 5094 enim
1637 5052 1739 5107 esu,
1773 5053 1829 5095 et
1849 5040 2060 5095 illorum

489 5130 814 5184 mediocrem
868 5130 1033 5184 vincit
1077 5130 1351 5184 virtutem.
1391 5128 1674 5186 Hominem
1698 5140 1877 5186 autem
1913 5132 2059 5184 illum

489 5222 891 5291 opprobrando,
939 5237 1129 5276 onmcs
1171 5222 1331 5277 simul
1366 5224 1711 5293 opprobravit
1754 5223 2063 5280 incredulos

486 5325 535 5368 et
585 5315 1026 5379 circumstantes.
1076 5315 1249 5370 Porro
1281 5331 1401 5370 cum
1433 5315 1585 5382 dicit,
1625 5315 1914 5387 Usquequo
1963 5331 2061 5371 ero

483 5406 811 5460 Vobiscum?
839 5406 1076 5460 ostendit
1104 5407 1245 5461 ouod
1274 5406 1539 5462 desideret
1567 5407 1617 5461 in
1650 5422 1811 5463 cruce
1842 5409 1973 5477 pati,
2001 5415 2057 5463 et

483 5499 549 5550 ab
590 5496 719 5565 ipsis
761 5498 1036 5553 secedere.
1081 5495 1371 5568 Usquequo
1424 5498 1680 5554 versabar
1710 5514 1831 5553 cum
1863 5499 2056 5557 irriso-

480 5590 630 5646 t'ihus
656 5597 710 5645 et
758 5587 1092 5647 incredulis?
1136 5589 1437 5661 lncrepavit
1476 5599 1657 5647 autem
1702 5590 1851 5645 illum
1878 5589 2055 5655 Jesus,

556 5771 602 5813 ³³
631 5770 791 5826 Εί-ιοιί.
822 5789 993 5844 xxvii,
1026 5774 1110 5830 12.

2162 4585 2510 4661 ἐθεραπεύθη
2540 4589 2569 4642 6
2604 4592 2734 4653 παῖς
2775 4590 2882 4643 ἀπὸ
2911 4592 3007 4662 τῆς
3040 4592 3191 4665 ὥρας
3224 4594 3459 4663 ἐκείνης.
3500 4613 3519 4647 ι
3574 4595 3736 4666 Ὁρᾷς

2161 4680 2253 4733 τὴν
2278 4679 2565 4749 ἄνθρωπον
2597 4681 2656 4734 τὸ
2686 4681 2879 4736 ἐαυτοῦ
2910 4686 3159 4755 πταῖσμα
3208 4685 3308 4755 τῆς
3338 4686 3594 4751 ἀπιστίας
3622 4689 3737 4750 τοῖς

2167 4774 2436 4839 μαθηταῖς
2465 4772 2807 4839 ἀνατιθέντα,
2838 4775 2912 4839 ὠς
2934 4775 3270 4847 ἀσθενήσασι
3292 4779 3421 4850 περὶ
3440 4780 3540 4851 τὴν
3569 4781 3733 4834 ἴασιν·

2163 4864 2191 4914 6
2220 4852 2398 4918 τοίνυν
2433 4862 2638 4936 Κύριος
2670 4867 3047 4936 καταισχύνων
3076 4870 3259 4940 αὐτὸν,
3287 4873 3410 4925 ἐπεὶ
3441 4874 3738 4945 κατηγόρει

2165 4955 2275 5009 τῶν
2313 4955 2589 5026 μαθητῶν,
2625 4959 2787 5027 φησίν
2809 4972 2822 4987 ⁸
2861 4951 2931 5011 Ὦ
2956 4962 3116 5028 γενεὰ
3160 4964 3407 5028 ἀπιστοςο
3438 4968 3736 5031 τουτέστιν,

2167 5046 2243 5099 Ού
2275 5051 2372 5120 τῆς
2405 5048 2629 5103 ἐκείνων
2659 5050 2938 5115 ἀσθενείας
2956 5053 3210 5112 τοσοῦτον
3235 5057 3296 5111 τὸ
3320 5063 3590 5128 πταῖσμα,
3616 5061 3739 5115 ὅσον

2163 5137 2265 5207 τῆς
2319 5140 2419 5209 σῆς
2467 5140 2755 5207 ἀπιστίας·
2808 5145 2977 5216 πολλὴ
3025 5146 3134 5219 γὰρ
3180 5143 3337 5215 οὖσα,
3386 5151 3608 5223 ἐνίκησε
3640 5153 3739 5223 τὴν

2165 5229 2394 5282 ἐκείνων
2429 5230 2740 5304 σύμμετρον
2764 5235 3024 5304 δύναμινο
3058 5237 3136 5308 τῷ
3165 5238 3221 5291 δέ
3246 5239 3517 5313 ἀνθρώπῳ
3546 5244 3739 5297 ὀνειδί-

2165 5317 2295 5385 ζων,
2338 5323 2472 5374 πᾶσι
2522 5323 2716 5389 κοινῶς
2758 5326 3007 5393 ὀνειδίζει
3040 5329 3114 5392 ὡς
3143 5330 3455 5400 ἀπιστοῦσι,
3502 5335 3599 5387 καὶ
3624 5339 3737 5400 τοῖς

2162 5413 2555 5481 περιεστῶσιν·
2591 5416 2647 5467 ἐν
2664 5415 2721 5468 δὲ
2747 5417 2822 5488 τῷ
2852 5420 3201 5484 είπεῖν,Ἔως
3235 5423 3364 5476 πότε
3394 5425 3592 5497 ἔσομαι
3615 5428 3739 5496 μεθ’

2168 5502 2363 5575 ὑμῶνς
2399 5506 2635 5562 δείκνυσι
2666 5510 2946 5564 ἐπιποθεῖν
2972 5512 3030 5566 τὸ
3059 5515 3153 5568 ἐπὶ
3184 5514 3261 5587 τῷ
3293 5519 3511 5591 σταυρῷ
3541 5522 3737 5587 πάθος,

2170 5596 2263 5650 καὶ
2319 5596 2419 5668 τὴν
2471 5600 2565 5652 ἀπ’
2618 5602 2798 5657 αὐτῶν
2836 5604 3208 5678 ἀναχώρησιν.
3263 5609 3410 5675 Ἕως
3464 5612 3589 5665 πότε
3629 5616 3739 5683 γὰρ
