4078 6464
456 367 586 427 335

1342 367 1921 429 TllEOl'llYLACTl
1968 370 2378 431 BUI.G.\RI.E
2418 374 2774 434 ARClIlEP.

3618 385 3725 448 336

448 483 607 551 .ginti
655 482 769 536 dum
800 492 851 537 et
886 482 1101 540 ducenti
1143 494 1196 541 ct
1229 488 1570 558 septuaginta
1599 489 1789 543 tres”.
1818 489 1924 546 ιντο
1971 490 2052 545 his

2158 492 2250 544 δύο
2280 495 2373 545 καὶ
2400 492 2648 547 διακόσια
2674 493 3047 563 ἑϐδομήκοντα
3075 495 3168 547 καὶ
3200 493 3324 564 τρία
3350 511 3362 524 ·
3387 497 3509 550 ἀντί
3527 502 3728 553 τούτων

461 572 644 641 igitur
671 573 761 641 qui
797 585 955 629 erant
999 576 1136 631 ultra
1167 577 1363 631 tribum
1416 576 1567 645 Levi,
1600 590 1654 634 et
1710 580 2065 649 primogeniti'

480 674 657 729 erant,
690 665 932 720 decrevit
960 667 1096 724 Deus
1121 669 1233 723 dari
1259 669 1635 725 didraclnnutn
1659 673 2049 726 sacerdotibus.

479 756 618 812 llinc
639 760 802 829 igitur
824 756 963 814 facta
989 770 1071 814 est
1093 761 1421 817 consuetudo
1445 772 1502 817 ut
1527 763 1843 833 simpliciter
1863 779 2051 819 omnes

480 847 820 917 primogeniti
854 850 1152 917 penderent
1175 851 1576 918 didrachmum,
1602 854 1693 923 qni
1715 863 1798 908 est
1815 856 2054 924 quinque

470 940 622 1007 sicli,
677 941 778 995 hoc
828 952 912 997 est
950 941 1163 998 ducenti
1213 946 1376 1001 oboli.
1429 944 1581 1001 Unde
1637 947 1761 1016 quia
1796 946 2054 1001 Dominus

459 1033 871 1104 .primogenitus
898 1044 1035 1100 erat,
1065 1036 1332 1105 pendebat
1360 1048 1414 1092 et
1438 1038 1572 1107 ipse.
1605 1036 1841 1093 Reveriti
1873 1048 2049 1092 autent

482 1125 728 1180 fortassis
759 1123 1033 1182 Christum
1075 1136 1292 1194 propter
1339 1128 1597 1182 miracula
1627 1142 1747 1198 qua:
1776 1129 2046 1193 faciebat,

466 1230 587 1269 non
634 1215 780 1270 illum
828 1218 1184 1287 interrogant,
1224 1219 1316 1273 sed
1348 1217 1587 1282 Petrum,
1628 1221 1711 1275 vel
1755 1222 1932 1289 petitis
1960 1224 2055 1276 de-

465 1316 727 1375 ccptores
754 1316 934 1369 erant,
959 1308 1111 1376 quasi
1134 1307 1206 1361 ita
1238 1309 1482 1364 dicerent
1510 1328 1524 1362 :
1552 1308 1855 1379 Praeceptor
1877 1321 2055 1366 vester

484 1398 587 1466 legi
625 1397 951 1462 contrarius,
1005 1413 1132 1452 num
1189 1397 1241 1452 id
1294 1399 1526 1454 admittit.
1561 1411 1619 1455 nt
1654 1400 1926 1469 persolvat
1978 1400 2057 1454 di-

479 1492 775 1547 drachma?

555 1589 716 1643 Vsus.
748 1589 843 1654 Si,
872 1590 962 1645 25.
1001 1608 1019 1640 ι
1058 1588 1123 1642 Ει
1151 1603 1272 1643 cum
1299 1588 1570 1657 ingressus
1594 1587 1784 1641 fuisset
1810 1589 2051 1653 domum,

477 1683 736 1750 praevenit
785 1681 935 1739 illum
980 1680 1159 1745 Jesns,
1217 1680 1452 1734 dicens:
1494 1679 1634 1745 Quid
1672 1680 1767 1734 tibi
1818 1679 2048 1743 videtur,

478 1772 707 1828 Simon?
740 1771 908 1841 Reges
944 1782 1106 1828 terra:
1134 1787 1162 1825 a
1197 1773 1394 1842 quibus
1422 1771 1693 1841 accipiunt
1719 1772 1920 1825 tributa
1961 1777 2054 1824 aut

2155 583 2245 635 οὖν
2285 583 2393 637 τῶν
2426 585 2678 637 ἐπέκεινα
2705 586 2804 653 τῆς
2839 584 2930 637 τοῦ
2954 583 3086 637 Λευτ
3120 585 3295 655 φυλῆς
3319 585 3489 639 όντων
3511 605 3727 658 πρωτο-

2156 676 2347 740 τόκων,
2371 672 2572 743 ὥρισεν
2590 677 2616 727 6
2637 673 2766 737 Θεὸς
2782 674 2998 743 δοθῆναι
3017 674 3311 745 δίδραχμον
3334 679 3444 739 τοῖς
3467 678 3728 748 ἱερεῦσιν,

2161 770 2383 821 "Ex-cors
2424 768 2514 822 οὖν
2549 770 2738 837 γέγονε
2774 769 2927 834 ἔθος,
2964 769 3151 830 ἀπλὼς
3183 769 3391 833 πάντας
3416 771 3541 833 τοὺς
3579 788 3729 838 πρωο

2153 862 2408 924 τοτόκους
2465 861 2638 914 τελεῖν
2671 861 2733 914 τὸ
2771 861 3086 931 δίδραχμον,
3131 865 3158 916 ὅ
3187 865 3303 916 ἐστι
3338 864 3499 916 πέντε
3535 865 3730 929 σίκλο·,

2154 956 2323 1026 ἤγουν
2349 955 2612 1008 διακόσιοι
2639 954 2836 1009 ὀϐολοί.
2862 956 3017 1008 Ἐπεὶ
3048 953 3139 1011 οὖν
3173 958 3266 1010 καὶ
3298 958 3326 1009 6
3355 957 3559 1028 Κύριος
3586 974 3767 1031 πρωτ.

2154 1049 2372 1109 τότοκος
2412 1043 2503 1117 ἦν,
2560 1046 2733 1099 ἐτέλει
2787 1049 2881 1100 καὶ
2926 1048 3118 1111 αὐτός’
3156 1046 3463 1117 αἰδούμενοι
3502 1047 3557 1100 δὲ
3605 1048 3732 1110 ἴσως

2155 1141 2245 1192 τὶν
2298 1138 2534 1210 Χριστὸν
2587 1139 2675 1192 διὰ
2723 1138 2824 1201 τὰς
2850 1138 3316 1209 Θαυματουργίας,
3375 1140 3476 1192 οὐκ
3526 1141 3731 1198 ἐκεῖνον

2155 1230 2459 1303 ἐρωτῶσιν,
2494 1230 2631 1283 ἀλλὰ
2662 1230 2753 1284 τὸν
2790 1230 3015 1299 Πέτρον,
3065 1231 3097 1301 ἢ
3144 1231 3344 1300 μᾶλλον
3378 1229 3729 1301 πανούργως,

2155 1324 2354 1377 ὡσανεὶ
2385 1324 2636 1392 λέγοντες
2666 1323 2912 1387 τοιαῦτα,
2956 1323 3018 1375 '0
3047 1323 3319 1385 ἁντίθετος
3362 1321 3438 1391 τῷ
3466 1321 3618 1391 νόμῳ
3650 1320 3731 1372 δι-

2154 1417 2422 1480 δασκαλος
2477 1418 2654 1486 ὑμῶν,
2720 1412 2829 1485 ἆρα
2895 1414 3218 1482 κατεδέξατο
3275 1414 3449 1467 τελεῖν
3512 1413 3582 1469 τὰ
3652 1411 3734 1464 δί-

2151 1510 2406 1581 δραχμας

2231 1621 2251 1652 ι
2281 1601 2390 1653 Καὶ
2416 1602 2504 1654 ὅτε
2532 1599 2779 1671 εἰσῆλθεν
2807 1602 2887 1663 είς
2915 1600 3010 1670 τὴν
3028 1598 3226 1662 οἰκίαν,
3252 1597 3595 1668 προέφθασεν
3625 1594 3729 1647 αὖ.

2154 1695 2248 1748 τὸν
2282 1696 2311 1747 6
2348 1694 2575 1765 Ἰησοῦς,
2621 1694 2818 1761 λέγων’
2852 1693 2917 1745 Τί
2957 1709 3039 1746 σοι
3082 1694 3248 1758 δοκεῖ,
3281 1691 3497 1758 Σίμωνς
3535 1690 3600 1741 Oi
3630 1687 3732 1756 βα·

2158 1788 2324 1850 σιλεῖς
2372 1788 2472 1857 τῆς
2513 1787 2619 1856 γῆς
2653 1787 2762 1840 ἀπὸ
2791 1786 2955 1856 τίνων
2984 1785 3321 1856 λαμϐάνουσι
3352 1782 3478 1850 τέλη
3512 1780 3547 1850 ἢ
3599 1779 3733 1846 κῆν-

474 1864 734 1920 censum?
760 1882 789 1920 a
829 1866 949 1921 liliis
993 1865 1126 1932 suis,
1160 1881 1227 1919 an
1277 1865 1347 1919 ab
1402 1866 1632 1922 alienis?
1673 1866 1809 1920 Dicit
1841 1866 1912 1919 illi
1956 1866 2052 1919 Pe-

2158 1899 2284 1948 σον;
2331 1881 2438 1935 ἀπὸ
2483 1882 2593 1935 τῶν
2636 1880 2767 1933 υἱῶν
2802 1879 3003 1941 αὐτῶν,
3036 1879 3068 1948 ἢ
3106 1878 3213 1929 ἀπὸ
3245 1873 3355 1927 τῶν
3393 1872 3733 1941 ἀλλοτρίων;

479 1963 615 2019 trus,
665 1955 748 2011 Ab
799 1956 1008 2012 alienis.
1060 1958 1149 2011 Ait
1202 1956 1275 2011 illi
1321 1955 1502 2022 Jesus,
1561 1956 1701 2027 Ergo
1738 1957 1890 2012 liberi
1927 1965 2055 2012 sunt

483 2045 599 2104 lilii.
637 2067 656 2100 ι
695 2034 971 2118 Tanquam
1042 2048 1185 2104 Deus
1234 2050 1459 2114 sciebat,
1509 2051 1755 2119 quamvis
1789 2065 1895 2103 non
1951 2063 2051 2103 au-

477 2142 673 2209 dierat,
705 2142 834 2212 quid
865 2141 938 2196 illi
969 2140 1131 2197 locuti
1165 2141 1399 2197 fuissent
1429 2141 1498 2197 ad
1550 2141 1769 2196 Petrum
1801 2160 1814 2194 :
1847 2142 2050 2197 ideirco

478 2246 533 2292 et
573 2237 833 2307 przevenit
858 2251 1004 2301 eum,
1042 2237 1228 2292 dicens
1258 2252 1272 2290 :
1304 2235 1362 2290 Si
1395 2250 1548 2308 reges
1582 2247 1737 2292 terra:
1767 2251 1871 2289 non
1906 2236 2052 2289 acci-

480 2327 638 2397 piunt
667 2328 924 2385 tributum
955 2341 986 2382 a
1020 2326 1142 2381 [iliis
1168 2328 1304 2393 suis,
1335 2326 1428 2382 sed
1456 2328 1523 2382 ab
1549 2327 1760 2390 alienis,
1785 2328 2053 2396 quomodo

481 2419 744 2474 caelorum
775 2417 888 2475 Rex
913 2435 942 2472 a
973 2434 1059 2473 tne
1077 2418 1216 2479 Filio
1240 2435 1339 2475 suo
1370 2418 1598 2489 accipiet
1630 2418 2051 2474 didrachmum?

479 2511 594 2569 Hoc
623 2511 768 2567 ettim
798 2509 974 2582 (sicut
1000 2524 1163 2579 supra
1192 2507 1342 2581 dixi)
1372 2510 1744 2567 sacerdotibus
1771 2521 1823 2566 et
1854 2508 2050 2577 templo

483 2603 837 2657 tribuebatur.
874 2591 929 2656 Si
956 2610 1134 2656 autem
1168 2601 1321 2657 liberi
1358 2611 1484 2657 sunt
1518 2602 1610 2655 lilii
1641 2617 1924 2671 parvorum
1963 2595 2051 2655 r'e-

480 2711 627 2763 gum,
658 2694 864 2751 scilicet
913 2693 1044 2751 nihil
1073 2695 1461 2767 persolventes,
1501 2694 1669 2752 multo
1705 2694 1875 2766 magis
1923 2709 2049 2763 ego.

558 2993 719 3047 Vens.
758 2991 851 3047 26.
909 3009 930 3043 ι
978 2989 1173 3044 Verum
1205 3002 1269 3042 ne
1324 2988 1495 3042 simus
1556 2986 1660 3041 illis
1709 2984 2052 3051 ull'entlirulo,

482 3090 619 3141 vade
649 3086 713 3139 ad
743 3099 913 3150 mare,
943 3092 999 3138 et
1030 3082 1183 3137 mitte
1213 3081 1455 3146 hamum,
1491 3088 1547 3135 et
1574 3094 1697 3134 eum
1735 3080 1934 3146 piscem
1962 3080 2054 3149 qui

2154 1976 2318 2044 Λέγει
2332 1974 2480 2045 αὐτῷ
2501 1975 2529 2027 6
2553 1973 2775 2043 Πέτρος·
2793 1971 2925 2026 Ἀπὸ
2939 1971 3049 2024 τῶν
3071 1968 3385 2038 ἀλλοτρίων.
3412 1966 3556 2032 Ἰἷφη
3583 1961 3735 2031 αὐτῷ

2153 2069 2182 2121 6
2220 2067 2599 2137 Ἰησοῦς·“Λρα
2629 2081 2692 2133 γε
2721 2063 2994 2133 ἐλεύθεροί
3025 2064 3161 2115 εἰσιν
3190 2062 3240 2113 oi
3267 2057 3391 2111 υἱοί.
3418 2077 3435 2108 ι
3457 2055 3545 2117 Ὣς
3577 2055 3732 2114 θεὸς,

2155 2161 2331 2214 καίτοι
2387 2160 2461 2230 μὴ
2486 2160 2745 2223 ἀκούσας,
2778 2157 2894 2228 ᾔδει
2915 2156 2967 2208 τί
2993 2153 3345 2223 διελέχθησαν
3371 2151 3568 2203 ἐκεῖνοι
3595 2145 3736 2214 πρὸς

2153 2254 2245 2306 τὸν
2292 2251 2519 2322 Πέτρονσ
2558 2250 2639 2303 διὸ
2669 2250 2762 2301 καὶ
2798 2246 3103 2319 προφοάνει
3133 2242 3317 2304 αὐτὸν,
3348 2239 3549 2310 λέγων’
3592 2236 3658 2287 ιςὶ
3686 2234 3737 2284 οἱ

2156 2345 2394 2416 βασιλεῖς
2419 2344 2520 2414 τῆς
2543 2343 2646 2413 γῆς
2673 2343 2734 2395 οὐ
2766 2339 3107 2411 λαμϐάνουσι
3131 2336 3296 2404 φόρον
3328 2332 3437 2386 ἀπὸ
3466 2329 3577 2383 τῶν
3599 2327 3736 2379 υἱῶν

2152 2438 2351 2503 αὐτῶν,
2373 2435 2486 2489 ἀλλ’
2525 2436 2634 2489 ἀπὸ
2665 2435 2771 2488 τῶν
2820 2431 3138 2502 ἀλλοτρίων,
3172 2427 3290 2489 πῶς
3337 2426 3367 2478 6
3409 2419 3735 2491 ἐπουράνιος

2157 2532 2417 2595 Βασιλεὺς
2444 2530 2538 2584 ἀπ’
2570 2527 2704 2599 ἐμοῦ
2737 2525 2829 2580 τοῦ
2858 2523 2991 2577 Υἱοῦ
3022 2520 3187 2576 αὐτοῦ
3208 2518 3443 2588 λήψεται
3460 2514 3520 2567 τδ
3545 2513 3736 2581 δίδρα-

2155 2643 2292 2698 χμον
2317 2641 2331 2691 ;
2364 2621 2535 2677 Τοῦτο
2559 2622 2688 2691 γὰρ,
2712 2619 2805 2687 (ὡς
2830 2617 2966 2688 ἔφην
2994 2613 3127 2686 ἀνω)
3148 2615 3261 2676 τοῖς
3289 2609 3493 2680 ἱερεῦσι
3535 2606 3632 2659 καὶ
3657 2606 3736 2673 τῷ

2155 2721 2269 2790 ναῷ
2315 2718 2644 2790 προσήγετο.
2699 2715 2761 2767 Εἰ
2790 2712 2883 2766 οὖν
2921 2709 3199 2779 ἐλεύθεροί
3229 2708 3368 2758 εἰσιν
3395 2704 3443 2757 οἱ
3478 2702 3585 2755 υἱοὶ
3625 2700 3737 2752 τῶν

2155 2814 2307 2867 κάτω
2374 2811 2655 2883 βασιλέων,
2704 2808 2950 2861 τουτέστι
3013 2803 3178 2876 μηδὲν
3214 2799 3519 2863 τελοῦντες,
3576 2794 3735 2867 πόσῳ

2160 2907 2360 2980 μᾶλλον
2390 2904 2499 2974 ἐγώ
2517 2904 2529 2957 l

2234 3020 2252 3053 ι
2297 3000 2415 3054 Ἵνα
2461 2997 2517 3052 δὲ
2560 2996 2634 3068 μὴ
2679 2996 3124 3063 σκανδαλίσωμεν
3175 2992 3394 3055 αὐτοὺς,
3445 2988 3740 3061 πορευθεὶς

2159 3098 2237 3158 είς
2270 3095 2367 3165 τὴν
2402 3093 2676 3146 θάλασσαν
2711 3089 2837 3160 βάλε
2872 3089 3189 3157 ἄγκιστρον,
3216 3085 3311 3141 καὶ
3338 3086 3428 3139 τὶν
3453 3082 3740 3137 ἀναϐάντα

482 3178 744 3247 prodierit
778 3178 1005 3248 primus,
1036 3173 1182 3241 tolle,
1212 3184 1266 3229 ct
1312 3185 1500 3244 aperto
1544 3187 1641 3227 ore
1692 3172 1833 3227 illius
1891 3173 2052 3228 iure-

2163 3188 2376 3259 πρῶτον
2417 3186 2571 3258 ἰχθὺν
2620 3179 2753 3255 ἆρον
2777 3195 2791 3209 ⁸
2847 3181 2940 3233 καὶ
2977 3178 3195 3243 ἀνοίξας
3242 3176 3302 3230 τὸ
3334 3178 3507 3245 στόμα
3541 3172 3734 3235 αὑτοῦ,

479 3245 597 3322 nics
626 3245 882 3322 staterem
917 3283 931 3320 :
973 3264 1081 3337 93
1119 3264 1266 3319 illum
1324 3264 1547 3333 accipe,
1582 3273 1637 3317 et
1682 3263 1750 3318 da
1800 3263 1905 3318 illis
1956 3277 2052 3332 pro

2160 3245 2416 3343 εόρήσεις
2439 3245 2703 3341 ’στατῆρά
2728 3284 2743 3298 ⁸
2786 3270 2989 3321 ἐκεῖνον
3031 3265 3234 3330 λαϐὼν,
3273 3266 3362 3328 δὸς
3397 3265 3581 3326 αὐτοῖς
3614 3261 3739 3315 ἀντὶ

480 3374 567 3413 me
595 3372 646 3413 et
676 3371 748 3412 te.
792 3377 808 3408 ι
843 3355 921 3411 Ne
957 3367 1270 3425 reputemur
1292 3396 1307 3421 ,
1349 3355 1543 3424 inquit,
1576 3365 1972 3425 contemptores
2004 3365 2052 3411 et

2160 3365 2294 3435 ἐμοῦ
2346 3364 2439 3416 καὶ
2472 3362 2588 3416 σοῦ.
2634 3380 2650 3413 ι
2700 3362 2835 3425 Ἵνα,
2871 3359 3025 3429 φησι,
3065 3357 3139 3429 μὴ
3181 3355 3519 3427 λσγισθῶμεν
3557 3355 3736 3423 ὕπερ-

480 3453 831 3520 despeetores
854 3450 1006 3518 legis,
1046 3459 1099 3502 et
1129 3448 1488 3511 oﬂeudamus,
1534 3449 1597 3499 da
1635 3448 1743 3501 illis
1775 3447 2053 3504 tributunt.

485 3541 600 3597 Non
621 3544 765 3597 enim
801 3551 857 3597 ut
879 3541 1117 3595 debitum
1167 3541 1255 3605 do,
1292 3539 1386 3595 sed
1429 3548 1488 3594 ut
1517 3540 1731 3595 illorum
1773 3541 2056 3595 inﬁrmita-

484 3647 588 3689 tem
620 3635 911 3704 corrigam.
961 3632 1230 3687 Discimns
1258 3633 1400 3687 enim
1452 3631 1553 3689 hoc
1593 3634 1732 3695 loco.
1766 3634 1909 3703 quod
1948 3650 2071 3689 non.

478 3737 693 3794 Oportet
721 3725 1012 3789 ollemlere,
1050 3723 1140 3778 ubi
1176 3723 1380 3777 nullum
1405 3733 1489 3778 est
1511 3725 1790 3780 damnum.
1817 3722 1917 3780 Ubi
1956 3741 2054 3779 att-

479 3826 590 3872 tent
622 3818 880 3870 damnum
912 3815 1147 3883 patimur
1188 3814 1241 3869 in
1297 3829 1460 3884 opere
1514 3813 1712 3883 aliquo,
1767 3829 1872 3867 non
1928 3822 2054 3868 sunt

482 3910 704 3965 turandi
760 3909 850 3978 qui
911 3906 1283 3975 imprudenter
1334 3904 1701 3962 olfenduntur.
1777 3904 1848 3960 Ut
1892 3906 2054 3975 igitur

478 4001 724 4056 ostendat
763 4000 907 4072 quod
936 4000 1075 4054 Deus
1102 4001 1173 4053 sit
1192 4006 1246 4054 et
1276 3998 1439 4052 maris
1468 3999 1745 4063 Dominus,
1779 3998 1919 4052 misit
1952 3997 2051 4052 Pe-

482 4104 622 4145 trum
675 4091 949 4145 tollentem
994 4098 1249 4145 staterem
1298 4104 1366 4143 ex
1392 4101 1489 4143 ore
1539 4087 1721 4155 piscis.
1766 4087 2048 4147 Disca-nus

482 4188 568 4239 hic
591 4193 643 4238 ct
676 4184 964 4254 tnyterium
1012 4182 1308 4251 quoddam.
1332 4181 1527 4235 Nostra
1560 4182 1706 4234 enitn
1738 4192 1930 4234 natura
1965 4190 2051 4235 est

484 4277 646 4345 piscis
673 4276 726 4327 in
756 4273 1021 4342 proinndo
1047 4272 1441 4328 incredulitatis
1468 4287 1683 4328 mersa:
1711 4274 1805 4326 sed
1828 4283 2049 4342 aposto-

484 4368 620 4419 licus
656 4379 836 4419 sermo
868 4364 1102 4416 extrahit
1133 4379 1249 4425 nos,
1296 4371 1351 4416 ct
1391 4362 1446 4415 in
1479 4377 1573 4415 ore
1613 4372 1797 4417 nostro
1848 4363 2052 4417 invenit

484 4466 762 4520 staterem,
792 4455 1002 4525 eloquia
1033 4453 1266 4520 Domini,
1314 4464 1369 4509 et
1412 4452 1800 4510 confessionem
1827 4455 2048 4511 Christi.

2165 3459 2329 3512 όπται
2360 3457 2453 3509 καὶ
2500 3455 2907 3523 καταφρονηταὶ
2952 3451 3047 3504 τοῦ
3090 3452 3276 3519 νόμου,
3306 3448 3399 3501 καὶ
3444 3446 3736 3499 σκανδαλί-

2160 3566 2362 3614 σωμεν,
2412 3546 2499 3610 δὸς
2547 3546 2610 3598 τὸ
2654 3545 2839 3607 τέλοςε
2890 3542 2951 3596 οὐ
2981 3542 3091 3612 γὰρ
3134 3542 3209 3603 ὡς
3237 3539 3467 3609 ὀφείλων
3515 3538 3734 3606 δίδωμι,

2158 3640 2274 3695 ἀλλ’
2306 3641 2378 3701 ὡς
2414 3640 2514 3709 τὴν
2541 3637 2767 3690 ἐκείνων
2801 3634 3089 3688 ἀσθένειαν
3138 3631 3544 3703 διορθούμενος.
3576 3632 3734 3689 Μαν-

2158 3732 2389 3799 θάνομεν
2424 3729 2534 3800 γὰρ
2559 3725 2828 3792 ἐντεῦθεν,
2856 3727 2935 3779 ὃτι
2972 3725 3033 3777 οὗ
3063 3725 3145 3778 δεῖ
3173 3721 3573 3786 σκανδαλίζειν,
3601 3718 3735 3771 ἔνθα

2162 3824 2238 3894 μὴ
2281 3819 2667 3895 βλαπτόμεθα*
2719 3817 2846 3871 ἔνθα
2876 3817 2987 3888 γὰρ
3038 3812 3385 3885 βλαπτόμθα
3430 3809 3538 3864 ἀπὸ
3569 3809 3732 3883 ἔργου

2157 3916 2324 3982 τινὸς,
2367 3915 2427 3967 οὐ
2475 3913 2557 3967 δεῖ
2600 3910 2907 3983 φροντίζειν
2960 3902 3067 3961 τῶν
3114 3907 3325 3974 ἀλόγως
3380 3902 3732 3965 σκανδαλίζο-

2163 4008 2365 4080 μένων.
2384 4007 2505 4061 ’Ἰνα
2533 4005 2713 4059 τοίνυν
2746 4002 2915 4075 δείξῃ,
2937 4003 3017 4056 δτι
3046 4000 3177 4063 Θεός
3205 4001 3342 4064 ἐστι,
3380 4000 3472 4051 καὶ
3502 3996 3601 4066 τῆς
3631 3996 3734 4048 Dav

2159 4101 2367 4170 λάσσης
2419 4096 2660 4170 κρατῶν,
2712 4093 3001 4150 ἀπέστειλε
3028 4092 3120 4146 τὸν
3154 4092 3361 4161 Πέτρον
3400 4089 3598 4155 ἄξοντα
3641 4090 3733 4139 τὶν

2160 4191 2406 4261 στατῆρα
2456 4192 2520 4242 ἐκ
2550 4187 2642 4242 τοῦ
2698 4186 2879 4257 ίχθὺος
2905 4203 2918 4217 ⁸
2968 4185 3086 4255 ἅμα
3128 4183 3184 4237 δὲ
3219 4183 3311 4235 καὶ
3349 4177 3648 4250 μυστήριόν
3677 4194 3731 4230 τι

2164 4282 2507 4351 μανθάνομεν
2528 4297 2542 4312 ο
2581 4283 2615 4351 ἡ
2648 4279 2892 4350 ἡμετέρα
2921 4277 3028 4347 γὰρ
3057 4277 3216 4346 φύσις
3238 4274 3383 4328 ἔστιν
3410 4274 3438 4325 ό
3470 4272 3640 4341 ἰχθὺς,
3672 4270 3731 4319 ἐν

2162 4374 2308 4446 βυθῷ
2338 4373 2598 4435 ἀπιστίας
2640 4369 3016 4441 βαπτισθείσα,
3055 4366 3169 4422 ἀλλ’
3194 4367 3224 4418 6
3252 4363 3607 4424 ἀποστολικδς
3647 4360 3733 4412 λό-

2158 4484 2254 4536 γος
2283 4465 2596 4520 ἀνείλκυσεν
2631 4463 2797 4533 ἡμᾶς,
2835 4462 2929 4516 καὶ
2954 4461 3011 4512 ἔν
3039 4459 3117 4529 τῷ
3149 4457 3377 4528 στόματι
3408 4454 3565 4525 ἡμῶν
3604 4447 3730 4519 εὗρε

479 4548 617 4603 Nam
657 4549 746 4618 qui
780 4548 1052 4615 Christum
1077 4549 1384 4613 conﬁtetur,
1421 4547 1466 4603 is
1499 4554 1755 4603 staterem
1792 4548 1950 4602 habet
2001 4548 2052 4602 in

2160 4560 2252 4612 τὸν
2280 4556 2546 4626 στατῆρα,
2580 4555 2648 4607 τὰ
2686 4554 2842 4621 λόγια
2874 4551 2968 4605 τοῦ
3011 4550 3251 4620 Κυρίου,
3278 4548 3374 4601 καὶ
3398 4547 3496 4616 τὴν
3534 4544 3732 4613 ὁμολο-

482 4657 600 4707 orc,
635 4654 890 4696 staterem
941 4640 1047 4695 duo
1091 4640 1405 4695 didrachma
1464 4648 1779 4695 tenentem:
1827 4642 1952 4710 quia
1992 4652 2046 4695 et

488 4735 736 4786 tito-istos
762 4734 892 4785 duas
945 4740 1169 4784 naturas
1218 4730 1398 4796 habet,
1457 4729 1616 4782 homo
1668 4729 1939 4784 exsistens
1992 4746 2055 4785 ac

488 4824 646 4884 lleus.
684 4822 781 4876 llic
808 4821 970 4891 igitur
1005 4828 1175 4876 stater
1205 4821 1361 4875 datus
1400 4831 1487 4876 est
1522 4821 1768 4877 Christus
1797 4835 1893 4890 pro
1921 4823 2053 4875 duo-

486 4919 604 4981 lms,
642 4929 737 4974 pro
762 4912 961 4969 Judaeis
988 4923 1041 4969 et
1086 4912 1354 4982 gentibus,
1397 4928 1495 4983 pro
1516 4914 1679 4983 justis
1719 4924 1767 4967 et
1801 4922 2052 4981 peccato-

484 5011 653 5063 ribus.
680 5006 834 5073 Quod
867 5007 994 5059 siet
1050 5019 1273 5061 avarum
1323 5006 1631 5074 quempiam
1672 5005 1871 5059 videris
1918 5001 2050 5057 nihil

482 5101 626 5161 aliud
659 5100 942 5158 habentem
976 5100 1029 5152 in
1075 5112 1193 5162 ore,
1241 5095 1349 5150 nisi
1396 5113 1585 5151 aurum
1637 5108 1692 5151 et
1748 5104 2051 5163 argentum,

486 5200 626 5247 hunc
653 5194 787 5246 habe
813 5206 911 5260 pro
942 5192 1108 5259 pisce,
1145 5191 1199 5242 in
1227 5187 1361 5241 mari
1396 5186 1553 5253 hujus
1581 5187 1704 5241 vita:
1733 5196 2006 5240 natantem
2038 5204 2052 5238 :

484 5294 537 5337 at
568 5282 654 5336 ubi
687 5282 941 5335 inventus
971 5280 1133 5334 fuerit
1164 5284 1488 5347 praeceptor,
1514 5277 1691 5345 qualis
1717 5276 1930 5339 Petrus,
1961 5276 2053 5346 qui

485 5380 661 5432 mittat
693 5377 909 5430 hamum
941 5377 994 5430 in
1025 5387 1208 5440 nare,
1255 5372 1302 5427 is
1331 5373 1523 5441 eripiet
1556 5386 1620 5424 ex
1655 5386 1751 5426 ore
1787 5370 1927 5425 illius
1964 5360 2059 5425 ἒιιι-

482 5488 603 5527 rnm
636 5482 686 5526 et
711 5481 1016 5541 argentum.
1052 5472 1321 5525 Stateretn
1352 5469 1570 5537 quidam
1604 5474 1794 5536 putant
1827 5468 2055 5536 lapidem

480 5566 777 5635 pretiosum
810 5564 861 5617 in
896 5561 1075 5634 Syria,
1103 5563 1176 5617 illi
1209 5563 1493 5627 tributum,
1527 5560 1617 5614 alii
1643 5576 1772 5616 vero
1804 5571 2052 5629 quartam

483 5664 689 5727 partem
714 5654 1073 5710 numismatis.

2159 4649 2285 4718 γίαν
2327 4649 2422 4701 τοῦ
2462 4645 2730 4717 Χριστοῦο
2778 4644 2944 4713 διγᾶρ
2972 4642 3247 4711 ὁμολογῶν
3300 4640 3394 4692 τὸν
3451 4635 3723 4707 Χριστὸν,

2161 4743 2365 4802 ἐκεῖνος
2398 4739 2512 4808 ἔχει
2536 4737 2627 4791 τὸν
2654 4738 2818 4803 στατῆ
2829 4753 2896 4805 ρα
2919 4739 2976 4790 ἐν
2996 4734 3072 4805 τῷ
3095 4735 3345 4802 στόματι,
3372 4729 3617 4799 στατῆρα
3639 4728 3730 4780 δύο

2158 4830 2433 4901 δίδραχμα
2482 4829 2736 4882 ἕλκοντα.
2777 4827 2929 4879 Ἐπεὶ
2968 4829 3060 4878 καὶ
3087 4829 3115 4879 6
3144 4824 3376 4893 Χριστὸς
3408 4822 3501 4875 δύο
3541 4819 3731 4889 φύσεις

2161 4922 2297 4992 ἔχει,
2339 4921 2472 4983 Θεὸς
2509 4923 2603 4974 καὶ
2648 4919 2931 4989 ἄνθρωπος
2971 4917 3066 4972 ὢν.
3100 4911 3267 4978 Οὗτος
3293 4914 3385 4968 οὖν
3420 4915 3447 4966 6
3471 4914 3677 4979 στατὴρ
3702 4912 3729 4962 6

2160 5013 2422 5083 Χριστὸς,
2457 5011 2613 5081 ἐδόθη
2648 5011 2788 5081 ὑπὲρ
2816 5010 2929 5076 δύο,
2963 5010 3105 5085 ὑπὲρ
3145 5007 3412 5062 Ἰουδαίων
3448 5007 3542 5060 καῖ
3592 5004 3731 5057 ἐθνι-

2160 5106 2293 5169 κῶν,
2322 5105 2418 5158 καὶ
2445 5104 2585 5175 ὑπὲρ
2611 5104 2836 5156 δικαίων
2874 5101 2967 5155 καὶ
2992 5097 3333 5171 ἁμαρτωλῶν
3354 5115 3367 5129 ’
3398 5100 3527 5152 ὅταν
3554 5097 3612 5150 δὲ
3640 5110 3732 5148 και

2158 5214 2282 5251 τινα
2305 5197 2419 5267 ἴδῃς
2444 5195 2798 5265 φιλάργυρον,
2822 5194 2976 5247 οὐδὲν
2994 5193 3121 5248 ἀλλο
3138 5192 3330 5261 ἔχοντα
3351 5191 3440 5244 διὰ
3468 5190 3733 5258 στόματος

2142 5290 2210 5340 ἐί
2244 5288 2318 5357 μὴ
2352 5288 2576 5358 χρυσίον
2615 5288 2709 5339 καὶ
2755 5286 3039 5358 ἀργύριον,
3084 5283 3275 5337 τοῦτον
3322 5283 3553 5352 γίνωσκε
3595 5274 3734 5335 εἷνέι

2164 5378 2335 5447 ἰχθὺν,
2384 5382 2442 5432 ὲν
2492 5380 2558 5449 τῇ
2596 5375 2841 5448 θαλάσσῃ
2887 5376 2980 5430 τοῦ
3028 5376 3145 5447 βίου
3180 5376 3506 5446 νηχόμενον·
3548 5373 3641 5424 ἐὰν
3676 5370 3732 5421 δὲ

2162 5468 2363 5541 εὑρεθῇ
2414 5486 2497 5530 τις
2551 5466 2867 5530 διδάσκαλος
2911 5467 3053 5520 κατὰ
3103 5467 3330 5537 Πέτρον,
3379 5460 3733 5531 ἀγκιστρεύει

2161 5560 2370 5626 τοῦτον,
2423 5562 2516 5613 καὶ
2567 5559 2817 5613 ἐκϐάλλει
2868 5558 2975 5613 ἀπὸ
3027 5557 3119 5611 τοῦ
3165 5557 3431 5627 στόματος
3475 5551 3641 5607 αὐτοῦ
3679 5552 3732 5603 τὸ

2162 5652 2385 5722 χρυσίον
2409 5651 2501 5703 καὶ
2529 5649 2589 5702 τὸ
2614 5648 2896 5719 ἀργύριον.
2926 5647 3177 5719 Στατῆρα
3206 5646 3262 5702 δέ
3286 5666 3427 5712 τινες
3455 5646 3733 5719 νομίζουσι

485 5751 632 5807 λίθον
667 5749 962 5819 πολύτιμον
997 5750 1384 5822 εὑρισκόμενον
1409 5747 1549 5803 κατὰ
1600 5747 1799 5819 Συρίαν
1824 5763 1835 5776 ’
1875 5749 1921 5800 ei
1974 5747 2065 5812 δὲ,
2102 5747 2336 5816 ἐξάγιον,
2364 5749 2621 5817 τέταρτον
2651 5746 3002 5816 νομίσματος.

564 5866 611 5905 ⁸⁸
636 5862 793 5923 Num.
830 5880 915 5934 nt,
944 5866 1029 5934 l7,
1064 5880 1185 5936 sqq.
