  <div class='ocr_page' id='page_1' title='image "/cluster/home/n/w/nwhite01/storage/ocr_20150623/123/hvd.32044019208198/178.png"; bbox 0 0 4078 6464; ppageno 0'>
   <div class='ocr_carea' id='block_1_1' title="bbox 339 315 438 373">
    <p class='ocr_par' dir='ltr' id='par_1_1' title="bbox 339 315 438 373">
     <span class='ocr_line' id='line_1_1' title="bbox 339 315 438 373; baseline 0.02 -2"><span class='ocrx_word' id='word_1_1' title='bbox 339 315 438 373; x_wconf 58' lang='grc'><strong>341</strong></span> 
     </span>
    </p>
   </div>
   <div class='ocr_carea' id='block_1_2' title="bbox 908 284 1945 383">
    <p class='ocr_par' dir='ltr' id='par_1_2' title="bbox 908 311 1945 381">
     <span class='ocr_line' id='line_1_2' title="bbox 908 311 1945 381; baseline 0.01 -11"><span class='ocrx_word' id='word_1_2' title='bbox 908 311 1349 374; x_wconf 68' lang='lat' dir='ltr'><strong>ENARliATlO</strong></span> <span class='ocrx_word' id='word_1_3' title='bbox 1394 315 1471 376; x_wconf 75' lang='lat' dir='ltr'><strong>IN</strong></span> <span class='ocrx_word' id='word_1_4' title='bbox 1514 312 1945 381; x_wconf 77' lang='lat' dir='ltr'><strong>EVANGELIU</strong></span> 
     </span>
    </p>
   </div>
   <div class='ocr_carea' id='block_1_3' title="bbox 2051 284 2985 383">
    <p class='ocr_par' dir='ltr' id='par_1_3' title="bbox 2051 284 2985 383">
     <span class='ocr_line' id='line_1_3' title="bbox 2051 284 2985 383; baseline 0 -3"><span class='ocrx_word' id='word_1_5' title='bbox 2051 312 2428 383; x_wconf 63' lang='lat' dir='ltr'><strong>atumat.</strong></span> <span class='ocrx_word' id='word_1_6' title='bbox 2468 345 2536 355; x_wconf 92' lang='lat'><strong>—</strong></span> <span class='ocrx_word' id='word_1_7' title='bbox 2564 284 2725 381; x_wconf 57' lang='lat' dir='ltr'><strong>an».</strong></span> <span class='ocrx_word' id='word_1_8' title='bbox 2767 312 2985 381; x_wconf 74' lang='lat' dir='ltr'><strong>Xvut.</strong></span> 
     </span>
    </p>
   </div>
   <div class='ocr_carea' id='block_1_4' title="bbox 3506 306 3613 378">
    <p class='ocr_par' dir='ltr' id='par_1_4' title="bbox 3506 306 3613 378">
     <span class='ocr_line' id='line_1_4' title="bbox 3506 306 3613 378; baseline 0.009 -1"><span class='ocrx_word' id='word_1_9' title='bbox 3506 306 3613 378; x_wconf 55' lang='lat'><strong>3&amp;2</strong></span> 
     </span>
    </p>
   </div>
   <div class='ocr_carea' id='block_1_5' title="bbox 340 417 1945 498">
    <p class='ocr_par' dir='ltr' id='par_1_5' title="bbox 340 417 1921 494">
     <span class='ocr_line' id='line_1_5' title="bbox 340 417 1921 494; baseline 0.008 -24"><span class='ocrx_word' id='word_1_10' title='bbox 340 419 483 470; x_wconf 74' lang='grc' dir='ltr'>εἰσιν</span> <span class='ocrx_word' id='word_1_11' title='bbox 513 418 708 471; x_wconf 79' lang='grc' dir='ltr'>οἶκεῖοι·</span> <span class='ocrx_word' id='word_1_12' title='bbox 733 417 811 488; x_wconf 82' lang='grc' dir='ltr'>τῷ</span> <span class='ocrx_word' id='word_1_13' title='bbox 838 419 976 487; x_wconf 80' lang='grc' dir='ltr'>Θεῷ,</span> <span class='ocrx_word' id='word_1_14' title='bbox 1009 418 1150 474; x_wconf 80' lang='grc' dir='ltr'>ὥστε</span> <span class='ocrx_word' id='word_1_15' title='bbox 1186 423 1247 476; x_wconf 79' lang='grc' dir='ltr'><strong>τὸ</strong></span> <span class='ocrx_word' id='word_1_16' title='bbox 1285 425 1576 494; x_wconf 88' lang='grc' dir='ltr'>πρόσωπον</span> <span class='ocrx_word' id='word_1_17' title='bbox 1619 427 1782 481; x_wconf 86' lang='grc' dir='ltr'><strong>αύτοῦ</strong></span> <span class='ocrx_word' id='word_1_18' title='bbox 1833 429 1921 483; x_wconf 82' lang='grc' dir='ltr'>διὰ</span> 
     </span>
    </p>
   </div>
   <div class='ocr_carea' id='block_1_6' title="bbox 2051 417 3612 498">
    <p class='ocr_par' dir='ltr' id='par_1_6' title="bbox 2051 425 3612 498">
     <span class='ocr_line' id='line_1_6' title="bbox 2051 425 3612 498; baseline 0.001 -18"><span class='ocrx_word' id='word_1_19' title='bbox 2051 439 2255 485; x_wconf 87' lang='lat' dir='ltr'><strong>.tantes.</strong></span> <span class='ocrx_word' id='word_1_20' title='bbox 2304 429 2542 498; x_wconf 79' lang='lat' dir='ltr'><strong>Apparet</strong></span> <span class='ocrx_word' id='word_1_21' title='bbox 2572 439 2748 484; x_wconf 84' lang='lat' dir='ltr'><strong>autem</strong></span> <span class='ocrx_word' id='word_1_22' title='bbox 2791 444 2856 484; x_wconf 82' lang='lat' dir='ltr'><strong>ex</strong></span> <span class='ocrx_word' id='word_1_23' title='bbox 2901 429 3035 495; x_wconf 90' lang='lat' dir='ltr'><strong>hoc,</strong></span> <span class='ocrx_word' id='word_1_24' title='bbox 3069 427 3212 497; x_wconf 80' lang='lat' dir='ltr'><strong>quod</strong></span> <span class='ocrx_word' id='word_1_25' title='bbox 3261 425 3384 480; x_wconf 86' lang='lat' dir='ltr'><strong>licet</strong></span> <span class='ocrx_word' id='word_1_26' title='bbox 3423 442 3612 482; x_wconf 85' lang='lat' dir='ltr'><strong>omnes</strong></span> 
     </span>
    </p>
   </div>
   <div class='ocr_carea' id='block_1_7' title="bbox 340 508 1926 589">
    <p class='ocr_par' dir='ltr' id='par_1_7' title="bbox 340 508 1926 589">
     <span class='ocr_line' id='line_1_7' title="bbox 340 508 1926 589; baseline 0.01 -30"><span class='ocrx_word' id='word_1_27' title='bbox 340 508 539 572; x_wconf 77' lang='grc' dir='ltr'>παντὸς</span> <span class='ocrx_word' id='word_1_28' title='bbox 566 510 786 581; x_wconf 82' lang='grc' dir='ltr'>όρῶσιν,</span> <span class='ocrx_word' id='word_1_29' title='bbox 811 509 1121 583; x_wconf 78' lang='grc' dir='ltr'>ἔμπροσθεν</span> <span class='ocrx_word' id='word_1_30' title='bbox 1144 513 1307 568; x_wconf 86' lang='grc' dir='ltr'>αύτοῦ</span> <span class='ocrx_word' id='word_1_31' title='bbox 1341 517 1638 589; x_wconf 78' lang='grc' dir='ltr'><strong>ἱστάμενοι.</strong></span> <span class='ocrx_word' id='word_1_32' title='bbox 1671 520 1926 575; x_wconf 79' lang='grc' dir='ltr'>Φαίνεται</span> 
     </span>
    </p>
   </div>
   <div class='ocr_carea' id='block_1_8' title="bbox 298 595 1922 687">
    <p class='ocr_par' dir='ltr' id='par_1_8' title="bbox 298 595 1922 687">
     <span class='ocr_line' id='line_1_8' title="bbox 298 595 1922 687; baseline 0.009 -39"><span class='ocrx_word' id='word_1_33' title='bbox 337 595 391 649; x_wconf 70' lang='grc' dir='ltr'>δὲ</span> <span class='ocrx_word' id='word_1_34' title='bbox 405 599 470 648; x_wconf 78' lang='grc' dir='ltr'><strong>ἐκ</strong></span> <span class='ocrx_word' id='word_1_35' title='bbox 496 596 720 664; x_wconf 79' lang='grc' dir='ltr'>τούτου,</span> <span class='ocrx_word' id='word_1_36' title='bbox 738 598 821 653; x_wconf 85' lang='grc' dir='ltr'>ὅτι</span> <span class='ocrx_word' id='word_1_37' title='bbox 849 600 898 652; x_wconf 86' lang='grc' dir='ltr'><strong>εί</strong></span> <span class='ocrx_word' id='word_1_38' title='bbox 925 601 1020 654; x_wconf 76' lang='grc' dir='ltr'><strong>καὶ</strong></span> <span class='ocrx_word' id='word_1_39' title='bbox 1043 602 1243 667; x_wconf 81' lang='grc' dir='ltr'>πάντες</span> <span class='ocrx_word' id='word_1_40' title='bbox 1264 604 1532 675; x_wconf 76' lang='grc' dir='ltr'><strong>ἀγγέλους</strong></span> <span class='ocrx_word' id='word_1_41' title='bbox 1560 608 1777 680; x_wconf 69' lang='grc' dir='ltr'>ἔχομεν,</span> <span class='ocrx_word' id='word_1_42' title='bbox 1805 611 1922 664; x_wconf 82' lang='grc' dir='ltr'>ἀλλ’</span> 
     </span>
    </p>
   </div>
   <div class='ocr_carea' id='block_1_9' title="bbox 296 687 1923 771">
    <p class='ocr_par' dir='ltr' id='par_1_9' title="bbox 296 687 1923 771">
     <span class='ocr_line' id='line_1_9' title="bbox 296 687 1923 771; baseline 0.012 -34"><span class='ocrx_word' id='word_1_43' title='bbox 296 760 301 771; x_wconf 38' lang='grc'><strong><em>⁸</em></strong></span> <span class='ocrx_word' id='word_1_44' title='bbox 336 689 382 739; x_wconf 89' lang='grc' dir='ltr'><strong>οῖ</strong></span> <span class='ocrx_word' id='word_1_45' title='bbox 410 687 523 739; x_wconf 90' lang='grc' dir='ltr'><strong>τῶν</strong></span> <span class='ocrx_word' id='word_1_46' title='bbox 568 689 916 760; x_wconf 74' lang='grc' dir='ltr'>ἁμαρτωλῶν</span> <span class='ocrx_word' id='word_1_47' title='bbox 946 693 1168 762; x_wconf 81' lang='grc' dir='ltr'>ἄγγελοι</span> <span class='ocrx_word' id='word_1_48' title='bbox 1203 695 1391 768; x_wconf 83' lang='grc' dir='ltr'>ὥσπερ</span> <span class='ocrx_word' id='word_1_49' title='bbox 1417 701 1802 771; x_wconf 79' lang='grc' dir='ltr'>αἰσχυνόμενοι</span> <span class='ocrx_word' id='word_1_50' title='bbox 1833 700 1923 757; x_wconf 79' lang='grc' dir='ltr'>διὰ</span> 
     </span>
    </p>
   </div>
   <div class='ocr_carea' id='block_1_10' title="bbox 336 778 1925 864">
    <p class='ocr_par' dir='ltr' id='par_1_10' title="bbox 336 778 1925 864">
     <span class='ocr_line' id='line_1_10' title="bbox 336 778 1925 864; baseline 0.008 -31"><span class='ocrx_word' id='word_1_51' title='bbox 336 778 396 833; x_wconf 73' lang='grc' dir='ltr'>τὸ</span> <span class='ocrx_word' id='word_1_52' title='bbox 422 779 587 850; x_wconf 80' lang='grc' dir='ltr'>ἡμῶν</span> <span class='ocrx_word' id='word_1_53' title='bbox 614 781 1082 854; x_wconf 69' lang='grc' dir='ltr'>ἀπαρρησίαστον,</span> <span class='ocrx_word' id='word_1_54' title='bbox 1108 787 1226 841; x_wconf 79' lang='grc' dir='ltr'>οὐδὲ</span> <span class='ocrx_word' id='word_1_55' title='bbox 1243 788 1396 843; x_wconf 74' lang='grc' dir='ltr'>αὐτοὶ</span> <span class='ocrx_word' id='word_1_56' title='bbox 1414 791 1593 862; x_wconf 84' lang='grc' dir='ltr'>ἔχουσι</span> <span class='ocrx_word' id='word_1_57' title='bbox 1610 793 1925 864; x_wconf 74' lang='grc' dir='ltr'>παρῤησὶαν</span> 
     </span>
    </p>
   </div>
   <div class='ocr_carea' id='block_1_11' title="bbox 337 869 1923 953">
    <p class='ocr_par' dir='ltr' id='par_1_11' title="bbox 337 869 1923 953">
     <span class='ocr_line' id='line_1_11' title="bbox 337 869 1923 953; baseline 0.01 -33"><span class='ocrx_word' id='word_1_58' title='bbox 337 869 467 939; x_wconf 77' lang='grc' dir='ltr'>όρᾷν</span> <span class='ocrx_word' id='word_1_59' title='bbox 490 870 557 923; x_wconf 72' lang='grc' dir='ltr'>τὸ</span> <span class='ocrx_word' id='word_1_60' title='bbox 588 870 880 941; x_wconf 83' lang='grc' dir='ltr'>πρόσωπον</span> <span class='ocrx_word' id='word_1_61' title='bbox 910 873 1005 927; x_wconf 80' lang='grc' dir='ltr'>τοῦ</span> <span class='ocrx_word' id='word_1_62' title='bbox 1047 876 1207 944; x_wconf 81' lang='grc' dir='ltr'>Θεοῦ,</span> <span class='ocrx_word' id='word_1_63' title='bbox 1243 879 1340 932; x_wconf 70' lang='grc' dir='ltr'>καὶ</span> <span class='ocrx_word' id='word_1_64' title='bbox 1365 880 1582 934; x_wconf 77' lang='grc' dir='ltr'>δέεσθαι</span> <span class='ocrx_word' id='word_1_65' title='bbox 1610 882 1749 951; x_wconf 82' lang='grc' dir='ltr'>τάχα</span> <span class='ocrx_word' id='word_1_66' title='bbox 1780 883 1923 953; x_wconf 81' lang='grc' dir='ltr'>ὑπὲρ</span> 
     </span>
    </p>
   </div>
   <div class='ocr_carea' id='block_1_12' title="bbox 338 960 1924 1046">
    <p class='ocr_par' dir='ltr' id='par_1_12' title="bbox 338 960 1924 1046">
     <span class='ocr_line' id='line_1_12' title="bbox 338 960 1924 1046; baseline 0.01 -34"><span class='ocrx_word' id='word_1_67' title='bbox 338 960 495 1030; x_wconf 74' lang='grc' dir='ltr'>ἡμῶν</span> <span class='ocrx_word' id='word_1_68' title='bbox 523 977 541 993; x_wconf 74' lang='grc'><strong><em>⁸</em></strong></span> <span class='ocrx_word' id='word_1_69' title='bbox 581 964 632 1016; x_wconf 78' lang='grc' dir='ltr'>οἱ</span> <span class='ocrx_word' id='word_1_70' title='bbox 678 964 733 1018; x_wconf 80' lang='grc' dir='ltr'>δὲ</span> <span class='ocrx_word' id='word_1_71' title='bbox 780 966 891 1019; x_wconf 87' lang='grc' dir='ltr'><strong>τῶν</strong></span> <span class='ocrx_word' id='word_1_72' title='bbox 943 971 1536 1041; x_wconf 81' lang='grc' dir='ltr'>ταπεινοφρονούντων,</span> <span class='ocrx_word' id='word_1_73' title='bbox 1565 965 1714 1027; x_wconf 77' lang='grc' dir='ltr'>οὗτοι</span> <span class='ocrx_word' id='word_1_74' title='bbox 1756 975 1924 1046; x_wconf 82' lang='grc' dir='ltr'>ὁρῶσι</span> 
     </span>
    </p>
   </div>
   <div class='ocr_carea' id='block_1_13' title="bbox 338 1053 1923 1137">
    <p class='ocr_par' dir='ltr' id='par_1_13' title="bbox 338 1053 1923 1137">
     <span class='ocr_line' id='line_1_13' title="bbox 338 1053 1923 1137; baseline 0.009 -32"><span class='ocrx_word' id='word_1_75' title='bbox 338 1053 398 1105; x_wconf 76' lang='grc' dir='ltr'>τὸ</span> <span class='ocrx_word' id='word_1_76' title='bbox 434 1053 585 1109; x_wconf 86' lang='grc' dir='ltr'>θεῖον</span> <span class='ocrx_word' id='word_1_77' title='bbox 612 1058 933 1128; x_wconf 80' lang='grc' dir='ltr'>πρόσωπον,</span> <span class='ocrx_word' id='word_1_78' title='bbox 967 1060 1057 1114; x_wconf 87' lang='grc' dir='ltr'>διὰ</span> <span class='ocrx_word' id='word_1_79' title='bbox 1093 1062 1155 1115; x_wconf 76' lang='grc' dir='ltr'><strong>τὸ</strong></span> <span class='ocrx_word' id='word_1_80' title='bbox 1188 1062 1333 1133; x_wconf 77' lang='grc' dir='ltr'>ἔχειν</span> <span class='ocrx_word' id='word_1_81' title='bbox 1359 1066 1694 1137; x_wconf 70' lang='grc' dir='ltr'>παρρησίαν.</span> <span class='ocrx_word' id='word_1_82' title='bbox 1727 1068 1836 1120; x_wconf 68' lang='grc' dir='ltr'>Καὶ</span> <span class='ocrx_word' id='word_1_83' title='bbox 1868 1067 1923 1120; x_wconf 88' lang='grc' dir='ltr'><strong>τί</strong></span> 
     </span>
    </p>
   </div>
   <div class='ocr_carea' id='block_1_14' title="bbox 339 1143 1927 1227">
    <p class='ocr_par' dir='ltr' id='par_1_14' title="bbox 339 1143 1927 1227">
     <span class='ocr_line' id='line_1_14' title="bbox 339 1143 1927 1227; baseline 0.01 -31"><span class='ocrx_word' id='word_1_84' title='bbox 339 1143 505 1213; x_wconf 80' lang='grc' dir='ltr'>λέγω,</span> <span class='ocrx_word' id='word_1_85' title='bbox 536 1149 728 1217; x_wconf 67' lang='grc' dir='ltr'>φησιν,</span> <span class='ocrx_word' id='word_1_86' title='bbox 750 1150 834 1203; x_wconf 88' lang='grc' dir='ltr'>ὄτι</span> <span class='ocrx_word' id='word_1_87' title='bbox 864 1151 1133 1220; x_wconf 80' lang='grc' dir='ltr'><strong>ἀγγέλους</strong></span> <span class='ocrx_word' id='word_1_88' title='bbox 1155 1152 1368 1224; x_wconf 79' lang='grc' dir='ltr'>ἔχουσιν</span> <span class='ocrx_word' id='word_1_89' title='bbox 1398 1156 1447 1210; x_wconf 74' lang='lat' dir='ltr'><strong>oi</strong></span> <span class='ocrx_word' id='word_1_90' title='bbox 1476 1156 1743 1225; x_wconf 83' lang='grc' dir='ltr'>τοιοῦτοι;</span> <span class='ocrx_word' id='word_1_91' title='bbox 1783 1159 1927 1227; x_wconf 88' lang='grc' dir='ltr'>Ἐγὼ</span> 
     </span>
    </p>
   </div>
   <div class='ocr_carea' id='block_1_15' title="bbox 2031 519 3606 593">
    <p class='ocr_par' dir='ltr' id='par_1_15' title="bbox 2031 519 3606 593">
     <span class='ocr_line' id='line_1_15' title="bbox 2031 519 3606 593; baseline -0.002 -15"><span class='ocrx_word' id='word_1_92' title='bbox 2031 522 2253 593; x_wconf 80' lang='lat' dir='ltr'><strong>angelos</strong></span> <span class='ocrx_word' id='word_1_93' title='bbox 2279 523 2594 586; x_wconf 79' lang='lat' dir='ltr'><strong>habeamus,</strong></span> <span class='ocrx_word' id='word_1_94' title='bbox 2627 531 2972 592; x_wconf 71' lang='lat' dir='ltr'><strong>peccatorum</strong></span> <span class='ocrx_word' id='word_1_95' title='bbox 3005 529 3187 575; x_wconf 86' lang='lat' dir='ltr'><strong>tamen</strong></span> <span class='ocrx_word' id='word_1_96' title='bbox 3233 519 3408 590; x_wconf 77' lang='lat' dir='ltr'><strong>angeli</strong></span> <span class='ocrx_word' id='word_1_97' title='bbox 3444 524 3606 588; x_wconf 87' lang='lat' dir='ltr'><strong>quasi</strong></span> 
     </span>
    </p>
   </div>
   <div class='ocr_carea' id='block_1_16' title="bbox 2030 612 3613 682">
    <p class='ocr_par' dir='ltr' id='par_1_16' title="bbox 2030 612 3613 682">
     <span class='ocr_line' id='line_1_16' title="bbox 2030 612 3613 682; baseline 0.001 -15"><span class='ocrx_word' id='word_1_98' title='bbox 2030 624 2252 682; x_wconf 84' lang='lat' dir='ltr'><strong>propter</strong></span> <span class='ocrx_word' id='word_1_99' title='bbox 2285 630 2383 670; x_wconf 86' lang='lat' dir='ltr'><strong>nos</strong></span> <span class='ocrx_word' id='word_1_100' title='bbox 2413 612 2644 680; x_wconf 86' lang='lat' dir='ltr'><strong>confusi,</strong></span> <span class='ocrx_word' id='word_1_101' title='bbox 2681 614 2861 669; x_wconf 89' lang='lat' dir='ltr'><strong>minus</strong></span> <span class='ocrx_word' id='word_1_102' title='bbox 2887 614 3115 669; x_wconf 81' lang='lat' dir='ltr'><strong>fidentes</strong></span> <span class='ocrx_word' id='word_1_103' title='bbox 3142 623 3288 679; x_wconf 83' lang='lat' dir='ltr'><strong>sunt,</strong></span> <span class='ocrx_word' id='word_1_104' title='bbox 3312 626 3486 682; x_wconf 89' lang='lat' dir='ltr'><strong>neque</strong></span> <span class='ocrx_word' id='word_1_105' title='bbox 3510 613 3613 682; x_wconf 80' lang='lat' dir='ltr'><strong>ipsi</strong></span> 
     </span>
    </p>
   </div>
   <div class='ocr_carea' id='block_1_17' title="bbox 2028 698 3613 776">
    <p class='ocr_par' dir='ltr' id='par_1_17' title="bbox 2028 698 3613 776">
     <span class='ocr_line' id='line_1_17' title="bbox 2028 698 3613 776; baseline -0.003 -17"><span class='ocrx_word' id='word_1_106' title='bbox 2028 716 2254 776; x_wconf 87' lang='lat' dir='ltr'><strong>possunt</strong></span> <span class='ocrx_word' id='word_1_107' title='bbox 2283 717 2388 761; x_wconf 87' lang='lat' dir='ltr'><strong>tam</strong></span> <span class='ocrx_word' id='word_1_108' title='bbox 2417 704 2585 761; x_wconf 81' lang='lat' dir='ltr'><strong>libere</strong></span> <span class='ocrx_word' id='word_1_109' title='bbox 2612 704 2797 760; x_wconf 85' lang='lat' dir='ltr'><strong>videre</strong></span> <span class='ocrx_word' id='word_1_110' title='bbox 2813 703 3006 759; x_wconf 80' lang='lat' dir='ltr'><strong>faciem</strong></span> <span class='ocrx_word' id='word_1_111' title='bbox 3040 698 3155 768; x_wconf 89' lang='lat' dir='ltr'><strong>Dei,</strong></span> <span class='ocrx_word' id='word_1_112' title='bbox 3184 712 3239 759; x_wconf 87' lang='lat' dir='ltr'><strong>et</strong></span> <span class='ocrx_word' id='word_1_113' title='bbox 3273 704 3478 773; x_wconf 85' lang='lat' dir='ltr'><strong>precari</strong></span> <span class='ocrx_word' id='word_1_114' title='bbox 3502 702 3613 756; x_wconf 87' lang='lat' dir='ltr'><strong>for-</strong></span> 
     </span>
    </p>
   </div>
   <div class='ocr_carea' id='block_1_18' title="bbox 2034 794 3617 865">
    <p class='ocr_par' dir='ltr' id='par_1_18' title="bbox 2034 794 3617 865">
     <span class='ocr_line' id='line_1_18' title="bbox 2034 794 3617 865; baseline -0.002 -15"><span class='ocrx_word' id='word_1_115' title='bbox 2034 795 2176 850; x_wconf 86' lang='lat' dir='ltr'><strong>sitan</strong></span> <span class='ocrx_word' id='word_1_116' title='bbox 2209 812 2304 865; x_wconf 90' lang='lat' dir='ltr'><strong>pro</strong></span> <span class='ocrx_word' id='word_1_117' title='bbox 2334 796 2509 852; x_wconf 88' lang='lat' dir='ltr'><strong>nobis.</strong></span> <span class='ocrx_word' id='word_1_118' title='bbox 2544 795 2839 850; x_wconf 87' lang='lat' dir='ltr'><strong>Humilium</strong></span> <span class='ocrx_word' id='word_1_119' title='bbox 2870 806 3052 850; x_wconf 89' lang='lat' dir='ltr'><strong>autem</strong></span> <span class='ocrx_word' id='word_1_120' title='bbox 3085 794 3284 860; x_wconf 84' lang='lat' dir='ltr'><strong>angeli,</strong></span> <span class='ocrx_word' id='word_1_121' title='bbox 3318 795 3371 848; x_wconf 97' lang='lat' dir='ltr'><strong>hi</strong></span> <span class='ocrx_word' id='word_1_122' title='bbox 3398 809 3617 862; x_wconf 78' lang='lat' dir='ltr'><strong>semper</strong></span> 
     </span>
    </p>
   </div>
   <div class='ocr_carea' id='block_1_19' title="bbox 2028 885 3613 957">
    <p class='ocr_par' dir='ltr' id='par_1_19' title="bbox 2028 885 3613 957">
     <span class='ocr_line' id='line_1_19' title="bbox 2028 885 3613 957; baseline 0.001 -20"><span class='ocrx_word' id='word_1_123' title='bbox 2028 887 2211 942; x_wconf 86' lang='lat' dir='ltr'><strong>vident</strong></span> <span class='ocrx_word' id='word_1_124' title='bbox 2241 888 2330 942; x_wconf 87' lang='lat' dir='ltr'><strong>Dei</strong></span> <span class='ocrx_word' id='word_1_125' title='bbox 2365 888 2580 954; x_wconf 91' lang='lat' dir='ltr'><strong>faciem,</strong></span> <span class='ocrx_word' id='word_1_126' title='bbox 2604 897 2889 957; x_wconf 78' lang='lat' dir='ltr'><strong>propterea</strong></span> <span class='ocrx_word' id='word_1_127' title='bbox 2909 885 3052 955; x_wconf 90' lang='lat' dir='ltr'><strong>quod</strong></span> <span class='ocrx_word' id='word_1_128' title='bbox 3082 885 3327 938; x_wconf 67' lang='lat' dir='ltr'><strong>fiduciam</strong></span> <span class='ocrx_word' id='word_1_129' title='bbox 3359 885 3613 940; x_wconf 83' lang='lat' dir='ltr'><strong>habeant.</strong></span> 
     </span>
    </p>
   </div>
   <div class='ocr_carea' id='block_1_20' title="bbox 2032 974 3612 1049">
    <p class='ocr_par' dir='ltr' id='par_1_20' title="bbox 2032 974 3612 1049">
     <span class='ocr_line' id='line_1_20' title="bbox 2032 974 3612 1049; baseline -0.001 -18"><span class='ocrx_word' id='word_1_130' title='bbox 2032 977 2109 1032; x_wconf 33' lang='lat' dir='ltr'><strong>Et.</strong></span> <span class='ocrx_word' id='word_1_131' title='bbox 2125 979 2251 1047; x_wconf 81' lang='lat' dir='ltr'><strong>quid</strong></span> <span class='ocrx_word' id='word_1_132' title='bbox 2294 980 2570 1049; x_wconf 41' lang='lat' dir='ltr'><strong>dico‘quod</strong></span> <span class='ocrx_word' id='word_1_133' title='bbox 2595 980 2646 1033; x_wconf 91' lang='lat' dir='ltr'><strong>hi</strong></span> <span class='ocrx_word' id='word_1_134' title='bbox 2667 977 2887 1049; x_wconf 80' lang='lat' dir='ltr'><strong>angelos</strong></span> <span class='ocrx_word' id='word_1_135' title='bbox 2906 975 3177 1031; x_wconf 78' lang='lat' dir='ltr'><strong>habeam?</strong></span> <span class='ocrx_word' id='word_1_136' title='bbox 3200 974 3309 1045; x_wconf 83' lang='lat' dir='ltr'><strong>Ego</strong></span> <span class='ocrx_word' id='word_1_137' title='bbox 3329 985 3612 1045; x_wconf 78' lang='lat' dir='ltr'><strong>propterea</strong></span> 
     </span>
    </p>
   </div>
   <div class='ocr_carea' id='block_1_21' title="bbox 2036 1067 3614 1140">
    <p class='ocr_par' dir='ltr' id='par_1_21' title="bbox 2036 1067 3614 1140">
     <span class='ocr_line' id='line_1_21' title="bbox 2036 1067 3614 1140; baseline -0.001 -18"><span class='ocrx_word' id='word_1_138' title='bbox 2036 1072 2180 1135; x_wconf 87' lang='lat' dir='ltr'><strong>veni,</strong></span> <span class='ocrx_word' id='word_1_139' title='bbox 2233 1079 2290 1126; x_wconf 89' lang='lat' dir='ltr'><strong>ut</strong></span> <span class='ocrx_word' id='word_1_140' title='bbox 2340 1087 2552 1126; x_wconf 78' lang='lat' dir='ltr'><strong>servem</strong></span> <span class='ocrx_word' id='word_1_141' title='bbox 2604 1071 2745 1140; x_wconf 89' lang='lat' dir='ltr'><strong>quod</strong></span> <span class='ocrx_word' id='word_1_142' title='bbox 2801 1069 3062 1140; x_wconf 85' lang='lat' dir='ltr'><strong>perierat,</strong></span> <span class='ocrx_word' id='word_1_143' title='bbox 3098 1079 3152 1122; x_wconf 89' lang='lat' dir='ltr'><strong>et</strong></span> <span class='ocrx_word' id='word_1_144' title='bbox 3188 1068 3314 1122; x_wconf 86' lang='lat' dir='ltr'><strong>mihi</strong></span> <span class='ocrx_word' id='word_1_145' title='bbox 3352 1067 3614 1124; x_wconf 86' lang='lat' dir='ltr'><strong>vindicem</strong></span> 
     </span>
    </p>
   </div>
   <div class='ocr_carea' id='block_1_22' title="bbox 2035 1160 3259 1232">
    <p class='ocr_par' dir='ltr' id='par_1_22' title="bbox 2035 1160 3259 1232">
     <span class='ocr_line' id='line_1_22' title="bbox 2035 1160 3259 1232; baseline -0.002 -16"><span class='ocrx_word' id='word_1_146' title='bbox 2035 1175 2127 1216; x_wconf 85' lang='lat' dir='ltr'><strong>eos</strong></span> <span class='ocrx_word' id='word_1_147' title='bbox 2151 1163 2242 1231; x_wconf 98' lang='lat' dir='ltr'><strong>qui</strong></span> <span class='ocrx_word' id='word_1_148' title='bbox 2271 1180 2299 1216; x_wconf 89' lang='lat' dir='ltr'><strong>a</strong></span> <span class='ocrx_word' id='word_1_149' title='bbox 2334 1163 2603 1232; x_wconf 77' lang='lat' dir='ltr'><strong>plerisque</strong></span> <span class='ocrx_word' id='word_1_150' title='bbox 2626 1163 2782 1232; x_wconf 81' lang='lat' dir='ltr'><strong>plane</strong></span> <span class='ocrx_word' id='word_1_151' title='bbox 2809 1160 2940 1216; x_wconf 88' lang='lat' dir='ltr'><strong>nihil</strong></span> <span class='ocrx_word' id='word_1_152' title='bbox 2974 1171 3259 1231; x_wconf 88' lang='lat' dir='ltr'><strong>ptttantur.</strong></span> 
     </span>
    </p>
   </div>
   <div class='ocr_carea' id='block_1_23' title="bbox 338 1238 3618 1329">
    <p class='ocr_par' dir='ltr' id='par_1_23' title="bbox 338 1238 3618 1329">
     <span class='ocr_line' id='line_1_23' title="bbox 338 1238 3618 1329; baseline 0.003 -33"><span class='ocrx_word' id='word_1_153' title='bbox 338 1239 428 1296; x_wconf 80' lang='grc' dir='ltr'>διὰ</span> <span class='ocrx_word' id='word_1_154' title='bbox 453 1257 623 1295; x_wconf 79' lang='grc' dir='ltr'>τουτο</span> <span class='ocrx_word' id='word_1_155' title='bbox 668 1238 833 1316; x_wconf 80' lang='grc' dir='ltr'>ἦλθον</span> <span class='ocrx_word' id='word_1_156' title='bbox 874 1245 962 1300; x_wconf 85' lang='grc' dir='ltr'><strong>ἶνα</strong></span> <span class='ocrx_word' id='word_1_157' title='bbox 1011 1245 1173 1303; x_wconf 82' lang='grc' dir='ltr'>σώσω</span> <span class='ocrx_word' id='word_1_158' title='bbox 1202 1250 1263 1303; x_wconf 84' lang='grc' dir='ltr'>τὸ</span> <span class='ocrx_word' id='word_1_159' title='bbox 1309 1250 1625 1317; x_wconf 80' lang='grc' dir='ltr'>ἀπολωλὸς,</span> <span class='ocrx_word' id='word_1_160' title='bbox 1657 1253 1752 1307; x_wconf 76' lang='grc' dir='ltr'>καὶ</span> <span class='ocrx_word' id='word_1_161' title='bbox 1791 1252 1918 1318; x_wconf 80' lang='grc' dir='ltr'>τοὺς</span> <span class='ocrx_word' id='word_1_162' title='bbox 1958 1257 2108 1327; x_wconf 72' lang='grc' dir='ltr'>παρὰ</span> <span class='ocrx_word' id='word_1_163' title='bbox 2130 1259 2239 1317; x_wconf 78' lang='grc' dir='ltr'>τοῖς</span> <span class='ocrx_word' id='word_1_164' title='bbox 2282 1257 2497 1322; x_wconf 78' lang='grc' dir='ltr'><strong>πολλοῖς</strong></span> <span class='ocrx_word' id='word_1_165' title='bbox 2569 1254 2957 1329; x_wconf 66' lang='grc' dir='ltr'><strong>νομιζομένους</strong></span> <span class='ocrx_word' id='word_1_166' title='bbox 3026 1253 3353 1324; x_wconf 67' lang='grc' dir='ltr'>οὖδαμινοὺς</span> <span class='ocrx_word' id='word_1_167' title='bbox 3396 1252 3618 1306; x_wconf 81' lang='grc' dir='ltr'>οἰκειώ-</span> 
     </span>
    </p>
   </div>
   <div class='ocr_carea' id='block_1_24' title="bbox 344 1351 554 1404">
    <p class='ocr_par' dir='ltr' id='par_1_24' title="bbox 344 1351 554 1404">
     <span class='ocr_line' id='line_1_24' title="bbox 344 1351 554 1404; baseline 0.01 -15"><span class='ocrx_word' id='word_1_168' title='bbox 344 1351 554 1404; x_wconf 84' lang='grc' dir='ltr'>σωμαι.</span> 
     </span>
    </p>
   </div>
   <div class='ocr_carea' id='block_1_25' title="bbox 418 1424 1933 1508">
    <p class='ocr_par' dir='ltr' id='par_1_25' title="bbox 418 1424 1933 1508">
     <span class='ocr_line' id='line_1_25' title="bbox 418 1424 1933 1508; baseline 0.009 -31"><span class='ocrx_word' id='word_1_169' title='bbox 418 1444 440 1475; x_wconf 69' lang='grc' dir='ltr'><strong>ι</strong></span> <span class='ocrx_word' id='word_1_170' title='bbox 480 1424 552 1478; x_wconf 80' lang='grc' dir='ltr'>Τί</span> <span class='ocrx_word' id='word_1_171' title='bbox 600 1426 734 1497; x_wconf 79' lang='grc' dir='ltr'>ὑμῖν</span> <span class='ocrx_word' id='word_1_172' title='bbox 788 1426 967 1496; x_wconf 82' lang='grc' dir='ltr'>δοκεῖ;</span> <span class='ocrx_word' id='word_1_173' title='bbox 1029 1429 1154 1484; x_wconf 73' lang='grc' dir='ltr'><strong>Ἐὰν</strong></span> <span class='ocrx_word' id='word_1_174' title='bbox 1211 1431 1439 1502; x_wconf 80' lang='grc' dir='ltr'>γένηταί</span> <span class='ocrx_word' id='word_1_175' title='bbox 1488 1451 1594 1487; x_wconf 90' lang='grc' dir='ltr'>τινι</span> <span class='ocrx_word' id='word_1_176' title='bbox 1660 1433 1933 1508; x_wconf 78' lang='grc' dir='ltr'><strong>ἀνθρώπῳ</strong></span> 
     </span>
    </p>
   </div>
   <div class='ocr_carea' id='block_1_26' title="bbox 345 1518 1933 1598">
    <p class='ocr_par' dir='ltr' id='par_1_26' title="bbox 345 1518 1933 1598">
     <span class='ocr_line' id='line_1_26' title="bbox 345 1518 1933 1598; baseline 0.006 -27"><span class='ocrx_word' id='word_1_177' title='bbox 345 1519 555 1571; x_wconf 77' lang='grc' dir='ltr'>ἑκατὸν</span> <span class='ocrx_word' id='word_1_178' title='bbox 591 1518 844 1588; x_wconf 85' lang='grc' dir='ltr'>πρόϐατα</span> <span class='ocrx_word' id='word_1_179' title='bbox 868 1561 884 1585; x_wconf 92' lang='grc'><strong>,</strong></span> <span class='ocrx_word' id='word_1_180' title='bbox 918 1521 1013 1574; x_wconf 68' lang='grc' dir='ltr'>καὶ</span> <span class='ocrx_word' id='word_1_181' title='bbox 1057 1520 1305 1595; x_wconf 77' lang='grc' dir='ltr'>πλανηθῇ</span> <span class='ocrx_word' id='word_1_182' title='bbox 1340 1522 1398 1577; x_wconf 78' lang='grc' dir='ltr'>ἓν</span> <span class='ocrx_word' id='word_1_183' title='bbox 1430 1524 1490 1590; x_wconf 83' lang='grc' dir='ltr'><strong>ἐξ</strong></span> <span class='ocrx_word' id='word_1_184' title='bbox 1531 1526 1741 1593; x_wconf 71' lang='grc' dir='ltr'>αὐτῶν,</span> <span class='ocrx_word' id='word_1_185' title='bbox 1810 1527 1933 1598; x_wconf 77' lang='grc' dir='ltr'>οὐχὶ</span> 
     </span>
    </p>
   </div>
   <div class='ocr_carea' id='block_1_27' title="bbox 343 1612 1933 1689">
    <p class='ocr_par' dir='ltr' id='par_1_27' title="bbox 343 1612 1933 1689">
     <span class='ocr_line' id='line_1_27' title="bbox 343 1612 1933 1689; baseline 0.004 -25"><span class='ocrx_word' id='word_1_186' title='bbox 343 1612 504 1679; x_wconf 71' lang='grc' dir='ltr'>ἀφεὶς</span> <span class='ocrx_word' id='word_1_187' title='bbox 550 1612 622 1664; x_wconf 77' lang='grc' dir='ltr'>τὰ</span> <span class='ocrx_word' id='word_1_188' title='bbox 671 1612 1191 1683; x_wconf 80' lang='grc' dir='ltr'>ἐννενηκονταεννὲα</span> <span class='ocrx_word' id='word_1_189' title='bbox 1238 1617 1333 1669; x_wconf 60' lang='grc' dir='ltr'><strong>ἐπὶ⁸</strong></span> <span class='ocrx_word' id='word_1_190' title='bbox 1364 1616 1434 1671; x_wconf 86' lang='grc' dir='ltr'><strong>τὰ</strong></span> <span class='ocrx_word' id='word_1_191' title='bbox 1466 1617 1567 1689; x_wconf 82' lang='grc' dir='ltr'>δρη</span> <span class='ocrx_word' id='word_1_192' title='bbox 1592 1657 1607 1681; x_wconf 93' lang='grc'><strong>,</strong></span> <span class='ocrx_word' id='word_1_193' title='bbox 1641 1619 1933 1689; x_wconf 72' lang='grc' dir='ltr'>πορευθεὶς</span> 
     </span>
    </p>
   </div>
   <div class='ocr_carea' id='block_1_28' title="bbox 344 1701 1930 1779">
    <p class='ocr_par' dir='ltr' id='par_1_28' title="bbox 344 1701 1930 1779">
     <span class='ocr_line' id='line_1_28' title="bbox 344 1701 1930 1779; baseline 0.006 -25"><span class='ocrx_word' id='word_1_194' title='bbox 344 1703 502 1773; x_wconf 75' lang='grc' dir='ltr'>ζητεῖ</span> <span class='ocrx_word' id='word_1_195' title='bbox 537 1702 600 1755; x_wconf 78' lang='grc' dir='ltr'>τὸ</span> <span class='ocrx_word' id='word_1_196' title='bbox 628 1701 983 1773; x_wconf 78' lang='grc' dir='ltr'>πλανώμενον</span> <span class='ocrx_word' id='word_1_197' title='bbox 1006 1723 1021 1770; x_wconf 87' lang='grc'>;</span> <span class='ocrx_word' id='word_1_198' title='bbox 1048 1706 1157 1758; x_wconf 75' lang='grc' dir='ltr'>Καὶ</span> <span class='ocrx_word' id='word_1_199' title='bbox 1183 1705 1279 1761; x_wconf 80' lang='grc' dir='ltr'>ἐὰν</span> <span class='ocrx_word' id='word_1_200' title='bbox 1309 1707 1535 1777; x_wconf 81' lang='grc' dir='ltr'>γένηται</span> <span class='ocrx_word' id='word_1_201' title='bbox 1561 1709 1745 1779; x_wconf 83' lang='grc' dir='ltr'>εύρεῖν</span> <span class='ocrx_word' id='word_1_202' title='bbox 1775 1710 1930 1774; x_wconf 80' lang='grc' dir='ltr'>αὐτὸ,</span> 
     </span>
    </p>
   </div>
   <div class='ocr_carea' id='block_1_29' title="bbox 348 1794 1938 1871">
    <p class='ocr_par' dir='ltr' id='par_1_29' title="bbox 348 1794 1938 1871">
     <span class='ocr_line' id='line_1_29' title="bbox 348 1794 1938 1871; baseline 0.006 -25"><span class='ocrx_word' id='word_1_203' title='bbox 348 1794 502 1863; x_wconf 74' lang='grc' dir='ltr'>ἀμὴν</span> <span class='ocrx_word' id='word_1_204' title='bbox 529 1794 680 1863; x_wconf 78' lang='grc' dir='ltr'>λέγω</span> <span class='ocrx_word' id='word_1_205' title='bbox 722 1796 871 1867; x_wconf 80' lang='grc' dir='ltr'>ὑμῖν,</span> <span class='ocrx_word' id='word_1_206' title='bbox 901 1797 986 1851; x_wconf 86' lang='grc' dir='ltr'>ὅτι</span> <span class='ocrx_word' id='word_1_207' title='bbox 1036 1797 1218 1869; x_wconf 79' lang='grc' dir='ltr'>χαίρει</span> <span class='ocrx_word' id='word_1_208' title='bbox 1242 1799 1329 1853; x_wconf 74' lang='grc' dir='ltr'>ἐπ’</span> <span class='ocrx_word' id='word_1_209' title='bbox 1356 1798 1504 1871; x_wconf 83' lang='grc' dir='ltr'>αύτῷ</span> <span class='ocrx_word' id='word_1_210' title='bbox 1527 1801 1728 1871; x_wconf 83' lang='grc' dir='ltr'>μᾶλλον</span> <span class='ocrx_word' id='word_1_211' title='bbox 1762 1804 1796 1871; x_wconf 86' lang='grc' dir='ltr'>ἢ</span> <span class='ocrx_word' id='word_1_212' title='bbox 1841 1804 1938 1856; x_wconf 76' lang='grc' dir='ltr'><strong>ἐπὶ</strong></span> 
     </span>
    </p>
   </div>
   <div class='ocr_carea' id='block_1_30' title="bbox 344 1887 1939 1963">
    <p class='ocr_par' dir='ltr' id='par_1_30' title="bbox 344 1887 1939 1963">
     <span class='ocr_line' id='line_1_30' title="bbox 344 1887 1939 1963; baseline 0.004 -26"><span class='ocrx_word' id='word_1_213' title='bbox 344 1887 460 1948; x_wconf 80' lang='grc' dir='ltr'>τοῖς</span> <span class='ocrx_word' id='word_1_214' title='bbox 483 1887 1008 1955; x_wconf 74' lang='grc' dir='ltr'>ὲννενηκονταεννέα</span> <span class='ocrx_word' id='word_1_215' title='bbox 1036 1893 1147 1953; x_wconf 77' lang='grc' dir='ltr'>τοῖς</span> <span class='ocrx_word' id='word_1_216' title='bbox 1168 1889 1723 1963; x_wconf 78' lang='grc' dir='ltr'>μὴ’πεπλανημένοις.</span> <span class='ocrx_word' id='word_1_217' title='bbox 1748 1891 1939 1954; x_wconf 78' lang='grc' dir='ltr'>Οὕτως</span> 
     </span>
    </p>
   </div>
   <div class='ocr_carea' id='block_1_31' title="bbox 346 1976 1936 2056">
    <p class='ocr_par' dir='ltr' id='par_1_31' title="bbox 346 1976 1936 2056">
     <span class='ocr_line' id='line_1_31' title="bbox 346 1976 1936 2056; baseline 0.006 -28"><span class='ocrx_word' id='word_1_218' title='bbox 346 1976 445 2029; x_wconf 82' lang='grc' dir='ltr'><strong>οὐκ</strong></span> <span class='ocrx_word' id='word_1_219' title='bbox 501 1976 624 2031; x_wconf 74' lang='grc' dir='ltr'>ἔστι</span> <span class='ocrx_word' id='word_1_220' title='bbox 676 1977 889 2047; x_wconf 78' lang='grc' dir='ltr'>θέλημα</span> <span class='ocrx_word' id='word_1_221' title='bbox 938 1978 1250 2051; x_wconf 83' lang='grc' dir='ltr'>ἔμπροσθεν</span> <span class='ocrx_word' id='word_1_222' title='bbox 1273 1982 1365 2036; x_wconf 84' lang='grc' dir='ltr'><strong>τοῦ</strong></span> <span class='ocrx_word' id='word_1_223' title='bbox 1399 1984 1610 2055; x_wconf 77' lang='grc' dir='ltr'>[ἰατρὸς</span> <span class='ocrx_word' id='word_1_224' title='bbox 1652 1986 1807 2056; x_wconf 86' lang='grc' dir='ltr'>ὑμῶν</span> <span class='ocrx_word' id='word_1_225' title='bbox 1841 1984 1936 2038; x_wconf 76' lang='grc' dir='ltr'><strong>τοῦ</strong></span> 
     </span>
    </p>
   </div>
   <div class='ocr_carea' id='block_1_32' title="bbox 348 2070 1934 2147">
    <p class='ocr_par' dir='ltr' id='par_1_32' title="bbox 348 2070 1934 2147">
     <span class='ocr_line' id='line_1_32' title="bbox 348 2070 1934 2147; baseline 0.006 -26"><span class='ocrx_word' id='word_1_226' title='bbox 348 2070 405 2122; x_wconf 75' lang='grc' dir='ltr'><strong>ἐν</strong></span> <span class='ocrx_word' id='word_1_227' title='bbox 432 2071 555 2132; x_wconf 69' lang='grc' dir='ltr'>τοῖς</span> <span class='ocrx_word' id='word_1_228' title='bbox 591 2070 865 2142; x_wconf 75' lang='grc' dir='ltr'>οὐρανοῖς,</span> <span class='ocrx_word' id='word_1_229' title='bbox 890 2074 979 2126; x_wconf 81' lang='grc' dir='ltr'><strong>ἴνα</strong></span> <span class='ocrx_word' id='word_1_230' title='bbox 1008 2073 1275 2145; x_wconf 78' lang='grc' dir='ltr'><strong>ἀπόληται</strong></span> <span class='ocrx_word' id='word_1_231' title='bbox 1319 2071 1400 2139; x_wconf 76' lang='grc' dir='ltr'>εἷς</span> <span class='ocrx_word' id='word_1_232' title='bbox 1430 2074 1539 2129; x_wconf 86' lang='grc' dir='ltr'><strong>τῶν</strong></span> <span class='ocrx_word' id='word_1_233' title='bbox 1571 2077 1783 2147; x_wconf 86' lang='grc' dir='ltr'>μικρῶν</span> <span class='ocrx_word' id='word_1_234' title='bbox 1812 2077 1934 2131; x_wconf 87' lang='grc' dir='ltr'>τού-</span> 
     </span>
    </p>
   </div>
   <div class='ocr_carea' id='block_1_33' title="bbox 348 2163 1940 2240">
    <p class='ocr_par' dir='ltr' id='par_1_33' title="bbox 348 2163 1940 2240">
     <span class='ocr_line' id='line_1_33' title="bbox 348 2163 1940 2240; baseline 0.006 -27"><span class='ocrx_word' id='word_1_235' title='bbox 348 2178 476 2215; x_wconf 89' lang='grc' dir='ltr'>των.</span> <span class='ocrx_word' id='word_1_236' title='bbox 522 2181 541 2215; x_wconf 76' lang='grc' dir='ltr'><strong>ι</strong></span> <span class='ocrx_word' id='word_1_237' title='bbox 580 2163 697 2216; x_wconf 84' lang='grc' dir='ltr'>Τίνι</span> <span class='ocrx_word' id='word_1_238' title='bbox 723 2164 992 2237; x_wconf 74' lang='grc' dir='ltr'>ἀνθρώπῳ</span> <span class='ocrx_word' id='word_1_239' title='bbox 1025 2164 1275 2235; x_wconf 80' lang='grc' dir='ltr'>ἐγένοντο</span> <span class='ocrx_word' id='word_1_240' title='bbox 1303 2167 1499 2224; x_wconf 74' lang='grc' dir='ltr'>ἑκατὸν</span> <span class='ocrx_word' id='word_1_241' title='bbox 1532 2169 1815 2240; x_wconf 82' lang='grc' dir='ltr'>πρόϐατα;</span> <span class='ocrx_word' id='word_1_242' title='bbox 1849 2167 1940 2239; x_wconf 84' lang='grc' dir='ltr'><strong>Τῷ</strong></span> 
     </span>
    </p>
   </div>
   <div class='ocr_carea' id='block_1_34' title="bbox 350 2250 1943 2331">
    <p class='ocr_par' dir='ltr' id='par_1_34' title="bbox 350 2250 1943 2331">
     <span class='ocr_line' id='line_1_34' title="bbox 350 2250 1943 2331; baseline 0.008 -26"><span class='ocrx_word' id='word_1_243' title='bbox 350 2250 603 2325; x_wconf 79' lang='grc' dir='ltr'>Χριστῷ.</span> <span class='ocrx_word' id='word_1_244' title='bbox 639 2257 797 2311; x_wconf 79' lang='grc' dir='ltr'>Πᾶσα</span> <span class='ocrx_word' id='word_1_245' title='bbox 835 2258 944 2330; x_wconf 79' lang='grc' dir='ltr'>γὰρ</span> <span class='ocrx_word' id='word_1_246' title='bbox 968 2261 1001 2329; x_wconf 81' lang='grc' dir='ltr'>ὴ</span> <span class='ocrx_word' id='word_1_247' title='bbox 1045 2259 1239 2330; x_wconf 82' lang='grc' dir='ltr'>λογικὴ</span> <span class='ocrx_word' id='word_1_248' title='bbox 1273 2261 1472 2325; x_wconf 79' lang='grc' dir='ltr'>κτίσις,</span> <span class='ocrx_word' id='word_1_249' title='bbox 1498 2261 1717 2331; x_wconf 79' lang='grc' dir='ltr'>ἄγγελοί</span> <span class='ocrx_word' id='word_1_250' title='bbox 1752 2279 1810 2316; x_wconf 87' lang='grc' dir='ltr'><strong>τε</strong></span> <span class='ocrx_word' id='word_1_251' title='bbox 1848 2261 1943 2317; x_wconf 69' lang='grc' dir='ltr'><strong>καὶ</strong></span> 
     </span>
    </p>
   </div>
   <div class='ocr_carea' id='block_1_35' title="bbox 351 2343 1943 2425">
    <p class='ocr_par' dir='ltr' id='par_1_35' title="bbox 351 2343 1943 2425">
     <span class='ocr_line' id='line_1_35' title="bbox 351 2343 1943 2425; baseline 0.008 -30"><span class='ocrx_word' id='word_1_252' title='bbox 351 2343 660 2415; x_wconf 81' lang='grc' dir='ltr'>ἂνθρωποι,</span> <span class='ocrx_word' id='word_1_253' title='bbox 711 2347 782 2400; x_wconf 79' lang='grc' dir='ltr'>τὰ</span> <span class='ocrx_word' id='word_1_254' title='bbox 827 2349 1021 2425; x_wconf 77' lang='grc' dir='ltr'>ἐκατόν</span> <span class='ocrx_word' id='word_1_255' title='bbox 1067 2352 1173 2404; x_wconf 86' lang='grc' dir='ltr'>είσι</span> <span class='ocrx_word' id='word_1_256' title='bbox 1224 2352 1513 2421; x_wconf 85' lang='grc' dir='ltr'>πρόϐατα·</span> <span class='ocrx_word' id='word_1_257' title='bbox 1557 2346 1631 2406; x_wconf 83' lang='grc' dir='ltr'>ὧν</span> <span class='ocrx_word' id='word_1_258' title='bbox 1664 2354 1868 2425; x_wconf 76' lang='grc' dir='ltr'>ποιμὴν</span> <span class='ocrx_word' id='word_1_259' title='bbox 1914 2355 1943 2408; x_wconf 97' lang='lat'><strong>6</strong></span> 
     </span>
    </p>
   </div>
   <div class='ocr_carea' id='block_1_36' title="bbox 352 2424 1944 2517">
    <p class='ocr_par' dir='ltr' id='par_1_36' title="bbox 352 2424 1944 2517">
     <span class='ocr_line' id='line_1_36' title="bbox 352 2424 1944 2517; baseline 0.006 -27"><span class='ocrx_word' id='word_1_260' title='bbox 352 2424 618 2508; x_wconf 69' lang='grc' dir='ltr'>Χριστὸς,</span> <span class='ocrx_word' id='word_1_261' title='bbox 642 2438 704 2491; x_wconf 81' lang='grc' dir='ltr'><strong>ού</strong></span> <span class='ocrx_word' id='word_1_262' title='bbox 736 2424 1027 2510; x_wconf 81' lang='grc' dir='ltr'>πρόϐατον.</span> <span class='ocrx_word' id='word_1_263' title='bbox 1047 2442 1121 2495; x_wconf 83' lang='grc' dir='ltr'><strong>Οὐ</strong></span> <span class='ocrx_word' id='word_1_264' title='bbox 1153 2443 1260 2515; x_wconf 75' lang='grc' dir='ltr'>γάρ</span> <span class='ocrx_word' id='word_1_265' title='bbox 1294 2444 1650 2517; x_wconf 84' lang='grc' dir='ltr'>ἐστικτίσμα,</span> <span class='ocrx_word' id='word_1_266' title='bbox 1678 2424 1793 2500; x_wconf 85' lang='grc' dir='ltr'>ἀλλ’</span> <span class='ocrx_word' id='word_1_267' title='bbox 1818 2424 1944 2511; x_wconf 75' lang='grc' dir='ltr'>Υἱὸς</span> 
     </span>
    </p>
   </div>
   <div class='ocr_carea' id='block_1_37' title="bbox 352 2524 1943 2611">
    <p class='ocr_par' dir='ltr' id='par_1_37' title="bbox 352 2524 1943 2611">
     <span class='ocr_line' id='line_1_37' title="bbox 352 2524 1943 2611; baseline 0.008 -31"><span class='ocrx_word' id='word_1_268' title='bbox 352 2527 517 2584; x_wconf 78' lang='grc' dir='ltr'>Θεοῦ.</span> <span class='ocrx_word' id='word_1_269' title='bbox 550 2524 719 2594; x_wconf 74' lang='grc' dir='ltr'>Οὗτος</span> <span class='ocrx_word' id='word_1_270' title='bbox 752 2527 845 2585; x_wconf 71' lang='grc' dir='ltr'>οὖν</span> <span class='ocrx_word' id='word_1_271' title='bbox 889 2532 1066 2604; x_wconf 74' lang='grc' dir='ltr'>ἀφῆκε</span> <span class='ocrx_word' id='word_1_272' title='bbox 1107 2536 1176 2589; x_wconf 62' lang='grc' dir='ltr'>τὶ</span> <span class='ocrx_word' id='word_1_273' title='bbox 1222 2538 1741 2607; x_wconf 82' lang='grc' dir='ltr'>ὲννενηκονταεννέα</span> <span class='ocrx_word' id='word_1_274' title='bbox 1774 2541 1832 2593; x_wconf 85' lang='grc' dir='ltr'><strong>ἐν</strong></span> <span class='ocrx_word' id='word_1_275' title='bbox 1865 2539 1943 2611; x_wconf 84' lang='grc' dir='ltr'>τῷ</span> 
     </span>
    </p>
   </div>
   <div class='ocr_carea' id='block_1_38' title="bbox 353 2619 1945 2702">
    <p class='ocr_par' dir='ltr' id='par_1_38' title="bbox 353 2619 1945 2702">
     <span class='ocr_line' id='line_1_38' title="bbox 353 2619 1945 2702; baseline 0.009 -31"><span class='ocrx_word' id='word_1_276' title='bbox 353 2619 613 2690; x_wconf 80' lang='grc' dir='ltr'>οὐρανῷ·</span> <span class='ocrx_word' id='word_1_277' title='bbox 658 2623 872 2694; x_wconf 60' lang='grc' dir='ltr'>μορφὴν</span> <span class='ocrx_word' id='word_1_278' title='bbox 899 2623 957 2677; x_wconf 84' lang='grc' dir='ltr'><strong>δέ</strong></span> <span class='ocrx_word' id='word_1_279' title='bbox 997 2624 1185 2681; x_wconf 84' lang='grc' dir='ltr'>δούλου</span> <span class='ocrx_word' id='word_1_280' title='bbox 1219 2628 1426 2697; x_wconf 87' lang='grc' dir='ltr'>λαϐὼν,</span> <span class='ocrx_word' id='word_1_281' title='bbox 1452 2626 1582 2702; x_wconf 74' lang='grc' dir='ltr'>ἦλθε</span> <span class='ocrx_word' id='word_1_282' title='bbox 1617 2630 1852 2701; x_wconf 80' lang='grc' dir='ltr'>ζητῆσαι</span> <span class='ocrx_word' id='word_1_283' title='bbox 1883 2631 1945 2686; x_wconf 76' lang='grc' dir='ltr'>τὸ</span> 
     </span>
    </p>
   </div>
   <div class='ocr_carea' id='block_1_39' title="bbox 356 2708 1945 2796">
    <p class='ocr_par' dir='ltr' id='par_1_39' title="bbox 356 2708 1945 2796">
     <span class='ocr_line' id='line_1_39' title="bbox 356 2708 1945 2796; baseline 0.011 -34"><span class='ocrx_word' id='word_1_284' title='bbox 356 2708 415 2762; x_wconf 79' lang='grc' dir='ltr'>ἓν</span> <span class='ocrx_word' id='word_1_285' title='bbox 446 2711 751 2780; x_wconf 72' lang='grc' dir='ltr'>πρόϐατον,</span> <span class='ocrx_word' id='word_1_286' title='bbox 775 2714 802 2767; x_wconf 81' lang='grc' dir='ltr'><strong>ὃ</strong></span> <span class='ocrx_word' id='word_1_287' title='bbox 825 2717 971 2771; x_wconf 80' lang='grc' dir='ltr'>ἐστιν</span> <span class='ocrx_word' id='word_1_288' title='bbox 998 2719 1368 2793; x_wconf 83' lang='grc' dir='ltr'>ήὰνθρωπίνη</span> <span class='ocrx_word' id='word_1_289' title='bbox 1402 2739 1585 2790; x_wconf 77' lang='grc' dir='ltr'>φυσις.</span> <span class='ocrx_word' id='word_1_290' title='bbox 1625 2725 1735 2778; x_wconf 76' lang='grc' dir='ltr'>Καὶ</span> <span class='ocrx_word' id='word_1_291' title='bbox 1765 2725 1945 2796; x_wconf 83' lang='grc' dir='ltr'>χαίρει</span> 
     </span>
    </p>
   </div>
   <div class='ocr_carea' id='block_1_40' title="bbox 360 2802 1944 2887">
    <p class='ocr_par' dir='ltr' id='par_1_40' title="bbox 360 2802 1944 2887">
     <span class='ocr_line' id='line_1_40' title="bbox 360 2802 1944 2887; baseline 0.011 -34"><span class='ocrx_word' id='word_1_292' title='bbox 360 2802 458 2855; x_wconf 75' lang='grc' dir='ltr'>ἐπὶ</span> <span class='ocrx_word' id='word_1_293' title='bbox 494 2802 692 2875; x_wconf 84' lang='grc' dir='ltr'>τούτῳ,</span> <span class='ocrx_word' id='word_1_294' title='bbox 722 2806 754 2877; x_wconf 79' lang='grc' dir='ltr'>ἦ</span> <span class='ocrx_word' id='word_1_295' title='bbox 781 2808 872 2861; x_wconf 68' lang='grc' dir='ltr'><strong>ἐπὶ</strong></span> <span class='ocrx_word' id='word_1_296' title='bbox 897 2811 962 2879; x_wconf 83' lang='grc' dir='ltr'>τῇ</span> <span class='ocrx_word' id='word_1_297' title='bbox 991 2809 1097 2863; x_wconf 88' lang='grc' dir='ltr'><strong>τῶν</strong></span> <span class='ocrx_word' id='word_1_298' title='bbox 1119 2812 1368 2880; x_wconf 79' lang='grc' dir='ltr'>ἀγγέλων</span> <span class='ocrx_word' id='word_1_299' title='bbox 1394 2815 1737 2887; x_wconf 76' lang='grc' dir='ltr'>στερρότητι.</span> <span class='ocrx_word' id='word_1_300' title='bbox 1771 2810 1944 2870; x_wconf 78' lang='grc' dir='ltr'>Τοῦτο</span> 
     </span>
    </p>
   </div>
   <div class='ocr_carea' id='block_1_41' title="bbox 363 2895 1946 2977">
    <p class='ocr_par' dir='ltr' id='par_1_41' title="bbox 363 2895 1946 2977">
     <span class='ocr_line' id='line_1_41' title="bbox 363 2895 1946 2977; baseline 0.008 -30"><span class='ocrx_word' id='word_1_301' title='bbox 363 2895 751 2967; x_wconf 80' lang='grc' dir='ltr'>συλληπτικῶς</span> <span class='ocrx_word' id='word_1_302' title='bbox 785 2900 1104 2967; x_wconf 76' lang='grc' dir='ltr'>αἰνίττεται,</span> <span class='ocrx_word' id='word_1_303' title='bbox 1125 2902 1207 2955; x_wconf 82' lang='grc' dir='ltr'><strong>ὅτι</strong></span> <span class='ocrx_word' id='word_1_304' title='bbox 1237 2903 1265 2955; x_wconf 83' lang='grc' dir='ltr'>ὁ</span> <span class='ocrx_word' id='word_1_305' title='bbox 1293 2902 1426 2968; x_wconf 83' lang='grc' dir='ltr'>Θεὸς</span> <span class='ocrx_word' id='word_1_306' title='bbox 1451 2904 1794 2975; x_wconf 71' lang='grc' dir='ltr'>ἐπιμελεῖται</span> <span class='ocrx_word' id='word_1_307' title='bbox 1845 2907 1946 2977; x_wconf 78' lang='grc' dir='ltr'>τῆς</span> 
     </span>
    </p>
   </div>
   <div class='ocr_carea' id='block_1_42' title="bbox 362 2988 1946 3065">
    <p class='ocr_par' dir='ltr' id='par_1_42' title="bbox 362 2988 1946 3065">
     <span class='ocr_line' id='line_1_42' title="bbox 362 2988 1946 3065; baseline 0.007 -26"><span class='ocrx_word' id='word_1_308' title='bbox 362 2988 709 3059; x_wconf 78' lang='grc' dir='ltr'>ἐπιστροφῆς</span> <span class='ocrx_word' id='word_1_309' title='bbox 749 2989 858 3043; x_wconf 90' lang='grc' dir='ltr'><strong>τῶν</strong></span> <span class='ocrx_word' id='word_1_310' title='bbox 883 2992 1245 3064; x_wconf 84' lang='grc' dir='ltr'>ἁμαρτωλῶν,</span> <span class='ocrx_word' id='word_1_311' title='bbox 1281 2995 1372 3047; x_wconf 77' lang='grc' dir='ltr'><strong>καὶ</strong></span> <span class='ocrx_word' id='word_1_312' title='bbox 1410 2992 1591 3065; x_wconf 77' lang='grc' dir='ltr'>χαίρει</span> <span class='ocrx_word' id='word_1_313' title='bbox 1618 2997 1708 3049; x_wconf 73' lang='grc' dir='ltr'><strong>ἐπὶ</strong></span> <span class='ocrx_word' id='word_1_314' title='bbox 1735 2996 1946 3062; x_wconf 78' lang='grc' dir='ltr'>τούτοις</span> 
     </span>
    </p>
   </div>
   <div class='ocr_carea' id='block_1_43' title="bbox 368 3078 1609 3157">
    <p class='ocr_par' dir='ltr' id='par_1_43' title="bbox 368 3078 1609 3157">
     <span class='ocr_line' id='line_1_43' title="bbox 368 3078 1609 3157; baseline 0.01 -27"><span class='ocrx_word' id='word_1_315' title='bbox 368 3078 573 3148; x_wconf 71' lang='grc' dir='ltr'>μᾶλλον</span> <span class='ocrx_word' id='word_1_316' title='bbox 599 3080 632 3151; x_wconf 81' lang='grc' dir='ltr'>ἢ</span> <span class='ocrx_word' id='word_1_317' title='bbox 657 3083 767 3145; x_wconf 85' lang='grc' dir='ltr'>τοῖς</span> <span class='ocrx_word' id='word_1_318' title='bbox 795 3082 1024 3153; x_wconf 80' lang='grc' dir='ltr'>μόνιμον</span> <span class='ocrx_word' id='word_1_319' title='bbox 1046 3083 1228 3155; x_wconf 79' lang='grc' dir='ltr'>ἔχουσι</span> <span class='ocrx_word' id='word_1_320' title='bbox 1251 3087 1348 3155; x_wconf 68' lang='grc' dir='ltr'><strong>τὴν</strong></span> <span class='ocrx_word' id='word_1_321' title='bbox 1382 3090 1609 3157; x_wconf 78' lang='grc' dir='ltr'>ἀρετήν.</span> 
     </span>
    </p>
   </div>
   <div class='ocr_carea' id='block_1_44' title="bbox 447 3169 1937 3245">
    <p class='ocr_par' dir='ltr' id='par_1_44' title="bbox 447 3169 1937 3245">
     <span class='ocr_line' id='line_1_44' title="bbox 447 3169 1937 3245; baseline 0.007 -26"><span class='ocrx_word' id='word_1_322' title='bbox 447 3189 466 3218; x_wconf 78' lang='grc' dir='ltr'><strong>ι</strong></span> <span class='ocrx_word' id='word_1_323' title='bbox 508 3169 635 3222; x_wconf 75' lang='grc' dir='ltr'><strong>Ἐὰν</strong></span> <span class='ocrx_word' id='word_1_324' title='bbox 674 3169 729 3222; x_wconf 84' lang='grc' dir='ltr'>δὲ</span> <span class='ocrx_word' id='word_1_325' title='bbox 772 3171 1065 3244; x_wconf 69' lang='grc' dir='ltr'>ἁμαρτήσῃ</span> <span class='ocrx_word' id='word_1_326' title='bbox 1104 3175 1181 3237; x_wconf 77' lang='grc' dir='ltr'><strong>είς</strong></span> <span class='ocrx_word' id='word_1_327' title='bbox 1209 3174 1265 3226; x_wconf 83' lang='grc' dir='ltr'>σὲ</span> <span class='ocrx_word' id='word_1_328' title='bbox 1295 3176 1326 3227; x_wconf 79' lang='grc' dir='ltr'>ΰ</span> <span class='ocrx_word' id='word_1_329' title='bbox 1359 3175 1583 3245; x_wconf 70' lang='grc' dir='ltr'>ἁδελφός</span> <span class='ocrx_word' id='word_1_330' title='bbox 1614 3193 1729 3241; x_wconf 79' lang='grc' dir='ltr'>σου,</span> <span class='ocrx_word' id='word_1_331' title='bbox 1762 3175 1937 3245; x_wconf 76' lang='grc' dir='ltr'>ὕπαγε</span> 
     </span>
    </p>
   </div>
   <div class='ocr_carea' id='block_1_45' title="bbox 369 3259 1937 3338">
    <p class='ocr_par' dir='ltr' id='par_1_45' title="bbox 369 3259 1937 3338">
     <span class='ocr_line' id='line_1_45' title="bbox 369 3259 1937 3338; baseline 0.006 -27"><span class='ocrx_word' id='word_1_332' title='bbox 369 3259 467 3314; x_wconf 67' lang='grc' dir='ltr'><strong>καὶ</strong></span> <span class='ocrx_word' id='word_1_333' title='bbox 502 3260 724 3329; x_wconf 76' lang='grc' dir='ltr'>ἔλεγξον</span> <span class='ocrx_word' id='word_1_334' title='bbox 768 3264 929 3317; x_wconf 74' lang='grc' dir='ltr'>αὐτόν</span> <span class='ocrx_word' id='word_1_335' title='bbox 984 3265 1189 3335; x_wconf 74' lang='grc' dir='ltr'>μεταξῦ</span> <span class='ocrx_word' id='word_1_336' title='bbox 1230 3267 1324 3320; x_wconf 82' lang='grc' dir='ltr'>σοῦ</span> <span class='ocrx_word' id='word_1_337' title='bbox 1369 3267 1462 3320; x_wconf 75' lang='grc' dir='ltr'>καὶ</span> <span class='ocrx_word' id='word_1_338' title='bbox 1511 3267 1675 3322; x_wconf 70' lang='grc' dir='ltr'>αὑτοῦ</span> <span class='ocrx_word' id='word_1_339' title='bbox 1735 3267 1895 3338; x_wconf 79' lang='grc' dir='ltr'>μόνον</span> <span class='ocrx_word' id='word_1_340' title='bbox 1922 3280 1937 3301; x_wconf 71' lang='grc'><strong>⁸</strong></span> 
     </span>
    </p>
   </div>
   <div class='ocr_carea' id='block_1_46' title="bbox 368 3350 1944 3430">
    <p class='ocr_par' dir='ltr' id='par_1_46' title="bbox 368 3350 1944 3430">
     <span class='ocr_line' id='line_1_46' title="bbox 368 3350 1944 3430; baseline 0.006 -29"><span class='ocrx_word' id='word_1_341' title='bbox 368 3350 465 3403; x_wconf 71' lang='grc' dir='ltr'>ἐάν</span> <span class='ocrx_word' id='word_1_342' title='bbox 497 3370 593 3405; x_wconf 87' lang='grc' dir='ltr'>σου</span> <span class='ocrx_word' id='word_1_343' title='bbox 647 3354 877 3430; x_wconf 73' lang='grc' dir='ltr'>ἀκούσῃ,</span> <span class='ocrx_word' id='word_1_344' title='bbox 912 3356 1210 3426; x_wconf 78' lang='grc' dir='ltr'>ἐκέρδησας</span> <span class='ocrx_word' id='word_1_345' title='bbox 1248 3358 1339 3411; x_wconf 73' lang='grc' dir='ltr'><strong>τὸν</strong></span> <span class='ocrx_word' id='word_1_346' title='bbox 1386 3359 1611 3427; x_wconf 61' lang='grc' dir='ltr'>ἀδελφόν</span> <span class='ocrx_word' id='word_1_347' title='bbox 1658 3377 1774 3413; x_wconf 86' lang='grc' dir='ltr'>σου.</span> <span class='ocrx_word' id='word_1_348' title='bbox 1818 3358 1944 3413; x_wconf 80' lang='grc' dir='ltr'><strong>Ἐὰν</strong></span> 
     </span>
    </p>
   </div>
   <div class='ocr_carea' id='block_1_47' title="bbox 367 3444 1943 3523">
    <p class='ocr_par' dir='ltr' id='par_1_47' title="bbox 367 3444 1943 3523">
     <span class='ocr_line' id='line_1_47' title="bbox 367 3444 1943 3523; baseline 0.005 -28"><span class='ocrx_word' id='word_1_349' title='bbox 367 3444 429 3496; x_wconf 67' lang='lat' dir='ltr'><strong>es</strong></span> <span class='ocrx_word' id='word_1_350' title='bbox 465 3445 540 3515; x_wconf 83' lang='grc' dir='ltr'>μὴ</span> <span class='ocrx_word' id='word_1_351' title='bbox 580 3445 824 3519; x_wconf 78' lang='grc' dir='ltr'>ἀκούσῃ,</span> <span class='ocrx_word' id='word_1_352' title='bbox 875 3448 1157 3518; x_wconf 84' lang='grc' dir='ltr'>παράλαϐε</span> <span class='ocrx_word' id='word_1_353' title='bbox 1196 3450 1334 3519; x_wconf 78' lang='grc' dir='ltr'>μετὰ</span> <span class='ocrx_word' id='word_1_354' title='bbox 1375 3449 1467 3503; x_wconf 79' lang='grc' dir='ltr'><strong>σοῦ</strong></span> <span class='ocrx_word' id='word_1_355' title='bbox 1502 3450 1580 3504; x_wconf 80' lang='grc' dir='ltr'><strong>ἔτι</strong></span> <span class='ocrx_word' id='word_1_356' title='bbox 1623 3451 1782 3523; x_wconf 76' lang='grc' dir='ltr'>ἐναῆ</span> <span class='ocrx_word' id='word_1_357' title='bbox 1830 3449 1943 3515; x_wconf 84' lang='grc' dir='ltr'>δύο,</span> 
     </span>
    </p>
   </div>
   <div class='ocr_carea' id='block_1_48' title="bbox 374 3535 1948 3613">
    <p class='ocr_par' dir='ltr' id='par_1_48' title="bbox 374 3535 1948 3613">
     <span class='ocr_line' id='line_1_48' title="bbox 374 3535 1948 3613; baseline 0.006 -27"><span class='ocrx_word' id='word_1_358' title='bbox 374 3535 466 3587; x_wconf 55' lang='grc' dir='ltr'>ἵνα</span> <span class='ocrx_word' id='word_1_359' title='bbox 500 3535 593 3589; x_wconf 78' lang='grc' dir='ltr'>ἐπὶ</span> <span class='ocrx_word' id='word_1_360' title='bbox 625 3537 893 3603; x_wconf 85' lang='grc' dir='ltr'>στόματος</span> <span class='ocrx_word' id='word_1_361' title='bbox 919 3537 1012 3590; x_wconf 89' lang='grc' dir='ltr'><strong>δύο</strong></span> <span class='ocrx_word' id='word_1_362' title='bbox 1044 3539 1335 3610; x_wconf 87' lang='grc' dir='ltr'>μαρτύρων</span> <span class='ocrx_word' id='word_1_363' title='bbox 1370 3540 1403 3610; x_wconf 79' lang='grc' dir='ltr'>ἦ</span> <span class='ocrx_word' id='word_1_364' title='bbox 1433 3542 1598 3613; x_wconf 77' lang='grc' dir='ltr'>τριῶν</span> <span class='ocrx_word' id='word_1_365' title='bbox 1637 3541 1805 3612; x_wconf 85' lang='grc' dir='ltr'>σταθῇ</span> <span class='ocrx_word' id='word_1_366' title='bbox 1839 3544 1948 3595; x_wconf 73' lang='grc' dir='ltr'>πᾶν</span> 
     </span>
    </p>
   </div>
   <div class='ocr_carea' id='block_1_49' title="bbox 378 3627 1928 3705">
    <p class='ocr_par' dir='ltr' id='par_1_49' title="bbox 378 3627 1928 3705">
     <span class='ocr_line' id='line_1_49' title="bbox 378 3627 1928 3705; baseline 0.001 -23"><span class='ocrx_word' id='word_1_367' title='bbox 378 3628 532 3697; x_wconf 55' lang='grc' dir='ltr'>ῥῖλμα</span> <span class='ocrx_word' id='word_1_368' title='bbox 561 3644 574 3657; x_wconf 76' lang='grc'><strong><em>⁸</em></strong></span> <span class='ocrx_word' id='word_1_369' title='bbox 611 3627 707 3682; x_wconf 78' lang='grc' dir='ltr'><strong>ἐὰν</strong></span> <span class='ocrx_word' id='word_1_370' title='bbox 747 3630 804 3682; x_wconf 80' lang='grc' dir='ltr'>δὲ</span> <span class='ocrx_word' id='word_1_371' title='bbox 854 3631 1178 3703; x_wconf 83' lang='grc' dir='ltr'>παρακούσῃ</span> <span class='ocrx_word' id='word_1_372' title='bbox 1212 3632 1428 3697; x_wconf 83' lang='grc' dir='ltr'>αὐτῶν,</span> <span class='ocrx_word' id='word_1_373' title='bbox 1469 3634 1587 3686; x_wconf 79' lang='grc' dir='ltr'>εἰπὲ</span> <span class='ocrx_word' id='word_1_374' title='bbox 1619 3637 1683 3705; x_wconf 78' lang='grc' dir='ltr'>τῇ</span> <span class='ocrx_word' id='word_1_375' title='bbox 1730 3634 1928 3704; x_wconf 88' lang='grc' dir='ltr'>Ἐκκλη</span> 
     </span>
    </p>
   </div>
   <div class='ocr_carea' id='block_1_50' title="bbox 381 3718 1951 3794">
    <p class='ocr_par' dir='ltr' id='par_1_50' title="bbox 381 3718 1951 3794">
     <span class='ocr_line' id='line_1_50' title="bbox 381 3718 1951 3794; baseline 0.004 -24"><span class='ocrx_word' id='word_1_376' title='bbox 381 3720 472 3789; x_wconf 50' lang='lat' dir='ltr'><strong>sic,</strong></span> <span class='ocrx_word' id='word_1_377' title='bbox 496 3735 508 3747; x_wconf 74' lang='grc' dir='ltr'><strong><em>ο</em></strong></span> <span class='ocrx_word' id='word_1_378' title='bbox 535 3718 630 3772; x_wconf 74' lang='grc' dir='ltr'><strong>ἐὰν</strong></span> <span class='ocrx_word' id='word_1_379' title='bbox 657 3720 713 3772; x_wconf 79' lang='grc' dir='ltr'>δὲ</span> <span class='ocrx_word' id='word_1_380' title='bbox 767 3721 861 3775; x_wconf 73' lang='grc' dir='ltr'><strong>καὶ</strong></span> <span class='ocrx_word' id='word_1_381' title='bbox 904 3722 1004 3791; x_wconf 82' lang='grc' dir='ltr'>τῆς</span> <span class='ocrx_word' id='word_1_382' title='bbox 1039 3722 1365 3793; x_wconf 80' lang='grc' dir='ltr'>Ἐκκλησίας</span> <span class='ocrx_word' id='word_1_383' title='bbox 1398 3723 1726 3794; x_wconf 73' lang='grc' dir='ltr'>παρακούσῃ</span> <span class='ocrx_word' id='word_1_384' title='bbox 1749 3763 1761 3784; x_wconf 93' lang='grc'><strong>,</strong></span> <span class='ocrx_word' id='word_1_385' title='bbox 1811 3723 1951 3777; x_wconf 73' lang='grc' dir='ltr'>ἔστω</span> 
     </span>
    </p>
   </div>
   <div class='ocr_carea' id='block_1_51' title="bbox 381 3808 1953 3884">
    <p class='ocr_par' dir='ltr' id='par_1_51' title="bbox 381 3808 1953 3884">
     <span class='ocr_line' id='line_1_51' title="bbox 381 3808 1953 3884; baseline 0.005 -24"><span class='ocrx_word' id='word_1_386' title='bbox 381 3825 462 3860; x_wconf 56' lang='grc' dir='ltr'><strong>τοι</strong></span> <span class='ocrx_word' id='word_1_387' title='bbox 487 3808 727 3881; x_wconf 86' lang='grc' dir='ltr'>ῶσπερό</span> <span class='ocrx_word' id='word_1_388' title='bbox 760 3812 973 3875; x_wconf 69' lang='grc' dir='ltr'>ἐθνικὸς</span> <span class='ocrx_word' id='word_1_389' title='bbox 1004 3813 1097 3865; x_wconf 72' lang='grc' dir='ltr'><strong>καὶ</strong></span> <span class='ocrx_word' id='word_1_390' title='bbox 1134 3814 1161 3865; x_wconf 85' lang='grc' dir='ltr'>ὁ</span> <span class='ocrx_word' id='word_1_391' title='bbox 1206 3813 1465 3882; x_wconf 72' lang='grc' dir='ltr'>τελώνης.</span> <span class='ocrx_word' id='word_1_392' title='bbox 1511 3833 1529 3866; x_wconf 76' lang='grc' dir='ltr'><strong>ι</strong></span> <span class='ocrx_word' id='word_1_393' title='bbox 1576 3814 1813 3884; x_wconf 56' lang='grc' dir='ltr'>Σίξοδρὸν</span> <span class='ocrx_word' id='word_1_394' title='bbox 1852 3830 1953 3868; x_wconf 83' lang='grc' dir='ltr'>κα-</span> 
     </span>
    </p>
   </div>
   <div class='ocr_carea' id='block_1_52' title="bbox 380 3898 1953 3972">
    <p class='ocr_par' dir='ltr' id='par_1_52' title="bbox 380 3898 1953 3972">
     <span class='ocr_line' id='line_1_52' title="bbox 380 3898 1953 3972; baseline 0.004 -22"><span class='ocrx_word' id='word_1_395' title='bbox 380 3898 629 3962; x_wconf 75' lang='grc' dir='ltr'>τατείνας</span> <span class='ocrx_word' id='word_1_396' title='bbox 677 3899 819 3954; x_wconf 80' lang='grc' dir='ltr'>κατὰ</span> <span class='ocrx_word' id='word_1_397' title='bbox 868 3900 975 3956; x_wconf 86' lang='grc' dir='ltr'><strong>τῶν</strong></span> <span class='ocrx_word' id='word_1_398' title='bbox 1005 3902 1467 3966; x_wconf 79' lang='grc' dir='ltr'>σκανδαλιζόντων</span> <span class='ocrx_word' id='word_1_399' title='bbox 1500 3903 1677 3972; x_wconf 86' lang='grc' dir='ltr'>λόγον,</span> <span class='ocrx_word' id='word_1_400' title='bbox 1734 3904 1830 3957; x_wconf 85' lang='grc' dir='ltr'>νῦν</span> <span class='ocrx_word' id='word_1_401' title='bbox 1858 3904 1953 3958; x_wconf 74' lang='grc' dir='ltr'><strong>καὶ</strong></span> 
     </span>
    </p>
   </div>
   <div class='ocr_carea' id='block_1_53' title="bbox 382 3992 1956 4067">
    <p class='ocr_par' dir='ltr' id='par_1_53' title="bbox 382 3992 1956 4067">
     <span class='ocr_line' id='line_1_53' title="bbox 382 3992 1956 4067; baseline 0.005 -25"><span class='ocrx_word' id='word_1_402' title='bbox 382 3994 507 4054; x_wconf 70' lang='grc' dir='ltr'>τοὺς</span> <span class='ocrx_word' id='word_1_403' title='bbox 556 3992 1080 4063; x_wconf 78' lang='grc' dir='ltr'>σκανδαλιζομένους</span> <span class='ocrx_word' id='word_1_404' title='bbox 1134 3994 1463 4067; x_wconf 85' lang='grc' dir='ltr'>διορθοῦται.</span> <span class='ocrx_word' id='word_1_405' title='bbox 1500 3996 1620 4049; x_wconf 83' lang='grc' dir='ltr'>Ἵνα</span> <span class='ocrx_word' id='word_1_406' title='bbox 1661 3996 1770 4066; x_wconf 86' lang='grc' dir='ltr'><strong>γὰρ</strong></span> <span class='ocrx_word' id='word_1_407' title='bbox 1815 3996 1881 4048; x_wconf 81' lang='grc' dir='ltr'><strong>σὺ</strong></span> <span class='ocrx_word' id='word_1_408' title='bbox 1927 3996 1956 4050; x_wconf 87' lang='lat'><strong>6</strong></span> 
     </span>
    </p>
   </div>
   <div class='ocr_carea' id='block_1_54' title="bbox 387 4083 1956 4158">
    <p class='ocr_par' dir='ltr' id='par_1_54' title="bbox 387 4083 1956 4158">
     <span class='ocr_line' id='line_1_54' title="bbox 387 4083 1956 4158; baseline 0.004 -23"><span class='ocrx_word' id='word_1_409' title='bbox 387 4083 878 4154; x_wconf 69' lang='grc' dir='ltr'>σκανδαλιζόμενος</span> <span class='ocrx_word' id='word_1_410' title='bbox 930 4086 1007 4155; x_wconf 79' lang='grc' dir='ltr'>μὴ</span> <span class='ocrx_word' id='word_1_411' title='bbox 1053 4087 1333 4151; x_wconf 80' lang='grc' dir='ltr'>παντελῶς</span> <span class='ocrx_word' id='word_1_412' title='bbox 1395 4085 1693 4158; x_wconf 70' lang='grc' dir='ltr'>ἁναπέσῃς,</span> <span class='ocrx_word' id='word_1_413' title='bbox 1735 4088 1809 4149; x_wconf 79' lang='grc' dir='ltr'>ὡς</span> <span class='ocrx_word' id='word_1_414' title='bbox 1861 4089 1956 4141; x_wconf 78' lang='grc' dir='ltr'><strong>τοῦ</strong></span> 
     </span>
    </p>
   </div>
   <div class='ocr_carea' id='block_1_55' title="bbox 385 4175 1951 4250">
    <p class='ocr_par' dir='ltr' id='par_1_55' title="bbox 385 4175 1951 4250">
     <span class='ocr_line' id='line_1_55' title="bbox 385 4175 1951 4250; baseline 0.001 -21"><span class='ocrx_word' id='word_1_415' title='bbox 385 4175 829 4240; x_wconf 80' lang='grc' dir='ltr'>σκανδαλίζοντος</span> <span class='ocrx_word' id='word_1_416' title='bbox 873 4177 933 4229; x_wconf 80' lang='grc' dir='ltr'><strong>τὸ</strong></span> <span class='ocrx_word' id='word_1_417' title='bbox 974 4178 1095 4230; x_wconf 71' lang='grc' dir='ltr'>οὐαὶ</span> <span class='ocrx_word' id='word_1_418' title='bbox 1128 4177 1342 4250; x_wconf 77' lang='grc' dir='ltr'>ἔχοντος</span> <span class='ocrx_word' id='word_1_419' title='bbox 1369 4218 1385 4247; x_wconf 90' lang='grc'><strong>,</strong></span> <span class='ocrx_word' id='word_1_420' title='bbox 1436 4179 1622 4249; x_wconf 70' lang='grc' dir='ltr'>φησὶν,</span> <span class='ocrx_word' id='word_1_421' title='bbox 1648 4180 1730 4232; x_wconf 81' lang='grc' dir='ltr'><strong>ὅτι</strong></span> <span class='ocrx_word' id='word_1_422' title='bbox 1760 4179 1828 4231; x_wconf 84' lang='grc' dir='ltr'><strong>Σὲ</strong></span> <span class='ocrx_word' id='word_1_423' title='bbox 1860 4179 1951 4231; x_wconf 74' lang='grc' dir='ltr'><strong>τὸν</strong></span> 
     </span>
    </p>
   </div>
   <div class='ocr_carea' id='block_1_56' title="bbox 388 4268 1957 4342">
    <p class='ocr_par' dir='ltr' id='par_1_56' title="bbox 388 4268 1957 4342">
     <span class='ocr_line' id='line_1_56' title="bbox 388 4268 1957 4342; baseline 0.004 -24"><span class='ocrx_word' id='word_1_424' title='bbox 388 4268 874 4338; x_wconf 76' lang='grc' dir='ltr'>σκανδαλιζόμενον</span> <span class='ocrx_word' id='word_1_425' title='bbox 897 4306 915 4332; x_wconf 88' lang='grc'><strong>,</strong></span> <span class='ocrx_word' id='word_1_426' title='bbox 946 4270 1195 4323; x_wconf 71' lang='grc' dir='ltr'>τουτέστι</span> <span class='ocrx_word' id='word_1_427' title='bbox 1251 4270 1645 4342; x_wconf 81' lang='grc' dir='ltr'>βλαπτόμενον,</span> <span class='ocrx_word' id='word_1_428' title='bbox 1692 4270 1957 4341; x_wconf 83' lang='grc' dir='ltr'>βούλομαι</span> 
     </span>
    </p>
   </div>
   <div class='ocr_carea' id='block_1_57' title="bbox 386 4358 1957 4431">
    <p class='ocr_par' dir='ltr' id='par_1_57' title="bbox 386 4358 1957 4431">
     <span class='ocr_line' id='line_1_57' title="bbox 386 4358 1957 4431; baseline 0.004 -22"><span class='ocrx_word' id='word_1_429' title='bbox 386 4358 627 4428; x_wconf 76' lang='grc' dir='ltr'>ἐλέγχειν</span> <span class='ocrx_word' id='word_1_430' title='bbox 673 4361 799 4421; x_wconf 77' lang='grc' dir='ltr'>τοὺς</span> <span class='ocrx_word' id='word_1_431' title='bbox 847 4359 1166 4423; x_wconf 76' lang='grc' dir='ltr'>ἀδικοῦντάς</span> <span class='ocrx_word' id='word_1_432' title='bbox 1213 4378 1271 4413; x_wconf 86' lang='grc' dir='ltr'><strong>σε</strong></span> <span class='ocrx_word' id='word_1_433' title='bbox 1321 4361 1417 4414; x_wconf 79' lang='grc' dir='ltr'>καὶ</span> <span class='ocrx_word' id='word_1_434' title='bbox 1469 4360 1825 4431; x_wconf 78' lang='grc' dir='ltr'>βλάπτοντας,</span> <span class='ocrx_word' id='word_1_435' title='bbox 1862 4362 1957 4416; x_wconf 76' lang='grc' dir='ltr'>ἐὰν</span> 
     </span>
    </p>
   </div>
   <div class='ocr_carea' id='block_1_58' title="bbox 2120 1428 3623 1498">
    <p class='ocr_par' dir='ltr' id='par_1_58' title="bbox 2120 1428 3623 1498">
     <span class='ocr_line' id='line_1_58' title="bbox 2120 1428 3623 1498; baseline 0.001 -17"><span class='ocrx_word' id='word_1_436' title='bbox 2120 1435 2280 1487; x_wconf 70' lang='lat' dir='ltr'><strong>Vens.</strong></span> <span class='ocrx_word' id='word_1_437' title='bbox 2330 1431 2513 1487; x_wconf 71' lang='grc'><strong>1214.</strong></span> <span class='ocrx_word' id='word_1_438' title='bbox 2577 1450 2594 1483; x_wconf 80' lang='grc' dir='ltr'><strong>ι</strong></span> <span class='ocrx_word' id='word_1_439' title='bbox 2631 1429 2768 1498; x_wconf 84' lang='lat' dir='ltr'><strong>Quid</strong></span> <span class='ocrx_word' id='word_1_440' title='bbox 2815 1431 2967 1486; x_wconf 82' lang='lat' dir='ltr'><strong>vobis</strong></span> <span class='ocrx_word' id='word_1_441' title='bbox 3015 1429 3270 1485; x_wconf 82' lang='lat' dir='ltr'><strong>videtur?</strong></span> <span class='ocrx_word' id='word_1_442' title='bbox 3303 1428 3360 1484; x_wconf 89' lang='lat' dir='ltr'><strong>Si</strong></span> <span class='ocrx_word' id='word_1_443' title='bbox 3421 1430 3623 1484; x_wconf 83' lang='lat' dir='ltr'><strong>fuerint</strong></span> 
     </span>
    </p>
   </div>
   <div class='ocr_carea' id='block_1_59' title="bbox 2043 1522 3619 1589">
    <p class='ocr_par' dir='ltr' id='par_1_59' title="bbox 2043 1522 3619 1589">
     <span class='ocr_line' id='line_1_59' title="bbox 2043 1522 3619 1589; baseline -0.003 -8"><span class='ocrx_word' id='word_1_444' title='bbox 2043 1528 2202 1582; x_wconf 82' lang='lat' dir='ltr'><strong>alicui</strong></span> <span class='ocrx_word' id='word_1_445' title='bbox 2244 1526 2447 1580; x_wconf 86' lang='lat' dir='ltr'><strong>homini</strong></span> <span class='ocrx_word' id='word_1_446' title='bbox 2484 1535 2701 1580; x_wconf 85' lang='lat' dir='ltr'><strong>centum</strong></span> <span class='ocrx_word' id='word_1_447' title='bbox 2726 1538 2873 1589; x_wconf 86' lang='lat' dir='ltr'><strong>oves,</strong></span> <span class='ocrx_word' id='word_1_448' title='bbox 2902 1532 2956 1577; x_wconf 89' lang='lat' dir='ltr'><strong>et</strong></span> <span class='ocrx_word' id='word_1_449' title='bbox 2987 1522 3249 1578; x_wconf 89' lang='lat' dir='ltr'><strong>erraverit</strong></span> <span class='ocrx_word' id='word_1_450' title='bbox 3276 1538 3377 1576; x_wconf 87' lang='lat' dir='ltr'><strong>una</strong></span> <span class='ocrx_word' id='word_1_451' title='bbox 3407 1536 3471 1577; x_wconf 76' lang='lat' dir='ltr'><strong>ex</strong></span> <span class='ocrx_word' id='word_1_452' title='bbox 3509 1523 3619 1577; x_wconf 85' lang='lat' dir='ltr'><strong>eis:</strong></span> 
     </span>
    </p>
   </div>
   <div class='ocr_carea' id='block_1_60' title="bbox 2045 1614 3626 1683">
    <p class='ocr_par' dir='ltr' id='par_1_60' title="bbox 2045 1614 3626 1683">
     <span class='ocr_line' id='line_1_60' title="bbox 2045 1614 3626 1683; baseline -0.004 -9"><span class='ocrx_word' id='word_1_453' title='bbox 2045 1634 2225 1674; x_wconf 72' lang='lat' dir='ltr'><strong>nonne.</strong></span> <span class='ocrx_word' id='word_1_454' title='bbox 2258 1616 2461 1672; x_wconf 86' lang='lat' dir='ltr'><strong>relictis</strong></span> <span class='ocrx_word' id='word_1_455' title='bbox 2496 1617 2990 1683; x_wconf 80' lang='lat' dir='ltr'><strong>nonagintanovcm</strong></span> <span class='ocrx_word' id='word_1_456' title='bbox 3048 1614 3099 1668; x_wconf 92' lang='lat' dir='ltr'><strong>in</strong></span> <span class='ocrx_word' id='word_1_457' title='bbox 3152 1615 3443 1676; x_wconf 89' lang='lat' dir='ltr'><strong>montibus,</strong></span> <span class='ocrx_word' id='word_1_458' title='bbox 3481 1616 3626 1668; x_wconf 88' lang='lat' dir='ltr'><strong>vadit</strong></span> 
     </span>
    </p>
   </div>
   <div class='ocr_carea' id='block_1_61' title="bbox 2046 1704 3624 1779">
    <p class='ocr_par' dir='ltr' id='par_1_61' title="bbox 2046 1704 3624 1779">
     <span class='ocr_line' id='line_1_61' title="bbox 2046 1704 3624 1779; baseline -0.005 -16"><span class='ocrx_word' id='word_1_459' title='bbox 2046 1721 2100 1763; x_wconf 89' lang='lat' dir='ltr'><strong>et</strong></span> <span class='ocrx_word' id='word_1_460' title='bbox 2135 1709 2470 1779; x_wconf 65' lang='lat' dir='ltr'><strong>quaeriteam</strong></span> <span class='ocrx_word' id='word_1_461' title='bbox 2509 1722 2626 1777; x_wconf 85' lang='lat' dir='ltr'><strong>quae</strong></span> <span class='ocrx_word' id='word_1_462' title='bbox 2667 1705 2993 1760; x_wconf 82' lang='lat' dir='ltr'><strong>erraverat?</strong></span> <span class='ocrx_word' id='word_1_463' title='bbox 3046 1704 3108 1759; x_wconf 84' lang='lat' dir='ltr'><strong>Et</strong></span> <span class='ocrx_word' id='word_1_464' title='bbox 3155 1705 3199 1760; x_wconf 90' lang='lat' dir='ltr'><strong>si</strong></span> <span class='ocrx_word' id='word_1_465' title='bbox 3242 1706 3534 1775; x_wconf 81' lang='lat' dir='ltr'><strong>euntigerit</strong></span> <span class='ocrx_word' id='word_1_466' title='bbox 3566 1716 3624 1757; x_wconf 87' lang='lat' dir='ltr'><strong>ut</strong></span> 
     </span>
    </p>
   </div>
   <div class='ocr_carea' id='block_1_62' title="bbox 2045 1798 3623 1867">
    <p class='ocr_par' dir='ltr' id='par_1_62' title="bbox 2045 1798 3623 1867">
     <span class='ocr_line' id='line_1_62' title="bbox 2045 1798 3623 1867; baseline -0.005 -10"><span class='ocrx_word' id='word_1_467' title='bbox 2045 1801 2286 1859; x_wconf 79' lang='lat' dir='ltr'><strong>inveniat</strong></span> <span class='ocrx_word' id='word_1_468' title='bbox 2341 1816 2482 1865; x_wconf 87' lang='lat' dir='ltr'><strong>eam,</strong></span> <span class='ocrx_word' id='word_1_469' title='bbox 2546 1816 2702 1854; x_wconf 88' lang='lat' dir='ltr'><strong>amen</strong></span> <span class='ocrx_word' id='word_1_470' title='bbox 2750 1800 2868 1854; x_wconf 87' lang='lat' dir='ltr'><strong>dico</strong></span> <span class='ocrx_word' id='word_1_471' title='bbox 2920 1798 3097 1862; x_wconf 88' lang='lat' dir='ltr'><strong>vobis,</strong></span> <span class='ocrx_word' id='word_1_472' title='bbox 3138 1798 3330 1867; x_wconf 84' lang='lat' dir='ltr'><strong>gaudet</strong></span> <span class='ocrx_word' id='word_1_473' title='bbox 3363 1811 3524 1866; x_wconf 82' lang='lat' dir='ltr'><strong>super</strong></span> <span class='ocrx_word' id='word_1_474' title='bbox 3560 1813 3623 1849; x_wconf 68' lang='lat' dir='ltr'><strong>ea</strong></span> 
     </span>
    </p>
   </div>
   <div class='ocr_carea' id='block_1_63' title="bbox 2042 1893 3627 1965">
    <p class='ocr_par' dir='ltr' id='par_1_63' title="bbox 2042 1893 3627 1965">
     <span class='ocr_line' id='line_1_63' title="bbox 2042 1893 3627 1965; baseline -0.004 -16"><span class='ocrx_word' id='word_1_475' title='bbox 2042 1896 2239 1965; x_wconf 84' lang='lat' dir='ltr'><strong>magis,</strong></span> <span class='ocrx_word' id='word_1_476' title='bbox 2267 1911 2430 1964; x_wconf 77' lang='lat' dir='ltr'><strong>quam</strong></span> <span class='ocrx_word' id='word_1_477' title='bbox 2472 1909 2634 1964; x_wconf 84' lang='lat' dir='ltr'><strong>super</strong></span> <span class='ocrx_word' id='word_1_478' title='bbox 2666 1893 3152 1964; x_wconf 77' lang='lat' dir='ltr'><strong>nonagintanovem</strong></span> <span class='ocrx_word' id='word_1_479' title='bbox 3189 1906 3307 1959; x_wconf 66' lang='lat' dir='ltr'><strong>qua:</strong></span> <span class='ocrx_word' id='word_1_480' title='bbox 3342 1905 3446 1942; x_wconf 86' lang='lat' dir='ltr'><strong>non</strong></span> <span class='ocrx_word' id='word_1_481' title='bbox 3480 1904 3627 1943; x_wconf 87' lang='lat' dir='ltr'><strong>erra-</strong></span> 
     </span>
    </p>
   </div>
   <div class='ocr_carea' id='block_1_64' title="bbox 2049 1980 3625 2049">
    <p class='ocr_par' dir='ltr' id='par_1_64' title="bbox 2049 1980 3625 2049">
     <span class='ocr_line' id='line_1_64' title="bbox 2049 1980 3625 2049; baseline -0.006 -7"><span class='ocrx_word' id='word_1_482' title='bbox 2049 1996 2256 2042; x_wconf 88' lang='lat' dir='ltr'><strong>verant.</strong></span> <span class='ocrx_word' id='word_1_483' title='bbox 2286 1987 2375 2040; x_wconf 88' lang='lat' dir='ltr'><strong>Sic</strong></span> <span class='ocrx_word' id='word_1_484' title='bbox 2407 2002 2511 2041; x_wconf 86' lang='lat' dir='ltr'><strong>nou</strong></span> <span class='ocrx_word' id='word_1_485' title='bbox 2552 1994 2635 2040; x_wconf 80' lang='lat' dir='ltr'><strong>est</strong></span> <span class='ocrx_word' id='word_1_486' title='bbox 2672 1984 2917 2039; x_wconf 88' lang='lat' dir='ltr'><strong>voluntas</strong></span> <span class='ocrx_word' id='word_1_487' title='bbox 2939 1998 3119 2038; x_wconf 82' lang='lat' dir='ltr'><strong>rorant</strong></span> <span class='ocrx_word' id='word_1_488' title='bbox 3149 1980 3307 2036; x_wconf 84' lang='lat' dir='ltr'><strong>Patre</strong></span> <span class='ocrx_word' id='word_1_489' title='bbox 3331 1991 3511 2035; x_wconf 87' lang='lat' dir='ltr'><strong>vestro</strong></span> <span class='ocrx_word' id='word_1_490' title='bbox 3534 1982 3625 2049; x_wconf 87' lang='lat' dir='ltr'><strong>qui</strong></span> 
     </span>
    </p>
   </div>
   <div class='ocr_carea' id='block_1_65' title="bbox 2047 2072 3621 2147">
    <p class='ocr_par' dir='ltr' id='par_1_65' title="bbox 2047 2072 3621 2147">
     <span class='ocr_line' id='line_1_65' title="bbox 2047 2072 3621 2147; baseline -0.004 -14"><span class='ocrx_word' id='word_1_491' title='bbox 2047 2079 2102 2133; x_wconf 91' lang='lat' dir='ltr'><strong>in</strong></span> <span class='ocrx_word' id='word_1_492' title='bbox 2134 2079 2288 2135; x_wconf 67' lang='lat' dir='ltr'><strong>caelis</strong></span> <span class='ocrx_word' id='word_1_493' title='bbox 2312 2087 2415 2145; x_wconf 88' lang='lat' dir='ltr'><strong>est,</strong></span> <span class='ocrx_word' id='word_1_494' title='bbox 2450 2086 2508 2132; x_wconf 90' lang='lat' dir='ltr'><strong>ut</strong></span> <span class='ocrx_word' id='word_1_495' title='bbox 2539 2085 2723 2147; x_wconf 89' lang='lat' dir='ltr'><strong>pereat</strong></span> <span class='ocrx_word' id='word_1_496' title='bbox 2757 2090 2895 2130; x_wconf 87' lang='lat' dir='ltr'><strong>unus</strong></span> <span class='ocrx_word' id='word_1_497' title='bbox 2922 2077 2988 2129; x_wconf 90' lang='lat' dir='ltr'><strong>de</strong></span> <span class='ocrx_word' id='word_1_498' title='bbox 3033 2074 3241 2145; x_wconf 75' lang='lat' dir='ltr'><strong>pusillis</strong></span> <span class='ocrx_word' id='word_1_499' title='bbox 3294 2073 3432 2128; x_wconf 84' lang='lat' dir='ltr'><strong>istis.</strong></span> <span class='ocrx_word' id='word_1_500' title='bbox 3473 2091 3495 2124; x_wconf 66' lang='grc' dir='ltr'><strong>ι</strong></span> <span class='ocrx_word' id='word_1_501' title='bbox 3522 2072 3621 2126; x_wconf 90' lang='lat' dir='ltr'><strong>Cui</strong></span> 
     </span>
    </p>
   </div>
   <div class='ocr_carea' id='block_1_66' title="bbox 2045 2165 3623 2230">
    <p class='ocr_par' dir='ltr' id='par_1_66' title="bbox 2045 2165 3623 2230">
     <span class='ocr_line' id='line_1_66' title="bbox 2045 2165 3623 2230; baseline -0.008 0"><span class='ocrx_word' id='word_1_502' title='bbox 2045 2173 2253 2230; x_wconf 87' lang='lat' dir='ltr'><strong>homini</strong></span> <span class='ocrx_word' id='word_1_503' title='bbox 2285 2172 2501 2227; x_wconf 87' lang='lat' dir='ltr'><strong>fuerunt</strong></span> <span class='ocrx_word' id='word_1_504' title='bbox 2528 2179 2743 2225; x_wconf 87' lang='lat' dir='ltr'><strong>centum</strong></span> <span class='ocrx_word' id='word_1_505' title='bbox 2773 2168 2938 2225; x_wconf 82' lang='lat' dir='ltr'><strong>oves?</strong></span> <span class='ocrx_word' id='word_1_506' title='bbox 2969 2168 3208 2223; x_wconf 84' lang='lat' dir='ltr'><strong>Christo.</strong></span> <span class='ocrx_word' id='word_1_507' title='bbox 3243 2165 3434 2221; x_wconf 80' lang='lat' dir='ltr'><strong>Omnis</strong></span> <span class='ocrx_word' id='word_1_508' title='bbox 3480 2167 3623 2219; x_wconf 83' lang='lat' dir='ltr'><strong>enim</strong></span> 
     </span>
    </p>
   </div>
   <div class='ocr_carea' id='block_1_67' title="bbox 2044 2260 3627 2330">
    <p class='ocr_par' dir='ltr' id='par_1_67' title="bbox 2044 2260 3627 2330">
     <span class='ocr_line' id='line_1_67' title="bbox 2044 2260 3627 2330; baseline -0.008 -9"><span class='ocrx_word' id='word_1_509' title='bbox 2044 2265 2330 2322; x_wconf 81' lang='lat' dir='ltr'><strong>rationalis</strong></span> <span class='ocrx_word' id='word_1_510' title='bbox 2359 2273 2628 2330; x_wconf 86' lang='lat' dir='ltr'><strong>creatura,</strong></span> <span class='ocrx_word' id='word_1_511' title='bbox 2655 2270 2762 2316; x_wconf 89' lang='lat' dir='ltr'><strong>tam</strong></span> <span class='ocrx_word' id='word_1_512' title='bbox 2795 2260 2989 2330; x_wconf 80' lang='lat' dir='ltr'><strong>angeli,</strong></span> <span class='ocrx_word' id='word_1_513' title='bbox 3015 2275 3177 2330; x_wconf 89' lang='lat' dir='ltr'><strong>quam</strong></span> <span class='ocrx_word' id='word_1_514' title='bbox 3212 2260 3477 2321; x_wconf 81' lang='lat' dir='ltr'><strong>homines,</strong></span> <span class='ocrx_word' id='word_1_515' title='bbox 3498 2272 3627 2311; x_wconf 90' lang='lat' dir='ltr'><strong>ceu-</strong></span> 
     </span>
    </p>
   </div>
   <div class='ocr_carea' id='block_1_68' title="bbox 2045 2349 3626 2426">
    <p class='ocr_par' dir='ltr' id='par_1_68' title="bbox 2045 2349 3626 2426">
     <span class='ocr_line' id='line_1_68' title="bbox 2045 2349 3626 2426; baseline -0.008 -12"><span class='ocrx_word' id='word_1_516' title='bbox 2045 2370 2157 2414; x_wconf 88' lang='lat' dir='ltr'><strong>tum</strong></span> <span class='ocrx_word' id='word_1_517' title='bbox 2202 2373 2331 2413; x_wconf 84' lang='lat' dir='ltr'><strong>oves</strong></span> <span class='ocrx_word' id='word_1_518' title='bbox 2363 2366 2512 2425; x_wconf 88' lang='lat' dir='ltr'><strong>sunt,</strong></span> <span class='ocrx_word' id='word_1_519' title='bbox 2548 2370 2777 2426; x_wconf 85' lang='lat' dir='ltr'><strong>quorum</strong></span> <span class='ocrx_word' id='word_1_520' title='bbox 2830 2362 3016 2424; x_wconf 82' lang='lat' dir='ltr'><strong>pastor</strong></span> <span class='ocrx_word' id='word_1_521' title='bbox 3062 2361 3146 2406; x_wconf 88' lang='lat' dir='ltr'><strong>est</strong></span> <span class='ocrx_word' id='word_1_522' title='bbox 3190 2349 3466 2413; x_wconf 78' lang='lat' dir='ltr'><strong>Christus,</strong></span> <span class='ocrx_word' id='word_1_523' title='bbox 3520 2363 3626 2405; x_wconf 82' lang='lat' dir='ltr'><strong>non</strong></span> 
     </span>
    </p>
   </div>
   <div class='ocr_carea' id='block_1_69' title="bbox 2044 2442 3623 2513">
    <p class='ocr_par' dir='ltr' id='par_1_69' title="bbox 2044 2442 3623 2513">
     <span class='ocr_line' id='line_1_69' title="bbox 2044 2442 3623 2513; baseline -0.007 -5"><span class='ocrx_word' id='word_1_524' title='bbox 2044 2454 2179 2508; x_wconf 88' lang='lat' dir='ltr'><strong>ovis.</strong></span> <span class='ocrx_word' id='word_1_525' title='bbox 2225 2449 2340 2506; x_wconf 80' lang='lat' dir='ltr'><strong>Non</strong></span> <span class='ocrx_word' id='word_1_526' title='bbox 2376 2450 2520 2503; x_wconf 90' lang='lat' dir='ltr'><strong>enim</strong></span> <span class='ocrx_word' id='word_1_527' title='bbox 2572 2458 2656 2504; x_wconf 92' lang='lat' dir='ltr'><strong>est</strong></span> <span class='ocrx_word' id='word_1_528' title='bbox 2706 2457 2978 2513; x_wconf 86' lang='lat' dir='ltr'><strong>creatura,</strong></span> <span class='ocrx_word' id='word_1_529' title='bbox 3010 2447 3100 2499; x_wconf 88' lang='lat' dir='ltr'><strong>sed</strong></span> <span class='ocrx_word' id='word_1_530' title='bbox 3141 2444 3308 2497; x_wconf 83' lang='lat' dir='ltr'><strong>Filius</strong></span> <span class='ocrx_word' id='word_1_531' title='bbox 3348 2443 3462 2498; x_wconf 71' lang='grc' dir='ltr'><strong>υςιί.</strong></span> <span class='ocrx_word' id='word_1_532' title='bbox 3522 2442 3623 2497; x_wconf 89' lang='lat' dir='ltr'><strong>llic</strong></span> 
     </span>
    </p>
   </div>
   <div class='ocr_carea' id='block_1_70' title="bbox 2044 2536 3627 2613">
    <p class='ocr_par' dir='ltr' id='par_1_70' title="bbox 2044 2536 3627 2613">
     <span class='ocr_line' id='line_1_70' title="bbox 2044 2536 3627 2613; baseline -0.007 -15"><span class='ocrx_word' id='word_1_533' title='bbox 2044 2543 2211 2613; x_wconf 82' lang='lat' dir='ltr'><strong>igitur</strong></span> <span class='ocrx_word' id='word_1_534' title='bbox 2242 2540 2457 2611; x_wconf 84' lang='lat' dir='ltr'><strong>reliquit</strong></span> <span class='ocrx_word' id='word_1_535' title='bbox 2483 2538 2773 2609; x_wconf 73' lang='lat' dir='ltr'><strong>nonaginta</strong></span> <span class='ocrx_word' id='word_1_536' title='bbox 2807 2552 2996 2593; x_wconf 89' lang='lat' dir='ltr'><strong>novem</strong></span> <span class='ocrx_word' id='word_1_537' title='bbox 3043 2538 3095 2591; x_wconf 83' lang='lat' dir='ltr'><strong>in</strong></span> <span class='ocrx_word' id='word_1_538' title='bbox 3128 2536 3288 2598; x_wconf 65' lang='lat' dir='ltr'><strong>caelo,</strong></span> <span class='ocrx_word' id='word_1_539' title='bbox 3329 2536 3497 2588; x_wconf 87' lang='lat' dir='ltr'><strong>forma</strong></span> <span class='ocrx_word' id='word_1_540' title='bbox 3531 2550 3627 2587; x_wconf 85' lang='lat' dir='ltr'><strong>au-</strong></span> 
     </span>
    </p>
   </div>
   <div class='ocr_carea' id='block_1_71' title="bbox 2047 2626 3628 2703">
    <p class='ocr_par' dir='ltr' id='par_1_71' title="bbox 2047 2626 3628 2703">
     <span class='ocr_line' id='line_1_71' title="bbox 2047 2626 3628 2703; baseline -0.009 -12"><span class='ocrx_word' id='word_1_541' title='bbox 2047 2646 2152 2691; x_wconf 89' lang='lat' dir='ltr'><strong>tem</strong></span> <span class='ocrx_word' id='word_1_542' title='bbox 2183 2635 2324 2690; x_wconf 85' lang='lat' dir='ltr'><strong>servi</strong></span> <span class='ocrx_word' id='word_1_543' title='bbox 2352 2642 2651 2703; x_wconf 85' lang='lat' dir='ltr'><strong>assumpta,</strong></span> <span class='ocrx_word' id='word_1_544' title='bbox 2677 2631 2821 2685; x_wconf 80' lang='lat' dir='ltr'><strong>venit</strong></span> <span class='ocrx_word' id='word_1_545' title='bbox 2854 2642 3097 2698; x_wconf 72' lang='lat' dir='ltr'><strong>qumrere</strong></span> <span class='ocrx_word' id='word_1_546' title='bbox 3132 2642 3287 2682; x_wconf 88' lang='lat' dir='ltr'><strong>ovem</strong></span> <span class='ocrx_word' id='word_1_547' title='bbox 3330 2628 3472 2679; x_wconf 83' lang='lat' dir='ltr'><strong>illam</strong></span> <span class='ocrx_word' id='word_1_548' title='bbox 3508 2626 3628 2678; x_wconf 86' lang='lat' dir='ltr'><strong>unl-</strong></span> 
     </span>
    </p>
   </div>
   <div class='ocr_carea' id='block_1_72' title="bbox 2046 2715 3623 2794">
    <p class='ocr_par' dir='ltr' id='par_1_72' title="bbox 2046 2715 3623 2794">
     <span class='ocr_line' id='line_1_72' title="bbox 2046 2715 3623 2794; baseline -0.008 -12"><span class='ocrx_word' id='word_1_549' title='bbox 2046 2742 2185 2793; x_wconf 84' lang='lat' dir='ltr'><strong>cam,</strong></span> <span class='ocrx_word' id='word_1_550' title='bbox 2210 2741 2328 2794; x_wconf 73' lang='lat' dir='ltr'><strong>qua:</strong></span> <span class='ocrx_word' id='word_1_551' title='bbox 2373 2735 2456 2780; x_wconf 87' lang='lat' dir='ltr'><strong>est</strong></span> <span class='ocrx_word' id='word_1_552' title='bbox 2485 2724 2719 2778; x_wconf 78' lang='lat' dir='ltr'><strong>humana</strong></span> <span class='ocrx_word' id='word_1_553' title='bbox 2765 2730 2987 2779; x_wconf 85' lang='lat' dir='ltr'><strong>natura.</strong></span> <span class='ocrx_word' id='word_1_554' title='bbox 3020 2728 3074 2773; x_wconf 82' lang='lat' dir='ltr'><strong>et</strong></span> <span class='ocrx_word' id='word_1_555' title='bbox 3113 2721 3312 2787; x_wconf 68' lang='lat' dir='ltr'><strong>gaudet</strong></span> <span class='ocrx_word' id='word_1_556' title='bbox 3340 2732 3505 2783; x_wconf 87' lang='lat' dir='ltr'><strong>super</strong></span> <span class='ocrx_word' id='word_1_557' title='bbox 3533 2715 3623 2769; x_wconf 78' lang='lat' dir='ltr'><strong>illa</strong></span> 
     </span>
    </p>
   </div>
   <div class='ocr_carea' id='block_1_73' title="bbox 2048 2807 3628 2886">
    <p class='ocr_par' dir='ltr' id='par_1_73' title="bbox 2048 2807 3628 2886">
     <span class='ocr_line' id='line_1_73' title="bbox 2048 2807 3628 2886; baseline -0.007 -16"><span class='ocrx_word' id='word_1_558' title='bbox 2048 2817 2219 2886; x_wconf 83' lang='lat' dir='ltr'><strong>magis</strong></span> <span class='ocrx_word' id='word_1_559' title='bbox 2252 2831 2412 2885; x_wconf 84' lang='lat' dir='ltr'><strong>quam</strong></span> <span class='ocrx_word' id='word_1_560' title='bbox 2441 2815 2492 2868; x_wconf 90' lang='lat' dir='ltr'><strong>in</strong></span> <span class='ocrx_word' id='word_1_561' title='bbox 2525 2813 2838 2883; x_wconf 82' lang='lat' dir='ltr'><strong>angelorum</strong></span> <span class='ocrx_word' id='word_1_562' title='bbox 2871 2810 3144 2865; x_wconf 85' lang='lat' dir='ltr'><strong>firmitate.</strong></span> <span class='ocrx_word' id='word_1_563' title='bbox 3176 2807 3231 2861; x_wconf 91' lang='lat' dir='ltr'><strong>lu</strong></span> <span class='ocrx_word' id='word_1_564' title='bbox 3275 2822 3483 2863; x_wconf 87' lang='lat' dir='ltr'><strong>sunnna</strong></span> <span class='ocrx_word' id='word_1_565' title='bbox 3527 2820 3628 2859; x_wconf 88' lang='lat' dir='ltr'><strong>au-</strong></span> 
     </span>
    </p>
   </div>
   <div class='ocr_carea' id='block_1_74' title="bbox 2049 2900 3628 2977">
    <p class='ocr_par' dir='ltr' id='par_1_74' title="bbox 2049 2900 3628 2977">
     <span class='ocr_line' id='line_1_74' title="bbox 2049 2900 3628 2977; baseline -0.008 -12"><span class='ocrx_word' id='word_1_566' title='bbox 2049 2920 2154 2965; x_wconf 82' lang='lat' dir='ltr'><strong>tem</strong></span> <span class='ocrx_word' id='word_1_567' title='bbox 2189 2910 2290 2965; x_wconf 87' lang='lat' dir='ltr'><strong>hoc</strong></span> <span class='ocrx_word' id='word_1_568' title='bbox 2324 2909 2585 2971; x_wconf 83' lang='lat' dir='ltr'><strong>insinuat,</strong></span> <span class='ocrx_word' id='word_1_569' title='bbox 2620 2907 2762 2977; x_wconf 89' lang='lat' dir='ltr'><strong>quod</strong></span> <span class='ocrx_word' id='word_1_570' title='bbox 2798 2906 2939 2960; x_wconf 90' lang='lat' dir='ltr'><strong>Deus</strong></span> <span class='ocrx_word' id='word_1_571' title='bbox 2967 2919 3155 2959; x_wconf 80' lang='lat' dir='ltr'><strong>curam</strong></span> <span class='ocrx_word' id='word_1_572' title='bbox 3187 2900 3628 2973; x_wconf 81' lang='lat' dir='ltr'><strong>agitconvcrsio-</strong></span> 
     </span>
    </p>
   </div>
   <div class='ocr_carea' id='block_1_75' title="bbox 2049 2995 3627 3068">
    <p class='ocr_par' dir='ltr' id='par_1_75' title="bbox 2049 2995 3627 3068">
     <span class='ocr_line' id='line_1_75' title="bbox 2049 2995 3627 3068; baseline -0.005 -14"><span class='ocrx_word' id='word_1_573' title='bbox 2049 3001 2135 3055; x_wconf 87' lang='lat' dir='ltr'><strong>nis</strong></span> <span class='ocrx_word' id='word_1_574' title='bbox 2169 3010 2535 3068; x_wconf 80' lang='lat' dir='ltr'><strong>peccatorum,</strong></span> <span class='ocrx_word' id='word_1_575' title='bbox 2562 3006 2612 3052; x_wconf 90' lang='lat' dir='ltr'><strong>et</strong></span> <span class='ocrx_word' id='word_1_576' title='bbox 2641 2998 2837 3068; x_wconf 79' lang='lat' dir='ltr'><strong>gaudet</strong></span> <span class='ocrx_word' id='word_1_577' title='bbox 2877 3011 3036 3066; x_wconf 84' lang='lat' dir='ltr'><strong>super</strong></span> <span class='ocrx_word' id='word_1_578' title='bbox 3075 2995 3179 3050; x_wconf 87' lang='lat' dir='ltr'><strong>illis</strong></span> <span class='ocrx_word' id='word_1_579' title='bbox 3246 2995 3419 3065; x_wconf 83' lang='lat' dir='ltr'><strong>magis</strong></span> <span class='ocrx_word' id='word_1_580' title='bbox 3465 3008 3627 3063; x_wconf 88' lang='lat' dir='ltr'><strong>quam</strong></span> 
     </span>
    </p>
   </div>
   <div class='ocr_carea' id='block_1_76' title="bbox 1969 3086 3123 3159">
    <p class='ocr_par' dir='ltr' id='par_1_76' title="bbox 1969 3086 3123 3159">
     <span class='ocr_line' id='line_1_76' title="bbox 1969 3086 3123 3159; baseline -0.007 -13"><span class='ocrx_word' id='word_1_581' title='bbox 1969 3099 2013 3157; x_wconf 83' lang='lat' dir='ltr'><strong><em>C</em></strong></span> <span class='ocrx_word' id='word_1_582' title='bbox 2049 3091 2132 3145; x_wconf 77' lang='lat' dir='ltr'><strong>his</strong></span> <span class='ocrx_word' id='word_1_583' title='bbox 2154 3090 2244 3159; x_wconf 88' lang='lat' dir='ltr'><strong>qui</strong></span> <span class='ocrx_word' id='word_1_584' title='bbox 2282 3088 2460 3144; x_wconf 88' lang='lat' dir='ltr'><strong>stabili</strong></span> <span class='ocrx_word' id='word_1_585' title='bbox 2493 3087 2694 3141; x_wconf 89' lang='lat' dir='ltr'><strong>virtute</strong></span> <span class='ocrx_word' id='word_1_586' title='bbox 2724 3086 2930 3156; x_wconf 68' lang='lat' dir='ltr'><strong>praediti</strong></span> <span class='ocrx_word' id='word_1_587' title='bbox 2977 3095 3123 3138; x_wconf 90' lang='lat' dir='ltr'><strong>sunt.</strong></span> 
     </span>
    </p>
   </div>
   <div class='ocr_carea' id='block_1_77' title="bbox 2112 3173 3631 3243">
    <p class='ocr_par' dir='ltr' id='par_1_77' title="bbox 2112 3173 3631 3243">
     <span class='ocr_line' id='line_1_77' title="bbox 2112 3173 3631 3243; baseline -0.007 -9"><span class='ocrx_word' id='word_1_588' title='bbox 2112 3179 2279 3234; x_wconf 62' lang='lat' dir='ltr'><strong>Vens.</strong></span> <span class='ocrx_word' id='word_1_589' title='bbox 2321 3179 2510 3233; x_wconf 76' lang='grc'><strong>15-17.</strong></span> <span class='ocrx_word' id='word_1_590' title='bbox 2549 3195 2568 3229; x_wconf 86' lang='grc'><em>‹</em></span> <span class='ocrx_word' id='word_1_591' title='bbox 2610 3176 2664 3231; x_wconf 92' lang='lat' dir='ltr'><strong>Si</strong></span> <span class='ocrx_word' id='word_1_592' title='bbox 2699 3184 2880 3231; x_wconf 87' lang='lat' dir='ltr'><strong>autem</strong></span> <span class='ocrx_word' id='word_1_593' title='bbox 2931 3174 3240 3243; x_wconf 82' lang='lat' dir='ltr'><strong>peccaverit</strong></span> <span class='ocrx_word' id='word_1_594' title='bbox 3269 3173 3321 3226; x_wconf 95' lang='lat' dir='ltr'><strong>in</strong></span> <span class='ocrx_word' id='word_1_595' title='bbox 3381 3182 3432 3227; x_wconf 86' lang='lat' dir='ltr'><strong>te</strong></span> <span class='ocrx_word' id='word_1_596' title='bbox 3464 3173 3631 3226; x_wconf 86' lang='lat' dir='ltr'><strong>frater</strong></span> 
     </span>
    </p>
   </div>
   <div class='ocr_carea' id='block_1_78' title="bbox 2047 3247 3627 3340">
    <p class='ocr_par' dir='ltr' id='par_1_78' title="bbox 2047 3247 3627 3340">
     <span class='ocr_line' id='line_1_78' title="bbox 2047 3247 3627 3340; baseline -0.005 -13"><span class='ocrx_word' id='word_1_597' title='bbox 2047 3284 2188 3336; x_wconf 89' lang='lat' dir='ltr'><strong>tuus,</strong></span> <span class='ocrx_word' id='word_1_598' title='bbox 2218 3270 2351 3325; x_wconf 89' lang='lat' dir='ltr'><strong>vade</strong></span> <span class='ocrx_word' id='word_1_599' title='bbox 2376 3281 2429 3327; x_wconf 87' lang='lat' dir='ltr'><strong>et</strong></span> <span class='ocrx_word' id='word_1_600' title='bbox 2454 3285 2620 3340; x_wconf 80' lang='lat' dir='ltr'><strong>argue</strong></span> <span class='ocrx_word' id='word_1_601' title='bbox 2645 3269 2795 3323; x_wconf 92' lang='lat' dir='ltr'><strong>illum</strong></span> <span class='ocrx_word' id='word_1_602' title='bbox 2827 3269 2968 3322; x_wconf 83' lang='lat' dir='ltr'><strong>inter</strong></span> <span class='ocrx_word' id='word_1_603' title='bbox 3000 3277 3049 3322; x_wconf 90' lang='lat' dir='ltr'><strong>te</strong></span> <span class='ocrx_word' id='word_1_604' title='bbox 3077 3278 3129 3322; x_wconf 90' lang='lat' dir='ltr'><strong>et</strong></span> <span class='ocrx_word' id='word_1_605' title='bbox 3163 3267 3310 3320; x_wconf 88' lang='lat' dir='ltr'><strong>illum</strong></span> <span class='ocrx_word' id='word_1_606' title='bbox 3334 3265 3529 3319; x_wconf 79' lang='lat' dir='ltr'><strong>solum.</strong></span> <span class='ocrx_word' id='word_1_607' title='bbox 3567 3247 3627 3319; x_wconf 70' lang='grc' dir='ltr'><strong>εί</strong></span> 
     </span>
    </p>
   </div>
   <div class='ocr_carea' id='block_1_79' title="bbox 2049 3356 3628 3422">
    <p class='ocr_par' dir='ltr' id='par_1_79' title="bbox 2049 3356 3628 3422">
     <span class='ocr_line' id='line_1_79' title="bbox 2049 3356 3628 3422; baseline -0.006 -4"><span class='ocrx_word' id='word_1_608' title='bbox 2049 3375 2098 3418; x_wconf 89' lang='lat' dir='ltr'><strong>te</strong></span> <span class='ocrx_word' id='word_1_609' title='bbox 2121 3361 2371 3422; x_wconf 87' lang='lat' dir='ltr'><strong>audierit.</strong></span> <span class='ocrx_word' id='word_1_610' title='bbox 2408 3360 2646 3414; x_wconf 87' lang='lat' dir='ltr'><strong>lucratus</strong></span> <span class='ocrx_word' id='word_1_611' title='bbox 2677 3372 2738 3413; x_wconf 89' lang='lat' dir='ltr'><strong>es</strong></span> <span class='ocrx_word' id='word_1_612' title='bbox 2772 3356 2994 3412; x_wconf 83' lang='lat' dir='ltr'><strong>fratrem</strong></span> <span class='ocrx_word' id='word_1_613' title='bbox 3025 3369 3198 3410; x_wconf 87' lang='lat' dir='ltr'><strong>tuum.</strong></span> <span class='ocrx_word' id='word_1_614' title='bbox 3231 3356 3283 3410; x_wconf 90' lang='lat' dir='ltr'><strong>Si</strong></span> <span class='ocrx_word' id='word_1_615' title='bbox 3312 3367 3491 3408; x_wconf 79' lang='lat' dir='ltr'><strong>autem</strong></span> <span class='ocrx_word' id='word_1_616' title='bbox 3519 3369 3628 3408; x_wconf 79' lang='lat' dir='ltr'><strong>non</strong></span> 
     </span>
    </p>
   </div>
   <div class='ocr_carea' id='block_1_80' title="bbox 2050 3447 3626 3519">
    <p class='ocr_par' dir='ltr' id='par_1_80' title="bbox 2050 3447 3626 3519">
     <span class='ocr_line' id='line_1_80' title="bbox 2050 3447 3626 3519; baseline -0.006 -12"><span class='ocrx_word' id='word_1_617' title='bbox 2050 3455 2302 3519; x_wconf 83' lang='lat' dir='ltr'><strong>audierit,</strong></span> <span class='ocrx_word' id='word_1_618' title='bbox 2327 3467 2541 3507; x_wconf 87' lang='lat' dir='ltr'><strong>assume</strong></span> <span class='ocrx_word' id='word_1_619' title='bbox 2561 3462 2732 3507; x_wconf 88' lang='lat' dir='ltr'><strong>tecum</strong></span> <span class='ocrx_word' id='word_1_620' title='bbox 2770 3451 2948 3506; x_wconf 85' lang='lat' dir='ltr'><strong>adhuc</strong></span> <span class='ocrx_word' id='word_1_621' title='bbox 2977 3466 3138 3502; x_wconf 81' lang='lat' dir='ltr'><strong>unum</strong></span> <span class='ocrx_word' id='word_1_622' title='bbox 3172 3449 3249 3503; x_wconf 86' lang='lat' dir='ltr'><strong>vel</strong></span> <span class='ocrx_word' id='word_1_623' title='bbox 3276 3450 3411 3501; x_wconf 88' lang='lat' dir='ltr'><strong>duos</strong></span> <span class='ocrx_word' id='word_1_624' title='bbox 3442 3465 3454 3500; x_wconf 92' lang='lat'><strong>:</strong></span> <span class='ocrx_word' id='word_1_625' title='bbox 3487 3453 3546 3499; x_wconf 88' lang='lat' dir='ltr'><strong>ut</strong></span> <span class='ocrx_word' id='word_1_626' title='bbox 3574 3447 3626 3498; x_wconf 91' lang='lat' dir='ltr'><strong>in</strong></span> 
     </span>
    </p>
   </div>
   <div class='ocr_carea' id='block_1_81' title="bbox 2050 3537 3629 3602">
    <p class='ocr_par' dir='ltr' id='par_1_81' title="bbox 2050 3537 3629 3602">
     <span class='ocr_line' id='line_1_81' title="bbox 2050 3537 3629 3602; baseline -0.008 0"><span class='ocrx_word' id='word_1_627' title='bbox 2050 3563 2145 3602; x_wconf 88' lang='lat' dir='ltr'><strong>ore</strong></span> <span class='ocrx_word' id='word_1_628' title='bbox 2178 3548 2405 3601; x_wconf 86' lang='lat' dir='ltr'><strong>duorum</strong></span> <span class='ocrx_word' id='word_1_629' title='bbox 2448 3543 2533 3598; x_wconf 85' lang='lat' dir='ltr'><strong>vel</strong></span> <span class='ocrx_word' id='word_1_630' title='bbox 2568 3543 2731 3598; x_wconf 86' lang='lat' dir='ltr'><strong>trium</strong></span> <span class='ocrx_word' id='word_1_631' title='bbox 2765 3544 2982 3596; x_wconf 87' lang='lat' dir='ltr'><strong>testium</strong></span> <span class='ocrx_word' id='word_1_632' title='bbox 3036 3548 3141 3595; x_wconf 89' lang='lat' dir='ltr'><strong>stet</strong></span> <span class='ocrx_word' id='word_1_633' title='bbox 3175 3553 3336 3593; x_wconf 86' lang='lat' dir='ltr'><strong>omne</strong></span> <span class='ocrx_word' id='word_1_634' title='bbox 3386 3537 3629 3591; x_wconf 81' lang='lat' dir='ltr'><strong>verbum.</strong></span> 
     </span>
    </p>
   </div>
   <div class='ocr_carea' id='block_1_82' title="bbox 2052 3629 3631 3706">
    <p class='ocr_par' dir='ltr' id='par_1_82' title="bbox 2052 3629 3631 3706">
     <span class='ocr_line' id='line_1_82' title="bbox 2052 3629 3631 3706; baseline -0.006 -14"><span class='ocrx_word' id='word_1_635' title='bbox 2052 3638 2204 3706; x_wconf 83' lang='lat' dir='ltr'><strong>Quod</strong></span> <span class='ocrx_word' id='word_1_636' title='bbox 2233 3640 2276 3693; x_wconf 91' lang='lat' dir='ltr'><strong>si</strong></span> <span class='ocrx_word' id='word_1_637' title='bbox 2312 3652 2415 3692; x_wconf 92' lang='lat' dir='ltr'><strong>non</strong></span> <span class='ocrx_word' id='word_1_638' title='bbox 2455 3635 2685 3690; x_wconf 82' lang='lat' dir='ltr'><strong>audierit</strong></span> <span class='ocrx_word' id='word_1_639' title='bbox 2708 3635 2847 3699; x_wconf 90' lang='lat' dir='ltr'><strong>illus,</strong></span> <span class='ocrx_word' id='word_1_640' title='bbox 2876 3635 2960 3688; x_wconf 89' lang='lat' dir='ltr'><strong>die</strong></span> <span class='ocrx_word' id='word_1_641' title='bbox 2988 3632 3264 3687; x_wconf 66' lang='lat' dir='ltr'><strong>Ecclesiae.</strong></span> <span class='ocrx_word' id='word_1_642' title='bbox 3315 3631 3409 3685; x_wconf 86' lang='lat' dir='ltr'><strong>Sin</strong></span> <span class='ocrx_word' id='word_1_643' title='bbox 3444 3629 3631 3683; x_wconf 84' lang='lat' dir='ltr'><strong>Eccle-</strong></span> 
     </span>
    </p>
   </div>
   <div class='ocr_carea' id='block_1_83' title="bbox 2054 3723 3634 3799">
    <p class='ocr_par' dir='ltr' id='par_1_83' title="bbox 2054 3723 3634 3799">
     <span class='ocr_line' id='line_1_83' title="bbox 2054 3723 3634 3799; baseline -0.008 -12"><span class='ocrx_word' id='word_1_644' title='bbox 2054 3735 2191 3787; x_wconf 80' lang='lat' dir='ltr'><strong>sium</strong></span> <span class='ocrx_word' id='word_1_645' title='bbox 2218 3743 2431 3799; x_wconf 87' lang='lat' dir='ltr'><strong>quoque</strong></span> <span class='ocrx_word' id='word_1_646' title='bbox 2462 3744 2565 3781; x_wconf 89' lang='lat' dir='ltr'><strong>non</strong></span> <span class='ocrx_word' id='word_1_647' title='bbox 2602 3726 2856 3791; x_wconf 85' lang='lat' dir='ltr'><strong>audierit,</strong></span> <span class='ocrx_word' id='word_1_648' title='bbox 2891 3726 2963 3781; x_wconf 81' lang='lat' dir='ltr'><strong>sit</strong></span> <span class='ocrx_word' id='word_1_649' title='bbox 2995 3725 3090 3779; x_wconf 90' lang='lat' dir='ltr'><strong>tibi</strong></span> <span class='ocrx_word' id='word_1_650' title='bbox 3130 3725 3275 3778; x_wconf 85' lang='lat' dir='ltr'><strong>velut</strong></span> <span class='ocrx_word' id='word_1_651' title='bbox 3300 3723 3550 3776; x_wconf 87' lang='lat' dir='ltr'><strong>ethnicus</strong></span> <span class='ocrx_word' id='word_1_652' title='bbox 3578 3732 3634 3774; x_wconf 87' lang='lat' dir='ltr'><strong>et</strong></span> 
     </span>
    </p>
   </div>
   <div class='ocr_carea' id='block_1_84' title="bbox 2056 3812 3641 3892">
    <p class='ocr_par' dir='ltr' id='par_1_84' title="bbox 2056 3812 3641 3892">
     <span class='ocr_line' id='line_1_84' title="bbox 2056 3812 3641 3892; baseline -0.006 -17"><span class='ocrx_word' id='word_1_653' title='bbox 2056 3823 2393 3892; x_wconf 88' lang='lat' dir='ltr'><strong>publicanus.</strong></span> <span class='ocrx_word' id='word_1_654' title='bbox 2443 3837 2462 3871; x_wconf 71' lang='grc' dir='ltr'><strong>ι</strong></span> <span class='ocrx_word' id='word_1_655' title='bbox 2492 3817 2810 3872; x_wconf 87' lang='lat' dir='ltr'><strong>Sermonem</strong></span> <span class='ocrx_word' id='word_1_656' title='bbox 2829 3828 3016 3870; x_wconf 73' lang='lat' dir='ltr'><strong>contra</strong></span> <span class='ocrx_word' id='word_1_657' title='bbox 3044 3812 3641 3870; x_wconf 25' lang='lat' dir='ltr'><strong>offendiculumdantesr</strong></span> 
     </span>
    </p>
   </div>
   <div class='ocr_carea' id='block_1_85' title="bbox 2055 3904 3632 3975">
    <p class='ocr_par' dir='ltr' id='par_1_85' title="bbox 2055 3904 3632 3975">
     <span class='ocr_line' id='line_1_85' title="bbox 2055 3904 3632 3975; baseline -0.008 -8"><span class='ocrx_word' id='word_1_658' title='bbox 2055 3912 2212 3967; x_wconf 85' lang='lat' dir='ltr'><strong>valde</strong></span> <span class='ocrx_word' id='word_1_659' title='bbox 2232 3909 2550 3964; x_wconf 85' lang='lat' dir='ltr'><strong>extenderat</strong></span> <span class='ocrx_word' id='word_1_660' title='bbox 2577 3927 2589 3961; x_wconf 86' lang='lat'><strong>:</strong></span> <span class='ocrx_word' id='word_1_661' title='bbox 2627 3922 2772 3962; x_wconf 87' lang='lat' dir='ltr'><strong>nunc</strong></span> <span class='ocrx_word' id='word_1_662' title='bbox 2796 3917 2847 3960; x_wconf 89' lang='lat' dir='ltr'><strong>et</strong></span> <span class='ocrx_word' id='word_1_663' title='bbox 2875 3922 2971 3961; x_wconf 90' lang='lat' dir='ltr'><strong>eos</strong></span> <span class='ocrx_word' id='word_1_664' title='bbox 2993 3907 3083 3975; x_wconf 88' lang='lat' dir='ltr'><strong>qui</strong></span> <span class='ocrx_word' id='word_1_665' title='bbox 3114 3904 3632 3968; x_wconf 39' lang='lat' dir='ltr'><strong>oﬁ‘cnduntuncor‘</strong></span> 
     </span>
    </p>
   </div>
   <div class='ocr_carea' id='block_1_86' title="bbox 2058 3994 3629 4072">
    <p class='ocr_par' dir='ltr' id='par_1_86' title="bbox 2058 3994 3629 4072">
     <span class='ocr_line' id='line_1_86' title="bbox 2058 3994 3629 4072; baseline -0.008 -15"><span class='ocrx_word' id='word_1_666' title='bbox 2058 4003 2202 4072; x_wconf 86' lang='lat' dir='ltr'><strong>rigit.</strong></span> <span class='ocrx_word' id='word_1_667' title='bbox 2234 4000 2468 4066; x_wconf 83' lang='lat' dir='ltr'><strong>Utenim</strong></span> <span class='ocrx_word' id='word_1_668' title='bbox 2504 4010 2557 4052; x_wconf 90' lang='lat' dir='ltr'><strong>tu</strong></span> <span class='ocrx_word' id='word_1_669' title='bbox 2590 3999 2679 4069; x_wconf 88' lang='lat' dir='ltr'><strong>qni</strong></span> <span class='ocrx_word' id='word_1_670' title='bbox 2705 3996 2992 4053; x_wconf 76' lang='lat' dir='ltr'><strong>offenderis</strong></span> <span class='ocrx_word' id='word_1_671' title='bbox 3039 4012 3141 4051; x_wconf 83' lang='lat' dir='ltr'><strong>non</strong></span> <span class='ocrx_word' id='word_1_672' title='bbox 3178 3996 3402 4049; x_wconf 87' lang='lat' dir='ltr'><strong>omnino</strong></span> <span class='ocrx_word' id='word_1_673' title='bbox 3443 3994 3629 4056; x_wconf 86' lang='lat' dir='ltr'><strong>cadas,</strong></span> 
     </span>
    </p>
   </div>
   <div class='ocr_carea' id='block_1_87' title="bbox 2058 4085 3632 4159">
    <p class='ocr_par' dir='ltr' id='par_1_87' title="bbox 2058 4085 3632 4159">
     <span class='ocr_line' id='line_1_87' title="bbox 2058 4085 3632 4159; baseline -0.005 -15"><span class='ocrx_word' id='word_1_674' title='bbox 2058 4094 2183 4159; x_wconf 81' lang='lat' dir='ltr'><strong>quia</strong></span> <span class='ocrx_word' id='word_1_675' title='bbox 2209 4090 2568 4144; x_wconf 81' lang='lat' dir='ltr'><strong>olfentlentctn</strong></span> <span class='ocrx_word' id='word_1_676' title='bbox 2597 4104 2673 4142; x_wconf 81' lang='lat' dir='ltr'><strong>va:</strong></span> <span class='ocrx_word' id='word_1_677' title='bbox 2705 4085 3203 4141; x_wconf 63' lang='lat' dir='ltr'><strong>habiturumdixit:</strong></span> <span class='ocrx_word' id='word_1_678' title='bbox 3238 4085 3358 4137; x_wconf 86' lang='lat' dir='ltr'><strong>volo</strong></span> <span class='ocrx_word' id='word_1_679' title='bbox 3385 4095 3439 4138; x_wconf 89' lang='lat' dir='ltr'><strong>et</strong></span> <span class='ocrx_word' id='word_1_680' title='bbox 3469 4093 3517 4137; x_wconf 81' lang='lat' dir='ltr'><strong>te</strong></span> <span class='ocrx_word' id='word_1_681' title='bbox 3539 4085 3632 4151; x_wconf 77' lang='lat' dir='ltr'><strong>qui</strong></span> 
     </span>
    </p>
   </div>
   <div class='ocr_carea' id='block_1_88' title="bbox 2059 4176 3636 4250">
    <p class='ocr_par' dir='ltr' id='par_1_88' title="bbox 2059 4176 3636 4250">
     <span class='ocr_line' id='line_1_88' title="bbox 2059 4176 3636 4250; baseline -0.007 -13"><span class='ocrx_word' id='word_1_682' title='bbox 2059 4181 2369 4245; x_wconf 70' lang='lat' dir='ltr'><strong>offenderis,</strong></span> <span class='ocrx_word' id='word_1_683' title='bbox 2396 4184 2499 4234; x_wconf 90' lang='lat' dir='ltr'><strong>hoc</strong></span> <span class='ocrx_word' id='word_1_684' title='bbox 2526 4188 2627 4244; x_wconf 88' lang='lat' dir='ltr'><strong>est,</strong></span> <span class='ocrx_word' id='word_1_685' title='bbox 2647 4179 2881 4244; x_wconf 78' lang='lat' dir='ltr'><strong>hederis,</strong></span> <span class='ocrx_word' id='word_1_686' title='bbox 2907 4177 3018 4250; x_wconf 80' lang='lat'><strong><em>96</em></strong></span> <span class='ocrx_word' id='word_1_687' title='bbox 3044 4191 3274 4248; x_wconf 80' lang='lat' dir='ltr'><strong>arguere</strong></span> <span class='ocrx_word' id='word_1_688' title='bbox 3320 4191 3414 4231; x_wconf 88' lang='lat' dir='ltr'><strong>eos</strong></span> <span class='ocrx_word' id='word_1_689' title='bbox 3448 4176 3536 4244; x_wconf 89' lang='lat' dir='ltr'><strong>qui</strong></span> <span class='ocrx_word' id='word_1_690' title='bbox 3584 4185 3636 4228; x_wconf 87' lang='lat' dir='ltr'><strong>te</strong></span> 
     </span>
    </p>
   </div>
   <div class='ocr_carea' id='block_1_89' title="bbox 2062 4267 3636 4346">
    <p class='ocr_par' dir='ltr' id='par_1_89' title="bbox 2062 4267 3636 4346">
     <span class='ocr_line' id='line_1_89' title="bbox 2062 4267 3636 4346; baseline -0.006 -14"><span class='ocrx_word' id='word_1_691' title='bbox 2062 4277 2254 4346; x_wconf 79' lang='lat' dir='ltr'><strong>injuria</strong></span> <span class='ocrx_word' id='word_1_692' title='bbox 2283 4272 2591 4331; x_wconf 70' lang='lat' dir='ltr'><strong>afﬁtiuutet</strong></span> <span class='ocrx_word' id='word_1_693' title='bbox 2615 4285 2833 4338; x_wconf 86' lang='lat' dir='ltr'><strong>nocent,</strong></span> <span class='ocrx_word' id='word_1_694' title='bbox 2861 4276 2904 4330; x_wconf 89' lang='lat' dir='ltr'><strong>si</strong></span> <span class='ocrx_word' id='word_1_695' title='bbox 2942 4272 3471 4329; x_wconf 85' lang='lat' dir='ltr'><strong>l&#39;uerintChristiaui.</strong></span> <span class='ocrx_word' id='word_1_696' title='bbox 3501 4267 3636 4324; x_wconf 77' lang='lat' dir='ltr'><strong>Vide</strong></span> 
     </span>
    </p>
   </div>
   <div class='ocr_carea' id='block_1_90' title="bbox 2063 4362 3633 4439">
    <p class='ocr_par' dir='ltr' id='par_1_90' title="bbox 2063 4362 3633 4439">
     <span class='ocr_line' id='line_1_90' title="bbox 2063 4362 3633 4439; baseline -0.006 -16"><span class='ocrx_word' id='word_1_697' title='bbox 2063 4370 2204 4423; x_wconf 89' lang='lat' dir='ltr'><strong>enim</strong></span> <span class='ocrx_word' id='word_1_698' title='bbox 2217 4370 2344 4439; x_wconf 87' lang='lat' dir='ltr'><strong>quid</strong></span> <span class='ocrx_word' id='word_1_699' title='bbox 2358 4369 2528 4423; x_wconf 83' lang='lat' dir='ltr'><strong>dicat:</strong></span> <span class='ocrx_word' id='word_1_700' title='bbox 2545 4368 2600 4421; x_wconf 90' lang='lat' dir='ltr'><strong>Si</strong></span> <span class='ocrx_word' id='word_1_701' title='bbox 2618 4367 2919 4437; x_wconf 84' lang='lat' dir='ltr'><strong>peccaverit</strong></span> <span class='ocrx_word' id='word_1_702' title='bbox 2939 4367 2990 4420; x_wconf 86' lang='lat' dir='ltr'><strong>in</strong></span> <span class='ocrx_word' id='word_1_703' title='bbox 3011 4376 3061 4420; x_wconf 87' lang='lat' dir='ltr'><strong>te</strong></span> <span class='ocrx_word' id='word_1_704' title='bbox 3076 4362 3245 4418; x_wconf 88' lang='lat' dir='ltr'><strong>frater</strong></span> <span class='ocrx_word' id='word_1_705' title='bbox 3262 4364 3511 4429; x_wconf 88' lang='lat' dir='ltr'><strong>tuus,hoc</strong></span> <span class='ocrx_word' id='word_1_706' title='bbox 3528 4373 3633 4424; x_wconf 74' lang='grc' dir='ltr'>εει,</span> 
     </span>
    </p>
   </div>
   <div class='ocr_carea' id='block_1_91' title="bbox 383 4442 1945 4528">
    <p class='ocr_par' dir='ltr' id='par_1_91' title="bbox 383 4446 1945 4528">
     <span class='ocr_line' id='line_1_91' title="bbox 383 4446 1945 4528; baseline 0.001 -21"><span class='ocrx_word' id='word_1_707' title='bbox 383 4446 486 4507; x_wconf 78' lang='grc' dir='ltr'>ὦσι</span> <span class='ocrx_word' id='word_1_708' title='bbox 512 4455 851 4525; x_wconf 80' lang='grc' dir='ltr'>Χριστιανοί.</span> <span class='ocrx_word' id='word_1_709' title='bbox 885 4456 1026 4527; x_wconf 87' lang='grc' dir='ltr'><strong>Ὅρα</strong></span> <span class='ocrx_word' id='word_1_710' title='bbox 1054 4457 1163 4525; x_wconf 75' lang='grc' dir='ltr'><strong>γὰρ</strong></span> <span class='ocrx_word' id='word_1_711' title='bbox 1188 4455 1240 4508; x_wconf 90' lang='grc' dir='ltr'><strong>τί</strong></span> <span class='ocrx_word' id='word_1_712' title='bbox 1277 4454 1445 4525; x_wconf 81' lang='grc' dir='ltr'>λέγει·</span> <span class='ocrx_word' id='word_1_713' title='bbox 1476 4456 1604 4508; x_wconf 73' lang='grc' dir='ltr'><strong>Ἐὰν</strong></span> <span class='ocrx_word' id='word_1_714' title='bbox 1628 4457 1846 4528; x_wconf 76' lang='grc' dir='ltr'>ἁμάρτῃ</span> <span class='ocrx_word' id='word_1_715' title='bbox 1874 4459 1945 4520; x_wconf 80' lang='grc' dir='ltr'>εἰς</span> 
     </span>
    </p>
   </div>
   <div class='ocr_carea' id='block_1_92' title="bbox 2051 4442 3634 4528">
    <p class='ocr_par' dir='ltr' id='par_1_92' title="bbox 2059 4452 3634 4528">
     <span class='ocr_line' id='line_1_92' title="bbox 2059 4452 3634 4528; baseline -0.007 -13"><span class='ocrx_word' id='word_1_716' title='bbox 2059 4459 2635 4517; x_wconf 69' lang='grc' dir='ltr'>Οίιτὶειίαιιυε.Ειοηὶιη</span> <span class='ocrx_word' id='word_1_717' title='bbox 2650 4477 2694 4514; x_wconf 84' lang='lat' dir='ltr'><strong>si</strong></span> <span class='ocrx_word' id='word_1_718' title='bbox 2710 4470 2761 4513; x_wconf 89' lang='lat' dir='ltr'><strong>te</strong></span> <span class='ocrx_word' id='word_1_719' title='bbox 2772 4458 2987 4528; x_wconf 82' lang='lat' dir='ltr'><strong>quidam</strong></span> <span class='ocrx_word' id='word_1_720' title='bbox 3009 4471 3113 4510; x_wconf 82' lang='lat' dir='ltr'><strong>non</strong></span> <span class='ocrx_word' id='word_1_721' title='bbox 3126 4455 3426 4525; x_wconf 77' lang='lat' dir='ltr'><strong>baptizatus</strong></span> <span class='ocrx_word' id='word_1_722' title='bbox 3442 4452 3634 4523; x_wconf 84' lang='lat' dir='ltr'><strong>injuria</strong></span> 
     </span>
    </p>
   </div>
   <div class='ocr_carea' id='block_1_93' title="bbox 389 4548 1958 4620">
    <p class='ocr_par' dir='ltr' id='par_1_93' title="bbox 389 4548 1958 4620">
     <span class='ocr_line' id='line_1_93' title="bbox 389 4548 1958 4620; baseline 0.004 -23"><span class='ocrx_word' id='word_1_723' title='bbox 389 4548 447 4600; x_wconf 84' lang='grc' dir='ltr'>σὲ</span> <span class='ocrx_word' id='word_1_724' title='bbox 478 4550 505 4600; x_wconf 86' lang='lat'><strong>6</strong></span> <span class='ocrx_word' id='word_1_725' title='bbox 533 4548 760 4617; x_wconf 73' lang='grc' dir='ltr'>ἀδελφός</span> <span class='ocrx_word' id='word_1_726' title='bbox 797 4565 890 4601; x_wconf 85' lang='grc' dir='ltr'><strong>σου</strong></span> <span class='ocrx_word' id='word_1_727' title='bbox 913 4590 926 4613; x_wconf 96' lang='grc'><strong>,</strong></span> <span class='ocrx_word' id='word_1_728' title='bbox 956 4548 1255 4613; x_wconf 79' lang='grc' dir='ltr'>τοντέστιν,</span> <span class='ocrx_word' id='word_1_729' title='bbox 1291 4551 1319 4602; x_wconf 90' lang='lat'><strong>6</strong></span> <span class='ocrx_word' id='word_1_730' title='bbox 1366 4549 1714 4620; x_wconf 75' lang='grc' dir='ltr'>Χριστιανός.</span> <span class='ocrx_word' id='word_1_731' title='bbox 1764 4550 1826 4602; x_wconf 79' lang='lat' dir='ltr'><strong>Ei</strong></span> <span class='ocrx_word' id='word_1_732' title='bbox 1859 4549 1958 4620; x_wconf 80' lang='grc' dir='ltr'>μὲν</span> 
     </span>
    </p>
   </div>
   <div class='ocr_carea' id='block_1_94' title="bbox 390 4640 1959 4712">
    <p class='ocr_par' dir='ltr' id='par_1_94' title="bbox 390 4640 1959 4712">
     <span class='ocr_line' id='line_1_94' title="bbox 390 4640 1959 4712; baseline 0.001 -19"><span class='ocrx_word' id='word_1_733' title='bbox 390 4642 497 4711; x_wconf 73' lang='grc' dir='ltr'><strong>γὰρ</strong></span> <span class='ocrx_word' id='word_1_734' title='bbox 529 4640 757 4704; x_wconf 78' lang='grc' dir='ltr'>ἄπιστος</span> <span class='ocrx_word' id='word_1_735' title='bbox 786 4641 961 4694; x_wconf 82' lang='grc' dir='ltr'>ἀδικεῖ</span> <span class='ocrx_word' id='word_1_736' title='bbox 980 4681 996 4707; x_wconf 92' lang='grc'><strong>,</strong></span> <span class='ocrx_word' id='word_1_737' title='bbox 1026 4641 1146 4694; x_wconf 87' lang='grc' dir='ltr'>τότε</span> <span class='ocrx_word' id='word_1_738' title='bbox 1174 4640 1501 4705; x_wconf 79' lang='grc' dir='ltr'>ύπεξίστασο</span> <span class='ocrx_word' id='word_1_739' title='bbox 1525 4642 1618 4695; x_wconf 77' lang='grc' dir='ltr'><strong>καὶ</strong></span> <span class='ocrx_word' id='word_1_740' title='bbox 1645 4640 1753 4694; x_wconf 89' lang='grc' dir='ltr'><strong>τῶν</strong></span> <span class='ocrx_word' id='word_1_741' title='bbox 1786 4658 1959 4712; x_wconf 83' lang='grc' dir='ltr'>προσ-</span> 
     </span>
    </p>
   </div>
   <div class='ocr_carea' id='block_1_95' title="bbox 388 4731 1960 4805">
    <p class='ocr_par' dir='ltr' id='par_1_95' title="bbox 388 4731 1960 4805">
     <span class='ocr_line' id='line_1_95' title="bbox 388 4731 1960 4805; baseline 0.002 -21"><span class='ocrx_word' id='word_1_742' title='bbox 388 4736 555 4785; x_wconf 77' lang='grc' dir='ltr'>όντων</span> <span class='ocrx_word' id='word_1_743' title='bbox 591 4749 694 4784; x_wconf 90' lang='grc' dir='ltr'>σοι.</span> <span class='ocrx_word' id='word_1_744' title='bbox 736 4731 799 4785; x_wconf 80' lang='grc' dir='ltr'><strong>Εἰ</strong></span> <span class='ocrx_word' id='word_1_745' title='bbox 853 4732 911 4785; x_wconf 84' lang='grc' dir='ltr'><strong>δέ</strong></span> <span class='ocrx_word' id='word_1_746' title='bbox 969 4731 1195 4801; x_wconf 72' lang='grc' dir='ltr'>ἀδελφὸς</span> <span class='ocrx_word' id='word_1_747' title='bbox 1220 4772 1233 4794; x_wconf 95' lang='grc'><strong>,</strong></span> <span class='ocrx_word' id='word_1_748' title='bbox 1275 4731 1464 4802; x_wconf 79' lang='grc' dir='ltr'>ἔλεγχε</span> <span class='ocrx_word' id='word_1_749' title='bbox 1501 4734 1688 4787; x_wconf 82' lang='grc' dir='ltr'>τοῦτον</span> <span class='ocrx_word' id='word_1_750' title='bbox 1713 4749 1726 4762; x_wconf 91' lang='grc'><strong>·</strong></span> <span class='ocrx_word' id='word_1_751' title='bbox 1766 4734 1825 4786; x_wconf 83' lang='grc' dir='ltr'><strong>ού</strong></span> <span class='ocrx_word' id='word_1_752' title='bbox 1853 4734 1960 4805; x_wconf 85' lang='grc' dir='ltr'>γὰρ</span> 
     </span>
    </p>
   </div>
   <div class='ocr_carea' id='block_1_96' title="bbox 388 4821 1961 4899">
    <p class='ocr_par' dir='ltr' id='par_1_96' title="bbox 388 4821 1961 4899">
     <span class='ocr_line' id='line_1_96' title="bbox 388 4821 1961 4899; baseline 0.001 -23"><span class='ocrx_word' id='word_1_753' title='bbox 388 4821 850 4894; x_wconf 79' lang='grc' dir='ltr'>εἷπεν,⁹’Υϐρισον,</span> <span class='ocrx_word' id='word_1_754' title='bbox 873 4824 1010 4889; x_wconf 79' lang='grc' dir='ltr'>ἀλλ’,</span> <span class='ocrx_word' id='word_1_755' title='bbox 1040 4824 1318 4892; x_wconf 81' lang='grc' dir='ltr'>Ἐλεγξον.</span> <span class='ocrx_word' id='word_1_756' title='bbox 1337 4823 1464 4877; x_wconf 82' lang='grc' dir='ltr'>Ἐάν</span> <span class='ocrx_word' id='word_1_757' title='bbox 1483 4842 1576 4878; x_wconf 90' lang='grc' dir='ltr'>σου</span> <span class='ocrx_word' id='word_1_758' title='bbox 1592 4825 1821 4899; x_wconf 74' lang='grc' dir='ltr'>ἀκούσῃ,</span> <span class='ocrx_word' id='word_1_759' title='bbox 1837 4843 1961 4878; x_wconf 78' lang='grc' dir='ltr'>του-</span> 
     </span>
    </p>
   </div>
   <div class='ocr_carea' id='block_1_97' title="bbox 388 4914 1962 4986">
    <p class='ocr_par' dir='ltr' id='par_1_97' title="bbox 388 4914 1962 4986">
     <span class='ocr_line' id='line_1_97' title="bbox 388 4914 1962 4986; baseline 0 -18"><span class='ocrx_word' id='word_1_760' title='bbox 388 4916 557 4981; x_wconf 82' lang='grc' dir='ltr'>τέστι,</span> <span class='ocrx_word' id='word_1_761' title='bbox 582 4914 838 4985; x_wconf 80' lang='grc' dir='ltr'>καταγνῷ</span> <span class='ocrx_word' id='word_1_762' title='bbox 860 4915 1055 4969; x_wconf 73' lang='grc' dir='ltr'>ἑαυτοῦ</span> <span class='ocrx_word' id='word_1_763' title='bbox 1081 4932 1094 4947; x_wconf 77' lang='grc' dir='ltr'><strong>ο</strong></span> <span class='ocrx_word' id='word_1_764' title='bbox 1126 4916 1233 4986; x_wconf 67' lang='grc' dir='ltr'>ἰδίᾳ</span> <span class='ocrx_word' id='word_1_765' title='bbox 1259 4916 1369 4986; x_wconf 68' lang='grc' dir='ltr'><strong>γαρ</strong></span> <span class='ocrx_word' id='word_1_766' title='bbox 1405 4915 1549 4970; x_wconf 84' lang='grc' dir='ltr'>θέλει</span> <span class='ocrx_word' id='word_1_767' title='bbox 1581 4917 1797 4985; x_wconf 87' lang='grc' dir='ltr'>πρῶτον</span> <span class='ocrx_word' id='word_1_768' title='bbox 1835 4916 1962 4979; x_wconf 80' lang='grc' dir='ltr'>τοὺς</span> 
     </span>
    </p>
   </div>
   <div class='ocr_carea' id='block_1_98' title="bbox 391 5008 1964 5081">
    <p class='ocr_par' dir='ltr' id='par_1_98' title="bbox 391 5008 1964 5081">
     <span class='ocr_line' id='line_1_98' title="bbox 391 5008 1964 5081; baseline 0.001 -19"><span class='ocrx_word' id='word_1_769' title='bbox 391 5010 805 5076; x_wconf 51' lang='grc' dir='ltr'>ἁ,.ιαρτανο·ιτας</span> <span class='ocrx_word' id='word_1_770' title='bbox 838 5008 1184 5080; x_wconf 78' lang='grc' dir='ltr'>ἐλεγχθῆναι,</span> <span class='ocrx_word' id='word_1_771' title='bbox 1237 5010 1324 5063; x_wconf 81' lang='grc' dir='ltr'><strong>ἴνα</strong></span> <span class='ocrx_word' id='word_1_772' title='bbox 1358 5008 1433 5081; x_wconf 83' lang='grc' dir='ltr'>μὴ</span> <span class='ocrx_word' id='word_1_773' title='bbox 1478 5008 1707 5063; x_wconf 83' lang='grc' dir='ltr'>ἐνώπιον</span> <span class='ocrx_word' id='word_1_774' title='bbox 1750 5008 1964 5064; x_wconf 83' lang='grc' dir='ltr'>πολλῶν</span> 
     </span>
    </p>
   </div>
   <div class='ocr_carea' id='block_1_99' title="bbox 393 5099 1964 5171">
    <p class='ocr_par' dir='ltr' id='par_1_99' title="bbox 393 5099 1964 5171">
     <span class='ocr_line' id='line_1_99' title="bbox 393 5099 1964 5171; baseline 0.002 -19"><span class='ocrx_word' id='word_1_775' title='bbox 393 5099 763 5171; x_wconf 74' lang='grc' dir='ltr'>ἐλεγχθέντες,</span> <span class='ocrx_word' id='word_1_776' title='bbox 804 5102 1174 5171; x_wconf 85' lang='grc' dir='ltr'>ἀναιδέστεροι</span> <span class='ocrx_word' id='word_1_777' title='bbox 1202 5104 1470 5170; x_wconf 75' lang='grc' dir='ltr'>γένωνται</span> <span class='ocrx_word' id='word_1_778' title='bbox 1490 5119 1503 5132; x_wconf 71' lang='grc' dir='ltr'>σ</span> <span class='ocrx_word' id='word_1_779' title='bbox 1527 5103 1624 5156; x_wconf 80' lang='grc' dir='ltr'>ἐὰν</span> <span class='ocrx_word' id='word_1_780' title='bbox 1655 5103 1712 5156; x_wconf 81' lang='grc' dir='ltr'>δὲ</span> <span class='ocrx_word' id='word_1_781' title='bbox 1741 5104 1835 5156; x_wconf 78' lang='grc' dir='ltr'><strong>καί</strong></span> <span class='ocrx_word' id='word_1_782' title='bbox 1871 5104 1964 5156; x_wconf 79' lang='grc' dir='ltr'><strong>ἐπὶ</strong></span> 
     </span>
    </p>
   </div>
   <div class='ocr_carea' id='block_1_100' title="bbox 395 5194 1960 5265">
    <p class='ocr_par' dir='ltr' id='par_1_100' title="bbox 395 5194 1960 5265">
     <span class='ocr_line' id='line_1_100' title="bbox 395 5194 1960 5265; baseline 0.005 -27"><span class='ocrx_word' id='word_1_783' title='bbox 395 5194 486 5247; x_wconf 73' lang='grc' dir='ltr'>δύο</span> <span class='ocrx_word' id='word_1_784' title='bbox 520 5194 816 5263; x_wconf 75' lang='grc' dir='ltr'>μαρτύρων</span> <span class='ocrx_word' id='word_1_785' title='bbox 862 5194 895 5264; x_wconf 75' lang='grc' dir='ltr'><strong>ἢ</strong></span> <span class='ocrx_word' id='word_1_786' title='bbox 942 5194 1110 5264; x_wconf 85' lang='grc' dir='ltr'>τριῶν</span> <span class='ocrx_word' id='word_1_787' title='bbox 1171 5194 1451 5264; x_wconf 77' lang='grc' dir='ltr'>ἐλεγχθεὶς</span> <span class='ocrx_word' id='word_1_788' title='bbox 1514 5195 1589 5265; x_wconf 88' lang='grc' dir='ltr'>μὴ</span> <span class='ocrx_word' id='word_1_789' title='bbox 1642 5194 1960 5264; x_wconf 77' lang='grc' dir='ltr'>δυσωπηθῇ,</span> 
     </span>
    </p>
   </div>
   <div class='ocr_carea' id='block_1_101' title="bbox 393 5283 1964 5355">
    <p class='ocr_par' dir='ltr' id='par_1_101' title="bbox 393 5283 1964 5355">
     <span class='ocr_line' id='line_1_101' title="bbox 393 5283 1964 5355; baseline 0.001 -18"><span class='ocrx_word' id='word_1_790' title='bbox 393 5287 511 5340; x_wconf 78' lang='grc' dir='ltr'>τότε</span> <span class='ocrx_word' id='word_1_791' title='bbox 546 5284 768 5340; x_wconf 74' lang='grc' dir='ltr'>ἐπὶτῶν</span> <span class='ocrx_word' id='word_1_792' title='bbox 791 5285 889 5354; x_wconf 79' lang='grc' dir='ltr'>τῆς</span> <span class='ocrx_word' id='word_1_793' title='bbox 932 5285 1259 5355; x_wconf 74' lang='grc' dir='ltr'>Ἐκκλησίας</span> <span class='ocrx_word' id='word_1_794' title='bbox 1290 5285 1569 5355; x_wconf 79' lang='grc' dir='ltr'>προέδρων</span> <span class='ocrx_word' id='word_1_795' title='bbox 1606 5283 1964 5354; x_wconf 66' lang='grc' dir='ltr'>δημοσίευεον</span> 
     </span>
    </p>
   </div>
   <div class='ocr_carea' id='block_1_102' title="bbox 397 5376 1961 5449">
    <p class='ocr_par' dir='ltr' id='par_1_102' title="bbox 397 5376 1961 5449">
     <span class='ocr_line' id='line_1_102' title="bbox 397 5376 1961 5449; baseline -0.001 -17"><span class='ocrx_word' id='word_1_796' title='bbox 397 5381 454 5432; x_wconf 73' lang='grc' dir='ltr'>τὸ</span> <span class='ocrx_word' id='word_1_797' title='bbox 485 5381 756 5447; x_wconf 80' lang='grc' dir='ltr'>πταῖσμα.</span> <span class='ocrx_word' id='word_1_798' title='bbox 807 5378 958 5431; x_wconf 75' lang='grc' dir='ltr'>Ἐπεὶ</span> <span class='ocrx_word' id='word_1_799' title='bbox 982 5378 1090 5448; x_wconf 72' lang='grc' dir='ltr'><strong>γὰρ</strong></span> <span class='ocrx_word' id='word_1_800' title='bbox 1118 5380 1216 5430; x_wconf 77' lang='grc' dir='ltr'><strong>οὐκ</strong></span> <span class='ocrx_word' id='word_1_801' title='bbox 1237 5379 1435 5448; x_wconf 68' lang='grc' dir='ltr'>ἤκουσε</span> <span class='ocrx_word' id='word_1_802' title='bbox 1462 5376 1568 5431; x_wconf 87' lang='grc' dir='ltr'><strong>τῶν</strong></span> <span class='ocrx_word' id='word_1_803' title='bbox 1600 5377 1746 5449; x_wconf 79' lang='grc' dir='ltr'>δύοῆ</span> <span class='ocrx_word' id='word_1_804' title='bbox 1776 5378 1961 5447; x_wconf 82' lang='grc' dir='ltr'>τριῶν,</span> 
     </span>
    </p>
   </div>
   <div class='ocr_carea' id='block_1_103' title="bbox 396 5467 1964 5540">
    <p class='ocr_par' dir='ltr' id='par_1_103' title="bbox 396 5467 1964 5540">
     <span class='ocr_line' id='line_1_103' title="bbox 396 5467 1964 5540; baseline -0.001 -17"><span class='ocrx_word' id='word_1_805' title='bbox 396 5470 636 5539; x_wconf 81' lang='grc' dir='ltr'>καίτοιγε</span> <span class='ocrx_word' id='word_1_806' title='bbox 669 5472 697 5523; x_wconf 88' lang='grc' dir='ltr'><strong>ό</strong></span> <span class='ocrx_word' id='word_1_807' title='bbox 716 5469 877 5540; x_wconf 87' lang='grc' dir='ltr'>νόμος</span> <span class='ocrx_word' id='word_1_808' title='bbox 903 5468 1073 5536; x_wconf 72' lang='grc' dir='ltr'>λέγει,</span> <span class='ocrx_word' id='word_1_809' title='bbox 1098 5469 1185 5521; x_wconf 82' lang='grc' dir='ltr'>ἵνα</span> <span class='ocrx_word' id='word_1_810' title='bbox 1216 5471 1305 5521; x_wconf 75' lang='grc' dir='ltr'><strong>ἐπὶ</strong></span> <span class='ocrx_word' id='word_1_811' title='bbox 1317 5468 1410 5521; x_wconf 88' lang='grc' dir='ltr'><strong>δύο</strong></span> <span class='ocrx_word' id='word_1_812' title='bbox 1436 5468 1729 5540; x_wconf 85' lang='grc' dir='ltr'>μαρτύρων</span> <span class='ocrx_word' id='word_1_813' title='bbox 1746 5474 1778 5539; x_wconf 84' lang='grc' dir='ltr'>ἢ</span> <span class='ocrx_word' id='word_1_814' title='bbox 1796 5467 1964 5538; x_wconf 87' lang='grc' dir='ltr'>τριῶν</span> 
     </span>
    </p>
   </div>
   <div class='ocr_carea' id='block_1_104' title="bbox 399 5560 1966 5631">
    <p class='ocr_par' dir='ltr' id='par_1_104' title="bbox 399 5560 1966 5631">
     <span class='ocr_line' id='line_1_104' title="bbox 399 5560 1966 5631; baseline -0.001 -17"><span class='ocrx_word' id='word_1_815' title='bbox 399 5561 632 5623; x_wconf 77' lang='grc' dir='ltr'>ἵσταται,</span> <span class='ocrx_word' id='word_1_816' title='bbox 672 5562 917 5614; x_wconf 72' lang='grc' dir='ltr'>τουτέστι</span> <span class='ocrx_word' id='word_1_817' title='bbox 961 5560 1296 5631; x_wconf 72' lang='grc' dir='ltr'>βεϐαιοῦται,</span> <span class='ocrx_word' id='word_1_818' title='bbox 1360 5563 1467 5614; x_wconf 74' lang='grc' dir='ltr'>πᾶν</span> <span class='ocrx_word' id='word_1_819' title='bbox 1514 5561 1683 5631; x_wconf 75' lang='grc' dir='ltr'>ῥῆμα,</span> <span class='ocrx_word' id='word_1_820' title='bbox 1729 5562 1832 5614; x_wconf 72' lang='grc' dir='ltr'><strong>ύπὺ</strong></span> <span class='ocrx_word' id='word_1_821' title='bbox 1866 5561 1966 5630; x_wconf 78' lang='grc' dir='ltr'>τῆς</span> 
     </span>
    </p>
   </div>
   <div class='ocr_carea' id='block_1_105' title="bbox 410 5650 1966 5721">
    <p class='ocr_par' dir='ltr' id='par_1_105' title="bbox 410 5650 1966 5721">
     <span class='ocr_line' id='line_1_105' title="bbox 410 5650 1966 5721; baseline 0.002 -19"><span class='ocrx_word' id='word_1_822' title='bbox 410 5650 737 5721; x_wconf 74' lang='grc' dir='ltr'>Ἐκκλησίας</span> <span class='ocrx_word' id='word_1_823' title='bbox 759 5650 942 5704; x_wconf 75' lang='grc' dir='ltr'>λοιπὸν</span> <span class='ocrx_word' id='word_1_824' title='bbox 971 5651 1398 5721; x_wconf 71' lang='grc' dir='ltr'>σωφρονισθήτω</span> <span class='ocrx_word' id='word_1_825' title='bbox 1429 5667 1441 5681; x_wconf 93' lang='grc'><strong>·</strong></span> <span class='ocrx_word' id='word_1_826' title='bbox 1474 5650 1570 5703; x_wconf 75' lang='grc' dir='ltr'><strong>ἐὰν</strong></span> <span class='ocrx_word' id='word_1_827' title='bbox 1596 5651 1651 5703; x_wconf 82' lang='grc' dir='ltr'>δὲ</span> <span class='ocrx_word' id='word_1_828' title='bbox 1685 5651 1805 5704; x_wconf 76' lang='grc' dir='ltr'>οἶδὲ</span> <span class='ocrx_word' id='word_1_829' title='bbox 1833 5652 1966 5705; x_wconf 72' lang='grc' dir='ltr'>ταύ-</span> 
     </span>
    </p>
   </div>
   <div class='ocr_carea' id='block_1_106' title="bbox 400 5741 1966 5815">
    <p class='ocr_par' dir='ltr' id='par_1_106' title="bbox 400 5741 1966 5815">
     <span class='ocr_line' id='line_1_106' title="bbox 400 5741 1966 5815; baseline 0.001 -20"><span class='ocrx_word' id='word_1_830' title='bbox 400 5759 496 5813; x_wconf 73' lang='grc' dir='ltr'>της</span> <span class='ocrx_word' id='word_1_831' title='bbox 519 5743 749 5815; x_wconf 79' lang='grc' dir='ltr'>ἀκούσῃ,</span> <span class='ocrx_word' id='word_1_832' title='bbox 785 5743 903 5796; x_wconf 86' lang='grc' dir='ltr'>τότε</span> <span class='ocrx_word' id='word_1_833' title='bbox 934 5742 1077 5795; x_wconf 73' lang='grc' dir='ltr'>ἔστω</span> <span class='ocrx_word' id='word_1_834' title='bbox 1100 5744 1402 5813; x_wconf 67' lang='grc' dir='ltr'>ἀπόϐλητος</span> <span class='ocrx_word' id='word_1_835' title='bbox 1431 5785 1441 5808; x_wconf 89' lang='grc'><strong>,</strong></span> <span class='ocrx_word' id='word_1_836' title='bbox 1478 5741 1562 5796; x_wconf 75' lang='grc' dir='ltr'>ἴνκ</span> <span class='ocrx_word' id='word_1_837' title='bbox 1587 5743 1659 5814; x_wconf 83' lang='grc' dir='ltr'><strong>μὴ</strong></span> <span class='ocrx_word' id='word_1_838' title='bbox 1691 5743 1789 5813; x_wconf 80' lang='grc' dir='ltr'>τῆς</span> <span class='ocrx_word' id='word_1_839' title='bbox 1833 5742 1966 5807; x_wconf 77' lang='grc' dir='ltr'>ἰδίας</span> 
     </span>
    </p>
   </div>
   <div class='ocr_carea' id='block_1_107' title="bbox 2060 4542 3634 4620">
    <p class='ocr_par' dir='ltr' id='par_1_107' title="bbox 2060 4542 3634 4620">
     <span class='ocr_line' id='line_1_107' title="bbox 2060 4542 3634 4620; baseline -0.008 -12"><span class='ocrx_word' id='word_1_840' title='bbox 2060 4554 2278 4617; x_wconf 78' lang='lat' dir='ltr'><strong>alliciat,</strong></span> <span class='ocrx_word' id='word_1_841' title='bbox 2307 4563 2437 4607; x_wconf 88' lang='lat' dir='ltr'><strong>tunc</strong></span> <span class='ocrx_word' id='word_1_842' title='bbox 2482 4553 2586 4607; x_wconf 89' lang='lat' dir='ltr'><strong>illis</strong></span> <span class='ocrx_word' id='word_1_843' title='bbox 2617 4553 2780 4607; x_wconf 86' lang='lat' dir='ltr'><strong>etiam</strong></span> <span class='ocrx_word' id='word_1_844' title='bbox 2811 4565 2930 4620; x_wconf 77' lang='lat' dir='ltr'><strong>qua:</strong></span> <span class='ocrx_word' id='word_1_845' title='bbox 2975 4558 3064 4602; x_wconf 90' lang='lat' dir='ltr'><strong>tua</strong></span> <span class='ocrx_word' id='word_1_846' title='bbox 3097 4556 3222 4602; x_wconf 84' lang='lat' dir='ltr'><strong>sunt</strong></span> <span class='ocrx_word' id='word_1_847' title='bbox 3262 4544 3530 4600; x_wconf 90' lang='lat' dir='ltr'><strong>renuntia.</strong></span> <span class='ocrx_word' id='word_1_848' title='bbox 3576 4542 3634 4597; x_wconf 88' lang='lat' dir='ltr'><strong>Si</strong></span> 
     </span>
    </p>
   </div>
   <div class='ocr_carea' id='block_1_108' title="bbox 2061 4637 3636 4715">
    <p class='ocr_par' dir='ltr' id='par_1_108' title="bbox 2061 4637 3636 4715">
     <span class='ocr_line' id='line_1_108' title="bbox 2061 4637 3636 4715; baseline -0.007 -14"><span class='ocrx_word' id='word_1_849' title='bbox 2061 4648 2247 4711; x_wconf 85' lang='lat' dir='ltr'><strong>frater,</strong></span> <span class='ocrx_word' id='word_1_850' title='bbox 2278 4660 2446 4715; x_wconf 86' lang='lat' dir='ltr'><strong>argue</strong></span> <span class='ocrx_word' id='word_1_851' title='bbox 2471 4645 2642 4700; x_wconf 84' lang='lat' dir='ltr'><strong>illum.</strong></span> <span class='ocrx_word' id='word_1_852' title='bbox 2666 4642 2782 4699; x_wconf 76' lang='lat' dir='ltr'><strong>Non</strong></span> <span class='ocrx_word' id='word_1_853' title='bbox 2805 4643 2949 4697; x_wconf 86' lang='lat' dir='ltr'><strong>enim</strong></span> <span class='ocrx_word' id='word_1_854' title='bbox 2983 4641 3139 4704; x_wconf 78' lang='lat' dir='ltr'><strong>dixit,</strong></span> <span class='ocrx_word' id='word_1_855' title='bbox 3166 4638 3506 4699; x_wconf 88' lang='lat' dir='ltr'><strong>Conviciare,</strong></span> <span class='ocrx_word' id='word_1_856' title='bbox 3538 4637 3636 4690; x_wconf 89' lang='lat' dir='ltr'><strong>sed</strong></span> 
     </span>
    </p>
   </div>
   <div class='ocr_carea' id='block_1_109' title="bbox 2060 4727 3637 4808">
    <p class='ocr_par' dir='ltr' id='par_1_109' title="bbox 2060 4727 3637 4808">
     <span class='ocr_line' id='line_1_109' title="bbox 2060 4727 3637 4808; baseline -0.008 -16"><span class='ocrx_word' id='word_1_857' title='bbox 2060 4741 2258 4808; x_wconf 82' lang='lat' dir='ltr'><strong>Argue.</strong></span> <span class='ocrx_word' id='word_1_858' title='bbox 2314 4736 2370 4792; x_wconf 88' lang='lat' dir='ltr'><strong>Si</strong></span> <span class='ocrx_word' id='word_1_859' title='bbox 2403 4747 2454 4791; x_wconf 88' lang='lat' dir='ltr'><strong>te</strong></span> <span class='ocrx_word' id='word_1_860' title='bbox 2495 4736 2744 4800; x_wconf 79' lang='lat' dir='ltr'><strong>audierit,</strong></span> <span class='ocrx_word' id='word_1_861' title='bbox 2784 4735 2888 4790; x_wconf 88' lang='lat' dir='ltr'><strong>hoc</strong></span> <span class='ocrx_word' id='word_1_862' title='bbox 2925 4741 3043 4799; x_wconf 81' lang='lat' dir='ltr'><strong>est,</strong></span> <span class='ocrx_word' id='word_1_863' title='bbox 3077 4731 3452 4786; x_wconf 88' lang='lat' dir='ltr'><strong>condemnarit</strong></span> <span class='ocrx_word' id='word_1_864' title='bbox 3496 4727 3637 4797; x_wconf 87' lang='lat' dir='ltr'><strong>seip-</strong></span> 
     </span>
    </p>
   </div>
   <div class='ocr_carea' id='block_1_110' title="bbox 2061 4821 3637 4896">
    <p class='ocr_par' dir='ltr' id='par_1_110' title="bbox 2061 4821 3637 4896">
     <span class='ocr_line' id='line_1_110' title="bbox 2061 4821 3637 4896; baseline -0.01 -10"><span class='ocrx_word' id='word_1_865' title='bbox 2061 4845 2199 4886; x_wconf 78' lang='lat' dir='ltr'><strong>sum.</strong></span> <span class='ocrx_word' id='word_1_866' title='bbox 2225 4829 2478 4885; x_wconf 81' lang='lat' dir='ltr'><strong>Privatim</strong></span> <span class='ocrx_word' id='word_1_867' title='bbox 2512 4828 2656 4884; x_wconf 87' lang='lat' dir='ltr'><strong>enim</strong></span> <span class='ocrx_word' id='word_1_868' title='bbox 2697 4827 2809 4881; x_wconf 87' lang='lat' dir='ltr'><strong>vult</strong></span> <span class='ocrx_word' id='word_1_869' title='bbox 2829 4826 3060 4896; x_wconf 85' lang='lat' dir='ltr'><strong>primum</strong></span> <span class='ocrx_word' id='word_1_870' title='bbox 3082 4827 3368 4893; x_wconf 86' lang='lat' dir='ltr'><strong>peccantes</strong></span> <span class='ocrx_word' id='word_1_871' title='bbox 3388 4821 3561 4889; x_wconf 82' lang='lat' dir='ltr'><strong>argui,</strong></span> <span class='ocrx_word' id='word_1_872' title='bbox 3579 4830 3637 4871; x_wconf 91' lang='lat' dir='ltr'><strong>ut</strong></span> 
     </span>
    </p>
   </div>
   <div class='ocr_carea' id='block_1_111' title="bbox 2063 4907 3637 4986">
    <p class='ocr_par' dir='ltr' id='par_1_111' title="bbox 2063 4907 3637 4986">
     <span class='ocr_line' id='line_1_111' title="bbox 2063 4907 3637 4986; baseline -0.006 -13"><span class='ocrx_word' id='word_1_873' title='bbox 2063 4934 2132 4974; x_wconf 85' lang='lat' dir='ltr'><strong>ne</strong></span> <span class='ocrx_word' id='word_1_874' title='bbox 2147 4934 2328 4973; x_wconf 81' lang='lat' dir='ltr'><strong>coram</strong></span> <span class='ocrx_word' id='word_1_875' title='bbox 2355 4918 2540 4973; x_wconf 82' lang='lat' dir='ltr'><strong>multis</strong></span> <span class='ocrx_word' id='word_1_876' title='bbox 2558 4917 2831 4986; x_wconf 83' lang='lat' dir='ltr'><strong>redarguti</strong></span> <span class='ocrx_word' id='word_1_877' title='bbox 2858 4911 3286 4982; x_wconf 84' lang='lat' dir='ltr'><strong>impudentiores</strong></span> <span class='ocrx_word' id='word_1_878' title='bbox 3310 4910 3461 4962; x_wconf 85' lang='lat' dir='ltr'><strong>fiant.</strong></span> <span class='ocrx_word' id='word_1_879' title='bbox 3482 4907 3637 4974; x_wconf 81' lang='lat' dir='ltr'><strong>Quod</strong></span> 
     </span>
    </p>
   </div>
   <div class='ocr_carea' id='block_1_112' title="bbox 2062 5000 3637 5071">
    <p class='ocr_par' dir='ltr' id='par_1_112' title="bbox 2062 5000 3637 5071">
     <span class='ocr_line' id='line_1_112' title="bbox 2062 5000 3637 5071; baseline -0.004 -9"><span class='ocrx_word' id='word_1_880' title='bbox 2062 5010 2106 5062; x_wconf 89' lang='lat' dir='ltr'><strong>si</strong></span> <span class='ocrx_word' id='word_1_881' title='bbox 2135 5022 2184 5062; x_wconf 90' lang='lat' dir='ltr'><strong>te</strong></span> <span class='ocrx_word' id='word_1_882' title='bbox 2218 5023 2322 5062; x_wconf 89' lang='lat' dir='ltr'><strong>non</strong></span> <span class='ocrx_word' id='word_1_883' title='bbox 2346 5007 2598 5071; x_wconf 87' lang='lat' dir='ltr'><strong>audierit,</strong></span> <span class='ocrx_word' id='word_1_884' title='bbox 2622 5017 2676 5061; x_wconf 89' lang='lat' dir='ltr'><strong>et</strong></span> <span class='ocrx_word' id='word_1_885' title='bbox 2702 5021 2825 5061; x_wconf 87' lang='lat' dir='ltr'><strong>cum</strong></span> <span class='ocrx_word' id='word_1_886' title='bbox 2854 5003 3062 5058; x_wconf 90' lang='lat' dir='ltr'><strong>duobus</strong></span> <span class='ocrx_word' id='word_1_887' title='bbox 3093 5003 3176 5056; x_wconf 89' lang='lat' dir='ltr'><strong>vel</strong></span> <span class='ocrx_word' id='word_1_888' title='bbox 3208 5000 3379 5054; x_wconf 83' lang='lat' dir='ltr'><strong>tribus</strong></span> <span class='ocrx_word' id='word_1_889' title='bbox 3409 5000 3637 5057; x_wconf 85' lang='lat' dir='ltr'><strong>testibus</strong></span> 
     </span>
    </p>
   </div>
   <div class='ocr_carea' id='block_1_113' title="bbox 2062 5091 3634 5171">
    <p class='ocr_par' dir='ltr' id='par_1_113' title="bbox 2062 5091 3634 5171">
     <span class='ocr_line' id='line_1_113' title="bbox 2062 5091 3634 5171; baseline -0.006 -17"><span class='ocrx_word' id='word_1_890' title='bbox 2062 5102 2328 5171; x_wconf 84' lang='lat' dir='ltr'><strong>argueris,</strong></span> <span class='ocrx_word' id='word_1_891' title='bbox 2360 5115 2426 5154; x_wconf 87' lang='lat' dir='ltr'><strong>ne</strong></span> <span class='ocrx_word' id='word_1_892' title='bbox 2447 5100 2690 5169; x_wconf 87' lang='lat' dir='ltr'><strong>graveris</strong></span> <span class='ocrx_word' id='word_1_893' title='bbox 2718 5108 2847 5153; x_wconf 90' lang='lat' dir='ltr'><strong>tunc</strong></span> <span class='ocrx_word' id='word_1_894' title='bbox 2890 5094 3150 5150; x_wconf 72' lang='lat' dir='ltr'><strong>Ecclesia:</strong></span> <span class='ocrx_word' id='word_1_895' title='bbox 3192 5092 3516 5164; x_wconf 71' lang='lat' dir='ltr'><strong>prmsidibus</strong></span> <span class='ocrx_word' id='word_1_896' title='bbox 3546 5091 3634 5144; x_wconf 84' lang='lat' dir='ltr'><strong>in-</strong></span> 
     </span>
    </p>
   </div>
   <div class='ocr_carea' id='block_1_114' title="bbox 2062 5182 3645 5263">
    <p class='ocr_par' dir='ltr' id='par_1_114' title="bbox 2062 5182 3645 5263">
     <span class='ocr_line' id='line_1_114' title="bbox 2062 5182 3645 5263; baseline -0.008 -16"><span class='ocrx_word' id='word_1_897' title='bbox 2062 5192 2281 5263; x_wconf 77' lang='lat' dir='ltr'><strong>vulgare</strong></span> <span class='ocrx_word' id='word_1_898' title='bbox 2333 5201 2634 5261; x_wconf 86' lang='lat' dir='ltr'><strong>peccatum.</strong></span> <span class='ocrx_word' id='word_1_899' title='bbox 2678 5189 2816 5257; x_wconf 88' lang='lat' dir='ltr'><strong>Quia</strong></span> <span class='ocrx_word' id='word_1_900' title='bbox 2858 5187 3004 5243; x_wconf 90' lang='lat' dir='ltr'><strong>enim</strong></span> <span class='ocrx_word' id='word_1_901' title='bbox 3039 5202 3144 5241; x_wconf 91' lang='lat' dir='ltr'><strong>non</strong></span> <span class='ocrx_word' id='word_1_902' title='bbox 3198 5184 3349 5239; x_wconf 85' lang='lat' dir='ltr'><strong>audit</strong></span> <span class='ocrx_word' id='word_1_903' title='bbox 3389 5184 3520 5238; x_wconf 89' lang='lat' dir='ltr'><strong>duos</strong></span> <span class='ocrx_word' id='word_1_904' title='bbox 3554 5182 3645 5235; x_wconf 74' lang='lat' dir='ltr'><strong>vel</strong></span> 
     </span>
    </p>
   </div>
   <div class='ocr_carea' id='block_1_115' title="bbox 2065 5274 3645 5354">
    <p class='ocr_par' dir='ltr' id='par_1_115' title="bbox 2065 5274 3645 5354">
     <span class='ocr_line' id='line_1_115' title="bbox 2065 5274 3645 5354; baseline -0.008 -15"><span class='ocrx_word' id='word_1_905' title='bbox 2065 5296 2172 5339; x_wconf 86' lang='lat' dir='ltr'><strong>tres</strong></span> <span class='ocrx_word' id='word_1_906' title='bbox 2189 5289 2595 5354; x_wconf 76' lang='lat' dir='ltr'><strong>redarguentes,</strong></span> <span class='ocrx_word' id='word_1_907' title='bbox 2612 5281 2861 5351; x_wconf 86' lang='lat' dir='ltr'><strong>quamvis</strong></span> <span class='ocrx_word' id='word_1_908' title='bbox 2879 5280 2963 5334; x_wconf 81' lang='lat' dir='ltr'><strong>lex</strong></span> <span class='ocrx_word' id='word_1_909' title='bbox 2978 5278 3121 5333; x_wconf 90' lang='lat' dir='ltr'><strong>dicat</strong></span> <span class='ocrx_word' id='word_1_910' title='bbox 3149 5286 3204 5331; x_wconf 91' lang='lat' dir='ltr'><strong>ut</strong></span> <span class='ocrx_word' id='word_1_911' title='bbox 3225 5278 3275 5330; x_wconf 91' lang='lat' dir='ltr'><strong>in</strong></span> <span class='ocrx_word' id='word_1_912' title='bbox 3297 5291 3390 5329; x_wconf 91' lang='lat' dir='ltr'><strong>ore</strong></span> <span class='ocrx_word' id='word_1_913' title='bbox 3407 5274 3645 5327; x_wconf 73' lang='lat' dir='ltr'><strong>duorum-</strong></span> 
     </span>
    </p>
   </div>
   <div class='ocr_carea' id='block_1_116' title="bbox 2065 5370 3639 5438">
    <p class='ocr_par' dir='ltr' id='par_1_116' title="bbox 2065 5370 3639 5438">
     <span class='ocr_line' id='line_1_116' title="bbox 2065 5370 3639 5438; baseline -0.008 -9"><span class='ocrx_word' id='word_1_914' title='bbox 2065 5379 2150 5432; x_wconf 82' lang='lat' dir='ltr'><strong>vel</strong></span> <span class='ocrx_word' id='word_1_915' title='bbox 2186 5379 2345 5431; x_wconf 89' lang='lat' dir='ltr'><strong>trium</strong></span> <span class='ocrx_word' id='word_1_916' title='bbox 2380 5376 2594 5433; x_wconf 83' lang='lat' dir='ltr'><strong>testium</strong></span> <span class='ocrx_word' id='word_1_917' title='bbox 2643 5374 2932 5438; x_wconf 80' lang='lat' dir='ltr'><strong>subsiStat,</strong></span> <span class='ocrx_word' id='word_1_918' title='bbox 2976 5370 3029 5426; x_wconf 89' lang='lat' dir='ltr'><strong>id</strong></span> <span class='ocrx_word' id='word_1_919' title='bbox 3069 5380 3172 5435; x_wconf 89' lang='lat' dir='ltr'><strong>est,</strong></span> <span class='ocrx_word' id='word_1_920' title='bbox 3208 5370 3451 5422; x_wconf 85' lang='lat' dir='ltr'><strong>firmetur</strong></span> <span class='ocrx_word' id='word_1_921' title='bbox 3480 5378 3639 5417; x_wconf 86' lang='lat' dir='ltr'><strong>omne</strong></span> 
     </span>
    </p>
   </div>
   <div class='ocr_carea' id='block_1_117' title="bbox 2065 5457 3637 5533">
    <p class='ocr_par' dir='ltr' id='par_1_117' title="bbox 2065 5457 3637 5533">
     <span class='ocr_line' id='line_1_117' title="bbox 2065 5457 3637 5533; baseline -0.006 -15"><span class='ocrx_word' id='word_1_922' title='bbox 2065 5468 2312 5533; x_wconf 86' lang='lat' dir='ltr'><strong>verbum,</strong></span> <span class='ocrx_word' id='word_1_923' title='bbox 2339 5469 2407 5521; x_wconf 88' lang='lat' dir='ltr'><strong>ab</strong></span> <span class='ocrx_word' id='word_1_924' title='bbox 2438 5465 2682 5520; x_wconf 87' lang='lat' dir='ltr'><strong>Ecclesia</strong></span> <span class='ocrx_word' id='word_1_925' title='bbox 2709 5473 2894 5533; x_wconf 84' lang='lat' dir='ltr'><strong>postea</strong></span> <span class='ocrx_word' id='word_1_926' title='bbox 2920 5462 3240 5532; x_wconf 87' lang='lat' dir='ltr'><strong>castigetur.</strong></span> <span class='ocrx_word' id='word_1_927' title='bbox 3277 5457 3424 5513; x_wconf 85' lang='lat' dir='ltr'><strong>lllam</strong></span> <span class='ocrx_word' id='word_1_928' title='bbox 3458 5465 3637 5510; x_wconf 79' lang='lat' dir='ltr'><strong>autent</strong></span> 
     </span>
    </p>
   </div>
   <div class='ocr_carea' id='block_1_118' title="bbox 2065 5546 3633 5626">
    <p class='ocr_par' dir='ltr' id='par_1_118' title="bbox 2065 5546 3633 5626">
     <span class='ocr_line' id='line_1_118' title="bbox 2065 5546 3633 5626; baseline -0.009 -12"><span class='ocrx_word' id='word_1_929' title='bbox 2065 5560 2110 5614; x_wconf 87' lang='lat' dir='ltr'><strong>si</strong></span> <span class='ocrx_word' id='word_1_930' title='bbox 2158 5576 2261 5615; x_wconf 90' lang='lat' dir='ltr'><strong>non</strong></span> <span class='ocrx_word' id='word_1_931' title='bbox 2302 5558 2553 5624; x_wconf 83' lang='lat' dir='ltr'><strong>audierit,</strong></span> <span class='ocrx_word' id='word_1_932' title='bbox 2611 5567 2737 5612; x_wconf 87' lang='lat' dir='ltr'><strong>tunc</strong></span> <span class='ocrx_word' id='word_1_933' title='bbox 2794 5555 3107 5626; x_wconf 87' lang='lat' dir='ltr'><strong>abjiciatur,</strong></span> <span class='ocrx_word' id='word_1_934' title='bbox 3141 5567 3207 5607; x_wconf 90' lang='lat' dir='ltr'><strong>ne</strong></span> <span class='ocrx_word' id='word_1_935' title='bbox 3248 5566 3361 5608; x_wconf 80' lang='lat' dir='ltr'><strong>suae</strong></span> <span class='ocrx_word' id='word_1_936' title='bbox 3411 5546 3633 5604; x_wconf 57' lang='lat' dir='ltr'><strong>malitia</strong></span> 
     </span>
    </p>
   </div>
   <div class='ocr_carea' id='block_1_119' title="bbox 2067 5637 3637 5720">
    <p class='ocr_par' dir='ltr' id='par_1_119' title="bbox 2067 5637 3637 5720">
     <span class='ocr_line' id='line_1_119' title="bbox 2067 5637 3637 5720; baseline -0.007 -17"><span class='ocrx_word' id='word_1_937' title='bbox 2067 5652 2356 5720; x_wconf 73' lang='lat' dir='ltr'><strong>participes</strong></span> <span class='ocrx_word' id='word_1_938' title='bbox 2386 5650 2551 5705; x_wconf 83' lang='lat' dir='ltr'><strong>faciat</strong></span> <span class='ocrx_word' id='word_1_939' title='bbox 2590 5650 2745 5707; x_wconf 89' lang='lat' dir='ltr'><strong>alios.</strong></span> <span class='ocrx_word' id='word_1_940' title='bbox 2780 5648 3064 5706; x_wconf 85' lang='lat' dir='ltr'><strong>Assimilat</strong></span> <span class='ocrx_word' id='word_1_941' title='bbox 3118 5655 3298 5700; x_wconf 90' lang='lat' dir='ltr'><strong>autem</strong></span> <span class='ocrx_word' id='word_1_942' title='bbox 3342 5637 3637 5711; x_wconf 85' lang='lat' dir='ltr'><strong>publicanis</strong></span> 
     </span>
    </p>
   </div>
   <div class='ocr_carea' id='block_1_120' title="bbox 2073 5730 3631 5808">
    <p class='ocr_par' dir='ltr' id='par_1_120' title="bbox 2073 5730 3631 5808">
     <span class='ocr_line' id='line_1_120' title="bbox 2073 5730 3631 5808; baseline -0.012 -8"><span class='ocrx_word' id='word_1_943' title='bbox 2073 5744 2205 5800; x_wconf 84' lang='lat' dir='ltr'><strong>tales</strong></span> <span class='ocrx_word' id='word_1_944' title='bbox 2240 5742 2457 5800; x_wconf 82' lang='lat' dir='ltr'><strong>fratres.</strong></span> <span class='ocrx_word' id='word_1_945' title='bbox 2504 5731 2801 5799; x_wconf 84' lang='lat' dir='ltr'><strong>infamatur</strong></span> <span class='ocrx_word' id='word_1_946' title='bbox 2828 5739 2975 5797; x_wconf 86' lang='lat' dir='ltr'><strong>enim</strong></span> <span class='ocrx_word' id='word_1_947' title='bbox 3016 5740 3084 5795; x_wconf 91' lang='lat' dir='ltr'><strong>ob</strong></span> <span class='ocrx_word' id='word_1_948' title='bbox 3120 5737 3374 5808; x_wconf 77' lang='lat' dir='ltr'><strong>pecunias</strong></span> <span class='ocrx_word' id='word_1_949' title='bbox 3404 5730 3631 5802; x_wconf 81' lang='lat' dir='ltr'><strong>publica-</strong></span> 
     </span>
    </p>
   </div>
  </div>
