4078 6464
435 333 546 402 343

1319 331 1902 400 THEOPHYLACTI
1943 336 2361 401 Βοιωτιιέ
2399 337 2758 398 ARCHIEP.

3576 337 3679 406 ευ

434 459 562 502 nus.
614 441 923 500 Consolatio
957 450 1140 498 autem
1173 443 1232 498 lit
1268 442 1497 509 oll‘enso,
1530 445 1726 514 injuria
1761 444 2003 500 allicient-

2111 444 2312 507 κακίας
2344 442 2563 514 μεταδῷ
2596 443 2826 507 καὶτοῖς
2867 441 3071 507 ἀλλοκ.
3108 442 3444 513 Παρεικάζει
3475 444 3532 499 δὲ
3581 450 3696 510 τοῖς

436 540 544 592 tem
599 535 945 606 publicanum
994 535 1292 591 existimari
1353 547 1407 592 et
1459 539 1737 608 gentilem,
1775 538 1880 594 hoc
1924 548 2010 595 est

431 639 768 701 peccatorem
795 637 849 683 et
871 628 1233 685 incredulum.
1261 627 1512 699 Nunquid
1546 641 1725 685 autem
1756 632 1871 685 haec
1894 630 2007 686 sola

431 718 685 790 injuriatn
718 720 970 779 facientis
999 721 1207 793 poena?
1238 719 1478 778 Minime.
1514 720 1620 776 Sed
1652 722 1774 777 audi
1805 732 1861 778 et
1891 736 2008 793 qua:

429 823 749 884 sequuntur.

500 1122 666 1183 Vens.
711 1126 799 1183 18.
843 1144 863 1180 ι
893 1129 1061 1185 Amen
1095 1130 1216 1186 dico
1244 1131 1417 1197 vobis,
1454 1145 1787 1203 qttmcunque
1816 1130 2005 1201 alliga-

426 1219 618 1273 veritis
642 1234 806 1290 super
841 1231 1062 1286 terram,
1095 1234 1253 1279 erunt
1283 1222 1442 1293 ligata
1467 1225 1523 1280 in
1558 1225 1697 1280 cmlo
1725 1241 1740 1279 :
1770 1233 1823 1279 et
1856 1238 2003 1293 quae-

427 1315 643 1378 cnnqbe
684 1310 958 1368 solveritis
1015 1328 1179 1383 super
1225 1322 1456 1383 terram,
1512 1325 1673 1370 erunt
1721 1315 1894 1371 soluta
1947 1316 2002 1370 in

426 1402 588 1457 coelo.
631 1420 650 1454 ι
696 1401 751 1457 Si
778 1412 856 1467 tu.
906 1405 1116 1474 inquit,
1146 1406 1423 1473 offensus,
1471 1407 1637 1463 babes
1663 1423 1788 1463 eum
1824 1407 1913 1478 qui
1953 1419 2004 1464 te

427 1490 627 1559 injuria
684 1491 866 1548 ati’ecit
904 1495 1043 1549 sicut
1090 1495 1433 1565 publicanum
1468 1510 1522 1552 et
1555 1498 1848 1568 gentilem,
1895 1499 2003 1554 erit

426 1582 518 1637 ille
546 1593 599 1639 et
630 1584 681 1639 in
714 1585 853 1640 ccelo
886 1587 1028 1642 talis.
1058 1587 1112 1643 Si
1146 1599 1325 1645 autem
1363 1590 1591 1647 solveris
1617 1608 1761 1657 eum,
1785 1591 1888 1647 hoc
1919 1600 2004 1649 est

427 1673 721 1744 ignoveris,
751 1677 855 1732 erit
885 1679 934 1733 ei
966 1688 1021 1733 et
1050 1678 1104 1734 in
1139 1681 1278 1734 cmlo
1303 1682 1685 1739 condonatum.
1714 1682 1828 1739 Non
1855 1685 1998 1740 enim

424 1766 601 1822 solum
644 1783 765 1838 quae
813 1770 1029 1827 solvunt
1076 1773 1426 1840 sacerdotes,
1482 1785 1607 1830 sunt
1648 1775 1868 1833 soluta:
1905 1777 1997 1831 sed

425 1868 762 1932 qurccunque
807 1872 861 1918 et
910 1880 1009 1921 nos
1057 1866 1250 1936 injuria
1295 1866 1469 1921 aﬂ'ecti
1502 1867 1586 1922 vel
1623 1867 1888 1937 ligamt‘Is,
1916 1868 2001 1924 vel

426 1948 706 2018 solvimus,
744 1963 799 2011 et
843 1956 956 2027 ipsa
985 1969 1145 2013 erunt
1193 1959 1357 2031 ligata
1397 1960 1479 2016 vel
1520 1960 1717 2017 soluta.

498 2082 662 2142 Vsus.
695 2085 783 2152 i9,
807 2086 897 2144 20.
939 2108 956 2142 ι
979 2088 1212 2157 Rursus,
1237 2106 1393 2148 amen
1424 2093 1547 2148 dico
1581 2093 1754 2159 vobis,
1790 2093 1933 2165 quod
1955 2093 2003 2149 si

425 2179 534 2234 duo
575 2195 642 2236 ex
699 2180 848 2237 vobis
879 2185 1260 2239 consenserint
1307 2199 1471 2255 super
1500 2193 1725 2252 terram,
1757 2186 1825 2241 de
1852 2186 2002 2242 onmi

427 2285 488 2325 re
516 2284 893 2341 quamcunque
931 2273 1211 2344 petierint,
1244 2274 1338 2330 liet
1375 2275 1481 2331 illis
1509 2291 1538 2331 a
1570 2276 1733 2333 Patre
1765 2292 1884 2333 meo
1908 2277 1999 2347 qui

422 2369 510 2415 est
537 2361 589 2415 in
616 2362 790 2418 caelis.
818 2363 923 2420 Ubi
953 2366 1097 2420 enim
1139 2377 1269 2422 sunt
1299 2368 1405 2423 duo
1433 2368 1514 2423 vel
1545 2378 1654 2425 tres
1690 2370 2000 2441 congregati

426 2450 481 2503 in
513 2451 733 2508 nomine
761 2467 906 2518 meo,
946 2453 1053 2509 illic
1083 2469 1203 2514 sum
1232 2456 1285 2511 in
1318 2458 1495 2512 medio
1530 2459 1766 2514 illorum.
1800 2478 1821 2513 ι
1855 2459 2001 2515 Con-

425 2554 614 2615 gregat
656 2561 753 2602 nos
786 2547 935 2604 hisce
978 2549 1162 2605 verbis
1200 2551 1267 2609 ad
1306 2550 1649 2609 cbaritatem.
1686 2552 1819 2621 Quia
1855 2554 1998 2608 enim
2060 2613 2071 2621 ,

424 2638 703 2706 prohibuit
753 2655 821 2695 ne
878 2650 1122 2696 mutuum
1168 2642 1605 2709 oﬂ'enderemus,
1662 2662 1807 2701 nunc
1849 2656 1902 2701 et
1934 2646 2002 2702 de

424 2739 611 2785 mutua
643 2734 933 2789 concordia
967 2735 1118 2790 dicit.
1168 2735 1483 2793 Concordes
1513 2748 1688 2792 autem
1719 2738 1997 2804 dicuntur,

423 2837 531 2879 non
558 2823 650 2895 qni
686 2823 745 2881 in
789 2825 989 2882 malum
1015 2830 1351 2883 conveniunt
1374 2869 1389 2894 ,
1425 2827 1518 2885 sed
1557 2827 1652 2900 qui
1689 2827 1741 2885 in
1774 2829 1995 2887 bonum.

421 2906 560 2972 Vide
590 2918 735 2973 enim
767 2919 895 2991 quid
939 2920 1082 2974 dicat
1113 2939 1127 2975 :
1179 2919 1235 2975 Si
1268 2922 1374 2977 duo
1403 2936 1470 2976 ex
1520 2922 1703 2988 vobis,
1754 2922 1853 2977 hoc
1895 2935 1997 2989 est,

423 3011 774 3067 credentibus
810 3020 865 3065 et
930 3012 1126 3068 virtute
1203 3014 1463 3082 praeditis.
1542 3013 2001 3084 Conspiravcrunt

423 3103 567 3158 enim
598 3104 859 3160 etAnnas
886 3119 950 3160 ac
976 3105 1234 3175 Caiphas,
1269 3109 1362 3162 sed
1407 3106 1571 3162 male.
1608 3107 1675 3162 Et
1709 3107 1996 3178 pmpterea
2024 3147 2072 3209 ϐ

423 3211 566 3265 arepe
595 3206 880 3266 precantes
909 3213 1018 3253 non
1046 3198 1364 3269 accipimus,
1391 3214 1456 3256 eo
1476 3200 1619 3269 quod
1657 3209 1842 3255 mutua
1870 3215 2001 3256 con-

428 3289 612 3343 cordia
647 3303 929 3346 caremus.
964 3288 1082 3347 Non
1126 3290 1263 3346 dixit
1294 3300 1496 3359 autem,
1524 3291 1678 3364 Ero(
1713 3307 1818 3347 non
1852 3292 1997 3348 enim

425 3378 630 3445 tardat,
665 3379 747 3433 vel
781 3379 1119 3451 cunctatur),
1150 3381 1245 3436 sed
1282 3379 1437 3447 Sum,
1474 3364 1576 3436 boc
1601 3390 1683 3437 est
1705 3422 1720 3448 ,
1747 3382 1859 3451 jam
1891 3382 2002 3437 illic

427 3471 699 3524 invenior.
729 3470 1006 3540 lnteiligas
1042 3472 1171 3528 item
1205 3474 1350 3543 quod
1383 3473 1603 3541 quando
1648 3475 1999 3544 conspirave-

427 3555 537 3610 τίοι
586 3556 811 3626 spiritus
838 3568 893 3614 et
927 3575 1098 3626 caro,
1148 3571 1205 3618 et
1252 3577 1363 3617 non
1395 3564 1765 3633 concupiverit
1812 3576 2002 3622 contra

426 3647 678 3719 spiritum
705 3664 864 3716 caro,
891 3660 1023 3708 tunc
1055 3653 1159 3709 erit
1181 3653 1235 3708 in
1266 3654 1444 3710 medio
1470 3654 1753 3711 Dominus.
1777 3654 2007 3727 Conspi-

435 3752 557 3797 rant
585 3750 764 3797 autem
788 3752 844 3799 et
875 3753 988 3799 tres
1012 3745 1240 3803 virtutes
1270 3747 1485 3813 animae,
1519 3748 1804 3805 rationalis
1824 3788 1838 3812 ,
1879 3749 2006 3804 ira-

433 3833 653 3900 scitiva,
694 3843 749 3891 et
787 3835 1168 3893 desiderativa.
1206 3837 1312 3893 Sed
1344 3848 1573 3896 etvetus
1600 3854 1664 3896 ac
1689 3855 1825 3897 nova
1856 3840 2005 3913 leges

425 3927 765 3995 conspirant,
818 3928 1202 4001 invenitnrqne
1252 3931 1305 3986 in
1353 3931 1530 3988 medio
1557 3931 2005 4004 ipsarutnjChri-

424 4028 543 4074 stus
568 4020 636 4074 ab
664 4030 893 4092 utraque
932 4023 1281 4092 pra-ditatus.

496 4287 662 4363 Vens.
680 4307 773 4373 2t,
792 4308 884 4364 22.
907 4329 926 4361 ι
960 4271 1112 4367 Tunc
1138 4313 1402 4369 accedens
1416 4309 1525 4386 97
1559 4315 1753 4372 Petrus
1777 4317 1843 4371 ad
1861 4328 2005 4384 eum,

2118 532 2380 595 τελώναις
2424 531 2554 596 τοὺς
2600 530 2878 595 τοιούτους
2931 531 3195 601 ἀδελφοὺς
3248 532 3695 605 (διαϐεϐλημένον

2116 624 2228 694 γάρ
2253 641 2303 676 τι
2330 622 2519 694 χρῆμα
2546 625 2575 678 6
2592 624 2855 696 τελώνης)
2877 639 2893 657 σ
2940 623 3270 695 παραμυθία
3296 625 3354 679 δὲ
3399 626 3480 697 τῷ
3504 628 3695 699 ἠδικη-

2119 716 2290 786 μένῳ,
2345 715 2404 768 τὸ
2459 715 2550 769 τὸν
2596 715 2886 769 ἀδικοῦντα
2926 714 3165 787 τελώνην
3219 717 3539 787 νομίζεσθαι
3596 719 3693 772 καὶ

2116 806 2351 873 ἑονικὸν,
2391 806 2667 862 τουτέστιν
2714 807 3039 879 ἁμαρτωλὸν
3071 808 3167 862 καὶ
3216 808 3463 863 ἄπιστον.
3521 809 3695 863 Τοῦτο

2115 898 2206 954 οὖν
2231 901 2391 971 μόνον
2418 901 2639 965 κόλασις
2672 901 2765 956 τοῦ
2787 901 3107 966 ἀδικοῦντος
3127 919 3143 969 ;
3166 902 3320 975 Οὐχί.
3364 902 3504 956 Ἀλλ’
3523 904 3691 959 ἄκουε

2115 990 2206 1043 καὶ
2234 989 2340 1043 τῶν
2373 990 2522 1061 ἑξῆς.

2185 1122 2206 1157 ι
2259 1105 2432 1177 Ἀμὴν
2457 1105 2604 1177 λέγω
2629 1107 2782 1179 ὑμῖν,
2822 1109 2925 1163 ὅσα
2951 1109 3047 1163 ἑὰν
3071 1109 3274 1181 δήσητε
3303 1110 3395 1163 ἐπὶ
3431 1109 3534 1179 τῆς
3562 1109 3691 1179 γῆς,

2112 1193 2268 1248 ἔσται
2295 1194 2555 1265 δεδεμένα
2598 1196 2656 1250 ἑν
2694 1194 2773 1267 τῷ
2799 1195 3038 1267 οὐρανῷ,
3086 1198 3182 1250 καὶ
3222 1196 3323 1250 ὅσα
3363 1197 3458 1248 ἑὰν
3486 1195 3689 1265 λύσητε

2111 1288 2206 1340 ἐπὶ
2232 1287 2330 1357 τῆς
2359 1287 2485 1357 γῆς,
2521 1287 2675 1343 ἔσται
2715 1287 2984 1358 λελυμένα
3013 1289 3071 1341 ἑν
3114 1287 3193 1356 τῷ
3221 1286 3452 1360 οὐρανῷ.
3495 1305 3513 1338 ι
3558 1286 3692 1339 Ἐάν

2112 1378 2199 1446 σὺ,
2226 1378 2412 1449 φησὶν,
2429 1382 2456 1433 6
2478 1379 2780 1449 ἀδικηθεὶς,
2820 1379 2954 1451 ἔχῃς
2976 1381 3052 1444 ώς
3082 1379 3322 1451 τελώνην
3345 1378 3439 1430 καὶ
3473 1378 3690 1432 ἑθνικθιν

2108 1473 2200 1525 τὸν
2232 1471 2540 1537 ἀδικοῦντα,
2565 1471 2827 1526 έσταικαὶ
2852 1474 2907 1525 ὲν
2930 1472 3004 1543 τῷ
3031 1473 3243 1543 οὐρανῷ
3266 1470 3524 1533 τοιοῦτος.
3559 1469 3687 1523 Ἐὰν

2110 1565 2167 1620 δὲ
2209 1566 2379 1637 λύσῃς
2421 1564 2624 1630 αὑτὸν,
2660 1566 2905 1620 τουτέστι
2955 1567 3339 1638 συγχωρήσῃς,
3379 1563 3533 1618 ἑσται
3590 1564 3690 1616 καὶ

2110 1658 2167 1711 ἑν
2212 1656 2291 1728 τῷ
2317 1656 2533 1729 οὐρανῷ
2562 1658 3060 1727 συγκεχωρημένος
3090 1673 3104 1686 '
3141 1658 3204 1710 οὗ
3237 1657 3347 1728 γὰρ
3382 1656 3545 1727 μόνον
3579 1656 3686 1710 ὅσα

2107 1751 2327 1806 λύουσιν
2357 1753 2407 1805 οἰ
2442 1752 2628 1823 ἱερεῖς,
2656 1751 2765 1804 εἰσὶ
2791 1749 3080 1821 λελυμένα,
3112 1749 3229 1804 ἀλλ’
3259 1750 3361 1804 ὅσα
3397 1748 3492 1803 καὶ
3526 1750 3689 1818 ἡμεῖς

2104 1843 2156 1897 οἰ
2197 1842 2595 1912 ἀδικηθέντεςῆ
2630 1839 2941 1914 δεσμοῦμεν
2968 1841 3003 1913 ή
3037 1841 3256 1912 λύομεν,
3279 1841 3505 1894 κάκεῖνα
3530 1840 3687 1892 ἔσται

2103 1935 2364 2006 δεδεμένα
2413 1934 2447 2006 ἢ
2480 1933 2771 2004 λελυμένα.

2182 2094 2201 2127 ι
2238 2066 2431 2140 Πάλιν,
2458 2074 2604 2146 ἀμὴν
2633 2070 2778 2142 λέγω
2802 2070 2951 2145 ὑμῖν,
2983 2071 3065 2125 ὃτι
3111 2071 3206 2124 ἑὰν
3226 2066 3319 2125 δύο
3358 2069 3512 2141 ὑμῶν
3540 2082 3687 2137 συμ-

2103 2170 2425 2240 φωνήσωσιν
2450 2168 2542 2221 ἐπὶ
2574 2167 2672 2234 τῆς
2694 2168 2817 2235 γῆς,
2858 2166 2985 2236 περὶ
3018 2163 3219 2227 παντὸς
3248 2162 3573 2233 πράγματος
3621 2155 3683 2217 οὗ

2104 2259 2203 2314 ἑὰν
2233 2260 2591 2329 αἰτήσωνται,
2627 2259 2921 2330 γενήσεται
2949 2252 3134 2321 αὐτοῖς
3163 2256 3312 2326 παρὰ
3344 2255 3438 2308 τοῦ
3473 2252 3686 2322 Πατρός

2107 2367 2209 2422 μου
2235 2350 2329 2403 τοῦ
2357 2352 2414 2404 ἑν
2438 2350 2686 2421 οὐρανοῖς
2715 2365 2731 2381 ο
2760 2342 2823 2402 οὗ
2861 2347 2970 2418 γάρ
3000 2349 3106 2402 εἰσι
3130 2345 3235 2415 ,δύο
3260 2347 3266 2352 “
3290 2343 3323 2417 ἢ
3378 2347 3528 2418 τρεῖς
3554 2360 3652 2396 συν

2101 2442 2330 2514 ηγμένοι
2354 2444 2432 2507 εἰς
2448 2442 2510 2495 τὸ
2536 2442 2671 2513 ὲμδν
2693 2441 2887 2511 ὄνομα,
2906 2440 3153 2511 ἑκεϊεὶμι
3179 2439 3239 2491 ἑν
3261 2437 3412 2508 μέσῳ
3430 2435 3631 2489 αὐτῶν.
3657 2445 3678 2486 t

2102 2535 2335 2603 Συνάγει
2386 2535 2536 2605 ἡμᾶς
2569 2532 2659 2587 διὰ
2705 2532 2815 2586 τῶν
2845 2530 3106 2585 τοιούτων
3137 2528 3402 2601 ῥημάτων
3448 2528 3529 2590 εἰς
3576 2526 3679 2594 τῆν

2108 2628 2329 2699 ἀγάπην
2366 2645 2380 2661 ·
2415 2627 2538 2681 ἐπεὶ
2577 2624 2687 2696 γάρ
2738 2624 3013 2679 ἐκώλυσεν
3046 2623 3197 2693 ἡμᾶς
3249 2620 3358 2676 ἀπὸ
3383 2619 3476 2674 τοῦ
3516 2634 3687 2672 σκαν-

2102 2714 2338 2785 δαλίζειν
2366 2718 2653 2790 ἀλλήλους,
2708 2717 2804 2773 καὶ
2859 2716 3119 2788 βλάπτειν
3165 2714 3262 2770 καὶ
3315 2712 3678 2785 βλάπτεσθαι,

2101 2806 2196 2866 νῦν
2224 2811 2370 2879 λέγει
2406 2809 2501 2864 καί⁸
2543 2811 2672 2881 περὶ
2721 2810 2821 2881 τῆς
2854 2809 2993 2881 πρὸς
3040 2808 3301 2879 ἀλλήλους
3333 2806 3680 2876 συμφωνίας.

2100 2896 2524 2978 Συμφωνοῦντες
2557 2898 2614 2958 δὲ
2653 2900 2899 2958 νοοῦνται
2933 2901 3037 2973 οὐχ
3087 2900 3135 2956 ot
3166 2897 3259 2954 ἐπὶ
3292 2895 3451 2971 κακῷ
3490 2911 3683 2967 συνερ-

2100 2999 2339 3069 χόμενοι,
2369 2989 2484 3050 ἀλλ’
2506 2997 2555 3050 οἱ
2594 2997 2681 3050 ἐπ’
2714 2990 2925 3067 ἀγαθῷ.
2953 2992 3094 3065 Ὅρα
3125 2993 3233 3064 γὰρ
3254 2991 3308 3046 τί
3347 2987 3519 3045 εἶπεν·
3551 2990 3679 3044 Ἐάν

2101 3092 2194 3145 δύο
2224 3091 2401 3162 ὑμῶν,
2447 3086 2694 3145 τουτέστι
2742 3084 2852 3142 τῶν
2899 3084 3287 3151 πιστευόντων,
3324 3086 3434 3139 τῶν
3485 3083 3681 3151 ὲναρέ⁴

2100 3202 2208 3239 των
2241 3201 2255 3216 ·
2289 3182 2675 3254 συνεφώνησαν
2716 3181 2823 3253 γὰρ
2875 3179 2970 3234 καὶ
3002 3180 3203 3241 Ἀννας
3256 3177 3351 3231 καὶ
3402 3170 3677 3244 Καϊάφας,

2100 3276 2239 3331 ἀλλὰ
2268 3275 2487 3347 ψεκτῶς
2514 3290 2529 3306 '
2562 3274 2701 3328 tiberne
2724 3272 2812 3327 διὰ
2844 3271 3003 3325 τοῦτο
3021 3270 3284 3332 πολλάκις
3312 3267 3594 3338 εὐχόμενοι
3617 3265 3679 3317 οὐ

2103 3367 2478 3438 λαμϐάνομεν,
2534 3366 2670 3420 διότι
2717 3363 2838 3418 οὐδὲ
2880 3361 3203 3434 συμφωνίαν
3238 3359 3376 3430 πρὸς
3413 3358 3677 3428 ἀλλήλους

2110 3460 2330 3530 ἔχομεν.
2351 3458 2465 3512 Οὐκ
2491 3451 2611 3509 εἷπε
2628 3454 2705 3518 δὲ,
2726 3454 2808 3508 ὅτι
2840 3453 3074 3523 Ἕσομαι
3096 3468 3111 3483 ’
3132 3444 3191 3505 οὗ
3222 3451 3332 3520 γὰρ
3360 3447 3539 3519 μέλλει
3560 3441 3683 3499 οὐδὲ

2105 3546 2384 3621 βραδύνει·
2407 3545 2560 3612 ἀλλ’,
2596 3544 2748 3615 Εἰμὶ,
2770 3537 3282 3609 τουτέστιν,ξαῦτίκα
3300 3530 3415 3589 ἐκεῖ
3429 3533 3683 3604 εὑρίσκο-

2107 3658 2205 3711 μαι
2225 3656 2238 3670 ·
2269 3641 2481 3708 νοήσεις
2509 3635 2566 3689 δὲ
2598 3635 2680 3688 ὅτι
2700 3633 2797 3688 καὶ
2826 3633 2954 3686 ὅταν
2988 3629 3329 3701 συμφωνήσῃ
3372 3627 3406 3696 ή
3434 3623 3569 3695 σὰρξ
3586 3623 3683 3676 καὶ

2104 3731 2167 3786 τὸ
2199 3733 2439 3800 πνεῦμα,
2475 3728 2569 3782 καὶ
2601 3726 2676 3798 μὴ
2702 3726 2945 3795 ἐπιθυμῇ
2991 3722 3135 3777 κατὰ
3161 3719 3255 3775 τοῦ
3309 3717 3617 3787 πνεύματος
3643 3716 3678 3780 ἡ

2108 3823 2266 3893 σὰρξ,
2297 3822 2417 3874 τότε
2442 3819 2592 3873 ἐστὶν
2628 3820 2688 3871 ἑν
2720 3818 2871 3888 μέσῳ
2897 3818 2925 3870 6
2957 3813 3180 3883 Κύριος.
3222 3807 3582 3883 Συμφωνοΰσι
3622 3806 3683 3859 δὲ

2106 3917 2203 3972 καὶ
2251 3914 2308 3968 αἱ
2358 3916 2508 3985 τρεῖς
2561 3911 2821 3981 δυνάμεις
2852 3910 2951 3980 τῆς
2981 3907 3194 3978 ψυχῆς,
3234 3905 3296 3959 τὸ
3342 3900 3582 3972 λογικὸν,
3618 3897 3682 3951 τὸ

2108 4005 2361 4079 θυμικὸν,
2391 4005 2487 4061 καὶ
2521 4004 2582 4058 τὸ
2616 4001 3038 4073 ἐπιθυμητικόν.
3084 3998 3246 4051 Ἀλλά
3274 3996 3368 4051 καὶ
3401 3996 3434 4065 ἡ
3471 3993 3682 4049 παλαιὰ

2113 4103 2209 4156 καὶ
2263 4100 2298 4169 ή
2324 4098 2420 4152 νέα
2451 4095 2835 4165 συμφωνοῦσιν
2860 4095 2915 4147 at
2955 4092 3049 4146 δύο
3068 4131 3083 4155 ,
3118 4091 3209 4145 καὶ
3238 4092 3295 4145 ἑν
3321 4086 3470 4159 μέσῳ
3501 4084 3681 4140 αὐτῶν

2108 4193 2424 4265 εὑρίσκεται
2452 4191 2480 4244 6
2500 4187 2757 4261 Χριστὸς,
2794 4179 2885 4239 ὺπ⁴
2915 4185 3117 4256 ἀμφοῖν
3150 4179 3574 4253 κηρυττόμενος.

2186 4326 2206 4359 ι
2256 4288 2399 4359 Τότε
2424 4298 2738 4374 προσελθὼν
2776 4298 2927 4369 αὐτῷ
2952 4298 2982 4350 6
3018 4298 3244 4368 Πέτρος,
3290 4290 3412 4349 εἰπε
3438 4310 3452 4323 ·
3483 4291 3679 4361 Κύριε,

421 4398 595 4453 dixit:
620 4397 862 4463 Domine,
882 4402 1098 4469 quoties
1126 4403 1371 4473 peccabit
1396 4404 1548 4461 inme
1566 4405 1735 4463 frater
1758 4421 1930 4472 mens,
1956 4414 2003 4462 el

2112 4400 2342 4461 ποσάκις
2371 4394 2683 4467 ἁμαρτήσει
2702 4392 2780 4456 εἰς
2800 4392 2899 4462 ἑμὲ
2924 4392 2952 4443 6
2975 4389 3202 4458 ἀδελφός
3228 4404 3352 4458 μου,
3370 4386 3465 4440 καὶ
3484 4386 3683 4455 ἀφήσω

421 4491 697 4546 remittam
715 4491 764 4545 ei
778 4490 953 4547 ?Num
979 4509 1149 4564 usque
1160 4496 1361 4565 septies
1381 4496 1405 4551 ?
1421 4484 1557 4553 Dicit
1576 4497 1649 4553 illi
1667 4497 1824 4556 Jesus
1845 4518 1857 4553 :
1874 4496 1991 4553 Non

2105 4489 2247 4563 αὑτῷ
2271 4507 2288 4559 ;
2320 4490 2424 4553 ἓως
2451 4486 2709 4552 sna-6mg;
2751 4484 2916 4553 Λέγει
2942 4483 3091 4553 αὑτῴ
3120 4485 3148 4536 6
3187 4481 3393 4551 Ἰησοῦς
3416 4497 3431 4514 ο

420 4582 546 4639 dico
566 4583 660 4640 tibi
681 4598 851 4654 usque
870 4588 1093 4657 septies,
1109 4589 1203 4644 sed
1223 4604 1394 4660 usque
1416 4592 1721 4663 septuagies
1733 4593 1954 4662 septies.
1970 4611 1990 4645 ι

421 4670 536 4729 Hoc
565 4682 647 4729 est
678 4675 821 4743 quod
841 4675 1135 4747 interrogat
1153 4678 1347 4734 Petrus
1368 4678 1630 4746 :Quolies,
1651 4680 1695 4736 si
1720 4691 1998 4752 peccet,ct

419 4765 616 4820 deinde
649 4770 874 4821 accedat
909 4776 963 4822 et
1002 4778 1148 4838 petat
1180 4770 1393 4825 veniam
1424 4772 1741 4840 paenitentia
1775 4775 1994 4836 ductus.

421 4857 715 4913 concedam
733 4858 1076 4928 ei?Addidit,
1110 4860 1169 4915 in
1201 4876 1289 4917 me
1311 4863 1355 4917 si
1386 4865 1712 4932 peccaverit.
1738 4862 1796 4918 in
1827 4863 1994 4919 Deum

421 4953 567 5007 cnim
604 4953 649 5007 si
672 4956 1001 5023 peccaverit,
1034 4972 1139 5011 non
1170 4972 1290 5028 ego,
1315 4959 1406 5027 qui
1430 4958 1624 5013 idiotes
1658 4975 1722 5013 ac
1754 4959 1999 5029 privatus

420 5055 563 5107 sum,
585 5055 805 5111 possum
833 5042 881 5099 ei
908 5045 1206 5112 remittere,
1226 5046 1328 5102 nisi
1359 5046 1499 5102 forte
1526 5048 1617 5102 Dei
1636 5049 1881 5102 ordinem
1900 5048 1999 5102 ha-

419 5131 557 5187 bens
584 5136 861 5189 sacerdos.
887 5133 942 5189 Si
971 5144 1150 5190 autem
1176 5136 1334 5191 inme
1361 5146 1566 5207 peccet,
1598 5151 1661 5192 ac
1688 5136 1883 5193 deinde
1913 5150 1999 5192 re-

423 5222 625 5280 misero
641 5225 715 5292 ei,
737 5226 842 5282 erit
873 5227 1104 5295 solutus,
1128 5229 1301 5284 etiam
1328 5230 1372 5284 si
1388 5231 1634 5299 privatus
1659 5244 1758 5298 ego
1780 5231 1882 5285 sim
1903 5270 1919 5293 ,
1944 5238 2001 5284 et

419 5327 528 5371 non
569 5319 847 5372 sacerdos.
867 5300 1019 5385 Quod
1044 5328 1224 5375 autem
1259 5323 1567 5390 septuagies
1608 5321 1810 5390 septies
1840 5322 1997 5390 dixit,

423 5420 532 5459 non
547 5406 823 5462 concludit
838 5409 1049 5463 veniam
1063 5424 1309 5465 numero.
1334 5410 1636 5468 Absuulum
1649 5411 1792 5465 enim
1808 5412 2000 5467 sedere

420 5504 478 5551 et
524 5512 811 5553 numerare
858 5515 1031 5570 usque
1076 5503 1204 5556 dum
1253 5502 1652 5573 quadringenta
1704 5503 1997 5575 nonaginta

417 5585 623 5644 habeas
681 5589 795 5665 [tot
827 5591 973 5646 enim
1023 5592 1233 5647 faciunt
1276 5594 1587 5665 septuagies
1617 5594 1851 5666 septies]
1903 5596 1996 5649 sed

422 5678 747 5737 immensum
778 5698 1063 5739 numerum
1108 5686 1332 5753 signat:
1363 5685 1518 5756 quasi
1567 5686 1733 5752 dicat,
1776 5686 1999 5752 Quoties

421 5773 544 5843 quis
571 5774 758 5843 lapsus
780 5773 960 5845 fuerit,
993 5787 1047 5835 et
1094 5776 1469 5846 pmnitentiam
1492 5787 1613 5843 aget
1636 5815 1654 5841 ,
1677 5777 1914 5834 concede
1947 5780 1996 5833 ei

3483 4481 3556 4534 Οὐ
3594 4479 3685 4533 λέ-
3730 4526 3733 4529 ,

2099 4604 2181 4656 γω
2209 4603 2292 4639 σοι
2321 4584 2427 4645 ἕως
2451 4580 2704 4644 ἑπτάκις,
2728 4579 2844 4633 ἀλλ’
2864 4578 2968 4642 ἓως
2994 4577 3455 4649 ἑϐδομηκοντάκις
3480 4575 3676 4629 ἑπτά.»

2099 4678 2273 4733 Τοῦτο
2303 4675 2448 4729 ἐστιν
2468 4674 2497 4728 ὃ
2523 4674 2707 4746 ἑρωτᾷ
2730 4675 2758 4726 6
2786 4672 3013 4763 l'I/érpog'
3054 4673 3291 4763 Ποσάκις
3314 4673 3408 4725 ἑάν
3436 4670 3679 4741 ἁμάρτῃ,

2099 4767 2221 4824 εἶτα
2253 4767 2627 4839 προσέρχηται
2649 4766 2745 4819 καὶ
2776 4762 2900 4836 αἰτῇ
2943 4762 3275 4836 συγγνώμην
3307 4763 3685 4833 μεταμελόμε-

2098 4880 2210 4926 νος,
2240 4856 2757 4931 συγχωρήσωξαύτοῦ
2780 4873 2795 4923 ;
2832 4855 3145 4926 ιΙροσέΘηκε
3168 4855 3222 4908 δὲ
3241 4857 3321 4919 τὸ,
3341 4856 3434 4918 Εἰς
3456 4855 3555 4923 ἐμὲ
3583 4855 3684 4907 ἐὰν

2098 4952 2324 5023 ἁμάρτῃ
2340 4964 2353 4977 ·
2380 4952 2459 5012 εἰς
2482 4948 2591 5018 γὰρ
2614 4948 2745 5000 Θεὸν
2762 4947 2856 5000 ἑὰν
2883 4946 3126 5020 ἁμάρτῃ.
3148 4946 3250 4998 οὐκ
3275 4942 3388 5014 ἐγὼ
3410 4945 3437 4997 6
3464 4944 3683 5014 ἰδιώτης

2098 5044 2332 5114 δύναμαι
2362 5040 2512 5111 αὐτῷ
2543 5042 2864 5112 συγχωρεῖν,
2896 5042 2944 5094 εἰ
2977 5041 3165 5109 μήπου
3195 5055 3257 5109 γε
3289 5042 3315 5092 ὁ
3347 5038 3483 5092 Θεοῦ
3527 5038 3682 5103 τάξιν

2103 5135 2290 5205 ἔχωνό
2324 5131 2531 5203 ἱερεύς
2572 5132 2668 5185 ἑὰν
2695 5132 2754 5185 δὲ
2792 5134 2869 5194 εἰς
2904 5134 3001 5201 ἐμὲ
3036 5134 3277 5204 ἁμάρτῃ,
3307 5127 3431 5185 εἶτα
3483 5132 3683 5199 ἀφήσω

2103 5228 2274 5298 αὐτῷ,
2313 5227 2469 5280 ἔσται
2516 5226 2832 5295 ἀφειμένος,
2868 5225 2970 5279 κᾶν
2998 5223 3213 5297 ἰδιώτης
3246 5225 3365 5295 εἰμί
3405 5222 3538 5292 ἑγὼ,
3584 5223 3680 5277 καὶ

2102 5323 2218 5392 οὐχὶ
2249 5321 2451 5392 ἱερεύς.
2488 5318 2562 5372 Τὸ
2580 5318 2658 5381 δὲ,
2690 5318 2794 5380 ἕως
2823 5318 3284 5388 ἑϐδομηκοντάκις
3317 5319 3478 5383 ἑπτὰ,
3502 5315 3680 5382 εἶπεν,

2102 5411 2201 5478 οὐχ
2244 5410 2331 5462 ἵνα
2363 5406 2585 5478 ἀριθμῷ
2614 5405 2934 5478 περικλείσῃ
2956 5406 3054 5476 τὴν
3076 5405 3421 5476 συγχώρησιν
3440 5446 3456 5464 .
3486 5406 3682 5474 άλογω

2103 5504 2213 5572 γάρ
2232 5504 2347 5555 ἑστι
2371 5499 2643 5571 καθῆσθαί
2667 5517 2793 5553 τινα
2816 5498 3157 5570 ἀριθμοῦντα
3178 5499 3283 5561 ἕως
3306 5493 3365 5551 οὗ
3390 5500 3681 5553 ποσωθῶσι

2104 5591 2435 5664 τετρακόσια
2480 5591 2837 5661 ἐννενήκοντα
2896 5589 3156 5663 (τοσαῦτα
3194 5591 3304 5661 γάρ
3336 5592 3407 5643 τὰ
3445 5590 3681 5662 ἑϐδομητ

2104 5686 2357 5749 κοντάκις
2397 5684 2581 5758 ἑπτά),
2603 5686 2736 5739 ἀλλὰ
2764 5685 2825 5739 τὸ
2854 5686 3080 5757 ἄπειρον
3106 5687 3339 5741 ἐνταῦθα
3379 5688 3633 5758 σημαίνει
3662 5703 3678 5719 ο

2101 5778 2175 5843 ὡς
2207 5778 2273 5833 ἂν
2296 5778 2341 5832 εξ
2375 5777 2579 5847 ἔλεγεν·
2622 5777 2842 5844 Ὁσάκις
2876 5776 2941 5834 ἂν
2980 5778 3217 5844 πταίσας
3255 5783 3673 5853 μετανοῇ,.ονγο
