4078 6464
311 291 415 355 345

906 301 1354 369 ENARRA'I‘IO
1395 309 1478 372 ΙΝ
1514 312 2021 382 EVANGELIUM
2060 322 2445 386 MATTHJSI.
2486 351 2555 362 --
2593 321 2751 388 CAP.
2792 324 3007 395 XVIII.

3462 332 3571 398 346

307 409 474 517 χώρει
506 411 682 517 αὐτῶ,
724 414 895 469 Τοῦτο
926 419 1033 489 γὰρ
1063 422 1155 475 καὶ
1185 422 1271 475 διά
1302 425 1399 495 τῆς
1422 426 1549 498 ἑξῆς
1575 432 1877 503 παραϐολῆς

2002 441 2234 508 \eniam,
2260 454 2313 498 et
2364 444 2413 497 id
2451 443 2617 517 [quod
2653 457 2707 502 et
2739 461 2834 515 per
2877 454 3196 516 sequentem
3251 446 3564 515 parabolam

304 496 473 565 λέγει,
514 502 599 556 ὅτι
629 505 711 558 δεῖ
732 507 876 576 ἡμᾶς
899 511 1203 577 συμπαθεῖς
1232 508 1391 569 εἶναι.

378 618 398 648 ι
453 599 555 651 Διά
591 597 752 650 τοῦτο
797 598 1055 671 ὡμοιώθη
1100 605 1133 673 ἡ
1179 603 1428 674 βασιλεία
1480 610 1587 663 τῶν
1639 613 1886 684 ούρανῶν

306 691 587 761 ἀνθρώπῳ
620 689 881 760 βασιλεῖς
916 693 973 758 ὃς
1008 695 1239 766 ἠθέλησε
1270 701 1501 770 συνᾶραι
1546 703 1706 773 λόγον
1748 711 1886 776 μετὰ

297 783 412 833 τῶν
440 782 645 835 δούλων
675 783 861 837 αὐτοῦ.
906 805 924 835 ι
968 786 1030 839 Ἦ
1067 788 1166 857 μὲν
1216 789 1394 844 ἔννοια
1426 793 1523 861 τῆς
1570 782 1886 870 παραϐολῆς

294 873 544 926 διδάσκει
576 878 882 944 συγχωρεῖν
901 878 968 930 τὰ
997 880 1076 941 εἰς
1108 881 1252 949 ἡμᾶς
1276 883 1426 951 παρὰ
1449 886 1557 937 τῶν
1580 888 1883 956 ὀμοῗούλων

292 967 756 1037 ἁμαρτανόμενα,
794 969 889 1022 καὶ
942 970 1173 1040 μάλιστα
1219 974 1313 1026 ἑὰν
1359 976 1450 1027 καὶ
1483 981 1884 1051 συγχωρήσεως

289 1060 502 1112 ἐκείνου.
546 1060 846 1131 χρῄζοντες
899 1064 1307 1132 προσπίπτωσι.
1355 1066 1427 1122 Τὸ
1459 1069 1514 1123 δὲ
1545 1073 1683 1126 κατὰ
1717 1076 1884 1145 μέρος

290 1149 619 1220 ἐξηγεῖσθαι
677 1153 778 1223 τὴν
824 1154 1161 1227 παραϐαλὴν,
1216 1159 1378 1227 μόνου
1412 1161 1479 1215 ἂν
1513 1164 1599 1234 εἴη
1631 1167 1724 1219 τοῦ
1758 1169 1882 1222 νοῦν

289 1241 542 1312 Χριστοῦ
570 1242 785 1313 ἔχοντος
812 1259 825 1272 ·
852 1244 990 1316 πλὴν
1024 1247 1392 1321 ὲπιΰαλοῦμεν
1424 1254 1517 1308 καὶ
1546 1256 1721 1312 αὐτοί.
1775 1259 1883 1312 Βα-

291 1335 503 1399 σιλεία,
524 1339 555 1430 δ
580 1336 673 1391 τοῦ
706 1336 840 1391 Θεοῦ
871 1340 1043 1409 Λόγος
1070 1357 1086 1373 ο
1118 1338 1232 1397 ἀλλ’
1265 1346 1324 1397 οὐ
1359 1347 1573 1417 μικρῶν
1600 1366 1760 1403 τινων
1788 1351 1884 1421 βα-

290 1426 500 1489 σ-λεία,
526 1426 659 1481 ελλν
690 1430 955 1501 οὐρανῶν.
998 1432 1267 1506 Ὡμοιώθη
1303 1436 1395 1491 οὖν
1432 1432 1586 1500 οὗτος
1612 1442 1885 1515 ἀνθρώπῳ

288 1518 537 1587 βασιλεῖ,
567 1522 870 1592 σαρκωθεὶς
897 1524 967 1577 δι’
1006 1525 1153 1594 ἡμᾶς
1211 1528 1309 1581 καὶ
1348 1530 1407 1582 ὲν
1438 1532 1745 1604 ὁμοιώματι
1790 1538 1884 1589 άν-

285 1612 539 1681 θρὼπων
601 1615 937 1685 γενόμενοςο·
973 1620 1221 1690 συναίρει
1264 1621 1321 1675 δὲ
1372 1622 1530 1693 λόγον
1585 1628 1726 1697 μετὰ
1773 1630 1882 1682 τῶν

280 1705 504 1759 δούλων
556 1707 757 1774 αὐτοῦ,
806 1708 883 1772 ὡς
918 1711 1118 1778 ἀγαθὸς
1173 1715 1375 1785 κρίνων
1406 1718 1611 1782 αὐτοῖς.
1662 1720 1737 1774 Οὐ
1771 1724 1881 1794 γάρ

280 1801 542 1873 ἀκρίτως
565 1803 780 1866 κολάζει
808 1820 822 1835 ’
853 1806 1143 1877 ὠμότητος
1161 1810 1271 1880 γὰρ
1301 1809 1482 1869 τοῦτο.

376 1913 395 1944 ι
448 1893 781 1963 Ἀρξαμένου
841 1896 897 1950 δὲ
947 1898 1111 1952 αὐτοῦ
1166 1901 1478 1973 συναίρειν,
1529 1907 1874 1977 προσηνέχθη

284 1987 453 2056 αὑτῷ
507 1982 587 2051 εἷς
636 1988 922 2060 ὀφειλέτης
965 1991 1175 2063 μυρίων
1203 1994 1483 2050 ταλάντων
1511 2014 1526 2029 ο
1560 1998 1635 2069 μὴ
1663 1999 1877 2069 ἔχοντος

282 2075 550 2130 δῖε-αύτοῦ
574 2079 887 2143 ἀποδοῦναι,
914 2081 1204 2136 ἐκέλευσεν
1232 2084 1395 2138 αὐτὸν
1420 2086 1447 2138 ὁ
1495 2086 1683 2154 κύριος
1707 2089 1872 2144 αὐτοῦ

286 2169 596 2239 πραθῆναι,
634 2170 728 2224 καὶ
752 2173 850 2242 τὴν
883 2176 1119 2242 γυναῖκα
1149 2174 1336 2241 αὐτοῦ,
1371 2178 1462 2230 καὶ
1491 2179 1541 2230 τῖ
1559 2172 1752 2237 ὂςέκνα
1780 2183 1877 2235 καὶ

285 2262 483 2315 ’πάντα
514 2263 615 2315 ὅσα
648 2259 786 2333 εἶχε,
816 2266 911 2318 καὶ
958 2266 1307 2337 ἄποδοθῆναι.
1347 2286 1366 2320 ι
1407 2270 1636 2340 Μυρίων
1674 2270 1876 2325 ταλάν-

284 2368 407 2407 των
464 2357 859 2425 χρεωφειλέται
917 2359 1101 2427 ἡμεῖς,
1158 2360 1234 2422 ὡς
1293 2362 1745 2433 εὐεργετούμενοι
1778 2366 1875 2435 μὲν
1946 2362 1960 2372 ’

285 2447 417 2499 καθ’
436 2440 705 2519 ἑκάστην,
723 2448 890 2519 μηδὲν
918 2449 975 2502 δὲ
1010 2451 1218 2519 ἀγαθὸν
1251 2452 1606 2518 ἀντιδιδόντες
1633 2455 1712 2526 τῷ
1732 2456 1871 2527 Θεῷ.

285 2536 526 2608 Μυρῖων
558 2540 836 2593 ταλάντων
869 2544 1261 2611 χρεωφειλέται
1306 2546 1400 2599 καὶ
1429 2548 1477 2599 οί
1531 2551 1875 2618 προστασίαν

286 2629 431 2684 λαοῦ
483 2631 770 2703 δεξάμενοι
827 2634 924 2687 καὶ
980 2635 1284 2707 ἀνθρώπων
1355 2639 1567 2695 πολλῶν
1623 2641 1874 2706 (ἕκαστος

285 2722 403 2791 γάρ
427 2723 711 2795 ἄνθρωπος
750 2725 1010 2780 τάλαντον
1032 2767 1047 2791 ,
1094 2730 1232 2782 κατὰ
1271 2731 1364 2783 τὸν
1413 2731 1676 2800 λέγοντα·
1713 2734 1873 2800 Μέγα

286 2817 626 2888 ἄνθρωπος),
655 2815 773 2872 εἶτα
807 2819 881 2891 μὴ
914 2821 1096 2884 καλῶς
1128 2824 1460 2894 κεχρημένοι
1493 2828 1559 2896 τῇ
1603 2827 1767 2897 ἀρχῇ.
1802 2827 1874 2880 Τὸ

286 2912 348 2964 δὲ
365 2913 778 2984 πιπράσκεσθαι
800 2917 890 2968 τὶν
936 2916 1221 2987 χρεώστην
1264 2920 1360 2972 σὺν
1386 2922 1607 2988 γυναικὶ
1636 2922 1731 2975 καὶ
1762 2923 1874 2985 τοῖς

290 3004 467 3057 αὐτοῦ
501 3006 741 3071 τέκνοις,
777 3007 928 3078 δηλοῖ
956 3011 1056 3080 τὴν
1093 3010 1446 3081 ἀλλοτρίωσιν
1479 3011 1580 3083 τὴν
1629 3015 1736 3067 ἀπὸ
1778 3014 1870 3066 τοῦ

1991 534 2141 607 dicit]
2176 537 2301 603 uitia
2335 547 2545 607 oportet
2579 554 2676 592 nos
2714 540 3109 608 cotnpatientes
3134 551 3279 593 esse.

2061 625 2223 683 Vetas.
2271 628 2360 682 23.
2401 650 2418 682 ι
2471 628 2594 685 ideo
2628 630 2993 684 assimilatnm
3027 640 3110 684 est
3139 646 3361 700 regnum
3393 632 3560 685 caelo-

2003 735 2120 773 rum
2161 722 2362 775 homini
2389 724 2520 791 regi,
2553 724 2642 793 qui
2679 724 2846 777 voluit
2878 722 3123 776 conferre
3153 724 3411 779 rationem
3440 739 3562 777 eum

1987 816 2161 867 Servis
2193 815 2326 868 suis.
2370 834 2388 866 ι
2427 813 2576 868 Mens
2616 814 2883 882 parabolae
2923 823 3027 878 est,
3057 824 3112 866 ιιι
3140 814 3351 868 veniam
3377 815 3565 868 demus

1987 905 2264 958 conservis
2301 905 2354 958 in
2407 920 2505 959 nos
2530 904 2970 974 delinquentibus
3006 922 3020 959 :
3069 905 3368 972 praesertim
3406 904 3450 956 si
3487 904 3558 957 illi

1988 999 2199 1052 veniam
2252 1008 2379 1052 ante
2428 1013 2525 1052 nos
2567 997 2912 1067 procidentes
2947 1006 3150 1066 petant.
3189 995 3561 1049 Particulatirn

1987 1088 2199 1155 singula
2224 1087 2541 1141 examinare
2563 1130 2579 1152 ,
2615 1087 2732 1156 ejus
2760 1085 2923 1141 fuerit
2961 1096 3163 1140 tantum
3204 1085 3294 1154 qui
3329 1096 3562 1139 mentem

1989 1180 2190 1235 Christi
2228 1181 2426 1234 habeat
2459 1197 2474 1233 :
2526 1180 2618 1234 sed
2654 1179 3035 1251 aggrediemur
3071 1187 3123 1231 et
3160 1192 3279 1230 nos.
3315 1175 3561 1241 “t‘glllllll

1988 1284 2071 1328 est
2103 1273 2193 1327 Dei
2235 1272 2472 1327 Verbum
2505 1289 2520 1326 :
2555 1284 2607 1327 et
2643 1288 2746 1325 non
2777 1286 2998 1340 parvum
3019 1270 3286 1339 quoddam
3316 1282 3561 1339 regnum,

1984 1364 2078 1419 sed
2134 1364 2419 1420 oculorum.
2471 1364 2821 1419 Assitnilatus
2855 1372 2937 1416 est
2996 1362 3158 1432 igitur
3202 1361 3306 1415 iste
3353 1360 3561 1414 homini

1986 1458 2120 1526 regi.
2158 1458 2475 1512 lncarnatns
2523 1457 2783 1511 estenim
2819 1461 3040 1525 propter
3093 1466 3211 1518 nos,
3246 1463 3298 1507 et
3330 1453 3382 1506 in
3411 1452 3564 1504 simi-

1985 1549 2266 1602 litudittetu
2299 1548 2573 1601 hominum
2598 1547 2798 1601 iactus.
2828 1542 3049 1601 Confert
3075 1556 3251 1598 autem
3290 1543 3555 1597 rationem

1984 1655 2107 1695 cum
2139 1641 2312 1694 servis
2333 1640 2468 1705 suis,
2506 1640 2585 1693 uti
2619 1641 2792 1693 bonus
2814 1639 3084 1705 judicans.
3114 1638 3224 1690 Non
3259 1637 3401 1689 enim
3429 1636 3557 1691 abs-

1985 1748 2090 1802 que
2120 1733 2327 1804 judicio
2356 1734 2507 1802 punit
2536 1748 2551 1787 :
2591 1739 2693 1787 hoc
2721 1734 2862 1787 enim
2895 1730 3237 1788 crudelitatis
3268 1729 3426 1784 foret.

2053 1912 2216 1969 Vens.
2245 1913 2338 1979 24,
2361 1914 2452 1968 95.
2491 1912 2744 1983 «,Etcnm
2768 1913 3020 1981 coepisset
3050 1912 3317 1976 conferre,
3345 1910 3558 1965 oblatus

1978 2017 2060 2061 est
2090 2008 2137 2062 ei
2180 2025 2318 2063 unus
2355 2010 2445 2079 qui
2498 2008 2732 2063 debebat
2781 2008 2965 2063 decem
3001 2007 3164 2059 millia
3204 2006 3556 2060 talentorum.

1937 2153 1941 2157 .
1978 2098 2249 2155 Caeterum
2289 2115 2411 2154 cum
2474 2101 2519 2155 is
2570 2114 2675 2153 non
2709 2109 2854 2153 esset
2890 2097 3148 2152 solvendo
3174 2137 3189 2161 ,
3221 2096 3384 2165 jUSsll
3431 2110 3556 2149 eum

1979 2193 2241 2248 dominus
2266 2191 2587 2251 venundari.
2645 2200 2699 2244 et
2750 2204 2969 2244 uxorem
2999 2187 3137 2256 ejus,
3169 2198 3221 2241 et
3254 2187 3472 2251 liberos,
3504 2195 3559 2238 et

1981 2284 2162 2338 omnia
2202 2299 2321 2354 quae
2358 2284 2630 2347 habebat,
2661 2288 2714 2337 et
2753 2281 2865 2335 lieri
2905 2280 3255 2334 solutionem.
3300 2296 3318 2330 ι
3361 2276 3555 2330 Dea-eiu

1982 2378 2209 2431 tnillium
2250 2378 2576 2431 talentorum
2610 2377 2883 2430 debitores
2919 2389 3014 2428 nos
3049 2388 3259 2436 sumus,
3295 2370 3388 2441 qni
3421 2386 3558 2439 ιιιιο-

1979 2470 2106 2523 tidie
2143 2467 2322 2523 multis
2343 2466 2619 2521 beheliclis
2652 2462 2938 2528 allieimur,
2969 2474 3019 2517 et
3048 2462 3181 2516 nihil
3206 2462 3326 2513 boni
3364 2475 3558 2528 repert-

1977 2560 2154 2615 (llmns
2196 2560 2326 2613 Deo.
2363 2557 2555 2612 Decem
2591 2557 2739 2610 mille
2771 2558 3094 2610 talentorum
3130 2554 3400 2606 debitores
3435 2559 3560 2603 sunt

1976 2663 2030 2707 et
2088 2651 2179 2721 qui
2238 2651 2418 2721 populi
2492 2650 2868 2719 praeiccmratn
2924 2652 3282 2713 susceperunt
3341 2642 3557 2715 [tums-

1976 2746 2208 2815 quisqne
2236 2746 2376 2798 enim
2414 2743 2576 2796 homo
2636 2742 2893 2795 talentum
2928 2750 3011 2793 est
3067 2738 3219 2806 juxta
3251 2736 3399 2787 illum
3460 2736 3549 2800 qui

1977 2836 2109 2890 dicit
2169 2851 2182 2887 :
2239 2833 2488 2903 Magnum
2530 2829 2730 2902 homo]
2763 2840 2814 2884 et
2841 2828 3038 2882 deinde
3082 2844 3184 2879 non
3241 2826 3377 2879 bene
3432 2822 3560 2877 [ιιιι-

1976 2939 2175 2997 εςιιιιιιιι⁸
2244 2928 2569 2996 principatu.
2639 2922 2805 2977 ιιι-..ιιι
2859 2932 3042 2975 autem
3095 2935 3219 2973 cum
3283 2931 3450 2970 uxore
3503 2925 3557 2969 et

1978 3022 2213 3083 inutilia,
2287 3021 2468 3086 signat
2527 3019 2908 3072 alienationem
2977 3033 3005 3069 a
3058 3017 3190 3070 Deo.
3252 3014 3353 3080 Qui
3408 3013 3552 3067 enim

292 3097 458 3150 θεοῦ.
504 3098 562 3151 Ὀ
585 3100 695 3170 γάρ
722 3103 1170 3171 πιπρασκόμενος
1201 3103 1389 3174 ἐτέρου
1435 3103 1697 3157 δεσπότου
1728 3105 1877 3175 γίνε-

1982 3114 2252 3177 v-ttldilttf,
2277 3110 2503 3165 alterius
2528 3111 2731 3165 domini
2782 3106 2863 3164 lit.
2910 3112 2987 3162 An
3030 3121 3136 3162 non
3171 3119 3347 3161 autem
3398 3121 3553 3167 ttxur,

289 3204 407 3241 ται.
442 3189 668 3258 Μήποτε
701 3189 756 3244 δὲ
790 3193 927 3261 γυνὴ
957 3192 1111 3263 μὲνὴ
1153 3193 1320 3262 σὰρξ,
1358 3194 1433 3256 ὡς
1474 3193 1706 3262 σύζυγος
1738 3192 1873 3249 οὖσα

287 3280 396 3349 τῆς
437 3279 613 3351 ψυχῆς
636 3297 650 3312 ⁸
683 3285 849 3336 τέκνα
887 3284 968 3347 δὲ,
1004 3285 1062 3337 αἱ
1110 3285 1338 3356 πράξεις
1391 3284 1446 3339 αἱ
1482 3286 1873 3356 ἐνεργούμεναι

290 3373 486 3437 κακῶς
518 3375 621 3427 ὑπὸ
669 3379 771 3447 τῆς
824 3377 1001 3450 ψυχῆς
1031 3380 1123 3431 καὶ
1172 3378 1266 3432 τοῦ
1304 3379 1597 3450 cubitat-0;;
1647 3381 1873 3434 Κελεύει

289 3457 390 3520 οὖν
422 3469 520 3537 τὴν
544 3469 724 3539 σάρκα
743 3470 964 3540 δοθῆναι
992 3470 1071 3542 τῷ
1092 3471 1308 3542 Σατανᾷ
1334 3474 1414 3536 είς
1447 3471 1689 3542 ὄλεθρον,
1724 3481 1877 3527 τουτ-

286 3561 415 3612 έστι
466 3560 643 3625 νόσοις
681 3561 714 3630 ἢ
757 3563 919 3616 πάθει
957 3550 1229 3632 δαίμονος
1261 3563 1635 3633 παραδοθῆναι
1662 3581 1677 3596 ⁶
1740 3561 1877 3619 ἀλλὰ

283 3652 397 3705 καὶ
423 3652 494 3706 τὰ
520 3654 721 3718 τέκνα,
755 3655 896 3723 λέγω
933 3655 997 3727 δὴ
1045 3654 1143 3720 τὰς
1188 3656 1469 3728 ἐνεργείας
1511 3657 1622 3711 τῶν
1668 3651 1872 3725 κακῶν,

286 3744 728 3815 στρεϐλωθῆναι.
752 3740 897 3812 Οἷον,
929 3746 1045 3801 ἐστι
1072 3748 1214 3811 τινὸς
1241 3748 1362 3819 χεὶρ
1388 3748 1715 3815 κλέπτουσα,
1741 3746 1874 3804 ταύ-

283 3855 400 3903 την
430 3837 460 3891 ὀ
487 3837 618 3898 Θεὸς
650 3839 928 3909 ξηραίνει,
969 3840 1002 3912 ἢ
1053 3842 1445 3913 στραγγαλίζει
1479 3843 1566 3897 διά
1587 3860 1732 3908 τινος
1759 3844 1877 3898 δαί-

290 3939 483 3998 μονος.
518 3928 647 3983 Ἰδοὺ
679 3927 824 3999 οὖνὴ
870 3931 1008 4001 γυνὴ
1045 3934 1078 4001 ἠ
1116 3931 1274 4003 σὰρξ,
1318 3930 1415 3987 καὶ
1450 3931 1516 3983 τά
1546 3930 1729 3996 τέκνα,
1755 3931 1875 4001 ἦτοι

287 4023 328 4091 ἡ
364 4024 613 4093 ἐνέργεια
641 4022 735 4076 τοῦ
767 4024 962 4089 κακοῦ,
994 4024 1371 4096 παρεδόθησαν
1395 4028 1460 4096 τῇ
1494 4025 1758 4090 κακώσει,
1788 4025 1875 4078 ἵνα

1981 3220 2144 3267 t'atro,
2195 3217 2312 3270 quae
2361 3202 2563 3255 scilicet
2621 3210 2705 3254 est
2755 3200 2952 3269 conjnx
3010 3200 3252 3252 animae:
3293 3205 3346 3248 et
3380 3197 3556 3265 pueri,

1982 3309 2142 3364 opera
2176 3308 2294 3362 qua:
2325 3292 2463 3345 male
2490 3293 2626 3345 liunt
2660 3308 2687 3345 a
2720 3307 2946 3362 corpore
2966 3303 3016 3344 et
3036 3291 3214 3343 anima
3234 3290 3258 3344 ?
3280 3284 3438 3342 Jubet
3460 3287 3561 3356 igi-

1984 3396 2070 3439 tur
2094 3401 2311 3440 carnem
2357 3385 2470 3439 dari
2512 3394 2712 3440 satana:
2744 3385 2794 3437 in
2820 3382 3119 3447 interitum,
3148 3382 3249 3436 hoc
3285 3391 3368 3434 est
3412 3393 3558 3432 more

1983 3477 2065 3534 bis
2097 3480 2179 3533 vel
2202 3478 2437 3546 passioni
2470 3478 2752 3533 daemonis.
2791 3474 3056 3531 Similiter
3082 3483 3134 3528 et
3171 3474 3326 3538 tilios,
3366 3487 3559 3542 opera-

1986 3570 2123 3623 tiVas
2149 3569 2269 3638 dico
2304 3570 2533 3623 virtutes
2568 3569 2835 3621 titulorum
2857 3603 2873 3632 ,
2907 3565 3105 3635 ligari:
3144 3575 3220 3627 nt,
3255 3573 3337 3617 est
3366 3577 3559 3615 manus

1984 3657 2212 3725 alicujus
2259 3657 2407 3712 furto
2439 3656 2615 3711 dedita
2641 3696 2656 3721 ,
2687 3673 2802 3710 eam
2835 3656 2980 3710 Deus
3024 3656 3230 3709 aridam
3281 3654 3431 3717 facit,
3472 3652 3558 3705 vel

1983 3748 2304 3816 constringit
2357 3760 2452 3817 per
2499 3747 2800 3801 daemonem
2867 3747 3123 3816 aliquem.
3180 3746 3318 3800 Ecce
3366 3742 3558 3798 mulier

1983 3852 2113 3892 caro
2142 3848 2246 3901 est,
2275 3850 2329 3892 et
2355 3837 2447 3892 lilii
2478 3839 2820 3907 operationes
2847 3838 3020 3892 malae:
3043 3838 3253 3891 traditae
3279 3848 3402 3891 sunt
3425 3834 3557 3889 ami-

1982 3934 2170 4000 etioni,
2206 3945 2264 3987 ut
2309 3933 2532 4003 spiritus
2571 3933 2826 3987 salvetatr.
2871 3928 2984 4003 98
3029 3932 3143 3987 Non
3203 3937 3378 4003 potest
3410 3931 3553 3986 enim

1985 4034 2113 4080 tunc
2145 4024 2211 4079 ad
2253 4022 2456 4078 furtum
2485 4028 2763 4094 cooperari
2793 4025 2956 4081 homo
2983 4026 3090 4081 ille.

285 4118 360 4172 τὸ
390 4117 606 4188 πνεῦμα
635 4117 783 4189 σωθῇ
808 4131 821 4145 ⁸
857 4119 958 4172 ούκ
988 4116 1069 4171 ἔτι
1091 4119 1199 4190 γὰρ
1245 4119 1533 4191 ἐνεργήσει
1565 4117 1876 4183 κλεπτικῶς
1906 4120 2113 4183 ἐκεῖνος
2147 4119 2175 4173 ὁ
2212 4119 2521 4191 ἄνθρωπος.

376 4230 396 4263 ι
426 4210 615 4265 Πεσὼν
662 4208 755 4266 οὖν
785 4213 814 4265 ὁ
845 4211 1031 4276 δοίλος
1064 4212 1389 4287 προσεκύνει
1417 4212 1569 4284 αὐτῷ
1595 4254 1609 4276 ,
1657 4213 1829 4281 λέγων
1851 4225 1869 4243 ⁶

287 4303 492 4377 Κύριε,
520 4305 948 4376 μακροθύμησον
983 4297 1072 4359 ἐπ’
1104 4307 1248 4376 ἐμοὶ,
1288 4309 1379 4360 καὶ
1410 4308 1589 4360 πάντα
1620 4323 1704 4359 σοι
1730 4307 1868 4360 ἁπο-

2050 4206 2222 4269 Veos.
2238 4209 2330 4279 ‘26,
2350 4212 2438 4268 27.
2452 4211 2774 4295 «Praecidetis
2795 4224 2972 4268 autent
2987 4226 3177 4268 servus
3196 4210 3558 4281 illefadorabat

1982 4305 2153 4373 illum,
2185 4305 2374 4360 dicens
2425 4323 2439 4360 :
2493 4303 2756 4370 Domine,
2790 4315 2907 4360 esto
2939 4306 3148 4374 patiens
3173 4320 3298 4373 erga
3344 4319 3450 4367 me,
3501 4311 3558 4358 ct

287 4397 456 4449 δώσω
480 4412 494 4426 ⁶
520 4395 942 4466 σπλαγχνισθεὶς
968 4395 1026 4448 δὲ
1068 4396 1096 4449 ὁ
1133 4391 1340 4466 Κύριος
1371 4396 1464 4449 τοῦ
1505 4396 1694 4449 δούλου
1724 4397 1870 4448 ὲκεί-

1980 4400 2158 4452 omnia
2192 4398 2287 4453 tibi
2319 4398 2560 4472 reddam.
2591 4395 2862 4470 {Miserius
2891 4406 3069 4452 autem
3113 4397 3365 4451 dominus
3413 4397 3553 4452 Servi

287 4508 410 4552 νου,
442 4490 712 4544 ἀπέλυσεν
735 4489 920 4553 αὐτὸν,
953 4492 1045 4543 καὶ
1074 4489 1134 4542 τὸ
1158 4486 1370 4542 δάνειον
1393 4489 1609 4560 ἀφῆκεν
1641 4487 1810 4559 αὐτῷ.
1846 4505 1866 4537 ι

292 4579 408 4632 Ἴδε
431 4580 532 4649 τὴν
556 4579 654 4646 τῆς
682 4578 972 4648 μετανοίας
1015 4576 1188 4649 ἰσχὺν,
1220 4580 1315 4632 καὶ
1340 4580 1438 4650 τὴν
1464 4578 1874 4650 φιλανθρωπίαν

290 4673 391 4725 τοῦ
428 4673 649 4744 κυρίου.
685 4670 748 4726 Ἡ
780 4672 879 4742 μὲν
911 4672 1020 4745 γὰρ
1064 4673 1325 4742 μετάνοια
1373 4672 1598 4742 ἐποίησε
1634 4671 1726 4725 τὸν
1750 4671 1876 4725 δοῦ-

291 4767 386 4819 λον
415 4769 604 4820 πεσεῖν
631 4767 739 4819 ἀπὸ
764 4770 860 4836 τῆς
895 4767 1114 4831 κακίας·
1143 4768 1171 4820 ὁ
1190 4769 1302 4836 γὰρ
1325 4761 1612 4836 ἱστάμενος
1640 4755 1875 4837 βεϐαίως

293 4861 354 4909 ὲν
386 4860 453 4927 τῇ
485 4857 673 4928 κακίᾳ,
698 4857 758 4909 οὐ
775 4857 1177 4927 συγχωρητέος.
1223 4848 1284 4911 'H
1309 4857 1364 4909 δὲ
1382 4856 1759 4927 φιλανθρωπία
1778 4855 1873 4909 τοῦ

292 4948 433 5002 Θεοῦ
466 4951 811 5021 συνεχώρησε
842 4950 1123 5012 παντελῶς
1149 4950 1245 5003 καὶ
1282 4950 1515 5014 δάνειον,
1558 4949 1737 5002 καίτοι
1807 4965 1872 5017 γε

291 5042 322 5092 ὁ
347 5039 533 5102 δοῦλος
569 5039 632 5092 ού
660 5039 1007 5110 συγχώρησιν
1041 5036 1282 5108 παντελῆ
1314 5037 1519 5107 ἐζήτει,
1557 5035 1695 5088 ἀλλα
1736 5042 1873 5105 προ-

293 5131 548 5200 θεσμίαν.
606 5130 862 5186 Μάνθανε
913 5129 1092 5183 τοίνυν
1133 5129 1216 5182 ὅτι
1276 5130 1304 5182 ὁ
1334 5128 1468 5192 Θεὸς
1519 5127 1614 5181 καὶ
1648 5126 1874 5180 πλείονα

290 5225 514 5278 δίδωσιν
552 5218 629 5278 ὧν
664 5221 988 5294 αἰτούμεθα.
1040 5222 1198 5276 Ἐπεὶ
1255 5220 1494 5290 τοσαύτη
1535 5222 1684 5273 ἐστὶν
1717 5221 1748 5289 ἡ
1787 5236 1877 5288 φι-

294 5317 616 5386 λανθρωπία
631 5315 816 5380 αὑτοῦ,
844 5313 983 5368 ὥστε
1005 5317 1099 5367 καὶ
1124 5315 1299 5366 ἐκεῖνο
1326 5314 1386 5365 τὸ
1411 5312 1600 5366 δοκοῦν
1616 5310 1871 5380 σκληρὸν,

294 5408 356 5460 τὸ
388 5407 700 5476 προστάξαι
737 5406 1058 5477 πωληθῆναι
1082 5406 1267 5470 αὑτὸν,
1296 5405 1395 5457 οὐκ
1436 5405 1544 5458 ἀπὸ
1568 5402 1869 5474 σκληρότη-

292 5517 387 5562 τος
421 5495 606 5564 εἶπεν,
644 5498 761 5551 ἀλλ’
801 5498 888 5551 ἵνα
924 5499 1283 5569 καταπτοήσῃ
1338 5496 1430 5549 τὸν
1489 5496 1676 5549 δοῦλον
1703 5536 1718 5559 ,
1778 5496 1873 5548 καὶ

296 5590 461 5662 πείσῃ
488 5589 652 5644 αὑτὸν
682 5590 817 5661 πρὸς
852 5590 1090 5644 ἱκετείαν
1119 5591 1215 5643 καὶ
1252 5590 1602 5660 παράκλησιν
1635 5588 1870 5642 ἀποϐλέ-

292 5683 413 5752 eat.

378 5789 397 5821 ι
450 5768 714 5839 Ἐξελθὼν
747 5770 807 5828 δὲ
840 5772 869 5827 ὁ
913 5770 1100 5837 δοῦλος
1140 5772 1366 5840 ἐκεῖνος,
1412 5767 1573 5844 εὗρεν
1608 5771 1703 5826 ἕνα
1764 5770 1873 5826 τῶν

1977 4490 2144 4551 illius.
2177 4486 2408 4545 absolvit
2463 4500 2610 4553 eum,
2669 4500 2724 4544 et
2774 4505 2848 4544 aes
2894 4487 3133 4545 alienum
3172 4490 3383 4544 remisit
3418 4489 3486 4543 ei.
3531 4502 3550 4540 ι

1977 4578 2112 4638 Vide
2143 4582 2477 4652 poenitentiae
2522 4583 2686 4637 robur
2709 4623 2725 4649 ,
2759 4595 2815 4636 et
2859 4581 3284 4636 misericordiam
3327 4580 3553 4635 domini.

1976 4673 2298 4729 Pmnitentia
2340 4675 2483 4729 enim
2510 4673 2638 4729 fecit
2661 4689 2874 4728 servum
2915 4676 3108 4728 Cadere
3129 4689 3158 4725 ιι
3190 4672 3391 4725 malitia
3416 4689 3432 4738 ;
3461 4672 3553 4740 qui

1976 4768 2122 4822 enim
2145 4766 2376 4821 ﬁrmiter
2404 4768 2455 4821 in
2490 4767 2579 4821 illa
2606 4775 2736 4831 stat,
2760 4779 2867 4820 non
2888 4766 3042 4820 venia
3066 4766 3259 4832 dignus
3276 4775 3377 4817 est.
3399 4763 3557 4818 Mise-

1979 4858 2210 4913 ricordia
2245 4862 2421 4914 autem
2455 4857 2547 4913 Dei
2573 4858 2782 4913 dimisit
2806 4858 3026 4911 omnino
3053 4854 3316 4917 debitum,
3339 4851 3555 4908 tametsi

1977 4959 2166 5003 servus
2188 4965 2291 5002 non
2322 4948 2502 5003 omnia
2540 4949 2765 5011 remitti,
2793 4950 2884 5002 sed
2912 4948 3188 5018 prorogari
3220 4957 3426 5015 tempus
3460 4959 3555 5014 pea-

1979 5049 2134 5095 teret.
2169 5039 2323 5095 Disce
2352 5034 2515 5112 igitur
2556 5041 2700 5109 quod
2733 5041 2874 5094 Deus
2907 5039 3058 5107 plura
3088 5040 3178 5091 dat
3203 5053 3363 5105 quam
3420 5037 3557 5105 petis

1978 5146 2138 5186 tntis:
2174 5136 2297 5201 quia
2331 5144 2474 5187 tanta
2502 5142 2585 5189 est
2619 5132 2993 5186 misericordia
3030 5130 3265 5195 Domini,
3302 5138 3359 5183 ut
3399 5140 3453 5183 et
3498 5129 3550 5183 id

1975 5224 2118 5292 quod
2150 5226 2437 5278 admodum
2457 5227 2645 5279 dnrmu
2673 5225 2978 5290 videbatur,
3008 5236 3199 5291 nempe
3227 5220 3371 5292 quod
3390 5222 3556 5292 jussit

1976 5325 2036 5370 ut
2055 5317 2379 5373 venderetur
2415 5318 2524 5380 ille,
2557 5332 2662 5371 non
2693 5331 2760 5371 ex
2792 5315 2991 5371 duritia
3020 5315 3180 5380 dixit,
3212 5314 3305 5368 sed
3338 5324 3392 5367 ut
3428 5327 3553 5381 per-

1978 5410 2331 5465 terrefaceret
2362 5422 2601 5473 servum,
2627 5419 2682 5462 et
2704 5408 3059 5477 persuaderet
3087 5408 3164 5463 illi
3194 5418 3250 5463 ut
3273 5407 3335 5462 ad
3363 5412 3552 5477 preces

1975 5516 2033 5556 se
2053 5511 2106 5555 et
2127 5501 2557 5557 obsecrationem
2605 5511 2970 5556 converteret.

2051 5767 2218 5825 Vens.
2254 5769 2446 5828 28-50.
2507 5789 2525 5824 ι
2563 5769 2828 5842 Egressus
2857 5789 2981 5831 vero
3013 5788 3201 5855 servus
3233 5772 3320 5828 ille
3340 5772 3548 5828 invenit

2204 5909 2233 5918 ς
