4078 6464
579 306 678 371 347

1386 297 1393 305 ’
1425 302 1996 366 THEUPHYLACTI
2047 304 2454 365 BULGA-RIE
2490 305 2840 366 ARCHIEP.

3730 309 3842 372 318

576 434 741 472 unum
772 417 836 470 de
861 418 1156 480 consertis,
1190 418 1277 486 qui
1321 419 1549 471 debebat
1590 418 1693 475 sibi
1729 429 1940 471 rentum
1978 417 2141 471 deut-

2267 417 2553 472 ιυνδούλων
2605 416 2798 480 αὑτοῦ,
2842 416 2899 480 ὃς
2930 415 3161 479 ὥςρειλεν
3191 415 3338 486 αὐτῷ
3366 410 3559 470 ἑκατὸν
3582 411 3840 488 δηνάρια.

574 509 685 561 rios
725 520 740 558 :
772 516 827 559 et
864 504 1062 574 injecta
1096 507 1147 559 in
1172 518 1293 561 eum
1325 524 1505 571 manu,
1547 509 1763 562 obtorto
1805 507 1940 560 collo
1972 508 2155 562 trahe-

573 600 669 654 bat.
699 601 906 661 dicens.
937 599 1097 657 Solve
1125 604 1264 670 quod
1303 603 1487 657 debes.
1538 604 1600 658 Et
1627 605 1911 672 prm-idens
1930 618 2155 657 conser-

575 705 673 741 vus
711 690 829 759 ejus
877 694 941 745 ad
996 694 1161 763 pedes
1191 691 1308 760 ejus
1341 695 1567 762 rogabat
1598 710 1743 761 eum,
1788 696 1996 759 dicens,
2030 695 2155 748 Esto

576 782 787 848 patiens
818 797 942 849 erga
974 801 1075 844 me,
1107 794 1157 838 et
1186 785 1366 838 omnia
1396 786 1611 838 reddant
1648 787 1762 839 tibi.
1794 782 1864 839 At
1896 785 1983 838 ille
2008 786 2159 840 nole-

581 873 692 937 bat,
728 875 819 927 sed
847 875 999 940 abiit,
1037 887 1089 930 et
1125 876 1358 947 conjecit
1389 892 1510 931 eum
1546 878 1598 931 in
1639 894 1915 933 carcerem
1940 919 1954 944 ,
1985 877 2159 933 donec

579 967 827 1021 redderet
867 968 1131 1022 debitum.
1174 987 1192 1019 ι
1244 970 1508 1038 Egressus
1555 970 1645 1024 ille
1675 971 1764 1039 qui
1798 970 2010 1023 veniam
2060 971 2159 1022 ob-

583 1057 1158 1130 tinuerat,straugnlat
1205 1076 1269 1114 ac
1320 1063 1518 1130 premit
1559 1077 1904 1117 conservum.
1964 1060 2161 1114 Nullus

582 1149 726 1200 e..int
763 1150 853 1216 qui
898 1150 951 1203 in
990 1152 1097 1204 Deo
1132 1162 1331 1216 manet,
1368 1154 1763 1222 cmnpassionis
1797 1166 1990 1220 eXpers
2037 1160 2158 1206 est:

587 1240 681 1292 sed
744 1238 830 1292 ille
862 1240 952 1309 qui
1007 1256 1034 1294 a
1088 1232 1198 1295 Ι)εο
1228 1243 1485 1299 discessit
1534 1254 1589 1297 et
1649 1244 1858 1297 alienus
1910 1252 2012 1298 est.
2052 1242 2166 1296 Ma-

584 1347 705 1398 gnae
757 1341 933 1384 autem
967 1343 1081 1386 erat
1129 1334 1490 1389 crudelitatis.
1525 1333 1691 1390 Erant
1724 1335 1771 1389 ei
1800 1335 1984 1387 decem
2036 1334 2162 1388 mil-

593 1421 663 1475 lia
704 1421 1031 1477 talentorum
1066 1426 1314 1492 remissa,
1352 1436 1403 1480 et
1437 1426 1595 1497 longe
1631 1427 1910 1495 pauciora,
1942 1435 2159 1496 centum

585 1514 786 1569 scilicet
821 1517 1095 1582 denarios,
1134 1518 1357 1571 omnino
1384 1533 1481 1571 nec
1512 1519 1808 1584 remittere,
1843 1534 1943 1573 nec
1972 1533 2155 1587 proro-

585 1623 713 1676 gare
749 1616 957 1675 tempus
1003 1610 1379 1664 dinumerandi
1418 1610 1651 1675 volebat,
1692 1613 1904 1666 tametsi
1934 1627 2157 1666 conser-

585 1713 683 1750 vus
707 1699 894 1754 eadem
916 1703 1075 1756 verba
1103 1703 1325 1763 diceret,
1359 1720 1477 1774 qua:
1509 1713 1563 1758 et
1610 1704 1697 1758 ille
1749 1707 1814 1757 ad
1855 1706 2155 1768 dominum,

585 1789 1016 1846 misericordiam
1066 1793 1270 1848 domini
1300 1794 1355 1847 itt
1390 1796 1706 1850 memoriam
1743 1796 1816 1850 illi
1846 1797 2108 1850 reducens
2139 1814 2153 1850 :

587 1881 718 1934 dixit
748 1885 892 1935 enim
921 1900 935 1937 :
967 1882 1098 1938 Esto
1128 1885 1339 1954 patiens
1368 1898 1493 1955 erga
1552 1903 1659 1953 me,
1714 1896 1767 1942 et
1824 1888 2005 1942 omnia
2064 1888 2159 1942 tibi

588 1972 830 2025 reddant.

666 2063 824 2121 Vens.
858 2066 949 2121 51.
982 2084 1001 2117 ι
1058 2066 1227 2124 Porro
1273 2080 1393 2122 cum
1431 2070 1693 2125 vidissent
1739 2073 1984 2126 conservi
2038 2072 2161 2143 ejus

592 2170 713 2223 qua:
750 2156 967 2225 ﬁebant,
1018 2159 1361 2217 indoluerttttt
1394 2162 1591 2216 valde:
1625 2175 1679 2218 et
1708 2176 1994 2229 venerunt,
2031 2182 2162 2233 ape-

590 2257 923 2317 rnerumque
953 2249 1173 2305 domino
1200 2267 1299 2306 suo
1333 2257 1515 2309 omnia
1544 2268 1666 2323 qum
1694 2254 1834 2311 facta
1860 2255 2104 2311 fuerant.
2134 2276 2154 2310 ι

592 2334 856 2393 Videntur
902 2339 954 2393 bi
992 2343 1238 2397 conservi
1298 2359 1419 2399 esse
1459 2347 1657 2414 angeli,
1697 2362 1883 2402 osores
1928 2346 2077 2413 mali,
2108 2360 2164 2403 et

589 2440 833 2484 amantes
868 2431 1015 2497 boni,
1040 2448 1144 2487 non
1177 2437 1318 2504 quod
1359 2437 1626 2505 ignoranti
1671 2437 1899 2493 Domino
1940 2439 2162 2495 lttecdi-

591 2528 739 2586 cant,
774 2523 865 2574 sed
892 2533 947 2575 ut
978 2533 1031 2577 tu
1058 2524 1236 2579 discas
1270 2528 1410 2595 quod
1436 2528 1614 2598 angeli
1656 2529 1811 2583 nobis
1839 2530 1905 2583 ad
1939 2531 2160 2585 tutelam

592 2612 701 2666 dati
749 2613 878 2678 sint,
919 2623 971 2669 et
1005 2618 1484 2685 quodmbumanis
1534 2631 1591 2676 et
1637 2622 2163 2679 immisericordibus

591 2702 962 2773 indignentur.

666 2796 832 2852 Vens.
859 2798 1041 2854 52-54.
1071 2796 1252 2856 «Tunc
1279 2803 1727 2873 accersivit'jllum
1748 2805 1997 2861 dominus
2014 2822 2163 2875 suns,

594 2896 647 2942 et
675 2890 748 2942 ait
781 2890 896 2945 illi:
939 2893 1105 2946 Serve
1136 2894 1396 2958 sceleste,
1433 2905 1600 2950 totum
1631 2897 1868 2952 debitmn
1914 2899 2040 2955 illud
2085 2916 2167 2954 re-

594 2980 716 3035 misi
751 2982 866 3049 tibi,
896 2999 1018 3037 cum
1052 2985 1398 3042 obsecrasses
1433 3003 1518 3041 me
1552 3006 1565 3043 :
1600 3005 1782 3045 nonne
1830 2992 2073 3061 Oportuit
2113 3004 2167 3046 et

595 3078 648 3123 te
690 3072 935 3128 misereri
970 3076 1220 3129 conservi
1253 3077 1349 3143 tui,
1402 3078 1544 3133 sicut
1578 3089 1631 3133 et
1661 3092 1759 3148 ego
1787 3081 1859 3135 tui
1912 3081 2164 3134 misertus

593 3164 783 3219 erant?
827 3165 888 3218 Et
920 3167 1089 3222 iratus
1124 3170 1377 3225 dominus
1413 3170 1530 3238 ejus
1556 3172 1777 3226 tradidit
1820 3188 1943 3226 eum
1996 3182 2138 3227 torto

595 3255 769 3319 ribus,
798 3260 1150 3327 quoadusque
1184 3261 1434 3315 redderet
1477 3269 1647 3315 totum
1672 3262 1826 3330 quod
1868 3262 2166 3316 debebatur

593 3349 719 3402 sibi.
753 3367 772 3401 ι
807 3346 1145 3418 'ittjudicium
1178 3352 1345 3406 intrat
1389 3367 1509 3406 cum
1550 3367 1710 3407 servo
1762 3353 2011 3408 dominus
2039 3368 2167 3423 pro-

594 3451 716 3509 pter
754 3442 1183 3497 misericordiam
1213 3462 1228 3498 :
1261 3446 1580 3499 utostendat
1610 3446 1750 3513 quod
1776 3460 1879 3499 non
1911 3446 2045 3515 ipse,
2072 3446 2166 3500 sed

593 3532 736 3586 servi
777 3534 1067 3588 crudelitas
1102 3546 1155 3588 et
1194 3534 1527 3604 ingratitudo
1572 3537 1925 3591 donationem
1965 3537 2161 3591 irritet.

594 3625 804 3691 Quibus
832 3634 1008 3681 autent
1030 3627 1321 3682 tortoribus
1344 3626 1596 3681 tradidit?
1629 3618 1789 3683 Forte
1818 3630 2171 3698 potestatibus

595 3717 977 3786 punitrictbus,
1022 3716 1093 3771 ita
1126 3726 1185 3771 ut
1226 3728 1490 3787 perpetuo
1531 3720 1835 3790 puniretur.
1870 3721 2168 3792 Quousque

596 3809 786 3864 reddat
820 3811 959 3877 quod
982 3810 1278 3866 debebatur
1309 3830 1322 3866 :
1353 3812 1453 3865 hoc
1481 3812 1771 3882 significat,
1792 3814 1932 3881 quod
1965 3814 2167 3869 tamdiu

602 3901 879 3967 puniatur,
901 3902 1072 3956 donec
1093 3902 1442 3973 reddat:99
1474 3918 1748 3972 nunquam
1770 3913 1950 3957 autem
1979 3903 2172 3958 reddet

595 3993 741 4059 quod
793 3991 1047 4059 debebat,
1095 3993 1345 4050 videlicet
1379 4008 1595 4064 poenam
1649 4010 1809 4066 quam
1846 4005 2168 4051 meruerat:

600 4096 816 4151 semper
844 4097 974 4152 ergo
1004 4085 1274 4152 punietur.

671 4172 830 4229 Vens.
865 4175 954 4228 55.
994 4192 1012 4226 ι
1052 4174 1142 4229 Sic
1167 4186 1221 4228 et
1243 4175 1402 4230 Pater
1437 4193 1588 4232 meus
1609 4178 1849 4234 ccclestis
1882 4178 2046 4235 faciet
2076 4194 2172 4236 vo-

595 4265 703 4332 bis,
741 4265 916 4321 sinon
949 4267 1268 4322 remiseritis
1296 4270 1525 4337 quisque
1570 4271 1721 4325 fratri
1754 4286 1854 4326 suo
1882 4273 1947 4327 de
1994 4273 2175 4327 cordi-

596 4357 698 4415 bus
741 4361 933 4414 vestris
966 4361 1157 4414 delicta
1190 4361 1426 4418 illorum.
1458 4382 1477 4415 ι
1510 4362 1628 4418 Non
1672 4365 1829 4429 dixit,
1885 4364 2047 4419 Pater
2077 4382 2171 4419 ve-

2263 509 2370 561 Καὶ
2402 509 2687 578 κρατήσας
2707 507 2871 560 αὐτὸν
2902 506 3114 575 ἐπνιγε.
3138 507 3329 576 λέγωνδ
3361 507 3582 571 ’Δπόόος
3601 526 3688 579 μοι
3712 510 3772 561 εἴ
3788 527 3847 562 τι

2258 596 2493 667 ὀφείλεις
2526 613 2539 628 ⁸
2569 599 2749 653 πεσὼν
2785 596 2878 652 οὖν
2901 600 2928 650 6
2961 598 3245 662 σύνδουλος
3271 597 3436 652 αὐτοῦ
3470 599 3552 663 είς
3581 601 3708 664 τοὺς
3741 602 3845 654 πό-

2258 690 2355 751 δας
2381 688 2570 755 αὐτοῦ,
2604 689 2902 760 παρεκάλει
2931 690 3115 754 αὑτὸν,
3151 689 3322 758 λέγων
3344 704 3357 718 ⁸
3392 691 3847 760 Μακροθύμησον

2261 786 2349 836 ἐπ’
2378 785 2531 853 ἐμοὶ,
2559 784 2652 836 καὶ
2678 783 2856 837 πάντα
2877 800 2960 836 σοι
2981 782 3266 837 ἀποδώσω.
3312 784 3373 837 '0
3403 783 3462 836 δὲ
3494 783 3593 836 οὐκ
3619 784 3843 854 ἢθελεν

2259 876 2377 930 ἀλλ’
2409 873 2661 929 ἀπελθὼν
2708 875 2901 929 ἔϐαλεν
2949 874 3113 929 αὐτὸν
3160 875 3241 936 είς
3293 873 3564 944 φυλακὴν,
3611 874 3721 936 ἕως
3783 872 3846 929 οὗ

2260 968 2447 1039 ἀποδῷ
2478 967 2539 1021 τὸ
2571 968 2941 1037 ὀφειλόμενον.
2977 985 2997 1018 ι
3061 964 3323 1030 Ἐξελθὼν
3370 968 3398 1019 6
3439 965 3847 1035 συγχωρηθείς,

2261 1057 2404 1111 οὕτω
2432 1058 2616 1127 πνίγει
2650 1059 2741 1110 τὸν
2792 1057 3077 1111 σύνδουλον
3102 1074 3116 1089 ’
3152 1057 3327 1119 οὐδεὶς
3361 1057 3471 1126 γάρ
3509 1060 3565 1109 ἐν
3606 1058 3683 1126 τῷ
3720 1058 3844 1127 Θεῷ

2268 1150 2466 1221 μέκων,
2520 1150 2851 1221 ἀσυμπαθὴς
2883 1165 2896 1177 ·
2948 1148 3065 1203 ἀλλ’
3108 1152 3136 1203 6
3183 1148 3416 1215 ἐξελθὼν
3446 1151 3510 1202 ἐκ
3545 1149 3637 1203 τοῦ
3679 1150 3846 1216 θεοῦ,

2263 1243 2355 1295 καί
2387 1240 2663 1312 ἀλλότριος
2696 1243 2904 1295 ἐκείνου
2947 1239 3045 1297 ὥν.
3076 1239 3326 1311 Τοσαύτη
3365 1241 3421 1294 δὲ
3455 1243 3486 1313 ἡ
3546 1241 3850 1311 ἀπανθρω-

2264 1334 2383 1397 πία,
2437 1333 2577 1386 ὥστε
2624 1334 2692 1386 τὰ
2739 1331 2910 1402 μείζω
2952 1332 3382 1403 συγχωρηθέντα
3430 1333 3691 1403 (τάλαντα
3735 1333 3847 1402 γὰρ

2266 1423 2454 1495 μύρια)
2500 1422 2591 1476 ἐπὶ
2621 1426 2732 1486 τοῖς
2759 1422 3041 1477 ἐλάττοσιν
3070 1424 3290 1492 (ἑκατὸν
3330 1425 3441 1493 γὰρ
3475 1424 3734 1494 δηνάρια)
3770 1426 3847 1496 μὴ

2265 1515 2716 1585 συγγνωμονῆσαι
2731 1515 2888 1579 ὅλως,
2909 1515 3045 1586 μηδὲ
3067 1515 3337 1586 ἀναϐολὴν
3353 1516 3555 1570 δοῦναι.
3580 1518 3849 1587 Καίτοιγε

2261 1610 2288 1660 6
2323 1608 2604 1672 σύνδουλος
2647 1607 2715 1660 τὰ
2746 1609 2886 1661 αὑτά
2925 1609 3148 1678 ῥήματα
3182 1609 3354 1677 λέγει.
3400 1610 3845 1680 ἀναμιμνήσκων

2264 1703 2425 1756 αὐτὸν
2455 1702 2520 1755 δι’
2549 1693 2624 1755 ὧν
2655 1702 2821 1766 αύτὶς
2853 1700 3032 1772 ἐσώθη
3060 1718 3073 1732 ·
3109 1700 3551 1773 Μακροθύμησον
3586 1702 3719 1774 γὰρ,
3745 1721 3851 1772 φη.

2264 1793 2365 1858 etv,
2399 1792 2485 1848 ἐπ’
2516 1793 2661 1865 ἐμοὶ,
2689 1795 2780 1848 καὶ
2804 1791 3070 1849 ἀποδώσω
3102 1810 3206 1853 σοι.

2335 2077 2354 2111 ι
2416 2056 2640 2124 Ἰδόντες
2692 2059 2747 2113 δὲ
2797 2061 2846 2114 oi
2902 2059 3177 2114 σύνδουλοι
3234 2058 3401 2114 αὑτοῦ
3440 2060 3509 2114 τὰ
3553 2061 3845 2131 γενόμενα,

2261 2152 2610 2224 ἐλυπήθησαν
2654 2153 2879 2223 σφόδρα.
2922 2153 3032 2206 Καὶ
3077 2154 3324 2218 ἑλθάντες
3371 2153 3713 2224 διεσάφησαν
3765 2155 3846 2224 τῷ

2262 2245 2436 2316 κυρίῳ
2469 2245 2677 2299 ἑαυτῶν
2728 2247 2906 2299 πάντα
2938 2249 3008 2299 τά
3049 2248 3355 2316 γενῦμενα.
3424 2265 3442 2298 t
3500 2249 3562 2301 Οἱ
3618 2247 3847 2316 ἄγγελοι

2266 2336 2619 2405 μισοπόνηροι
2645 2334 2898 2387 ἐντεῦθεν
2920 2337 3011 2387 καὶ
3028 2335 3319 2406 φιλάγαθοι
3346 2337 3631 2406 φαίνονται
3654 2352 3666 2366 ’
3696 2331 3849 2391 οὗτοι

2262 2428 2372 2498 γὰρ
2401 2428 2448 2478 οἱ
2500 2425 2815 2479 σύνδουλοιο
2841 2426 2941 2496 οὐχ
2982 2426 3057 2487 ὡς
3107 2424 3394 2495 ἀγνοοῦντι
3429 2427 3484 2481 δὲ
3523 2426 3601 2498 τῷ
3653 2428 3850 2498 Κυρίῳ

2263 2519 2435 2573 ταῦτα
2463 2519 2735 2589 λέγουσιν,
2780 2518 2893 2572 ἀλλ’
2923 2520 3010 2572 ἵνα
3033 2521 3096 2573 σὺ
3130 2519 3307 2591 μάθῃς
3336 2521 3417 2573 ὅτι
3448 2520 3667 2591 ἄγγελοί
3708 2523 3848 2574 εἰσιν

2264 2614 2447 2683 ἔφοροι
2471 2611 2649 2684 ἡμῶν,
2689 2612 2783 2667 καὶ
2824 2613 2907 2667 ὅτι
2952 2613 3324 2683 ἀγανακτοῦσι
3361 2615 3502 2669 κατὰ
3533 2617 3639 2668 τῶν
3670 2616 3848 2670 ἀπαν-

2265 2704 2524 2775 θρώπων.

2338 2815 2359 2848 ι
2399 2796 2531 2849 Τότε
2586 2794 3102 2867 προσκαλεσάμενος
3156 2796 3320 2851 αὐτὸν
3352 2798 3380 2850 6
3430 2798 3617 2868 κύριος
3650 2798 3843 2865 αὐτοῦ,

2264 2887 2412 2956 λέγει
2442 2886 2591 2959 αύτῷ
2619 2905 2633 2920 ο
2660 2887 2822 2941 Δοῦλε
2848 2889 3075 2960 πονηρὲ,
3108 2892 3288 2945 πᾶσαν
3314 2892 3415 2963 τὴν
3449 2891 3669 2962 ὀφειλὴν
3704 2893 3847 2945 ὲκεί-

2268 2999 2365 3052 νην
2399 2982 2591 3051 ἀφῆκά
2613 3000 2716 3048 σοι,
2762 2983 2883 3035 ἐπεὶ
2932 2983 3313 3052 παρεκάλεσάς
3360 3000 3449 3053 με·
3480 2985 3579 3037 οὐκ
3610 2984 3723 3037 ἔδει
3758 2985 3848 3039 καὶ

2271 3074 2328 3126 σὲ
2365 3073 2585 3144 ἐλεῆσαι
2612 3073 2705 3127 τὸν
2728 3072 3016 3127 σύνδουλόν
3047 3091 3139 3126 σου
3156 3073 3230 3136 ὡς
3260 3076 3354 3128 καὶ
3376 3075 3485 3144 ἐγώ
3516 3094 3574 3129 σε
3598 3076 3845 3147 ηλέησας

2274 3166 2379 3218 Καὶ
2406 3164 2685 3237 ὀργισθεὶς
2742 3164 2772 3217 6
2832 3164 3023 3235 κύριος
3086 3166 3272 3230 αὑτοῦ,
3328 3168 3646 3239 παρέδωκεν
3681 3171 3848 3223 αὐτὸν

2269 3261 2377 3322 τοῖς
2411 3257 2785 3328 βασανισταῖς,
2812 3256 2917 3322 ἕως
2947 3252 3006 3311 οὒ
3042 3258 3228 3329 ἀποδῷ
3260 3261 3366 3314 πᾶν
3397 3261 3460 3313 τὸ
3496 3261 3850 3332 ὀφειλόμενον

2270 3349 2439 3419 αὐτῷ.
2483 3348 2748 3420 Κρίνεται
2781 3348 2871 3402 διὰ
2904 3349 3311 3420 φιλανθρωπίαν
3337 3354 3364 3405 6
3397 3352 3669 3423 δεσπότης
3713 3353 3850 3425 πρὸς

2270 3443 2362 3496 τὴν
2393 3442 2600 3508 δοῦλον,
2634 3443 2720 3496 ἵνα
2750 3440 2902 3515 δείξῃ
2938 3444 3019 3497 ὅτι
3049 3444 3148 3498 οὐκ
3198 3444 3383 3509 αὐτὸς,
3413 3446 3528 3499 ἀλλ’
3560 3448 3593 3517 ἡ
3626 3446 3849 3517 ὠμύτης

2272 3534 2366 3588 τοῦ
2396 3534 2586 3588 δούλου
2612 3535 2909 3605 ἀνατρέπει
2924 3535 3021 3607 τὴν
3048 3526 3256 3607 δωρεάν
3290 3538 3381 3591 καὶ
3404 3540 3436 3607 ἡ
3463 3540 3846 3608 ἀγνωμοσύνη.

2274 3622 2397 3679 Τίσι
2421 3625 2476 3678 δὲ
2506 3624 2854 3696 βασανισταῖς
2880 3627 3244 3698 παραδίδωσι;
3272 3628 3680 3701 Τιμωρητικαῖς
3708 3634 3851 3703 τάχα

2271 3714 2585 3787 δυνάμεσιν,
2626 3716 2764 3771 ὥστε
2789 3719 3020 3783 αἱωνίως
3046 3720 3396 3784 κολάζεσθαι.
3437 3723 3479 3774 Τ
3484 3723 3511 3775 6
3530 3724 3660 3794 γὰρ,
3702 3724 3849 3787 ’Ἕως

2272 3802 2333 3863 οὗ
2364 3808 2548 3880 ἀποδῷ
2577 3810 2637 3864 τὸ
2667 3810 3035 3882 ὀφειλόμενον,
3071 3812 3228 3866 τοῦτο
3273 3813 3548 3883 σημαίνει.
3581 3817 3663 3869 ὅτι
3698 3817 3850 3880 Ἕως

2272 3902 2394 3956 τότε
2422 3901 2754 3968 κολαζέσθω,
2786 3902 2895 3968 ἕως
2924 3898 2984 3958 οὗ
3016 3905 3200 3978 ἀποδῷ
3235 3919 3249 3935 °
3289 3906 3425 3961 ἀλλὰ
3456 3906 3562 3977 μὴν
3592 3909 3847 3962 οὐδέποτε

2275 3991 2546 4046 ἀποδώσει
2581 3992 2641 4045 τὸ
2672 3992 3047 4062 ὀφειλόμενον,
3076 3992 3194 4062 ἦτοι
3224 3993 3322 4064 τὴν
3365 3986 3724 4066 ὀφειλομένην
3758 3994 3850 4048 καὶ

2272 4083 2429 4149 ἀξίαν
2454 4086 2753 4156 τιμωρίαν·
2789 4086 2875 4139 ἀεὶ
2904 4085 3012 4156 ἄρα
3041 4085 3459 4157 κολασθήσεται.

2351 4197 2370 4229 ι
2409 4177 2565 4231 Οὕτω
2615 4178 2709 4231 κοιλ⁸
2740 4179 2768 4230 6
2813 4178 3003 4247 Πατήρ
3035 4193 3137 4247 μου
3182 4178 3210 4230 6
3256 4178 3579 4247 ἐπουράνιος
3631 4180 3847 4248 ποιήσει

2273 4266 2424 4338 ύμῖν,
2460 4266 2555 4321 ἐὰν
2596 4267 2670 4340 μὴ
2709 4267 2886 4336 ἀφῆτε
2926 4265 3156 4329 ἕκαστος
3193 4266 3270 4338 τῷ
3302 4267 3514 4337 ἁδελφῴ
3544 4267 3711 4320 αὐτοῦ
3746 4267 3850 4320 άπὸ

2273 4357 2383 4410 τῶν
2409 4358 2650 4428 καρδιῶν
2681 4357 2833 4427 ὑμῶν
2880 4358 2949 4410 τὰ
2983 4358 3408 4427 παραπτώματα
3443 4358 3637 4412 αὐτῶν.
3681 4377 3701 4408 ι
3738 4360 3849 4412 Ούκ

597 4464 734 4518 ster,
762 4454 879 4515 sed.
914 4453 1076 4508 Pater
1111 4471 1291 4511 utens:
1323 4456 1524 4527 indigni
1572 4458 1714 4512 enim
1744 4467 1869 4513 sunt
1912 4458 2048 4512 tales
2081 4458 2163 4527 qui

2275 4444 2449 4514 εἶπεν,
2499 4454 2527 4503 6
2570 4448 2758 4521 Πατὴρ
2789 4448 2964 4520 ὑμῶν,
2996 4450 3136 4515 ἀλλ’,
3195 4449 3223 4501 6
3254 4450 3438 4522 Πατήρ
3467 4468 3567 4520 μου
3590 4468 3603 4481 ·
3640 4451 3848 4516 ἀνάξιοι

598 4537 764 4594 Deum
789 4541 1021 4597 habeant
1051 4547 1280 4614 patrem.
1323 4546 1397 4600 De
1422 4547 1679 4603 cordibus
1709 4556 1890 4602 autem
1939 4548 2052 4602 vult
2087 4564 2169 4602 re-

598 4633 766 4699 mitti,
792 4647 901 4689 non
933 4635 997 4688 de
1021 4650 1115 4690 ore
1148 4637 1432 4692 duntaxat.
1463 4635 1651 4708 Cogita
1702 4639 1868 4704 igitur
1899 4648 2167 4710 quantum

598 4725 799 4778 malum
824 4725 894 4779 sit
933 4726 1185 4781 vindictae
1216 4728 1515 4797 cupiditas:
1550 4731 1986 4801 quandoquidem
2009 4732 2170 4786 etiam

596 4818 944 4871 donationem
979 4817 1077 4873 Dei
1122 4831 1341 4874 revocat
1380 4830 1435 4874 et
1476 4821 1655 4874 irritat
1695 4839 1708 4875 :
1766 4822 1980 4877 tametsi
2028 4821 2171 4875 enim

598 4908 737 4961 dona
760 4908 851 4963 Dei
884 4926 946 4964 ea
984 4912 1112 4976 sint,
1150 4927 1379 4980 quorum
1408 4913 1977 4982 ttontptnttiteattllmtt,
2023 4929 2178 4968 revo-

596 5003 792 5053 Cantur
822 5009 1001 5055 tamen
1031 5001 1130 5056 ltac
1159 5003 1369 5057 ratione
1397 5014 1449 5057 et
1478 5003 1790 5059 irritantur.

1182 5139 1411 5195 CAPUT
1441 5137 1582 5193 XIX.

680 5248 756 5304 De
785 5255 1156 5320 (intercutibus,
1189 5273 1313 5310 num
1353 5258 1530 5310 liceret
1562 5257 1824 5311 dimittere
1863 5271 2099 5313 uxorem.

958 5324 1035 5377 De
1054 5326 1213 5379 davite
1236 5327 1415 5380 Jesum
1443 5328 1821 5395 interpellante.

683 5486 847 5552 Vens.
872 5499 924 5563 1,
957 5499 1012 5553 2.
1060 5517 1078 5550 ι
1116 5498 1182 5554 Ει
1212 5500 1409 5557 factum
1455 5512 1539 5557 est
1584 5517 1707 5557 cunt
1744 5512 2177 5562 consummasset

597 5586 762 5649 Iesus
787 5607 1065 5648 sermones
1108 5592 1228 5656 hos.
1258 5595 1571 5665 demigravit
1604 5611 1631 5648 a
1661 5596 1900 5662 Galiltna,
1932 5607 1984 5649 et
2029 5599 2178 5652 venit

605 5684 660 5739 ia
685 5684 816 5739 lines
839 5683 1022 5741 Jndzea
1079 5695 1230 5741 trans
1256 5685 1567 5752 Jordattem,
1600 5698 1651 5743 et
1670 5697 1868 5743 secuta:
1896 5696 2021 5741 sunt
2052 5703 2175 5741 eum

2274 4540 2382 4611 γάρ
2404 4544 2541 4594 εἰσιν
2578 4544 2626 4595 oi
2657 4541 2889 4595 τοιοῦτοι
2920 4542 3132 4612 πατέρα
3156 4541 3300 4612 ἔχειν
3322 4544 3414 4596 τὸν
3467 4544 3629 4604 Θεόψ⁴
3665 4545 3775 4597 ἁπὸ
3795 4544 3848 4598 δδ

2273 4632 2371 4702 τῆς
2406 4630 2632 4701 καρδίας
2656 4631 2904 4702 βούλεται
2935 4631 3177 4701 ἀφιέναι,
3216 4633 3329 4686 ἀλλ’
3359 4633 3458 4687 ούκ
3489 4632 3597 4685 άπὸ
3625 4633 3847 4703 χειλέων

2279 4725 2460 4793 μύκον.
2492 4723 2703 4792 Νόησον
2758 4722 2813 4776 δὲ
2867 4725 2961 4777 καὶ
3017 4726 3180 4779 πόσον
3214 4725 3444 4795 κακονή
3488 4725 3846 4796 μνησικακία,

2274 4816 2402 4868 ὅταν
2426 4816 2522 4887 τὴν
2543 4816 2751 4887 δωρεὰν
2785 4815 2878 4868 τοῦ
2914 4814 3048 4869 Θεοῦ
3086 4816 3370 4887 ἀνέτρεψε*
3400 4817 3579 4871 καίτοι
3612 4832 3676 4884 γε
3712 4817 3848 4884 άμε-

2271 4906 2555 4976 ταμέλητα
2617 4907 2686 4960 τά
2742 4906 3061 4978 χαρίσματα
3134 4907 3227 4961 τοῦ
3290 4908 3448 4977 Θεοῦ,
3498 4907 3614 4962 ἀλλ’
3698 4909 3846 4980 ὅμως

2273 4996 2680 5068 ἀνετράπησαν.

2853 5133 3082 5186 ΚΕΦΑΛ
3094 5173 3109 5186 .
3144 5131 3252 5187 ΙΘ’.

2279 5248 2415 5315 Περὶ
2463 5250 2581 5301 τῶν
2632 5248 3090 5317 ἐπερωτώντων.
3146 5251 3197 5301 εί
3245 5247 3487 5311 ἔξεστιν
3541 5247 3844 5302 ἀπολῦσαι

2347 5319 2464 5383 τὴν
2514 5320 2791 5386 γυναῖκα.
2836 5321 2974 5387 Περὶ
3013 5319 3120 5374 τοῦ
3142 5320 3635 5387 ἐπερωτήσαντος
3658 5323 3843 5373 πλου-

2346 5392 2486 5443 σίου
2516 5391 2621 5443 τὸν
2652 5390 2915 5458 Ἰησοῦν.

2355 5518 2375 5552 ‹
2411 5499 2520 5554 Καὶ
2555 5500 2771 5568 ἐγένετο
2812 5501 2901 5554 ὅτε
2930 5500 3176 5554 ἐτέλεσεν
3207 5502 3235 5555 6
3261 5500 3473 5571 Ἰησοῦς
3506 5505 3628 5563 τοὺς
3654 5502 3841 5570 λόγους

2276 5594 2523 5657 τούτους.
2554 5594 2789 5664 μετῆρεν
2824 5595 2930 5648 άπὸ
2970 5596 3069 5663 τῆς
3103 5595 3415 5658 Γαλιλαίας,
3446 5598 3538 5649 και
3574 5590 3739 5665 ἦλθεν
3766 5596 3840 5656 είς

2276 5686 2346 5738 τά
2374 5685 2498 5755 ὅρια
2553 5685 2648 5751 τῆς
2715 5683 2973 5746 Ἰουδαίας
3032 5685 3207 5754 πέραν
3263 5685 3358 5738 τοῦ
3401 5686 3708 5755 Ἰορδάνου·
3749 5687 3839 5739 καὶ

607 5777 780 5833 turba:
819 5775 1022 5846 multae,
1053 5786 1105 5833 ct
1134 5778 1343 5833 curavit
1373 5779 1600 5847 eosibi.
1639 5797 1658 5831 ι
1692 5779 1891 5834 lterum
1930 5788 2163 5835 versatur

2280 5777 2656 5848 ἠκολούθησαν
2700 5775 2847 5847 αὐτῷ
2892 5776 3039 5848 ὄλλοι
3081 5778 3303 5847 πολλοὶ,
3341 5781 3435 5835 καί
3480 5780 3839 5852 ἐθεράπευσεν

2174 5871 2264 5881 νςην.
