4078 6464
315 298 424 365 3Ξ9

938 305 1381 371 ENARRATIO
1420 311 1501 372 IN
1545 306 2047 373 EVANGELIUM
2087 307 2470 371 MATTHEI.
2495 335 2566 345 —
2590 310 2750 373 CAP.
2792 303 2955 373 XIX.

3474 313 3582 379 350

317 412 520 475 αὐτοὺς
558 414 699 468 ἐκεῖ.
742 435 760 467 ι
802 414 971 470 Πάλιν
1006 420 1076 488 τῇ
1128 418 1364 490 Ἰουδαίᾳ
1396 418 1675 489 ἐπιδημεῖ,
1708 420 1795 472 ἵνα
1826 418 1901 486 μὴ

2012 414 2061 469 ἱιι
2093 414 2300 483 Judma,
2344 428 2402 473 ιιι
2432 418 2561 473 nihil
2593 428 2889 489 prtetexere
2929 420 3137 485 possint
3184 422 3277 493 qui
3314 437 3419 478 nou
3459 439 3583 480 cre-

319 505 489 574 ἐχωσι
545 508 981 576 προφασίζεσθαι
1037 512 1088 563 οἱ
1132 512 1492 574 ἀπιστοῦντες
1546 513 1657 567 τῶν
1730 514 1788 565 ἐν
1835 512 1901 581 τῇ

320 596 584 669 Ἰουδαίᾳ,
625 599 707 651 ὅτι
762 601 837 653 Ού
902 602 1288 674 συνεχέστερον
1338 605 1470 674 ἡμῖν
1511 603 1901 675 ὲπεχωρίαζεν,

320 688 461 741 ἀλλὰ.
490 694 603 754 ταῖς
651 692 958 756 Γαλιλαίοις
979 700 993 725 δ
1029 694 1190 748 πάλιν
1214 695 1307 749 οὖν
1336 696 1474 765 μετὰ
1515 696 1615 767 τὴν
1647 697 1905 751 διδασκα-

319 778 441 832 λίαν
467 783 562 834 καὶ
596 782 656 835 τὸ
681 784 1097 855 συντελεσθῆναι
1143 788 1269 849 τοὺς
1302 788 1515 855 λόγους,
1550 787 1904 843 ἀκολουθοῦσι

319 872 394 924 τὰ
427 872 706 942 θαύματα.
741 876 838 927 Δεῖ
868 876 975 946 γὰρ
1009 878 1162 945 ἡμᾶς
1203 880 1296 932 καὶ
1323 879 1620 945 διδάσκειν,
1648 879 1785 933 ἀλλὰ
1811 879 1905 932 καὶ

320 964 635 1032 πράττειν’
676 964 793 1016 ἀλλ’
842 966 892 1017 οί
944 966 1163 1033 ἀνόητοι
1208 969 1489 1036 Φαρισαῖοι
1540 968 1609 1020 τὰ
1649 967 1905 1036 θαύματα

326 1052 558 1117 ἰδόντες,
592 1054 714 1107 δέον
748 1061 1061 1121 πιστεῦσαι,
1110 1059 1160 1111 ol
1206 1059 1264 1113 δὲ
1308 1061 1664 1132 πειράζουσιν
1694 1078 1707 1091 ’
1739 1061 1905 1115 ἄκουε

318 1146 460 1215 γάρ.

404 1257 423 1291 ι
471 1239 582 1291 Καὶ
623 1240 931 1311 προσῆλθον
987 1240 1135 1311 αύτῷ
1166 1243 1214 1295 oi
1242 1243 1525 1311 Φαρισαῖοι
1552 1244 1908 1313 πειράζοντες

318 1324 511 1397 αὑτὸν,
536 1333 630 1386 καὶ
662 1334 934 1400 λέγοντες·
973 1334 1036 1386 Εἰ
1084 1334 1294 1399 ἔξεστιν
1325 1336 1601 1408 ἀνθρώπῳ
1636 1339 1907 1392 ἀπολῦσαι

320 1423 425 1494 τὴν
456 1427 693 1491 γυναῖκα
725 1425 891 1479 αὑτοῦ
930 1426 1074 1479 κατὰ
1105 1428 1283 1480 πᾶσαν
1324 1429 1538 1495 αἰτίανς
1583 1429 1640 1483 ὐ
1665 1430 1725 1483 δὲ
1770 1431 1909 1484 ἀπο·-

320 1519 536 1587 κριθεὶς
566 1513 719 1570 εἶπεν
766 1520 972 1582 αὐτοῖς·
1025 1519 1138 1571 Οὐκ
1194 1519 1464 1588 ἀνέγνωτε
1500 1521 1581 1574 ὅτι
1610 1521 1639 1573 6
1675 1523 1909 1593 ποιήσας

320 1613 422 1666 ἀπ’
451 1612 647 1682 ἀρχῆς,
678 1612 845 1681 ἄρσεν
887 1612 983 1664 καὶ
1040 1610 1174 1683 θῆλυ
1216 1613 1470 1683 ἐποίησεν
1505 1612 1751 1680 αὑτούςς
1811 1613 1908 1668 καὶ

322 1698 522 1755 εἶπεν·
586 1702 815 1756 Ἕνεκεν
866 1701 1058 1756 τούτου
1108 1702 1433 1772 καταλείψει
1482 1702 1768 1773 ἄνθρωπος
1814 1703 1907 1757 τὸν

323 1795 546 1862 πατέρα
586 1795 751 1848 αὑτοῦ
806 1795 901 1847 καὶ
954 1795 1054 1865 τὴν
1087 1796 1321 1866 μητέρα,
1361 1796 1457 1848 καὶ
1488 1796 1901 1868 προσκολληθήο
1931 1772 1981 1832 Β

323 1892 482 1940 σεται
505 1890 569 1957 τῇ
593 1887 816 1955 γυναικὶ
839 1885 1027 1951 αὑτοῦ,
1052 1887 1146 1940 καὶ
1175 1886 1389 1940 ἔσονται
1408 1887 1458 1940 ol
1491 1886 1587 1940 δύο
1614 1889 1694 1952 είς
1726 1889 1905 1959 σάρκα

327 1978 480 2049 μίαν.
539 1978 701 2030 Ὥστε
738 1978 840 2031 οὐκ
881 1977 962 2032 ἔτι
1000 1978 1107 2030 eici.
1148 1976 1261 2044 δύο,
1315 1978 1451 2032 ἀλλὰ
1491 1980 1627 2050 σὰρξ
1683 1979 1801 2050 μία.
1840 1982 1904 2035 Ὃ

322 2066 419 2124 οὖν
460 2071 488 2123 6
526 2069 657 2133 Θεὸς
688 2068 1029 2134 συνέζευξεν,
1078 2069 1368 2141 ἄνθρωπος
1409 2071 1483 2141 μὴ
1534 2071 1838 2143 χωριζέτω.
1873 2090 1892 2125 ι

325 2152 391 2215 Ὠ
437 2164 537 2232 τῆς
571 2162 788 2225 ἀνοίαςί
822 2161 991 2234 ᾤοντο
1029 2163 1406 2232 ὲπιστομίσειν
1432 2164 1519 2217 διὰ
1553 2164 1661 2217 τῶν
1689 2168 1904 2237 ἐρωτη-

332 2256 522 2325 μάτων
558 2255 650 2309 τὸν
698 2255 956 2327 Χριστόνο
994 2255 1089 2310 ἐὰν
1116 2256 1225 2326 γὰρ
1276 2252 1407 2327 εἴπῃ
1434 2256 1514 2309 ὃτι
1551 2256 1733 2324 ἔξεστι
1763 2258 1905 2313 κατὰ

323 2349 509 2400 πᾶσαν
542 2348 727 2401 αἰτίαν
758 2346 1017 2400 ἀπολύειν
1063 2347 1162 2417 τὴν
1216 2350 1474 2415 γυναῖκα,
1510 2347 1699 2414 ἕξουσι
1724 2349 1906 2416 λέγειν

322 2439 494 2510 αὐτῷ·
530 2439 652 2503 Πῶς
682 2434 774 2493 οὖν
816 2435 1000 2507 εἶπας,
1037 2440 1119 2493 ὅτι
1143 2441 1234 2508 Μὴ
1271 2440 1556 2494 ἀπολυέτω
1598 2458 1685 2503 τις
1733 2444 1782 2496 εί
1831 2444 1906 2513 μὴ

323 2534 426 2603 τὴν
467 2533 752 2604 μοιχαλίδα
805 2532 989 2604 μόνον’
1031 2535 1079 2587 εί
1134 2533 1189 2587 δὲ
1243 2534 1375 2608 εἴπῃ
1420 2535 1504 2588 ὅτι
1549 2535 1650 2589 οὐκ
1695 2536 1906 2602 ἔξεστιν

328 2624 594 2678 ἀπολύειν
640 2625 741 2694 τὴν
782 2628 1038 2693 γυναῖκα,
1065 2625 1418 2681 διαδαλοῦσιν
1448 2627 1612 2681 αὑτὸν
1642 2628 1717 2691 ὡς
1746 2632 1901 2682 ἀντι-

325 2715 728 2787 ιιομοθετοῦντα
783 2715 862 2788 τῷ
907 2718 1117 2776 Menesi.
1162 2721 1403 2784 Ἐκεῖνος
1457 2720 1568 2792 γὰρ
1620 2721 1907 2775 ἐκέλευσεν

323 2810 614 2863 ἐκϐάλλειν
644 2809 743 2882 τὴν
769 2810 1115 2880 μισηθεῖσαν,
1138 2814 1232 2865 καὶ
1256 2813 1425 2883 χωρὶς
1455 2812 1681 2880 εὐλόγου
1704 2813 1907 2877 αἰτίας.

327 2898 396 2950 Τί
432 2896 526 2951 οὖν
546 2901 575 2951 6
599 2898 833 2966 Χριστός
854 2916 873 2965 ;
899 2900 1182 2953 Δείκνυσιν
1211 2902 1293 2954 ὅτι
1316 2902 1409 2955 τοῦ
1437 2902 1744 2966 πλάσαντος
1763 2905 1911 2974 ἡμᾶς

324 2987 385 3053 ἐξ
419 2989 594 3060 ἀρχῆς
636 2990 796 3061 ἔργον
837 2990 955 3043 ἐστὶ
1001 2990 1099 3043 καὶ
1144 2991 1431 3062 νομοθεσία
1496 2994 1529 3063 ή
1580 2993 1910 3063 μονογαμία.

336 3074 432 3181 ἰεξ
482 3082 664 3154 ἀρχῆς
701 3084 832 3153 γὰρ,
866 3083 1054 3154 φησιν,
1086 3084 1179 3137 ἕνα
1214 3084 1532 3149 συνέζευξεν
1560 3086 1589 3137 6
1620 3085 1753 3149 Θεὸς
1789 3088 1909 3156 μιᾷ⁶
1939 3122 1983 3181 C

319 3170 471 3225 ὥστε
529 3173 591 3224 οὐ
635 3173 716 3225 δεῖ
765 3174 862 3227 ἕνα
892 3174 1063 3245 ἄνδρα
1115 3174 1336 3239 πολλαῖς
1370 3177 1762 3236 συνάπτεσθαι.
1794 3178 1915 3231 οὐδὲ

320 3263 456 3333 μίαν
476 3260 710 3326 πολλοῖς·
736 3260 851 3317 ἀλλ’
872 3264 945 3328 ὡς
974 3263 1035 3328 ἐξ
1060 3265 1235 3334 ἀρχῆς
1268 3264 1663 3337 συνεξύγησαν,
1707 3269 1912 3335 μένειν,

325 3356 410 3424 μὴ
462 3354 805 3419 διασπῶντας
833 3356 931 3423 τὴν
968 3356 1279 3427 συνοίκησιν
1301 3360 1531 3427 ἀλόγως·
1563 3362 1663 3413 οὐκ
1686 3358 1807 3414 εἷπε
1831 3362 1909 3425 δὲ,

316 3446 407 3500 ὅτι
444 3445 586 3513 Ἐγὼ
623 3449 856 3517 ἐποίησα
889 3448 1054 3519 ἄρσεν
1081 3452 1176 3503 καὶ
1206 3451 1364 3521 θῆλυ,
1393 3452 1478 3505 ῖνα
1507 3453 1581 3525 μὴ
1607 3454 1786 3528 πλήξῃ
1823 3458 1915 3511 αἰ-

317 3540 474 3605 τοὺς,
509 3538 626 3594 ἀλλ’
659 3539 950 3612 ἀορίστως,
997 3544 1025 3598 6
1066 3544 1317 3615 ποιήσας.
1355 3542 1543 3612 Οὕτως
1585 3544 1699 3613 οὖν,
1755 3551 1909 3620 φησι,

319 3634 797 3705 περισπούδαστόν
827 3636 943 3689 ἐστι
976 3638 1050 3708 τῷ
1078 3637 1196 3707 Θεῴ
1231 3639 1291 3692 τὸ
1334 3640 1433 3708 τῆς
1464 3641 1726 3709 συζυγίας
1765 3646 1909 3711 ἀγα-

319 3714 440 3789 θὸν,
492 3724 633 3779 ὥστε
668 3727 766 3779 καὶ
789 3728 917 3789 τοὺς
946 3731 1124 3796 γονεῖς
1150 3730 1528 3800 συνεχώρησεν
1555 3731 1790 3799 ἀφιέναι.
1821 3732 1914 3785 καὶ

318 3816 624 3871 κολλᾶσθαι
672 3820 787 3882 τοῖς
829 3819 1103 3890 ἀνδράσιν.
1146 3821 1267 3884 Πῶς
1294 3821 1351 3874 δὲ
1384 3824 1441 3874 ὲν
1470 3824 1567 3892 μὲν
1592 3826 1656 3894 τῇ
1691 3823 1914 3876 Γενέσει

320 3906 641 3977 γέγραπται
668 3909 750 3962 ὅτι
780 3909 809 3961 6
839 3908 1015 3979 ’Λδὰμ
1049 3905 1169 3963 εἷπε
1204 3912 1286 3979 τὸ,
1340 3912 1486 3965 ’Λντὶ
1519 3912 1710 3966 τούτου
1746 3930 1915 3967 κατα-

316 3998 500 4067 λείψει
528 4000 811 4070 ἄνθρωπος
838 3996 930 4055 τὸν
961 4003 1175 4073 πατέρα
1206 4002 1374 4057 αὐτοῦ
1404 4004 1503 4057 καὶ
1537 4005 1638 4075 τὴν
1678 4007 1912 4076 μητέρα,

316 4088 558 4143 ινταῦοα
583 4091 640 4144 δέ
670 4109 835 4161 φησιν
862 4096 890 4147 6
913 4095 1147 4165 Χριστὸς
1178 4095 1259 4149 ὅτι
1284 4097 1314 4151 6
1342 4094 1477 4159 Θεὸς
1493 4090 1908 4152 εἶπενιἝνεκεν

316 4183 517 4237 τούτου
540 4184 881 4254 καταλείψει,
909 4187 1002 4239 καὶ
1032 4189 1103 4241 τὰ
1124 4186 1289 4253 ὲξῆςς
1328 4189 1578 4261 Λέγομεν
1597 4186 1687 4245 οὖν
1712 4192 1793 4245 ὅτι
1817 4197 1913 4245 καὶ

316 4273 350 4326 ὃ
377 4269 532 4327 εἶπεν
576 4277 605 4328 6
643 4274 838 4347 Ἀδὰμ,
868 4278 932 4330 ὲκ
959 4277 1095 4331 Θεοῦ
1132 4275 1284 4333 εἶπεν
1312 4296 1325 4309 ·
1354 4280 1497 4336 ὥστε
1535 4283 1564 4336 6
1602 4283 1698 4336 τοῦ
1742 4283 1911 4352 ’Λδὰμ

318 4364 480 4432 λόγος
528 4365 624 4419 τοῦ
677 4367 812 4421 Θεοῦ
848 4370 1016 4424 ἐστιν.
1064 4372 1220 4424 Ἐπεὶ
1250 4373 1432 4427 τοίνυν
1468 4374 1567 4445 μία
1608 4375 1750 4445 σὰρξ
1780 4378 1904 4445 ὲγέ-

2008 509 2210 564 debant
2245 510 2295 563 in
2330 508 2537 579 Jndma,
2570 511 2710 580 quod
2741 527 2847 566 non
2893 511 3228 582 frequentius
3261 520 3402 585 apud
3437 516 3584 584 ipsos

2006 611 2338 669 versaretur,
2373 602 2468 658 sed
2507 605 2647 674 apud
2694 602 2962 662 Galilaeos.
3012 606 3211 662 lterum
3261 609 3427 678 igitttr
3458 619 3583 679 post

2008 694 2337 755 doctrinam.
2365 704 2419 749 et
2456 694 2849 749 consummatis
2892 698 3235 752 sermonibus
3278 709 3580 768 sequuntur

2011 786 2292 842 miracula.
2329 785 2552 856 Oportet
2595 787 2738 840 enim
2780 801 2876 840 nos
2900 796 2953 841 et
2989 787 3185 842 docere
3242 799 3296 844 et
3322 790 3576 859 operari:

2008 888 2061 931 at
2090 880 2404 947 insipientes
2427 879 2502 933 illi
2523 877 2780 932 Pharisaei
2813 892 2934 932 cum
2958 881 3089 935 visis
3123 883 3398 938 miraculis
3420 896 3580 952 opor-

2009 972 2158 1024 tebat
2178 973 2423 1037 credere,
2453 980 2682 1027 tentant.
2714 971 2853 1025 Audi
2884 972 3049 1030 enim.

2078 1235 2245 1294 Vens.
2306 1235 2429 1291 5-6.
2476 1252 2496 1289 t
2555 1238 2625 1292 Et
2660 1248 3005 1295 accesserunt
3048 1242 3114 1295 ad
3156 1253 3276 1293 eum
3323 1239 3581 1294 Pharisaei

2011 1340 2283 1386 tentantes
2308 1331 2480 1392 illum.
2511 1339 2565 1386 et
2589 1331 2873 1387 dicentes:
2909 1333 3129 1387 Licetne
3172 1333 3372 1387 homini
3398 1333 3585 1386 divor-

2013 1424 2147 1479 tium
2186 1421 2371 1479 facere
2392 1438 2514 1477 cum
2558 1439 2728 1477 uxore
2749 1441 2847 1480 sua
2876 1426 3115 1493 qualibet
3141 1440 3207 1479 ex
3248 1425 3452 1479 causa?
3483 1424 3583 1491 Qui

2008 1518 2341 1586 respOudens
2367 1516 2559 1581 aitcis,
2586 1518 2667 1571 Au
2694 1533 2797 1570 non
2831 1518 3042 1586 legistis
3061 1516 3202 1585 quod
3231 1518 3275 1570 is
3316 1516 3407 1585 qui
3453 1516 3580 1570 fecit

2009 1605 2078 1661 ab
2113 1606 2284 1672 initio,
2320 1607 2618 1662 masculum
2651 1613 2706 1660 et
2737 1608 2991 1660 feminam
3023 1605 3152 1661 fecit
3185 1606 3316 1660 eos?
3346 1616 3400 1659 et
3426 1605 3583 1667 dixit,

2010 1698 2299 1768 Propterea
2323 1699 2535 1755 deseret
2561 1700 2723 1753 homo
2746 1708 2951 1767 patrem
2977 1713 3134 1753 suum
3172 1710 3226 1754 et
3253 1708 3501 1763 matrem,
3530 1708 3585 1753 et

2010 1793 2431 1863 adglutinabitur
2455 1793 2609 1848 uxori
2637 1807 2767 1859 sum,
2797 1802 2852 1848 et
2877 1803 3040 1848 erunt
3074 1794 3248 1847 duoin
3273 1807 3580 1846 carneuun.

2008 1885 2198 1955 Itaque
2242 1886 2354 1953 jam
2387 1900 2490 1939 non
2520 1891 2645 1939 sunt
2667 1886 2794 1948 duo,
2821 1884 2914 1940 sed
2958 1900 3064 1938 una
3100 1899 3249 1938 caro.
3277 1883 3429 1949 Quod
3455 1898 3586 1953 ergo

2009 1978 2152 2033 Deus
2172 1976 2465 2047 copulavit,
2486 1978 2645 2031 homo
2673 1990 2779 2031 non
2800 1984 3033 2045 separet.
3069 1994 3088 2028 ι
3117 1972 3161 2030 0
3184 1973 3580 2045 insipientiam!

2005 2070 2368 2140 opinabantur
2394 2068 2785 2139 quaestionibus
2807 2068 2920 2122 suis
2942 2067 3217 2122 Christum
3247 2082 3308 2122 se
3330 2063 3580 2131 confuta-

2009 2173 2192 2218 turos:
2229 2178 2355 2217 nam
2391 2163 2437 2218 si
2465 2162 2697 2217 dixisset
2746 2160 2913 2216 licere
2964 2175 3289 2230 quacunque
3323 2162 3386 2215 de
3412 2173 3582 2213 causa

2007 2256 2280 2310 dimittere
2314 2270 2564 2317 uxorem,
2598 2254 2908 2325 potuissent
2935 2253 3009 2307 illi
3046 2254 3264 2307 dicere:
3304 2250 3585 2317 Quomodo

2007 2348 2171 2416 igitur
2198 2346 2404 2410 dixisti,
2444 2344 2523 2400 Ne
2568 2347 2692 2413 quis
2727 2344 2981 2405 dimittat,
3017 2344 3116 2397 nisi
3155 2342 3453 2395 adulteram
3490 2355 3582 2393 so-

2008 2441 2111 2493 lam
2132 2439 2156 2492 ?
2178 2439 2232 2491 Si
2252 2447 2436 2492 autem
2460 2438 2687 2491 dixisset
2716 2451 2821 2489 non
2857 2436 3016 2489 licere
3034 2435 3307 2489 dimittere
3338 2447 3585 2495 llXUl't'm,

2008 2530 2318 2598 arguisseut
2339 2544 2462 2584 eum
2505 2538 2561 2581 ut
2592 2528 2960 2582 adversarium
2995 2526 3153 2579 Mosi.
3184 2525 3278 2579 Ille
3309 2529 3448 2578 enim
3468 2524 3590 2593 jus-

2010 2626 2080 2681 sit
2111 2635 2168 2679 ut
2197 2624 2569 2678 dimitteretur
2593 2622 2718 2677 odio
2749 2622 2931 2674 habita
2961 2619 3028 2681 ³⁰.
3066 2630 3119 2673 et
3162 2621 3373 2687 absque
3410 2618 3579 2671 nrdut

2009 2726 2062 2772 et
2084 2714 2390 2769 rationabili
2426 2729 2615 2767 causa.
2650 2712 2787 2779 Quid
2821 2712 2986 2783 igitur
3012 2711 3302 2765 Christus?
3340 2708 3591 2763 Ostendit

2012 2823 2147 2877 opus
2176 2819 2229 2862 et
2263 2806 2661 2877 legislationem
2690 2804 2809 2875 ejus
2838 2805 2926 2872 qui
2960 2822 3055 2857 nos
3105 2820 3133 2856 a
3182 2803 3445 2871 principio
3475 2802 3589 2856 fur-

2014 2900 2203 2962 tnavit,
2254 2912 2376 2953 esse
2420 2899 2843 2967 monogamiam.
2887 2897 2970 2950 Ab
3023 2896 3179 2949 initio
3221 2897 3366 2948 enim
3422 2909 3587 2947 tttntttt

2013 2991 2299 3060 conjunxit
2348 2990 2490 3045 Deus
2532 2993 2661 3044 uni:
2696 3000 2859 3058 atque
2894 2990 2968 3042 ita
3026 3003 3131 3042 non
3178 2994 3393 3053 oportet
3424 3002 3589 3039 unum

2015 3087 2191 3140 virum
2215 3084 2473 3154 conjungi
2523 3084 2708 3137 multis
2743 3082 3078 3145 mulieribus,
3108 3098 3281 3149 neque
3309 3080 3590 3135 mulierem

2023 3193 2184 3232 uuam
2216 3177 2347 3231 viris
2365 3176 2580 3230 multis":
2619 3178 2713 3229 sed
2750 3190 2846 3230 eos
2870 3175 3007 3228 sicut
3038 3175 3104 3227 ab
3138 3174 3291 3226 initio
3315 3170 3591 3240 conjuncti

2021 3269 2261 3333 fuerunt,
2312 3282 2553 3333 manere,
2594 3283 2767 3337 neque
2806 3268 3008 3334 absque
3032 3280 3194 3319 causa
3235 3264 3595 3318 coltubitatio-

2022 3377 2144 3416 nem
2187 3361 2466 3416 divellere.
2499 3358 2614 3413 Non
2640 3361 2768 3413 dicit
2795 3369 2995 3421 autem,
3028 3357 3139 3423 Ego
3157 3356 3259 3411 feci
3294 3356 3595 3410 nmsculunt

2019 3462 2075 3510 et
2106 3453 2358 3509 fetuinam
2382 3494 2397 3519 ,
2456 3451 2615 3523 100
2652 3468 2718 3507 ne
2755 3452 2874 3522 plus
2899 3465 2993 3504 eos
3033 3459 3351 3519 exasperet;
3386 3448 3503 3513 sed,
3543 3447 3592 3501 ls

2021 3548 2111 3617 qui
2150 3547 2305 3607 fecit,
2358 3547 2657 3600 indeiiuite.
2685 3545 2859 3613 Atjue
2894 3545 2966 3598 ita
2994 3544 3125 3598 dicit
3162 3544 3396 3595 maxime
3448 3555 3596 3594 cura:

2022 3639 2186 3693 fuisse
2224 3636 2331 3690 Deo
2361 3635 2594 3705 coujugii
2645 3636 2868 3698 bonum,
2919 3644 2976 3687 ut
3060 3634 3369 3704 permiserit
3425 3633 3596 3686 etiam

2019 3740 2274 3800 parentes
2310 3728 2538 3793 dimitti,
2567 3738 2623 3780 et
2677 3728 2810 3780 viris
2844 3727 3145 3779 adhaerere.
3183 3723 3465 3790 Quomodo
3493 3737 3595 3775 au-

2019 3832 2125 3875 tem
2162 3821 2214 3875 in
2247 3819 2445 3875 Genesi
2475 3820 2732 3889 scriptmu
2759 3829 2842 3873 est
2868 3834 2881 3870 :
2922 3819 3090 3872 Adam
3119 3818 3275 3881 dixit,
3300 3815 3594 3883 Propterea

2017 3916 2231 3970 deseret
2276 3915 2436 3969 homo
2499 3917 2707 3982 patrem
2762 3926 2919 3965 suum
2972 3921 3027 3965 et
3065 3920 3291 3963 matrem
3351 3908 3441 3974 ἰς
3506 3906 3596 3960 hic

2016 4018 2195 4066 autem
2226 4008 2357 4063 dicit
2384 4005 2673 4061 Christus:
2705 4004 2841 4058 Deus
2862 4003 3020 4068 dixit,
3046 4000 3591 4070 Pr0ptereazdeseret,

2017 4115 2082 4155 ac
2104 4100 2346 4154 etetera?
2399 4090 2642 4153 Dicimus
2679 4096 2844 4167 igitur
2886 4095 3031 4162 quod
3064 4101 3117 4146 et
3151 4093 3200 4146 id
3230 4091 3374 4162 quod
3424 4090 3592 4143 Adam

2014 4193 2251 4260 dixit,ex
2278 4189 2386 4248 Deo
2406 4190 2563 4254 dixit,
2584 4197 2748 4257 atque
2774 4189 2845 4242 ita
2868 4200 3046 4240 sermo
3061 4184 3190 4238 Adae
3230 4183 3319 4236 Dei
3358 4190 3463 4236 est.
3489 4179 3597 4250 lgi«

2017 4297 2101 4341 tur
2127 4287 2251 4355 quia
2276 4300 2380 4340 una
2409 4298 2536 4339 caro
2557 4282 2682 4335 lacti
2714 4290 2860 4343 sunt,
2879 4288 2933 4333 et
2955 4286 3171 4347 propter
3198 4275 3400 4329 coitum
3426 4281 3480 4329 et
3502 4290 3598 4328 tta--

2017 4384 2069 4428 tu
2080 4374 2245 4427 ralem
2265 4387 2502 4427 amorem
2531 4372 2866 4426 cohaerentes
2888 4386 2901 4422 :
2923 4368 3062 4422 sicut
3081 4367 3303 4435 impium
3329 4374 3411 4419 est
3437 4378 3593 4418 ceam

317 4473 497 4523 νοντο,
560 4457 658 4512 καὶ
703 4457 791 4514 διὰ
819 4459 917 4530 τὴν
944 4461 1091 4530 μίξιν
1140 4463 1235 4517 καὶ
1270 4464 1365 4533 τὴν
1393 4467 1631 4538 φυσικὴν
1661 4470 1896 4537 στομγὴν

2012 4479 2219 4522 :aruem
2249 4463 2511 4527 dividere,
2548 4464 2616 4516 ita
2650 4470 2703 4516 et
2731 4459 2985 4530 conjuges
3010 4459 3285 4513 divellere.
3317 4456 3431 4511 Non
3460 4456 3595 4509 dixit

319 4550 675 4621 κολλώμενοι,
710 4551 901 4626 ὥσπερ
932 4555 1126 4623 ὲναγές
1163 4555 1281 4609 ἐστι
1310 4557 1370 4610 τὸ
1396 4557 1495 4628 τὴν
1524 4560 1732 4612 οἰκείαν
1764 4560 1898 4630 σάρ-

320 4660 395 4699 κα
417 4644 659 4714 τέμνειν,
686 4645 830 4699 οὕτω
849 4648 943 4699 καὶ
972 4647 1032 4698 τὸ
1057 4647 1294 4719 διασπᾷν
1320 4650 1446 4717 τοὺς
1476 4647 1763 4717 συζύγους⁶
1799 4652 1899 4704 οὐκ

321 4734 445 4791 εἷπε
479 4737 558 4799 δι,
597 4738 690 4808 Μὴ
720 4740 998 4809 χωριζέτω
1039 4741 1270 4811 Μωσῆς,
1298 4740 1387 4794 ἴνα
1428 4742 1505 4811 μὴ
1560 4743 1777 4816 ταράξῃ
1803 4744 1902 4797 αύ-

318 4829 470 4891 τοῦς,
508 4828 649 4894 ἀλλ’,
696 4830 982 4900 ἄνθρωπος
1005 4832 1221 4896 ἁπλῶς,
1249 4831 1509 4888 δεικνύων
1528 4834 1588 4887 τὸ
1612 4835 1777 4905 μέσον
1805 4834 1900 4888 τοῦ

322 4920 687 4986 συζεύξαντος
714 4922 849 4975 Θεοῦ
876 4925 970 4975 καὶ
995 4923 1092 4977 τοῦ
1138 4924 1449 4989 διαλύοντος
1479 4925 1795 4996 ἀνθρώπου.

397 5030 417 5061 ι
441 5014 710 5079 Λέγουσιν
735 5013 908 5083 αὐτῷ,
935 5015 1002 5068 Τί
1029 5012 1124 5069 οὖν
1152 5017 1360 5086 Μωσῆς
1391 5018 1695 5072 ἐνετείλατο
1718 5017 1902 5071 δοῦναι

321 5103 528 5173 βιϐλίον
549 5107 910 5171 ἀποστασίου,
941 5109 1035 5162 καὶ
1062 5110 1334 5164 ἀπολῦσαι
1361 5111 1531 5182 αύτήν
1555 5129 1572 5179 ;
1598 5112 1761 5179 Λέγει
1797 5112 1902 5163 αύ-

318 5200 459 5260 τοῖς,
512 5198 597 5251 ὅτι
652 5199 860 5269 Μωσῆς
907 5200 1045 5272 πρὸς
1098 5204 1199 5274 τὴν
1256 5204 1698 5275 σκληροκαρδίαν
1745 5203 1902 5275 ὑμῶν

322 5291 625 5362 ἐπέτρεψεν
671 5294 803 5363 ὑμῖν
854 5295 1126 5351 ἀπολῦσαι
1167 5297 1268 5360 τὰς
1296 5301 1567 5366 γυναῖκας
1594 5298 1771 5367 ὑμῶν,
1805 5298 1902 5350 ἀπ’

321 5384 497 5455 ἀρχῆς
528 5384 585 5438 δὲ
613 5385 676 5438 οὐ
712 5386 933 5456 γέγονεν
956 5388 1148 5452 οὕτως.
1185 5389 1346 5458 Λέγω
1383 5391 1439 5444 δὲ
1477 5392 1604 5460 ύμῖν
1634 5391 1715 5444 ὅτι
1742 5389 1797 5454 6;
1831 5388 1899 5444 ἂν

395 5568 439 5599 ³⁸
473 5568 629 5622 Deut.
662 5583 811 5637 XXIV,
838 5571 892 5625 3.
1001 5572 1043 5605 ³¹
1078 5570 1212 5624 Gen.
1240 5588 1301 5634 tt,
1341 5572 1433 5626 24.

402 5748 484 5822 (α)
520 5749 663 5808 Edit.
693 5751 815 5809 Lut.
844 5754 1051 5823 omisit,
1082 5763 1133 5810 et
1170 5765 1421 5810 matrem.

2005 4571 2209 4621 autem,
2231 4556 2310 4613 Ne
2339 4565 2556 4627 separet
2574 4543 2769 4620 Moses,
2795 4570 2860 4609 ne
2888 4555 3125 4608 turbaret
3142 4552 3408 4617 illos,sed,
3435 4550 3598 4603 hmno

2014 4650 2364 4721 simpliciter:
2398 4630 2689 4703 ostendens
2713 4656 2975 4716 quantum
3008 4646 3221 4701 intersit
3244 4644 3385 4697 inter
3425 4639 3593 4695 Deum

2012 4742 2520 4811 conjungentem,et
2550 4737 2827 4793 hominem
2862 4737 3177 4791 solventem.

2081 5010 2246 5072 Vens.
2273 5016 2386 5072 7-9.
2425 5034 2444 5068 ι
2480 5014 2674 5069 Dicunt
2710 5012 2805 5079 illi,
2842 5010 2953 5067 Cur
3010 5009 3170 5079 igitur
3209 5005 3384 5062 Moses
3434 5002 3597 5074 jussit

2011 5112 2143 5166 dare
2169 5110 2409 5164 libellum
2447 5109 2681 5178 repudii,
2717 5116 2771 5161 et
2805 5088 3081 5159 dimittere
3134 5102 3288 5156 eam?
3334 5101 3423 5152 Ait
3466 5098 3591 5160 illis.

2013 5206 2195 5259 Moses
2219 5203 2288 5257 ad
2325 5201 2583 5256 duritiam
2604 5198 2784 5254 cordis
2822 5194 2989 5252 vestri
3033 5193 3282 5264 permisit
3312 5194 3464 5248 vobis
3505 5204 3595 5244 ret

2011 5297 2237 5369 pudiare
2270 5308 2465 5349 uxores
2502 5303 2733 5355 vestras,
2764 5299 3020 5345 caeterum
3048 5287 3116 5341 ab
3151 5285 3304 5340 initio
3339 5300 3449 5339 non
3491 5283 3592 5337 fuit

2011 5388 2115 5444 sic.
2144 5385 2272 5441 Dico
2298 5394 2477 5440 autem
2510 5383 2684 5446 vobis,
2712 5381 2854 5453 quod
2885 5380 3193 5454 quicunque
3223 5370 3590 5449 repudiaverit
