4078 6464
552 291 656 358 31-1

1397 277 1975 347 THEUPHYLACTI
2022 280 2435 343 BULGARU’.
2479 280 2834 341 ARClIlEP.

3718 276 3818 341 352

554 420 783 462 uxorem
814 414 991 470 suam,
1022 400 1124 457 nisi
1151 400 1218 456 ob
1252 409 1521 469 stuprum.
1550 409 1604 452 ct
1631 399 1788 452 aliam
1821 397 2056 461 duxerit,
2086 398 2130 448 is

2257 392 2486 465 ὶπολύσῃ
2537 394 2638 461 τὴν
2696 394 2933 461 γυναῖκα
2979 389 3145 444 αὑτοῦ
3194 389 3272 461 μὴ
3324 387 3429 441 ἐπὶ
3464 387 3717 459 πορνείᾳ,
3743 392 3828 444 καὶ

552 497 842 555 coiumittit
864 494 1207 550 adulterium.
1240 492 1303 547 Et
1332 492 1423 561 qui
1456 493 1787 560 repudiatam
1820 489 2052 553 duxerit,
2082 488 2127 540 is

496 610 497 613 η
553 588 877 645 adulterium
946 585 1260 640 committit.
1308 601 1328 636 ι
1368 582 1503 638 Cum
1563 582 1829 635 vidissent
1875 580 2126 634 Phariszei

556 683 697 750 quoi!
722 680 977 734 Dominus
1001 680 1146 747 ipsos
1162 678 1516 738 conl’utasset,
1540 676 1709 729 coacti
1739 674 1955 728 fuerunt
1986 682 2130 739 post-

558 789 621 826 ea
655 773 704 824 iu
736 769 970 824 undium
1016 767 1210 822 aﬂ'erre
1244 766 1428 820 Mosen
1476 764 1936 819 contradicentcm
1980 761 2134 815 Chri-

561 880 588 919 s
615 881 677 918 οε
704 870 758 917 et
777 863 984 922 dicunt,
1006 859 1286 925 Quomodo
1314 859 1472 927 igitur
1497 856 1670 911 Moses
1699 855 1968 910 mandavit
2006 855 2134 907 dare

561 957 761 1011 librum
793 954 1021 1022 repudii,
1054 962 1109 1006 et
1153 949 1464 1004 dimittere?
1508 950 1674 1019 Igitur
1723 948 1981 1003 Dominus
2018 962 2135 1000 rer-

566 1059 684 1100 teus
735 1061 950 1101 Omnem
998 1043 1399 1099 accusationem
1451 1042 1508 1095 in
1565 1042 1777 1096 illorum
1821 1050 2003 1109 caput,
2037 1055 2135 1109 pro

564 1137 712 1191 Mose
742 1135 1029 1206 l‘t‘SpOlldcl
1061 1151 1125 1190 ac
1156 1135 1317 1190 dicit:
1360 1132 1477 1188 Non
1512 1134 1783 1187 contraria
1823 1132 1930 1186 Deo
1962 1131 2135 1186 Moses

564 1229 869 1292 c0ustituit,
901 1227 996 1282 sed
1024 1227 1089 1279 ad
1113 1236 1347 1279 vestram
1372 1225 1629 1279 duritiam
1672 1223 1774 1278 hoc
1816 1223 2133 1293 pronuntia-

563 1322 680 1374 vit:
728 1334 793 1373 ne
827 1328 1046 1388 propter
1073 1316 1540 1386 intemperantiam
1577 1315 1816 1368 volentes
1849 1314 1971 1369 aliis
2001 1329 2135 1369 con-

560 1411 733 1479 jungi,
763 1409 1082 1464 OCClllel'L'llS
1116 1411 1320 1478 primas
1367 1421 1585 1460 uxores.
1624 1403 1757 1458 Nam
1801 1420 1923 1459 cum
1955 1413 2140 1459 essent

566 1502 868 1561 inhumani,
895 1501 1223 1556 occidissent
1253 1513 1470 1563 uxores,
1494 1498 1536 1551 si
1569 1500 1739 1552 coacti
1771 1497 1998 1552 fuissent
2025 1513 2141 1552 ser-

567 1607 697 1648 vare
728 1594 879 1648 illas:
912 1608 1054 1646 nunc
1085 1605 1265 1646 autem
1303 1592 1538 1646 libellum
1571 1591 1790 1646 divortii
1823 1590 1988 1661 jussit
2024 1590 2138 1644 dari

571 1687 655 1741 his
689 1702 808 1754 quae
855 1702 885 1740 a
935 1687 1068 1741 viris
1113 1686 1238 1740 odio
1273 1686 1633 1741 habebantur.
1671 1685 1782 1754 Ego
1808 1696 1989 1739 autem
2020 1685 2141 1739 dico

2237 487 2465 558 γαμήσῃ
2484 485 2670 557 ἄλλην,
2708 486 2986 557 μοιχᾶται.
3012 484 3120 538 Καὶ
3145 485 3173 537 6
3199 480 3636 551 ἀπολελυμένην
3656 485 3830 553 γαμή-

2239 597 2359 642 σας,
2397 580 2677 650 μοιχᾶται.
2714 600 2732 632 ι
2770 580 2834 632 Οί
2854 577 3137 648 Φαρισαῖοι
3182 575 3397 635 ἰδόντες
3428 572 3515 624 ὅτι
3568 573 3598 623 6
3638 573 3831 640 Κύριος

2239 670 2604 740 ἐπεστόμισεν
2639 670 2861 734 αὐτοὺς,
2903 665 3338 736 ἡναγκάσθησαν
3390 660 3606 726 λοιπὸν,
3640 664 3732 714 καὶ
3758 664 3831 726 είς

2243 763 2409 834 μέσον
2465 764 2660 831 ἄγουσι
2706 762 2798 816 τὸν
2859 759 3104 827 Μωῡσῆν
3163 753 3716 825 ἀντινομοθετοῦντα
3755 757 3828 834 τῷ

2241 832 2461 923 Χριστῷ
2489 894 2503 917 ,
2542 852 2636 907 καί
2688 868 2844 921 φασι·
2882 852 3007 914 Πῶς
3031 846 3125 903 οὖν
3157 847 3373 911 Μωσῆς
3407 843 3717 895 ἐνετείλατο
3751 832 3827 912 βι-

2241 944 2389 998 ϐλίον
2428 943 2760 998 ἀποστασίου
2815 942 3026 1003 δοῦναι,
3091 939 3187 992 καὶ
3253 934 3577 999 ἀπολύειν;
3630 932 3687 985 '0
3742 928 3827 986 οὖν

2243 1037 2449 1107 Κύριος
2476 1036 2826 1107 περιτρέπων
2866 1034 2928 1087 τὸ
2951 1034 3058 1086 πᾶν
3088 1034 3187 1102 τῆς
3221 1026 3585 1098 κατηγορίας
3617 1026 3697 1087 εἰς
3737 1025 3828 1094 τὴν

2245 1132 2471 1185 ἐκείνων
2507 1129 2787 1199 κεφαλὴν,
2842 1127 2982 1198 ὑπὲρ
3032 1124 3280 1186 Μωσέως
3323 1119 3714 1188 ἀπολογεῖται,
3748 1118 3832 1171 καί

2246 1239 2437 1292 φησιν·
2473 1222 2589 1275 Οὐκ
2634 1220 2855 1274 ἐναντία
2889 1217 2967 1288 τῷ
3021 1215 3141 1287 Θεῷ
3191 1216 3220 1268 6
3278 1214 3503 1281 Μωσῆς
3538 1210 3835 1279 νομοθετῶν

2249 1313 2405 1368 τοῦτό
2457 1331 2646 1386 φησιν,
2682 1312 2819 1368 ἀλλὰ
2863 1310 3000 1384 πρὸς
3050 1309 3148 1378 τὴν
3200 1305 3497 1377 ὑμετέροιν
3543 1302 3833 1372 μοχθηρίαν

2249 1407 2408 1460 τοῦτο
2455 1404 2869 1476 ἐνομοθέτησεν·
2915 1403 3004 1456 ἵνα
3039 1402 3114 1472 μὴ
3147 1400 3212 1452 δι’
3250 1396 3570 1451 ἀκολασίαν
3605 1394 3836 1457 θέλοντες

2249 1500 2465 1570 ἑτέραις
2507 1502 2767 1563 συνεῖναι,
2819 1496 3041 1566 ἀνέλητε
3070 1494 3166 1556 τὰς
3228 1489 3521 1560 προτέρας
3561 1484 3867 1555 γυναῖκας.’

2263 1594 2519 1664 Ἀπηνεῖς
2562 1592 2673 1662 γὰρ
2716 1592 2891 1655 ὅντες,
2930 1590 3186 1658 ὲιρόνευον
3236 1586 3306 1639 ἂν
3338 1586 3444 1647 τὰς
3480 1585 3764 1651 γυναῖκας,
3788 1584 3833 1635 εί

2249 1684 2629 1757 ἠναγκάζοντο
2677 1682 2934 1753 κατέχειν
2967 1682 3158 1743 αὑτάς.
3206 1680 3329 1733 Νῦν
3359 1678 3420 1730 δὲ
3462 1675 3670 1745 βιϐλίον
3705 1676 3831 1728 ἀπο-

568 1777 742 1841 vobis,
789 1777 986 1845 inquit,
1021 1778 1163 1846 quod
1213 1778 1411 1830 bonum
1451 1785 1536 1832 est
1578 1792 1802 1832 uxorem
1829 1791 1947 1845 quae
1977 1776 2145 1829 lortti-

2257 1777 2472 1832 στασίου
2510 1774 2810 1846 προσέταξε
2860 1773 3061 1827 διδόναι
3116 1773 3237 1832 ταῖς
3285 1768 3668 1840 μισουμέναις
3696 1765 3833 1835 παρὰ

569 1880 689 1922 cata
715 1877 816 1930 est,
853 1869 1069 1937 ejicere,
1104 1878 1359 1937 tanquam
1392 1868 1715 1923 adulteram.
1749 1868 1805 1921 Si
1828 1868 1950 1936 quis
1967 1877 2144 1923 autem

569 1960 795 2015 eiecerit
827 1958 1060 2026 aliquant
1096 1973 1216 2028 qum
1259 1975 1362 2011 non
1413 1967 1496 2013 est
1538 1958 1827 2022 fornicata,
1868 1969 2060 2013 auctor
2101 1959 2147 1991 “

575 2051 638 2103 fit
682 2051 753 2103 illi
796 2051 1064 2104 adulterii.
1120 2050 1363 2120 lutellige
1392 2061 1572 2104 autem
1607 2052 1747 2120 quod
1794 2052 1884 2120 qui
1915 2053 2151 2107 adhmrct

576 2141 824 2205 Domitio,
859 2156 1000 2194 unus
1039 2142 1263 2210 spiritus
1297 2150 1398 2204 est,
1442 2150 1498 2195 et
1538 2140 1844 2211 conjugium
1880 2151 1965 2197 est
2005 2141 2150 2198 ﬁdeli

575 2249 697 2303 cum
728 2231 963 2287 Christo.
1004 2231 1206 2287 Omnes
1238 2234 1379 2287 enim
1407 2234 1545 2288 idem
1581 2249 1779 2304 corpus
1806 2234 1933 2290 facti
1965 2249 2150 2290 sumus

575 2339 695 2377 cuin
733 2340 817 2391 eo,
860 2334 915 2377 et
959 2338 1025 2377 ex
1077 2335 1227 2394 parte
1263 2310 1506 2380 membra
1541 2327 1743 2383 Christi
1792 2341 1998 2383 sumus.
2033 2328 2148 2381 Non

578 2414 739 2481 igitur
778 2423 924 2468 recte
971 2415 1092 2482 quis
1142 2424 1316 2483 potest
1371 2419 1612 2487 separari
1667 2434 1697 2473 a
1747 2419 1996 2490 conjugio
2036 2419 2149 2483 tali,

571 2505 727 2574 juxta
752 2521 1053 2563 sermonem
1087 2507 1235 2561 Pauli
1276 2510 1524 2576 dicentis,
1559 2529 1576 2562 ι
1600 2511 1730 2577 Quis
1762 2526 1860 2566 nos
1884 2513 2157 2580 separabit

575 2616 607 2653 a
638 2599 923 2655 dilectione
945 2601 1145 2656 Christi
1162 2602 1243 2656 “‘l
1268 2620 1285 2654 I
1317 2600 1449 2668 Quae
1480 2602 1640 2670 igitur
1679 2603 1819 2657 Deus
1847 2604 2152 2673 conjunxit,

578 2707 752 2761 neque
777 2693 957 2757 homo,
987 2709 1160 2765 neque
1187 2694 1293 2750 alia
1322 2705 1595 2760 creatura,
1623 2708 1798 2763 neque
1823 2694 2021 2764 angeli,
2049 2704 2159 2756 fne-

577 2798 683 2852 que
706 2785 1059 2853 principatus,
1097 2801 1272 2854 neque
1310 2793 1605 2857 potestates
1638 2784 1721 2859 (ut
1766 2783 1967 2840 Paulus
2004 2787 2157 2862 dicit)

577 2891 829 2944 separare
860 2887 1131 2947 poterunt.

653 3060 815 3116 Vsus.
854 3063 939 3119 l0.
978 3082 996 3115 ι
1040 3063 1233 3153 Dicunt
1257 3063 1309 3120 ei
1332 3063 1595 3165 .discipuli
1630 3065 1781 3135 ejus:
1818 3065 1874 3121 Si
1899 3065 1963 3120 ad
1994 3067 2155 3122 istum
2182 3105 2227 3165 ε

580 3159 797 3209 inodum
828 3157 982 3210 habet
1005 3166 1167 3210 causa
1200 3155 1438 3212 hominis
1466 3172 1589 3212 cum
1631 3173 1822 3223 uxore,
1858 3174 1964 3213 nou
1991 3175 2158 3229 expc-

581 3249 1000 3304 ditcoutrahere
1027 3249 1452 3304 matrimonium.
1493 3269 1512 3302 ι
1550 3248 1861 3307 Turhantur
1882 3251 2156 3323 discipuli,

580 3350 636 3392 et
669 3342 899 3395 dicunt:
938 3340 995 3397 Si
1049 3351 1331 3411 propterea
1385 3342 1659 3412 conjuncti
1706 3352 1853 3411 sunt,
1889 3356 1946 3398 ut
1993 3361 2156 3400 unutn

585 3434 714 3497 sint,
765 3443 818 3488 et
858 3432 1107 3487 iudivulsi
1173 3443 1425 3487 maneant
1471 3450 1565 3503 per
1619 3436 2051 3502 ontnenivitatu,
2101 3446 2160 3492 ut

585 3523 751 3577 ctiam
791 3524 835 3577 si
861 3523 1105 3591 improba
1136 3524 1335 3594 alioqui
1369 3527 1439 3580 sit
1480 3525 1690 3588 mulier,
1714 3541 1832 3581 eam
1866 3527 2020 3597 101
2057 3526 2160 3597 eji-

584 3629 709 3669 cere
738 3631 843 3669 non
869 3615 1056 3670 liceat:
1104 3632 1208 3670 non
1242 3619 1460 3687 expedit
1501 3620 1907 3674 matrimonium
1943 3631 2162 3675 contra-

489 3721 507 3743 ο
587 3707 719 3762 here
749 3723 764 3764 :
794 3708 964 3763 levius
996 3710 1159 3764 fuerit
1216 3710 1624 3767 matrimonium
1656 3728 1762 3768 non
1809 3717 2159 3782 contrahere,

586 3799 679 3853 sed
712 3815 949 3869 pugnare
984 3810 1038 3854 et
1074 3810 1289 3856 certare
1336 3818 1457 3857 cum
1494 3805 1830 3861 naturalibus
1872 3806 2161 3877 concupis-

585 3893 800 3954 centiis.
844 3910 1004 3963 quam
1042 3896 1309 3951 sustinere
1362 3897 1557 3951 malam
1591 3898 1893 3954 mulierem.
1926 3900 2159 3956 Causam

587 3986 733 4037 enim
761 3985 995 4040 hominis
1024 4001 1147 4041 cum
1177 3987 1400 4042 muliere
1435 3989 1564 4043 dicit
1593 3999 1908 4061 perpetuam
1928 4001 1983 4047 et
2024 3993 2164 4048 inse-

590 4077 881 4145 patabilem
915 4080 1191 4133 unionem.
1222 4077 1474 4133 Nonnulli
1512 4092 1689 4135 autem
1730 4091 1786 4138 et
1836 4085 1916 4139 sic
1962 4084 2163 4138 intelli-

590 4178 754 4236 gttul:
784 4167 838 4220 Si
864 4168 942 4222 sic
970 4177 1053 4221 est
1085 4185 1243 4222 causa
1270 4170 1528 4237 hominis,
1557 4173 1657 4228 hoc
1683 4181 1785 4238 est,
1805 4173 1850 4228 si
1874 4175 2165 4243 reprelien-

590 4256 801 4309 sioucm
839 4267 893 4309 et
934 4258 1143 4323 culpam
1186 4258 1468 4313 habiturus
1505 4269 1587 4314 est
1631 4262 1734 4328 vir,
1781 4272 1838 4316 ut
1891 4263 2166 4331 illegititue

590 4347 769 4415 cjiciat
802 4364 1045 4411 uxorem,
1076 4365 1181 4403 non
1227 4351 1446 4416 expedit
1495 4352 1896 4407 matrimonium
1944 4366 2164 4409 contra-

591 4441 744 4496 here.

670 4536 831 4589 Vens.
872 4535 959 4588 ll.
1001 4552 1021 4586 ι
1058 4534 1241 4588 Atille
1272 4533 1407 4588 dixit
1443 4535 1586 4591 illis:
1624 4534 1741 4590 Non
1776 4551 1968 4591 omnes
1996 4552 2162 4606 capa-

601 4644 693 4683 ces
723 4637 845 4682 sunt
871 4628 1027 4697 hujus
1048 4629 1200 4691 dicti,
1239 4631 1334 4682 sed
1363 4632 1558 4699 quibus
1604 4630 1789 4686 datum
1817 4641 1919 4685 est.
1951 4650 1969 4682 ι
2004 4633 2163 4686 Post-

590 4737 752 4790 quam
795 4721 1047 4775 dixerunt
1089 4722 1343 4791 apostoli,
1402 4722 1594 4779 melius
1645 4739 1767 4777 esse
1829 4740 1934 4778 non
1984 4726 2166 4780 venire

592 4819 659 4869 α]
691 4815 929 4883 nuptias,
966 4814 1096 4868 dicit
1130 4812 1389 4870 Dominus
1420 4831 1662 4885 magnam
1694 4831 1816 4871 esse
1844 4816 2167 4886 virginitatis

591 4908 1013 4977 possessionem,
1074 4919 1131 4959 at
1173 4922 1293 4962 eam
1340 4922 1443 4961 non
1478 4909 1543 4961 ab
1577 4909 1830 4963 omnibus
1864 4921 2010 4963 recte
2052 4923 2167 4963 ser-

593 5003 731 5066 Vari,
770 5001 865 5056 sed
908 5001 978 5053 ali
1026 5000 1109 5054 bis
1150 5001 1434 5064 duntaxat,
1463 5016 1695 5070 quorum
1733 5013 2057 5071 cooperator
2083 5009 2167 5055 est

594 5092 756 5147 Deus.
782 5092 916 5147 Nam
943 5095 1043 5147 hoc
1070 5093 1186 5147 loco
1213 5094 1395 5147 datum
1426 5105 1523 5161 est,
1578 5093 1736 5157 Valet,
1767 5096 1956 5162 quibus
1985 5110 2170 5163 coope-

596 5203 745 5240 ruiur
780 5187 940 5241 Deus.
977 5186 1084 5240 Illis
1127 5197 1305 5242 autem
1351 5188 1528 5253 datur,
1563 5189 1653 5256 qui
1684 5198 1890 5255 petunt.
1935 5207 1952 5235 ι
1991 5188 2169 5242 Petito

595 5281 765 5345 cuitu,
809 5279 1005 5346 inquit,
1065 5289 1119 5333 ct
1169 5279 1384 5332 dabitur
1432 5280 1584 5334 vobis
1638 5278 1699 5333 ³⁵.
1775 5276 1967 5334 Omnis
1998 5279 2165 5345 enim,

595 5367 793 5436 inquit,
831 5370 920 5440 qui
950 5371 1101 5437 petit,
1138 5371 1338 5440 accipit
1373 5370 1441 5440 ’3.
1474 5388 1493 5420 ι

675 5459 836 5515 νειμ.
872 5462 959 5516 12.
994 5480 1014 5515 ι
1062 5460 1201 5516 Sunt
1235 5463 1380 5517 enim
1424 5462 1682 5525 eunuchi,
1717 5463 1809 5532 qui
1863 5464 1926 5515 de
1986 5465 2173 5519 matris

601 5566 756 5609 luero
788 5556 868 5611 sic
898 5555 1009 5610 Itali
1038 5567 1194 5613 sunt:
1242 5567 1296 5610 et
1336 5567 1455 5610 sunt
1493 5559 1726 5610 eunuchi
1761 5558 1849 5625 qui
1889 5556 2015 5609 facti
2048 5566 2174 5609 sunt

682 5738 723 5768 θ’
756 5735 776 5788 l
809 5736 935 5791 Cur.
990 5752 1061 5803 ιι,
1091 5735 1172 5790 l7.
1255 5734 1298 5766 ³³
1338 5732 1496 5788 Itoni.
1551 5748 1668 5799 ιἰιι,
1716 5733 1802 5787 ⁸55.

2248 1873 2357 1925 τῶν
2378 1868 2606 1941 ἀνδρῶν.
2626 1867 2768 1937 Ἐγὼ
2796 1866 2854 1920 δὲ
2898 1866 3043 1933 λέγω
3074 1865 3222 1933 ὑμῖν,
3254 1863 3459 1932 φησὶν,
3486 1861 3570 1914 ὅτι
3597 1863 3694 1931 τὴν
3716 1876 3834 1929 πορ-

2251 1962 2540 2017 νευθεῖσαν
2590 1961 2828 2030 γυναῖκα
2887 1956 3051 2012 καλὸν
3084 1955 3377 2009 ἐκϐάλλειν
3413 1953 3492 2017 ὼς
3539 1951 3829 2022 μοιχαλίδα*

2253 2056 2349 2111 ἐὰν
2387 2053 2570 2126 δὲτὴν
2607 2052 2683 2125 μὴ
2709 2050 3103 2124 πορνευθεῖσαν
3144 2048 3366 2118 ἐκϐάλῃ
3398 2063 3488 2109 τις
3512 2086 3528 2112 ,
3564 2043 3832 2115 παραίτιος

2253 2151 2390 2222 αὐτῇ
2422 2149 2636 2218 γίνεται
2682 2147 2948 2218 μοιχείας·
2978 2144 3087 2198 νόει
3119 2143 3177 2197 δὲ
3208 2143 3308 2195 καὶ
3340 2139 3531 2204 τοῦτο,
3567 2139 3647 2191 ὅτι
3671 2139 3699 2189 6
3724 2137 3833 2189 κολ-

2254 2242 2496 2312 λώμενος
2525 2239 2603 2311 τῷ
2634 2239 2848 2309 Κυρίῳ,
2901 2235 2960 2291 ἓν
2990 2234 3216 2305 πνεῦμά
3280 2235 3433 2297 ἐστι,
3485 2231 3581 2284 καὶ
3618 2228 3829 2296 συζυγία

2255 2334 2465 2404 γίνεται
2508 2332 2587 2403 τῷ
2619 2329 2797 2400 πιστῷ
2828 2327 2966 2399 πρὸς
3013 2325 3273 2398 Χριστόν.
3331 2323 3550 2385 Πάντες
3584 2321 3690 2391 γὰρ
3715 2320 3831 2372 σύσ-

2258 2443 2432 2496 σωμοι
2483 2424 2793 2495 γεγόναμεν
2851 2419 3025 2490 αὐτῷ.
3065 2419 3160 2474 καὶ
3195 2418 3339 2490 μέλη
3384 2418 3451 2469 ἐκ
3481 2415 3680 2485 μέρους
3706 2414 3828 2483 Χρι-

2258 2518 2388 2574 στοῦ
2420 2535 2581 2589 σμεν.
2627 2516 2825 2579 Καλῶς
2867 2511 2961 2568 οὖν
2993 2513 3055 2566 οὐ
3094 2512 3325 2565 δύναταί
3354 2525 3442 2568 τις
3486 2506 3716 2578 χωρίσαι
3743 2505 3826 2572 τὴν

2255 2611 2515 2682 τοιαύτην
2554 2609 2843 2678 συζυγίαν.
2900 2604 3043 2659 κατὰ
3097 2604 3190 2656 τὸν
3240 2600 3342 2655 τοῦ
3400 2598 3619 2653 Παύλου
3667 2595 3823 2663 λόγον,

2258 2701 2527 2769 λέγοντοςσ
2563 2717 2583 2752 ι
2617 2699 2714 2761 Τίς
2750 2698 2898 2769 ημᾶς
2930 2695 3157 2767 χωρίσει
3194 2692 3309 2747 ἀπὸ
3352 2691 3457 2760 τῆς
3490 2688 3706 2757 ἀγάπης
3741 2685 3823 2738 τοῦ

2258 2794 2304 2847 Χ
2315 2792 2531 2861 ριστοῦ;
2563 2793 2665 2845 »Ἃ
2684 2790 2777 2845 οὖν
2806 2790 2835 2843 6
2860 2789 2992 2852 Θεὸς
3021 2783 3373 2851 συνέζευξεν,
3394 2781 3522 2836 οὔτε
3542 2781 3823 2848 ἄνθρωπος,

2258 2886 2383 2942 οὔτε
2436 2903 2520 2949 τις
2566 2885 2731 2955 ἑτέρα
2779 2882 2981 2945 κτίσις,
3037 2879 3162 2933 οὔτε.
3217 2877 3472 2947 ἄγγελοι,
3505 2872 3627 2926 οὔτε
3653 2870 3818 2941 ἀρχαὶ,

2259 2978 2387 3034 οὔτε
2424 2976 2684 3042 ἐξουσίαι,
2717 2974 2792 3038 ὡς
2818 2975 2847 3027 6
2880 2970 3088 3034 Παῦλός
3114 2986 3268 3039 φησι,
3301 2967 3545 3040 χωρίσαι
3574 2964 3822 3018 δύνανται.

2338 3088 2359 3123 ι
2407 3070 2670 3138 Λέγουσιν
2724 3064 2872 3136 αὐτῷ
2926 3063 2978 3116 oi
3033 3061 3274 3132 μαθηταὶ
3315 3056 3526 3112 αὐτοῦ·
3565 3055 3625 3108 El
3668 3051 3822 3112 οὕτως

2269 3164 2421 3217 ἐστὶν
2456 3162 2489 3231 ἡ
2538 3159 2689 3213 αἰτία
2727 3157 2823 3211 τοῦ
2854 3153 3142 3225 ἀνθρώπου
3173 3150 3315 3223 μετὰ
3350 3152 3455 3220 τῆς
3482 3147 3746 3218 γυναικὸς,
3770 3145 3822 3198 οὗ

2268 3253 2537 3325 συμφέρει
2573 3251 2843 3320 γαμῆσαι.
2888 3266 2907 3300 ι
2957 3244 3329 3309 Θορυόοῦνται
3376 3245 3427 3297 οἱ
3458 3240 3707 3313 μαθηταὶ,
3738 3236 3820 3290 καί

2267 3365 2451 3418 φασιν,
2488 3346 2569 3399 ὃτι
2594 3346 2656 3397 Εἰ
2687 3343 2776 3397 διὰ
2804 3340 2965 3396 τοῦτο
2995 3340 3359 3409 συνήφθησαν
3395 3336 3485 3390 ἵνα
3527 3334 3583 3387 ἓν
3624 3326 3719 3386 ὦσι
3742 3331 3824 3382 καὶ

2265 3440 2625 3495 ἁδιάσπαστοι
2659 3435 2862 3506 μένωσι
2914 3432 3048 3504 παρ’
3076 3432 3199 3487 ὅλον
3254 3430 3350 3483 τὸν
3402 3429 3539 3500 βίον,
3578 3425 3709 3478 ὥστε
3733 3421 3822 3476 κᾶν

2271 3530 2521 3602 μοχθηρᾶ
2565 3529 2742 3592 ἄλλως
2786 3521 2819 3600 ᾖ
2881 3526 2915 3596 ἡ
2964 3523 3136 3595 γυνὴ,
3187 3522 3263 3594 μὴ
3309 3521 3519 3591 τολμᾷν
3567 3517 3821 3572 ἐκϐάλλειν

2267 3626 2460 3695 αὐτὴν,
2514 3624 2575 3676 οὐ
2636 3621 2905 3692 συμφέρει
2935 3617 3186 3688 γαμῆσαι
3210 3632 3224 3647 ο
3257 3615 3592 3684 κουφότερον
3626 3610 3725 3679 γὰρ
3757 3608 3821 3677 μὴ

2268 3720 2491 3787 γαμεῖν,
2530 3715 2667 3769 ἀλλὰ
2704 3712 2975 3784 μάχεσθαι
3008 3710 3104 3765 καὶ
3141 3708 3398 3763 παλαίειν
3445 3706 3693 3787 φυσικαῖς
3720 3706 3823 3753 ἐπι-

2269 3810 2516 3881 θυμίαις,
2554 3806 2587 3876 ἢ
2619 3805 2863 3875 πονηρᾶς
2889 3801 3146 3871 γυναικὸς
3182 3799 3495 3870 ἀνέχεσθαι.
3522 3795 3701 3847 Αἰτίαν
3727 3790 3819 3857 γὰρ

2270 3902 2556 3974 ἀνθρώπου
2614 3899 2749 3969 μετὰ
2805 3896 2907 3967 τῆς
2965 3893 3228 3963 γυναικὸς
3304 3890 3407 3963 τὴν
3483 3887 3821 3944 ἀδιάσπαστον

2270 3997 2463 4050 ἕνωσιν
2485 3993 2655 4064 λέγει·
2689 3991 2837 4055 τινὲς
2861 3990 2917 4043 δὲ
2943 3991 3036 4044 καὶ
3053 3988 3198 4042 οὕτω
3224 3988 3461 4051 νοοῦσιν,
3477 3986 3559 4038 ὄτι
3588 3982 3644 4034 E2
3670 3977 3818 4035 οὕτως

2270 4091 2416 4142 ἐστὶν
2472 4088 2506 4157 ἡ
2556 4085 2706 4141 αίτία
2739 4082 2834 4137 τοῦ
2888 4083 3199 4154 ἀνθρώπου,
3253 4079 3554 4140 τουτέστιν,
3587 4074 3632 4127 εί
3662 4068 3819 4123 αἰτίαν

2270 4181 2440 4250 ἡγουν
2476 4176 2700 4248 μομφὴν
2732 4175 2827 4230 καὶ
2855 4173 3200 4228 καταιτίασιν
3234 4171 3422 4242 μέλλει
3461 4168 3598 4234 ἕξειν
3633 4164 3659 4216 6
3688 4161 3818 4251 dvﬁp

2269 4271 2344 4335 ὡς
2377 4270 2663 4325 ἐκϐάλλων
2693 4268 2793 4338 τὴν
2833 4267 3072 4336 γυναῖκα
3102 4265 3464 4335 παρανόμως,
3492 4259 3551 4312 οὐ
3581 4254 3819 4325 συμφέρει

2270 4367 2549 4435 γαμῆσαι

2342 4565 2361 4598 ι
2382 4547 2442 4600 '0
2464 4543 2520 4598 δὲ
2557 4537 2711 4597 εἶπεν
2734 4541 2939 4604 αὐτοῖς’
2963 4538 3042 4595 Οὐ
3078 4539 3279 4601 πάντες
3300 4533 3540 4608 χωροῦσι
3561 4531 3647 4583 τὸν
3680 4525 3816 4592 λόγον

2265 4638 2476 4702 τοῦτον,
2513 4634 2629 4690 ἀλλ’
2656 4630 2740 4699 οἷς
2784 4633 3017 4687 δέδοται.
3061 4651 3081 4683 ι
3140 4631 3360 4701 Ἐπε.δὴ
3406 4625 3556 4681 εἷπον
3580 4626 3625 4676 οἱ
3658 4619 3815 4691 μαθη·

2264 4732 2376 4793 ταὶ,
2408 4730 2491 4780 ὅτι
2515 4725 2767 4798 κρεῖττόν
2785 4727 2905 4777 ἐστι
2934 4722 2996 4776 τὸ
3033 4722 3107 4792 μὴ
3132 4724 3212 4783 είς
3234 4721 3413 4790 γάμον
3447 4716 3633 4777 ἐλθεῖν,
3665 4709 3811 4780 φησὶν

2271 4824 2300 4875 6
2333 4818 2557 4888 Κύριος,
2594 4819 2676 4870 ὅτι
2736 4816 2879 4886 μέγα
2923 4815 3024 4884 μὲν
3076 4815 3138 4866 τὸ
3166 4816 3267 4882 τῆς
3306 4809 3597 4882 παρθενίας
3627 4803 3810 4888 χρῆμεξν

2272 4912 2389 4967 ἀλλ’
2418 4912 2481 4963 οὐ
2520 4910 2654 4962 πᾶσι
2686 4906 3062 4977 κατορθωτὸν,
3098 4904 3214 4957 ἀλλ’
3259 4904 3489 4963 ἐκείνοις
3544 4901 3711 4967 μόνοις
3743 4883 3812 4948 οἷς

2274 5004 2529 5072 συνεργεῖ
2558 5002 2585 5053 6
2619 4999 2772 5062 Θεός.
2797 4997 2871 5051 Τὸ
2896 4999 3025 5068 γὰρ,
3064 4996 3331 5060 δέδοται,
3367 4991 3590 5047 ἐνταῦθα
3635 4990 3806 5043 κεῖται,

2274 5101 2396 5153 ἀντὶ
2423 5097 2540 5164 τοῦ,
2570 5092 2660 5163 οἷς
2689 5094 2973 5163 συνεργεῖ
2998 5097 3030 5149 ό
3067 5095 3234 5160 Θεός.
3254 5092 3512 5153 Ἐκείνοις
3541 5088 3593 5140 δὲ
3614 5084 3805 5139 δίδοται,
3850 5142 3859 5159 Ι

2275 5195 2387 5254 τοῖς
2422 5190 2684 5257 αἰτοῦσιν,
2723 5212 2742 5241 ι
2785 5191 2997 5243 Αίτεῖτε
3038 5189 3167 5258 γὰρ,
3210 5188 3369 5257 φησὶ,
3402 5186 3494 5238 καὶ
3546 5178 3802 5246 δοθήσεται

2277 5286 2425 5355 ὑμῖν.
2456 5284 2565 5347 Πᾶς
2597 5285 2707 5354 γὰρ
2736 5284 2764 5334 ὁ
2799 5280 2987 5347 αἰτῶν,
3018 5280 3307 5349 λαμϐάνει.
3343 5297 3363 5330 ι

2355 5483 2372 5514 ι
2426 5463 2543 5516 Εἰσὶ
2589 5462 2699 5532 γὰρ
2750 5460 2995 5530 εὐνοῦχοι
3024 5460 3219 5521 οἵτινες
3265 5460 3330 5512 ἐκ
3392 5451 3587 5510 κοιλίας
3628 5436 3805 5514 μητρὸς

2281 5558 2651 5627 ἐγεννήθησαν
2682 5554 2845 5619 οὕτω,
2874 5556 2965 5607 καὶ
2993 5554 3131 5606 εἰσὶν
3160 5551 3403 5623 εὐνοῦχοι
3440 5547 3617 5603 οἵτινες
3640 5536 3803 5589 εὐνου·

1882 5733 1924 5765 ³³
1953 5733 2084 5788 Luc.
2118 5749 2189 5802 SI,
2220 5734 2269 5791 9.
2350 5734 2390 5765 ³³
2423 5732 2577 5789 Joau.
2613 5748 2722 5799 xu,
2745 5732 2835 5788 2i.
