4078 6464
214 371 321 436 35‘!

838 365 1282 435 ENARRATIO
1325 375 1405 436 IN
1440 372 1823 437 EVANGELI

1924 374 1943 433 ι
1985 373 2369 435 ΜΑΤἸῊΕΙ.
2399 397 2468 408 ·-
2494 371 2650 434 CA?.
2694 375 2861 437 XIX.

3389 383 3496 448 3'34

222 480 633 565 Iisomav‘ﬁno
674 470 796 537 ’τῶν
857 481 1185 554 ἀνθρώπων,
1220 484 1318 537 καὶ
1374 485 1514 538 εἰσὶν
1557 484 1805 557 εὐνοῦχοι

1924 485 2146 540 :unuchi
2175 485 2243 540 ab
2270 483 2577 538 hominibus
2606 501 2620 538 ι
2652 493 2707 539 et
2740 495 2867 538 sunt
2893 485 3129 542 eunuchi
3163 489 3253 557 qui
3287 492 3496 561 scipsos

216 573 418 635 οἵτινες
448 571 777 642 εὐνούχισαν
823 573 1051 636 ἑαυτοὺς
1100 573 1191 627 διὰ
1232 574 1334 643 τὴν
1390 575 1671 645 βασιλείαν
1702 576 1809 630 τῶν

219 664 494 736 οὐρανῶν.
535 665 597 719 '0
626 665 925 735 δυνάμενος
963 669 1184 737 χωρεῖν,
1211 669 1488 737 χωρείτω.
1518 688 1537 721 ι
1559 670 1805 738 Ὀλίγων,

222 757 411 825 φησὶν,
457 755 581 809 ἐστὶ
636 755 698 809 τὸ
754 756 1089 828 κατόρθωμα
1124 758 1284 811 τοῦτο
1339 759 1439 828 τῆς
1484 759 1808 831 παρθενίας.

223 847 352 901 Εἰσὶ
387 846 502 918 γὰρ
557 847 804 919 εὐνοῦχοί
831 865 980 913 τινες
1025 851 1090 902 ὲκ
1125 850 1336 912 κοιλίας
1369 850 1574 921 μητρὸς
1605 851 1807 915 αὐτῶν,

218 940 530 1005 τουτέστιν,
562 939 668 992 εἰσί
698 957 850 1004 τινες
887 941 950 997 ἐκ
978 941 1216 1012 φυσικῆς
1258 942 1511 1012 κράσεως
1558 941 1809 1013 ἀκίνητοι

224 1032 490 1102 μένοντες
542 1031 683 1101 πρὸς
719 1031 819 1091 τὰς
865 1032 1065 1102 μίξεις,
1101 1033 1152 1086 οἶ
1183 1032 1280 1087 καὶ
1309 1033 1558 1104 ἀκερδῶς
1596 1051 1813 1106 σωφρο-

223 1124 437 1179 νοῦσιν.
472 1125 598 1177 Εἰσὶ
639 1127 737 1178 καὶ
772 1125 829 1178 οἱ
873 1125 1313 1196 εύνουχιζόμενοι
1345 1127 1451 1180 ὑπὸ
1482 1127 1808 1198 ἀνθρώπων·

224 1216 462 1280 ἑαυτοὺς
490 1216 550 1270 δὲ
590 1216 970 1287 εὐνουχίζουσι
1007 1217 1098 1272 διὰ
1130 1217 1230 1289 τὴν
1264 1218 1542 1290 βασιλείαν
1581 1221 1688 1273 τῶν
1717 1220 1811 1272 οὐ-

230 1307 436 1376 ρανῶν,
475 1307 573 1377 οὐχ
616 1307 667 1361 οἱ
717 1307 1073 1376 ἐκτέμνοντες
1120 1309 1347 1371 ἑαυτοὺς
1388 1308 1812 1379 (ὲπικατάρατον

227 1402 343 1468 γὰρ
371 1398 579 1468 τοῦτο),
618 1398 738 1451 ἀλλ’
762 1399 812 1450 οἱ
860 1398 1344 1469 ἐγκρατευόμενοι.
1370 1400 1501 1453 Νόει
1529 1399 1586 1453 δὲ
1608 1400 1701 1454 καὶ
1716 1398 1812 1453 οὔ.

228 1490 569 1554 τωςοἜστιν
598 1490 853 1560 εὐνοῦχος
884 1490 993 1545 ἀπὸ
1020 1490 1238 1561 φύσεως
1283 1493 1311 1546 ὁ
1330 1491 1419 1544 διὰ
1446 1492 1543 1563 τὴν
1576 1492 1814 1563 φυσικὴν

229 1585 435 1651 κρᾶσιν
478 1582 555 1654 μὴ
595 1582 883 1653 εὐκίνητος
928 1584 1011 1646 εἰς
1062 1583 1399 1655 ἀφροδίσιιν
1458 1585 1565 1638 ὑπὸ
1601 1584 1660 1637 δὲ
1715 1586 1812 1638 ἀν-

231 1673 475 1746 θρώπων
499 1673 875 1744 εύνουχίζεται
922 1674 952 1726 ὁ
995 1675 1061 1729 ἐκ
1089 1675 1433 1741 διδασκαλίας
1467 1676 1815 1748 ἀνθρωπίνης

229 1767 484 1837 ἐκτεμὼν
545 1771 645 1837 τὴν
696 1767 801 1838 τῆς
861 1771 1133 1841 σαρκικῆς
1192 1769 1485 1839 ἐπιθυμίας
1541 1767 1811 1841 πύρωσιν·

237 1859 436 1912 ἑαυτὸν
486 1859 545 1912 δὲ
604 1859 908 1931 εύνουχίζει
974 1861 1003 1913 ὁ
1059 1861 1135 1932 μὴ
1169 1860 1262 1915 ὑπ’
1309 1861 1492 1927 ἄλλου,
1547 1861 1662 1915 ἀλλ’
1725 1863 1816 1931 ὑφ’
1850 1841 1891 1898 Β

239 1952 436 2007 ἑαυτοῦ
466 1952 766 2022 διδαχθεὶς,
793 1953 888 2007 καὶ
926 1953 1252 2024 αὑτομαθῶς
1286 1955 1424 2024 πρὸς
1460 1955 1821 2025 σωφροσύνην

239 2043 563 2107 ἀποκλίνας
595 2038 750 2107 οὗτος
775 2041 870 2099 οὖν
894 2046 990 2098 καὶ
1033 2044 1255 2117 ἄριστός
1288 2046 1456 2110 ἐστιν,
1489 2046 1517 2101 ὁ
1553 2045 1626 2116 μὴ
1649 2045 1815 2116 ἄλλῳ,

238 2136 354 2190 ἀλλ’
382 2135 562 2206 ἐαυτῷ
592 2136 882 2207 ὁδηγηθεὶς
916 2136 1053 2206 πρὸς
1084 2136 1185 2207 τὴν
1210 2135 1491 2213 βασιλειαν
1518 2135 1626 2188 τῶν
1650 2137 1819 2208 ούρα-

238 2229 367 2283 νῶν.
406 2230 819 2301 ιΙροαιρετικῶς
856 2231 911 2284 δὲ
955 2229 1125 2284 θέλων
1168 2231 1302 2301 ἡμῖν
1353 2229 1695 2301 ἐνεργεῖσθαι
1720 2229 1820 2301 τὴν

237 2322 461 2392 ἀρετὴν,
495 2322 681 2394 φησιν’
712 2341 732 2374 ι
781 2324 840 2377 ’0
890 2322 1192 2393 δυνάμενος
1234 2325 1456 2393 χωρεῖν,
1490 2322 1758 2394 χωρείτω.
1795 2340 1814 2375 ι

240 2418 311 2468 Uti
334 2416 446 2488 γὰρ
473 2417 777 2485 ἀναγκάζει
817 2416 1197 2488 παρθενεύειν,
1229 2416 1350 2471 οὐδὲ
1375 2417 1467 2469 τὸν
1501 2416 1680 2486 γάμον
1715 2432 1818 2470 κα-

237 2509 448 2574 ταλύει,
483 2507 621 2562 ἀλλὰ
653 2509 755 2580 τὴν
792 2507 1090 2579 παρθενίαν
1120 2506 1466 2579 προτίθησιν.

314 2620 333 2651 ι
377 2600 517 2654 Τότε
540 2599 887 2671 προσηνέχθη
922 2599 1073 2671 αὐτῷ
1122 2599 1333 2663 παιδία,
1378 2599 1465 2654 ἵνα
1498 2596 1597 2663 τὰς
1630 2601 1821 2669 χεῖρας

236 2691 405 2761 ἐπιθῇ
434 2691 638 2755 αὐτοῖς,
672 2692 766 2742 καὶ
792 2689 1186 2761 προσεύξηταιο
1222 2690 1272 2743 οἱ
1319 2689 1376 2743 δὲ
1421 2687 1665 2758 μαθηταὶ
1711 2690 1814 2744 ὲπ-

235 2783 511 2853 ετῖμησαν
538 2783 748 2846 αὐτοῖς·
770 2784 799 2837 ὁ
819 2782 877 2836 δὲ
913 2782 1121 2853 Ἰησοῦς
1153 2778 1330 2836 εἶπεν
1369 2783 1570 2851 ’Ἄφετε
1599 2782 1666 2835 τὰ
1689 2799 1822 2835 παι-

235 2876 347 2939 δία,
391 2876 483 2928 καὶ
512 2874 589 2946 μὴ
617 2874 854 2928 κωλύετε
886 2875 1026 2928 αὐτὰ
1062 2874 1237 2927 ἐλθεῖν
1272 2873 1411 2944 πρός
1436 2888 1526 2943 με’
1562 2871 1674 2928 τῶν
1712 2872 1822 2941 γὰρ

237 2966 659 3025 τοιούτωνέστὶν
676 2965 974 3036 ήεβασιλεία
996 2964 1105 3017 τῶν
1125 2964 1392 3034 οὐρανῶν.
1422 2981 1441 3015 ι
1471 2961 1719 3033 Προσέφε
1730 2977 1822 3031 ρον

242 3059 487 3129 μητέρες
533 3057 604 3110 τὰ
632 3058 821 3123 τέκνα,
853 3057 941 3111 ἵνα
960 3055 1306 3128 εὐλογηθῶσι
1340 3055 1427 3108 διὰ
1475 3058 1573 3126 τῆς
1606 3054 1824 3123 ἐπαφῆς

239 3151 351 3201 τῶν
375 3149 596 3219 χειρῶν.
647 3147 930 3217 ’Δκόσμως
958 3147 1012 3200 δὲ
1046 3148 1141 3200 καὶ
1165 3144 1621 3215 τεθορυϐημένως
1651 3159 1819 3215 προσ·
1847 3186 1890 3245 C

238 3247 501 3313 ἤρχοντο,
546 3243 642 3296 καὶ
671 3242 760 3295 διὰ
794 3239 951 3294 τοῦτο
998 3238 1300 3293 κωλύουσιν
1327 3238 1377 3292 οἱ
1415 3237 1675 3308 μαθηταὶ,
1703 3235 1820 3304 ἅμα

242 3337 341 3388 καὶ
373 3334 632 3404 οἰόμενοι,
662 3334 748 3387 ὅτι
777 3330 1093 3387 ἐλαττοῦται
1119 3332 1179 3384 τὸ
1205 3330 1420 3399 ἀξίωμα
1443 3328 1539 3388 τοῦ
1561 3328 1821 3383 διδασκά-

241 3427 339 3480 λου
391 3427 455 3479 ὲκ
488 3426 581 3478 τοῦ
611 3424 680 3479 τά
716 3424 907 3479 παιδία
940 3422 1377 3494 προσφέρεσθαι.
1420 3420 1478 3474 '0
1527 3421 1659 3489 γοῦν
1686 3421 1823 3491 Χρι-

244 3518 373 3581 csa;
407 3516 696 3581 δεικνύων,
749 3517 832 3568 ὃτι
883 3514 943 3577 τὸ
1000 3514 1206 3584 ἄτυφον
1240 3514 1445 3586 μᾶλλον
1474 3513 1821 3585 ἀποδέχεται..

242 3611 436 3680 φησιν,
475 3628 493 3662 ι
525 3611 728 3678 Ἅφετε
765 3607 834 3662 τά
863 3606 1070 3668 παιδία·
1111 3608 1222 3660 τῶν
1247 3608 1357 3681 γὰρ
1386 3606 1643 3660 τοιούτων
1673 3606 1822 3659 ἐστὶν

241 3706 277 3773 η
306 3703 558 3770 βασιλεία
582 3702 691 3756 τῶν
719 3701 1019 3771 οὐρανῶν.»
1045 3701 1161 3754 Οὐκ
1190 3696 1336 3762 εἷπε,
1382 3701 1587 3754 τούτων
1605 3739 1620 3764 ,
1662 3698 1819 3764 ἀλλὰ,

241 3796 359 3855 τῶν
392 3793 675 3857 τοιούτων,
698 3791 969 3856 τουτέστι,
999 3789 1110 3845 τῶν
1136 3789 1235 3862 τὴν
1258 3789 1538 3859 ἁπλότητα
1566 3789 1820 3859 ἐχόντων,

240 3886 360 3940 τῶν
381 3887 628 3949 ἀκάκων,
652 3884 759 3938 τῶν
780 3883 1090 3954 ἀπονήρων.
1114 3881 1233 3934 Κᾶν
1263 3881 1488 3951 διδάσκῃ
1516 3879 1572 3932 δέ
1594 3896 1699 3942 τις,
1731 3878 1825 3941 καὶ

246 3976 669 4046 πῳσέρχωνταί
704 3992 846 4036 τινες
872 3972 1023 4042 αὐτῷ
1051 3973 1279 4027 παιδικά
1322 3973 1655 4045 ἐρωτήματα
1683 3973 1824 4042 ἐρω-

242 4069 477 4132 τῶντες,
509 4066 891 4138 προσδεχέσθω
921 4066 1167 4131 τούτους,
1201 4065 1296 4119 καὶ
1330 4065 1404 4137 μὴ
1433 4065 1709 4125 κωλυέτω.

284 4176 289 4179 ⁷
328 4177 349 4210 ι
386 4160 495 4215 Καὶ
527 4159 732 4222 ἐπιθες
760 4158 945 4222 αὐτοῖς
984 4156 1082 4221 τὰς
1121 4160 1331 4229 χεῖρας,
1366 4156 1638 4228 ἐπορεύθη
1683 4158 1827 4210 ἐκεῖο

244 4253 365 4307 θεν.
398 4254 504 4305 Καὶ
540 4251 648 4313 ἰδοὺ
675 4244 753 4313 εἷς
782 4247 1121 4320 προσελθὼν,
1145 4243 1299 4302 εἶπεν
1331 4250 1501 4318 αὐτῷ·
1528 4246 1825 4309 Διδάσκαλε

242 4344 445 4413 ἀγαθὲ,
470 4345 525 4396 τί
554 4342 756 4407 ἀγαθὸν
789 4343 1000 4411 ποιήσω
1031 4341 1119 4394 ἵνα
1157 4341 1265 4419 ἔχω
1296 4340 1440 4411 ζωὴν
1462 4341 1680 4393 αἰώνιον
1707 4356 1723 4404 ;
1767 4340 1827 4397 Ὀ

244 4438 307 4490 δὲ
331 4432 483 4488 εἶπεν
508 4434 675 4506 αὐτῷ·
701 4434 766 4488 Τί
791 4452 856 4505 με
883 4434 1063 4501 λέγεις
1107 4432 1312 4501 ἀγαθόν
1336 4449 1352 4499 ;
1385 4431 1569 4495 Οὐδεὶς
1597 4431 1824 4498 ἀγαθὸς,

1914 585 2293 632 castravernnt
2334 584 2553 645 propter
2583 592 2802 647 regnum
2832 578 3118 633 caelorum.
3158 581 3260 648 Qui
3315 591 3497 650 potest

1913 684 2129 737 capere.
2159 668 2356 733 capiat.
2396 685 2414 719 ι
2448 667 2748 721 Paucorum
2782 679 2887 732 est,
2930 671 3124 738 inquit,
3165 674 3497 743 virginitatis

1913 763 2108 815 virtus.
2139 759 2276 814 Sunt
2306 761 2451 815 enim
2476 759 2714 814 eunuchi
2744 775 2807 813 ex
2833 768 2988 814 utero
3014 765 3223 825 matris,
3255 766 3355 820 hoc
3386 776 3490 831 est,

1914 861 2043 907 sunt
2072 852 2293 921 quidam
2316 851 2405 921 qui
2446 863 2667 921 propter
2695 861 2902 907 natura:
2947 856 3392 913 constitutionem
3429 864 3493 912 ad

1914 945 2114 998 coitum
2153 959 2256 997 non
2301 952 2427 997 sunt
2464 944 2670 1004 idonei.
2703 945 2791 1011 qui
2835 952 2889 998 et
2927 947 3045 1000 sine
3098 946 3333 1002 utilitate
3360 952 3493 1006 casti

1914 1045 2060 1090 sunt.
2104 1034 2239 1090 Sunt
2264 1036 2353 1104 qui
2387 1048 2441 1088 et
2469 1051 2629 1088 ειιιιιιι
2649 1036 2700 1090 hi
2737 1038 2871 1089 linat
2918 1037 2987 1090 ab
3021 1038 3352 1095 hominibus.
3388 1040 3490 1108 Qui

1913 1136 2093 1181 autem
2138 1127 2347 1192 seipsos
2394 1127 2674 1180 eunuchos
2732 1125 2936 1181 faciunt
2990 1136 3214 1196 propter
3268 1143 3494 1196 regnum

1913 1218 2173 1274 cmlornm
2206 1234 2315 1273 non
2348 1230 2472 1271 sunt
2500 1219 2531 1268 ii
2551 1218 2639 1286 qui
2667 1218 2897 1272 verenda
2927 1219 3028 1273 sibi
3053 1218 3182 1287 ipsis
3209 1230 3498 1287 amputant

1916 1310 2278 1381 (maledictum
2311 1310 2453 1364 enim
2482 1309 2729 1380 hoc),sed
2763 1311 2852 1380 qni
2879 1311 3220 1364 continentes
3238 1322 3384 1367 sunt.
3407 1312 3498 1364 ln-

1915 1404 2091 1474 tellige
2112 1410 2292 1456 autem
2323 1409 2378 1455 et
2402 1403 2515 1456 sic:
2544 1402 2637 1456 Est
2662 1404 2949 1456 eunuchus
2978 1418 3006 1456 a
3035 1409 3226 1455 natura
3256 1404 3344 1471 ιιιιὶ
3366 1419 3494 1474 pru-

1915 1502 2034 1564 pter
2059 1494 2360 1547 naturalem
2403 1493 2829 1560 complexionem
2874 1509 2977 1547 non
3013 1504 3263 1548 movetur
3298 1496 3363 1548 ad
3399 1509 3492 1549 ve—

1916 1600 2098 1641 nerea.
2140 1587 2218 1640 Ab
2243 1585 2553 1639 hominibus
2594 1594 2772 1638 autem
2817 1587 3098 1639 eunuchus
3145 1588 3222 1650 lit,
3269 1588 3358 1654 qui
3416 1602 3484 1641 ett

1917 1679 2159 1733 humano
2207 1686 2476 1748 prmcepto
2519 1679 2755 1732 carnalis
2803 1679 3257 1749 concupiscentia:
3303 1680 3497 1736 incen-

1918 1771 2063 1825 dium
2111 1771 2400 1826 exscindit.
2431 1770 2676 1841 Seipsum
2709 1779 2885 1826 autem
2921 1782 3143 1829 castrat.
3171 1774 3262 1844 qui
3295 1789 3397 1828 non
3428 1772 3497 1827 ab

1923 1863 2047 1926 alio,
2075 1863 2169 1918 sed
2198 1879 2225 1916 a
2257 1851 2438 1932 εἐἰιιεο
2478 1862 2667 1921 doctus
2702 1873 2806 1930 est,
2836 1874 2888 1919 et
2916 1880 3010 1918 sua
3045 1875 3240 1933 sponte
3270 1866 3333 1919 ad
3364 1881 3496 1919 cou-

1924 1955 2208 2010 tinentiam
2234 1954 2545 2009 inclinatur.
2575 1954 2861 2025 llicigitur
2905 1968 2957 2011 et
2998 1956 3234 2025 optimus
3273 1965 3375 2022 est,
3406 1956 3496 2025 qui

1925 2062 2027 2101 non
2061 2047 2130 2101 ab
2158 2046 2286 2111 alio,
2320 2045 2412 2100 sed
2457 2061 2486 2099 a
2524 2047 2703 2116 seipse
2740 2047 3005 2101 deductus
3043 2060 3125 2101 est
3166 2048 3230 2100 ad
3270 2062 3494 2115 regnum

1922 2137 2210 2192 caelorum.
2247 2134 2453 2190 Veiens
2483 2144 2663 2189 autem
2714 2145 2907 2204 Sponte
2935 2150 3038 2189 nos
3076 2138 3287 2203 operari
3323 2137 3501 2189 virtu-

1926 2240 2054 2294 tem,
2088 2230 2256 2298 inquit
2282 2245 2295 2283 :
2325 2247 2343 2289 t
2379 2228 2476 2295 Qui
2498 2238 2671 2296 potest
2702 2242 2918 2298 capere,
2945 2229 3147 2298 capiat.
3170 2246 3187 2281 ι
3221 2227 3333 2281 Non
3351 2229 3494 2281 enim

1922 2322 2063 2392 cogit
2110 2321 2372 2390 virginem
2422 2335 2563 2384 esse,
2607 2335 2780 2390 neque
2824 2319 3040 2389 nuptias
3088 2319 3341 2385 destruit,
3398 2318 3495 2375 sed

1923 2411 2284 2481 virginitatem
2315 2413 2554 2480 praefert.

1994 2586 2156 2640 Vens.
2195 2584 2281 2649 l5,
2314 2584 2400 2640 Η.
2439 2603 2458 2635 ι
2482 2581 2634 2637 Tunc.
2666 2583 2827 2638 oblati
2860 2592 2986 2638 sunt
3018 2583 3065 2636 ei
3091 2581 3273 2651 puelli,
3298 2591 3354 2637 ιιι
3384 2598 3503 2637 ma-

1923 2694 2024 2733 nus
2061 2678 2165 2731 illis
2196 2678 2516 2744 imponeret,
2561 2686 2616 2729 ct
2663 2685 2867 2741 oraret;
2901 2674 3145 2743 discipuli
3193 2687 3373 2728 autem
3416 2679 3502 2729 in-

1922 2771 2217 2838 crepabant
2246 2783 2362 2822 eos.
2382 2767 2540 2822 Jesus
2574 2781 2698 2822 vero
2730 2767 2905 2836 inquit
2933 2766 3012 2820 cis
3034 2783 3047 2819 :
3071 2765 3244 2820 Sinite
3274 2767 3502 2836 puellos,

1922 2875 1975 2919 et
2005 2880 2068 2919 ne
2096 2863 2432 2935 prohibeatis
2454 2877 2548 2918 eos
2589 2861 2771 2916 venire
2797 2862 2860 2912 ad
2880 2875 2997 2915 me:
3044 2860 3227 2913 talium
3251 2869 3333 2913 est
3356 2861 3500 2913 enim

1923 2974 2143 3028 regnum
2189 2956 2470 3012 malorum.
2519 2974 2537 3010 ι
2582 2954 2893 3009 Alferebant
2939 2962 3142 3006 matres
3194 2966 3414 3021 pueros,
3447 2961 3505 3006 ιιι

1923 3051 2373 3105 bcnedicerentur
2402 3062 2655 3102 manuum
2689 3056 2960 3101 contactu.
2999 3045 3360 3114 Incomposite
3404 3059 3501 3097 an-

1923 3151 2031 3196 tcm
2077 3152 2125 3197 et
2177 3143 2392 3196 turbate
2442 3138 2770 3194 accedebant
2820 3139 2884 3190 ad
2924 3153 3080 3202 eum,
3126 3149 3178 3190 et
3216 3144 3500 3205 propterea

1923 3235 2212 3306 prohibent
2260 3232 2533 3303 discipuli,
2587 3232 2745 3285 simul
2808 3230 2972 3283 etiam
3032 3228 3177 3297 quod
3226 3229 3505 3282 existima-

1924 3338 2045 3383 rent
2100 3327 2202 3381 hoc
2257 3326 2520 3396 derogare
2573 3324 2832 3379 doctrina:
2881 3322 2997 3393 ejus
3059 3321 3391 3385 auctoritati,
3456 3321 3502 3376 si

1923 3419 2248 3474 ollerreutur
2295 3419 2343 3473 ei
2399 3417 2628 3486 parvuli.
2670 3416 2919 3471 Christus
2965 3421 3145 3468 autem
3200 3414 3502 3470 OStendeus

1925 3513 2112 3581 qnoda
2135 3510 2275 3566 fastu
2300 3485 2514 3579 alienos
2543 3509 2714 3577 magis
2756 3485 3097 3570 amet,dieit:
3129 3523 3146 3556 t
3183 3504 3353 3558 Sinite
3382 3518 3509 3573 par.

1926 3604 2114 3668 vulus;
2156 3601 2339 3656 talium
2392 3610 2481 3655 est
2525 3598 2669 3653 enim
2718 3613 2943 3666 regnum
2999 3597 3283 3651 cteloruut.
3326 3614 3347 3648 ι
3390 3594 3506 3651 Non

1928 3695 2083 3755 dixit,
2128 3695 2319 3747 horum
2371 3692 2495 3756 sed,
2543 3690 2753 3753 talium,
2799 3688 2955 3759 102
2985 3689 3087 3742 hoc
3124 3695 3207 3743 est
3240 3687 3509 3758 simplici.

1929 3793 2039 3839 tate
2080 3783 2450 3854 praeditorum,
2483 3781 2873 3844 innocentium,
2923 3779 3140 3832 malitia:
3171 3780 3502 3848 expertittm,

1928 3876 2102 3930 Etiam
2137 3873 2297 3929 hodie
2325 3872 2370 3927 si
2420 3873 2680 3926 accedant
2703 3874 2768 3924 ad
2802 3872 3075 3925 doctorem
3100 3869 3345 3924 nonnulli
3376 3885 3507 3938 pue-

1926 3965 2054 4019 riles
2094 3963 2429 4032 .qttatstiones
2481 3962 2902 4031 interrogantes,
2936 3974 3043 4014 non
3079 3960 3386 4030 prohibeat,
3413 3961 3508 4014 sed

1926 4054 2209 4123 Suscipiat.

1998 4164 2163 4221 Vens.
2200 4165 2379 4220 lii-l7.
2417 4183 2435 4217 t
2468 4164 2533 4218 Et
2580 4179 2703 4220 cum
2758 4162 3107 4233 imposuisset
3154 4162 3261 4218 illis
3290 4180 3505 4230 manus,

1929 4260 2063 4315 abiit
2090 4260 2259 4319 illinc.
2290 4259 2355 4313 Et
2387 4274 2513 4314 ecce
2546 4274 2686 4313 unus
2712 4258 2976 4312 accedens
3005 4257 3082 4311 ait
3106 4256 3215 4311 illi:
3252 4257 3511 4329 Mag‘ster

1929 4355 2091 4419 bone,
2130 4352 2402 4422 quidboni
2436 4350 2632 4405 faciam
2669 4360 2723 4403 ut
2755 4349 2982 4403 habt-am
3016 4349 3179 4401 vitam
3207 4349 3513 4403 aeternam?

1930 4447 2029 4512 Qui
2054 4447 2188 4501 dixit
2225 4447 2310 4500 ei;
2344 4443 2455 4499 Cur
2485 4459 2569 4497 me
2601 4457 2763 4497 vocas
2802 4442 3041 4497 bonum?
3075 4439 3263 4494 Nullus
3296 4449 3375 4496 est
3412 4442 3511 4495 bo-

248 4530 304 4582 εἱ
335 4528 409 4598 μὴ
438 4522 521 4591 εἷς
548 4529 575 4580 ὁ
613 4527 766 4589 Θεὸς.
805 4546 824 4577 ι
855 4527 968 4596 Οὐχ
998 4525 1072 4588 ὡς
1104 4523 1379 4595 πειράζων
1411 4522 1714 4594 προσῆλθεν
1742 4514 1823 4574 οὒ-

1940 4554 2061 4602 ιιυε,
2096 4538 2198 4593 uisi
2237 4552 2396 4601 unus,
2429 4550 2620 4604 nempe
2643 4534 2807 4589 Deus.
2840 4552 2860 4585 ι
2890 4533 3007 4587 Non
3040 4542 3098 4587 ut
3128 4541 3344 4587 tentans
3372 4535 3514 4587 venit

249 4640 368 4686 τος,
398 4621 513 4674 ἀλλ’
544 4621 621 4683 ὡς
666 4621 836 4679 θέλων
891 4618 1105 4690 μαθεῖν,
1154 4618 1249 4670 καὶ⁵
1277 4616 1447 4686 διψῶν
1477 4614 1576 4684 τῆς
1609 4615 1830 4668 αἰωνίου

251 4718 403 4787 ζωῆς
432 4735 444 4748 ·
478 4715 751 4787 προσῆλθε
773 4715 830 4769 δὲ
880 4715 960 4786 τῷ
997 4714 1219 4786 Χριστῷ
1248 4713 1321 4777 ὡς
1365 4712 1641 4785 ἀνθρώπῳ
1669 4710 1830 4782 ψιλῷ*

253 4813 353 4867 καὶ
382 4811 472 4862 διὰ
497 4810 657 4863 τοῦτό
686 4824 851 4878 φησιν
878 4808 906 4859 ὁ
942 4806 1165 4878 Κύριος·
1198 4804 1263 4858 Τί
1297 4821 1362 4876 με
1383 4804 1559 4870 λέγεις
1589 4803 1830 4871 ἀγαθόνς

255 4903 445 4962 υἱιδεὶς
481 4901 681 4969 ἀγαθὸς
708 4903 757 4952 εἰ
797 4900 872 4971 μὴ
906 4893 986 4962 εἷς
1008 4901 1035 4953 ὁ
1063 4897 1219 4961 Θεὸς·
1257 4897 1563 4961 τουτέστιν,
1602 4896 1730 4948 Ἐὰν
1757 4894 1834 4960 ὡς

253 4994 354 5045 ἕνα
398 4992 508 5045 τῶν
544 4990 882 5046 διδασκάλων
915 5008 981 5060 με
1010 4989 1188 5059 λέγεις
1216 4985 1356 5042 εἶναι
1392 4987 1617 5056 ἀγαθὸν,
1648 4986 1834 5050 κακῶς

253 5085 435 5151 λέγεις
457 5100 472 5115 ο
498 5084 673 5147 οὐδεὶς
702 5085 812 5153 γὰρ
840 5081 1148 5154 ἀνθρώπων
1190 5080 1395 5151 κυρίως
1428 5079 1631 5148 ἁγαθός
1658 5096 1672 5110 ’
1718 5080 1834 5148 ἅμα

262 5177 386 5246 μὲν,
436 5177 519 5229 ὅτι
569 5175 665 5229 καὶ
707 5175 1064 5243 εὐμετάϐολοί
1126 5176 1293 5244 ἐσμεν
1341 5175 1449 5227 ἀπο
1482 5171 1574 5224 τοῦ
1626 5169 1834 5239 ἀγαθοῦ

255 5270 609 5338 τρεπόμενοι·
657 5267 773 5338 ἅμα
820 5268 897 5334 δὲ,
936 5268 1017 5320 ὅτι
1080 5267 1174 5320 καὶ
1225 5266 1630 5336 συγκρινομένη
1698 5263 1836 5335 πρὸς

257 5362 361 5430 τὴν
392 5360 485 5413 τοῦ
534 5360 670 5414 Θεοῦ
701 5362 1018 5431 ἁγαθότητα
1109 5359 1452 5429 ἀνθρωπίνη,
1491 5356 1726 5427 πονηρία
1750 5373 1837 5409 νο-

263 5453 506 5524 μίζεται.

340 5566 359 5596 ι
400 5547 462 5598 Et
503 5544 564 5597 δὲ
614 5544 789 5609 θέλεις
835 5545 1096 5600 εἰσελθεῖν
1142 5545 1224 5608 εις
1254 5543 1354 5616 τὴν
1401 5540 1571 5611 ζωὴν,
1597 5544 1838 5614 τήρησον

262 5642 360 5700 τὰς
392 5639 634 5703 ἐντολάς.
662 5639 825 5707 Λέγει
853 5639 1021 5709 αὑτῷ⁸
1057 5637 1337 5706 ΠοίαςςὉ
1361 5637 1419 5692 δὲ
1467 5636 1671 5707 Ἰησοῦς
1715 5630 1836 5687 εἷπε

261 5731 343 5792 τὸ,
375 5732 447 5783 Οὐ
477 5729 778 5797 φονεύσεις,
800 5731 863 5784 οὐ
891 5732 1222 5802 μοιχεύσεις,
1247 5733 1308 5785 οὐ
1338 5729 1580 5800 κλέψεις,
1609 5728 1672 5782 ού
1704 5727 1836 5796 ψευ-

259 5822 724 5893 δομαρτυρήσεις
769 5823 902 5893 τίμα
937 5823 1027 5877 τὸν
1059 5824 1270 5889 πατέρα
1306 5839 1400 5877 σου
1448 5824 1543 5876 καὶ
1577 5821 1677 5888 τὴν
1726 5838 1832 5887 μη-

1937 4631 2047 4693 ille,
2084 4633 2177 4685 sed
2209 4638 2270 4683 ut
2303 4627 2517 4682 discere
2556 4627 2802 4694 cupiens,
2833 4633 2888 4679 et
2915 4626 3107 4678 sitiens
3143 4626 3307 4677 vitam
3348 4633 3510 4676 acter-

1935 4736 2081 4775 nam.
2107 4718 2351 4773 Accessit
2381 4729 2562 4771 autem
2600 4717 2666 4769 ad
2693 4715 2970 4769 Christum
3018 4714 3173 4783 quasi
3211 4714 3278 4767 ad
3313 4728 3509 4782 purum

1937 4811 2211 4867 hominem
2236 4827 2250 4863 ι
2293 4820 2348 4865 ει
2375 4810 2578 4865 idcirco
2603 4809 2733 4863 dicit
2770 4807 3217 4873 Dominnsthtitl
3244 4821 3329 4861 me
3350 4820 3513 4860 vocas

1935 4903 2170 4959 bonum?
2215 4901 2404 4958 Nullus
2433 4903 2629 4967 bonus,
2662 4901 2761 4955 nisi
2802 4916 2940 4955 unus
2968 4900 3146 4954 Dens:
3190 4899 3294 4953 hoc
3321 4910 3425 4964 est,
3465 4900 3510 4952 si

1934 4997 2088 5066 quasi
2116 5012 2278 5048 unum
2299 5010 2364 5050 ex
2398 4994 2820 5065 praeceptoribus
2843 4994 3040 5047 bonum
3078 5005 3163 5045 tne
3193 4991 3347 5055 dicis,
3377 4991 3515 5045 male

1934 5088 2094 5145 dicis.
2130 5085 2323 5141 Nullus
2346 5087 2494 5140 enim
2524 5085 2800 5140 hominum
2827 5082 3044 5151 proprie
3076 5082 3278 5134 bonus:
3313 5082 3507 5148 partim

1937 5183 2079 5252 quod
2117 5180 2403 5234 mutabiles
2441 5193 2629 5233 sumus
2670 5192 2699 5228 a
2736 5176 2879 5229 bono
2910 5174 2963 5228 in
3020 5173 3260 5228 malum:
3309 5175 3510 5244 partim

1937 5276 2080 5345 quod
2117 5285 2303 5329 nostra
2340 5271 2553 5327 bonitas
2587 5272 2653 5324 ad
2697 5268 2937 5323 divinam
2961 5266 3265 5323 bonitatem
3296 5266 3510 5335 collata,

1937 5367 2145 5423 tnalitia
2176 5374 2280 5421 est.
2640 5392 2673 5419 χ

2008 5545 2172 5601 Vens.
2200 5541 2387 5598 l7-l9.
2419 5560 2437 5593 ι
2467 5540 2619 5608 Quod
2644 5539 2688 5595 si
2715 5538 2796 5593 vis
2814 5537 2882 5593 ad
2913 5537 3079 5592 vitam
3104 5535 3333 5607 ingredi,
3352 5548 3508 5589 serva

1937 5638 2213 5690 mandata.
2245 5632 2388 5687 Dicit
2422 5633 2496 5686 illi
2524 5648 2536 5684 :
2565 5628 2730 5698 Quae?
2767 5626 2926 5684 Jesns
2966 5636 3149 5683 autem
3181 5624 3358 5680 dixit:
3389 5620 3507 5675 Non

1938 5729 2107 5782 facies
2150 5724 2523 5787 homicidium,
2556 5736 2663 5777 non
2694 5720 3007 5777 committes
3025 5716 3371 5777 adulterium.
3407 5728 3511 5767 non

1939 5820 2106 5875 facies
2153 5818 2379 5883 furtum,
2418 5832 2521 5873 non
2578 5815 2771 5871 falsum
2803 5814 2951 5869 dices
2987 5809 3377 5872 testimonium,
3413 5806 3510 5860 ho-
