4078 6464
580 340 684 401 35")

1416 332 2001 394 THEOPHYLACTI
2046 331 2461 393 BULGARIZE
2498 335 2857 398 ARCIIIEP.

3707 340 3814 402 25⁵³)

581 458 706 498 μοι-ει
741 452 945 512 patrem
980 453 1131 499 tuum
1173 450 1225 497 et
1258 452 1510 509 matrem,
1543 452 1597 498 et
1619 444 1808 515 diliges
1833 447 2138 516 proximum

2258 443 2398 513 τέρα,
2432 446 2526 498 καὶ
2554 448 2867 517 ἀγαπήσεις
2908 446 3001 500 τὸν
3029 444 3253 517 πλησίον
3277 463 3373 503 σου
3401 447 3479 512 ὡς
3514 452 3758 505 σεαυτόν.
3799 474 3816 503 ι

580 544 727 588 tuum
765 546 821 588 ut
854 536 1106 603 teipsnm.
1140 552 1160 586 ι
1198 534 1454 590 Dominus
1475 535 1540 589 ad
1572 538 1704 606 legis
1738 539 1990 593 mundata
2026 543 2149 596 mit-

582 625 648 678 tit
680 636 986 694 rogantem,
1015 641 1083 680 ne
1111 625 1279 681 Juda-i
1312 627 1494 681 dicant
1528 630 1671 697 quod
1708 630 1877 698 legem
1903 641 2149 688 contem-

577 724 671 770 nat
693 716 791 784 (α).
824 715 961 782 Quid
999 715 1204 786 igitur?

650 806 921 867 V'ans.20.
945 828 965 862 ι
1008 809 1144 863 Dicit
1177 810 1249 864 illi
1284 811 1629 866 adulescens:
1661 809 1852 866 Omnia
1889 812 2004 875 haec
2031 827 2150 870 ser-

581 904 701 953 vavi
747 916 776 954 a
818 902 1104 969 juventute
1145 920 1286 960 mea.
1328 904 1469 971 Quid
1512 907 1688 960 adhuc
1730 908 1859 960 mihi
1902 908 2089 962 deest?
2124 926 2144 960 ι

578 993 988 1049 Adolesceutem
1028 1006 1209 1050 autem
1234 997 1451 1066 quidam
1485 1007 1543 1050 ut
1586 1000 1875 1066 superbum
1909 1011 1965 1054 et
1997 1016 2150 1059 arro-

579 1097 796 1156 gentem
823 1096 1072 1155 arguunt.
1107 1088 1389 1153 Quomodo
1417 1090 1560 1144 enim
1585 1091 1862 1149 dilexisset
1894 1092 1994 1145 rite
2025 1107 2146 1162 pro-

578 1172 808 1239 ximum,
842 1174 931 1243 qui
954 1175 1104 1230 dives
1128 1177 1280 1230 erat?
1321 1176 1507 1233 Nullus
1539 1179 1682 1232 enim
1708 1177 1936 1249 diligens
1967 1179 2149 1241 proxi-

582 1280 728 1318 mum
759 1274 814 1318 ut
852 1266 1115 1334 seipsmn,
1143 1269 1305 1322 ditior
1326 1276 1411 1324 est
1443 1271 1728 1339 proximo:
1758 1271 1935 1326 omnis
1969 1282 2148 1327 autem

581 1353 743 1410 homo
782 1358 1077 1423 proximus.
1112 1359 1342 1426 Quidam
1369 1361 1449 1416 sic
1485 1361 1812 1433 intelligunt,
1857 1363 1929 1417 Da
1953 1403 1969 1430 ,
2005 1366 2151 1435 quod

580 1444 694 1498 hanc
721 1445 900 1499 omnia
931 1449 1189 1500 servarint
1213 1467 1228 1508 ;
1249 1450 1375 1517 quid
1406 1449 1581 1502 adhuc
1605 1449 1732 1508 mihi
1754 1451 1941 1505 deest?

650 1535 810 1593 Vnus.
840 1536 1027 1601 2|,‘22.
1052 1556 1073 1588 ι
1098 1539 1189 1591 Ait
1221 1539 1292 1592 illi
1321 1538 1515 1596 Jesns:
1544 1539 1701 1595 Sivis
1719 1541 2148 1611 perfecmsesse,

579 1628 736 1692 vade,
765 1627 938 1684 vende
969 1643 1088 1696 quae
1115 1630 1302 1692 liahes.
1334 1640 1390 1685 et
1420 1630 1484 1683 da
1517 1632 1863 1701 pauperibus,
1896 1645 1951 1688 et
1976 1635 2145 1697 habe-

578 1718 662 1772 his
708 1719 1020 1772 thesaurum
1055 1720 1107 1775 in
1157 1723 1331 1788 caelo:
1365 1732 1416 1776 et
1444 1722 1587 1790 veni,
1615 1739 1842 1791 sequere
1875 1742 1982 1781 me.
2012 1727 2147 1781 Cum

578 1808 1050 1866 audisset'autem
1100 1814 1420 1870 adolescens
1467 1831 1589 1870 eum
1638 1823 1966 1887 sermonem,
2013 1820 2146 1876 abiit

581 1901 775 1966 tristis,
819 1910 936 1956 erat
984 1903 1127 1956 enim
1174 1904 1378 1958 habens
1427 1906 1800 1975 possessiones
1851 1906 2065 1962 multas.
2119 1925 2142 1961 ι

579 1991 959 2062 Qumcunque,
1016 1994 1210 2063 inquit,
1262 1994 1438 2051 fecisti
1491 2011 1657 2065 opera
1719 1995 1880 2062 bona,
1920 1995 2146 2053 Judaico

580 2099 735 2137 more
761 2083 935 2137 feciin
972 2101 987 2137 :
1018 2084 1061 2138 si
1096 2094 1273 2138 autem
1303 2088 1384 2139 vis
1420 2086 1836 2155 perfectus,hoc
1853 2098 1962 2156 est,
1995 2102 2148 2145 meus

580 2176 877 2243 discipulus
920 2189 1039 2231 esse
1074 2186 1130 2231 et
1177 2176 1547 2232 Christianus:
1579 2180 1735 2242 vade,
1770 2181 1941 2234 vende
1966 2181 2147 2236 omnia

580 2284 702 2337 mne
729 2270 915 2335 habes,
949 2278 1003 2323 et
1036 2270 1101 2323 da
1132 2272 1314 2324 statim
1355 2271 1515 2325 simul
1552 2273 1757 2339 oumia,
1791 2273 1934 2329 nulla
1980 2290 2150 2330 reser-

583 2374 736 2422 vans,
774 2370 830 2413 ut
856 2362 1167 2415 continuam
1204 2361 1371 2417 facias
1401 2362 1817 2435 elecmosynam.
1856 2364 1971 2420 Non
2002 2367 2146 2429 enim

584 2450 739 2510 dixit,
771 2448 1031 2502 Paulatim
1051 2450 1117 2502 da
1152 2450 1499 2519 pauperibus,
1531 2455 1625 2508 sed
1664 2454 1818 2518 dixit,
1848 2453 1925 2509 Da
1956 2457 2146 2522 semel,

580 2549 633 2593 et
657 2545 831 2595 lllltillS
865 2550 1005 2596 esto.
1034 2541 1167 2596 Dein
1214 2545 1341 2611 quia
1386 2553 1512 2599 sunt
1550 2547 1702 2601 multi
1741 2549 2148 2615 misericordes,

576 2633 742 2684 vitam
781 2641 956 2686 tamen
987 2632 1135 2686 omni
1172 2633 1374 2687 malitia
1408 2635 1620 2707 plenam
1659 2638 1942 2706 habentes,
1978 2643 2147 2701 dicit:

582 2741 601 2775 ι
642 2724 706 2777 Et
737 2724 882 2790 veni,
910 2740 1139 2794 sequere
1160 2741 1265 2792 me,
1300 2746 1319 2780 ι
1342 2729 1442 2782 hoc
1462 2738 1567 2796 est,
1587 2745 1800 2788 omnem
1821 2734 1982 2791 aliam
2012 2752 2150 2806 quon

576 2831 682 2886 que
736 2819 987 2873 virtutem
1048 2820 1206 2874 habe.
1257 2821 1589 2878 Adolescens
1643 2824 1807 2896 igitur
1879 2829 2147 2887 indoluit:

578 2910 921 2965 desiderabat
956 2912 1178 2978 etenim,
1206 2922 1261 2968 et
1290 2922 1429 2968 terra
1477 2917 1656 2972 cordis
1687 2919 1856 2988 ipsius
1885 2921 2149 2990 profunda

578 3010 778 3056 eratet
824 3003 1064 3074 pinguis,
1096 3005 1190 3060 sed
1238 3007 1405 3077 spina:
1434 3009 1746 3066 divitiarum
1787 3012 2145 3070 sulfocahaut.

579 3091 710 3147 Erat
728 3094 892 3162 enim,
916 3095 1115 3164 inquit,
1140 3096 1344 3153 habens
1366 3103 1739 3169 possessiones
1768 3104 1987 3162 multas.
2015 3107 2144 3163 Nam

2258 3133 2597 3199 συνέπνιγον·

579 3185 887 3255 quipaueas
929 3187 1324 3253 habennonita
1349 3193 1417 3247 ab
1448 3192 1550 3249 illis
1588 3196 1898 3255 detinetur:
1931 3200 1981 3253 in
2014 3203 2150 3256 mul-

580 3278 651 3332 tis
677 3278 821 3332 enim
852 3280 1058 3337 divitiis
1080 3283 1370 3341 violentius
1397 3297 1480 3342 est
1497 3288 1795 3347 vinculum.
1828 3291 1999 3351 Porro
2026 3299 2150 3367 quia

578 3368 731 3424 diviti
753 3371 1067 3441 loquebatur
1083 3373 1353 3443 Christus,
1378 3378 1613 3447 dicebat,
1632 3379 1929 3442 Habiturus
1953 3404 2013 3444 es
2035 3391 2152 3446 the-

583 3476 804 3516 saurum
829 3466 879 3517 in
912 3461 1252 3537 caelo.'103
1282 3469 1592 3527 divitiarum
1625 3474 1768 3529 enim
1788 3478 1997 3535 amator
2012 3491 2151 3539 erat.

655 3554 817 3609 Vsus.
855 3555 949 3619 23,
972 3556 1064 3613 24.
1094 3575 1113 3607 ι
1148 3557 1307 3614 Jesus
1328 3571 1507 3614 autem
1538 3564 1674 3619 dixit
1701 3567 1979 3639 discipulis
2004 3574 2151 3631 suis:

587 3646 756 3700 Amen
782 3647 906 3701 dico
923 3649 1072 3703 vobis
1092 3687 1108 3714 ,
1142 3650 1293 3743 dives
1332 3652 1547 3710 difﬁcile
1575 3655 1803 3713 intrabit
1848 3661 1902 3715 in
1933 3678 2152 3732 regnum

582 3741 866 3799 cmlorum.
891 3742 1086 3799 lterum
1107 3741 1283 3802 autem
1308 3750 1427 3804 dico
1458 3752 1629 3819 vobis,
1653 3752 1864 3811 facilius
1880 3767 2155 3814 esteeme-

584 3830 694 3885 lum
732 3847 826 3902 per
865 3833 1105 3890 foramen
1148 3852 1281 3893 acus
1337 3843 1588 3909 transire,
1636 3859 1797 3912 quam
1850 3847 2071 3904 divitem
2100 3852 2155 3907 in

582 3938 806 3994 regnum
844 3928 936 3982 Dei
969 3929 1197 4000 ingredi.
1231 3951 1251 3986 ι
1280 3933 1694 3999 ριιιιηιιίιιιιίνεε
1723 3941 1910 4008 etipse
1937 3943 2156 4012 quidem

584 4016 746 4073 habet
803 4020 1096 4089 superflua,
1178 4034 1233 4078 et
1259 4026 1350 4079 alii
1410 4042 1515 4081 non
1543 4028 1625 4083 vel
1678 4034 2006 4100 necessaria,
2047 4049 2156 4091 non

581 4108 882 4179 ingreditur
938 4114 990 4166 in
1023 4128 1249 4181 regnum
1296 4118 1578 4176 cmlorum.
1642 4120 1932 4193 Postquam
1975 4135 2156 4181 autem

581 4203 817 4256 escussit
843 4204 1046 4269 omnia,
1106 4217 1232 4258 tunc
1286 4223 1388 4260 non
1424 4218 1508 4262 est
1546 4210 1716 4273 dives,
1755 4221 1809 4265 et
1837 4222 2024 4287 postea
2078 4216 2159 4270 in-

581 4294 1118 4363 trabitJmpossihile
1133 4308 1214 4350 est
1243 4300 1384 4352 enim
1406 4301 1569 4354 multa
1604 4301 1892 4359 habentem
1931 4308 2155 4372 intrare,

582 4388 723 4441 sicut
740 4397 792 4440 et
813 4387 1075 4440 cautelqu
1095 4388 1426 4459 impossibile
1446 4408 1539 4456 per
1562 4393 1805 4454 foramen
1830 4414 1961 4454 acus
1986 4409 2158 4457 trans-

583 4481 683 4536 ire.
761 4481 892 4536 Vide
941 4490 1118 4535 autem
1180 4484 1451 4553 quomodo
1507 4489 1648 4556 quod
1705 4491 1953 4559 superius
2023 4466 2239 4550 dixitD

583 4571 820 4641 difﬁcile,
851 4575 938 4631 hic
969 4576 1467 4647 tlicitimpossibile.
1493 4579 1747 4636 Nonnulli
1770 4594 1948 4640 autem
1973 4586 2158 4643 dicunt

581 4668 851 4725 camelum
873 4683 979 4723 non
1006 4668 1549 4741 animalsiguiticare,
1582 4676 1934 4732 sedcrassum
1967 4694 2158 4749 quem-

582 4759 708 4815 dam
743 4756 946 4827 funem,
970 4775 1080 4831 quo
1107 4771 1284 4818 nautae
1317 4774 1541 4822 utuntur
1566 4777 1623 4823 ut
1666 4769 1954 4840 projiciant
2001 4788 2161 4830 anco-

583 4865 697 4907 ras.

659 5068 827 5129 Vsus.
851 5071 942 5138 25,
974 5072 1065 5128 26.
1095 5093 1114 5126 ι
1144 5074 1358 5129 Auditis
1377 5084 1555 5132 autem
1588 5077 1692 5140 his.
1716 5078 1964 5148 discipuli
1996 5095 2160 5150 expa-

574 5171 782 5220 ‘verunt
814 5166 989 5231 valde,
1018 5167 1262 5224 dicentes
1285 5187 1300 5224 :
1326 5169 1458 5237 Quis
1475 5184 1601 5239 ergo
1618 5180 1794 5238 potest
1811 5172 1990 5227 salvus
2010 5173 2126 5227 ficri
2138 5176 2163 5229 2

590 5255 826 5315 lntuitus
857 5267 1036 5313 autem
1072 5259 1193 5315 illos
1227 5259 1385 5316 Jesus
1417 5262 1553 5317 dixit
1573 5263 1700 5329 illis,
1732 5264 1885 5333 Apud
1914 5264 2161 5322 homines

575 5354 696 5429 phoc
730 5350 1064 5419 impossibile
1098 5363 1203 5419 est,
1236 5356 1373 5424 apud
1407 5356 1574 5411 Deum
1603 5365 1783 5410 autem
1823 5359 2003 5412 omnia
2035 5374 2160 5428 pos-

587 5442 765 5496 sibilia
812 5451 960 5496 sunt.
1000 5460 1022 5495 ι
1059 5443 1312 5516 Discipuli
1338 5454 1396 5500 ut
1433 5447 1829 5517 misericordes,
1854 5466 1958 5506 non
1992 5451 2162 5506 inter-

2268 538 2328 592 Ὀ
2363 541 2566 611 Κύριος
2592 544 2685 595 ἐπὶ
2708 546 2808 605 τὰς
2837 541 3068 613 νομικὰς
3102 542 3322 604 ἐντολὰς
3354 542 3708 612 παραπέμπει
3734 544 3821 597 τὸν

2251 633 2634 703 ἐρωτήσαντα,
2678 634 2768 689 ἴνα
2823 636 2898 705 μὴ
2935 635 3101 705 ἔχωσι
3145 636 3327 703 λέγειν
3354 635 3405 688 οἱ
3443 635 3711 703 Ἰουδαῖοι,
3739 637 3818 690 ὅτι

2251 724 2346 777 τοῦ
2376 724 2544 793 νόμον
2575 726 2925 795 καταφρονεῖ.
2964 725 3028 776 Τί
3058 720 3150 778 οὖν
3178 741 3192 789 ;
3612 788 3623 789 7

2253 816 2270 834 °
2327 836 2347 869 ‹
2388 818 2552 884 Λέγει
2575 817 2724 888 αὑτῷ
2754 819 2782 871 ὁ
2809 818 3110 880 νεανίσκοςο
3145 817 3330 871 Πάντα
3360 816 3534 872 ταῦτα
3559 815 3822 885 ἐφυλαξά-

2255 926 2365 980 μην
2394 911 2459 964 ἐκ
2484 911 2732 979 νεότητός
2793 927 2917 981 μου.
2979 911 3043 964 Τί
3091 910 3173 963 ἔτι
3229 910 3474 982 dett-:96);
3511 930 3531 962 ι
3558 912 3715 975 Τινὲς
3749 912 3821 975 ὡς

2252 1005 2583 1074 κομπαστὴν
2637 1005 2732 1067 καὶ
2786 1004 3022 1068 ἀλαζόνα
3050 1004 3395 1066 διαὸἀλλουσι
3446 1004 3656 1061 τοῦτον.
3703 994 3822 1069 Πῶς

2251 1096 2361 1169 γὰρ
2388 1096 2718 1165 κατώρθωσε
2748 1096 2809 1149 τὸ
2834 1097 3058 1167 ἀγαπᾷν
3100 1097 3191 1151 τὸν
3221 1096 3452 1166 πλησίον
3471 1137 3486 1158 ,
3514 1097 3630 1165 εἴγε
3661 1097 3825 1151 πλού-

2253 1205 2367 1251 σιος
2395 1184 2462 1259 ἧν
2484 1205 2500 1252 ς
2534 1188 2708 1251 οὐδεὶς
2735 1187 2845 1259 γὰρ
2868 1188 3098 1255 ἀγαπῶν
3131 1189 3222 1241 τὸν
3248 1190 3477 1258 πλησίον
3504 1189 3580 1252 ὡς
3610 1189 3823 1255 ἑαυτὸν,

2254 1280 2659 1351 πλουσιώτερός
2694 1281 2812 1334 ἐστι
2861 1281 2955 1335 τοῦ
3008 1280 3257 1353 πλησίον
3294 1284 3401 1344 πᾶς
3428 1281 3484 1335 δὲ
3515 1281 3822 1353 ἄνθρωπος,

2253 1373 2502 1443 πλησίον.
2525 1373 2682 1437 Τινὲς
2699 1373 2757 1427 δὲ
2784 1373 2927 1427 οὕτω
2947 1375 3130 1431 νοοῦσι
3151 1373 3329 1428 τοῦτο’
3356 1373 3610 1436 ’Υπόθες,
3638 1374 3822 1444 φησὶν,

2253 1462 2336 1517 ὅτι
2370 1461 2545 1516 ταῦτα
2577 1464 2756 1518 πάντα
2793 1461 3164 1533 φυλαξαίμηψ
3187 1463 3239 1516 τί
3270 1481 3360 1532 μοι
3395 1463 3474 1516 ἔτι
3502 1463 3722 1528 λείπει;

2330 1573 2350 1605 ι
2394 1533 2540 1625 Ἔφη
2585 1554 2734 1624 αὑτῷ
2764 1557 2793 1608 ὁ
2833 1554 3063 1626 Ἰησοῦν
3096 1556 3158 1609 El
3193 1555 3372 1617 θέλεις
3408 1555 3611 1617 τέλειος
3663 1552 3824 1611 εἶναι.

2254 1646 2457 1716 ὕπαγε,
2486 1646 2742 1715 πώλησόν
2791 1664 2885 1701 σου
2942 1647 3011 1701 τὰ
3051 1648 3390 1718 ὑπάρχοντα,
3423 1647 3518 1701 καὶ
3552 1648 3643 1710 δὺς
3676 1664 3822 1699 πτωσ

2253 1742 2390 1812 χοῖς,
2419 1741 2514 1794 καὶ
2545 1738 2689 1805 ἔξεις
2727 1739 3000 1808 θησαυρὸν
3040 1740 3096 1792 ὲν
3119 1740 3357 1810 οὐρανῷ,
3387 1739 3481 1793 καὶ
3506 1736 3669 1809 δεῦρο
3698 1739 3826 1791 ἀκςτ

2251 1836 2433 1891 λούθει
2461 1853 2572 1906 μοι.
2591 1835 2860 1899 Ἀκούσας
2881 1835 2937 1893 δὲ
2954 1838 2983 1889 ὁ
3006 1835 3287 1896 νεανίσκος
3307 1835 3399 1887 τὸν
3418 1835 3596 1902 λόγον,
3611 1834 3827 1901 ἀπῆλθε

2251 1928 2613 1999 λυπούμενοςο
2647 1923 2716 1999 ἦν
2742 1926 2853 1997 γὰρ
2896 1926 3037 1997 ἔχων
3092 1927 3349 1996 κτήματα
3385 1923 3573 1980 πολλά.
3625 1944 3647 1976 ι
3688 1925 3826 1978 Ὀσα

2256 2023 2380 2094 μὲν,
2417 2022 2620 2092 φησὶν,
2659 2006 2813 2084 εἵπες
2862 2019 3230 2092 κατορθῶσαι,
3280 2019 3455 2072 ταῦτα
3511 2018 3823 2082 Ἰουδαϊκῶς

2254 2111 2628 2183 κατώρθωσας
2653 2130 2667 2144 ·
2717 2112 2770 2165 εί
2820 2111 2877 2165 δὲ
2908 2110 3084 2173 Θέλεις
3108 2110 3332 2174 τέλειος,
3362 2109 3669 2171 τουτέστιν,
3702 2109 3827 2180 ἐμὸς

2265 2200 2407 2257 εἶναι
2458 2203 2705 2273 μαθητὴς
2769 2204 2865 2256 καὶ
2913 2202 3266 2274 Χριστιανὸς,
3315 2201 3521 2270 ὕπαγε,
3573 2200 3825 2270 πώλησόν

2256 2312 2353 2349 σου
2399 2296 2468 2362 τᾲ
2506 2296 2844 2365 ὑπάρχοντα,
2875 2298 2971 2350 καὶ⁸
3006 2294 3093 2357 δὸς
3124 2294 3323 2348 αὐτίκα
3357 2292 3492 2363 ὁμοῦ
3525 2292 3728 2355 πάντα,
3757 2291 3827 2361 μὴ

2256 2386 2629 2458 παρακρατῶν
2650 2403 2794 2449 τινα,
2827 2387 2910 2440 ἵνα
2930 2386 3274 2441 ἀδιάλειπτον
3297 2390 3457 2455 ποιῇς
3484 2386 3582 2456 τὴν
3598 2386 3729 2456 ἐλεη
3740 2403 3827 2454 μο-

2260 2483 2451 2548 σύνην.
2497 2480 2573 2533 Οὐ
2602 2479 2713 2548 γὰρ
2738 2476 2881 2544 εἷπε,
2914 2478 3059 2532 δίδου
3089 2481 3344 2549 πτωχοῖς,
3366 2478 3522 2546 ἀλλά,
3566 2475 3660 2538 δὸς
3687 2474 3829 2539 ἅπαξ

2256 2573 2352 2627 καὶ
2381 2569 2719 2642 γυμνώθητι.
2750 2566 2882 2624 Εἶτα
2910 2569 3033 2624 ἐπεὶ
3064 2571 3171 2623 είσί
3217 2587 3360 2631 τινες
3397 2567 3683 2630 ἐλεοῦντες
3712 2568 3827 2637 μὲ),

2256 2665 2440 2732 πάσης
2476 2664 2533 2718 δὲ
2580 2664 2855 2734 ρυπαρίας
2897 2665 3203 2735 ἀνάμεστον
3238 2664 3352 2736 βίον
3380 2664 3618 2736 ἔχοντες.
3659 2666 3823 2733 φησί·

2263 2777 2283 2811 ι
2319 2758 2429 2811 Καὶ
2483 2755 2642 2826 δεῦρο
2707 2755 2990 2810 ἀκολούθει
3063 2773 3177 2826 μοι,
3210 2775 3229 2808 ι
3270 2758 3551 2821 τουτέστι,
3588 2758 3689 2810 καὶ
3736 2756 3829 2827 τὴν

2258 2850 2425 2920 ἄλλην
2473 2852 2653 2903 πᾶσαν
2682 2848 2881 2918 ἀρετὴν
2918 2848 3033 2918 ἔχε.
3077 2848 3137 2903 '0
3171 2849 3353 2917 μέντοι
3381 2849 3673 2913 νεανίσκος
3709 2848 3828 2902 ἐλυφ

2259 2945 2429 3016 πήθη·
2462 2941 2726 3012 ἐπεθύμει
2755 2941 2856 3010 μὲν
2884 2943 3016 3011 γὰρ,
3044 2942 3141 2995 καὶ
3181 2942 3369 3013 βαθεῖα
3393 2942 3490 2996 καὶ
3524 2942 3671 2997 πίων
3699 2937 3763 3011 ἦν
3793 2942 3824 3010 ἡ

2258 3038 2331 3107 γῆ
2358 3038 2456 3106 τῆς
2489 3035 2716 3108 καρδίας
2743 3033 2934 3098 αὐτοῦ,
2968 3033 3081 3087 ἀλλ’
3107 3036 3162 3088 αἱ
3194 3034 3426 3089 ἄκανθαι
3461 3034 3557 3088 τοῦ
3595 3034 3825 3091 πλούτου

2648 3126 2718 3201 ἦν
2766 3129 2897 3200 γὰρ,
2943 3130 3132 3198 φησὶν,
3163 3129 3302 3198 ἔχων
3343 3129 3599 3200 κτήματα
3630 3127 3820 3183 πολλὰ.

2270 3228 2330 3279 '0
2364 3227 2463 3295 μὲν
2492 3224 2603 3293 γὰρ
2634 3223 2790 3292 ὀλίγα
2812 3222 2970 3294 ἔχων,
2997 3223 3098 3293 οὐχ
3127 3222 3327 3291 ὁμοίως
3370 3222 3670 3291 κατέχεται
3708 3219 3827 3275 τού-

2254 3337 2391 3384 τοις·
2418 3321 2476 3373 ὲν
2507 3318 2617 3389 γάρ
2653 3320 2766 3380 τοῖς
2792 3316 3010 3380 πολλοῖς
3048 3313 3515 3386 τυραννικώτερος
3544 3316 3574 3367 ὁ
3602 3312 3824 3383 δεσμός⁹

2255 3417 2376 3471 ἐπεὶ
2400 3416 2457 3468 5:
2478 3416 2614 3486 προς
2643 3413 2898 3467 πλούσιον
2921 3412 3193 3481 διελέγετο
3214 3414 3241 3466 ὁ
3269 3412 3494 3481 Κύριος,
3524 3410 3720 3479 φησὶν,
3747 3410 3825 3472 ὅτι

2256 3510 2439 3577 Ἕξεις
2470 3511 2530 3563 ὲν
2578 3509 2831 3580 οὐρανοῖς
2862 3505 3157 3576 θησαυρὸν,
3185 3505 3306 3559 ἐπεὶ
3339 3498 3823 3574 φιλοχρήματοςεῖ.

2332 3622 2353 3657 ι
2398 3602 2457 3656 ’0
2473 3601 2530 3656 δὲ
2567 3601 2772 3671 Ἰησοῦς
2806 3598 2926 3653 εἷπε
2957 3601 3068 3663 τοῖς
3095 3597 3363 3669 μαθηταῖς
3392 3596 3559 3653 αὐτοῦ
3598 3612 3611 3627 ·
3658 3596 3825 3666 ’Δμὴν

2256 3695 2401 3763 λέγω
2430 3695 2560 3763 ὑμῖν
2608 3694 2690 3746 ὅτι
2721 3692 2975 3754 πλούσιος
2999 3687 3275 3753 δυσκόλως
3322 3688 3699 3742 είσελεύσεται
3751 3688 3828 3751 είς

2255 3790 2358 3857 τὴν
2392 3787 2671 3857 βασιλείαν
2698 3786 2811 3839 τῶν
2865 3783 3134 3855 οὐρανῶν.
3173 3783 3342 3837 Πάλιν
3371 3783 3430 3835 δὲ
3480 3781 3627 3850 λέγω
3680 3782 3827 3851 ὑμῖν,

2256 3879 2632 3952 εὐκοπώτερόν
2663 3880 2779 3932 ἐστι
2805 3878 3050 3949 κάμηλον
3071 3877 3159 3931 διὰ
3207 3876 3564 3947 τρυπήματος
3604 3873 3828 3943 ῥαφίδος

2255 3971 2505 4036 διελθεῖν,
2541 3972 2575 4043 ἢ
2613 3970 2866 4025 πλούσιον
2897 3972 2975 4034 είς
2991 3971 3090 4041 τὴν
3121 3968 3396 4039 βασιλείαν
3426 3967 3519 4021 τοῦ
3552 3965 3694 4020 Θεοῦ
3723 3967 3827 4021 efo-

2259 4066 2455 4122 ελθεῖν.
2495 4087 2513 4120 ι
2547 4067 2693 4130 Ἕως
2735 4065 2801 4120 ἃν
2845 4060 3185 4138 ᾖπλοὺσιος,
3248 4065 3344 4118 καὶ
3398 4063 3559 4125 αὐτὸς
3600 4063 3704 4132 μὲν
3735 4061 3828 4131 ἔχῃ

2260 4158 2512 4229 περιττὰ,
2543 4157 2693 4212 ἄλλοι
2724 4157 2780 4210 δὲ
2805 4156 2927 4210 οὐδὲ
2952 4157 3021 4210 τὰ
3051 4158 3346 4224 ἀναγκαῖα,
3401 4154 3462 4208 οὐ
3498 4153 3576 4224 μὴ
3607 4152 3827 4232 εἰσέλθῃ

2260 4252 2340 4317 είς
2386 4251 2484 4321 τὴν
2528 4249 2807 4320 βασιλείαν
2857 4249 2969 4302 τῶν
3021 4248 3287 4319 οὐρανῶν.
3337 4245 3589 4300 Ἐπειδάν
3647 4245 3828 4315 μέντοι

2261 4342 2653 4412 ἀποτινάξηται
2703 4342 2903 4407 πάντα,
2938 4341 3060 4395 τότε
3095 4342 3156 4395 οὐ
3202 4341 3477 4403 πλούσιος,
3517 4337 3612 4392 καὶ
3644 4336 3828 4391 λοιπὸν

2265 4437 2653 4492 εἰσελεύσεται.
2726 4433 3013 4496 Ἀδύνατον
3041 4433 3149 4502 γὰρ
3185 4431 3354 4485 πολλά
3406 4431 3597 4499 ἔχοντα
3657 4428 3830 4482 εἰσελ-

2264 4530 2399 4594 θεῖν,
2428 4528 2619 4600 ὥσπερ
2642 4529 2743 4582 καὶ
2784 4526 2880 4599 τὴν
2905 4525 3154 4597 κάμηλον
3181 4524 3442 4578 ἀδύνατον
3462 4522 3692 4577 διελθεῖν
3746 4522 3829 4575 διὰ

2261 4625 2622 4697 τρυπήματος
2677 4621 2920 4692 βελόνης.
2962 4618 3068 4672 Ἴδε
3123 4616 3216 4671 οὖν
3260 4617 3374 4678 πῶς
3422 4613 3682 4682 ἀνωτέρω
3733 4613 3829 4683 μὲν

2261 4720 2520 4773 δύσκολον
2567 4714 2689 4771 εἷπε
2743 4717 2807 4771 τὸ
2847 4716 3131 4779 εἰσελθεῖν,
3188 4712 3424 4767 ἐνταῦθα
3477 4711 3533 4765 δὲ
3570 4710 3830 4763 ἀδύνατον

2264 4808 2562 4873 παντελῶς.
2622 4810 2779 4872 Τινὲς
2829 4808 2885 4862 δὲ
2922 4807 3187 4879 κάμηλον,
3217 4806 3278 4859 οὐ
3335 4806 3396 4859 τὸ
3445 4804 3585 4866 ζῶόν
3639 4819 3824 4872 φασιν,

2265 4902 2400 4959 ἀλλὰ
2429 4902 2488 4955 τὸ
2517 4901 2659 4971 παχὺ
2697 4901 2951 4971 σχοινίον,
2980 4893 3023 4968 ᾧ
3049 4900 3291 4971 χρῶνται
3319 4899 3369 4951 οἱ
3398 4896 3587 4951 ναῦται
3610 4896 3745 4965 πρὸς
3773 4893 3831 4946 τὸ

2265 4996 2484 5068 ῥίπτειν
2517 4994 2613 5058 τὰς
2647 4993 2916 5065 ἀγκύρας.

2339 5109 2359 5142 ι
2415 5089 2773 5153 Ἀκούσαντες
2808 5088 2937 5141 δὲοὶ
2971 5086 3209 5157 μαθηταὶ
3242 5085 3405 5140 αὐτοῦ
3440 5083 3831 5154 ἐξεπλήσσοντο

2266 5181 2491 5253 σφόδρα,
2520 5181 2773 5249 λέγοντες
2801 5195 2817 5212 ·
2844 5180 2939 5245 Τίς
2974 5180 3083 5250 ἄρα
3113 5178 3335 5233 δύναται
3363 5178 3633 5248 σωθῆναι;
3700 5177 3833 5245 Ἐμ-

2266 5274 2468 5345 sima;
2495 5274 2551 5328 δὲ
2592 5276 2621 5327 ὁ
2659 5272 2868 5343 Ἰησοῦς
2897 5268 3053 5327 εἶπεν
3083 5272 3285 5336 αὐτοῖς,
3321 5272 3478 5343 Παρὰ
3524 5270 3830 5340 ἀνθρώποις

2262 5365 2422 5419 τοῦτο
2457 5362 2718 5419 ἀδύνατόν
2758 5366 2898 5425 ἐστι,
2921 5366 3071 5435 παρά
3103 5362 3161 5416 δὲ
3201 5362 3320 5433 Θεῷ
3353 5364 3528 5417 πάντα
3558 5361 3770 5416 δυνατά.
3805 5378 3823 5410 ι

2265 5459 2327 5512 Οἱ
2350 5456 2588 5529 μαθηταὶ
2618 5457 2990 5529 φιλάνθρωποι
3024 5457 3195 5521 ὄντες,
3234 5456 3511 5526 ἐρωτῶσιν
3542 5457 3638 5524 οὐχ
3692 5454 3830 5523 ὑπὲρ

575 5541 782 5623 'rogant
803 5549 899 5602 pro
928 5534 1121 5602 seipsis
1153 5536 1437 5605 (pauperes
1483 5539 1626 5594 enim
1659 5539 1918 5613 fuerant),
1950 5546 2041 5599 sed
2068 5561 2153 5615 pro

2266 5551 2478 5604 ἑαυτῶν
2516 5550 2774 5621 (πένητες
2807 5550 2916 5620 γὰρ
2940 5544 3125 5621 ἦσαν),
3165 5547 3278 5600 ἀλλ’
3330 5548 3471 5609 ὑπὲρ
3500 5546 3709 5599 πάντων
3734 5546 3832 5596 ’ἅν-

576 5625 837 5714 ἰοιιιιιὶιηιε
892 5625 1221 5683 hominibus.
1292 5628 1548 5685 Dominus
1627 5632 1790 5703 igitur
1850 5637 2006 5691 docet
2055 5653 2153 5692 non

2266 5642 2520 5714 θρώπων.
2564 5642 2622 5695 '0
2647 5638 2742 5695 οὖν
2786 5642 2992 5713 Κύριος
3018 5642 3261 5696 διδάσκει
3299 5640 3372 5711 μὴ
3424 5642 3491 5709 τῇ
3519 5638 3827 5708 ἀνθρωπίνῃ

575 5694 823 5773 ihumana
866 5717 1178 5775 inﬁrmitate
1202 5719 1524 5775 metiendam
1555 5722 1803 5790 salutem,
1841 5728 1936 5783 sed
1982 5730 2153 5785 divina

2266 5694 2520 5806 ἀσθενείᾳ
2577 5694 2914 5806 συμμετ-ρείν
2957 5694 3055 5805 τὴν
3108 5694 3402 5805 σωτηρίαν,
3451 5694 3585 5786 ἀλλὰ
3625 5694 3694 5801 ’τῇ
3736 5725 3828 5791 τοῦ

662 5831 737 5904 (ο)
786 5832 929 5891 Edit.
959 5835 1084 5894 Lut.
1140 5837 1343 5905 omisit,
1397 5837 1538 5905 Quid
1581 5842 1746 5915 igitur
1784 5862 1953 5918 usque
1990 5850 2056 5905 ad
2097 5868 2157 5906 ea
2200 5855 2364 5910 verba
2400 5854 2815 5916 Adolescentem.
