4078 6464
544 353 659 418 359

1442 356 2028 418 THEOPIIYLACTI
2069 358 2484 422 BULGARl/E
2524 362 2885 425 ABCHIEP.

3700 365 3810 429 360

537 464 847 521 vindicandi
880 465 1098 535 cupido.
1124 465 1311 523 Vende
1339 465 1509 536 igitur
1538 469 1672 535 haec,
1700 479 1753 524 et
1776 470 1844 525 da
1864 471 2112 541 pauperi-

2223 468 2314 528 σὰι
2369 475 2438 529 τὰ
2493 477 2819 551 ὑπάρχοντά
2855 494 2957 546 σοι,
3018 477 3112 533 καὶ
3144 477 3328 533 δοῦναι
3386 479 3501 543 τοῖς
3549 483 3806 551 πτωχοῖς.

536 556 639 609 bus
670 555 1006 613 dat-monibus
1060 570 1114 612 et
1153 558 1298 612 omni
1334 557 1476 613 bono
1521 559 1749 628 privatis
1787 579 1802 616 :
1852 572 2113 617 converte

537 646 850 703 alii-ctiones
881 660 1001 705 tuas
1032 649 1086 704 in
1143 649 1491 705 aﬂ'ectionum
1559 662 1812 707 auctores
1840 671 1855 711 :
1887 663 1941 707 et
1989 661 2119 710 tunc

539 737 762 794 habebis
804 741 1138 807 thesaurum,
1173 743 1275 798 hoc
1297 743 1702 813 estChristum,
1748 747 1801 799 in
1840 745 1979 802 coelo
2004 756 2118 814 tuo,

539 831 638 885 hoc
674 842 758 887 est
805 833 857 887 in
885 850 1093 888 summa
1125 843 1304 890 mente
1333 843 1444 889 tua.
1495 834 1699 891 leuut
1755 835 1897 892 enim
1957 837 2122 894 habet

541 925 595 980 in
632 928 810 995 seipse
834 927 924 996 qui
967 925 1148 985 iactus
1178 938 1258 983 est
1284 928 1536 984 caelestis.

2237 566 2585 640 ’Υπάρχοντα
2606 573 2664 626 δέ
2695 575 2828 636 εἱσι,
2875 572 2954 644 τῷ
2999 572 3097 643 μὲν
3128 571 3367 642 θυμώδει
3405 574 3433 625 ὁ
3471 570 3643 641 θυμός
3669 587 3685 603 ’
3730 570 3811 641 τῷ

2224 659 2283 714 δὲ
2325 663 2498 734 μοιχῷ
2564 664 2599 734 ἡ
2675 665 2992 737 μοιχευτικὴ
3050 665 3331 727 διάθεσις’
3384 666 3462 735 τῷ
3500 666 3559 718 δὲ
3616 682 3811 735 μνησι-

2227 750 2406 821 κάκῳ,
2439 753 2472 822 η
2510 757 2872 824 μνησικακία.
2935 755 3193 825 Πώλησον
3216 751 3310 808 οὗν
3353 756 3543 816 ταῦτα.
3581 754 3677 808 καὶ
3717 754 3805 817 δὸς

2228 847 2340 907 τοῖς
2390 849 2626 916 πτωχοῖς
2677 847 2898 918 δαίμοσι
2928 849 3021 903 καὶ
3068 851 3275 912 παντὸς
3327 849 3534 917 ἀγαθοῦ
3577 850 3807 918 ἑστερη-

2233 934 2437 1005 μένοις.
2475 936 2859 1009 Ἀντίστρεψον
2910 938 2977 992 τὰ
3008 939 3156 1009 πάθη
3182 941 3295 1002 τοῖς
3339 939 3448 992 τῶν
3491 937 3682 992 παθῶν
3713 938 3807 1007 δη-

539 1024 838 1091 μιουργοῖς,
898 1024 995 1077 καὶ
1033 1024 1154 1081 τότε
1201 1024 1343 1090 ἔξεις
1388 1025 1479 1083 τὸν
1510 1024 1803 1096 θησαυρὸν,
1875 1027 2127 1083 τουτέστι
2201 1029 2292 1085 τὸν
2338 1030 2592 1102 Χριστὸν,
2644 1036 2702 1088 ὲν
2760 1034 2838 1105 τῷ
2866 1035 3080 1106 οὐρανῷ
3113 1053 3225 1101 σου,
3279 1036 3557 1089 τουτέστιν
3615 1036 3673 1089 ὲν
3725 1034 3805 1106 τῷ

534 1116 724 1187 ὑψηλῷ
765 1134 860 1175 σου
899 1119 1001 1172 νοτ.
1032 1119 1275 1191 Οὐρανὸν
1297 1118 1408 1188 γὰρ
1438 1118 1553 1192 ἔχει
1588 1122 1643 1174 ὲν
1674 1121 1873 1192 ἑαυτῷ,
1917 1124 1946 1177 ὁ
1999 1123 2291 1194 γενόμενος
2322 1121 2434 1188 οἷος
2462 1128 2490 1178 ὁ
2518 1129 2862 1198 ἐπουράνιος.

607 1207 776 1268 Vens.
800 1208 890 1264 50.
920 1228 939 1261 ι
972 1209 1123 1263 Multi
1152 1219 1332 1267 autem
1351 1221 1512 1266 erunt
1534 1211 1693 1281 primi
1721 1213 2023 1277 novissimi,
2058 1223 2115 1269 et

531 1302 813 1360 novissimi
841 1303 1024 1373 primi.
1074 1321 1092 1353 ι
1121 1301 1337 1358 Judaros
1361 1302 1451 1358 hic
1481 1303 1719 1359 insinuat
1763 1313 1817 1358 et
1847 1305 2099 1375 gentiles.

532 1392 666 1449 Nam
695 1395 783 1464 qui
816 1394 972 1463 primi
1005 1405 1182 1460 erant,
1216 1396 1340 1451 facti
1364 1404 1490 1451 sunt
1518 1397 1799 1452 novissimi
1829 1413 1843 1451 :
1883 1398 2114 1469 gentiles

532 1496 735 1551 autem,
767 1485 859 1554 qui
900 1500 1118 1539 eramus
1176 1485 1479 1551 novissimi,
1505 1487 1670 1557 primi
1700 1490 1980 1543 constituti
2022 1504 2117 1545 su-

533 1591 675 1640 mus,
704 1584 757 1630 et
797 1586 852 1629 ut
883 1576 1169 1633 manifeste
1210 1578 1391 1632 dist-as
1441 1578 1585 1649 quod
1634 1578 1854 1646 dicitur,
1895 1590 2117 1652 coaptat

534 1669 697 1721 etiam
729 1678 1042 1738 sequentem
1080 1669 1418 1739 parabolam.

1141 1913 1371 1971 CAPUT
1401 1914 1520 1971 XX.

534 2031 611 2086 De
641 2030 874 2084 mercede
911 2028 1185 2101 conductis
1227 2031 1504 2101 operariis.
1565 2030 1638 2084 De
1670 2030 1800 2101 [iliis
1852 2030 2114 2091 Zebedwi,

1034 2099 1112 2153 De
1148 2099 1350 2154 duobus
1380 2102 1552 2159 cteris.

606 2236 773 2291 Vsus.
822 2235 956 2297 ,l-7.
1016 2253 1035 2287 ι
1074 2232 1264 2289 Simile
1295 2232 1439 2289 enim
1466 2244 1551 2291 est
1602 2251 1824 2306 regnum
1852 2237 2116 2293 cmlorum

533 2331 739 2385 homini
783 2327 1160 2399 patrifamilias
1187 2326 1279 2396 qui
1314 2327 1445 2381 exiit
1476 2329 1655 2399 primo
1680 2330 1863 2384 statim
1884 2329 2120 2389 diluculo

531 2422 597 2476 ad
632 2421 1011 2476 conducendos
1041 2420 1322 2490 operarios
1350 2420 1404 2475 in
1430 2421 1645 2475 vineam
1665 2436 1840 2476 suam.
1868 2421 2119 2479 Conven-

535 2515 679 2569 tione
718 2524 894 2569 autem
930 2513 1069 2569 facta
1100 2529 1220 2568 cum
1251 2514 1520 2583 operariis
1552 2514 1613 2568 in
1633 2513 1876 2582 singulos
1906 2514 2022 2571 dies
2051 2531 2117 2572 ex

529 2606 776 2672 denario,
795 2606 941 2660 misit
955 2620 1048 2661 eos
1066 2606 1116 2659 in
1135 2606 1347 2660 vineam
1365 2620 1540 2660 suam.
1557 2604 1623 2659 Et
1638 2619 1889 2675 egressus
1906 2605 2122 2662 circiter

532 2698 721 2751 horam
765 2698 1006 2762 tertiam,
1036 2698 1166 2751 vidit
1194 2696 1330 2752 alios
1351 2705 1558 2752 stantes
1587 2695 1641 2751 in
1667 2696 1786 2752 foro
1810 2697 2034 2762 otiosos,
2065 2705 2120 2752 et

528 2791 636 2846 illis
667 2789 798 2844 dixit
823 2790 928 2845 :lte
947 2800 999 2844 et
1018 2806 1116 2846 vos
1147 2791 1198 2845 in
1221 2791 1433 2845 vineam
1459 2805 1656 2857 meam,
1682 2798 1735 2845 et
1765 2791 2120 2861 quodcunque

527 2881 728 2950 justum
753 2882 934 2948 fuerit,
957 2882 1100 2937 dabo
1117 2882 1289 2937 vobis.
1310 2882 1392 2937 Illi
1426 2892 1604 2937 autem
1633 2881 1903 2937 abierunt.
1920 2882 2119 2936 lterum

533 2990 657 3027 cum
701 2975 903 3028 exisset
925 2975 1069 3029 circa
1096 2984 1302 3029 sextam
1330 2984 1380 3031 et
1412 2989 1610 3029 nonam
1640 2974 1853 3039 horam,
1874 2974 2124 3030 similiter

529 3062 677 3120 fecit.
700 3064 856 3118 Circa
876 3064 1210 3119 undecimam
1263 3079 1392 3119 vero
1422 3065 1609 3119 horam
1639 3065 1794 3132 exiit,
1817 3074 1873 3121 et
1918 3065 2123 3120 invenit

530 3150 667 3207 alios
700 3161 909 3207 stantes
930 3152 1152 3219 otiosos,
1175 3161 1230 3209 et
1266 3153 1399 3207 dixit
1422 3153 1528 3210 illis
1550 3170 1567 3209 :
1587 3153 1699 3210 Cur
1723 3155 1809 3211 hic
1827 3157 1984 3211 statis
2012 3166 2120 3213 tnta

2298 1237 2317 1268 ι
2358 1218 2549 1273 Πολλοὶ
2581 1221 2637 1274 δὲ
2660 1223 2872 1275 ἔσονται
2921 1222 3133 1291 πρῶτοι
3166 1219 3402 1289 ἔσχατοι,
3445 1221 3539 1273 καὶ
3585 1221 3804 1291 ἔσχατοι

2219 1308 2446 1380 πρῶτοι.
2500 1329 2517 1362 ι
2559 1312 2697 1377 Τοὺς
2765 1313 3050 1376 Ἰουδαίους
3106 1313 3337 1367 ἐνταῦθα
3376 1314 3679 1367 αἰνίττεται
3707 1313 3804 1366 καὶ

2219 1399 2345 1462 τοὺς
2369 1400 2637 1464 ἐθνικοὺς.
2658 1402 2717 1454 Οἱ
2745 1402 2844 1472 μὲν
2863 1402 2989 1473 γὰρ,
3009 1403 3215 1469 πρῶτοι
3240 1403 3411 1466 ὅντες,
3434 1403 3654 1473 ἔσχατοι
3683 1404 3804 1469 ὲγέη

2223 1506 2395 1556 νοντο,
2427 1492 2477 1544 οἱ
2507 1491 2563 1544 δὲ
2608 1493 2812 1547 ἐθνικοὶ
2840 1494 3058 1566 ἔσχατοι
3092 1494 3266 1559 ὄντες,
3302 1496 3511 1565 πρῶτοι
3541 1496 3807 1565 κατέστη-

2226 1598 2348 1653 μεν·
2373 1582 2466 1635 καὶ
2488 1582 2574 1635 ἶνα
2599 1584 2786 1654 σαφῶς
2813 1585 2991 1656 μάθῃς
3013 1586 3074 1638 τὸ
3104 1584 3418 1657 λεγόμενον,
3442 1585 3802 1645 ἐπισυνάπτει

2224 1675 2318 1731 καὶ
2345 1675 2445 1749 τὴν
2469 1677 2743 1748 ἑπομένην
2784 1679 3124 1750 παραδολήν.

2820 1897 3069 1952 ΚΕΦΔΛ.
3103 1895 3190 1953 κ’.

2218 2013 2357 2082 Περὶ
2390 2012 2511 2087 alia;
2544 2012 2963 2087 μισθουμένων
2989 2012 3291 2087 ἐργατῶν-⁸
3324 2013 3457 2081 περὶ
3500 2013 3620 2087 τῶν
3652 2014 3801 2070 υιῶν

2401 2083 2508 2139 τοῦ
2526 2083 2865 2139 Ζεϐεδαίου·
2909 2083 3317 2154 περὶτῶν-δύο
3356 2085 3622 2154 τυφλῶν.

2303 2205 2496 2287 Ὁμοία
2526 2218 2635 2289 γάρ
2659 2219 2806 2273 ἐστιν
2834 2221 2867 2289 ἡ
2897 2219 3148 2291 βασιλεία
3177 2221 3287 2275 τῶν
3307 2221 3554 2294 οὐρανῶν
3583 2220 3794 2292 ἀνθρώ,

2221 2326 2309 2381 πῳ
2334 2309 2712 2382 οἰκοδεσπότῃ.
2749 2312 2899 2374 ὅστις
2930 2312 3156 2382 ἐξῆλθεν
3203 2313 3318 2384 ἅμα
3350 2314 3496 2385 πρωϊ
3525 2312 3801 2383 μισθώσας

2222 2401 2346 2456 σθαι
2382 2403 2618 2474 ἐργάτας
2662 2405 2742 2467 εἰς
2762 2405 2850 2457 τὸν
2880 2405 3181 2475 ἀμπελῶνα
3208 2407 3396 2461 αὐτοῦ.
3431 2407 3538 2459 Καὶ
3565 2425 3797 2478 συμφω-

2221 2495 2390 2573 νήσας
2416 2495 2559 2564 μετὰ
2601 2496 2711 2550 τῶν
2757 2497 3008 2567 ἐργατῶν
3051 2499 3116 2551 ἐκ
3148 2498 3404 2569 δηναρίου
3429 2500 3530 2568 τὴν
3559 2499 3799 2569 ἡμέραν,

2225 2586 2548 2641 ἀπέστειλεν
2603 2588 2804 2653 αὐτοὺς
2859 2591 2940 2653 εἰς
2974 2590 3069 2644 τὸν
3112 2591 3414 2661 ἀμπελῶνα
3443 2591 3630 2647 αὐτοῦ.
3689 2593 3799 2645 Καὶ

2222 2679 2455 2747 ἐξελθὼν
2487 2681 2618 2752 περὶ
2669 2682 2862 2753 τρίτην
2909 2681 3083 2754 ὤραν,
3119 2679 3259 2736 εἶδεν
3311 2683 3506 2749 ἄλλους
3553 2685 3798 2750 ἑστῶτας

2223 2776 2282 2826 ὲν
2311 2780 2376 2846 τῇ
2402 2777 2598 2848 ἀγορᾷ,
2627 2780 2722 2831 καὶ
2751 2779 2983 2843 ἐκείνοις
3006 2774 3177 2832 εἶπενο
3221 2780 3494 2849 Ὑπάγετε
3523 2782 3619 2836 καὶ
3641 2783 3798 2852 ὑμεῖς

2222 2869 2301 2930 είς
2327 2867 2417 2920 τὸν
2447 2868 2772 2938 ἀμπελῶνα,
2808 2869 2905 2923 καὶ
2930 2869 2960 2923 δ
2991 2870 3086 2924 ἐὰν
3127 2866 3160 2943 ᾗ
3190 2871 3417 2933 δίκαιον,
3454 2872 3612 2925 δώσω
3645 2873 3793 2943 ὑμῖν*

2222 2961 2272 3015 οἱ
2302 2959 2361 3012 δὲ
2409 2960 2670 3029 ἀπῆλθον.
2721 2961 2893 3016 Πάλιν
2943 2961 3001 3015 δὲ
3052 2961 3284 3027 ἐξελθὼν
3333 2965 3459 3034 περὶ
3490 2962 3656 3034 ἕκτην
3702 2963 3800 3018 καὶ

2216 3052 2450 3125 ’ὲννάτην
2475 3052 2644 3123 ὥραν,
2680 3054 2937 3123 ἐποίησεν
2976 3054 3263 3118 ὡσαύτως.
3299 3056 3431 3125 Περὶ
3483 3055 3541 3109 δὲ
3574 3056 3675 3127 τὴν
3713 3057 3800 3109 ἐν.

2224 3144 2455 3217 δεκάτην
2470 3144 2621 3217 ὥραν
2638 3146 2893 3213 ἐξελθὼν,
2908 3142 3067 3215 εὗρεν
3092 3147 3283 3212 ἄλλους
3308 3150 3548 3212 ἑστῶτας
3569 3149 3796 3221 ἀργοὺςσ

528 3244 616 3299 die
634 3242 834 3299 otiosi?
861 3242 1051 3300 Dicunt
1067 3245 1139 3300 illi
1163 3264 1178 3301 :
1203 3244 1341 3313 Quia
1365 3244 1544 3301 nullus
1560 3261 1657 3302 nos
1675 3248 1951 3304 conduxit.
1973 3248 2112 3303 Dixil

2226 3239 2320 3293 καὶ
2346 3237 2495 3307 λέγει
2522 3239 2707 3303 αὐτοῖς
2733 3256 2748 3272 ο
2803 3241 2868 3293 Τί
2900 3234 3004 3294 ὧδε
3050 3242 3318 3313 ἑστήκατε
3347 3243 3476 3314 ὅλην
3521 3243 3623 3313 τὴν
3661 3245 3800 3313 ἠμέν-

528 3335 636 3391 il.is
651 3354 665 3389 :
681 3337 837 3390 Abite
852 3347 907 3390 et
924 3351 1019 3391 vos
1034 3337 1089 3391 in
1103 3336 1315 3392 vineam
1334 3355 1349 3392 :
1367 3337 1692 3408 etquidquid
1711 3339 1913 3409 justum
1930 3339 2112 3406 fuerit,

534 3429 841 3497 accipietis.
874 3447 893 3481 ι
924 3427 1175 3485 Christus
1203 3441 1285 3486 est
1303 3446 1527 3499 regnum
1572 3418 1858 3500 caelorum,
1882 3434 1973 3505 qui
2028 3450 2115 3489 as-

528 3524 804 3576 similatur
830 3522 1066 3587 homini,
1101 3523 1397 3576 secundum
1421 3526 1562 3593 quod
1584 3506 1878 3582 humanam
1902 3528 2115 3596 accepit

531 3613 692 3684 105
743 3613 999 3669 formam.
1035 3612 1435 3671 Paterfamilias
1461 3625 1664 3682 autem,
1695 3618 1821 3686 quia
1854 3615 2116 3673 Dominus

527 3718 613 3762 est
640 3708 850 3770 domus,
891 3705 994 3760 hoc
1018 3715 1121 3772 est,
1175 3705 1452 3763 Ecclesiae.
1501 3705 1600 3763 Hic
1658 3707 1821 3777 igitur
1862 3708 2115 3765 Christus

526 3801 715 3856 exiite
744 3798 953 3855 sinibus
991 3800 1259 3870 paternis,
1291 3809 1346 3854 et
1404 3800 1665 3855 conduxit
1716 3804 2000 3870 operarios
2050 3802 2102 3856 in

531 3894 766 3957 vineam,
815 3891 917 3947 hoc
973 3901 1057 3948 est
1104 3891 1448 3962 Scripturas,
1508 3891 1591 3948 vel
1639 3893 1916 3949 mandata.
1977 3892 2093 3960 Vel,

525 4001 963 4055 unumquemque
1010 3986 1277 4041 conduxit
1307 3996 1365 4040 ut
1422 3995 1677 4055 operetur
1721 3986 1959 4054 vineam,
2012 3987 2117 4042 hoc

523 4090 609 4134 est
665 4095 815 4134 suam
845 4081 1109 4134 animam.
1151 4076 1420 4134 Conducit
1464 4085 1643 4133 autem
1688 4077 1852 4131 alium
1893 4079 2111 4147 quidem

522 4173 700 4241 primo
730 4170 990 4237 diluculo,
1039 4172 1140 4225 hoc
1187 4179 1271 4224 est
1320 4172 1369 4223 in
1391 4171 1671 4238 pueritia:
1712 4169 1877 4223 alium
1926 4178 2106 4224 autem

527 4268 659 4317 hora
712 4264 896 4327 tertia,
941 4264 1044 4316 hoc
1088 4271 1170 4318 est
1223 4261 1587 4317 adolestentia
1637 4277 1656 4315 :
1727 4277 1916 4317 rursus
1960 4262 2100 4318 alios

521 4364 671 4408 sexta
724 4364 772 4407 et
817 4369 978 4420 nona,
1031 4354 1246 4422 quando
1273 4353 1394 4423 quis
1443 4353 1898 4423 vigintiquinque
1948 4352 2117 4412 fuerit

524 4460 816 4507 annorum,
845 4444 927 4498 vel
960 4445 1197 4514 triginta,
1229 4454 1285 4497 et
1308 4444 1625 4515 simpliciter
1660 4446 1713 4499 in
1744 4445 1879 4499 virili
1910 4454 2069 4500 tetate
2095 4447 2110 4485 ³

527 4551 699 4608 porro
731 4537 874 4591 circa
901 4535 1259 4601 undecimam,
1291 4548 1469 4591 senes.
1497 4535 1647 4591 Multi
1688 4535 1831 4590 enim
1865 4547 1920 4591 et
1944 4551 2105 4593 senes

521 4629 889 4683 crediderunt.
925 4626 1016 4682 Vel
1055 4627 1234 4692 aliter,
1279 4627 1394 4682 dies
1420 4626 1618 4682 dicitur
1654 4642 1892 4698 praesens
1927 4642 2102 4683 srecu-

518 4721 665 4775 lunt:
696 4720 749 4773 in
792 4719 881 4774 illo
923 4721 1065 4774 enim
1111 4734 1401 4788 operantur
1439 4719 1581 4774 sicut
1635 4719 1688 4773 in
1742 4720 1848 4775 die.
1882 4719 2107 4776 Vocavit

521 4814 681 4884 igitur
712 4812 974 4867 Dominus
1010 4811 1180 4882 prima
1241 4810 1371 4865 hora
1416 4809 1602 4864 Enoch
1656 4818 1709 4866 et
1758 4809 1892 4878 Noe,
1947 4813 2103 4866 tertia

2222 3345 2321 3399 ραν
2343 3330 2539 3401 ἀργοίς
2581 3332 2846 3398 Λέγουσιν
2878 3332 3048 3404 αὐτῷ,
3076 3333 3200 3397 Ὅτι
3228 3333 3402 3396 οὐδεὶς
3430 3334 3796 3403 ἐμισθώσατο.

2217 3426 2382 3491 Λέγει
2402 3426 2607 3488 αὐτοῖς·
2652 3424 2931 3493 Ὑπάγετε
2954 3427 3047 3485 καὶ
3073 3426 3234 3496 ὑμεῖς
3250 3428 3327 3489 εἰς
3351 3427 3443 3480 τὸν
3469 3424 3795 3496 ἀμπελῶνα,

2218 3514 2312 3570 καὶ
2338 3514 2367 3568 δ
2407 3512 2557 3591 ἐάνῇ
2588 3516 2817 3583 δίκαιον,
2854 3516 3112 3586 λήψεσθε.
3157 3536 3176 3569 t
3222 3518 3279 3571 '0
3312 3519 3545 3589 Χριστός
3583 3521 3731 3573 ἐστιν
3757 3521 3794 3589 ἡ

2222 3604 2472 3675 βασιλεία
2506 3606 2615 3661 τῶν
2643 3607 2912 3678 οὐρανῶν,
2947 3607 3005 3669 ὃς
3029 3607 3310 3679 ὁμοιοῦται
3338 3609 3633 3681 ἀνθρώπῳ,
3671 3610 3798 3663 καθ’

2216 3698 2245 3750 δ
2299 3699 2515 3770 μορφὴν
2568 3702 2844 3772 ἡμετέραν
2885 3701 3112 3770 ἐλαϐεν]
3160 3702 3544 3774 οἰκοδεσπότης
3584 3703 3663 3767 δὲ,
3720 3703 3798 3765 ὡς

2214 3791 2492 3858 δεσπόζων
2527 3794 2620 3848 τοῦ
2653 3794 2826 3861 οἴκου,
2861 3798 3110 3859 τουτέστι
3164 3796 3264 3866 τῆς
3312 3795 3656 3866 Ἐκκλησίας.
3694 3792 3801 3850 UE.-

2214 3902 2307 3948 τος
2336 3881 2429 3940 οὖν
2461 3888 2489 3940 ὀ
2527 3888 2760 3958 Χριστὸς
2795 3889 3021 3959 ἐξῆλθεν
3051 3890 3114 3942 ὲκ
3152 3890 3262 3942 τῶν
3313 3887 3530 3941 κόλπων
3558 3887 3653 3941 τοῦ
3680 3889 3797 3940 Ila.-

2216 3978 2365 4048 τρὸς,
2400 3979 2495 4034 καὶ
2527 3980 2815 4049 μισθοῦται
2842 3981 3082 4052 ἐργάτας
3107 3983 3186 4043 είς
3212 3982 3304 4035 τὸν
3325 3980 3649 4051 ἀμπελῶνα,
3676 3982 3797 4051 ἦτοι

2215 4067 2316 4127 τὰς
2360 4070 2582 4139 Γραφάς
2630 4070 2662 4143 ἥ
2715 4073 2812 4134 τὰς
2847 4072 3089 4133 ἐντολάς.
3124 4072 3196 4124 Ἦ
3225 4071 3455 4125 ἕκαστον
3502 4072 3800 4142 μισθοῦται

2216 4160 2296 4224 είς
2326 4161 2388 4214 τὸ
2426 4162 2760 4233 ἐργάζεσθαι
2786 4165 2879 4216 τὸν
2910 4163 3233 4232 ἀμπελῶνα,
3258 4163 3376 4234 ἦτοι
3433 4164 3532 4234 τὴν
3579 4166 3796 4219 οἰκείαν

2216 4249 2417 4324 ψυχήν.
2467 4254 2772 4311 Μισθοῦται
2829 4255 2886 4309 δὲ
2931 4254 3022 4307 τὸν
3077 4254 3176 4325 μὲν
3229 4254 3291 4307 τὸ
3338 4253 3502 4324 πρωῒ,
3548 4256 3798 4315 τουτέστι

2218 4346 2359 4401 κατά
2390 4345 2487 4415 τὴν
2522 4348 2725 4417 νεαρὰν
2757 4348 2995 4418 ἡλικίανο
3033 4346 3125 4400 τὸν
3154 4346 3211 4400 δὲ
3263 4347 3407 4401 κατά
3450 4347 3551 4418 τὴν
3600 4349 3796 4421 τρίτην

2219 4433 2513 4505 ὥραν,τὴν
2539 4435 2876 4507 μειρακιώδη
2926 4436 3144 4507 ἠλικίαν
3178 4453 3194 4469 ·
3243 4438 3369 4501 τοὺς
3399 4435 3456 4489 δὲ
3501 4438 3644 4492 κατά
3692 4439 3793 4509 τὴν

2217 4526 2384 4597 ἕκτην
2443 4528 2539 4579 καὶ
2594 4528 2843 4595 ὲννάτην,
2892 4530 2982 4587 ὅτε
3014 4526 3261 4581 εἰκοστοῦ
3291 4527 3541 4597 πέμπτου
3588 4528 3674 4599 εῐη
3706 4546 3791 4593 τις

2212 4619 2482 4684 ἐνιαυτοῦ,
2503 4618 2534 4690 ἢ
2565 4620 2911 4689 τριακοστοῦ,
2933 4620 3027 4674 καὶ
3054 4620 3237 4683 ἁπλῶς
3256 4620 3516 4691 ἀνδρικῆς
3534 4620 3755 4691 ἡλικίας
3775 4640 3791 4653 ·

2213 4713 2343 4781 περὶ
2368 4710 2428 4764 δὲ
2478 4709 2579 4781 τὴν
2608 4709 2925 4780 ἑνδεκάτην,
2956 4709 3082 4774 τοὺς
3113 4709 3378 4781 γέροντας
3412 4726 3424 4739 ·
3455 4710 3647 4764 πολλοὶ
3680 4711 3795 4783 γὰρ

2217 4804 2312 4855 καὶ
2378 4801 2634 4871 γέροντες
2680 4801 3028 4855 ἐπίστευσαν.
3085 4802 3156 4854 Ἢ
3206 4802 3301 4855 καὶ
3338 4801 3545 4866 άλλως,
3603 4805 3795 4876 ἡμέρα

518 4906 814 4966 Abraham.
841 4913 994 4959 sexta
1047 4903 1247 4967 Mosen,
1291 4918 1430 4958 nona
1464 4902 1779 4972 prophetas,
1807 4904 2094 4958 undecima

2218 4896 2428 4963 λέγεται
2447 4895 2477 4946 ὁ
2513 4891 2705 4964 παρὼν
2724 4891 2879 4956 αἰὼν,
2905 4892 2963 4944 ὲν
2992 4891 3141 4962 αὐτῷ
3166 4891 3274 4963 γὰρ
3316 4893 3667 4963 ἐργαζόμεθα
3712 4894 3793 4958 ώς

518 5009 720 5064 autem,
754 4997 856 5053 hoc
891 5007 975 5051 εει
1006 4996 1060 5051 in
1088 4994 1554 5051 consummatione
1595 4994 1802 5057 saeculi,
1843 4994 2093 5064 gentiles,

2206 4988 2265 5039 ἐν
2296 4984 2501 5056 ἡμέρᾳ.
2541 4983 2832 5043 Ἐκάλεσεν
2877 4977 2969 5036 οὖν
2998 4984 3026 5035 δ
3054 4981 3275 5052 Κύριος
3313 4986 3379 5054 τῇ
3429 4983 3623 5055 πρώτη
3668 4983 3793 5055 ὥρᾳ

518 5092 609 5160 qui
643 5092 801 5145 otiosi
838 5090 1054 5143 lnertmt
1084 5089 1151 5140 ab
1193 5086 1338 5142 omni
1397 5086 1539 5141 bono
1569 5104 1583 5141 :
1623 5086 1805 5141 nullus
1836 5087 1978 5141 enim
2009 5099 2103 5140 eos

2218 5078 2335 5140 τοὺς
2367 5076 2497 5146 περὶ
2520 5076 2612 5127 τὸν
2661 5074 2832 5144 Ἑνὼχ
2866 5074 2962 5126 καὶ
3004 5074 3094 5127 τὸν
3140 5073 3262 5130 Νῶε
3307 5090 3324 5106 ο
3368 5077 3433 5145 τῇ
3472 5076 3633 5147 τρίτῃ
3663 5076 3794 5138 τοὺς

517 5186 869 5246 conduxerat,
893 5194 1066 5248 neque
1090 5179 1290 5235 missus
1308 5186 1391 5234 est
1412 5178 1677 5249 propheta
1703 5179 1841 5249 quis'
1862 5178 1926 5232 ad
1967 5193 2096 5248 gen-

518 5287 621 5330 tes.

2209 5171 2342 5243 περὶ
2370 5173 2471 5240 τὸν.
2491 5168 2744 5238 Ἀϐραάμ
2776 5184 2790 5199 ·
2825 5171 2892 5238 τῇ
2924 5167 3059 5240 ἕκτῃ
3085 5169 3211 5231 τοὺς
3242 5167 3372 5239 περὶ
3415 5169 3509 5221 τὸν
3537 5168 3748 5222 Mancia.
3769 5182 3787 5197 ·

2207 5269 2276 5338 τῇ
2308 5266 2525 5336 ὲννάτῃ,
2568 5263 2697 5324 τοὺς
2742 5264 3027 5333 προφήτας
3072 5278 3085 5292 ο
3117 5265 3183 5333 τῇ
3224 5261 3504 5334 ἑνδεκάτῃ,
3552 5261 3672 5331 ἦτοι
3710 5260 3793 5330 τῷ

518 5368 663 5421 τέλει
693 5365 801 5420 τῶν
843 5364 1056 5419 αἰώνων
1102 5366 1230 5425 τοὺς
1276 5364 1550 5427 ἑθνικοὺς,
1613 5363 1662 5416 οἳ
1714 5363 1874 5434 ἀργοὶ
1921 5357 2281 5433 ἦσανζπάσης
2336 5354 2701 5426 ἀγαθοεργίας
2741 5371 2757 5387 ο
2791 5353 2966 5418 οὐδεὶς
3020 5353 3130 5425 γάρ
3183 5356 3380 5420 αὐτοὺς
3436 5354 3792 5427 ἐμισθώσατο

517 5464 599 5517 ὅτι
623 5460 755 5533 μηδὲ
793 5456 1078 5525 ἀπεστάλη
1112 5456 1398 5527 προφήτης
1430 5470 1515 5517 τις
1546 5455 1626 5517 είς
1648 5455 1718 5506 τὰ
1755 5453 1906 5519 ἔθνη.

589 5555 753 5611 Vsus.
808 5551 960 5608 8-l6.
999 5572 1017 5604 ι
1071 5550 1203 5604 Cum
1245 5557 1425 5601 autem
1472 5561 1696 5616 vespera
1747 5545 1885 5598 facta
1929 5552 2096 5607 esset,

516 5650 652 5702 dixit
683 5648 931 5703 dominus
968 5644 1141 5698 vinea:
1174 5636 1516 5712 procuratori
1564 5651 1686 5700 suo,
1730 5632 1868 5690 νοω
1902 5649 2098 5703 opera-

2278 5558 2296 5591 ι
2343 5537 2532 5607 Ὀψίας
2569 5524 2978 5607 δὲ’γενομένης,
3018 5535 3166 5605 λέγει
3194 5536 3224 5589 ὁ
3273 5535 3460 5607 κύριος
3482 5538 3578 5592 τοῦ
3608 5542 3787 5611 ἀμπε-

2201 5629 2369 5691 λῶνος
2409 5630 2487 5699 τῷ
2519 5630 2800 5704 ἐπιτρόπῳ
2838 5628 3028 5682 αὐτοῦ·
3065 5628 3310 5683 Κάλεσον
3347 5631 3474 5692 τοὺς
3503 5632 3783 5700 ἐργάτας,

516 5744 649 5805 rios,
683 5749 737 5796 et
763 5738 926 5795 redde
952 5735 1060 5792 illis
1088 5731 1418 5791 mercedem,
1452 5727 1714 5795 incipiens
1743 5740 1771 5779 a
1809 5725 2098 5796 postremis

2218 5724 2299 5778 ιαὶ
2329 5723 2523 5784 ἀπόδος
2560 5723 2741 5785 αὐτοῖς
2788 5721 2879 5775 τὸν
2915 5720 3131 5791 μισθὸν,
3178 5719 3486 5792 ἀρξάμενος
3533 5722 3643 5774 ἀπὸ
3674 5723 3785 5774 τῶν

519 5852 551 5890 t:
585 5850 689 5907 que
720 5834 783 5889 ad
815 5831 1043 5903 primos.
1092 5827 1159 5882 Et.
1207 5838 1331 5881 cum
1380 5819 1654 5876 venissent
1689 5818 1778 5887 qui
1813 5818 1954 5873 circa
1991 5833 2095 5871 uu-

2218 5817 2447 5889 ισχάτων
2480 5816 2584 5878 ἕως
2632 5816 2743 5867 τῶν
2794 5814 3048 5885 πρώτων.
3103 5815 3212 5870 Καὶ
3261 5812 3510 5878 ὲλθόντες
3548 5813 3599 5867 oi
3654 5815 3786 5886 περὶ
