4078 6464
332 287 434 354 361

976 289 1427 353 ENARRATIO
1465 291 1549 351 IN
1590 291 2087 358 EVANGELIUM
2132 298 2513 361 MAT’I‘H/EI.
2552 323 2624 338 α-
2663 303 2820 366 CAP.
2853 309 2981 370 XX.

3491 314 3598 379 362

335 406 438 476 τὴν
465 400 767 472 ἑνδεκάτην
798 399 970 472 ὥραν,
1008 401 1201 456 ἔλαϐον
1246 402 1351 456 ἀνά
1382 402 1660 475 δηνάριον.
1709 404 1919 460 Ἐλθόν-

2042 410 2284 465 technam
2320 410 2509 466 horam
2541 424 2820 484 venerant,
2853 425 3181 488 acceperunt
3203 420 3397 492 singuli
3427 424 3596 480 dena-

332 512 431 558 τες
459 494 516 548 δὲ
563 495 613 548 οἱ
665 492 875 564 πρῶτοι
924 492 1182 564 ἐνόμισαν
1229 494 1312 548 ὅτι
1361 494 1584 548 πλείονα
1635 495 1918 567 λήψονται.

334 590 448 643 Καὶ
490 586 684 641 ἔλαϐον
726 588 822 642 καὶ
884 587 1043 641 αὐτοὶ
1089 588 1193 641 ἀνὰ
1239 587 1513 659 δηνάριον·
1563 587 1820 654 λαϐόντες
1842 590 1920 657 δὲ,

341 680 501 749 ὲγόγει
515 680 645 745 υζον
701 680 842 734 κατά
893 678 991 735 τοῦ
1065 679 1470 745 οἰκοδεσπότου,
1520 681 1794 751 λέγοντες,
1842 684 1924 738 ὅτι

336 764 502 826 Οὗτοι
531 773 582 825 oi
615 771 834 843 ἔσχατοι
854 772 984 843 μίαν
1013 771 1163 844 ὥραν
1188 771 1475 844 ἐποίησαν,
1502 775 1596 826 καὶ
1624 773 1772 837 ἴσους
1795 774 1927 844 ἡμῖν

339 865 540 928 αὐτοὺς
584 865 849 935 ἐποίησας
920 867 1036 929 τοῖς
1115 864 1420 936 βαστάσασι
1478 865 1541 918 τὸ
1592 864 1759 936 βάρος
1823 865 1925 935 τῆς

341 956 561 1027 ἡμέρας
591 961 686 1010 καὶ
716 957 810 1010 τὸν
846 956 1137 1024 καύσωνα;
1205 956 1265 1011 ὐ
1297 957 1354 1011 δὲ
1405 957 1732 1031 ἀποκριθεὶς
1770 951 1926 1012 εἶπεν

276 1084 279 1087 ς
340 1049 423 1102 ἑνὶ
453 1050 656 1102 αὐτῶν·
674 1049 914 1120 Ἑταῖρε,
937 1050 1038 1104 οὐκ
1055 1050 1227 1104 ἀδικῶ
1249 1067 1331 1104 σε.
1359 1050 1494 1122 Οὐχὶ
1516 1050 1773 1123 δηναρίου
1805 1068 1930 1105 συν-

339 1138 627 1212 εφώνησάς
663 1158 793 1211 μοι;
843 1137 978 1213 ἆρον
1021 1140 1086 1196 τὸ
1134 1140 1254 1207 σὺν,
1289 1142 1387 1196 καὶ
1436 1141 1639 1213 ὕπαγε.
1675 1142 1827 1196 Θέλω
1870 1141 1927 1196 δὲ

339 1232 517 1303 τούτῳ
542 1232 621 1303 τῷ
651 1233 868 1304 ἐσχάτῳ
913 1231 1099 1288 δοῦναι
1126 1233 1203 1296 ὡς
1241 1233 1336 1286 καὶ
1373 1233 1475 1287 σοί·
1508 1233 1541 1302 ἢ
1593 1234 1695 1287 οὐκ
1745 1232 1928 1298 ἒξεστί

342 1340 437 1392 μοι
482 1325 708 1394 ποιῆσαι
740 1324 768 1377 ὃ
806 1324 949 1379 θέλω
980 1327 1040 1378 ἑν
1079 1327 1194 1388 τοῖς
1227 1326 1423 1397 ἑμοῖς;
1467 1329 1515 1380 εί
1568 1328 1597 1380 ό
1648 1326 1929 1396 ὀφθαλμός

342 1432 441 1467 σου
485 1418 725 1486 πονηρός
777 1420 946 1483 ἐστιν,
997 1419 1080 1471 ὅτι
1137 1415 1250 1485 ἐγὼ
1298 1418 1502 1487 ἀγαθός
1536 1419 1689 1488 είμί;
1743 1418 1930 1483 Οὕτως

336 1505 637 1560 ἔσονταιοί
685 1507 903 1579 ἔσχατοι
951 1510 1182 1579 πρῶτοι,
1230 1510 1325 1564 καὶ
1357 1512 1407 1563 οἱ
1450 1511 1657 1582 πρῶτοι
1689 1510 1929 1582 ἔσχατοι.

337 1596 541 1651 Πολλοὶ
570 1598 681 1669 γάρ
707 1600 816 1652 είσι
843 1599 1053 1671 κλητοὶ,
1087 1601 1258 1670 ὀλίγοι
1295 1602 1351 1656 δὲ
1387 1602 1659 1659 ἐκλεκτοί.
1701 1622 1722 1655 ι
1772 1602 1931 1673 Ὄψία

337 1688 379 1759 ἠ
408 1689 723 1742 συντέλεια·
758 1691 816 1745 ὲν
849 1691 982 1761 γοῦν
1011 1695 1077 1763 τῇ
1115 1692 1395 1763 συντελείᾳ
1429 1693 1768 1764 λαμϐάνουσι
1798 1694 1928 1746 πάν-

2025 501 2184 556 rium.
2217 500 2507 560 Venientes
2529 515 2709 559 autem
2730 517 2783 561 et
2812 507 2993 578 primi,
3024 510 3271 567 arbitrati
3298 524 3427 569 sunt
3457 519 3597 583 quod

2025 592 2145 662 plus
2192 602 2377 649 essent
2418 595 2716 667 accepturi,
2763 607 2819 653 et
2862 611 3189 670 acceperunt
3245 601 3345 673 ipsi
3387 620 3601 677 quoque

2026 685 2218 757 singuli
2271 687 2575 743 denarium.
2632 687 2700 743 Et
2736 705 2856 745 cum
2896 694 3254 764 accepissent,
3296 713 3604 754 murmura-

2027 778 2157 833 bant
2188 780 2445 835 adversus
2475 782 2946 852 patremfamilias,
2974 785 3217 842 dicentes
3244 806 3258 842 :
3320 790 3385 841 Hi
3421 791 3604 845 novis-

2028 871 2149 925 simi
2183 885 2342 925 unam
2378 872 2565 928 horam
2596 873 2815 930 fuerunt
2857 876 2910 930 in
2955 891 3139 948 Opere,
3187 887 3239 931 et
3282 881 3400 934 illos
3448 896 3605 951 pares

2031 961 2185 1015 nobis
2213 960 2414 1029 fecisti,
2446 964 2536 1034 qui
2561 966 2895 1034 portavimus
2923 968 3132 1035 pondus
3160 967 3267 1022 diei
3289 981 3343 1024 et
3371 981 3557 1026 azstum
3583 972 3597 1026 !

2027 1054 2097 1107 At
2147 1052 2234 1108 ille
2287 1055 2618 1124 respondens
2656 1058 2746 1110 uni
2790 1071 2999 1123 eorum,
3048 1058 3177 1114 ait:
3231 1058 3440 1127 Amice,
3499 1078 3603 1115 non

2030 1142 2204 1200 ai'ﬁcio
2234 1154 2286 1200 te
2323 1146 2542 1216 injuria.
2576 1148 2763 1203 Nonne
2793 1149 3020 1203 denario
3045 1160 3238 1221 pactus
3272 1167 3332 1208 es
3357 1152 3606 1209 mecum?

2031 1234 2181 1289 Tulle
2212 1237 2356 1307 quod
2390 1247 2540 1291 tuum
2577 1248 2679 1303 est,
2706 1248 2762 1292 et
2793 1239 2903 1294 abi.
2940 1239 3071 1297 Volo
3102 1251 3282 1297 autem
3333 1246 3458 1299 huic
3502 1258 3597 1299 no-

2032 1328 2253 1381 vissimo
2305 1328 2439 1383 dare
2471 1330 2615 1384 sicut
2657 1338 2712 1383 et
2747 1332 2863 1385 tibi.
2896 1331 3089 1388 Annon
3138 1333 3265 1388 licet
3299 1333 3429 1388 mihi
3461 1337 3605 1405 quod

2033 1417 2155 1471 volo
2197 1418 2375 1473 facere
2415 1418 2468 1473 in
2512 1420 2676 1475 rebus
2719 1421 2893 1475 meis?
2939 1438 3007 1476 an
3051 1424 3244 1478 oculus
3279 1432 3403 1495 tuus
3434 1424 3608 1480 malus

2032 1519 2135 1574 est,
2190 1510 2331 1578 quod
2395 1526 2496 1582 ego
2551 1512 2724 1569 lmnus
2775 1515 2918 1569 sim?
2970 1515 3061 1569 Sic
3117 1515 3398 1572 novissimi
3448 1527 3612 1571 erunt

2032 1598 2216 1666 primi,
2249 1610 2304 1655 et
2338 1602 2493 1670 primi
2547 1602 2821 1658 novissimi
2860 1623 2873 1659 :
2908 1607 3057 1659 multi
3084 1608 3227 1661 enim
3255 1616 3381 1661 sunt
3411 1610 3609 1671 vocati,

2035 1690 2189 1757 pauci
2218 1701 2397 1746 autem
2425 1693 2608 1748 electi.
2647 1713 2666 1746 ι
2723 1693 3014 1765 Vespermn
3056 1707 3139 1752 est
3169 1701 3607 1754 consummatio:

337 1797 437 1843 τες
481 1781 586 1835 ἀνὰ
631 1781 909 1855 δηνάριον,
957 1786 986 1839 ὃ
1021 1788 1167 1838 ἐστιν
1198 1787 1232 1857 ἡ
1268 1785 1364 1839 τοῦ
1398 1785 1555 1854 ἁγίου
1606 1785 1928 1856 Πνεύματος

2042 1783 2085 1833 in
2140 1782 2246 1836 line
2301 1793 2482 1838 autem
2538 1786 2644 1841 diei
2699 1798 2752 1842 et
2817 1790 3289 1846 consummatione
3340 1792 3614 1862 accipiunt

339 1871 527 1942 χάρις,
566 1871 965 1942 ἀναμορφοῦσα
995 1874 1087 1928 τὸν
1137 1873 1427 1943 ἄνθρωπον
1469 1875 1548 1936 είς
1595 1873 1657 1926 τὸ
1705 1871 1826 1926 κατέ
1855 1874 1932 1927 εί-

347 1966 501 2029 κόνα,
534 1966 631 2017 καὶ
662 1965 893 2019 ποιοῦσα
930 1964 1086 2030 Θείας
1128 1968 1341 2036 φύσεως
1363 1966 1639 2019 κοινωνόν.
1668 1965 1837 2018 Πλέον
1874 1965 1933 2018 δὲ

346 2054 652 2110 εκοπίασαν
683 2058 734 2110 οἱ
773 2060 880 2129 πρὸ
910 2060 1008 2129 τῆς
1041 2058 1137 2113 τοῦ
1171 2057 1411 2130 Χριστοῦ
1449 2056 1770 2127 ἐπιδημίας,
1803 2056 1926 2108 καθ’

343 2146 376 2199 ὃ
420 2145 576 2201 οὔπω
612 2144 684 2221 ἦν
717 2150 841 2204 τότε
870 2152 898 2203 ὁ
934 2150 1163 2215 θάνατος
1208 2151 1409 2216 λυθεὶς,
1448 2150 1571 2205 οὐδὲ
1620 2153 1648 2203 ὁ
1685 2147 1932 2212 διάϐολος

346 2238 666 2313 συνετρίϐη,
706 2241 821 2295 ἀλλ’
850 2240 931 2294 ἔτι
958 2241 1057 2313 ἔζη
1087 2244 1120 2313 ἡ
1155 2242 1422 2313 ἁμαρτία·
1454 2242 1617 2312 ἡμεῖς
1657 2239 1715 2293 δὲ
1749 2242 1933 2311 χάριτι

348 2331 588 2404 Χριστοῦ
618 2332 709 2386 διὰ
736 2332 830 2388 τοῦ
859 2332 1238 2405 βαπτίσματος
1266 2333 1671 2397 δικαιωθέντες,
1704 2332 1936 2404 δύναμιν

348 2422 706 2495 ὶιιμϐάνομεν
752 2427 832 2488 είς
884 2426 946 2478 si)
991 2426 1216 2496 νικῆσαι
1270 2428 1362 2478 τὸν
1405 2425 1706 2491 ἀντίπαλον
1754 2427 1934 2496 ἡμῶν,

351 2513 454 2584 ἤδη
498 2515 916 2586 καταϐληθέντα
945 2523 1041 2570 καὶ
1075 2516 1455 2571 θανατωθέντα
1505 2516 1612 2569 ὑπὸ
1656 2515 1750 2570 τοῦ
1796 2516 1936 2588 Χρι-

356 2605 505 2660 στοῦ·
556 2607 696 2662 ἀλλά
725 2608 819 2661 καὶ
860 2609 1004 2663 κατὰ
1044 2611 1146 2679 τὴν
1191 2607 1470 2680 προτέραν
1515 2607 1836 2680 ἑρμηνείαν,
1887 2609 1938 2661 οἱ

354 2698 613 2773 νεώτεροι
667 2700 1083 2764 πιστεύσαντες,
1148 2698 1369 2753 πλείονα
1422 2699 1669 2768 κάματον
1726 2700 1939 2769 ἔχουσιν

357 2791 498 2865 ὑπὲρ
527 2794 654 2855 τοὺς
680 2795 739 2847 ἐν
767 2794 916 2866 γήρᾳ
944 2792 1364 2866 προσελθόντας·
1394 2794 1423 2846 ό
1447 2793 1547 2862 μὲν
1571 2791 1681 2862 γὰρ
1710 2792 1850 2855 νέος,
1880 2794 1942 2844 τὸ

360 2881 527 2954 βάρος
564 2884 660 2938 τοῦ
714 2884 887 2956 θυμοῦ
918 2884 1016 2940 καὶ
1061 2883 1152 2938 τὸν
1195 2883 1452 2938 καύσωνα
1497 2881 1597 2949 τῆς
1646 2881 1941 2952 ὲπθυμίας

363 2973 641 3045 βαστάζει,
685 2976 940 3037 πολεμῶν
970 2977 1082 3040 τοῖς
1116 2974 1362 3029 πάθεσιν·
1395 2975 1424 3028 ό
1450 2973 1507 3026 δὲ
1533 2976 1713 3046 γέρων
1745 2974 1802 3027 ὲν
1840 2989 1943 3043 γα-

358 3067 492 3140 λήνῃ
532 3070 765 3137 γίνεται.
823 3069 963 3122 Ἀλλ’
993 3070 1141 3139 ὅμως
1172 3067 1395 3131 πάντες,
1447 3068 1573 3136 μιᾶς
1608 3066 1819 3138 δωρεᾶς
1849 3065 1941 3119 τοῦ

363 3161 521 3230 ἁγίου
568 3162 886 3233 Πνεύματος
947 3152 1245 3227 ἀξιοῦνται.
1307 3159 1561 3214 Διδάσκει
1634 3154 1729 3213 οὖν
1788 3160 1938 3231 ἡμᾶς

364 3256 398 3325 ὴ
429 3252 1093 3325 παραϐολὴῖότιᾶάνιτῷ
1118 3253 1270 3324 χήρα
1306 3250 1424 3319 ἔστι
1456 3248 1803 3319 μεταγνῶναι
1850 3252 1941 3303 καὶ

363 3348 462 3418 τῆς
494 3348 774 3417 βασιλείας
820 3351 1003 3418 τυχεῖν
1025 3361 1038 3376 ·
1086 3346 1246 3400 τοῦτο
1278 3346 1387 3416 γὰρ
1436 3347 1467 3415 ή
1499 3337 1771 3415 ἑνδεκάτη
1798 3341 1939 3416 ὥρα.

367 3441 443 3493 Οὐ
480 3442 813 3511 φθονήσουσι
849 3440 906 3492 δὲ
935 3440 986 3492 οἱ
1034 3438 1181 3506 ἀγιοι
1232 3440 1345 3499 τοῖς
1395 3436 1464 3489 τὰ
1512 3436 1603 3488 ῐσα
1652 3434 1943 3502 λαϐοῦσιν;

371 3533 610 3599 Ἄπαγε,
643 3532 781 3585 ἀλλά
804 3531 963 3585 τοῦτο
989 3528 1269 3584 δείκνυται
1301 3527 1574 3593 ἐντεῦθεν,
1603 3527 1685 3580 ὅτι
1707 3527 1947 3581 τοσαῦτα

369 3625 465 3679 καὶ
496 3623 805 3694 τηλικαῦτά
837 3626 944 3677 εἰσι
969 3623 1038 3676 τά
1070 3622 1326 3693 διδόμενα
1353 3622 1462 3683 τοῖς
1486 3617 1715 3683 δικαίοις
1740 3618 1944 3688 ἀγαθά,

372 3716 509 3770 ὥστε
545 3716 643 3771 καὶ
674 3717 868 3787 φθόνον
898 3718 1120 3788 κινῆσαι
1148 3715 1425 3773 δύνανται.

447 3826 467 3860 ι
520 3799 635 3862 Καὶ
685 3809 995 3863 ἀναϐαίνων
1060 3812 1089 3863 ό
1156 3808 1367 3881 Ἰησοῦς
1434 3810 1515 3872 είς
1576 3806 1944 3878 Ἱεροσόλυμα,

372 3900 646 3972 παρέλαϐε
695 3902 821 3966 τοὺς
863 3901 1073 3956 δώδεκα
1126 3901 1375 3973 μαθητάς
1423 3902 1542 3955 κατ’
1592 3900 1729 3953 ίδίαν
1774 3899 1834 3953 ὲν
1878 3898 1945 3969 τῇ

372 3993 497 4065 ὁδῷ,
532 3996 629 4048 καὶ
666 3991 820 4049 εἶπεν
848 3996 1053 4060 αὐτοῖς·
1100 3982 1231 4051 Ἰδοὺ
1271 3995 1634 4068 ἀναϐαίνομεν
1670 3996 1748 4057 εἰς
1787 3992 1951 4064 Ἱερο-

376 4087 608 4158 σὸλυμα,
643 4091 740 4142 καὶ
784 4093 812 4143 ό
864 4089 997 4153 Υἱὸς
1036 4089 1132 4143 τοῦ
1175 4087 1472 4161 ἀνθρώπου
1510 4086 1951 4159 παραδοθήσεται

375 4183 487 4241 τοῖς
545 4180 864 4252 ἀρχιερεῦσι
912 4182 1012 4236 καὶ
1062 4177 1479 4253 Γραμματεῦσι,
1539 4181 1635 4235 καὶ
1678 4195 1950 4250 κατακρι-

378 4271 560 4326 νοῦσιν
589 4274 755 4327 αὐτὸν
777 4274 1015 4344 θανάτῳ,
1063 4273 1158 4328 καὶ
1190 4273 1606 4344 παραδώσουσιν
1647 4272 1808 4325 αὐτὸν
1837 4273 1951 4334 τοῖς

377 4362 584 4417 ἔθνεσιν
612 4366 692 4428 είς
724 4365 784 4418 τὸ
806 4365 1093 4433 ἐμπαῖξαι,
1122 4367 1217 4419 καὶ
1254 4366 1615 4436 μαστιγῶσαι,
1651 4364 1747 4418 καὶ
1787 4379 1950 4417 σταυ-

2032 1887 2220 1927 omnes
2246 1889 2401 1928 suum
2435 1877 2738 1939 denarium,
2779 1880 2871 1948 qui
2901 1889 2983 1933 est
3012 1878 3247 1947 Spiritus
3274 1880 3449 1935 sancti
3486 1894 3612 1951 gra-

2036 1963 2130 2027 tia,
2172 1968 2565 2022 transformans
2617 1969 2886 2025 hominem
2922 1973 2989 2023 ad
3037 1986 3192 2024 suum
3221 1971 3515 2040 exemplar,
3558 1981 3615 2026 et

2034 2055 2241 2111 faciens
2271 2057 2466 2113 divinae
2497 2069 2704 2114 natura:
2748 2061 3087 2132 participem.
3141 2064 3267 2116 Pius
3302 2074 3500 2117 autem
3529 2063 3612 2117 ia-

2036 2146 2361 2217 hornverunt
2402 2149 2494 2219 qui
2535 2157 2661 2203 ante
2686 2148 2889 2203 Christi
2945 2150 3237 2205 adventum
3270 2151 3513 2213 fuerunt,
3547 2163 3616 2206 eo

2034 2240 2175 2307 quod
2205 2247 2329 2292 tunc
2370 2242 2604 2294 nendum
2637 2250 2759 2295 erat
2794 2257 2940 2297 mors
2970 2242 3166 2307 soluta,
3206 2255 3381 2311 neque
3424 2242 3614 2297 diabo-

2037 2329 2123 2382 lus
2167 2328 2457 2394 contritus,
2511 2331 2605 2383 sed
2653 2330 2830 2384 adhuc
2882 2331 3095 2384 vivebat
3138 2338 3447 2400 peccatum.
3503 2327 3614 2383 Nos

2037 2431 2218 2476 autem
2240 2421 2412 2491 gratia
2444 2420 2645 2477 Christi
2673 2436 2772 2491 per
2800 2422 3126 2491 baptismum
3157 2421 3462 2491 justiilcati,
3498 2421 3612 2474 vir-

2040 2523 2210 2570 tutem
2257 2513 2558 2584 accipimus
2590 2513 2657 2567 ad
2710 2514 3038 2568 vincendum
3093 2513 3459 2568 adversariqu
3510 2528 3613 2567 no-

2040 2613 2239 2671 stram,
2267 2604 2380 2674 jam
2411 2604 2754 2674 dejectumet
2774 2604 3019 2659 occisum
3045 2619 3074 2658 a
3102 2603 3340 2659 Christo.
3372 2602 3437 2657 Et
3458 2602 3615 2671 juxta

2042 2697 2276 2764 priorem
2327 2696 2851 2765 interpretationem,
2895 2698 2985 2766 qui
3042 2700 3270 2766 juvenes
3315 2698 3615 2764 credidere,

2043 2788 2301 2858 m‘ajorem
2333 2789 2574 2845 laborem
2608 2789 2833 2855 habent,
2855 2806 3019 2861 quam
3050 2790 3104 2846 hi
3130 2793 3218 2860 qui
3250 2792 3303 2845 in
3340 2797 3624 2848 senectute

2043 2884 2109 2936 ad
2143 2881 2301 2937 [idem
2324 2893 2694 2937 accesserunt.
2735 2882 3064 2940 Adolescens
3100 2885 3242 2938 enim
3275 2885 3487 2954 pondus
3528 2886 3626 2939 ira

2043 2981 2097 3027 et
2124 2985 2314 3027 aestum
2349 2974 2802 3042 concupiscentia
2836 2984 3035 3043 gestat,
3073 2989 3289 3030 certans
3322 2992 3443 3031 cum
3475 2975 3624 3031 οπο-

2047 3064 2337 3120 ctionibus.
2368 3064 2547 3120 Senex
2576 3076 2756 3122 autem
2789 3068 2841 3122 in
2872 3068 3168 3137 tranquillo
3211 3076 3293 3122 est
3324 3085 3339 3122 :
3382 3075 3620 3124 attamen

2045 3171 2232 3211 utnnes
2253 3172 2352 3212 nos
2386 3173 2551 3212 unum
2581 3159 2778 3212 donum
2807 3156 3045 3228 Spiritus
3065 3160 3233 3212 sancti
3259 3160 3619 3227 assequimur.

2047 3247 2216 3305 Docet
2254 3249 2419 3319 igitur
2435 3265 2532 3305 nos
2559 3250 2721 3323 106
2756 3252 3033 3320 parabolu,
3070 3251 3214 3321 quod
3254 3253 3306 3305 in
3340 3261 3620 3308 senectute

2045 3340 2209 3395 etiam
2240 3339 2365 3396 licet
2390 3341 2729 3410 resipiscere,
2754 3354 2809 3396 et
2839 3358 3061 3414 regnum
3086 3344 3292 3398 αιτιοι-ιι
3306 3361 3352 3396 ιιι
3382 3346 3618 3413 assequi.

2047 3432 2174 3489 Haec
2226 3434 2369 3487 enim
2431 3434 2714 3490 undecima
2764 3437 2892 3489 hora
2951 3446 3057 3491 est.
3117 3436 3248 3490 Num
3308 3437 3625 3492 inridebunt

2047 3525 2221 3579 sancti
2254 3525 2336 3581 his
2368 3527 2458 3597 qui
2506 3529 2655 3597 paria
2693 3526 3008 3597 accipiunt?
3036 3528 3209 3594 Absit,
3258 3528 3351 3583 sed
3385 3528 3628 3583 ostendit

2048 3616 2138 3671 hic
2173 3619 2315 3687 quod
2349 3626 2499 3674 tanta
2538 3631 2591 3672 et
2630 3620 2762 3673 talia
2802 3629 2928 3674 sunt
2974 3622 3110 3674 bona
3144 3634 3264 3688 quae
3304 3621 3502 3674 dantur
3537 3618 3632 3687 ju-

2048 3708 2169 3774 stis,
2205 3716 2263 3762 ut
2295 3719 2355 3763 et
2379 3709 2637 3764 invidiam
2678 3710 2918 3765 excitare
2939 3712 3168 3780 possint.

2124 3797 2290 3856 Vens.
2341 3800 2530 3856 18-31.
2569 3819 2589 3854 ι
2626 3802 3012 3858 Etascendens
3044 3802 3202 3859 Jesus
3226 3804 3629 3877 Hierosolyma,

2051 3892 2350 3962 assumpsit
2378 3893 2660 3948 duodecim
2692 3894 2987 3963 discipulos
3020 3911 3148 3951 suos
3177 3897 3321 3951 solos
3351 3897 3403 3951 in
3439 3899 3545 3961 via,
3574 3907 3630 3952 et

2052 3985 2129 4040 ait
2162 3984 2267 4040 illis
2298 4003 2313 4039 :
2346 3985 2488 4039 Ecce
2510 3987 2922 4043 conscendimus
2951 3985 3343 4061 Hierusnlyma,
3375 4004 3430 4044 et
3459 3990 3628 4047 Filius

2052 4072 2290 4130 hominis
2313 4075 2557 4131 tradetur
2585 4076 2919 4146 principibus
2943 4079 3281 4133 sacerdotum
3311 4096 3377 4134 ac
3400 4082 3624 4149 Scribis,

2055 4177 2109 4223 et
2142 4167 2580 4223 condemnabunt
2611 4184 2734 4224 eum
2770 4180 2963 4232 morte,
2994 4180 3049 4225 et
3098 4172 3306 4225 tradent
3339 4189 3458 4226 eum
3497 4190 3629 4244 gen-

2056 4263 2200 4318 tibus
2227 4263 2296 4318 ad
2321 4263 2676 4329 iiludendum,
2705 4274 2758 4318 et
2788 4263 3190 4334 ﬂagellandnm,
3223 4276 3279 4320 et
3305 4271 3630 4338 cruciﬁgen-

2053 4353 2200 4419 dum,
2234 4365 2288 4408 et
2312 4355 2471 4409 lertio
2524 4356 2611 4410 die
2652 4365 2921 4424 resurget.
2961 4354 3110 4411 Tunc
3145 4359 3371 4413 aet'essit
3408 4363 3472 4413 ad
3505 4377 3628 4414 eum

381 4454 574 4525 ρῶσαι,
606 4455 702 4509 καὶ
716 4460 782 4526 τῇ
813 4457 971 4528 τρίτῃ
994 4457 1178 4530 ἡμέρᾳ
1199 4458 1583 4529 ἀναστήσεται.
1615 4457 1749 4508 Τότε
1780 4470 1940 4525 προσ·

2058 4456 2229 4499 mater
2271 4445 2501 4501 ﬁliorum
2537 4446 2781 4502 Zebeda-i
2815 4462 2936 4502 cum
2979 4449 3102 4502 [iliis
3133 4451 3267 4509 suis,
3315 4452 3548 4507 adorans
3579 4465 3636 4507 et

379 4542 538 4612 ἦλθεν
566 4546 721 4615 αὐτῷ
743 4547 779 4617 ἠ
809 4547 996 4618 μήτηρ
1027 4548 1139 4601 τῶν
1187 4547 1324 4601 υἱῶν
1354 4547 1641 4602 Ζεϐεδαίου
1678 4546 1812 4617 μετά
1843 4547 1940 4598 τῶι

2059 4548 2246 4606 petens
2276 4538 2478 4608 aliquid
2510 4540 2579 4594 ab
2611 4555 2698 4594 eo.
2726 4541 2797 4592 At
2831 4539 2919 4594 ille
2940 4541 3078 4594 dixit
3108 4541 3156 4596 ei
3182 4559 3200 4595 ι
3229 4544 3369 4608 Quid
3398 4547 3517 4599 vis?
3545 4548 3637 4600 Ait

381 4635 512 4689 υίῶν
544 4636 740 4706 αὐτῆς,
789 4639 1172 4708 προσκυνοῦσα
1219 4640 1313 4693 καὶ
1345 4639 1573 4693 αἰτοῦσά
1604 4656 1657 4692 τι
1690 4636 1817 4705 παρ’
1853 4637 1940 4690 a6-

2060 4632 2131 4685 illi
2161 4650 2174 4686 :
2211 4631 2305 4685 Dic
2343 4641 2403 4685 ut
2439 4632 2661 4687 sedeant
2694 4634 2744 4686 hi
2770 4634 2876 4687 duo
2907 4633 2996 4687 ﬁlii
3034 4636 3159 4697 mei,
3193 4651 3343 4690 unus
3369 4651 3399 4689 a
3429 4639 3635 4692 dextris

379 4729 494 4784 τοῦ.
539 4730 600 4782 ’0
627 4729 687 4783 δὲ
716 4723 869 4783 εἶπεν
897 4733 1058 4802 αὐτῇ·
1090 4731 1153 4784 Τί
1185 4731 1361 4794 θέλεις
1386 4749 1402 4798 ;
1425 4732 1591 4800 Λέγει
1620 4731 1790 4800 αὐτῷ·
1822 4728 1940 4781 Είπὲ

2061 4725 2183 4788 tuis,
2212 4735 2268 4780 et
2298 4727 2435 4779 alter
2462 4726 2526 4779 ad
2549 4726 2825 4780 sinistram
2863 4736 3007 4780 tuam
3034 4729 3085 4780 in
3122 4744 3283 4796 regno
3307 4740 3417 4785 tuo.
3463 4750 3481 4781 ι
3506 4732 3637 4799 Opi-

382 4820 470 4875 ἵνα
498 4821 799 4876 καθίσωσιν
827 4814 975 4877 οὗτοι
1004 4825 1056 4876 oi
1088 4823 1182 4877 δύο
1213 4825 1318 4877 υἱοί
1355 4841 1483 4895 μου,
1537 4818 1615 4887 εἷς
1654 4826 1718 4876 ἐκ
1767 4820 1940 4886 δεξιῶι

2063 4820 2334 4873 nabantur
2382 4819 2473 4874 lilii
2532 4818 2778 4875 Zebcda'i
2830 4822 2972 4890 quod
3024 4825 3225 4877 vadens
3264 4820 3634 4894 Hierosolyma

384 4931 475 4967 σου
516 4918 613 4968 καὶ
647 4909 727 4978 εἷς
760 4917 820 4980 ἐξ
849 4915 1144 4986 εὐωνύμων
1182 4935 1276 4969 σου
1310 4919 1367 4971 ἐν
1398 4920 1473 4987 τῇ.
1499 4914 1745 4986 βασιλείᾳ
1782 4930 1896 4966 σου.
1933 4932 1951 4963 ι

397 5006 684 5077 Ἐνόμιζον
713 5009 763 5060 oi
790 5007 888 5059 τοῦ
916 5006 1229 5073 Ζεϐεδαίου,
1264 5007 1345 5060 ὅτι
1376 5008 1470 5058 ἐὰν
1500 5006 1706 5075 ἀπέλθῃ
1738 5007 1817 5067 είς
1856 5003 1954 5055 Ἰε-

384 5098 661 5169 ροσόλυμα
692 5098 971 5167 όΚύριος,
1004 5098 1317 5170 βασιλεύσει
1360 5097 1625 5167 αίσθητὴν
1657 5095 1955 5165 βασιλείαν

386 5193 584 5261 ᾕκουον
614 5192 725 5261 γὰρ
765 5190 937 5243 αὐτοῦ
960 5189 1199 5260 συνεχῶς
1227 5189 1498 5257 λέγοντος,
1531 5189 1611 5241 ὅτι
1651 5185 1959 5241 Ἀναϐαίνο-

390 5298 486 5353 μεν
509 5283 590 5346 εἰς
629 5280 997 5353 Ἰεροσόλυμα·
1050 5282 1250 5335 ἔπαθον
1273 5278 1367 5334 οῦν
1400 5277 1740 5351 ἀνθρώπινόν
1765 5296 1837 5341 τι,
1866 5278 1961 5331 καὶ

386 5372 710 5444 προσελθεῖν
736 5376 837 5442 τὴν
865 5376 1077 5445 μητερα
1101 5373 1401 5439 πείθουσιν,
1436 5372 1593 5426 αὐτοὶ
1631 5370 1962 5440 εὐλαϐούμε-

390 5482 469 5518 νοι
502 5468 561 5518 ἑν
585 5464 664 5534 τῷ
687 5464 909 5535 φανερῷ
940 5463 1276 5536 προσελθεῖν·
1306 5464 1489 5534 κρύφα
1521 5464 1630 5533 γὰρ
1658 5461 1963 5531 προσῆλθον

388 5556 482 5608 καὶ
507 5555 683 5619 αὐτοὶ,
715 5554 788 5618 ὡς
828 5557 856 5606 ὁ
881 5556 1105 5625 Μάρκος
1135 5556 1303 5623 λέγει·
1340 5553 1476 5625 φησὶ⁸
1502 5554 1632 5624 γάρ,
1664 5553 1746 5605 ὅτι
1793 5567 1965 5629 rspon-

392 5646 712 5717 πορεύονται
755 5648 902 5716 αὐτῷ
960 5647 1212 5710 Ἰάκωϐος
1251 5650 1347 5701 καὶ
1401 5645 1675 5717 Ἰωάννης,
1715 5644 1837 5698 ἀντὶ
1870 5641 1966 5696 τοῦ

395 5740 567 5810 λάθρα
602 5743 697 5795 καὶ
730 5742 839 5811 ἰδίᾳ.
866 5741 1285 5811 προσέρχονται.

720 5840 987 5899 Ιτιιτιιοι..
1024 5840 1141 5898 (in.
1189 5837 1465 5897 CXXIII.

2066 4911 2324 4966 Dominus
2355 4922 2677 4980 regnaturus
2699 4923 2845 4966 esset
2877 4930 2915 4967 r4
2935 4929 3039 4984 gno
3069 4919 3300 4983 quodam
3330 4917 3633 4986 temporali.

2062 5001 2358 5055 Audierant
2392 5002 2538 5058 enim
2565 5017 2687 5057 eum
2714 5013 2855 5073 saepe
2888 5005 3180 5072 dicentem,
3211 5005 3638 5065 Corrscendimus

2065 5093 2460 5165 Hierosolyma.
2500 5094 2647 5153 Passi
2693 5107 2873 5151 autem
2908 5108 3032 5151 sunt
3074 5098 3366 5152 humanum
3395 5102 3548 5169 quid,
3583 5113 3640 5155 et

2066 5195 2124 5238 ut
2174 5194 2344 5241 mater
2374 5188 2599 5242 accedat
2642 5187 2985 5257 persuadent,
3033 5187 3131 5255 ipsi
3172 5190 3387 5243 reveriti
3424 5192 3477 5245 in
3522 5208 3637 5245 ma-

2068 5279 2264 5333 nifesto
2309 5283 2568 5334 accedere
2613 5295 2627 5332 :
2685 5278 2929 5333 clanculo
2978 5279 3126 5334 enim
3182 5293 3530 5337 accesserunt
3582 5295 3637 5337 et

2069 5372 2199 5439 ipsi,
2228 5383 2286 5425 ut
2328 5370 2545 5426 Murcus
2590 5370 2741 5424 dicit.
2792 5367 3074 5427 Accedunt
3118 5372 3286 5437 enim,
3333 5372 3524 5442 inquit,
3568 5375 3636 5428 ad

2067 5480 2188 5519 eum
2221 5462 2456 5519 lacubus
2488 5473 2542 5519 et
2568 5462 2827 5531 Joannes,
2853 5464 2955 5521 hoc
2981 5475 3088 5534 est,
3116 5467 3367 5536 privatim
3400 5476 3454 5523 et
3484 5481 3640 5523 seor-

2068 5568 2188 5607 sum
2224 5553 2487 5608 aceedunt
2514 5555 2580 5607 ad
2607 5569 2753 5611 eum.

3128 5830 3206 5894 12
