3914 6590
356 324 464 386 3ίὲ3

352 532 507 586 scitis
542 531 666 600 quid
693 530 893 599 petitis.
919 528 1150 586 Potestis
1172 530 1358 586 bibere
1383 532 1633 600 poculum
1661 532 1801 600 quod
1832 549 1931 599 ego

353 621 624 676 Libiturus
658 635 798 686 sum,
837 631 930 674 aut
961 616 1227 691 baptismo
1268 637 1376 691 quo
1405 637 1507 692 ego
1536 624 1801 691 baptizur,
1837 625 1929 676 ba.

355 711 590 782 ptiztri?
636 711 829 765 Dicunt
858 712 947 765 ei:
987 712 1302 769 Possumus.
1341 734 1359 767 ι
1420 714 1592 769 Matre
1636 715 1933 783 praeterita,

355 807 478 860 tiliis
507 808 743 876 loquitur
773 826 784 862 :
818 817 877 862 ut
905 811 1154 864 ostendat
1190 812 1334 879 quod
1366 828 1470 866 non
1505 810 1836 881 ignoraverit
1867 815 1934 864 ab

354 899 486 967 ipsis
517 898 851 969 praemissam
898 912 1149 963 lllzlll‘clll,
1183 914 1235 955 et
1259 902 1388 956 dicit
1418 905 1482 956 ad
1514 904 1632 957 illos
1659 923 1671 957 :
1703 901 1935 957 Nescitis

353 992 481 1058 quid
510 993 709 1060 petitis.
747 990 996 1059 Magnum
1021 1005 1122 1059 est,
1155 1005 1205 1046 et
1233 996 1507 1063 angelicas
1541 995 1773 1050 virtutes
1799 1010 1930 1049 con-

354 1086 587 1136 cuticne.
634 1082 835 1139 Deinde
862 1083 1136 1140 abduceus
1183 1087 1299 1140 illos
1344 1087 1411 1140 ab
1447 1088 1751 1156 liujusmodi
1787 1090 1938 1159 cogi—

356 1174 672 1239 tationibus,
716 1176 781 1227 ad
826 1175 1060 1244 psricula
1104 1178 1273 1240 magis
1317 1178 1583 1231 hortatur.
1635 1179 1934 1249 Interrugat

354 1275 557 1328 autem,
609 1281 714 1320 non
771 1265 1049 1336 ignorans,
1099 1268 1194 1322 sed
1246 1281 1301 1322 ut
1352 1283 1532 1340 cogat
1584 1271 1934 1325 manifestare

357 1357 510 1410 ulcus
541 1372 635 1426 per
679 1372 1019 1427 responsum,
1067 1370 1121 1414 et
1152 1361 1405 1415 studeant
1437 1363 1664 1431 implere
1700 1367 1929 1432 promis-

355 1449 587 1504 sionem.
624 1450 735 1505 lloc
775 1451 918 1505 enim
950 1452 1103 1517 dicit,
1146 1453 1283 1521 Quia
1320 1470 1424 1509 non
1455 1466 1631 1523 potest
1664 1460 1783 1524 quis
1821 1458 1934 1510 lieri

357 1542 630 1610 particeps
657 1541 805 1611 regni
836 1542 968 1609 mei,
996 1545 1099 1599 nisi
1122 1556 1174 1599 et
1202 1561 1443 1600 mearqu
1472 1548 1782 1615 passionutu
1815 1563 1938 1617 par-

359 1636 535 1703 ticcps
574 1637 706 1700 iiat;
748 1636 909 1689 dicite
959 1635 1108 1700 mihi,
1150 1652 1275 1689 num
1308 1637 1531 1706 possitis
1561 1639 1752 1691 similia
1793 1638 1939 1708 pati?

356 1723 617 1777 l’ocnlnm
648 1726 794 1780 enim
835 1726 965 1779 dicit
1000 1727 1344 1796 martyrium,
1374 1736 1429 1780 et
1457 1743 1611 1783 suam
1656 1742 1886 1783 mortem
1919 1746 1933 1782 :

1251 324 1353 382 T11
1367 325 1560 384 EOI’i‘l
1571 326 1607 383 Υ
1621 324 1834 383 LAC'I‘I
1880 322 2187 384 BULGAR
2202 323 2215 381 I
2339 323 2688 383 ARCHIEI’.
3515 331 3606 395 {iiii

431 441 591 495 Vens.
624 440 716 494 22.
751 458 767 490 t
809 437 1163 508 Respondens
1193 452 1373 495 autem
1404 440 1583 504 Jesus,
1626 442 1797 495 dixit:
1837 439 1936 493 Nc-
1968 451 2009 503 Α

2123 460 2139 491 ‹
2199 442 2545 512 Ἀποκριθεὶς
2575 443 2630 495 δὲ
2676 443 2701 493 ὁ
2745 439 2951 511 Ἰησοῦς
2992 434 3167 494 εἶπεν·
3212 444 3325 498 Οὑκ
3358 445 3531 500 οἴδατε
3560 454 3608 508 τί
3658 456 3663 461 ’

2043 531 2309 584 αἰτεῖσθε.
2346 530 2591 583 Δύνασθε
2641 533 2787 583 πιεῖν
2826 531 2888 583 τὸ
2923 531 3184 599 ποτήριον
3233 531 3262 585 ὃ
3310 531 3422 600 ἐγὼ
3450 534 3612 603 μέλλω

2040 624 2257 688 πίνει-ις
2316 622 2348 693 ἢ
2402 624 2461 675 τὸ
2495 623 2780 693 βάπτισμα
2821 623 2850 673 ὃ
2886 622 2997 692 ἐγὼ
3049 624 3380 694 βαπτίζομαι
3429 624 3612 695 βαπτι-

2043 711 2277 780 σθῆναι;
2318 711 2581 779 Λέγουσιν
2627 712 2811 781 αὐτῷ·
2845 712 3154 783 Δυνάμεθα.
3209 733 3228 766 ι
3264 716 3375 783 Τὴν
3415 718 3613 788 μητέρα

2041 803 2396 872 καταλείψας,
2433 808 2546 869 τοῖς
2570 808 2708 869 υίοῖς
2737 805 3071 874 διαλέγεται,
3117 806 3202 859 ἵνα
3246 805 3397 878 δείξῃ
3426 808 3500 870 ὡς
3526 811 3614 863 οὐκ

2042 898 2309 969 ἠγνόησεν
2357 899 2439 951 ὅτι
2495 898 2651 952 αὐτοὶ
2693 899 3057 969 προεϐάλοντο
3101 900 3200 968 τὴν
3243 900 3481 970 μητέρα,
3535 903 3617 955 καὶ

2043 994 2177 1061 φησὶ
2206 992 2340 1061 πρὸς
2372 993 2586 1054 αύτούς·
2622 993 2736 1045 Οὑκ
2762 992 2940 1045 οἴδατε
2971 993 3023 1043 τί
3056 992 3292 1044 αἰτεῖσθε
3323 1010 3336 1022 -
3366 992 3485 1053 πῶς
3512 995 3615 1049 ἐστι

2046 1084 2189 1152 μέγα
2231 1084 2325 1135 καὶ
2378 1088 2476 1145 τὲις
2534 1082 2641 1134 τῶν
2698 1083 2944 1150 ἀγγέλων
2990 1084 3246 1153 δυνάμεις
3301 1085 3616 1151 ἐκπλῆττον.

2052 1169 2185 1227 Εἶτα
2214 1175 2444 1242 ἀπάγων
2485 1175 2682 1237 αὑτοὺς
2728 1175 2837 1226 τῶν
2872 1175 3131 1227 τοιούτων
3184 1175 3486 1245 λογισμῶν,
3536 1177 3621 1231 ἐπὶ

2047 1266 2322 1329 κινδύνους
2384 1267 2583 1334 μᾶλλον
2646 1267 3036 1338 προτρέπεται.
3117 1269 3328 1339 Ἐρωτᾷ
3388 1268 3467 1333 δὲ,
3529 1270 3621 1325 οὑκ

2045 1360 2276 1427 ἀγνοῶν,
2306 1358 2419 1411 ἀλλ’
2464 1359 2550 1412 ἵνα
2581 1360 2867 1430 ἀναγκάσῃ
2900 1360 3213 1429 φανερῶσαι
3254 1361 3314 1412 τι
3347 1360 3507 1424 ’έλκος
3539 1361 3620 1416 διὰ

2046 1452 2143 1521 τῆς
2199 1450 2567 1520 ἀποκρίσεως,
2617 1450 2710 1503 καὶ
2778 1451 3121 1504 σπουδάςωσι
3183 1451 3473 1521 πληρῶσαι
3531 1452 3622 1519 τὴν

2047 1542 2359 1611 ὑπόσχεσιν.
2400 1543 2568 1594 Ἰὀῦτσ
2599 1545 2706 1612 γαρ
2728 1541 2895 1609 λέγει,
2919 1543 3000 1595 ὅτι
3034 1544 3183 1594 Ἐπεὶ
3208 1543 3269 1594 οὑ
3298 1542 3525 1594 δύναταί
3549 1560 3623 1606 τις

2044 1633 2297 1702 γενέσθαι
2329 1634 2581 1697 κοινωνὸς
2608 1637 2701 1703 τῆς
2746 1633 3021 1704 βασιλείας
3050 1652 3175 1704 μου,
3208 1636 3255 1688 εἰ
3285 1638 3360 1705 μὴ
3397 1640 3491 1688 καὶ
3527 1635 3624 1687 τῶν

2046 1726 2194 1795 ἐμῶν
2243 1726 2582 1793 παθημάτων
2620 1726 2845 1796 γένηται
2883 1728 3159 1791 κοινωνὸς,
3198 1728 3386 1779 εἶπατέ
3429 1744 3545 1797 μοι,
3576 1730 3622 1779 εί

354 1814 517 1868 simul
548 1817 842 1870 ostendens
866 1817 1006 1886 quod
1040 1816 1155 1871 leve
1189 1817 1279 1882 sit,
1309 1827 1363 1872 ct
1394 1821 1535 1887 quod
1563 1830 1807 1887 oporteat
1844 1836 1939 1874 nos

2051 1820 2271 1872 δύνασθε
2319 1821 2386 1872 τὰ
2425 1821 2586 1887 ὅμοια
2640 1822 2852 1875 παθεῖν.
2914 1821 3183 1889 Ποτήριον
3237 1821 3348 1890 γέιρ
3382 1820 3535 1887 λέγει
3571 1822 3625 1873 τὸ

357 1918 465 1959 tam
512 1905 672 1962 facile
717 1908 846 1962 illud
882 1911 1125 1979 aggredi,
1176 1925 1336 1979 quam
1384 1913 1426 1964 si
1462 1911 1750 1965 bibe.;du-.u
1794 1923 1939 1967 esset

354 1994 649 2062 pucidum:
688 2008 741 2049 et
776 1997 1060 2051 declarans
1113 1998 1252 2067 quod
1298 2001 1413 2069 ipse
1444 2002 1685 2057 suaviter
1720 2005 1944 2058 accedat

358 2086 425 2140 ad
461 2100 713 2141 tuortent.
753 2090 909 2142 Sient
935 2092 1076 2144 enim
1112 2094 1300 2145 bibens
1327 2093 1576 2161 poculum
1602 2100 1785 2149 statim
1820 2099 1945 2150 dvr-

357 2177 457 2231 iuit
487 2192 748 2250 gravatus
778 2196 791 2234 :
823 2180 903 2235 sic
935 2194 987 2236 et
1016 2183 1106 2250 (pii
1140 2186 1379 2253 martyrii
1409 2186 1659 2254 p0cuium
1695 2188 1847 2253 bibit,
1883 2188 1935 2242 in

358 2270 552 2324 mortis
580 2286 830 2325 somnum
865 2272 1128 2327 defertur.
1161 2272 1432 2341 Baptisma
1462 2290 1681 2347 quoque
1707 2288 1935 2331 mortem

357 2372 511 2415 suam
553 2363 819 2429 nominat,
866 2365 1007 2433 quod
1042 2381 1140 2418 nos
1174 2380 1363 2419 omnes
1402 2368 1669 2434 puritieet.
1716 2367 1779 2422 Hi
1810 2384 1938 2425 vero

361 2451 673 2508 nescientes
701 2455 827 2523 quid
861 2459 1260 2525 promitterent,
1295 2459 1388 2512 sed
1421 2458 1595 2512 solum
1635 2468 1943 2529 spectantes

358 2546 428 2599 ad
459 2547 509 2600 id
544 2548 687 2617 quod
714 2550 1023 2618 cupiebant,
1054 2550 1236 2603 omnia
1268 2549 1425 2606 facile
1450 2552 1870 2621 pollicebantur.

2051 1910 2353 1981 μαρτύριον
2385 1913 2477 1963 καὶ
2531 1910 2622 1963 τὸν
2658 1914 2860 1963 οἰκεῖον
2899 1911 3151 1977 θάνατον,
3204 1911 3321 1980 ἅμα
3374 1912 3477 1981 μὲν
3523 1913 3627 1965 δει-

2042 2005 2249 2069 κνύων,
2279 2004 2359 2056 ὅτι
2390 2002 2614 2056 εὔκολόν
2645 2007 2811 2069 ἐστιν,
2846 2004 3036 2073 ῶσπερ
3068 2004 3129 2057 τὸ
3168 2008 3311 2057 πιεῖν
3350 2006 3625 2076 ποτήριον,

2044 2100 2137 2152 καὶ
2166 2098 2247 2151 δεῖ
2270 2098 2457 2151 λοιπὸν
2490 2098 2583 2150 καὶ
2610 2099 2756 2168 ἡμᾶς
2802 2099 2875 2161 ὡς
2908 2098 3115 2168 εὐκόλῳ
3149 2098 3326 2170 τούτῳ
3360 2099 3628 2168 προστρέ·

2046 2206 2163 2258 χειν
2192 2205 2207 2221 ’
2261 2190 2379 2259 ἅμα
2427 2188 2481 2242 δὲ
2523 2188 2720 2259 δηλῶν,
2760 2189 2843 2242 ὅτι
2876 2190 2969 2241 καὶ
3001 2189 3160 2253 αὐτὸς
3189 2190 3359 2260 ἡδέως
3414 2191 3632 2257 προσίε-

2043 2300 2132 2337 ται
2164 2282 2255 2335 τὸν
2300 2282 2548 2336 Θάνατον.
2584 2283 2795 2352 Ὥσπερ
2829 2282 2885 2334 δὲ
2925 2286 2952 2336 ό
3000 2284 3170 2336 πίνων
3217 2285 3506 2355 ποτήριον,
3546 2284 3628 2335 εύ-

2047 2375 2182 2439 θέως
2221 2376 2489 2429 ὑπνώττει
2521 2375 3029 2447 καταϐαρούμενος,
3062 2376 3206 2429 οὑτω
3255 2379 3350 2429 καὶ
3372 2381 3401 2430 ὁ
3429 2377 3492 2428 τὸ
3540 2376 3628 2429 τού

2054 2472 2355 2541 μαρτυρίου
2410 2472 2673 2539 ποτήριον
2724 2471 2915 2531 πίνων,
2975 2473 3056 2533 είς
3108 2472 3200 2523 τὸν
3249 2473 3342 2524 τοῦ
3388 2462 3628 2524 ’θανάτου

2050 2562 2423 2633 καταφέρεται
2453 2560 2641 2614 ὕπνον.
2684 2562 2793 2614 Καὶ
2826 2560 3110 2631 βάπτισμα
3154 2561 3210 2615 δὲ
3239 2561 3499 2631 ὀνομάζει
3546 2561 3631 2613 τὸν

359 2638 588 2699 θάνατον
620 2641 807 2709 αὑτοῦ,
848 2643 922 2706 ὡς
956 2643 1288 2716 καθαρτικὸν
1318 2644 1448 2698 ὄντα
1499 2646 1717 2701 πάντων
1763 2649 1938 2719 ήμῶψ
1979 2654 2027 2706 oi
2066 2654 2122 2707 δὲ
2172 2655 2494 2726 ὑπέσχοντο,
2571 2654 2672 2707 οὑκ
2722 2653 2923 2717 εἰδότες
2953 2654 2981 2708 δ
3017 2655 3218 2723 ελεγον,
3295 2652 3432 2708 ἀλλὰ
3474 2653 3635 2724 μόνον

358 2733 495 2805 πρὸς
521 2736 582 2789 τὸ
612 2738 796 2807 τυχεῖν
820 2728 895 2789 ὧν
918 2737 1134 2808 ἠθελον,
1161 2739 1344 2790 ,πάντα
1384 2739 1623 2803 εὐκόλως
1653 2741 2097 2813 ὑπισχνούμενοι.

435 2828 596 2885 Vens.
641 2830 733 2884 25.
790 2850 809 2884 ι
867 2832 956 2886 Ait
1006 2832 1158 2886 illis:
1196 2832 1462 2887 Pocuium
1504 2835 1720 2903 quidem
1767 2853 1948 2893 meum

359 2923 582 2990 bibetis,
624 2934 680 2978 et
729 2925 1001 2993 baptismo
1040 2940 1149 2995 quo
1179 2936 1279 2995 ego
1318 2927 1593 2996 baptizor,
1636 2927 1948 2998 baptizabi-

361 3015 493 3069 mini
521 3032 536 3069 :
570 3014 761 3069 sedere
791 3026 970 3069 autem
994 3016 1060 3069 ad
1082 3017 1328 3070 dextram
1357 3034 1530 3070 meam
1563 3028 1615 3071 et
1640 3019 1946 3082 sinistram,

2131 2860 2150 2894 ‹
2189 2844 2295 2896 Καὶ
2321 2843 2467 2911 λέγει
2501 2844 2709 2907 αὑτοῖς·
2746 2845 2818 2896 Τὺ
2848 2842 2947 2914 μὲν
2981 2842 3241 2914 ποτήριόν
3274 2860 3378 2913 μου
3419 2843 3631 2911 πίεσθε,

2051 2937 2144 2989 καὶ
2182 2938 2241 2989 τὸ
2269 2938 2551 3007 βάπτισμα
2583 2937 2610 2990 ὂ
2640 2937 2749 3003 ἐγὼ
2782 2936 3138 3007 βαπτίζομαι,
3173 2936 3632 3008 βαπτισθήσεσθε

2048 3029 2109 3080 τὸ
2134 3028 2188 3081 δὲ
2215 3029 2437 3084 καθίσαι
2468 3033 2531 3082 ἐκ
2581 3029 2770 3093 δεξιῶν
2804 3046 2904 3097 μου
2948 3029 3040 3081 καὶ
3074 3026 3135 3093 ἐξ
3166 3027 3470 3098 εὐωνύμων
3512 3046 3632 3098 μου,

363 3122 468 3159 non
491 3114 572 3160 cst
606 3119 783 3159 meum
805 3103 957 3169 dare,
986 3105 1081 3159 sed
1110 3106 1308 3173 quibus
1333 3117 1581 3175 paratum
1609 3116 1693 3162 est
1721 3121 1750 3159 a
1774 3107 1940 3163 .l’atre

2051 3118 2148 3170 οὑκ
2192 3119 2336 3171 ἔστιν
2368 3118 2496 3187 ἐμὶν
2526 3118 2731 3184 δοῦναι,
2771 3116 2886 3170 ἀλλ’
2920 3112 3003 3180 οἷς
3037 3117 3364 3186 ἡτοίμασται
3403 3117 3515 3170 ὑπὸ
3546 3118 3636 3170 τοῦ

362 3212 501 3250 meo.
539 3215 557 3247 ι
590 3197 716 3250 Scio
759 3195 977 3266 quidem
1025 3211 1119 3250 vos
1146 3198 1579 3268 testiﬁcaturos,
1605 3205 1948 3257 eve/venient

362 3292 478 3345 inec
507 3290 753 3345 omnino.
791 3289 951 3359 107
986 3288 1251 3344 Jacobqu
1287 3291 1428 3345 enim
1453 3290 1696 3347 Herodes
1727 3295 1945 3357 occidit,

360 3380 623 3436 Joannem
672 3392 851 3436 autem
905 3381 1172 3450 Trajanus
1214 3385 1598 3438 condemnavit
1649 3388 1946 3454 prmdicau-

360 3488 470 3528 tem
516 3476 740 3528 verbum
791 3476 1055 3530 veritatis.
1090 3475 1258 3529 Porro
1293 3476 1480 3531 sedere
1510 3492 1616 3530 non
1651 3488 1735 3531 est
1768 3494 1943 3532 meum

362 3568 515 3636 dare,
551 3568 645 3622 sed
676 3567 873 3637 quibus
904 3579 1264 3639 pra'parattnn
1307 3580 1387 3624 εει
1426 3586 1439 3622 :
1472 3569 1551 3625 sic
1581 3569 1851 3641 intelligo:
1882 3570 1940 3625 Si

352 3661 621 3714 iuventus
669 3659 833 3714 fuerit
888 3662 1011 3727 quis
1060 3673 1185 3715 cum
1243 3660 1491 3714 veritatis
1544 3663 1943 3722 testiﬁcatione.

359 3752 510 3807 omni
536 3753 639 3806 alia
675 3754 877 3807 virtute
908 3755 1186 3822 praulitus,
1224 3753 1313 3807 ille
1345 3752 1575 3822 accipiet
1606 3752 1827 3806 donum.
1864 3753 1944 3807 liii

361 3847 507 3901 enim
567 3855 927 3915 praeparatum
958 3856 1081 3910 εει,
1136 3845 1226 3912 qui
1284 3844 1639 3908 laboraverit,
1695 3846 1836 3899 sicut
1892 3854 1947 3898 et

358 3939 698 3994 «ertamibus
722 3952 935 3991 corona:
965 3947 1447 4006 sumpta-paratae.
1478 3937 1944 4004 Quemadmodum

359 4044 553 4084 cursus
604 4030 905 4082 certamine
971 4031 1269 4099 preposito,
1325 4045 1389 4083 ac
1448 4045 1571 4099 rege
1628 4032 1948 4086 certaminis

358 4123 611 4193 praeside,
653 4122 699 4177 si
733 4123 1004 4191 quispiam
1040 4123 1134 4191 qui
1181 4139 1284 4177 non
1318 4134 1577 4177 certasset
1616 4125 1762 4193 prod«
1786 4131 1863 4191 at,
1893 4134 1947 4178 et

360 4216 549 4269 dicat:
590 4214 667 4266 Da
716 4215 845 4266 mihi
890 4229 1147 4267 coronam
1186 4228 1292 4267 non
1337 4214 1583 4283 ingresso
1620 4218 1874 4280 stadium,
1913 4231 1946 4269 ο

360 4310 681 4364 certaminis
712 4324 930 4378 praeses,
987 4308 1113 4362 huic
1148 4307 1480 4378 respondere
1515 4308 1698 4376 utique
1731 4307 1818 4360 ille
1853 4322 1947 4373 po-

359 4403 522 4458 terit:
557 4400 672 4456 Non
713 4412 798 4457 est
828 4417 1004 4457 meum
1043 4403 1174 4456 dare
1207 4403 1269 4454 ad
1293 4401 1519 4469 gratiam
1545 4416 1821 4473 corongm,
1846 4402 1940 4452 sed

2052 3213 2263 3283 Πατρός
2310 3229 2435 3283 μου.
2489 3230 2508 3263 ι
2574 3212 2973 3283 Μαρτυρήσετε
3023 3211 3145 3280 μὲν,
3178 3206 3297 3265 οἶδα
3335 3210 3518 3272 τοῦτο,
3550 3213 3638 3264 κ,ὶ

2050 3306 2209 3376 ἐξέϐη
2250 3306 2485 3367 πάντως.
2534 3305 2791 3358 Ἰάκωϐον
2821 3306 2919 3372 μὲν
2950 3304 3059 3373 γὰρ
3108 3303 3351 3375 Ἡρώδης
3380 3305 3639 3357 ἀπέκτ;ιο

2049 3417 2159 3465 νεν,
2204 3398 2455 3466 Ἰωάννην
2487 3397 2542 3450 δὲ
2578 3396 2850 3468 Τραϊανὸς
2877 3397 3211 3449 κατεδίκασε
3258 3398 3636 3467 μαρτυροῦντα

2048 3490 2125 3555 τῷ
2176 3491 2334 3560 Λόγῳ
2380 3493 2478 3561 τῆς
2528 3488 2806 3558 ἀληθείας.
2857 3488 2932 3539 Τδ
2970 3487 3027 3539 δὲ
3082 3487 3323 3551 καθίσαι,
3357 3488 3457 3540 οὑκ
3495 3487 3639 3539 έστν

2048 3584 2179 3655 ὲμδν
2212 3583 2414 3648 δοῦναι,
2442 3582 2555 3635 ἀλλ’
2585 3578 2666 3645 οἷς
2701 3582 3050 3651 ἡτοίμασται,
3083 3582 3383 3646 τουτέστιν,
3415 3581 3515 3631 ἐὰν
3544 3579 3635 3631 εύ-

2050 3674 2181 3747 ρεθῇ
2216 3692 2298 3735 τις
2333 3672 2468 3745 μετὰ
2498 3674 2592 3726 τοῦ
2625 3675 2995 3745 μαρτυρῆσαι,
3037 3672 3132 3724 καὶ
3161 3671 3260 3742 τὴν
3287 3672 3455 3740 ἀλλην
3488 3672 3631 3725 ἄττα·

2050 3786 2150 3821 σαν
2204 3767 2405 3836 ἀρετὴν
2461 3764 2621 3834 ἔχων,
2680 3767 2886 3826 ἐκεῖνος
2949 3762 3177 3833 λήψεται
3239 3764 3340 3833 τὴν
3395 3763 3632 3835 δωρεάν.

2062 3859 2288 3930 Ἐκείνῳ
2319 3860 2429 3929 γὰρ
2464 3857 2794 3927 ἡτοίμασται
2831 3857 2910 3926 τῷ
2942 3856 3287 3923 κοπιάσαντι,
3325 3854 3519 3927 ὥσπερ
3546 3856 3641 3907 καὶ

2048 3955 2160 4014 τοῖς
2194 3950 2450 4005 ἀθλοῦσιν
2482 3951 2529 4001 οἱ
2560 3949 2818 4017 στέφανοι
2868 3950 3272 4018 ἐτοιμὰζονται·
3319 3946 3514 4019 ὥσπερ
3543 3946 3636 4001 οὖν

2049 4043 2257 4109 ἀγῶνος
2288 4038 2551 4111 δρομικοῦ
2593 4039 2983 4108 προκειμένου,
3030 4039 3124 4091 καὶ
3163 4028 3636 4104 ἀγωνοθετοῦντος

2048 4134 2140 4187 τοῦ
2177 4133 2463 4197 βασιλέως,
2500 4133 2596 4186 ἐὰν
2641 4130 2916 4202 προσέλθῃ
2951 4148 3035 4195 τις
3068 4130 3317 4201 μηδόλως
3349 4132 3636 4198 ἀγωνισὰο

2052 4245 2239 4297 μενος,
2270 4228 2364 4280 καὶ
2395 4228 2549 4298 εἴπῃ·
2593 4226 2690 4288 Δὸς
2728 4227 2855 4294 ἐμοὶ
2903 4227 2995 4278 τὸν
3028 4224 3311 4293 στέφανον.
3348 4218 3396 4278 ὦ
3423 4226 3636 4291 ἀγωνο-

2046 4321 2200 4383 θέτα,
2233 4321 2310 4391 τῷ
2343 4323 2419 4390 μὴ
2471 4321 2886 4390 ἀγωνισαμένῳ,
2925 4317 3070 4372 εἴποι
3117 4320 3185 4373 ἂν
3217 4317 3367 4388 αὑτῷ
3400 4319 3633 4378 ἐκεῖνος’

2045 4414 2161 4466 Οὐκ
2204 4413 2353 4465 ἔστιν
2387 4411 2520 4482 ἐμὸν
2573 4410 2757 4464 δοῦναι
2807 4411 2951 4465 κατὰ
3002 4411 3163 4480 χάριν
3195 4409 3287 4462 τὸν
3341 4408 3632 4476 στέφανον,

358 4498 555 4564 quibus
587 4504 946 4565 praeparatum
982 4504 1102 4559 est,
1143 4494 1243 4548 hoc
1272 4502 1377 4558 est,
1417 4494 1501 4548 bis
1545 4494 1634 4561 qui
1684 4505 1937 4547 cucurre-

2051 4505 2163 4559 ἀλλ’
2189 4498 2234 4571 ᾧ
2264 4505 2618 4575 ἡτοίμασται,
2644 4504 2912 4570 τουτέστι,
2945 4504 3022 4573 τῷ
3057 4502 3322 4572 δραμόντι
3351 4502 3444 4553 καὶ
3472 4500 3634 4569 νική-

358 4589 471 4641 rint
504 4597 558 4641 et
595 4587 846 4641 vicerint.
887 4585 979 4640 Sic
1018 4596 1199 4640 autem
1233 4598 1287 4640 et
1332 4586 1433 4640 hoc
1478 4585 1594 4638 loco
1627 4584 1755 4638 dicit
1790 4582 1943 4638 Chri-

362 4694 481 4739 s'tirs
527 4683 703 4751 :Ego'
721 4699 826 4737 non
882 4697 1098 4752 possum
1144 4682 1209 4735 ad
1241 4682 1469 4752 gratiam
1511 4681 1639 4734 dare
1670 4681 1823 4733 vobis
1858 4694 1944 4735 se-

358 4782 477 4833 dcm
511 4797 538 4832 a
591 4778 802 4832 dextris
831 4777 966 4832 meis
1001 4793 1014 4830 :
1050 4776 1280 4829 aliorum
1330 4775 1478 4829 enim
1519 4784 1598 4827 est
1647 4772 1738 4840 qui
1786 4772 1940 4827 labo-

357 4873 621 4937 raveriut,
663 4881 718 4928 et
748 4871 853 4927 illis
881 4879 1182 4942 praeparata
1225 4878 1327 4925 est.
1361 4868 1595 4938 Rogabis
1619 4866 1788 4937 igitur
1815 4881 1942 4920 con-

356 4974 666 5035 scqueuter,
728 4979 796 5020 an
853 4963 1021 5034 aliqui
1075 4964 1274 5017 sessuri
1337 4960 1466 5015 sint.
1525 4957 1712 5013 Discus
1759 4971 1938 5011 autem

355 5057 501 5126 quod
548 5056 729 5112 nullus
774 5055 845 5111 ibi
889 5069 1143 5111 sessurus
1170 5061 1254 5108 est
1285 5069 1300 5107 :
1347 5055 1448 5108 hoc
1480 5052 1625 5106 enim
1660 5052 1828 5107 solius
1859 5052 1941 5105 di-

356 5150 494 5202 vinae
524 5158 731 5203 natura:
762 5157 865 5203 est.
897 5147 981 5201 Ad
1030 5161 1190 5216 quem
1225 5145 1369 5200 enim
1419 5145 1730 5214 angelorum
1764 5145 1935 5199 dixit:

362 5258 382 5291 ς
413 5238 555 5294 Sede
587 5255 616 5293 a
650 5239 856 5295 dextris
886 5239 1021 5294 meis
1040 5238 1107 5292 τ’»
1146 5236 1344 5293 Verum
1380 5237 1481 5290 hoc
1511 5234 1773 5290 Dominus
1803 5236 1942 5288 dixit

349 5334 506 5403 juxta
559 5332 775 5387 illorum
826 5333 1185 5402 opinionem:
1235 5333 1555 5401 qttmrebant
1605 5332 1748 5383 enim
1802 5327 1940 5381 hanc

354 5428 560 5491 sedem,
591 5441 694 5479 non
728 5425 1090 5495 intelligentes
1123 5424 1265 5494 quod
1298 5423 1490 5478 sedere
1540 5436 1705 5490 super
1736 5419 1942 5474 duodeo

354 5535 460 5576 cmi
497 5521 675 5581 sedes,
716 5517 787 5571 sit
828 5517 1121 5587 glorilicari
1156 5525 1375 5585 propter
1410 5514 1687 5569 virtutem.

433 5612 594 5668 Vsus.
628 5610 701 5665 ει
732 5609 822 5666 9.8.
886 5629 905 5660 ι
956 5609 1167 5663 Etcum
1215 5610 1495 5664 audissent
1537 5608 1746 5668 decem,
1802 5604 1937 5657 iudi-

354 5706 501 5776 gnati
537 5713 664 5757 sunt
697 5703 765 5757 de
788 5702 1000 5758 duobus
1026 5703 1305 5756 fratribus.
1337 5700 1493 5755 Jcsus
1515 5713 1699 5755 autem
1727 5700 1941 5753 Vocavit

356 5815 450 5865 eos
480 5803 546 5860 ad
570 5816 647 5868 su,
675 5809 730 5854 ct
760 5800 874 5855 ait:
907 5796 1072 5854 Scitis
1102 5796 1242 5866 quod
1263 5796 1533 5866 principes
1569 5795 1806 5864 gentium
1839 5791 1937 5847 d0-

2047 4612 2219 4650 σαντι·
2252 4594 2395 4649 οὕτω
2437 4594 2502 4665 δὴ
2540 4592 2815 4647 κάνταῦθά
2846 4610 3007 4662 φησιν
3043 4596 3070 4646 ό
3116 4592 3374 4663 Χριστὸς,
3402 4591 3486 4643 ὅτι
3513 4592 3632 4642 Οὐκ

2043 4690 2155 4757 ἐγὼ
2186 4687 2328 4742 κατα
2362 4687 2520 4758 χάριν
2554 4686 2791 4756 δύναμαι
2832 4684 3019 4737 δοῦναι
3051 4684 3180 4753 ὑμῖν
3211 4683 3310 4752 τὴν
3345 4683 3409 4734 ἐκ
3439 4681 3632 4747 δεξιῶν

2050 4798 2155 4851 μου
2192 4780 2486 4848 καθέδραν·
2543 4777 2719 4832 ἄλλων
2759 4777 2890 4846 γὰρ,
2934 4774 3045 4828 τῶν
3075 4774 3456 4828 κοπιασάντων
3488 4774 3654 4849 ἐστὶ..

2044 4874 2139 4925 καὶ
2177 4873 2408 4934 ἐκείνοις
2436 4870 2788 4940 ἡτοίμασται.
2839 4867 3171 4937 Ἐρωτήσεις
3198 4861 3312 4928 οὖν,
3333 4859 3485 4935 Ἀρα
3515 4864 3630 4915 λοι-

2044 4966 2144 5018 πόν
2174 4980 2315 5025 τινες
2348 4962 2603 5034 μέλλουσι
2673 4960 3038 5030 καθεσθῆναις
3072 4958 3311 5029 Μαθήσῃ
3337 4956 3393 5009 δὲ
3425 4957 3506 5007 ὄτι
3534 4953 3631 5006 οὑ-

2044 5058 2154 5119 δεὶς
2189 5059 2305 5110 ἐκεῖ
2340 5054 2662 5124 καθήσεται.
2700 5053 2887 5122 Μόνης
2942 5049 3053 5120 γὰρ
3100 5049 3200 5118 τῆς
3242 5047 3392 5109 θείας
3442 5046 3631 5107 οὐσίας

2040 5145 2204 5199 τοῦτό
2264 5147 2403 5198 ἐστι.
2465 5145 2607 5216 Πρὸς
2667 5143 2790 5197 τίνα
2853 5141 2961 5210 γὰρ
3013 5139 3123 5191 τῶν
3179 5136 3426 5205 ἀγγέλων
3481 5132 3627 5187 εἴπεο

2051 5257 2067 5288 ι
2104 5237 2290 5290 Κάθου
2322 5238 2385 5287 ἐκ
2419 5234 2611 5299 δεξιῶν
2657 5248 2802 5304 μους
2857 5230 3020 5285 Ἀλλὰ
3068 5229 3228 5282 τοῦτο
3259 5224 3415 5280 εἶπεν
3449 5230 3476 5279 ὁ
3514 5225 3632 5277 Ku-

2047 5346 2158 5399 ριος
2188 5330 2325 5400 πρὸς
2356 5330 2454 5399 τὴν
2486 5326 2711 5380 ἐκείνων
2755 5324 3011 5377 ὑπόνοιαν
3041 5338 3054 5353 ·
3094 5320 3169 5393 μὴ
3196 5322 3486 5390 νοήσαντες
3512 5316 3630 5387 γὰρ

2042 5424 2123 5475 ὅτι
2166 5423 2225 5474 τὸ
2256 5419 2591 5487 κ;-θεσθῆναι
2625 5420 2718 5472 ἐπὶ
2745 5417 2954 5470 δώδεκα
2982 5416 3226 5486 θρόνους,
3255 5413 3316 5465 τὸ
3366 5409 3630 5476 δοξασθῆ-

2044 5516 2130 5568 ναί
2156 5516 2273 5566 ἐστι
2306 5513 2373 5565 δι’
2405 5515 2629 5583 ἀρετὴν,
2657 5511 2881 5581 ἐζήτουν
2914 5508 3168 5578 τοιαύτην
3200 5505 3487 5574 καθέδραν.

2122 5626 2137 5657 ι
2178 5607 2286 5659 Καὶ
2316 5605 2648 5667 ἀκούσαντες
2679 5605 2728 5655 οἱ
2758 5603 2910 5666 δέκα,
2944 5601 3339 5670 ἠγανάκτησαν
3362 5597 3486 5665 περὶ
3516 5592 3623 5678 τῶν

2043 5700 2134 5752 δύο
2155 5699 2415 5767 ἀδελφῶν.
2457 5698 2514 5750 Ὁ
2534 5698 2590 5749 δὲ
2629 5695 2839 5767 Ἰησοῦς
2867 5690 3380 5763 προσκαλεσάμενος
3408 5686 3559 5740 αὑτοὺ
3573 5701 3620 5748 :,

2049 5788 2223 5846 εἶπεν·
2260 5791 2449 5844 Οἴδατε
2486 5791 2566 5844 ὅτι
2595 5790 2641 5842 οἱ
2691 5788 2950 5858 ἄρχοντες
3003 5785 3110 5836 τῶν
3158 5781 3330 5836 ὲθκῶν
3382 5792 3619 5832 κατακυ-
