4078 6464
367 377 469 439 365

1013 375 1465 436 ΕΝΛΗΒΑἹῚΟ
1510 374 1588 434 IN
1625 371 1935 432 EV’ANGE

2050 370 2139 431 1M
2180 369 2570 431 ΜΑΤἸἩΙΕΙ.
2607 393 2649 401 τ
2710 372 2869 434 CAP.
2909 375 3035 435 XX.

3535 379 3640 446 366

366 494 638 565 ργειῐουσιν
700 492 900 552 αὐτῶν,
938 495 1031 547 καὶ
1071 495 1118 546 οἱ
1152 490 1379 561 μεγάλοι
1438 488 1944 555 κατεξουσιάζουσιν

2052 486 2329 540 minentur
2357 485 2460 547 illis
2487 501 2500 537 :
2531 496 2584 540 et
2619 487 2707 557 qui
2739 490 2918 558 magni
2950 501 3095 555 sunt,
3127 500 3447 561 p0testatem
3485 509 3642 551 exur-

364 586 463 639 αὓτ
486 590 562 637 ἰν.
591 585 705 654 Οὐχ
732 585 902 647 οὕτως
937 586 1088 639 ἔσται
1122 590 1178 638 εν
1211 585 1359 655 ὑμῖν,
1395 582 1580 647 ἀλλ’ὂς
1606 582 1699 635 ἐὰν
1730 581 1859 651 θέλῃ
1888 581 1945 633 ὲν

363 679 489 747 ὑμῖν
525 678 699 745 μέγας
723 676 999 745 γενέσθαι,
1048 676 1202 730 ἔσται
1236 675 1389 747 ὑμῶν
1436 676 1707 738 διάκονος,
1742 675 1840 727 καὶ
1887 673 1946 736 ὃς

360 768 453 822 ἐὰν
485 768 615 841 θέλῃ
648 769 707 820 ὲν
741 769 871 838 ὑμῖν
899 765 1038 822 εἶναι
1075 769 1314 839 πριτιτο;,
1340 768 1512 821 Δἕαται
1545 767 1698 836 ὑμῶν
1739 766 1944 829 δοῦλος*

358 860 546 931 ὥσπερ
568 862 596 912 6
632 861 758 924 Υἱὸς
775 860 869 913 τοῦ
901 861 1194 932 ἀνθρώπου
1247 862 1346 914 οὐκ
1371 857 1505 931 ἦλθε
1533 859 1944 929 διακονηθῆναι,

356 953 490 1008 ἀλλὰ
522 952 866 1023 διακονῆσαι,
916 954 1011 1007 καὶ
1051 954 1235 1006 δοῦλαι
1286 957 1382 1024 τὴν
1432 953 1612 1025 ψυχὴν
1659 951 1945 1006 «6:061:3-

355 1063 480 1117 τρον
536 1048 660 1098 ἀντὶ
708 1047 940 1101 πολλῶν.
982 1068 1000 1098 ι
1054 1050 1179 1100 Ὀτε
1229 1043 1367 1100 εἶδον
1406 1048 1452 1098 οἱ
1502 1046 1635 1101 δέκα
1683 1046 1810 1109 τοὺς
1852 1044 1947 1099 δύο

296 1162 306 1189 ι
356 1140 779 1208 ἐπιτιμηθέντας
829 1143 981 1208 παρᾶ
1024 1140 1116 1192 τοῦ
1158 1138 1423 1209 Χριστοῦ,
1486 1140 1608 1192 τότε
1659 1138 1753 1193 καὶ
1792 1136 1946 1191 αὐτοὶ

354 1231 743 1299 ἀγανακτοῦσι,
780 1233 873 1285 καὶ
898 1231 1107 1297 ἒδειξχν
1137 1232 1219 1285 ὅτι
1257 1233 1348 1285 καὶ
1385 1233 1725 1303 προήχθοιτο
1759 1232 1850 1285 ἐπὶ
1880 1232 1945 1301 τῇ

352 1322 556 1374 τούτων
608 1326 763 1394 τιμῇ.
813 1324 935 1376 Ἐτι
969 1325 1074 1396 γὰρ
1126 1320 1267 1397 ἦσαν
1307 1326 1542 1387 ἀτελεῖς·
1604 1326 1653 1378 oi
1702 1326 1800 1395 μὲν
1836 1325 1947 1397 γὰρ

352 1413 812 1478 κατεξανίσταντο
843 1417 953 1469 τῶν
985 1417 1138 1470 δέκαο
1176 1419 1227 1471 oi
1256 1419 1312 1471 δὲ
1377 1418 1637 1487 ὲφθίνουν
1672 1422 1785 1481 τοῖς
1829 1418 1944 1473 δύο.

364 1505 517 1558 Ἐπεὶ
553 1504 645 1558 οὖν
680 1509 728 1559 οἱ
760 1508 894 1562 δέκα
932 1509 1270 1574 ἀκούσαντες
1300 1509 1738 1581 ἐθορυϐήθησαν,
1775 1526 1948 1579 προσ-

351 1598 603 1655 καλεῖται
649 1601 870 1666 αὐτοὺς,
917 1606 983 1675 τῇ
1017 1603 1210 1673 κλήσει
1240 1603 1347 1674 πρὸ
1378 1604 1486 1656 τῶν
1518 1603 1697 1671 λόγων
1748 1603 1948 1668 αὐτοὺς

351 1693 780 1763 καταπραΰνων.
822 1696 931 1749 Καὶ
966 1695 1076 1767 γὰρ
1114 1697 1165 1749 oi
1212 1697 1307 1749 τοῦ
1360 1697 1651 1761 Ζεϐεδαίου
1702 1698 1949 1770 ἀπορρα-

349 1783 540 1851 γέντες
570 1784 678 1836 τῶν
712 1785 911 1852 ἄλλων,
943 1787 1187 1856 ὡμίλουν
1214 1788 1384 1863 αὐτῷ’
1418 1790 1583 1842 πᾶσιν
1626 1787 1719 1841 οῦν
1755 1788 1949 1852 κοινῶς

2057 588 2215 634 ceant
2244 580 2293 632 in
2327 594 2438 634 eas.
2475 580 2590 634 Non
2626 581 2695 634 ita
2724 581 2825 635 erit
2859 583 2999 637 inter
3029 598 3145 652 vos,
3189 584 3285 642 sed
3329 587 3638 659 quicunque

2054 672 2287 725 voluerit
2328 673 2467 727 inter
2515 688 2610 729 vos
2646 689 2877 753 magnus
2922 677 3059 741 fieri,
3095 679 3201 732 erit
3249 689 3431 736 vester
3477 682 3638 737 mini-

2054 773 2170 819 ster
2197 783 2210 818 :
2244 774 2297 819 et
2329 764 2421 834 qui
2452 765 2681 821 voluerit
2712 766 2852 821 inter
2885 782 2978 823 vos
3010 772 3216 840 primus
3245 786 3387 839 esse,
3415 773 3519 828 erit
3546 789 3640 829 ve-

2053 866 2167 912 ster
2208 870 2405 912 servus
2436 873 2452 912 :
2481 859 2623 913 sicut
2655 856 2826 913 Fdius
2863 858 3098 916 hominis
3128 876 3236 917 non
3263 864 3411 919 venit
3450 874 3506 918 ut
3535 866 3639 920 sibi

2054 948 2475 1014 ministraretur,
2509 951 2602 1004 sed
2637 960 2697 1005 ut
2737 952 2851 1021 ipse
2885 953 3240 1021 ministraret,
3289 964 3453 1025 atque
3486 959 3642 1012 daret

2053 1040 2290 1093 animam
2313 1056 2464 1094 suam
2503 1043 2924 1113 redemptionem
2949 1061 3044 1115 pro
3065 1047 3268 1103 multis.
3297 1068 3314 1101 ι
3354 1049 3457 1105 Ubi
3490 1050 3640 1104 vidi-'-

2054 1144 2173 1186 runt
2208 1134 2393 1186 decem
2424 1135 2560 1190 duos
2582 1136 2706 1190 illus
2734 1152 2763 1189 a
2794 1138 3012 1193 Christo
3044 1139 3374 1209 increpatos,
3420 1152 3544 1196 tunc
3579 1132 3631 1197 et

2052 1214 2150 1292 ipsi
2187 1225 2448 1293 indignati
2483 1236 2633 1291 sunt,
2661 1236 2715 1282 et
2762 1233 3116 1284 ostenderunt
3146 1246 3203 1283 se
3232 1240 3533 1288 commotos
3561 1236 3632 1289 ob

2053 1319 2277 1372 istorum
2329 1318 2612 1374 honorem.
2657 1322 2847 1378 Adhuc
2899 1322 3044 1377 cnim
3094 1336 3245 1377 erant
3281 1324 3579 1395 imperfecti
3620 1345 3635 1387 ι

2052 1428 2172 1466 nam
2205 1411 2279 1464 illi
2317 1412 2575 1467 adversus
2609 1416 2792 1469 decem
2829 1416 3201 1483 insurgebant,
3247 1418 3297 1472 hi
3340 1434 3469 1474 vero
3502 1408 3638 1474 duo;

2052 1503 2151 1558 bus
2182 1502 2515 1559 invidebant.
2566 1503 2860 1577 Postquam
2905 1507 3069 1575 igitur
3096 1509 3283 1562 dect-tn
3328 1509 3411 1564 his
3442 1510 3643 1566 auditis

2053 1595 2252 1649 turbati
2301 1593 2540 1661 fuerunt,
2575 1598 2801 1653 arcessit
2848 1597 2988 1664 illos,
3030 1600 3316 1654 vocatione
3360 1611 3487 1658 ante
3525 1602 3645 1657 ser;-

2053 1706 2270 1747 monem
2302 1706 2398 1746 eos
2437 1690 2774 1745 demulcens.
2818 1689 3035 1744 Etenim
3066 1691 3159 1745 lilii
3192 1692 3437 1748 Zebedazi
3467 1695 3641 1750 avulsi

2052 1785 2119 1839 ab
2152 1784 2273 1839 aliis
2305 1784 2774 1838 ceuversabantur
2807 1797 2929 1837 cum
2982 1783 3118 1854 ipso.
3152 1782 3418 1841 Omnibus
3459 1786 3643 1859 itaque

349 1876 557 1944 ὁμιλεῖ.
602 1876 770 1940 Εἰδὼς
823 1882 930 1952 γὰρ
980 1882 1306 1951 τυραννικὸν
1349 1882 1410 1934 τὸ
1458 1881 1820 1953 φιλόπρωτον,
1855 1881 1944 1934 καὶ

2055 1876 2214 1933 simul
2243 1876 2503 1946 loquitur.
2531 1866 2721 1930 Sciens
2746 1876 2892 1933 enim
2937 1891 3099 1945 quam
3133 1877 3204 1931 sit
3252 1880 3556 1948 tyrannica,
3586 1890 3643 1938 et

353 1974 723 2045 σφοδροτέροις
783 1974 1041 2043 δεόμενον
1119 1974 1359 2044 πληγῆς,
1420 1974 1718 2045 βαθύτερον
1767 1975 1947 2028 αὐτῶν

350 2067 700 2122 καθικνεῖται
726 2071 804 2131 εἰς
826 2068 926 2137 τὴν
957 2068 1069 2124 τῶν
1095 2060 1326 2121 ἐθνικῶν
1355 2069 1449 2122 καὶ
1479 2069 1725 2122 ἀπίστων
1749 2074 1947 2140 μοῖραν

353 2159 555 2221 αὐτοὺς
582 2159 965 2230 ἀπορρίπτων,
984 2162 1032 2212 εί
1061 2158 1355 2226 φιλοδοξεῖν
1382 2159 1606 2215 θέλοιεν.
1639 2161 1745 2214 Καὶ
1776 2159 1948 2226 οὕτως

353 2250 557 2312 αὐτοὺς
594 2251 880 2321 ἐντρέπει,
920 2253 1169 2319 φάσκων·
1211 2254 1275 2305 Οἱ
1307 2252 1408 2323 μὲν
1446 2253 1594 2305 ἄλλοι
1644 2252 1944 2324 ἅνθρωποι,

352 2343 493 2397 διὸτι
540 2344 796 2415 ἄρχουσι,
855 2344 1317 2416 λαμπρύνονται·
1391 2348 1486 2399 καὶ
1534 2348 1599 2403 τὸ
1645 2349 1775 2417 ὲρᾷν
1839 2348 1947 2399 τῶν

353 2435 667 2505 πρωτείων,
699 2435 809 2488 τῶν
848 2436 1082 2491 ἐθνικῶν
1108 2438 1226 2491 ἐστι
1264 2438 1458 2501 πάθοςο
1498 2442 1544 2492 οἱ
1575 2439 1634 2492 δὲ
1685 2441 1808 2508 ἐμοὶ
1843 2459 1948 2510 μλ-

353 2528 538 2599 θηταὶ,
569 2529 680 2583 ἀπὸ
705 2530 1090 2594 ταπεινώσεως
1136 2531 1425 2602 τιμῶνταν
1460 2532 1600 2585 ὥστε
1633 2534 1727 2585 καὶ
1760 2535 1788 2585 6
1831 2533 1947 2601 μεί-

353 2618 464 2683 ζων
493 2618 667 2673 θέλων
700 2616 865 2686 εἶναι,
898 2619 1105 2691 ὀφείλει
1154 2622 1425 2675 διακονεῖν
1471 2626 1583 2687 τοῖς
1625 2623 1942 2676 ὑποδεεστὲ-

354 2727 496 2780 ροις.
526 2712 667 2783 ὅπερ
695 2713 792 2783 τῆς
823 2711 999 2785 ἄκρα,
1036 2715 1153 2768 ἐστὶ
1169 2716 1574 2780 ταπεινώσεως.
1611 2717 1699 2769 Ἐν
1725 2716 1948 2788 ἐμαυτῷ

351 2805 410 2859 δὲ
430 2803 597 2859 τοῦτο
624 2807 896 2877 δείκνυμι,
924 2807 983 2870 ὃς
1011 2807 1197 2879 ἄρχων
1237 2808 1315 2862 ῶν
1341 2810 1433 2863 καὶ
1464 2809 1718 2880 βασιλεὺς
1748 2828 1778 2864 τ
1802 2828 1856 2863 ην
1891 2813 1947 2864 ἐν

353 2896 630 2967 οὐρανοῖς,
661 2897 1002 2952 ἐταπείνωσα
1034 2899 1293 2969 ἐμαυτὸν,
1324 2901 1664 2972 διακονήσων
1707 2903 1838 2972 ὑμῖν
1868 2905 1948 2965 είς

351 2989 455 3061 τὴν
486 2991 765 3061 σωτηρίαν
790 3007 804 3020 ·
845 2992 941 3044 καὶ
971 2991 1229 3045 τοσοῦτον
1268 2993 1575 3048 δουλεύσων
1620 2995 1771 3065 ὑμῖν,
1805 2996 1946 3050 ὥστε

353 3080 454 3133 καὶ
483 3081 582 3153 τὴν
608 3080 786 3152 ψυχὴν
812 3081 994 3137 δοῦναι
1021 3082 1218 3153 λύτρον
1249 3085 1372 3138 ἀντὶ
1405 3084 1639 3150 πολλῶν,
1676 3087 1946 3154 τουτέστι,

354 3173 603 3230 πάντων·
644 3176 695 3226 οἱ
717 3175 825 3249 γὰρ
851 3173 1074 3241 πάντες,
1104 3175 1310 3233 πολλοί.

433 3370 453 3405 ι
492 3353 605 3411 Καὶ
656 3354 1110 3426 ἐκπορευομένων
1142 3357 1321 3411 αὐτῶν
1370 3358 1480 3411 ἀπὸ
1542 3360 1772 3431 Ἱεριχὼ,
1811 3362 1944 3430 ἡκο-

362 3444 624 3517 λούθησεν
669 3448 821 3520 αύτῷ
859 3449 1014 3519 ὄχλος
1064 3451 1250 3515 πολύς.
1299 3453 1409 3505 Καὶ
1448 3453 1558 3506 ίδοὺ
1614 3455 1708 3507 δύο
1754 3458 1947 3523 τυφλοὶ

364 3537 658 3610 καθήμενοι
705 3543 861 3613 παρὰ
905 3541 1002 3613 τὴν
1041 3542 1180 3609 ὁδὸν,
1218 3543 1553 3609 ἀκούσαντες
1599 3548 1680 3600 ὅτι
1739 3548 1946 3616 Ἰησοῦς

362 3633 618 3702 παράγει,
651 3632 891 3705 ἔκραξαν
934 3635 1209 3705 λέγοντες
1249 3638 1506 3709 Ἐλέησον
1548 3639 1720 3709 ἡμᾶς,
1748 3639 1944 3710 Κύριε,

362 3724 472 3789 υίὸς
515 3725 700 3779 Δαυῖδ.
742 3725 801 3779 Ὀ
828 3727 886 3781 δὲ
926 3728 1083 3799 ὄχλος
1126 3729 1461 3802 ἐπετίμησεν
1482 3732 1666 3795 αὐτοῖς
1703 3731 1788 3785 ἵνα
1816 3749 1945 3785 σιω-

362 3817 629 3887 πήσωσιν.
662 3818 726 3873 Οἱ
753 3819 809 3872 δὲ
850 3820 1036 3890 μεῖζον
1081 3820 1337 3891 ἔκραζον,
1365 3823 1638 3891 λέγοντες·
1690 3824 1946 3894 Ἐλέησον

362 3908 532 3982 ἡμᾶς,
561 3908 758 3982 Κύριε,
796 3911 908 3973 υίὸς
938 3913 1123 3969 Δαυῖδ.
1151 3914 1262 3966 Καὶ
1281 3915 1411 3977 στὰς
1435 3916 1464 3967 6
1499 3916 1704 3986 ’1ηςοῦς
1732 3917 1945 3987 ἐφώνη-

365 4018 452 4053 σεν
477 4002 697 4070 αὐτοὺς,
725 4004 819 4061 καὶ
855 4001 1000 4058 εἷπε·
1040 4005 1106 4059 Τί
1148 4006 1330 4063 θέλετε
1375 4011 1587 4079 ποιήσω
1638 4009 1765 4078 ὑμῖν
1793 4025 1807 4073 ;
1838 4010 1945 4062 Λέ-

362 4109 544 4159 γουσιν
567 4095 738 4167 αὐτῷ’
771 4096 967 4168 Κύριε.
1007 4099 1092 4153 ἴνα
1118 4100 1449 4172 ἀνοιχθῶσιν
1478 4102 1634 4173 ἡμῶν
1668 4104 1718 4155 οἱ
1745 4102 1945 4172 ὀφθαλ-

364 4185 473 4255 μοί.
518 4187 952 4267 Σπλαγχνισθεὶς
980 4191 1035 4247 δὲ
1071 4196 1098 4246 6
1141 4193 1371 4262 Ἰησοῦς,
1399 4192 1579 4267 ἥψατο
1610 4196 1716 4248 τῶν
1743 4195 1946 4264 ὀφθαλ-

364 4277 478 4349 μῶν
504 4281 709 4347 αὐτῶν,
740 4284 835 4339 καὶ
864 4283 1066 4346 εὐθέως
1116 4286 1416 4359 ἀνέϐλεψαν
1451 4288 1632 4343 αὐτῶν
1665 4290 1713 4342 οἱ
1747 4290 1947 4358 ὀφθαλ-

365 4371 477 4441 μοὶ,
506 4375 606 4427 καὶ
642 4375 1019 4448 ἠκολούθησαν
1054 4378 1224 4451 αὐτῷ.
1283 4399 1302 4432 ι
1372 4381 1504 4434 Ἀπὸ
1545 4383 1640 4452 τῆς
1678 4383 1865 4452 φήμης
1898 4384 1947 4441 οι

360 4466 552 4534 τυφλοὶ
597 4468 821 4534 γνόντες
871 4470 962 4523 τὸν
1012 4470 1238 4543 Κύριον,
1277 4473 1570 4543 ἐδράξαντο
1596 4474 1688 4527 τοῦ
1726 4476 1943 4541 καιροῦ,

359 4555 696 4623 ἀκούσαντες
750 4561 850 4630 μὲν
889 4561 974 4615 ὃτι
1010 4563 1345 4634 παρέρχεται
1382 4565 1481 4634 τὴν
1530 4565 1648 4621 ὀδόν
1678 4582 1694 4597 ·
1722 4566 1946 4619 πιστεύ-

360 4666 551 4714 σαντες
573 4650 651 4718 δὲ,
677 4651 760 4705 ὄτι
796 4653 1008 4723 Ἰησοῦς
1036 4657 1063 4707 6
1096 4657 1161 4708 ἐκ
1183 4656 1493 4727 σπέρματος
1524 4657 1689 4714 Δαυτδ
1719 4660 1782 4713 τὸ
1802 4661 1943 4713 κατὰ

361 4742 562 4813 σάρκα,
592 4744 820 4809 δυνατὸς
870 4742 941 4817 ἦν
971 4748 1313 4818 θεραπεῦσαι
1345 4752 1565 4815 αὐτοὺς,
1603 4752 1680 4817 ὡς
1724 4753 1782 4807 δὲ
1805 4756 1945 4823 ᾶγαν

362 4832 559 4907 θερμοὶ
594 4839 727 4907 περὶ
751 4837 851 4911 τὴν
884 4840 1091 4907 πίστιν,
1121 4842 1243 4895 οὐδὲ
1270 4844 1749 4915 ὲπιστομιζόμενοι
1779 4846 1942 4900 ἐσιώ-

357 4945 496 4993 πων,
550 4929 693 4985 ἀλλά
734 4934 831 4987 καὶ
878 4933 1051 4986 πλείω
1099 4933 1353 5005 ἔκραζον.
1394 4937 1557 4991 Ὅθεν
1599 4939 1721 4993 οὐδὲ
1762 4941 1943 5011 ἐρωτᾷ

355 5023 556 5087 αὐτοὺς
580 5026 629 5077 εί
664 5024 849 5079 πίστιν
876 5027 1112 5099 ἔχουσιν,
1155 5027 1293 5081 άλλὰ
1332 5028 1387 5087 τί
1428 5028 1694 5096 θέλουσιν,
1747 5031 1833 5083 ἵνα
1867 5033 1940 5102 μή

354 5130 440 5179 τις
473 5115 676 5188 νομίσῃ
709 5116 792 5171 ὅτι
823 5117 958 5171 ἄλλα
1004 5116 1350 5190 βουλομένοις
1415 5120 1552 5179 ἄλλα
1592 5120 1797 5175 δίδωσι.
1831 5123 1944 5176 Δεί-

355 5225 548 5263 κνυσιν
573 5206 669 5263 οὖν
692 5212 776 5264 ὅτι
799 5211 900 5281 ούχ
921 5210 1111 5267 ἕνεκεν
1138 5213 1233 5266 τοῦ
1250 5212 1434 5266 λαϐεῖν
1456 5213 1717 5284 ἀργύριον
1745 5214 1938 5279 ὲόόων,

354 5301 489 5356 ἀλλὰ
517 5301 613 5356 τοῦ
659 5303 897 5374 ἰαθῆναι.
929 5305 1237 5375 Ἀψάμενος
1274 5305 1332 5358 δὲ
1365 5305 1679 5378 θεραπεύει,
1717 5305 1803 5364 ἵνα
1833 5308 1939 5377 μά-

356 5395 562 5467 θωμεν,
586 5398 669 5450 ὅτι
693 5400 802 5450 πᾶν
836 5400 999 5467 μέλος
1029 5399 1129 5470 τῆς
1159 5400 1321 5469 ἁγίας
1349 5400 1516 5454 αὐτοῦ
1547 5402 1771 5474 σαρκὸς,
1804 5403 1940 5468 ζωο-

357 5491 512 5544 τςοιδν
567 5492 663 5543 καὶ
712 5490 848 5543 Θεοῦ
911 5491 1076 5561 μέλος
1122 5490 1214 5563 ἧν.
1259 5492 1322 5545 Ei
1373 5492 1432 5546 δὲ
1462 5496 1491 5547 6
1531 5496 1747 5558 Λουκᾶς
1788 5494 1885 5548 καὶ
1914 5496 1942 5548 6

356 5579 584 5649 Μάρκος
608 5579 706 5635 ἕνα
734 5581 953 5654 λέγουσι
988 5584 1078 5638 τὸν
1107 5583 1330 5652 τυφλὸν,
1358 5583 1512 5641 οὐδὲν
1537 5584 1698 5639 τοῦτο
1733 5585 1941 5656 διαφω-

360 5675 457 5726 νεῖ’
518 5676 721 5728 ἐκεῖνοι
775 5677 886 5750 γὰρ
937 5678 1031 5733 τοῦ
1084 5678 1515 5751 ὲπιφανεστέρου
1564 5680 1938 5755 ἐμνήσθησαν.

437 5857 480 5887 ιε
500 5856 631 5912 Luc.
665 5871 820 5923 xvtn,
846 5856 1038 5912 Matth.
1074 5873 1127 5916 Χ.

1974 3239 2022 3297 ε

2051 1970 2198 2040 gravi
2235 1969 2472 2039 indigeat
2505 1968 2940 2038 reprehensionis
2969 1975 3146 2040 plaga,
3185 1971 3429 2037 ambitio,
3458 1973 3640 2033 acrius

2048 2077 2144 2118 eos
2173 2062 2515 2133 perstringit,
2548 2070 2602 2114 et
2646 2059 2831 2129 objicit
2863 2075 2958 2118 eos
3008 2061 3059 2115 in
3092 2061 3390 2117 inlidelium
3419 2074 3473 2119 et
3505 2050 3640 2133 gen-

2053 2154 2223 2208 tilium
2253 2154 2582 2224 portionem,
2616 2152 2833 2219 siinaui
2857 2152 3041 2223 gloria:
3067 2156 3291 2210 studere
3319 2156 3592 2221 voluerint
3619 2177 3632 2211 :

2048 2257 2103 2300 et
2138 2247 2218 2300 sic
2259 2261 2353 2300 eos
2387 2247 2741 2313 adhortatur,
2778 2245 2965 2299 dicens
2998 2262 3016 2300 :
3059 2247 3159 2301 Alii
3194 2248 3409 2316 quidem
3466 2250 3643 2306 homiv

2051 2356 2169 2406 nes,
2203 2340 2329 2409 quia
2370 2347 2582 2407 regunt,
2627 2339 2756 2393 clari
2792 2349 2918 2392 sunt
2950 2357 2965 2393 :
3000 2348 3056 2395 et
3100 2356 3288 2397 amare
3319 2342 3638 2412 primatum,

2050 2433 2331 2503 gentilium
2356 2440 2440 2488 est
2468 2431 2721 2498 affectio;
2754 2446 2902 2485 meos
2931 2442 3111 2487 autem
3143 2433 3438 2503 discipulos
3460 2438 3642 2492 humi.

2052 2527 2174 2580 litas
2205 2524 2576 2588 commendat,
2608 2534 2662 2578 et
2698 2523 3046 2578 honorabiles
3076 2524 3210 2580 facit
3238 2545 3252 2582 :
3297 2536 3461 2598 atque
3505 2532 3643 2585 adeo

2051 2620 2140 2688 qui
2169 2618 2347 2688 major
2371 2631 2496 2672 esse
2522 2616 2774 2680 voluerit,
2806 2615 2987 2682 debet,
3024 2618 3111 2673 his
3136 2618 3227 2685 qui
3251 2633 3390 2688 opus
3418 2621 3639 2687 habent,

2054 2712 2391 2775 ministrare,
2448 2710 2502 2763 id
2543 2710 2686 2779 quod
2736 2710 3023 2778 praecipua:
3072 2712 3398 2767 humilitatis
3430 2725 3537 2780 est,
3581 2723 3640 2769 et

2058 2811 2159 2861 hoc
2186 2807 2239 2860 in
2278 2805 2485 2869 meipso
2514 2803 2784 2858 ostendo:
2824 2815 2946 2854 cum
2975 2802 3120 2856 enim
3148 2804 3251 2858 sint
3288 2805 3541 2877 princeps
3584 2816 3640 2862 et

2058 2920 2147 2957 rex
2186 2904 2514 2968 rmlestium,
2551 2901 2831 2955 humiliavi
2861 2900 3260 2969 memetipsum,
3293 2901 3367 2952 ita
3401 2909 3459 2954 ut
3488 2902 3641 2957 vobis

2056 2995 2359 3048 ministrent
2405 2992 2471 3047 ad
2506 2984 2769 3057 salutem;
2812 2990 2973 3062 108
3019 2999 3074 3044 et
3121 2993 3435 3043 in‘tantum
3477 2989 3640 3043 mini-

2055 3098 2219 3141 stl'cut
2247 3088 2419 3154 vobis,
2445 3094 2579 3140 utet
2605 3085 2841 3139 animam
2868 3097 3046 3138 meam
3080 3097 3274 3150 ponam
3313 3082 3643 3152 redemptio-

2057 3197 2177 3233 nem
2223 3195 2320 3249 pro
2369 3179 2571 3246 multis,
2625 3183 2729 3232 hoc
2763 3186 2849 3232 est
2896 3177 3151 3232 omnibus
3205 3193 3218 3230 :
3260 3191 3451 3232 omnes
3490 3179 3639 3232 enim

2056 3272 2235 3327 mulli.

2125 3365 2289 3419 Vsus.
2330 3363 2520 3419 29-51..
2560 3383 2577 3416 ι
2622 3364 2685 3418 Ει
2724 3364 3128 3436 egredientibus
3157 3363 3319 3419 illisa
3358 3363 3638 3433 Hiericho,

2050 3473 2230 3512 secuta
2268 3468 2352 3512 est
2390 3473 2513 3512 eum
2550 3460 2705 3512 turba
2748 3457 2935 3512 multa.
2977 3456 3046 3511 Et
3084 3472 3213 3513 ecce
3250 3456 3357 3512 duo
3388 3456 3514 3531 caeci
3551 3472 3641 3512 se-

2050 3551 2237 3605 dentes
2263 3564 2421 3606 secus
2450 3550 2591 3604 viam
2643 3565 2764 3603 cum
2789 3551 3065 3605 audissent
3095 3550 3240 3620 quod
3272 3548 3433 3606 Jesus
3463 3559 3642 3604 trans~

2050 3648 2177 3713 iret,
2228 3645 2602 3701 clamaverunt
2647 3644 2925 3701 dicentes:
2978 3644 3242 3700 Miserere
3274 3646 3470 3712 nostri,
3503 3645 3641 3701 'Do-

2050 3741 2214 3805 mine,
2255 3739 2329 3793 liii
2378 3740 2569 3794 David.
2611 3740 2795 3794 Turba
2853 3748 3035 3793 autem
3074 3740 3397 3810 increpabat
3434 3755 3531 3795 eos
3578 3751 3638 3795 ut

2051 3841 2315 3887 tacerent.
2348 3833 2429 3886 At
2471 3832 2547 3887 illi
2583 3832 2756 3901 magis
2783 3831 3112 3895 clamabant,
3144 3832 3386 3888 dicentes
3423 3851 3438 3888 :
3473 3832 3637 3890 Mise‘

2050 3939 2171 3979 rore
2201 3925 2393 3991 nostri,
2445 3924 2690 3991 Domine,
2725 3924 2797 3978 [ili
2838 3924 3029 3979 David.
3059 3925 3126 3978 Et
3169 3925 3321 3979 stetit
3359 3924 3536 3993 Jesus,
3570 3941 3635 3982 ac

2049 4020 2262 4072 vocavit
2312 4033 2429 4082 eos,
2477 4028 2531 4072 et
2560 4019 2678 4071 ait:
2713 4017 2853 4085 Quid
2898 4017 3059 4071 vultis
3096 4028 3155 4070 ut
3200 4016 3394 4072 faciam
3437 4020 3635 4075 Vob'is?

2050 4106 2248 4163 Dicunt
2295 4106 2375 4163 illi
2413 4107 2705 4172 :Domine,
2758 4117 2819 4161 ut
2874 4107 3193 4177 aperiantur
3239 4107 3382 4163 oculi
3436 4111 3631 4167 nostri.

2049 4204 2304 4260 Misertus
2339 4213 2518 4261 autem
2560 4218 2748 4258 eorum
2777 4201 2957 4270 Jesus,
2997 4203 3172 4274 tetigit
3205 4204 3391 4260 oculos
3422 4221 3644 4273 eorum;

2049 4306 2105 4352 et
2158 4296 2442 4351 confestim
2500 4297 2678 4352 visum
2737 4308 3063 4367 receperunt
3108 4300 3251 4355 oculi
3297 4301 3535 4369 illorum,
3582 4313 3639 4358 et

2049 4376 2218 4444 secuti
2268 4397 2394 4443 sunt
2436 4404 2585 4446 eum.
2626 4408 2644 4443 ι
2696 4388 2862 4443 Fama
2901 4403 3234 4459 agnoverant
3266 4395 3393 4448 caeci
3449 4396 3651 4463 Do‘mi;

2053 4497 2202 4549 umn,
2241 4493 2292 4536 et
2325 4483 2695 4559 observabant
2743 4496 2957 4556 tempus
3004 4501 3129 4540 cum
3179 4482 3462 4544 audissent
3492 4490 3635 4559 quod

1979 4603 2020 4656 υ
2055 4573 2376 4639 prmteriret.
2418 4573 2782 4630 Crediderunt
2825 4589 3007 4631 autem
3036 4578 3179 4648 quod
3227 4575 3525 4650 .Iesus(qui
3570 4595 3636 4634 ex

2051 4664 2259 4720 semine
2284 4663 2447 4720 David
2472 4669 2767 4720 seelmdum
2791 4669 3033 4739 carnem)
3060 4679 3243 4739 posset
3262 4684 3459 4724 curare
3487 4669 3651 4725 illos.’

2052 4759 2115 4814 Et
2147 4758 2305 4824 plane
2338 4759 2561 4813 multmn
2591 4758 2875 4815 fervebant
2920 4762 3047 4827 ﬁde,
3082 4777 3254 4832 neque
3291 4764 3417 4818 dum
3455 4773 3636 4820 tacere

2045 4850 2390 4919 iuberentur,
2432 4852 2691 4915 silebant,
2729 4854 2822 4908 sed
2854 4854 3011 4923 longe
3037 4855 3268 4924 amplius
3298 4854 3632 4913 clamabant.

2058 4941 2210 4997 Unde
2240 4958 2345 4997 non
2396 4944 2747 5014 interrogavit
2781 4944 2898 4999 illos
2952 4962 3019 4999 an
3062 4946 3218 5000 tidem
3252 4947 3507 5013 habeant,
3538 4949 3637 5004 sed

2050 5035 2177 5105 quid
2207 5034 2404 5088 vellent
2438 5053 2451 5089 :
2501 5050 2567 5089 ne
2600 5036 2719 5105 quis
2756 5036 3037 5092 existimet
3066 5036 3211 5107 quod
3250 5037 3356 5092 alia
3400 5039 3503 5093 det‘
3526 5041 3632 5095 alia

2051 5127 2376 5182 volentibus.
2405 5125 2717 5184 Monstrans
2742 5129 2905 5200 igitur
2934 5130 3076 5202 quod
3108 5145 3211 5186 non
3244 5132 3487 5202 pecuniae
3517 5132 3649 5203 grav‘

2054 5220 2123 5273 tia
2156 5222 2220 5273 ad
2254 5237 2313 5275 se
2343 5221 2654 5289 clamarint,
2686 5225 2778 5278 sed
2806 5235 2867 5276 ut
2902 5234 3185 5289 curentur,
3234 5235 3409 5281 tactos
3437 5237 3630 5296 curat,

2052 5322 2112 5365 ut
2136 5313 2408 5368 discamus
2450 5315 2628 5368 omnia
2655 5330 2766 5370 sine
2793 5326 2993 5371 sanctae
3025 5320 3207 5374 carnis
3249 5323 3517 5390 membra,
3550 5324 3631 5378 vi.

2049 5404 2203 5461 viiicn
2246 5415 2299 5460 et
2335 5407 2426 5465 Dei
2476 5408 2716 5469 membra
2764 5424 2905 5464 esse.
2954 5409 3107 5477 Quod
3142 5422 3321 5481 autem
3374 5414 3547 5471 Lucas
3576 5428 3636 5472 et

2051 5497 2269 5551 Marcus
2302 5513 2467 5552 unum
2518 5499 2706 5554 dicunt
2750 5518 2955 5557 caecum
3012 5502 3203 5571 fuisse,
3265 5523 3372 5561 non
3422 5510 3491 5561 ab
3548 5510 3653 5564 his

2053 5589 2382 5644 dissonat'ﬁ.
2427 5590 2507 5645 llli
2553 5592 2698 5647 enim
2745 5594 3061 5667 insignioris
3111 5601 3440 5654 mentionem
3488 5602 3659 5679 recc:

2051 5692 2197 5737 runt.
2238 5682 2332 5741 Vel
2360 5683 2538 5754 alitur,
2571 5685 2744 5743 Lucas
2768 5688 2900 5744 dicit
2928 5692 3072 5763 quod
3097 5703 3390 5768 antequam
3421 5693 3633 5759 veniret
