4078 6464
349 389 458 452 36Ί

998 375 1440 439 ENABRATIO
1480 375 1563 436 IN
1603 373 2096 436 EVANGELIUM
2131 364 2511 436 MATTH/EI.
2551 398 2620 409 -
2657 372 2814 434 CAP.
2854 371 3009 433 XXI.

3494 372 3602 436 370

349 503 542 570 ἱμάτια
572 493 775 558 αὐτῶν,
804 493 895 546 καὶ
925 489 1176 545 ἐκάθισεν
1208 489 1393 542 ὲπάνω
1425 487 1622 541 αὐτῶν.
1666 505 1684 538 ι
1738 487 1795 539 '0
1828 486 1926 554 μὲν

2037 497 2080 539 et
2115 487 2451 542 collocarunt
2482 499 2606 541 eum
2649 498 2811 554 super
2854 483 2967 538 illa.
3011 502 3030 534 ι
3068 482 3243 538 Lucas
3290 482 3505 554 quidem
3539 495 3596 539 et

346 592 565 652 Λουκᾶς
595 588 692 642 καὶ
722 590 751 641 6
780 587 1005 654 Μάρκος
1042 581 1332 648 ὑποζύγιον
1376 579 1533 649 μόνον
1566 575 1738 632 εἷπον.
1775 579 1925 631 Ματ-

346 685 496 745 Baio;
517 682 574 735 δὲ
597 680 720 735 ὄνον
759 678 853 731 καὶ
883 675 1080 740 πῶλον,
1113 673 1215 727 οὐκ
1257 671 1476 726 ἐναντία
1499 671 1769 739 λέγοντες
1799 670 1930 738 ἀγο-

347 778 497 847 μένῳ
522 775 634 844 γὰρ
653 772 732 844 τῷ
756 770 917 840 πώλῳ
933 761 1316 838 συνηκολούθει
1336 765 1476 835 καὶή
1503 762 1704 835 μήτηρ.
1736 761 1929 816 Ἐκάθ-

346 885 431 922 ισε
464 867 521 920 δὲ
552 866 738 919 ἐπάνω
765 861 963 924 αὐτῶν,
995 859 1118 929 οὐχὶ
1151 857 1258 912 τῶν
1293 856 1386 910 δύο
1417 853 1751 924 ὑποζυγίων,
1786 854 1926 908 ἀλλά

339 959 459 1013 τῶν
499 956 754 1028 ἱματίων·
783 954 816 1025 ἢ
849 951 1066 1024 πρῶτον
1107 951 1204 1020 μὲν
1238 948 1492 1002 ἐκάθισεν
1523 947 1617 999 ἐπὶ
1650 946 1748 1016 τῆς
1779 944 1925 1010 ὄνον,

342 1048 469 1106 εἶτα
519 1051 612 1105 καὶ
653 1049 748 1102 ἐπὶ
789 1045 883 1100 τοῦ
938 1044 1140 1099 πώλου.
1195 1041 1350 1096 Ἐπεὶ
1377 1040 1472 1096 καὶ
1511 1040 1726 1110 πρῶτον
1759 1039 1916 1092 ἔπαν-

338 1144 629 1200 επαύσατο
657 1144 728 1214 τῇ
751 1140 862 1195 τῶν
907 1136 1180 1193 Ἰουδαίων
1230 1135 1559 1204 συναγωγῇ,
1610 1127 1732 1186 εἷτα
1761 1129 1839 1201 τῷ
1868 1129 1929 1194 ἐξ

338 1231 520 1289 ἐθνῶν
547 1231 682 1301 λαῷ.

426 1346 448 1381 ι
491 1326 550 1381 '0
573 1325 631 1380 δὲ
653 1313 903 1384 πλεῖστος
933 1319 1090 1390 ὄχλος
1119 1318 1397 1388 ἔστρωσαν
1422 1315 1604 1369 αὐτῶν
1637 1313 1705 1367 τά
1739 1313 1928 1385 ἱμάτια

338 1418 406 1472 ἐν
427 1420 492 1488 τῇ
516 1416 640 1484 όδῲο
667 1413 815 1469 ἄλλοι
835 1411 892 1465 δὲ
914 1410 1143 1463 ἔκοπτον
1164 1407 1392 1471 κλάδους
1415 1405 1522 1458 ἀπὸ
1545 1403 1652 1457 τῶν
1673 1401 1927 1475 δένδρων,

341 1507 450 1564 καὶ
474 1504 812 1577 ἐστρώννυον
843 1503 902 1555 ὲν
923 1503 989 1572 τῇ
1021 1497 1147 1570 ἇδῷ·
1177 1499 1225 1552 οί
1257 1499 1313 1552 δὲ
1343 1497 1490 1569 δχλοι
1515 1496 1563 1549 oi
1595 1495 1929 1565 προάγοντες

340 1599 446 1652 καὶ
467 1598 517 1651 οῑ
543 1593 985 1656 ἀκολουθοῦντες,
1009 1583 1240 1660 ἔκραζον
1263 1588 1513 1658 λέγοντες
1532 1603 1548 1618 °
1593 1585 1824 1639 Ὡσαννά
1851 1583 1928 1652 τῷ

338 1691 455 1763 υἱῷ
483 1689 665 1743 Δαυῖδ·
703 1683 1066 1754 εὐλογημένος
1099 1682 1127 1736 6
1162 1681 1453 1752 ἐρχόμενος
1481 1680 1538 1733 ὲν
1565 1664 1790 1748 ὀνόματι
1816 1678 1931 1730 Κυ-

339 1784 492 1853 ρίου·
523 1777 741 1852 ώσαννά
768 1779 950 1840 ἐντοῖς
975 1775 1244 1845 ὑψίστοις.
1287 1792 1304 1824 ι
1345 1771 1503 1826 Κατά
1535 1770 1633 1843 μὲν
1657 1770 1754 1841 τὴν
1782 1769 1928 1821 ἱστο-

341 1876 496 1946 ρίαν,
516 1871 716 1944 πολλὴν
732 1869 897 1941 τιμὴν
923 1866 1172 1938 ἐμφαίνει
1197 1866 1228 1936 ἡ
1249 1865 1356 1917 τῶν
1384 1863 1614 1934 ἱματίων
1645 1861 1927 1930 ύπόστρω-

339 1983 460 2031 σις,
491 1964 588 2018 καὶ
619 1962 728 2015 τῶν
758 1959 968 2014 κλάδων
1009 1960 1042 2028 ὴ
1075 1956 1236 2027 τομὴ,
1270 1953 1629 2024 πανηγύρεως
1662 1951 1885 2016 ἔνδειξις
1907 1967 1922 1981 σ

339 2053 498 2111 κατά
526 2056 582 2109 δὲ
626 2051 946 2122 ἀναγωγὴν,
989 2047 1226 2121 μάνθανε
1273 2047 1354 2102 ὅτι
1384 2044 1525 2117 μετά
1553 2044 1614 2097 τὸ
1659 2042 1928 2096 ἐπιθεῖναι

339 2150 478 2212 τοὺς
511 2143 842 2208 ἀποστόλους
870 2143 940 2196 τὰ
982 2140 1176 2212 ίμάτια
1206 2138 1415 2204 αὐτῶν,
1448 2138 1568 2208 ἦτοι
1606 2137 1704 2199 τὰς
1729 2135 1930 2206 ἀρετὰς

341 2239 558 2304 αὐτῶν,
581 2240 703 2291 τότε
729 2233 1064 2304 ὲπικάθηται
1086 2233 1114 2285 6
1139 2230 1364 2302 Κύριος.
1393 2227 1456 2282 El
1485 2229 1594 2300 γὰρ
1622 2227 1696 2298 μὴ
1723 2227 1932 2280 καλλω-

342 2329 529 2401 πισθῇ
563 2329 598 2400 ἡ
634 2324 780 2399 ψυχῇ
812 2324 932 2389 ταῖς
975 2322 1360 2383 ἀποστολικαῖς
1391 2321 1613 2392 ἀρεταῖς
1636 2359 1651 2384 ,
1695 2319 1796 2372 οὐκ
1835 2320 1933 2371 ἐπ-

340 2400 561 2494 οχεῖται
590 2420 683 2474 ἐπὶ
703 2417 906 2489 ταύτης
934 2416 962 2471 6
989 2415 1220 2480 Θεός.οί
1249 2400 1305 2468 δὲ
1333 2412 1686 2486 προάγοντες,
1715 2411 1854 2464 εἰσιν
1883 2411 1930 2463 οἱ

343 2515 463 2586 πρὸ
500 2513 602 2582 τῆς
638 2510 732 2566 τοῦ
783 2499 1020 2581 Χριστοῦ
1063 2507 1393 2578 σαρκώσεως
1440 2505 1752 2578 προφῆταν
1789 2504 1837 2557 οἱ
1876 2502 1934 2579 δὲ

345 2604 798 2668 ἀκολουθοῦντες,
820 2602 875 2656 οἴ
901 2603 1039 2673 μετά
1061 2601 1230 2654 ταῦτα
1250 2600 1525 2671 μάρτυρες
1553 2597 1649 2651 καὶ
1675 2596 1933 2650 διδάσκα-

343 2701 460 2762 λοι,
510 2700 558 2752 οἳ
591 2697 660 2756 τά
704 2697 892 2766 ἱμάτια
925 2693 1105 2748 αὐτῶν
1145 2689 1511 2764 στρωννύουσι
1563 2689 1642 2760 τῷ
1688 2687 1932 2759 Χριστῷ,

347 2786 645 2854 τουτέστι,
705 2787 803 2857 τὴν
855 2785 1035 2854 σάρκα
1075 2783 1438 2838 ὐποτάσσουσι
1487 2779 1564 2850 τῷ
1621 2778 1932 2849 πνεύματι·

351 2884 577 2953 ἱμάτιον
624 2879 732 2951 γάρ
771 2881 864 2932 καὶ
913 2877 1179 2948 κάλυμμα
1235 2877 1334 2946 τῆς
1380 2859 1598 2945 ψυχῆς,
1648 2873 1708 2926 τὸ
1753 2872 1932 2943 σῶμα.

353 2972 691 3043 ’Ἑστρωσαν
709 2969 800 3024 οὖν
834 2971 890 3023 ἐν
923 2967 991 3038 τῇ
1023 2966 1146 3038 ὁδῷ,
1179 2967 1426 3020 τουτέστι
1450 3007 1464 3030 ,
1503 2966 1560 3020 ἐν
1589 2963 1666 3035 τῷ
1692 2955 1932 3036 Χριστῷ.

361 3084 387 3118 ι
439 3062 582 3130 Ἐγώ
611 3063 718 3132 γάρ
745 3063 861 3130 εἰμι
890 3061 922 3130 ὴ
951 3057 1091 3122 ὁδὸς,
1142 3076 1162 3110 ι
1202 3057 1388 3128 φησίν.
1437 3046 1565 3112 Ἐἀν
1603 3055 1711 3124 γὰρ
1745 3057 1817 3126 μή
1855 3074 1938 3120 τις

1956 1826 2003 1885 Β

2028 579 2241 635 Marcus
2274 577 2609 647 subjugaletn
2657 576 2829 631 solum
2871 575 3143 630 dixerunt.
3190 574 3469 630 Mattharus
3503 591 3599 630 au-

2030 679 2136 727 tem
2183 671 2392 727 asinam
2441 682 2494 724 et
2524 667 2747 738 pullum.
2788 666 2902 722 Non
2938 667 3198 722 dixerunt
3241 668 3594 728 contrarium.

2027 764 2284 820 ducentes
2309 763 2449 817 enim
2478 760 2704 832 pullum,
2736 768 2918 814 secuta
2949 768 3032 812 est
3066 768 3255 814 mater.
3289 759 3600 814 Collocave-

2029 869 2154 912 runt
2185 863 2365 909 autem
2387 868 2510 908 eum
2539 867 2698 922 super
2718 851 2807 906 illa
2835 869 2848 904 :
2883 865 2988 904 non
3015 864 3176 918 super
3200 852 3306 904 duo
3331 851 3597 919 iumenta.

2029 948 2124 1003 sed
2154 961 2318 1018 super
2351 955 2546 1001 vestes.
2589 945 2695 999 Aut
2731 943 2965 1014 primum
2999 944 3216 1013 quidem
3265 943 3402 997 sedit
3438 957 3602 1012 super

2030 1041 2258 1102 asinam,
2288 1047 2473 1109 postea
2503 1051 2666 1108 super
2691 1034 2892 1106 pullum
2922 1055 2936 1090 :
2969 1035 3096 1104 quia
3125 1044 3178 1088 et
3207 1035 3438 1103 primum
3475 1034 3598 1102 qui-

2029 1134 2138 1189 evit
2175 1133 2228 1187 in
2259 1131 2565 1187 Iudaeorum
2608 1128 2886 1199 Synagoga
2909 1167 2924 1194 ,
2955 1128 3157 1184 deinde
3197 1128 3248 1181 in
3285 1127 3471 1198 gentili
3501 1142 3596 1196 po-

2029 1225 2175 1296 pulo.

2104 1316 2270 1372 Vens.
2305 1315 2360 1378 8.
2403 1315 2458 1371 9.
2514 1333 2532 1366 ι
2587 1313 2819 1368 Plurima
2872 1321 3050 1367 autem
3098 1313 3252 1366 tuuba
3288 1319 3603 1366 straverunt

2028 1411 2347 1468 vestimenta
2376 1424 2470 1464 sua
2506 1409 2556 1462 in
2590 1409 2673 1461 via
2701 1427 2714 1462 :
2749 1407 2840 1461 alii
2866 1421 2992 1461 vero
3023 1406 3298 1461 caedebant
3325 1419 3506 1460 ramos
3537 1405 3604 1458 de

2030 1503 2349 1567 arboribus,
2397 1508 2452 1556 et
2497 1499 2811 1555 sternebant
2845 1500 2900 1552 in
2928 1499 3033 1553 via.
3067 1498 3233 1554 Porro
3264 1498 3437 1552 turbae
3475 1511 3601 1568 quae

2031 1596 2405 1669 praecedebant
2437 1603 2489 1648 ct
2515 1609 2634 1663 quae
2653 1593 3042 1662 sequebantur,
3067 1590 3392 1654 clamabant,
3421 1591 3607 1646 dicen-

2033 1701 2112 1745 tes
2145 1709 2162 1751 :
2190 1690 2444 1745 Hosanna
2470 1688 2581 1744 lilio
2616 1687 2781 1743 David
2816 1706 2829 1742 :
2876 1687 3188 1742 benedictus
3225 1687 3316 1754 qui
3362 1684 3511 1740 venit
3549 1685 3604 1738 in

2031 1787 2249 1840 nomine
2265 1784 2500 1850 Domini,
2525 1783 2767 1837 hosanna
2785 1781 2841 1835 in
2867 1779 3170 1834 altissimis.
3199 1795 3217 1831 ι
3243 1777 3406 1832 Juxta
3432 1777 3610 1832 histo-

2031 1877 2165 1933 riam
2204 1876 2430 1930 mullum
2465 1877 2518 1928 in
2567 1888 2627 1928 se
2669 1874 2830 1927 habet
2859 1870 3086 1926 honoris
3109 1879 3288 1926 vestes
3318 1869 3610 1934 stravisse,

2030 1978 2086 2024 et
2122 1983 2302 2023 ramos
2342 1967 2666 2033 obiectasse,
2699 1981 2820 2018 nam
2857 1963 3152 2017 ostendunt
3188 1976 3441 2030 magnam
3484 1960 3604 2030 glo-

2030 2064 2189 2117 riam.
2218 2061 2287 2114 At
2310 2059 2463 2129 juxta
2495 2074 2768 2132 anagogen
2803 2059 2952 2113 disce
2981 2057 3122 2126 quod
3154 2063 3442 2125 postquam
3471 2068 3606 2125 apo-

2031 2152 2152 2208 stoli
2173 2163 2632 2223 superposuerunt
2646 2150 2970 2206 vestimenta
2995 2163 3118 2213 sua,
3141 2146 3368 2202 virtutes
3388 2146 3604 2215 inquam

2033 2260 2181 2312 suas,
2204 2253 2334 2300 tunc
2355 2258 2516 2315 super
2535 2243 2656 2300 illas
2680 2243 2820 2298 sedit
2842 2241 3120 2296 Dominus.
3141 2240 3275 2295 Nam
3299 2240 3402 2294 nisi
3429 2238 3616 2293 anima

2034 2344 2218 2391 nostra
2241 2345 2432 2390 ornata
2456 2335 2622 2392 fuerit
2643 2336 2954 2404 apostolicis
2979 2335 3288 2400 virtutibus,
3317 2350 3421 2388 non
3451 2334 3610 2402 equi”-

2035 2427 2170 2481 tabit
2205 2441 2324 2482 eam
2359 2425 2640 2482 Dominus.
2676 2427 3050 2482 Praecedentes
3078 2466 3094 2491 ,
3128 2434 3252 2480 sunt
3295 2425 3616 2493 prophetae,

2035 2517 2126 2587 qui
2157 2524 2283 2571 ante
2309 2518 2646 2571 incarnatum
2676 2515 2952 2571 Christum
2986 2515 3136 2569 fuere
3162 2535 3176 2570 :
3205 2526 3490 2583 sequentes
3513 2529 3610 2568 au-

2037 2618 2166 2672 tem,
2201 2619 2466 2679 martyres
2494 2619 2546 2663 et
2574 2609 2847 2673 doctores,
2878 2607 2970 2676 qui
2997 2607 3317 2662 vestimenta
3340 2621 3433 2658 sua
3470 2615 3612 2660 ster-

2028 2712 2168 2778 nunt
2199 2700 2420 2757 Christo
2445 2741 2461 2767 ,
2494 2701 2596 2756 hoc
2630 2710 2735 2762 est.
2772 2715 2994 2755 carnem
3028 2699 3320 2769 subjiciunt
3369 2699 3608 2767 spiritui.

2023 2781 2371 2848 'Vestimenta
2397 2793 2540 2847 enim
2569 2803 2623 2847 et
2645 2801 2953 2862 tegumenta
2981 2790 3192 2853 animae,
3207 2805 3425 2858 corpus.
3452 2788 3610 2842 Stra-

2037 2894 2231 2938 verunt
2261 2884 2424 2951 igitur
2448 2884 2500 2939 in
2524 2886 2632 2947 via,
2659 2885 2759 2938 hoc
2783 2893 2886 2946 est,
2917 2883 2972 2938 in
3001 2883 3234 2938 Christo.
3275 2901 3294 2934 ι
3328 2883 3437 2951 Ego
3464 2882 3610 2936 enim

2039 2993 2157 3032 sum
2194 2977 2280 3030 via
2307 2977 2374 3039 ",
2414 2996 2433 3029 ι
2475 2977 2671 3047 inquit.
2716 2975 2772 3031 Si
2821 2975 2967 3030 enim
3014 2975 3137 3045 quis
3187 2988 3406 3030 carnem
3455 2988 3612 3026 suam

2041 3085 2146 3123 non
2181 3069 2467 3130 straverit,
2519 3069 2678 3139 ιιο
2708 3069 2809 3124 1ιοο
2847 3077 2947 3134 est,
2983 3066 3367 3130 humiliaverit,
3400 3066 3453 3120 in
3501 3066 3616 3126 vin,

353 3154 463 3224 τὴν
495 3152 671 3223 σάρκα
699 3150 866 3206 αὑτοῦ
899 3148 1137 3220 στρώσῃ,
1169 3147 1416 3201 τουτέστι
1441 3189 1454 3210 ,
1493 3147 1807 3220 ταπεινώσῃ
1834 3188 1850 3210 ,
1882 3151 1935 3201 ἐν

2047 3159 2147 3213 hoc
2167 3169 2269 3224 est,
2302 3158 2356 3212 in
2395 3157 2612 3212 Christo
2642 3172 2889 3224 manens,
2921 3166 2973 3211 et
3006 3173 3108 3238 npn
3143 3157 3430 3211 hazreticus
3463 3157 3614 3210 exsi-

353 3248 425 3316 τῇ
459 3244 583 3313 ὁδῷ,
609 3242 909 3302 τουτέστιν,
937 3242 994 3292 ἑν
1025 3240 1103 3309 τῷ
1134 3237 1358 3308 Χριστῷ
1389 3237 1588 3308 μένων,
1615 3240 1709 3291 καὶ
1745 3238 1817 3309 μὴ
1850 3240 1936 3291 αἱς

360 3335 577 3408 ρετικδς
609 3334 705 3401 ὢν,
744 3335 846 3386 οὐκ
881 3332 1157 3401 ἐποχεῖται
1189 3331 1280 3382 ἐπὶ
1325 3328 1515 3382 τούτου
1549 3332 1577 3383 ό
1605 3329 1830 3400 Κύριος.
1865 3330 1940 3383 T6

354 3425 418 3482 δὲ
457 3426 706 3488 Ὡσαννὰ,
728 3426 776 3478 οί
798 3425 894 3494 μὲν
926 3422 1178 3491 λέγουσιν
1212 3418 1296 3474 ὅτι
1326 3419 1494 3489 ὕμνον
1593 3419 1810 3490 ψαλμδιν
1840 3437 1937 3490 ση-

365 3515 569 3586 μαίνει,
596 3516 645 3568 oi
677 3515 751 3579 δὲ,
779 3513 808 3567 ὃ
833 3513 925 3566 καὶ
952 3511 1344 3582 ἀκριϐέστερον
1364 3525 1378 3539 ⁸
1411 3507 1593 3563 Σιῖισον
1619 3510 1706 3580 δή.
1755 3507 1939 3582 Ἐρχό-

365 3623 528 3676 μενος
559 3606 615 3659 δὲ
639 3605 853 3673 λέγεται
884 3606 912 3658 6
945 3604 1170 3673 Κύριος,
1203 3602 1278 3665 ὡς
1309 3601 1760 3674 προσδοκώμενος
1788 3602 1941 3672 παρά

359 3697 478 3760 τοῖς
519 3686 791 3768 Ἑϐραίοις
814 3695 1023 3750 ἐλθεῖν’
1060 3693 1204 3746 οὕτω
1235 3693 1343 3763 γὰρ
1375 3693 1468 3745 καὶ
1500 3692 1528 3744 ὁ
1566 3693 1820 3762 Ἰωάννης
1853 3693 1942 3745 λέ-

361 3803 474 3858 γει·
515 3788 631 3840 (Σὺ
661 3786 714 3840 εἴ
737 3789 764 3840 6
798 3786 1108 3857 ἐρχόμενος,
1133 3804 1150 3834 ι
1189 3782 1310 3835 ἀντὶ
1332 3781 1455 3844 τοῦ,
1493 3783 1520 3835 6
1554 3781 1937 3853 προσδοκώμε-

360 3895 456 3942 νος
486 3874 817 3931 ἐλεύσεσθαι.
840 3876 948 3927 Καὶ
975 3873 1148 3935 ἄλλως
1171 3873 1225 3924 δὲ
1249 3872 1469 3938 λέγεται
1493 3871 1520 3922 6
1545 3870 1836 3940 ἐρχόμενος
1864 3870 1940 3932 ὡς

363 3967 492 4024 καθ’
547 3967 760 4040 ἡμέραν
810 3964 1267 4037 προσδοκωμένης
1311 3963 1412 4032 τῆς
1463 3961 1725 4033 δευτέρας
1775 3960 1938 4013 αὑτοῦ

365 4059 692 4130 παρουσίαςο
727 4057 808 4110 δεῖ
828 4055 930 4109 οὖν’
959 4055 1188 4108 ἕκαστον
1218 4055 1304 4105 ἀεὶ
1338 4051 1578 4116 ἐλπίζειν
1611 4051 1711 4120 τὴν
1751 4051 1935 4104 συντέο

361 4152 539 4215 λειαν,
566 4149 661 4204 καὶ
690 4148 782 4202 ἀεὶ
811 4148 1102 4220 ἐρχόμενον
1135 4146 1236 4200 τὸν
1258 4143 1484 4217 Κύριον,
1519 4145 1611 4197 καὶ
1653 4142 1941 4212 ἑτοιμάζε-

363 4241 516 4296 σθαι.

444 4351 468 4386 r
499 4331 610 4387 Καὶ
639 4330 967 4394 εἰσελθόντος
996 4329 1161 4384 αὑτοῦ
1193 4330 1271 4393 είς
1312 4327 1686 4398 Ἱεροσόλυμα,
1721 4317 1941 4396 ἐσείσθη

367 4427 520 4480 πᾶσα
544 4427 578 4497 ἠ
609 4424 791 4490 πόλις,
816 4423 1065 4491 λέγουσαν
1089 4420 1188 4483 Τίς
1215 4421 1360 4474 ἔστιν
1382 4414 1572 4485 οὗτοςς
1611 4421 1674 4472 Ol
1709 4417 1766 4471 δὲ
1794 4419 1940 4488 ὄχλοι

2039 3259 2214 3312 ιιιοιις,
2244 3263 2348 3302 non
2384 3249 2634 3304 insidebit
2657 3253 2709 3302 ln
2744 3263 2808 3303 eo
2840 3250 3109 3304 dominus.
3146 3247 3400 3304 llosanna
3434 3257 3613 3322 autem

2039 3340 2253 3406 quidam
2291 3339 2474 3392 dicunt
2517 3340 2658 3407 quod
2701 3336 2966 3409 Hyntnum
3007 3337 3091 3392 vel
3129 3337 3400 3414 l'salmum
3449 3323 3618 3406 signi}

2042 3431 2184 3492 licet,
2208 3429 2296 3483 alii
2317 3440 2520 3491 autem,
2541 3429 2592 3482 id
2613 3430 2754 3496 quod
2782 3429 3120 3485 evidentius:
3154 3428 3336 3494 Salva,
3365 3430 3612 3482 obsecro.

2041 3518 2320 3572 Venturus
2341 3529 2520 3572 autem
2542 3519 2738 3572 dicitur
2764 3518 3023 3573 Dominus
3050 3519 3173 3586 quia
3197 3520 3617 3588 exspectabatur

2042 3609 2108 3662 ab
2131 3608 2366 3663 lle-bracis
2390 3617 2667 3663 venturus.
2690 3607 2780 3662 Sic
2799 3609 2940 3662 enim
2967 3618 3023 3662 et
3043 3605 3280 3662 Joannes
3302 3587 3462 3662 dicit:
3486 3625 3505 3658 (
3534 3587 3622 3660 Tir

2039 3715 2099 3754 es
2131 3700 2218 3767 qui
2264 3710 2524 3753 venturus
2553 3699 2653 3752 es?
2685 3717 2704 3752 ι
2762 3699 2864 3754 hoc
2895 3709 3013 3761 est,
3047 3699 3137 3768 qui
3182 3696 3513 3767 exspectaris
3559 3704 3618 3750 ut

2043 3791 2249 3844 venias.
2289 3791 2490 3844 Dicitur
2517 3799 2571 3844 et
2597 3789 2756 3843 aliter
2781 3801 3060 3852 venturus,
3097 3805 3161 3844 eo
3188 3790 3328 3856 quod
3355 3783 3618 3841 adven'tus

2041 3883 2153 3951 ejus
2192 3883 2456 3938 secundus
2488 3881 2724 3952 quotidie
2750 3857 3112 3950 exspectetur.
3139 3879 3408 3934 Debemus
3452 3877 3616 3946 igitur

2040 3986 2093 4030 et
2123 3991 2216 4026 nos
2251 3989 2438 4028 ornncs
2472 3974 2997 4027 consummationem
3028 3971 3210 4024 mundi
3241 3978 3296 4025 ct
3327 3969 3616 4023 adventum

2042 4067 2242 4121 Christi
2276 4059 2589 4135 exspectare
2618 4079 2681 4120 ac
2705 4064 3020 4136 praeparari.

2118 4333 2276 4388 Vsus.
2318 4333 2406 4400 10,
2457 4329 2543 4390 Η.
2585 4353 2604 4386 ι
2650 4334 2723 4391 Et
2758 4349 2878 4388 cum
2915 4325 3164 4387 intrasset
3207 4330 3619 4408 Hierosolyma,

2045 4434 2312 4478 cmnmota
2344 4433 2426 4478 est
2457 4425 2704 4480 universa
2731 4423 2939 4490 sivitas,
2972 4422 3153 4478 dicens
3185 4441 3199 4477 :
3231 4424 3362 4490 Quis
3387 4437 3468 4478 εει
3490 4424 3644 4478 hic?‘

365 4516 574 4584 ελεγονο
618 4505 788 4576 Οὗτός
817 4513 964 4564 ἐστιν
1006 4509 1210 4580 Ἰησοῦς
1243 4510 1270 4562 6
1291 4510 1606 4580 προφήτης,
1639 4511 1668 4562 6
1694 4509 1801 4561 ἀπὸ
1830 4509 1935 4561 Na:

2048 4513 2241 4569 Turbae
2271 4524 2447 4568 autem
2478 4514 2757 4584 dicebant;
2787 4500 2882 4567 Hic
2907 4522 2992 4572 est
3013 4514 3168 4570 Iesus
3193 4515 3281 4569 ille
3304 4515 3558 4584 propheta
3586 4532 3612 4570 a

373 4607 548 4678 ζαρὲτ
593 4606 694 4672 τῆς
730 4601 1040 4663 Γαλιλαίας.
1080 4619 1098 4651 ι
1151 4602 1213 4652 υἱ
1243 4599 1389 4670 ὄχλοι
1437 4600 1616 4652 ἄδολοι
1654 4599 1806 4662 ὄντες
1848 4599 1943 4651 καὶ

369 4697 655 4759 ἄπλαστοι,
686 4692 809 4748 οὔτε
833 4692 1094 4761 ἐφθόνουν
1117 4689 1196 4760 τῷ
1223 4687 1463 4760 Χριστῷ,
1493 4689 1616 4742 οὕτε
1648 4689 1811 4743 πάλιν
1843 4689 1944 4756 τὴν

370 4789 758 4863 προσήκουσαν
781 4801 848 4837 πε
857 4785 912 4853 pl.
941 4781 1106 4836 αὐτοῦ
1130 4781 1398 4852 ὑπόληψιν
1420 4776 1584 4851 εἴχον.
1617 4782 1706 4834 Διὸ
1727 4781 1823 4832 καὶ
1847 4779 1944 4833 νῦν

371 4883 658 4953 προφήτην
690 4877 854 4932 αὑτὸν
882 4876 1120 4943 λέγουσι’.
1148 4873 1241 4943 Μή
1269 4888 1402 4926 ποτε
1431 4874 1490 4926 δὲ
1523 4873 1648 4926 ἐπεὶ
1680 4871 1940 4942 μετάτοῦ

601 4949 786 5041 φασὶν,
806 4971 838 5022 ό
855 4967 1188 5036 προφήτης,
1210 4964 1434 5020 δύναται
1458 4966 1721 5035 νοηθῆναι
1748 4966 1831 5018 ὅτι
1853 4960 1944 5016 οὒ-

371 5065 462 5126 τός
487 5062 696 5114 ἐστινὸ
728 5055 1172 5130 προσδοκώμενος
1208 5055 1494 5126 προφήτης
1515 5070 1529 5084 ο
1573 5055 1632 5108 δν
1661 5051 1782 5108 εἷπε
1815 5055 1948 5108 Μω-

377 5155 494 5222 σῆς,
528 5153 610 5205 ὅτι
651 5169 670 5202 ι
709 5149 1001 5220 Προφήτην
1038 5138 1168 5216 ύμῖν
1209 5147 1239 5200 6
1276 5142 1411 5208 Θεὸς
1442 5142 1760 5216 ἀναστήσει.
1801 5163 1824 5198 ›
1868 5143 1946 5198 Οὐ

374 5245 483 5316 γὰρ
514 5237 688 5307 εἷπον,
708 5235 876 5302 Οὗτός
898 5239 1014 5291 ἐστι
1044 5236 1350 5309 προφήτης,
1371 5237 1507 5300 ἀλλ’,
1535 5238 1608 5291 ’οδ
1625 5238 1916 5308 προφήτης.
1931 5270 1958 5302 ,η

376 5333 678 5397 τουτέστιν,
701 5333 906 5393 ἐκεῖνος
917 5367 919 5370 ‹
930 5331 958 5382 6
987 5325 1175 5391 ὲλπιζό
1181 5344 1365 5396 μενος.

451 5443 472 5476 ι
515 5424 624 5478 Καὶ
641 5421 892 5492 εἰσῆλθεν
909 5421 948 5473 δ’
971 5417 1178 5491 Ἰησοῦς
1205 5419 1286 5481 είς
1307 5419 1365 5472 τὸ
1386 5419 1530 5488 ίερον
1553 5418 1646 5472 τοῦ
1670 5417 1825 5485 Θεοῦ,
1856 5419 1958 5472 καὶ

377 5514 609 5580 ἐξέϐαλε·
625 5513 834 5577 πάντας
859 5511 986 5576 τοὺς
1020 5509 1338 5575 πωλοῦντας
1369 5515 1465 5566 καὶ
1493 5511 1863 5585 ἀγοράζοντας
1891 5517 1950 5568 ὲν

378 5605 462 5677 τῷ
488 5606 650 5678 ίερῷοο
695 5605 792 5661 καὶ
821 5605 922 5670 τὰς
959 5605 1240 5677 τραπέζας
1272 5603 1382 5657 τῶν
1413 5605 1780 5661 κολλυϐιστῶν
1811 5625 1944 5662 κατ·

456 5781 501 5815 ⁸⁷
531 5781 687 5840 Joan.
741 5779 932 5845 xtv,6.
1009 5778 1054 5809 ⁸⁸
1103 5776 1260 5833 Deut.
1311 5791 1466 5844 ινιιι,
1514 5773 1606 5831 18.

2049 4604 2324 4660 Nazareth'
2351 4603 2601 4659 Galilzcre‘.
2653 4620 2671 4652 ι
2707 4603 2901 4656 'l‘urbm
2937 4606 3214 4674 simplices
3257 4614 3311 4658 et
3353 4603 3614 4668 candidae.

2053 4708 2228 4762 neque
2259 4691 2566 4746 invidebant
2607 4687 2842 4754 Christo,
2877 4703 3052 4759 neque
3089 4699 3272 4747 rursus
3305 4688 3614 4762 opiniOne'm

2051 4784 2264 4854 dignam
2289 4777 2354 4837 de
2387 4779 2602 4836 Christo
2631 4781 2898 4835 habebant
2931 4799 2944 4835 :
2977 4782 3094 4837 ideo
3140 4793 3194 4837 et
3225 4800 3363 4838 nunc
3387 4785 3618 4855 prophe-

2053 4884 2162 4928 tam
2203 4873 2352 4928 illum
2399 4873 2607 4927 dicunt.
2645 4867 2751 4926 Nisi
2794 4871 2966 4938 forte,
3015 4875 3445 4943 quandoquidem
3492 4879 3644 4930 eum»

2049 4964 2276 5020 articulo
2307 4961 2512 5026 dicunt,
2535 4962 2567 5014 6
2593 4963 2897 5034 προφήτης,
2933 4964 3193 5034 propheta
3225 4963 3312 5019 ille
3341 4964 3508 5034 possit
3536 4962 3613 5018 in-

2049 5056 2216 5124 telligi
2249 5055 2390 5125 quod
2423 5055 2523 5110 iste
2554 5055 2622 5108 sit
2653 5055 2743 5124 qui
2795 5055 3217 5124 exspectabatur
3237 5051 3524 5126 propheta,
3551 5051 3630 5110 d'e‘

2050 5159 2158 5219 quo
2197 5148 2336 5203 dixit
2385 5146 2582 5212 Moses,
2620 5151 2648 5198 r‘
2676 5144 3014 5217 Proplietam‘
3048 5147 3200 5202 Vobis
3246 5142 3396 5203 Deus‘
3417 5143 3622 5202 e‘xcita-

2051 5241 2132 5297 bit
2157 5238 2224 5294 ⁸⁵.
2263 5245 2286 5291 ι’
2319 5237 2433 5293 Non
2461 5239 2604 5293 enim
2634 5239 2906 5303 dixerunt,
2941 5235 3039 5292 Hic
3065 5245 3146 5292 est
3171 5235 3478 5308 propheta':
3505 5236 3622 5302 sed,

2053 5333 2319 5404 propheta
2347 5333 2458 5396 illc,
2499 5333 2600 5387 hoc
2632 5341 2735 5396 est,
2769 5332 2856 5386 ille
2886 5331 2976 5401 qui
3002 5335 3372 5400 exspectatur.

2125 5425 2288 5481 Vens.
2316 5425 2406 5490 1‘1,
2440 5423 2528 5481 l3.
2563 5439 2592 5475 ιΔ
2620 5423 2692 5478 Et’
2711 5421 3118 5479 intravit‘Jesus
3136 5423 3188 5477 in
3217 5421 3476 5492 templum
3505 5405 3621 5481 Déi',

2049 5527 2105 5574 et
2131 5518 2381 5587 ejiciebat
2416 5526 2606 5572 omnes
2637 5518 3019 5574 vendentes'et
3053 5524 3301 5574 ementes
3324 5507 3624 5580 iu‘templo,‘

2052 5622 2374 5679 mensasque
2403 5608 2810 5680 cellybistarum
2855 5617 2909 5666 e't
2948 5610 3238 5666 cathedras
3276 5600 3630 5661 ve‘ndcn‘lhtm’
