4078 6464
463 356 564 429 371
1320 358 1899 430 THEOPHYLACTI
1941 358 2354 432 BULGARI/E
2394 361 2750 431 ARCHIEP.
3619 365 3717 436 ετξ

462 488 745 544 columbas
779 489 994 555 evertit,
1036 500 1089 544 et
1124 488 1258 544 dixit
1289 489 1397 543 illis
1440 505 1454 543 :
1490 488 1764 559 Scriptum
1789 497 1905 555 est,
1937 492 2033 545 Do-

2147 488 2401 561 έστρεψε,
2421 489 2516 543 καὶ
2544 489 2643 553 τὰς
2672 487 2942 561 καθέδρας
2973 487 3082 543 τῶν
3113 488 3436 543 πωλούντων
3461 488 3557 555 τας
3587 506 3716 564 περι.

461 594 583 635 nms
611 595 727 635 mea
755 580 948 635 domus
979 580 1376 649 deprecationis
1411 582 1692 637 vocabitur
1724 599 1736 638 :
1769 592 1825 636 at
1853 596 1946 635 vos
1968 580 2033 635 fe.

2154 584 2370 653 στεράς.
2402 582 2511 636 Καὶ
2544 580 2690 651 λέγει
2715 582 2933 645 αὐτοῖς·
2973 582 3307 653 Γέγραπταιο
3356 583 3416 636 '0
3453 578 3595 648 οἶκός
3626 602 3717 656 μου

460 672 614 728 cistis
640 673 785 727 illam
819 673 1132 742 speluncam
1162 675 1453 731 latronum.
1502 693 1521 726 ι
1560 674 1843 745 Tanquam
1872 673 2033 729 domi-

2150 669 2297 737 οἶκος
2337 674 2646 747 προσευχῆς
2684 672 3049 744 κληθήσεταιο
3081 674 3241 743 ὑμεῖς
3266 673 3323 727 δὲ
3359 673 3518 727 αὐτὸν
3547 676 3720 746 ἐποιή-

460 775 562 819 ιιιιε
611 765 824 831 domus,
886 766 988 822 hoc
1039 774 1146 831 est,
1200 766 1420 837 templi,
1471 766 1630 836 ejecit
1684 768 1980 823 vendentes
2027 786 2033 821 :

2155 770 2284 821 σἀτε
2326 767 2590 839 σπήλαιον
2617 767 2851 840 λῃστῶν.
2882 786 2899 819 ι
2933 766 3021 831 Ὠς
3053 766 3321 837 δεσπότης
3367 765 3462 820 τοῦ
3494 768 3663 833 οἴκου,
3693 770 3719 822 δ

457 858 752 913 ostendens
791 873 855 915 ea
888 874 1007 931 qua:
1038 858 1216 916 Patris
1243 869 1371 916 sunt
1391 900 1406 927 ,
1434 868 1488 915 et
1514 876 1610 915 sua
1640 875 1794 925 esse,
1823 861 2033 915 interim

2150 866 2271 918 ἐστι
2300 863 2392 917 τοῦ
2429 863 2596 935 ἱεροῦ,
2628 861 2851 931 ἐξέϐαλε
2884 864 3013 927 τοὺς
3053 862 3385 926 πωλοῦντας
3410 862 3620 928 δεικνὺς
3645 866 3719 919 ὅτι

461 948 627 1004 etiam
660 950 1161 1021 honestatislempli
1189 965 1376 1007 curam
1398 952 1624 1016 habens,
1653 950 1746 1007 sed
1771 960 1827 1006 et
1858 961 2033 1005 trans-

2148 956 2217 1010 τά
2242 957 2335 1011 τοῦ
2369 957 2603 1029 Πατρδς,
2636 958 2729 1011 καὶ
2758 956 2923 1011 αὐτοῦ
2958 959 3086 1013 εἰσι.
3110 956 3280 1010 Τοῦτο
3305 955 3364 1009 δὲ
3390 955 3582 1023 ἐποίει,
3612 956 3721 1029 ἄμα

459 1036 719 1093 lationem
777 1040 1172 1096 sacrificiorum
1227 1042 1571 1112 signiﬁcans,
1623 1055 1687 1095 eo
1744 1042 1888 1114 quod
1939 1041 2033 1112 eji-

2151 1046 2251 1115 μὲν
2276 1051 2371 1104 καὶ
2404 1051 2503 1121 τῆς
2535 1051 2838 1121 εὐκοσμίας
2872 1050 2967 1104 τοῦ
2998 1049 3144 1122 ἱεροῦ
3176 1041 3499 1121 φροντίζων,
3538 1050 3648 1121 ἅμα
3668 1050 3719 1105 δέ

458 1130 651 1185 ciendo
701 1132 867 1188 boves
914 1140 971 1188 et
1011 1133 1319 1195 columbas,
1358 1134 1706 1204 prasignavit
1749 1151 1854 1190 non
1903 1136 2033 1189 ultra

2149 1143 2246 1196 καὶ
2278 1142 2375 1213 τὴν
2405 1144 2696 1215 μετάθεσιν
2722 1142 2831 1197 τῶν
2853 1141 3055 1196 θυσιῶν
3089 1143 3392 1210 σημαίνων·
3425 1141 3492 1195 δι’
3522 1134 3595 1196 ὧν
3621 1144 3720 1217 γάρ

1320 358 1899 430 THEOPHYLACTI
1941 358 2354 432 BULGARl/E
2394 361 2750 431 ARCHIEP.

457 1238 596 1290 opus
622 1237 741 1277 esse
764 1224 1081 1279 animalium
1114 1225 1382 1283 sacrificio
1412 1236 1505 1280 aut
1532 1225 1923 1289 immolatione,
1946 1229 2041 1281 sed

455 1316 725 1373 oratione.
764 1316 966 1373 Domus
1013 1317 1157 1371 enim
1202 1332 1344 1380 mea,
1378 1315 1587 1386 inquit,
1620 1318 1812 1371 donms
1845 1321 2038 1386 depre-

455 1410 687 1466 cationis
720 1420 836 1478 est;
870 1425 966 1465 vos
997 1419 1177 1466 autem
1213 1410 1422 1466 fecistis
1456 1410 1598 1465 illam
1625 1410 1937 1480 speluncam
1966 1410 2044 1463 la-

456 1506 689 1556 tronum.
726 1501 786 1557 In
811 1502 1090 1571 speluncis
1116 1502 1259 1557 enim
1284 1502 1555 1557 latronum
1581 1500 1716 1557 tlunt
1742 1502 2041 1557 mactatio-

455 1610 587 1661 nes,
644 1605 698 1650 et
745 1597 1028 1666 sanguinis
1082 1596 1397 1652 effusiones.
1454 1594 1550 1651 Vel
1608 1596 1770 1652 etiam
1820 1605 2041 1669 prapter

452 1689 820 1759 negotiatores
849 1699 1095 1745 ementes
1140 1699 1194 1745 et
1228 1689 1524 1744 vendentes
1547 1729 1562 1754 ,
1601 1688 1913 1759 speluncam
1955 1689 2039 1744 la-

453 1791 667 1837 tronum
724 1782 941 1837 vocavit
995 1782 1281 1853 templum.
1328 1782 1572 1837 Avaritia
1618 1784 1762 1838 enim
1811 1792 1865 1838 et
1902 1782 2035 1838 lucri

2149 1234 2400 1301 ἐξέϐαλλε
2423 1237 2549 1299 τοῦς
2580 1237 2708 1309 βόας
2740 1237 2833 1291 καὶ
2859 1237 2959 1300 τὰς
2988 1237 3339 1307 περιστερὰς,
3368 1238 3717 1307 προεμήνυεν,

2146 1330 2228 1382 ὅτι
2260 1331 2361 1382 οὐκ
2386 1328 2465 1383 ἔτι
2495 1330 2654 1402 χρεία
2678 1329 2986 1394 ζωοθυσιῶν
3017 1329 3051 1400 ἢ
3090 1330 3363 1400 σφαγίων,
3400 1328 3536 1382 ἀλλά
3564 1345 3718 1399 προσ-

2148 1422 2337 1494 ευχῆςο
2381 1421 2442 1475 ⁸0
2471 1422 2582 1492 γὰρ
2630 1416 2777 1486 οἶκός
2821 1440 2945 1492 μου,
2977 1423 3163 1491 φησιν,
3193 1410 3343 1486 οἶκος
3403 1422 3716 1492 προσευχῆς,

2148 1517 2312 1585 ὑμεῖς
2372 1517 2430 1570 δὲ
2460 1518 2759 1587 ἐποιήσατε
2792 1515 2955 1569 αὑτὸν
2987 1516 3256 1585 σπήλαιον
3283 1514 3517 1587 λῃστῶν·
3548 1518 3601 1568 ἐν
3622 1514 3718 1586 γάρ

2144 1611 2256 1673 τοῖς
2311 1608 2595 1680 σπηλαίοις
2639 1610 2747 1664 τῶν
2804 1608 3019 1683 λῃστῶν
3063 1610 3306 1678 γίνονται
3358 1608 3564 1679 σφαγαὶ
3631 1609 3717 1663 καὶ

2145 1703 2614 1785 ιιίματεκχυσίαι⁹
2653 1700 2686 1775 ἦ
2719 1704 2816 1758 καὶ
2852 1698 2941 1758 διὰ
2979 1706 3108 1768 τοὺς
3144 1694 3587 1774 καπηλεύοντας,
3631 1701 3718 1754 καὶ

2143 1792 2517 1865 ἀγοράζοντας
2547 1793 2643 1849 καὶ
2675 1794 3014 1861 πωλοῦντας,
3055 1794 3323 1866 σπήλαιον
3363 1793 3573 1865 λῃστῶν
3601 1793 3717 1846 ἐκά-

449 1874 748 1944 cupiditas,
784 1875 1055 1929 latronum
1099 1876 1322 1930 morbus
1360 1883 1465 1930 est.
1500 1875 1812 1948 Collybistze
1856 1888 2033 1930 autem

2143 1844 2276 1938 ᾇέέέέ
2293 1844 2534 1955 saga;
2551 1844 2662 1940 ἷζε
2682 1844 2820 1957 ’ᾗῇ
2835 1844 3536 1957 ’φζᾷξῄῥέέἔξᾶᾖσέέὶζιιᾴ
3563 1844 3725 1947 πάθος

451 1962 694 2031 suntqui
725 1963 864 2033 apud
897 1977 998 2019 nos
1022 1964 1280 2019 dicuntur
1306 1965 1582 2019 mensarii.
1606 1964 1862 2036 Coilybos
1893 1965 2033 2022 enim

2143 1977 2299 2031 ἐστί’
2350 1976 2704 2031 κολλυϐισταὶ
2738 1978 2795 2031 δέ
2826 1979 2966 2033 είσιν
3001 1979 3051 2030 οῖ
3093 1979 3224 2047 παρ’
3273 1978 3411 2049 ἡμῖν
3450 1976 3717 2046 λεγόμενοι

450 2055 664 2123 species
697 2066 777 2111 est
815 2053 938 2113 vilis
973 2057 1338 2124 numismatis,
1376 2059 1521 2114 sicut
1559 2058 1823 2116 habemus
1857 2069 1910 2115 et
1942 2075 2033 2117 nos

2142 2067 2487 2140 τραπεζῖταιο
2517 2064 2775 2133 κόλλυϐος
2801 2069 2931 2139 γάρ,
2960 2061 3103 2132 εἶδός
3131 2069 3247 2121 ἐστι
3281 2066 3614 2138 νομίσματος
3638 2066 3718 2119 εῦ-

449 2145 737 2218 obolos(a)
769 2155 861 2203 aut
906 2158 1161 2204 nummos
1213 2161 1522 2217 argenteos.
1572 2150 1826 2207 Vendunt
1858 2161 2033 2208 autem

2140 2158 2352 2224 τελοῦς,
2377 2158 2567 2227 ὥσπερ
2590 2157 2789 2228 ἔχομεν
2813 2158 2977 2229 τυχὸν
3013 2157 3172 2229 ἡμεῖς
3198 2157 3328 2221 τοὺς
3357 2154 3626 2225 ὀϐολοῦςῆ
3654 2156 3715 2207 τά

449 2239 733 2296 columbas
771 2249 826 2296 et
874 2242 928 2296 hi
972 2242 1066 2313 qui
1114 2242 1167 2297 in
1215 2242 1471 2299 Ecclesiis
1520 2243 1722 2316 gradus
1775 2244 2033 2299 vendunt.

451 2331 688 2403 Spiritus
720 2335 865 2389 enim
905 2335 1133 2404 gratiam
1162 2375 1176 2400 ,
1209 2336 1302 2404 qui
1338 2346 1423 2391 est
1453 2326 1701 2391 columba
1728 2376 1743 2399 ,
1796 2335 2038 2390 vendunt

448 2426 549 2495 ipsi
583 2444 598 2481 :
629 2429 769 2483 unde
796 2427 1092 2498 ejiciuntur
1123 2443 1189 2484 ex
1213 2443 1454 2498 superno
1481 2438 1535 2483 et
1565 2429 1778 2485 inferno
1809 2428 2033 2501 templo.

445 2516 662 2589 lndigni
688 2519 833 2574 enim
857 2531 985 2575 sunt
1011 2519 1317 2575 sacerdotio
1340 2518 1511 2591 fungi.
1534 2520 1669 2577 Vide
1694 2530 1872 2575 autem
1896 2533 1951 2577 et
1979 2531 2032 2576 tu

446 2623 523 2665 ne
568 2611 711 2665 forte
760 2611 1016 2678 templum
1068 2611 1200 2677 Dei,
1235 2613 1617 2683 cogitationem
1670 2622 1817 2668 tuam
1864 2612 2033 2671 facias

445 2701 1070 2771 speluncamlatronum,
1086 2704 1137 2757 id
1154 2713 1261 2768 est,
1288 2705 1697 2759 daemoniorum.
1717 2703 1837 2760 Fiet
1852 2716 2031 2759 autem

445 2793 726 2865 spelunca,
757 2794 802 2850 si
833 2795 1186 2851 habuerimus
1214 2795 1574 2866 cogitationes
1596 2797 1910 2851 carnalibus
1944 2814 2033 2851 re-

443 2888 551 2944 bus
575 2889 1120 2956 amicas,vendentes
1146 2901 1201 2946 et
1230 2902 1568 2956 ementes,et
1601 2891 1675 2946 ita
1710 2890 1845 2944 lucri
1880 2892 2035 2960 cupi-

444 2978 564 3044 das,
597 2989 656 3035 ut
701 2990 756 3037 et
786 2983 1026 3055 collybos
1058 2992 1113 3038 et
1143 2984 1264 3038 vilia
1296 2983 1624 3039 nomismata
1661 2996 2029 3056 congregem;

450 3067 607 3143 ιιι
657 3084 713 3129 et
757 3075 803 3130 si
850 3074 1255 3131 vendiderimus
1303 3086 1357 3132 et
1390 3078 1687 3132 emerimus
1719 3078 2029 3140 columbas,

2139 2250 2405 2321 ἀργύρια.
2449 2250 2699 2303 Πωλοῦσι
2723 2248 2782 2303 δὲ
2816 2248 3149 2323 περιστερὰς
3182 2249 3278 2304 καὶ
3305 2250 3354 2303 οἱ
3384 2245 3509 2311 τοῦς
3534 2250 3589 2300 ἐν
3608 2250 3723 2310 ταῖς

2153 2343 2500 2416 Ἐκκλησίαις
2523 2344 2767 2415 βαθμοὺς
2792 2345 3121 2408 πωλοῦντες.
3147 2342 3261 2417 Τὴν
3290 2344 3403 2416 γὰρ
3436 2342 3529 2396 τοῦ
3558 2337 3716 2395 Πνεῦ-

2143 2454 2313 2507 ματος
2350 2439 2550 2510 χάριν,
2605 2438 2634 2492 ὃ
2681 2442 2799 2492 ἐστι
2854 2438 3192 2509 περιστερὰ,
3234 2436 3509 2490 πωλοῦσιν
3553 2432 3714 2489 αὐτοί.

2141 2531 2305 2586 Ὅθεν
2337 2532 2692 2587 ἐκϐάλλονται
2726 2533 2791 2586 ἐκ
2822 2529 2918 2585 τοῦ
2955 2530 3067 2584 ἄνω
3106 2525 3260 2594 ναοῦ,
3293 2529 3394 2582 καὶ
3419 2526 3512 2580 τοῦ
3544 2525 3712 2579 κάτω*

2138 2624 2348 2690 ἀνάξιοι
2374 2624 2485 2695 γάρ
2508 2626 2647 2678 είσιν
2668 2624 2991 2696 ἱερατεύειν.
3021 2622 3196 2675 Βλέπε
3222 2620 3278 2673 δὲ
3305 2620 3403 2674 καὶ
3431 2620 3495 2673 σὺ
3518 2618 3717 2691 μήποτε

2144 2719 2208 2772 τὸ
2241 2718 2384 2790 ἱερὸν
2405 2717 2500 2771 τοῦ
2524 2718 2684 2782 Θεοῦ,
2715 2716 2987 2779 τουτέστι,
3008 2717 3109 2787 τὴν
3139 2716 3237 2786 σὴν
3264 2714 3540 2778 διάνοιαν,
3568 2709 3713 2779 ποιή-

2141 2826 2241 2883 σῃς
2270 2811 2536 2880 σπήλαιον
2558 2810 2776 2883 λῃστῶν
2793 2813 3096 2875 ,τουτέστι,
3115 2809 3223 2863 τῶν
3258 2807 3548 2877 δαιμόνων.
3564 2804 3721 2873 Γενήε

2138 2922 2292 2960 σεται
2313 2902 2370 2959 δὲ
2398 2905 2689 2976 σπήλαιον,
2720 2905 2816 2959 ἐὰν
2841 2905 3054 2974 ἔχωμεν
3089 2905 3386 2975 λογισμοὺς
3421 2899 3715 2972 φιλοῦλουςο

2137 2997 2453 3059 πωλοῦντας
2513 2997 2610 3052 καὶ
2650 2998 3047 3068 ,ἀγοράζοντας
3092 2989 3188 3050 καὶ
3248 2993 3711 3066 φιλοχρημάτους,

2135 3090 2262 3161 ἄχρι
2292 3087 2389 3140 καὶ
2419 3087 2598 3142 αὐτῶν
2626 3085 2736 3142 τῶν
2766 3087 3042 3141 κολλύϐων
3067 3078 3193 3158 ’ἦτοι
3232 3085 3343 3139 τῶν
3372 3082 3600 3138 εὐτελῶν
3632 3098 3713 3136 νο-

443 3164 551 3219 hoc
574 3171 655 3219 est
677 3202 693 3229 ,
715 3164 762 3219 si
792 3167 934 3236 quod
961 3166 1012 3221 in
1046 3166 1201 3221 nobis
1230 3166 1391 3223 fuerit
1422 3169 1706 3239 spiritualc
1730 3169 1947 3238 dogma,
1979 3180 2032 3223 ct

2142 3184 2431 3252 μισμάτων
2481 3180 2815 3250 συνάγοντας
2849 3197 2863 3212 ο
2902 3180 2998 3235 καὶ
3050 3181 3147 3234 ἐὰν
3196 3178 3471 3247 πωλῶμεν
3520 3177 3574 3231 δὲ
3626 3174 3713 3229 καὶ

444 3255 757 3326 huiusmodi
798 3258 1022 3313 honesta
1065 3260 1365 3329 cogitatio,
1398 3261 1709 3330 speluncam
1761 3262 2029 3315 latronum

445 3346 675 3405 fecimus
702 3364 803 3406 nos
831 3350 998 3419 ipsos.

516 3532 682 3589 Vens.
719 3533 805 3588 M.
843 3554 862 3586 ι
898 3532 961 3589 Ει
984 3543 1327 3591 accesserunt
1354 3532 1419 3589 ad
1448 3550 1569 3591 eum
1611 3534 1740 3592 caeci
1770 3546 1825 3592 et
1856 3536 2031 3592 claudi

443 3627 503 3684 in
536 3628 737 3698 templo
773 3646 787 3681 :
819 3638 871 3682 et
893 3630 1107 3685 sanavit
1136 3644 1250 3686 eos.
1300 3647 1317 3680 ι
1357 3629 1460 3685 Ρει·
1485 3631 1734 3685 infirmos
1764 3644 1904 3700 quos
1931 3646 2031 3686 eu~

443 3721 610 3789 niit,
655 3720 897 3777 ostendit
948 3737 1008 3777 se
1041 3720 1207 3778 Deum
1242 3737 1363 3778 esse
1384 3764 1398 3790 ,
1427 3732 1481 3778 et
1515 3724 1654 3777 hcne
1685 3722 1897 3787 facere,
1929 3723 2034 3794 eji-

445 3813 599 3869 ciens
628 3829 752 3869 cum
786 3814 1110 3868 auctoritate
1142 3831 1172 3868 e
1202 3815 1363 3868 domo
1396 3829 1491 3867 sua
1528 3814 1801 3882 indignos.
1841 3816 2033 3869 Decla-

445 3913 604 3960 ratur
634 3906 801 3961 etiam
848 3906 985 3969 hoc,
1022 3905 1163 3974 quod
1210 3904 1401 3975 ejectis
1437 3904 1666 3970 Judmis,
1702 3907 1793 3977 qui
1837 3907 1940 3976 legi
1980 3918 2033 3961 et

446 3997 763 4053 animalium
801 3999 1113 4053 mactationi
1154 3998 1351 4053 addicti
1383 4008 1538 4054 erant
1562 4039 1578 4066 ,
1606 3998 1735 4055 caeci
1764 4010 1819 4054 et
1853 4000 2029 4056 claudi

445 4105 511 4146 ex
544 4092 794 4163 gentibus
824 4090 1086 4159 assumpti
1118 4088 1322 4145 fut-rint
1354 4092 1526 4145 sanati
1562 4090 1632 4147 ab
1662 4106 1748 4145 eo.

517 4273 685 4330 Vsus.
719 4273 809 4335 l5,
847 4273 933 4327 16.
984 4292 1002 4324 ι
1053 4273 1186 4328 Cum
1232 4284 1416 4329 autem
1461 4274 1719 4329 vidissent
1758 4276 2034 4347 principes

448 4366 797 4423 sacerdotum
856 4375 910 4419 et
951 4363 1155 4420 Scriba:
1203 4365 1472 4420 mirabilia
1516 4380 1637 4437 quae
1686 4365 1927 4431 fecerat,
1978 4377 2034 4421 et

448 4464 646 4526 pueros
675 4456 975 4511 clamantes
1006 4456 1061 4512 in
1105 4457 1306 4528 templo
1357 4469 1411 4513 et
1442 4457 1687 4514 dicentes
1721 4478 1735 4513 :
1775 4458 2030 4515 llosanna

2139 3271 2498 3344 ἐκπριὼμεθα
2518 3273 2615 3335 τὰς
2641 3274 2989 3345 περιστερὰς,
3013 3274 3317 3335 τουτέστιν,
3347 3271 3475 3325 εἴτι
3502 3272 3559 3323 ὲν
3589 3270 3709 3338 ἡμῖν

2139 3368 2224 3435 εῖη
2263 3365 2634 3435 πνευματικὸν
2663 3365 2841 3435 δόγμα
2872 3367 2965 3418 καὶ
2992 3354 3254 3434 λογισμὸς
3285 3363 3551 3426 τοιοῦτος,
3587 3362 3717 3426 σπή-

2138 3460 2290 3514 λαιον
2316 3459 2531 3530 λῃστῶν
2568 3459 2916 3528 ἐποιήσαμεν
2954 3457 3200 3522 ἐαυτους.

2214 3571 2232 3603 ι
2283 3552 2395 3605 Καὶ
2424 3548 2734 3620 προσῆλθον
2773 3547 2924 3620 αὐτῷ
2965 3548 3130 3618 χωλοὶ
3164 3546 3258 3601 καὶ
3307 3546 3505 3617 τυφλοὶ
3551 3547 3607 3598 ἐν
3643 3540 3714 3611 τῷ

2140 3643 2291 3713 ἱερῷ,
2341 3643 2438 3696 καὶ
2463 3641 2833 3713 ἐθεράπευσεν
2868 3638 3085 3700 αὐτούς.
3133 3656 3151 3689 ι
3199 3638 3288 3705 Ἐξ
3324 3631 3403 3692 ὧν
3436 3631 3715 3705 θεραπεύοι

2136 3738 2263 3801 τοὺς
2288 3736 2533 3800 ἀσθενεῖς
2550 3736 2825 3788 δείκνυσιν
2845 3734 2926 3787 ὅτι
2945 3733 3076 3795 Θεός
3101 3733 3215 3785 ἐστι
3240 3732 3338 3786 καὶ
3356 3730 3540 3792 καλῶς
3556 3729 3711 3790 ποιεῖ,

2138 3829 2418 3884 ἐκϐάλλων
2447 3827 2566 3898 μετ’
2592 3825 2842 3891 ἐξουσίας
2869 3826 2933 3877 ἐκ
2956 3824 3048 3878 τοῦ
3087 3824 3238 3877 οἴκου
3269 3822 3440 3876 αὐτοῦ
3474 3821 3595 3883 τοὺς
3628 3818 3713 3872 ἀν-

2136 3922 2342 3985 αξίουςο
2364 3918 2622 3988 δηλοῦται
2651 3917 2708 3970 δὲ
2740 3916 2833 3970 καὶ
2857 3914 3036 3976 τοῦτο,
3054 3917 3135 3968 ὅτι
3169 3914 3290 3984 μεθ’
3311 3914 3339 3967 ὃ
3355 3912 3712 3982 ἐξεϐλήθησαν

2135 4014 2186 4066 oi.
2224 4013 2488 4075 Ἰουδαῖοι,
2521 4011 2571 4062 οῖ
2601 4009 2679 4079 τῷ
2704 4008 2856 4079 νόμῳ
2876 4010 2966 4062 καὶ
2994 4010 3114 4070 ταῖς
3146 4007 3521 4074 ζωοσφαγίαις
3551 4019 3709 4073 προσ-

2136 4103 2372 4173 έχοντες,
2426 4104 2474 4155 οί
2513 4100 2706 4171 τυφλοὶ
2754 4099 2847 4153 καὶ
2879 4097 3041 4168 χωλοὶ
3074 4098 3123 4150 οἱ
3159 4095 3219 4161 ἐξ
3253 4096 3427 4148 ἐθνῶν
3456 4088 3711 4166 προσελή-

2136 4196 2372 4265 φθησαν,
2404 4192 2834 4264 θεραπευθέντες
2874 4190 2965 4244 ὑπ’
2999 4187 3187 4249 αὑτοῦ.

2215 4308 2233 4339 ‹
2277 4286 2500 4350 Ἰδόντες
2530 4285 2587 4339 δὲ
2627 4286 2676 4339 οἱ
2722 4284 2999 4354 ἀρχιερεῖς
3041 4282 3136 4334 καὶ
3177 4281 3226 4333 οἱ
3257 4280 3608 4349 Γραμματεῖς
3644 4273 3710 4329 τά

2136 4380 2419 4450 θαυμάσια
2448 4377 2485 4433 ἃ
2515 4377 2762 4449 ἐποίησε,
2805 4375 3054 4437 καὶτοὺς
3089 4374 3285 4435 παῖδας
3320 4371 3619 4443 κράζοντας
3655 4368 3709 4420 ἐν

2135 4472 2214 4542 τῷ
2237 4471 2391 4542 ἱερῷ,
2412 4471 2506 4525 καὶ
2527 4470 2788 4539 λέγοντας
2808 4488 2824 4501 ·
2856 4466 3087 4521 Ὡσαννά
3101 4466 3181 4537 τῷ
3224 4465 3325 4533 υἱῷ
3345 4463 3528 4527 Δαυΐδ,
3550 4463 3711 4531 ἠγαν-

445 4548 586 4607 Filio
613 4549 807 4615 David,
838 4549 1101 4619 indignati
1144 4561 1292 4613 sunt,
1327 4560 1380 4607 et
1419 4553 1673 4608 dixerunt
1703 4554 1751 4607 ei
1806 4570 1819 4608 :
1860 4553 2031 4610 Audis

2139 4564 2513 4633 ἀκτησσν,κα“ι
2529 4558 2684 4616 εἷπον
2706 4560 2876 4632 αὐτῷ’
2915 4558 3160 4621 ’Δκούεις
3183 4559 3236 4611 τί
3265 4552 3414 4612 οὗτοι
3436 4556 3707 4624 λέγουσιν;

446 4636 579 4713 quid
621 4643 710 4699 isti
760 4643 987 4698 diennt?
1022 4640 1177 4698 Jesus
1220 4654 1400 4698 autem
1431 4643 1564 4699 dicit
1607 4645 1760 4700 illis:
1807 4642 2027 4714 Utique.

446 4737 736 4808 Nunquam
782 4736 1028 4808 legistis:
1056 4722 1136 4791 Ex
1170 4752 1267 4793 ore
1298 4736 1584 4792 infantium
1617 4747 1672 4792 et
1713 4739 2027 4794 lactentium

445 4826 719 4901 perfecisti
747 4830 1001 4885 laudem?
1048 4850 1066 4882 ι
1109 4830 1370 4887 Pharisaei
1403 4845 1525 4886 cum
1560 4831 1802 4886 viderent
1835 4847 2032 4902 pueros

445 4923 701 4996 hymnum
740 4922 910 4977 David
940 4921 1137 4979 offerre
1178 4921 1425 4989 Christo,
1457 4938 1620 4994 quem
1652 4923 1865 4979 videtur
1900 4922 2031 4977 Pro-

446 5019 608 5087 pheta
640 5002 751 5071 Deo
778 5016 1078 5081 obtulisse,-
1111 5015 1455 5072 dissecantur
1482 5016 1688 5072 invidia
1711 5056 1727 5080 ,
1769 5025 1825 5072 et
1864 5018 2034 5072 inter-

445 5109 651 5180 pellant
677 5108 852 5176 illum,
876 5109 1018 5178 quod
1046 5109 1325 5180 permittat
1346 5110 1414 5165 de
1438 5125 1499 5165 se
1526 5110 1629 5164 dici
1656 5124 1778 5180 qua:
1798 5111 1899 5167 soli
1922 5110 2033 5165 Deo

444 5201 734 5258 debentur.
765 5190 863 5255 ille
882 5209 1064 5257 autem
1091 5202 1265 5273 magis
1291 5203 1600 5272 approbans
1622 5203 1755 5258 dicit
1781 5221 1796 5258 :
1828 5204 2029 5259 Etiam.

444 5295 678 5350 Tantum
700 5294 855 5349 abest
875 5305 933 5350 ut
959 5296 1209 5352 obturem
1240 5312 1335 5351 ora
1369 5296 1495 5351 talia
1531 5297 1830 5352 dicentium
1853 5337 1869 5363 ,
1893 5307 1953 5352 ut
1978 5308 2034 5352 et

444 5382 733 5457 Propheta:
779 5388 1146 5443 testimonium
1193 5387 1495 5455 adducam,
1527 5399 1582 5445 et
1628 5403 1719 5445 vos
1747 5392 2031 5445 ostendam

436 5468 528 5532 Vel
548 5478 851 5550 imperitos,
876 5480 957 5534 vel
982 5480 1215 5537 invidos.
1240 5480 1436 5535 Annon
1480 5481 1622 5536 enim
1652 5481 1861 5553 legistis
1882 5484 2026 5553 quod

450 5568 543 5641 Ex,
567 5588 665 5629 ore
701 5571 985 5628 infantium
1026 5583 1080 5630 ct
1104 5574 1421 5631 lactentimn
1467 5576 1741 5645 perfecisti
1776 5576 2032 5630 laudem?

443 5660 730 5735 Perfect'sti
760 5674 940 5721 autem
959 5664 1263 5737 signiﬁcat:
1294 5662 1601 5721 Perfectam
1645 5673 1698 5720 et
1730 5666 2030 5722 absolutam

518 5852 594 5920 in)
632 5848 767 5906 Edil.
792 5849 912 5907 Lttl.
947 5861 995 5907 cl
1037 5850 1237 5907 obolos;

2150 4656 2209 4710 Ὀ
2236 4656 2294 4709 δὲ
2331 4654 2539 4722 Ἰησοῦς
2564 4654 2712 4722 λέγει
2740 4654 2945 4716 αὐτοῖς’
2975 4650 3104 4706 Ναί.
3127 4650 3401 4703 Οὐδέποτε
3426 4648 3707 4715 ἀνέγνωτε,

2136 4751 2219 4803 ὅτι
2264 4746 2361 4802 Ἐκ
2388 4749 2660 4817 στόματος
2689 4746 2898 4815 νηπίων
2919 4746 3014 4798 καὶ
3043 4742 3387 4811 θηλαζόντων
3404 4737 3708 4810 κατηρτίσω

2136 4838 2319 4905 αῖνον;
2359 4858 2377 4892 ι
2423 4841 2486 4893 Οἱ
2521 4841 2804 4910 Φαρισαῖοι
2840 4838 3041 4902 ἰδόντες
3083 4839 3211 4899 τοὺς
3244 4836 3439 4898 παῖδας
3481 4826 3709 4901 προσφέο

2140 4950 2335 5005 ροντας
2358 4932 2438 5004 τῷ
2470 4931 2693 5003 Χριστῷ
2727 4931 2820 4985 τὸν
2863 4930 3033 5002 ὕμνον
3062 4930 3158 4983 τοῦ
3189 4927 3353 4981 Δαιῒδ
3371 4967 3386 4991 ,
3412 4925 3471 4978 ὃν
3507 4920 3651 4976 δοκεῖ
3682 4917 3708 4968 ό

2139 5024 2433 5095 προφήτης
2458 5022 2537 5094 τῷ
2566 5022 2686 5093 Θεῷ
2716 5022 3017 5085 ἀναθεῖναι,
3043 5019 3391 5089 διαπρίονται
3418 5014 3494 5085 τῷ
3514 5011 3705 5081 φθόνῳ.

2138 5118 2234 5171 καὶ
2261 5115 2582 5179 κακίζουσιν
2611 5114 2773 5167 αὑτὸν
2794 5113 2870 5176 ὡς
2890 5112 3218 5181 ἀνεχόμενον
3243 5109 3313 5163 τά
3337 5109 3430 5162 τοῦ
3460 5102 3591 5159 Θεοῦ
3624 5098 3707 5152 ἐπ’

2135 5208 2287 5278 αὐτῷ
2311 5206 2587 5277 λέγεσθαι·
2624 5208 2652 5261 ὁ
2677 5206 2755 5271 δὲ,
2782 5204 3113 5259 ἐπιϐεϐαιῶν
3140 5203 3363 5274 μᾶλλον,
3397 5198 3552 5271 φησί’
3582 5194 3702 5248 Ναί.

2138 5298 2406 5353 Τοσοῦτον
2425 5298 2557 5369 γάρ,
2577 5290 2761 5369 φησιν,
2788 5297 2978 5367 ἀπέχω
2993 5296 3086 5349 τοῦ
3101 5292 3450 5364 ἐπιστομίσαι
3474 5289 3597 5349 τοὺς
3626 5283 3706 5337 λέ·

2138 5392 2336 5460 γοντάς
2379 5408 2466 5460 μοι
2505 5390 2700 5454 ταῦτα,
2738 5389 2880 5443 ὥστε
2910 5390 3004 5443 καὶ
3036 5392 3127 5442 τὸν
3159 5390 3449 5460 προφήτην
3478 5378 3702 5450 παράγω

2132 5484 2409 5556 μάρτυρα,
2444 5484 2538 5539 καὶ
2569 5484 2715 5553 ὑμᾶς
2747 5484 3105 5553 ἀποδείκνυμι
3138 5482 3170 5552 ἢ
3199 5477 3486 5552 ἀμαθεῖςῆ
3523 5473 3701 5544 φθονε-

2133 5575 2280 5647 ρούς.
2320 5577 2434 5630 υὺκ
2477 5577 2748 5645 ἀνέγνωτε
2780 5579 2917 5647 γὰρ,
2955 5577 3038 5629 ὅτι
3075 5576 3170 5629 Ἐκ
3205 5576 3470 5644 στόματος
3503 5563 3702 5637 νηπίων

2134 5670 2227 5723 καὶ
2281 5668 2627 5738 θηλαζόντων
2677 5670 2992 5741 κατηρτίσω
3039 5662 3223 5731 αἶνον;
3283 5664 3619 5733 Κατηρτίσω
3648 5654 3701 5710 δδ
