  <div class='ocr_page' id='page_1' title='image "/cluster/home/n/w/nwhite01/storage/ocr_20150623/123/hvd.32044019208198/194.png"; bbox 0 0 4078 6464; ppageno 0'>
   <div class='ocr_carea' id='block_1_1' title="bbox 299 440 404 501">
    <p class='ocr_par' dir='ltr' id='par_1_1' title="bbox 299 440 404 501">
     <span class='ocr_line' id='line_1_1' title="bbox 299 440 404 501; baseline -0.029 0"><span class='ocrx_word' id='word_1_1' title='bbox 299 440 404 501; x_wconf 77' lang='grc' dir='ltr'><strong>3ῖ3</strong></span> 
     </span>
    </p>
   </div>
   <div class='ocr_carea' id='block_1_2' title="bbox 935 429 1896 505">
    <p class='ocr_par' dir='ltr' id='par_1_2' title="bbox 935 429 1896 497">
     <span class='ocr_line' id='line_1_2' title="bbox 935 429 1896 497; baseline 0.008 -9"><span class='ocrx_word' id='word_1_2' title='bbox 935 429 1381 492; x_wconf 67' lang='grc' dir='ltr'><strong>ΕΝΑΒιὶᾹΤίΟ</strong></span> <span class='ocrx_word' id='word_1_3' title='bbox 1418 434 1493 493; x_wconf 71' lang='lat' dir='ltr'><strong>IN</strong></span> <span class='ocrx_word' id='word_1_4' title='bbox 1537 436 1896 497; x_wconf 65' lang='lat' dir='ltr'><strong>E\&#39;.\.\&#39;dEl.J</strong></span> 
     </span>
    </p>
   </div>
   <div class='ocr_carea' id='block_1_3' title="bbox 2001 429 2934 505">
    <p class='ocr_par' dir='ltr' id='par_1_3' title="bbox 2001 440 2934 505">
     <span class='ocr_line' id='line_1_3' title="bbox 2001 440 2934 505; baseline 0.008 -9"><span class='ocrx_word' id='word_1_5' title='bbox 2001 442 2026 499; x_wconf 60' lang='grc' dir='ltr'>τι</span> <span class='ocrx_word' id='word_1_6' title='bbox 2073 440 2453 502; x_wconf 71' lang='grc' dir='ltr'><strong>ΜΑΤΓΠίΕΙ.</strong></span> <span class='ocrx_word' id='word_1_7' title='bbox 2495 469 2560 478; x_wconf 83' lang='grc'><strong><em>-</em></strong></span> <span class='ocrx_word' id='word_1_8' title='bbox 2593 443 2747 505; x_wconf 83' lang='lat' dir='ltr'><strong>CAP.</strong></span> <span class='ocrx_word' id='word_1_9' title='bbox 2780 443 2934 505; x_wconf 81' lang='lat' dir='ltr'><strong>XXI.</strong></span> 
     </span>
    </p>
   </div>
   <div class='ocr_carea' id='block_1_4' title="bbox 3456 439 3563 505">
    <p class='ocr_par' dir='ltr' id='par_1_4' title="bbox 3456 439 3563 505">
     <span class='ocr_line' id='line_1_4' title="bbox 3456 439 3563 505; baseline -0.009 0"><span class='ocrx_word' id='word_1_10' title='bbox 3456 439 3563 505; x_wconf 70' lang='grc'><strong>374</strong></span> 
     </span>
    </p>
   </div>
   <div class='ocr_carea' id='block_1_5' title="bbox 302 549 1896 630">
    <p class='ocr_par' dir='ltr' id='par_1_5' title="bbox 302 549 1879 626">
     <span class='ocr_line' id='line_1_5' title="bbox 302 549 1879 626; baseline 0.002 -21"><span class='ocrx_word' id='word_1_11' title='bbox 302 555 559 626; x_wconf 78' lang='grc' dir='ltr'>σημαίνει</span> <span class='ocrx_word' id='word_1_12' title='bbox 596 551 715 605; x_wconf 73' lang='grc' dir='ltr'>ἀντὶ</span> <span class='ocrx_word' id='word_1_13' title='bbox 735 549 829 604; x_wconf 81' lang='grc' dir='ltr'>τοῦ</span> <span class='ocrx_word' id='word_1_14' title='bbox 858 552 922 604; x_wconf 75' lang='grc' dir='ltr'>Ἀ</span> <span class='ocrx_word' id='word_1_15' title='bbox 936 567 1079 621; x_wconf 86' lang='grc' dir='ltr'>ρτιον</span> <span class='ocrx_word' id='word_1_16' title='bbox 1098 551 1191 605; x_wconf 74' lang='grc' dir='ltr'>καὶ</span> <span class='ocrx_word' id='word_1_17' title='bbox 1224 552 1430 605; x_wconf 78' lang='grc' dir='ltr'>τέλειον</span> <span class='ocrx_word' id='word_1_18' title='bbox 1470 553 1656 614; x_wconf 77' lang='grc' dir='ltr'>ἐδείξω</span> <span class='ocrx_word' id='word_1_19' title='bbox 1690 553 1879 624; x_wconf 78' lang='grc' dir='ltr'>ὕμνον,</span> 
     </span>
    </p>
   </div>
   <div class='ocr_carea' id='block_1_6' title="bbox 2001 549 3563 630">
    <p class='ocr_par' dir='ltr' id='par_1_6' title="bbox 2007 556 3563 630">
     <span class='ocr_line' id='line_1_6' title="bbox 2007 556 3563 630; baseline 0.003 -19"><span class='ocrx_word' id='word_1_20' title='bbox 2007 557 2272 613; x_wconf 66' lang='grc' dir='ltr'>»ειριιιιίειί</span> <span class='ocrx_word' id='word_1_21' title='bbox 2308 556 2539 623; x_wconf 85' lang='lat' dir='ltr'><strong>laudem,</strong></span> <span class='ocrx_word' id='word_1_22' title='bbox 2571 559 2781 615; x_wconf 85' lang='lat' dir='ltr'><strong>etlamsi</strong></span> <span class='ocrx_word' id='word_1_23' title='bbox 2818 557 2895 614; x_wconf 88' lang='lat' dir='ltr'><strong>illi</strong></span> <span class='ocrx_word' id='word_1_24' title='bbox 2932 567 3149 630; x_wconf 81' lang='lat' dir='ltr'><strong>prOpter</strong></span> <span class='ocrx_word' id='word_1_25' title='bbox 3182 565 3394 615; x_wconf 73' lang='lat' dir='ltr'><strong>tetatem</strong></span> <span class='ocrx_word' id='word_1_26' title='bbox 3455 559 3563 615; x_wconf 87' lang='lat' dir='ltr'><strong>im-</strong></span> 
     </span>
    </p>
   </div>
   <div class='ocr_carea' id='block_1_7' title="bbox 300 643 1881 717">
    <p class='ocr_par' dir='ltr' id='par_1_7' title="bbox 300 643 1881 717">
     <span class='ocr_line' id='line_1_7' title="bbox 300 643 1881 717; baseline -0.003 -14"><span class='ocrx_word' id='word_1_27' title='bbox 300 650 407 703; x_wconf 72' lang='grc' dir='ltr'><strong>κᾶν</strong></span> <span class='ocrx_word' id='word_1_28' title='bbox 428 649 631 701; x_wconf 66' lang='grc' dir='ltr'>ἐκεῖνοι</span> <span class='ocrx_word' id='word_1_29' title='bbox 657 643 866 705; x_wconf 78' lang='grc' dir='ltr'><strong>ἀτελεῖς</strong></span> <span class='ocrx_word' id='word_1_30' title='bbox 891 644 1090 697; x_wconf 88' lang='grc' dir='ltr'>δοκῶσι</span> <span class='ocrx_word' id='word_1_31' title='bbox 1119 643 1217 715; x_wconf 80' lang='grc' dir='ltr'>τὴν</span> <span class='ocrx_word' id='word_1_32' title='bbox 1243 644 1477 715; x_wconf 82' lang='grc' dir='ltr'>ἡλικίαν.</span> <span class='ocrx_word' id='word_1_33' title='bbox 1513 646 1587 698; x_wconf 78' lang='grc' dir='ltr'>Οὐ</span> <span class='ocrx_word' id='word_1_34' title='bbox 1615 646 1720 717; x_wconf 84' lang='grc' dir='ltr'>γὰρ</span> <span class='ocrx_word' id='word_1_35' title='bbox 1749 647 1881 699; x_wconf 82' lang='grc' dir='ltr'>ἐκεῖ·</span> 
     </span>
    </p>
   </div>
   <div class='ocr_carea' id='block_1_8' title="bbox 300 732 1884 804">
    <p class='ocr_par' dir='ltr' id='par_1_8' title="bbox 300 732 1884 804">
     <span class='ocr_line' id='line_1_8' title="bbox 300 732 1884 804; baseline -0.003 -12"><span class='ocrx_word' id='word_1_36' title='bbox 300 756 382 792; x_wconf 81' lang='grc' dir='ltr'><strong>νοι</strong></span> <span class='ocrx_word' id='word_1_37' title='bbox 417 738 607 804; x_wconf 78' lang='grc' dir='ltr'>ελεγον</span> <span class='ocrx_word' id='word_1_38' title='bbox 637 735 673 789; x_wconf 71' lang='grc' dir='ltr'>ἃ</span> <span class='ocrx_word' id='word_1_39' title='bbox 702 733 920 801; x_wconf 67' lang='grc' dir='ltr'>ἔλεγον,</span> <span class='ocrx_word' id='word_1_40' title='bbox 951 732 1086 786; x_wconf 82' lang='grc' dir='ltr'><strong>ἀλλά</strong></span> <span class='ocrx_word' id='word_1_41' title='bbox 1115 733 1175 785; x_wconf 82' lang='grc' dir='ltr'>τὸ</span> <span class='ocrx_word' id='word_1_42' title='bbox 1204 734 1378 803; x_wconf 82' lang='grc' dir='ltr'><strong>στόμα</strong></span> <span class='ocrx_word' id='word_1_43' title='bbox 1411 735 1571 804; x_wconf 90' lang='grc' dir='ltr'>μόνον</span> <span class='ocrx_word' id='word_1_44' title='bbox 1592 734 1884 800; x_wconf 82' lang='grc' dir='ltr'><strong>δεδωκότες</strong></span> 
     </span>
    </p>
   </div>
   <div class='ocr_carea' id='block_1_9' title="bbox 301 820 1885 903">
    <p class='ocr_par' dir='ltr' id='par_1_9' title="bbox 301 820 1885 903">
     <span class='ocr_line' id='line_1_9' title="bbox 301 820 1885 903; baseline -0.005 -17"><span class='ocrx_word' id='word_1_45' title='bbox 301 833 380 903; x_wconf 83' lang='grc' dir='ltr'>τῷ</span> <span class='ocrx_word' id='word_1_46' title='bbox 407 831 713 899; x_wconf 83' lang='grc' dir='ltr'>Πνεύματι,</span> <span class='ocrx_word' id='word_1_47' title='bbox 740 827 946 898; x_wconf 71' lang='grc' dir='ltr'>ὄργανα</span> <span class='ocrx_word' id='word_1_48' title='bbox 961 820 1100 895; x_wconf 73' lang='grc' dir='ltr'>ἦσαν</span> <span class='ocrx_word' id='word_1_49' title='bbox 1124 824 1351 879; x_wconf 76' lang='grc' dir='ltr'>ἐκείνου.</span> <span class='ocrx_word' id='word_1_50' title='bbox 1374 826 1470 879; x_wconf 73' lang='grc' dir='ltr'><strong>Διὰ</strong></span> <span class='ocrx_word' id='word_1_51' title='bbox 1497 826 1653 880; x_wconf 82' lang='grc' dir='ltr'>τοῦτο</span> <span class='ocrx_word' id='word_1_52' title='bbox 1675 826 1767 881; x_wconf 72' lang='grc' dir='ltr'>οὖν</span> <span class='ocrx_word' id='word_1_53' title='bbox 1783 844 1885 896; x_wconf 76' lang='grc' dir='ltr'>φη·</span> 
     </span>
    </p>
   </div>
   <div class='ocr_carea' id='block_1_10' title="bbox 300 915 1884 988">
    <p class='ocr_par' dir='ltr' id='par_1_10' title="bbox 300 915 1884 988">
     <span class='ocr_line' id='line_1_10' title="bbox 300 915 1884 988; baseline -0.004 -12"><span class='ocrx_word' id='word_1_54' title='bbox 300 941 407 976; x_wconf 87' lang='grc' dir='ltr'>σιν·</span> <span class='ocrx_word' id='word_1_55' title='bbox 446 923 542 975; x_wconf 84' lang='grc' dir='ltr'>Ἐκ</span> <span class='ocrx_word' id='word_1_56' title='bbox 557 919 826 988; x_wconf 87' lang='grc' dir='ltr'>στόματος</span> <span class='ocrx_word' id='word_1_57' title='bbox 849 916 1078 986; x_wconf 81' lang='grc' dir='ltr'>νηπίων,</span> <span class='ocrx_word' id='word_1_58' title='bbox 1104 915 1466 985; x_wconf 75' lang='grc' dir='ltr'><strong>αἰνιττόμενος</strong></span> <span class='ocrx_word' id='word_1_59' title='bbox 1481 915 1556 979; x_wconf 83' lang='grc' dir='ltr'><strong>ὡς</strong></span> <span class='ocrx_word' id='word_1_60' title='bbox 1576 917 1637 969; x_wconf 83' lang='grc' dir='ltr'>οὐ</span> <span class='ocrx_word' id='word_1_61' title='bbox 1668 916 1766 987; x_wconf 83' lang='grc' dir='ltr'>τῆς</span> <span class='ocrx_word' id='word_1_62' title='bbox 1783 917 1884 970; x_wconf 80' lang='grc' dir='ltr'><strong>αὐ-</strong></span> 
     </span>
    </p>
   </div>
   <div class='ocr_carea' id='block_1_11' title="bbox 298 1007 1883 1081">
    <p class='ocr_par' dir='ltr' id='par_1_11' title="bbox 298 1007 1883 1081">
     <span class='ocr_line' id='line_1_11' title="bbox 298 1007 1883 1081; baseline -0.004 -11"><span class='ocrx_word' id='word_1_63' title='bbox 298 1017 410 1070; x_wconf 83' lang='grc' dir='ltr'><strong>τῶν</strong></span> <span class='ocrx_word' id='word_1_64' title='bbox 425 1012 662 1077; x_wconf 75' lang='grc' dir='ltr'>διανοίας</span> <span class='ocrx_word' id='word_1_65' title='bbox 677 1007 816 1081; x_wconf 77' lang='grc' dir='ltr'>ἦσαν</span> <span class='ocrx_word' id='word_1_66' title='bbox 835 1011 901 1064; x_wconf 76' lang='grc' dir='ltr'>τὰ</span> <span class='ocrx_word' id='word_1_67' title='bbox 919 1012 1160 1081; x_wconf 69' lang='grc' dir='ltr'>ῥήματα,</span> <span class='ocrx_word' id='word_1_68' title='bbox 1182 1008 1315 1063; x_wconf 73' lang='grc' dir='ltr'>ἀλλὰ</span> <span class='ocrx_word' id='word_1_69' title='bbox 1338 1008 1601 1078; x_wconf 85' lang='grc' dir='ltr'>μόνουτοῦ</span> <span class='ocrx_word' id='word_1_70' title='bbox 1622 1010 1883 1080; x_wconf 86' lang='grc' dir='ltr'>στόματος</span> 
     </span>
    </p>
   </div>
   <div class='ocr_carea' id='block_1_12' title="bbox 301 1099 1884 1179">
    <p class='ocr_par' dir='ltr' id='par_1_12' title="bbox 301 1099 1884 1179">
     <span class='ocr_line' id='line_1_12' title="bbox 301 1099 1884 1179; baseline -0.003 -20"><span class='ocrx_word' id='word_1_71' title='bbox 301 1107 428 1179; x_wconf 74' lang='grc' dir='ltr'>θείᾳ</span> <span class='ocrx_word' id='word_1_72' title='bbox 475 1105 663 1176; x_wconf 83' lang='grc' dir='ltr'>χάριτι</span> <span class='ocrx_word' id='word_1_73' title='bbox 696 1102 1017 1171; x_wconf 73' lang='grc' dir='ltr'><strong>κινουμένου</strong></span> <span class='ocrx_word' id='word_1_74' title='bbox 1038 1116 1053 1131; x_wconf 84' lang='lat'>&#39;</span> <span class='ocrx_word' id='word_1_75' title='bbox 1100 1101 1366 1170; x_wconf 79' lang='grc' dir='ltr'><strong>ἐσήμαινε</strong></span> <span class='ocrx_word' id='word_1_76' title='bbox 1393 1099 1452 1153; x_wconf 78' lang='grc' dir='ltr'>δὲ</span> <span class='ocrx_word' id='word_1_77' title='bbox 1486 1100 1643 1154; x_wconf 78' lang='grc' dir='ltr'>τοῦτο</span> <span class='ocrx_word' id='word_1_78' title='bbox 1678 1102 1759 1155; x_wconf 84' lang='grc' dir='ltr'>ὅτι</span> <span class='ocrx_word' id='word_1_79' title='bbox 1787 1101 1884 1155; x_wconf 81' lang='grc' dir='ltr'>καὶ</span> 
     </span>
    </p>
   </div>
   <div class='ocr_carea' id='block_1_13' title="bbox 303 1192 1883 1265">
    <p class='ocr_par' dir='ltr' id='par_1_13' title="bbox 303 1192 1883 1265">
     <span class='ocr_line' id='line_1_13' title="bbox 303 1192 1883 1265; baseline -0.006 -10"><span class='ocrx_word' id='word_1_80' title='bbox 303 1201 418 1255; x_wconf 77' lang='grc' dir='ltr'>ἀπὸ</span> <span class='ocrx_word' id='word_1_81' title='bbox 448 1200 558 1254; x_wconf 89' lang='grc' dir='ltr'><strong>τῶν</strong></span> <span class='ocrx_word' id='word_1_82' title='bbox 593 1197 767 1252; x_wconf 83' lang='grc' dir='ltr'>ὲθνῶν</span> <span class='ocrx_word' id='word_1_83' title='bbox 788 1196 900 1250; x_wconf 89' lang='grc' dir='ltr'><strong>τῶν</strong></span> <span class='ocrx_word' id='word_1_84' title='bbox 928 1194 1138 1265; x_wconf 84' lang='grc' dir='ltr'><strong>νηπίων</strong></span> <span class='ocrx_word' id='word_1_85' title='bbox 1167 1194 1263 1247; x_wconf 67' lang='grc' dir='ltr'><strong>καλ⁵</strong></span> <span class='ocrx_word' id='word_1_86' title='bbox 1291 1192 1490 1263; x_wconf 84' lang='grc' dir='ltr'>μωρῶν</span> <span class='ocrx_word' id='word_1_87' title='bbox 1521 1192 1883 1264; x_wconf 80' lang='grc' dir='ltr'>εὐλογηθήσε-</span> 
     </span>
    </p>
   </div>
   <div class='ocr_carea' id='block_1_14' title="bbox 301 1281 1882 1355">
    <p class='ocr_par' dir='ltr' id='par_1_14' title="bbox 301 1281 1882 1355">
     <span class='ocr_line' id='line_1_14' title="bbox 301 1281 1882 1355; baseline -0.006 -10"><span class='ocrx_word' id='word_1_88' title='bbox 301 1311 417 1346; x_wconf 87' lang='grc' dir='ltr'>ται.</span> <span class='ocrx_word' id='word_1_89' title='bbox 454 1291 565 1344; x_wconf 67' lang='grc' dir='ltr'><strong>Καὶ</strong></span> <span class='ocrx_word' id='word_1_90' title='bbox 585 1290 693 1342; x_wconf 75' lang='grc' dir='ltr'><strong>⁶τῶν</strong></span> <span class='ocrx_word' id='word_1_91' title='bbox 723 1286 1035 1342; x_wconf 77' lang='grc' dir='ltr'>ἀποστόλων</span> <span class='ocrx_word' id='word_1_92' title='bbox 1067 1286 1125 1340; x_wconf 78' lang='grc' dir='ltr'>δὲ</span> <span class='ocrx_word' id='word_1_93' title='bbox 1156 1283 1477 1355; x_wconf 81' lang='grc' dir='ltr'>παραμυθία</span> <span class='ocrx_word' id='word_1_94' title='bbox 1502 1281 1572 1355; x_wconf 79' lang='grc' dir='ltr'>ἧν</span> <span class='ocrx_word' id='word_1_95' title='bbox 1599 1283 1775 1347; x_wconf 74' lang='grc' dir='ltr'>τοῦῑο,</span> <span class='ocrx_word' id='word_1_96' title='bbox 1800 1287 1882 1338; x_wconf 82' lang='grc' dir='ltr'>ὅτι</span> 
     </span>
    </p>
   </div>
   <div class='ocr_carea' id='block_1_15' title="bbox 298 1369 1879 1450">
    <p class='ocr_par' dir='ltr' id='par_1_15' title="bbox 298 1369 1879 1450">
     <span class='ocr_line' id='line_1_15' title="bbox 298 1369 1879 1450; baseline -0.004 -16"><span class='ocrx_word' id='word_1_97' title='bbox 298 1380 591 1450; x_wconf 76' lang='grc' dir='ltr'>δοθήσεται</span> <span class='ocrx_word' id='word_1_98' title='bbox 625 1379 718 1432; x_wconf 74' lang='grc' dir='ltr'>καὶ</span> <span class='ocrx_word' id='word_1_99' title='bbox 742 1378 922 1439; x_wconf 86' lang='grc' dir='ltr'>αὐτοῖς</span> <span class='ocrx_word' id='word_1_100' title='bbox 943 1377 1121 1444; x_wconf 74' lang='grc' dir='ltr'>λόγος,</span> <span class='ocrx_word' id='word_1_101' title='bbox 1154 1374 1257 1428; x_wconf 76' lang='grc' dir='ltr'><strong>κᾶν</strong></span> <span class='ocrx_word' id='word_1_102' title='bbox 1284 1375 1498 1441; x_wconf 59' lang='grc' dir='ltr'>ἀφελεῖς</span> <span class='ocrx_word' id='word_1_103' title='bbox 1522 1369 1642 1429; x_wconf 76' lang='grc' dir='ltr'>ὦσι.</span> <span class='ocrx_word' id='word_1_104' title='bbox 1682 1378 1788 1428; x_wconf 67' lang='grc' dir='ltr'><strong>Καὶ</strong></span> <span class='ocrx_word' id='word_1_105' title='bbox 1815 1376 1879 1428; x_wconf 82' lang='grc' dir='ltr'>σὺ</span> 
     </span>
    </p>
   </div>
   <div class='ocr_carea' id='block_1_16' title="bbox 298 1467 1883 1542">
    <p class='ocr_par' dir='ltr' id='par_1_16' title="bbox 298 1467 1883 1542">
     <span class='ocr_line' id='line_1_16' title="bbox 298 1467 1883 1542; baseline -0.003 -15"><span class='ocrx_word' id='word_1_106' title='bbox 298 1472 360 1527; x_wconf 72' lang='grc' dir='ltr'>δὲ</span> <span class='ocrx_word' id='word_1_107' title='bbox 396 1474 494 1526; x_wconf 76' lang='grc' dir='ltr'><strong>ἐὰν</strong></span> <span class='ocrx_word' id='word_1_108' title='bbox 530 1470 805 1542; x_wconf 75' lang='grc' dir='ltr'>νηπιάζῃς</span> <span class='ocrx_word' id='word_1_109' title='bbox 842 1472 908 1541; x_wconf 75' lang='grc' dir='ltr'><strong>τῇ</strong></span> <span class='ocrx_word' id='word_1_110' title='bbox 940 1470 1109 1540; x_wconf 74' lang='grc' dir='ltr'>κακίᾳ</span> <span class='ocrx_word' id='word_1_111' title='bbox 1142 1468 1347 1529; x_wconf 80' lang='grc' dir='ltr'>ἄκακος</span> <span class='ocrx_word' id='word_1_112' title='bbox 1384 1467 1479 1534; x_wconf 86' lang='grc' dir='ltr'>ὣν,</span> <span class='ocrx_word' id='word_1_113' title='bbox 1513 1468 1607 1521; x_wconf 80' lang='grc' dir='ltr'>καὶ</span> <span class='ocrx_word' id='word_1_114' title='bbox 1644 1467 1883 1542; x_wconf 72' lang='grc' dir='ltr'>θηλάζῃς</span> 
     </span>
    </p>
   </div>
   <div class='ocr_carea' id='block_1_17' title="bbox 298 1559 1881 1633">
    <p class='ocr_par' dir='ltr' id='par_1_17' title="bbox 298 1559 1881 1633">
     <span class='ocr_line' id='line_1_17' title="bbox 298 1559 1881 1633; baseline -0.004 -16"><span class='ocrx_word' id='word_1_115' title='bbox 298 1565 361 1617; x_wconf 77' lang='grc' dir='ltr'>τὸ</span> <span class='ocrx_word' id='word_1_116' title='bbox 397 1561 773 1633; x_wconf 67' lang='grc' dir='ltr'>πνευματικὸν</span> <span class='ocrx_word' id='word_1_117' title='bbox 818 1561 980 1628; x_wconf 73' lang='grc' dir='ltr'>γάλα.</span> <span class='ocrx_word' id='word_1_118' title='bbox 1027 1560 1095 1613; x_wconf 80' lang='grc' dir='ltr'><strong>τὰ</strong></span> <span class='ocrx_word' id='word_1_119' title='bbox 1143 1559 1260 1612; x_wconf 68' lang='grc' dir='ltr'>θεῖα</span> <span class='ocrx_word' id='word_1_120' title='bbox 1295 1560 1471 1627; x_wconf 81' lang='grc' dir='ltr'>λόγια,</span> <span class='ocrx_word' id='word_1_121' title='bbox 1513 1559 1636 1612; x_wconf 85' lang='grc' dir='ltr'>τότε</span> <span class='ocrx_word' id='word_1_122' title='bbox 1676 1560 1881 1631; x_wconf 74' lang='grc' dir='ltr'>γενήσῃ</span> 
     </span>
    </p>
   </div>
   <div class='ocr_carea' id='block_1_18' title="bbox 297 1652 1087 1723">
    <p class='ocr_par' dir='ltr' id='par_1_18' title="bbox 297 1652 1087 1723">
     <span class='ocr_line' id='line_1_18' title="bbox 297 1652 1087 1723; baseline -0.006 -14"><span class='ocrx_word' id='word_1_123' title='bbox 297 1655 455 1720; x_wconf 71' lang='grc' dir='ltr'>ἄξιος</span> <span class='ocrx_word' id='word_1_124' title='bbox 479 1654 574 1707; x_wconf 81' lang='grc' dir='ltr'>τοῦ</span> <span class='ocrx_word' id='word_1_125' title='bbox 601 1654 789 1723; x_wconf 78' lang='grc' dir='ltr'>ὑμνεῖν</span> <span class='ocrx_word' id='word_1_126' title='bbox 817 1653 906 1706; x_wconf 78' lang='grc' dir='ltr'>τὸν</span> <span class='ocrx_word' id='word_1_127' title='bbox 933 1652 1087 1704; x_wconf 80' lang='grc' dir='ltr'>Θεόν.</span> 
     </span>
    </p>
   </div>
   <div class='ocr_carea' id='block_1_19' title="bbox 381 1736 1883 1815">
    <p class='ocr_par' dir='ltr' id='par_1_19' title="bbox 381 1736 1883 1815">
     <span class='ocr_line' id='line_1_19' title="bbox 381 1736 1883 1815; baseline -0.004 -13"><span class='ocrx_word' id='word_1_128' title='bbox 381 1736 419 1801; x_wconf 67' lang='grc' dir='ltr'>ι’</span> <span class='ocrx_word' id='word_1_129' title='bbox 442 1750 552 1802; x_wconf 78' lang='grc' dir='ltr'><strong>Καὶ</strong></span> <span class='ocrx_word' id='word_1_130' title='bbox 583 1743 896 1800; x_wconf 80' lang='grc' dir='ltr'>καταλιπὼν</span> <span class='ocrx_word' id='word_1_131' title='bbox 926 1744 1122 1808; x_wconf 79' lang='grc' dir='ltr'>αὐτοὺς</span> <span class='ocrx_word' id='word_1_132' title='bbox 1153 1745 1375 1815; x_wconf 78' lang='grc' dir='ltr'>ἐξῆλθεν</span> <span class='ocrx_word' id='word_1_133' title='bbox 1403 1744 1508 1810; x_wconf 78' lang='grc' dir='ltr'><strong>ἔξω</strong></span> <span class='ocrx_word' id='word_1_134' title='bbox 1545 1746 1641 1813; x_wconf 81' lang='grc' dir='ltr'>τῆς</span> <span class='ocrx_word' id='word_1_135' title='bbox 1676 1746 1883 1807; x_wconf 84' lang='grc' dir='ltr'>πόλεως</span> 
     </span>
    </p>
   </div>
   <div class='ocr_carea' id='block_1_20' title="bbox 298 1836 1883 1910">
    <p class='ocr_par' dir='ltr' id='par_1_20' title="bbox 298 1836 1883 1910">
     <span class='ocr_line' id='line_1_20' title="bbox 298 1836 1883 1910; baseline -0.003 -16"><span class='ocrx_word' id='word_1_136' title='bbox 298 1841 385 1905; x_wconf 77' lang='grc' dir='ltr'><strong>είς</strong></span> <span class='ocrx_word' id='word_1_137' title='bbox 431 1841 732 1906; x_wconf 77' lang='grc' dir='ltr'>Βηθανίαν,</span> <span class='ocrx_word' id='word_1_138' title='bbox 763 1840 858 1895; x_wconf 72' lang='grc' dir='ltr'>καὶ</span> <span class='ocrx_word' id='word_1_139' title='bbox 904 1838 1136 1910; x_wconf 78' lang='grc' dir='ltr'><strong>ηὐλίσθη</strong></span> <span class='ocrx_word' id='word_1_140' title='bbox 1185 1839 1320 1891; x_wconf 76' lang='grc' dir='ltr'>ἐκεῖ.</span> <span class='ocrx_word' id='word_1_141' title='bbox 1363 1857 1381 1889; x_wconf 73' lang='grc' dir='ltr'><strong>ι</strong></span> <span class='ocrx_word' id='word_1_142' title='bbox 1445 1838 1743 1907; x_wconf 82' lang='grc' dir='ltr'>Ἀναχωρεῑ</span> <span class='ocrx_word' id='word_1_143' title='bbox 1777 1836 1883 1889; x_wconf 72' lang='grc' dir='ltr'><strong>ἀπὸ</strong></span> 
     </span>
    </p>
   </div>
   <div class='ocr_carea' id='block_1_21' title="bbox 1990 648 3563 719">
    <p class='ocr_par' dir='ltr' id='par_1_21' title="bbox 1990 648 3563 719">
     <span class='ocr_line' id='line_1_21' title="bbox 1990 648 3563 719; baseline -0.001 -15"><span class='ocrx_word' id='word_1_144' title='bbox 1990 648 2213 719; x_wconf 81' lang='lat' dir='ltr'><strong>perfecti</strong></span> <span class='ocrx_word' id='word_1_145' title='bbox 2255 660 2309 704; x_wconf 88' lang='lat' dir='ltr'><strong>et</strong></span> <span class='ocrx_word' id='word_1_146' title='bbox 2356 650 2489 705; x_wconf 81' lang='lat' dir='ltr'><strong>viles</strong></span> <span class='ocrx_word' id='word_1_147' title='bbox 2517 651 2820 707; x_wconf 83' lang='lat' dir='ltr'><strong>videamur.</strong></span> <span class='ocrx_word' id='word_1_148' title='bbox 2863 650 2977 708; x_wconf 78' lang='lat' dir='ltr'><strong>Non</strong></span> <span class='ocrx_word' id='word_1_149' title='bbox 3013 652 3157 708; x_wconf 91' lang='lat' dir='ltr'><strong>enim</strong></span> <span class='ocrx_word' id='word_1_150' title='bbox 3203 651 3275 705; x_wconf 83' lang='lat' dir='ltr'><strong>illi</strong></span> <span class='ocrx_word' id='word_1_151' title='bbox 3308 650 3563 706; x_wconf 81' lang='lat' dir='ltr'><strong>dicebant</strong></span> 
     </span>
    </p>
   </div>
   <div class='ocr_carea' id='block_1_22' title="bbox 1990 741 3560 813">
    <p class='ocr_par' dir='ltr' id='par_1_22' title="bbox 1990 741 3560 813">
     <span class='ocr_line' id='line_1_22' title="bbox 1990 741 3560 813; baseline 0.004 -23"><span class='ocrx_word' id='word_1_152' title='bbox 1990 753 2108 811; x_wconf 64' lang='lat' dir='ltr'><strong>quae</strong></span> <span class='ocrx_word' id='word_1_153' title='bbox 2132 741 2402 805; x_wconf 86' lang='lat' dir='ltr'><strong>dicebant.</strong></span> <span class='ocrx_word' id='word_1_154' title='bbox 2432 745 2524 799; x_wconf 90' lang='lat' dir='ltr'><strong>sed</strong></span> <span class='ocrx_word' id='word_1_155' title='bbox 2542 759 2601 798; x_wconf 93' lang='lat' dir='ltr'><strong>os</strong></span> <span class='ocrx_word' id='word_1_156' title='bbox 2634 744 2804 799; x_wconf 92' lang='lat' dir='ltr'><strong>solum</strong></span> <span class='ocrx_word' id='word_1_157' title='bbox 2825 744 3294 799; x_wconf 75' lang='lat' dir='ltr'><strong>accommodantes</strong></span> <span class='ocrx_word' id='word_1_158' title='bbox 3316 741 3560 813; x_wconf 75' lang='lat' dir='ltr'><strong>Spiritui,</strong></span> 
     </span>
    </p>
   </div>
   <div class='ocr_carea' id='block_1_23' title="bbox 1989 832 3561 902">
    <p class='ocr_par' dir='ltr' id='par_1_23' title="bbox 1989 832 3561 902">
     <span class='ocr_line' id='line_1_23' title="bbox 1989 832 3561 902; baseline 0.001 -15"><span class='ocrx_word' id='word_1_159' title='bbox 1989 847 2188 902; x_wconf 78' lang='lat' dir='ltr'><strong>organa</strong></span> <span class='ocrx_word' id='word_1_160' title='bbox 2210 832 2326 902; x_wconf 82' lang='lat' dir='ltr'><strong>ejus</strong></span> <span class='ocrx_word' id='word_1_161' title='bbox 2357 834 2592 889; x_wconf 79' lang='lat' dir='ltr'><strong>fuerunt.</strong></span> <span class='ocrx_word' id='word_1_162' title='bbox 2622 833 2688 889; x_wconf 87' lang='lat' dir='ltr'><strong>Et</strong></span> <span class='ocrx_word' id='word_1_163' title='bbox 2714 835 2917 891; x_wconf 90' lang='lat' dir='ltr'><strong>idcirco</strong></span> <span class='ocrx_word' id='word_1_164' title='bbox 2944 835 3073 890; x_wconf 89' lang='lat' dir='ltr'><strong>dicit</strong></span> <span class='ocrx_word' id='word_1_165' title='bbox 3107 854 3121 890; x_wconf 88' lang='lat'><strong>:</strong></span> <span class='ocrx_word' id='word_1_166' title='bbox 3153 834 3225 890; x_wconf 79' lang='lat' dir='ltr'><strong>Ex</strong></span> <span class='ocrx_word' id='word_1_167' title='bbox 3251 851 3344 890; x_wconf 91' lang='lat' dir='ltr'><strong>ore</strong></span> <span class='ocrx_word' id='word_1_168' title='bbox 3380 834 3561 889; x_wconf 77' lang='lat' dir='ltr'><strong>infan-</strong></span> 
     </span>
    </p>
   </div>
   <div class='ocr_carea' id='block_1_24' title="bbox 1992 927 3562 996">
    <p class='ocr_par' dir='ltr' id='par_1_24' title="bbox 1992 927 3562 996">
     <span class='ocr_line' id='line_1_24' title="bbox 1992 927 3562 996; baseline 0 -17"><span class='ocrx_word' id='word_1_169' title='bbox 1992 927 2146 994; x_wconf 86' lang='lat' dir='ltr'><strong>lium,</strong></span> <span class='ocrx_word' id='word_1_170' title='bbox 2178 928 2409 982; x_wconf 89' lang='lat' dir='ltr'><strong>innuens</strong></span> <span class='ocrx_word' id='word_1_171' title='bbox 2439 929 2580 996; x_wconf 73' lang='lat' dir='ltr'><strong>quod</strong></span> <span class='ocrx_word' id='word_1_172' title='bbox 2609 943 2670 984; x_wconf 90' lang='lat' dir='ltr'><strong>ea</strong></span> <span class='ocrx_word' id='word_1_173' title='bbox 2707 929 2868 983; x_wconf 79' lang='lat' dir='ltr'><strong>verba</strong></span> <span class='ocrx_word' id='word_1_174' title='bbox 2912 943 3015 983; x_wconf 93' lang='lat' dir='ltr'><strong>non</strong></span> <span class='ocrx_word' id='word_1_175' title='bbox 3046 928 3111 981; x_wconf 86' lang='lat' dir='ltr'><strong>ah</strong></span> <span class='ocrx_word' id='word_1_176' title='bbox 3140 927 3353 982; x_wconf 87' lang='lat' dir='ltr'><strong>illorum</strong></span> <span class='ocrx_word' id='word_1_177' title='bbox 3384 935 3562 982; x_wconf 86' lang='lat' dir='ltr'><strong>mente</strong></span> 
     </span>
    </p>
   </div>
   <div class='ocr_carea' id='block_1_25' title="bbox 1989 1018 3560 1090">
    <p class='ocr_par' dir='ltr' id='par_1_25' title="bbox 1989 1018 3560 1090">
     <span class='ocr_line' id='line_1_25' title="bbox 1989 1018 3560 1090; baseline 0.001 -20"><span class='ocrx_word' id='word_1_178' title='bbox 1989 1018 2365 1087; x_wconf 87' lang='lat' dir='ltr'><strong>procederent,</strong></span> <span class='ocrx_word' id='word_1_179' title='bbox 2400 1020 2494 1075; x_wconf 87' lang='lat' dir='ltr'><strong>sed</strong></span> <span class='ocrx_word' id='word_1_180' title='bbox 2525 1021 2666 1090; x_wconf 91' lang='lat' dir='ltr'><strong>quod</strong></span> <span class='ocrx_word' id='word_1_181' title='bbox 2697 1036 2760 1076; x_wconf 90' lang='lat' dir='ltr'><strong>os</strong></span> <span class='ocrx_word' id='word_1_182' title='bbox 2790 1019 2963 1076; x_wconf 87' lang='lat' dir='ltr'><strong>solum</strong></span> <span class='ocrx_word' id='word_1_183' title='bbox 3010 1020 3187 1073; x_wconf 86' lang='lat' dir='ltr'><strong>divina</strong></span> <span class='ocrx_word' id='word_1_184' title='bbox 3233 1019 3403 1088; x_wconf 81' lang='lat' dir='ltr'><strong>gratia</strong></span> <span class='ocrx_word' id='word_1_185' title='bbox 3447 1036 3560 1072; x_wconf 87' lang='lat' dir='ltr'><strong>mu-</strong></span> 
     </span>
    </p>
   </div>
   <div class='ocr_carea' id='block_1_26' title="bbox 1989 1109 3560 1182">
    <p class='ocr_par' dir='ltr' id='par_1_26' title="bbox 1989 1109 3560 1182">
     <span class='ocr_line' id='line_1_26' title="bbox 1989 1109 3560 1182; baseline 0.001 -19"><span class='ocrx_word' id='word_1_186' title='bbox 1989 1110 2233 1166; x_wconf 81' lang='lat' dir='ltr'><strong>vehatttr.</strong></span> <span class='ocrx_word' id='word_1_187' title='bbox 2286 1111 2637 1182; x_wconf 80' lang='lat' dir='ltr'><strong>Signiﬁcatur</strong></span> <span class='ocrx_word' id='word_1_188' title='bbox 2683 1114 2808 1166; x_wconf 85' lang='lat' dir='ltr'><strong>item</strong></span> <span class='ocrx_word' id='word_1_189' title='bbox 2850 1114 2994 1180; x_wconf 88' lang='lat' dir='ltr'><strong>quod</strong></span> <span class='ocrx_word' id='word_1_190' title='bbox 3047 1128 3076 1165; x_wconf 88' lang='lat' dir='ltr'><strong>a</strong></span> <span class='ocrx_word' id='word_1_191' title='bbox 3122 1109 3399 1182; x_wconf 80' lang='lat' dir='ltr'><strong>gentibus,</strong></span> <span class='ocrx_word' id='word_1_192' title='bbox 3442 1124 3560 1179; x_wconf 73' lang='lat' dir='ltr'><strong>qua:</strong></span> 
     </span>
    </p>
   </div>
   <div class='ocr_carea' id='block_1_27' title="bbox 1990 1201 3563 1271">
    <p class='ocr_par' dir='ltr' id='par_1_27' title="bbox 1990 1201 3563 1271">
     <span class='ocr_line' id='line_1_27' title="bbox 1990 1201 3563 1271; baseline -0.003 -15"><span class='ocrx_word' id='word_1_193' title='bbox 1990 1201 2261 1270; x_wconf 72' lang='lat' dir='ltr'><strong>simplices</strong></span> <span class='ocrx_word' id='word_1_194' title='bbox 2290 1212 2343 1256; x_wconf 93' lang='lat' dir='ltr'><strong>et</strong></span> <span class='ocrx_word' id='word_1_195' title='bbox 2372 1204 2548 1259; x_wconf 70' lang='lat' dir='ltr'><strong>stulta:</strong></span> <span class='ocrx_word' id='word_1_196' title='bbox 2589 1216 2742 1258; x_wconf 79' lang='lat' dir='ltr'><strong>erant</strong></span> <span class='ocrx_word' id='word_1_197' title='bbox 2763 1246 2776 1271; x_wconf 92' lang='lat'><strong>,</strong></span> <span class='ocrx_word' id='word_1_198' title='bbox 2806 1203 3205 1259; x_wconf 73' lang='lat' dir='ltr'><strong>benedicendus</strong></span> <span class='ocrx_word' id='word_1_199' title='bbox 3236 1212 3398 1256; x_wconf 84' lang='lat' dir='ltr'><strong>esset.</strong></span> <span class='ocrx_word' id='word_1_200' title='bbox 3436 1201 3563 1254; x_wconf 71' lang='lat' dir='ltr'><strong>Esat</strong></span> 
     </span>
    </p>
   </div>
   <div class='ocr_carea' id='block_1_28' title="bbox 1990 1291 3561 1365">
    <p class='ocr_par' dir='ltr' id='par_1_28' title="bbox 1990 1291 3561 1365">
     <span class='ocr_line' id='line_1_28' title="bbox 1990 1291 3561 1365; baseline -0.003 -17"><span class='ocrx_word' id='word_1_201' title='bbox 1990 1305 2167 1348; x_wconf 85' lang='lat' dir='ltr'><strong>autem</strong></span> <span class='ocrx_word' id='word_1_202' title='bbox 2198 1305 2250 1349; x_wconf 89' lang='lat' dir='ltr'><strong>et</strong></span> <span class='ocrx_word' id='word_1_203' title='bbox 2298 1295 2397 1349; x_wconf 90' lang='lat' dir='ltr'><strong>hoc</strong></span> <span class='ocrx_word' id='word_1_204' title='bbox 2430 1297 2688 1365; x_wconf 84' lang='lat' dir='ltr'><strong>apostolis</strong></span> <span class='ocrx_word' id='word_1_205' title='bbox 2716 1295 3046 1362; x_wconf 85' lang='lat' dir='ltr'><strong>consolatio,</strong></span> <span class='ocrx_word' id='word_1_206' title='bbox 3089 1296 3321 1348; x_wconf 84' lang='lat' dir='ltr'><strong>dandum</strong></span> <span class='ocrx_word' id='word_1_207' title='bbox 3356 1303 3409 1347; x_wconf 90' lang='lat' dir='ltr'><strong>et</strong></span> <span class='ocrx_word' id='word_1_208' title='bbox 3457 1291 3561 1346; x_wconf 80' lang='lat' dir='ltr'><strong>sibi</strong></span> 
     </span>
    </p>
   </div>
   <div class='ocr_carea' id='block_1_29' title="bbox 1990 1382 3564 1458">
    <p class='ocr_par' dir='ltr' id='par_1_29' title="bbox 1990 1382 3564 1458">
     <span class='ocr_line' id='line_1_29' title="bbox 1990 1382 3564 1458; baseline -0.003 -17"><span class='ocrx_word' id='word_1_209' title='bbox 1990 1398 2320 1449; x_wconf 86' lang='lat' dir='ltr'><strong>sermonem,</strong></span> <span class='ocrx_word' id='word_1_210' title='bbox 2359 1389 2570 1442; x_wconf 90' lang='lat' dir='ltr'><strong>tametsi</strong></span> <span class='ocrx_word' id='word_1_211' title='bbox 2603 1403 2862 1458; x_wconf 84' lang='lat' dir='ltr'><strong>perquam</strong></span> <span class='ocrx_word' id='word_1_212' title='bbox 2898 1386 3033 1441; x_wconf 80' lang='lat' dir='ltr'><strong>viles</strong></span> <span class='ocrx_word' id='word_1_213' title='bbox 3066 1385 3265 1441; x_wconf 77' lang='lat' dir='ltr'><strong>forent.</strong></span> <span class='ocrx_word' id='word_1_214' title='bbox 3296 1384 3362 1439; x_wconf 86' lang='lat' dir='ltr'><strong>Et</strong></span> <span class='ocrx_word' id='word_1_215' title='bbox 3398 1393 3453 1438; x_wconf 87' lang='lat' dir='ltr'><strong>tu</strong></span> <span class='ocrx_word' id='word_1_216' title='bbox 3481 1382 3564 1436; x_wconf 90' lang='lat' dir='ltr'><strong>in-</strong></span> 
     </span>
    </p>
   </div>
   <div class='ocr_carea' id='block_1_30' title="bbox 1992 1476 3565 1551">
    <p class='ocr_par' dir='ltr' id='par_1_30' title="bbox 1992 1476 3565 1551">
     <span class='ocr_line' id='line_1_30' title="bbox 1992 1476 3565 1551; baseline -0.002 -20"><span class='ocrx_word' id='word_1_217' title='bbox 1992 1492 2189 1532; x_wconf 84' lang='lat' dir='ltr'><strong>nocens</strong></span> <span class='ocrx_word' id='word_1_218' title='bbox 2231 1480 2275 1535; x_wconf 93' lang='lat' dir='ltr'><strong>si</strong></span> <span class='ocrx_word' id='word_1_219' title='bbox 2313 1479 2504 1548; x_wconf 80' lang='lat' dir='ltr'><strong>fueris,</strong></span> <span class='ocrx_word' id='word_1_220' title='bbox 2554 1496 2619 1535; x_wconf 87' lang='lat' dir='ltr'><strong>ac</strong></span> <span class='ocrx_word' id='word_1_221' title='bbox 2667 1481 2870 1534; x_wconf 80' lang='lat' dir='ltr'><strong>malitia</strong></span> <span class='ocrx_word' id='word_1_222' title='bbox 2921 1480 3210 1551; x_wconf 82' lang='lat' dir='ltr'><strong>parvulus,</strong></span> <span class='ocrx_word' id='word_1_223' title='bbox 3242 1476 3565 1546; x_wconf 82' lang='lat' dir='ltr'><strong>suxerisque</strong></span> 
     </span>
    </p>
   </div>
   <div class='ocr_carea' id='block_1_31' title="bbox 1990 1566 3564 1642">
    <p class='ocr_par' dir='ltr' id='par_1_31' title="bbox 1990 1566 3564 1642">
     <span class='ocr_line' id='line_1_31' title="bbox 1990 1566 3564 1642; baseline -0.003 -18"><span class='ocrx_word' id='word_1_224' title='bbox 1990 1569 2270 1637; x_wconf 86' lang='lat' dir='ltr'><strong>spirituale</strong></span> <span class='ocrx_word' id='word_1_225' title='bbox 2316 1571 2619 1626; x_wconf 87' lang='lat' dir='ltr'><strong>divinorum</strong></span> <span class='ocrx_word' id='word_1_226' title='bbox 2665 1572 3002 1642; x_wconf 87' lang='lat' dir='ltr'><strong>cloquiorum</strong></span> <span class='ocrx_word' id='word_1_227' title='bbox 3046 1570 3151 1634; x_wconf 86' lang='lat' dir='ltr'><strong>lac,</strong></span> <span class='ocrx_word' id='word_1_228' title='bbox 3202 1578 3325 1624; x_wconf 72' lang='lat' dir='ltr'><strong>tunc</strong></span> <span class='ocrx_word' id='word_1_229' title='bbox 3370 1566 3564 1637; x_wconf 79' lang='lat' dir='ltr'><strong>dignus</strong></span> 
     </span>
    </p>
   </div>
   <div class='ocr_carea' id='block_1_32' title="bbox 1988 1657 3012 1729">
    <p class='ocr_par' dir='ltr' id='par_1_32' title="bbox 1988 1657 3012 1729">
     <span class='ocr_line' id='line_1_32' title="bbox 1988 1657 3012 1729; baseline 0.003 -18"><span class='ocrx_word' id='word_1_230' title='bbox 1988 1657 2098 1711; x_wconf 78' lang='lat' dir='ltr'><strong>etis</strong></span> <span class='ocrx_word' id='word_1_231' title='bbox 2121 1657 2211 1727; x_wconf 88' lang='lat' dir='ltr'><strong>qui</strong></span> <span class='ocrx_word' id='word_1_232' title='bbox 2245 1658 2429 1714; x_wconf 59' lang='lat' dir='ltr'><strong>laudes</strong></span> <span class='ocrx_word' id='word_1_233' title='bbox 2457 1671 2507 1715; x_wconf 91' lang='lat' dir='ltr'><strong>et</strong></span> <span class='ocrx_word' id='word_1_234' title='bbox 2538 1661 2796 1729; x_wconf 70' lang='lat' dir='ltr'><strong>prmdices</strong></span> <span class='ocrx_word' id='word_1_235' title='bbox 2826 1659 3012 1716; x_wconf 85' lang='lat' dir='ltr'><strong>Deum.</strong></span> 
     </span>
    </p>
   </div>
   <div class='ocr_carea' id='block_1_33' title="bbox 2064 1748 3565 1818">
    <p class='ocr_par' dir='ltr' id='par_1_33' title="bbox 2064 1748 3565 1818">
     <span class='ocr_line' id='line_1_33' title="bbox 2064 1748 3565 1818; baseline -0.001 -15"><span class='ocrx_word' id='word_1_236' title='bbox 2064 1750 2223 1804; x_wconf 73' lang='lat' dir='ltr'><strong>Vens.</strong></span> <span class='ocrx_word' id='word_1_237' title='bbox 2256 1751 2342 1806; x_wconf 81' lang='lat' dir='ltr'><strong>l7.</strong></span> <span class='ocrx_word' id='word_1_238' title='bbox 2376 1771 2395 1804; x_wconf 80' lang='grc' dir='ltr'><strong>ι</strong></span> <span class='ocrx_word' id='word_1_239' title='bbox 2434 1750 2497 1806; x_wconf 84' lang='grc' dir='ltr'><strong>Ει</strong></span> <span class='ocrx_word' id='word_1_240' title='bbox 2529 1754 2731 1808; x_wconf 85' lang='lat' dir='ltr'><strong>relictis</strong></span> <span class='ocrx_word' id='word_1_241' title='bbox 2766 1753 2874 1809; x_wconf 88' lang='lat' dir='ltr'><strong>illis</strong></span> <span class='ocrx_word' id='word_1_242' title='bbox 2903 1752 3030 1818; x_wconf 75' lang='lat' dir='ltr'><strong>exiit</strong></span> <span class='ocrx_word' id='word_1_243' title='bbox 3063 1768 3092 1806; x_wconf 90' lang='lat' dir='ltr'><strong>e</strong></span> <span class='ocrx_word' id='word_1_244' title='bbox 3129 1750 3347 1806; x_wconf 83' lang='lat' dir='ltr'><strong>civitate</strong></span> <span class='ocrx_word' id='word_1_245' title='bbox 3375 1750 3427 1804; x_wconf 92' lang='lat' dir='ltr'><strong>iu</strong></span> <span class='ocrx_word' id='word_1_246' title='bbox 3464 1748 3565 1802; x_wconf 86' lang='lat' dir='ltr'><strong>Be-</strong></span> 
     </span>
    </p>
   </div>
   <div class='ocr_carea' id='block_1_34' title="bbox 1992 1839 3582 1912">
    <p class='ocr_par' dir='ltr' id='par_1_34' title="bbox 1992 1839 3582 1912">
     <span class='ocr_line' id='line_1_34' title="bbox 1992 1839 3582 1912; baseline 0.001 -20"><span class='ocrx_word' id='word_1_247' title='bbox 1992 1840 2257 1905; x_wconf 85' lang='lat' dir='ltr'><strong>thaniam,</strong></span> <span class='ocrx_word' id='word_1_248' title='bbox 2290 1852 2345 1898; x_wconf 81' lang='lat' dir='ltr'><strong>ct</strong></span> <span class='ocrx_word' id='word_1_249' title='bbox 2379 1844 2797 1899; x_wconf 65' lang='lat' dir='ltr'><strong>diversatnS’est</strong></span> <span class='ocrx_word' id='word_1_250' title='bbox 2829 1844 2958 1899; x_wconf 80' lang='lat' dir='ltr'><strong>illic.</strong></span> <span class='ocrx_word' id='word_1_251' title='bbox 3004 1862 3022 1894; x_wconf 77' lang='grc' dir='ltr'><strong>ι</strong></span> <span class='ocrx_word' id='word_1_252' title='bbox 3063 1842 3278 1898; x_wconf 88' lang='lat' dir='ltr'><strong>Secedit</strong></span> <span class='ocrx_word' id='word_1_253' title='bbox 3318 1842 3383 1896; x_wconf 89' lang='lat' dir='ltr'><strong>ah</strong></span> <span class='ocrx_word' id='word_1_254' title='bbox 3424 1839 3582 1912; x_wconf 78' lang='lat' dir='ltr'><strong>illis,_</strong></span> 
     </span>
    </p>
   </div>
   <div class='ocr_carea' id='block_1_35' title="bbox 299 1921 1896 2005">
    <p class='ocr_par' dir='ltr' id='par_1_35' title="bbox 299 1928 1887 2001">
     <span class='ocr_line' id='line_1_35' title="bbox 299 1928 1887 2001; baseline -0.003 -13"><span class='ocrx_word' id='word_1_255' title='bbox 299 1934 514 1988; x_wconf 83' lang='grc' dir='ltr'>τούτων</span> <span class='ocrx_word' id='word_1_256' title='bbox 563 1934 638 1995; x_wconf 83' lang='grc' dir='ltr'>ὡς</span> <span class='ocrx_word' id='word_1_257' title='bbox 690 1932 955 1999; x_wconf 79' lang='grc' dir='ltr'>ἀναξίων,</span> <span class='ocrx_word' id='word_1_258' title='bbox 1007 1930 1100 1984; x_wconf 81' lang='grc' dir='ltr'><strong>καὶ</strong></span> <span class='ocrx_word' id='word_1_259' title='bbox 1152 1930 1371 2001; x_wconf 80' lang='grc' dir='ltr'>ἔρχεται</span> <span class='ocrx_word' id='word_1_260' title='bbox 1417 1931 1498 1993; x_wconf 80' lang='grc' dir='ltr'><strong>είς</strong></span> <span class='ocrx_word' id='word_1_261' title='bbox 1537 1928 1806 1999; x_wconf 83' lang='grc' dir='ltr'>Βηθανίαν</span> <span class='ocrx_word' id='word_1_262' title='bbox 1859 1930 1887 1983; x_wconf 81' lang='grc' dir='ltr'><strong>ὃ</strong></span> 
     </span>
    </p>
   </div>
   <div class='ocr_carea' id='block_1_36' title="bbox 2001 1921 3564 2005">
    <p class='ocr_par' dir='ltr' id='par_1_36' title="bbox 2001 1933 3564 2005">
     <span class='ocr_line' id='line_1_36' title="bbox 2001 1933 3564 2005; baseline 0.001 -19"><span class='ocrx_word' id='word_1_263' title='bbox 2001 1946 2050 1988; x_wconf 82' lang='grc' dir='ltr'><strong>ιιι</strong></span> <span class='ocrx_word' id='word_1_264' title='bbox 2080 1934 2147 1989; x_wconf 88' lang='lat' dir='ltr'><strong>ab</strong></span> <span class='ocrx_word' id='word_1_265' title='bbox 2177 1936 2432 2005; x_wconf 75' lang='lat' dir='ltr'><strong>indignis,</strong></span> <span class='ocrx_word' id='word_1_266' title='bbox 2466 1945 2521 1991; x_wconf 78' lang='lat' dir='ltr'><strong>ut</strong></span> <span class='ocrx_word' id='word_1_267' title='bbox 2550 1937 2698 1990; x_wconf 86' lang='lat' dir='ltr'><strong>venit</strong></span> <span class='ocrx_word' id='word_1_268' title='bbox 2729 1936 2781 1990; x_wconf 90' lang='lat' dir='ltr'><strong>in</strong></span> <span class='ocrx_word' id='word_1_269' title='bbox 2816 1934 3170 2002; x_wconf 82' lang='lat' dir='ltr'><strong>Bethaniam,</strong></span> <span class='ocrx_word' id='word_1_270' title='bbox 3197 1937 3300 1990; x_wconf 92' lang='lat' dir='ltr'><strong>hoc</strong></span> <span class='ocrx_word' id='word_1_271' title='bbox 3332 1944 3435 1998; x_wconf 89' lang='lat' dir='ltr'><strong>est,</strong></span> <span class='ocrx_word' id='word_1_272' title='bbox 3465 1933 3564 1987; x_wconf 89' lang='lat' dir='ltr'><strong>do-</strong></span> 
     </span>
    </p>
   </div>
   <div class='ocr_carea' id='block_1_37' title="bbox 298 2021 1896 2107">
    <p class='ocr_par' dir='ltr' id='par_1_37' title="bbox 298 2022 1887 2097">
     <span class='ocr_line' id='line_1_37' title="bbox 298 2022 1887 2097; baseline -0.002 -18"><span class='ocrx_word' id='word_1_273' title='bbox 298 2027 674 2097; x_wconf 69' lang='grc' dir='ltr'>ἑρμηνεύεται</span> <span class='ocrx_word' id='word_1_274' title='bbox 706 2022 853 2089; x_wconf 80' lang='grc' dir='ltr'>οἶκος</span> <span class='ocrx_word' id='word_1_275' title='bbox 881 2024 1149 2093; x_wconf 59' lang='grc' dir='ltr'>ὑπακοῆς</span> <span class='ocrx_word' id='word_1_276' title='bbox 1183 2025 1291 2077; x_wconf 77' lang='grc' dir='ltr'>ἀπὸ</span> <span class='ocrx_word' id='word_1_277' title='bbox 1333 2023 1440 2094; x_wconf 83' lang='grc' dir='ltr'><strong>γὰρ</strong></span> <span class='ocrx_word' id='word_1_278' title='bbox 1479 2025 1588 2077; x_wconf 87' lang='grc' dir='ltr'><strong>τῶν</strong></span> <span class='ocrx_word' id='word_1_279' title='bbox 1618 2024 1887 2078; x_wconf 86' lang='grc' dir='ltr'>ἀνυποτά-</span> 
     </span>
    </p>
   </div>
   <div class='ocr_carea' id='block_1_38' title="bbox 2001 2021 3567 2107">
    <p class='ocr_par' dir='ltr' id='par_1_38' title="bbox 2001 2021 3567 2107">
     <span class='ocr_line' id='line_1_38' title="bbox 2001 2021 3567 2107; baseline -0.001 -25"><span class='ocrx_word' id='word_1_280' title='bbox 2001 2045 2134 2083; x_wconf 79' lang='lat' dir='ltr'><strong>:nmu</strong></span> <span class='ocrx_word' id='word_1_281' title='bbox 2172 2021 2632 2107; x_wconf 52' lang='lat' dir='ltr'><strong>obedientiahb</strong></span> <span class='ocrx_word' id='word_1_282' title='bbox 2675 2026 3110 2083; x_wconf 86' lang='lat' dir='ltr'><strong>inobedientibus</strong></span> <span class='ocrx_word' id='word_1_283' title='bbox 3150 2027 3294 2082; x_wconf 90' lang='lat' dir='ltr'><strong>enim</strong></span> <span class='ocrx_word' id='word_1_284' title='bbox 3328 2025 3393 2080; x_wconf 88' lang='lat' dir='ltr'><strong>ad</strong></span> <span class='ocrx_word' id='word_1_285' title='bbox 3438 2024 3567 2080; x_wconf 80' lang='lat' dir='ltr'><strong>ohe—</strong></span> 
     </span>
    </p>
   </div>
   <div class='ocr_carea' id='block_1_39' title="bbox 298 2114 1896 2186">
    <p class='ocr_par' dir='ltr' id='par_1_39' title="bbox 298 2114 1888 2186">
     <span class='ocr_line' id='line_1_39' title="bbox 298 2114 1888 2186; baseline -0.001 -16"><span class='ocrx_word' id='word_1_286' title='bbox 298 2134 455 2171; x_wconf 85' lang='grc' dir='ltr'>κτων</span> <span class='ocrx_word' id='word_1_287' title='bbox 494 2119 586 2171; x_wconf 74' lang='grc' dir='ltr'><strong>ἐπὶ</strong></span> <span class='ocrx_word' id='word_1_288' title='bbox 632 2120 758 2183; x_wconf 70' lang='grc' dir='ltr'>τοὺς</span> <span class='ocrx_word' id='word_1_289' title='bbox 798 2117 1174 2179; x_wconf 81' lang='grc' dir='ltr'>ὑπακούοντας</span> <span class='ocrx_word' id='word_1_290' title='bbox 1217 2116 1368 2186; x_wconf 84' lang='grc' dir='ltr'>αὑτῷ</span> <span class='ocrx_word' id='word_1_291' title='bbox 1415 2114 1753 2186; x_wconf 76' lang='grc' dir='ltr'>μεταϐαίνει,</span> <span class='ocrx_word' id='word_1_292' title='bbox 1792 2115 1888 2168; x_wconf 80' lang='grc' dir='ltr'>καὶ</span> 
     </span>
    </p>
   </div>
   <div class='ocr_carea' id='block_1_40' title="bbox 2001 2114 3566 2186">
    <p class='ocr_par' dir='ltr' id='par_1_40' title="bbox 2001 2117 3566 2184">
     <span class='ocr_line' id='line_1_40' title="bbox 2001 2117 3566 2184; baseline -0.003 -11"><span class='ocrx_word' id='word_1_293' title='bbox 2001 2120 2198 2175; x_wconf 88' lang='lat' dir='ltr'><strong>lientes</strong></span> <span class='ocrx_word' id='word_1_294' title='bbox 2225 2135 2282 2175; x_wconf 92' lang='lat' dir='ltr'><strong>se</strong></span> <span class='ocrx_word' id='word_1_295' title='bbox 2304 2120 2538 2184; x_wconf 84' lang='lat' dir='ltr'><strong>coniert,</strong></span> <span class='ocrx_word' id='word_1_296' title='bbox 2566 2130 2621 2174; x_wconf 89' lang='lat' dir='ltr'><strong>et</strong></span> <span class='ocrx_word' id='word_1_297' title='bbox 2643 2121 2783 2174; x_wconf 88' lang='lat' dir='ltr'><strong>inter</strong></span> <span class='ocrx_word' id='word_1_298' title='bbox 2802 2118 2921 2174; x_wconf 88' lang='lat' dir='ltr'><strong>illos</strong></span> <span class='ocrx_word' id='word_1_299' title='bbox 2945 2128 3211 2174; x_wconf 87' lang='lat' dir='ltr'><strong>versatur.</strong></span> <span class='ocrx_word' id='word_1_300' title='bbox 3240 2117 3379 2173; x_wconf 88' lang='lat' dir='ltr'><strong>Dicit</strong></span> <span class='ocrx_word' id='word_1_301' title='bbox 3398 2117 3566 2184; x_wconf 90' lang='lat' dir='ltr'><strong>enim,</strong></span> 
     </span>
    </p>
   </div>
   <div class='ocr_carea' id='block_1_41' title="bbox 298 2205 1888 2279">
    <p class='ocr_par' dir='ltr' id='par_1_41' title="bbox 298 2205 1888 2279">
     <span class='ocr_line' id='line_1_41' title="bbox 298 2205 1888 2279; baseline 0 -20"><span class='ocrx_word' id='word_1_302' title='bbox 298 2207 588 2271; x_wconf 72' lang='grc' dir='ltr'>αὐλίζεται</span> <span class='ocrx_word' id='word_1_303' title='bbox 621 2209 677 2260; x_wconf 80' lang='grc' dir='ltr'>ὲν</span> <span class='ocrx_word' id='word_1_304' title='bbox 706 2208 907 2271; x_wconf 73' lang='grc' dir='ltr'>αὐτοῖς.</span> <span class='ocrx_word' id='word_1_305' title='bbox 938 2209 1078 2279; x_wconf 72' lang='grc' dir='ltr'><strong>Φησὶ</strong></span> <span class='ocrx_word' id='word_1_306' title='bbox 1105 2206 1245 2277; x_wconf 78' lang='grc' dir='ltr'>γάρ’</span> <span class='ocrx_word' id='word_1_307' title='bbox 1298 2206 1600 2277; x_wconf 83' lang='grc' dir='ltr'>Ἐνοικήσω</span> <span class='ocrx_word' id='word_1_308' title='bbox 1617 2206 1675 2259; x_wconf 88' lang='grc' dir='ltr'>ὲν</span> <span class='ocrx_word' id='word_1_309' title='bbox 1705 2205 1888 2270; x_wconf 81' lang='grc' dir='ltr'>αὐτοῖς</span> 
     </span>
    </p>
   </div>
   <div class='ocr_carea' id='block_1_42' title="bbox 298 2300 896 2369">
    <p class='ocr_par' dir='ltr' id='par_1_42' title="bbox 298 2300 896 2369">
     <span class='ocr_line' id='line_1_42' title="bbox 298 2300 896 2369; baseline 0.003 -18"><span class='ocrx_word' id='word_1_310' title='bbox 298 2300 407 2353; x_wconf 77' lang='grc' dir='ltr'>καὶ</span> <span class='ocrx_word' id='word_1_311' title='bbox 422 2300 896 2369; x_wconf 80' lang='grc' dir='ltr'>-ὲμπεριπατήσω.</span> 
     </span>
    </p>
   </div>
   <div class='ocr_carea' id='block_1_43' title="bbox 389 2388 1885 2464">
    <p class='ocr_par' dir='ltr' id='par_1_43' title="bbox 389 2388 1885 2464">
     <span class='ocr_line' id='line_1_43' title="bbox 389 2388 1885 2464; baseline 0.001 -21"><span class='ocrx_word' id='word_1_312' title='bbox 389 2412 411 2443; x_wconf 77' lang='grc' dir='ltr'><strong>ι</strong></span> <span class='ocrx_word' id='word_1_313' title='bbox 454 2393 673 2463; x_wconf 80' lang='grc' dir='ltr'>Πρωῖας</span> <span class='ocrx_word' id='word_1_314' title='bbox 710 2392 769 2445; x_wconf 64' lang='grc' dir='ltr'>δὲ</span> <span class='ocrx_word' id='word_1_315' title='bbox 807 2393 1098 2461; x_wconf 74' lang='grc' dir='ltr'>ἐπανάγων</span> <span class='ocrx_word' id='word_1_316' title='bbox 1141 2388 1225 2455; x_wconf 86' lang='grc' dir='ltr'><strong>είς</strong></span> <span class='ocrx_word' id='word_1_317' title='bbox 1248 2391 1345 2464; x_wconf 78' lang='grc' dir='ltr'>τὴν</span> <span class='ocrx_word' id='word_1_318' title='bbox 1382 2389 1559 2454; x_wconf 72' lang='grc' dir='ltr'>πόλιν,</span> <span class='ocrx_word' id='word_1_319' title='bbox 1598 2391 1885 2447; x_wconf 68' lang='grc' dir='ltr'>ὲπείνασευ</span> 
     </span>
    </p>
   </div>
   <div class='ocr_carea' id='block_1_44' title="bbox 299 2484 1887 2559">
    <p class='ocr_par' dir='ltr' id='par_1_44' title="bbox 299 2484 1887 2559">
     <span class='ocr_line' id='line_1_44' title="bbox 299 2484 1887 2559; baseline -0.003 -17"><span class='ocrx_word' id='word_1_320' title='bbox 299 2490 412 2544; x_wconf 60' lang='grc' dir='ltr'>ναὶ</span> <span class='ocrx_word' id='word_1_321' title='bbox 440 2488 565 2542; x_wconf 79' lang='grc' dir='ltr'>ἰδὼν</span> <span class='ocrx_word' id='word_1_322' title='bbox 600 2488 770 2555; x_wconf 75' lang='grc' dir='ltr'>συκῆν</span> <span class='ocrx_word' id='word_1_323' title='bbox 807 2489 934 2559; x_wconf 81' lang='grc' dir='ltr'>μίαν</span> <span class='ocrx_word' id='word_1_324' title='bbox 964 2490 1054 2541; x_wconf 67' lang='grc' dir='ltr'><strong>ἐπὶ</strong></span> <span class='ocrx_word' id='word_1_325' title='bbox 1084 2492 1180 2558; x_wconf 79' lang='grc' dir='ltr'>τῆς</span> <span class='ocrx_word' id='word_1_326' title='bbox 1207 2487 1348 2554; x_wconf 80' lang='grc' dir='ltr'>ὁδοῦ,</span> <span class='ocrx_word' id='word_1_327' title='bbox 1380 2484 1545 2557; x_wconf 85' lang='grc' dir='ltr'>ἦλθεν</span> <span class='ocrx_word' id='word_1_328' title='bbox 1576 2487 1661 2540; x_wconf 81' lang='grc' dir='ltr'><strong>ἐπ’</strong></span> <span class='ocrx_word' id='word_1_329' title='bbox 1694 2487 1887 2557; x_wconf 78' lang='grc' dir='ltr'>αὐτὴν,</span> 
     </span>
    </p>
   </div>
   <div class='ocr_carea' id='block_1_45' title="bbox 298 2577 1891 2653">
    <p class='ocr_par' dir='ltr' id='par_1_45' title="bbox 298 2577 1891 2653">
     <span class='ocr_line' id='line_1_45' title="bbox 298 2577 1891 2653; baseline -0.002 -16"><span class='ocrx_word' id='word_1_330' title='bbox 298 2585 416 2639; x_wconf 76' lang='grc' dir='ltr'><strong>καὶ</strong></span> <span class='ocrx_word' id='word_1_331' title='bbox 462 2584 616 2638; x_wconf 81' lang='grc' dir='ltr'>οὐδὲν</span> <span class='ocrx_word' id='word_1_332' title='bbox 663 2577 820 2653; x_wconf 77' lang='grc' dir='ltr'>εὗρεν</span> <span class='ocrx_word' id='word_1_333' title='bbox 863 2585 920 2635; x_wconf 82' lang='grc' dir='ltr'>ὲν</span> <span class='ocrx_word' id='word_1_334' title='bbox 952 2583 1088 2653; x_wconf 76' lang='grc' dir='ltr'>αὐτῇ</span> <span class='ocrx_word' id='word_1_335' title='bbox 1132 2585 1179 2635; x_wconf 86' lang='grc' dir='ltr'><strong>εί</strong></span> <span class='ocrx_word' id='word_1_336' title='bbox 1221 2582 1295 2652; x_wconf 80' lang='grc' dir='ltr'>μὴ</span> <span class='ocrx_word' id='word_1_337' title='bbox 1346 2581 1520 2651; x_wconf 78' lang='grc' dir='ltr'>φύλλα</span> <span class='ocrx_word' id='word_1_338' title='bbox 1568 2583 1750 2652; x_wconf 87' lang='grc' dir='ltr'>μόνον,</span> <span class='ocrx_word' id='word_1_339' title='bbox 1797 2582 1891 2634; x_wconf 78' lang='grc' dir='ltr'>καὶ</span> 
     </span>
    </p>
   </div>
   <div class='ocr_carea' id='block_1_46' title="bbox 298 2672 1889 2745">
    <p class='ocr_par' dir='ltr' id='par_1_46' title="bbox 298 2672 1889 2745">
     <span class='ocr_line' id='line_1_46' title="bbox 298 2672 1889 2745; baseline -0.003 -15"><span class='ocrx_word' id='word_1_340' title='bbox 298 2676 530 2744; x_wconf 79' lang='grc' dir='ltr'>λέγεται</span> <span class='ocrx_word' id='word_1_341' title='bbox 562 2675 699 2744; x_wconf 77' lang='grc' dir='ltr'>αὐτῇ</span> <span class='ocrx_word' id='word_1_342' title='bbox 725 2690 740 2704; x_wconf 88' lang='grc'><strong>·</strong></span> <span class='ocrx_word' id='word_1_343' title='bbox 776 2674 987 2740; x_wconf 80' lang='grc' dir='ltr'>Μηκέτι</span> <span class='ocrx_word' id='word_1_344' title='bbox 1021 2675 1085 2726; x_wconf 81' lang='grc' dir='ltr'>ἐκ</span> <span class='ocrx_word' id='word_1_345' title='bbox 1129 2672 1224 2726; x_wconf 78' lang='grc' dir='ltr'><strong>σοῦ</strong></span> <span class='ocrx_word' id='word_1_346' title='bbox 1277 2674 1488 2743; x_wconf 63' lang='grc' dir='ltr'>καρπός</span> <span class='ocrx_word' id='word_1_347' title='bbox 1530 2674 1755 2745; x_wconf 80' lang='grc' dir='ltr'>γένηται</span> <span class='ocrx_word' id='word_1_348' title='bbox 1808 2675 1889 2738; x_wconf 90' lang='grc' dir='ltr'><strong>εἰς</strong></span> 
     </span>
    </p>
   </div>
   <div class='ocr_carea' id='block_1_47' title="bbox 297 2764 1894 2836">
    <p class='ocr_par' dir='ltr' id='par_1_47' title="bbox 297 2764 1894 2836">
     <span class='ocr_line' id='line_1_47' title="bbox 297 2764 1894 2836; baseline -0.001 -16"><span class='ocrx_word' id='word_1_349' title='bbox 297 2770 410 2821; x_wconf 80' lang='grc' dir='ltr'>τὸν</span> <span class='ocrx_word' id='word_1_350' title='bbox 434 2768 607 2820; x_wconf 79' lang='grc' dir='ltr'>αἰῶνα</span> <span class='ocrx_word' id='word_1_351' title='bbox 630 2781 644 2795; x_wconf 70' lang='grc'><strong><em>⁸</em></strong></span> <span class='ocrx_word' id='word_1_352' title='bbox 698 2767 795 2820; x_wconf 76' lang='grc' dir='ltr'>καὶ</span> <span class='ocrx_word' id='word_1_353' title='bbox 832 2764 1105 2836; x_wconf 77' lang='grc' dir='ltr'>ἐξηράνθη</span> <span class='ocrx_word' id='word_1_354' title='bbox 1140 2765 1481 2836; x_wconf 76' lang='grc' dir='ltr'>παραχρῆμα</span> <span class='ocrx_word' id='word_1_355' title='bbox 1526 2766 1559 2835; x_wconf 79' lang='grc' dir='ltr'><strong>ἡ</strong></span> <span class='ocrx_word' id='word_1_356' title='bbox 1592 2766 1762 2835; x_wconf 81' lang='grc' dir='ltr'>συκῆ’</span> <span class='ocrx_word' id='word_1_357' title='bbox 1799 2766 1894 2819; x_wconf 77' lang='grc' dir='ltr'>καὶ</span> 
     </span>
    </p>
   </div>
   <div class='ocr_carea' id='block_1_48' title="bbox 302 2854 1895 2926">
    <p class='ocr_par' dir='ltr' id='par_1_48' title="bbox 302 2854 1895 2926">
     <span class='ocr_line' id='line_1_48' title="bbox 302 2854 1895 2926; baseline -0.003 -15"><span class='ocrx_word' id='word_1_358' title='bbox 302 2857 519 2919; x_wconf 67' lang='grc' dir='ltr'>ἰδόντες</span> <span class='ocrx_word' id='word_1_359' title='bbox 549 2856 598 2907; x_wconf 85' lang='grc' dir='ltr'>οἱ</span> <span class='ocrx_word' id='word_1_360' title='bbox 626 2855 865 2923; x_wconf 72' lang='grc' dir='ltr'>μαθηταὶ</span> <span class='ocrx_word' id='word_1_361' title='bbox 894 2854 1230 2925; x_wconf 74' lang='grc' dir='ltr'>ἐθαύμασαν,</span> <span class='ocrx_word' id='word_1_362' title='bbox 1256 2855 1526 2924; x_wconf 75' lang='grc' dir='ltr'>λέγοντεςο</span> <span class='ocrx_word' id='word_1_363' title='bbox 1556 2855 1681 2919; x_wconf 88' lang='grc' dir='ltr'>Πῶς</span> <span class='ocrx_word' id='word_1_364' title='bbox 1715 2872 1895 2926; x_wconf 86' lang='grc' dir='ltr'>παρα-</span> 
     </span>
    </p>
   </div>
   <div class='ocr_carea' id='block_1_49' title="bbox 301 2947 1893 3020">
    <p class='ocr_par' dir='ltr' id='par_1_49' title="bbox 301 2947 1893 3020">
     <span class='ocr_line' id='line_1_49' title="bbox 301 2947 1893 3020; baseline -0.001 -20"><span class='ocrx_word' id='word_1_365' title='bbox 301 2950 508 3020; x_wconf 77' lang='grc' dir='ltr'>χρῆμα</span> <span class='ocrx_word' id='word_1_366' title='bbox 541 2947 811 3017; x_wconf 65' lang='grc' dir='ltr'>ἐξηράνθη</span> <span class='ocrx_word' id='word_1_367' title='bbox 848 2949 880 3017; x_wconf 82' lang='grc' dir='ltr'>ἠ</span> <span class='ocrx_word' id='word_1_368' title='bbox 928 2947 1101 3017; x_wconf 73' lang='grc' dir='ltr'>συκῆς</span> <span class='ocrx_word' id='word_1_369' title='bbox 1150 2965 1169 2999; x_wconf 74' lang='grc' dir='ltr'><strong>ι</strong></span> <span class='ocrx_word' id='word_1_370' title='bbox 1229 2947 1449 3017; x_wconf 81' lang='grc' dir='ltr'>Ἐπειδὴ</span> <span class='ocrx_word' id='word_1_371' title='bbox 1492 2948 1692 3017; x_wconf 80' lang='grc' dir='ltr'>συχνὰς</span> <span class='ocrx_word' id='word_1_372' title='bbox 1721 2948 1893 3000; x_wconf 81' lang='grc' dir='ltr'>ἐποίει</span> 
     </span>
    </p>
   </div>
   <div class='ocr_carea' id='block_1_50' title="bbox 306 3036 1895 3113">
    <p class='ocr_par' dir='ltr' id='par_1_50' title="bbox 306 3036 1895 3113">
     <span class='ocr_line' id='line_1_50' title="bbox 306 3036 1895 3113; baseline -0.001 -22"><span class='ocrx_word' id='word_1_373' title='bbox 306 3038 767 3109; x_wconf 83' lang='grc' dir='ltr'>θαυματουργίας</span> <span class='ocrx_word' id='word_1_374' title='bbox 822 3040 851 3091; x_wconf 90' lang='grc' dir='ltr'><strong>ό</strong></span> <span class='ocrx_word' id='word_1_375' title='bbox 895 3038 1097 3113; x_wconf 80' lang='grc' dir='ltr'>Κύριος</span> <span class='ocrx_word' id='word_1_376' title='bbox 1157 3036 1296 3107; x_wconf 79' lang='grc' dir='ltr'>πρὸς</span> <span class='ocrx_word' id='word_1_377' title='bbox 1348 3038 1667 3108; x_wconf 75' lang='grc' dir='ltr'>εὐεργεσίαν</span> <span class='ocrx_word' id='word_1_378' title='bbox 1715 3037 1895 3100; x_wconf 85' lang='grc' dir='ltr'>πάσας</span> 
     </span>
    </p>
   </div>
   <div class='ocr_carea' id='block_1_51' title="bbox 301 3129 1894 3205">
    <p class='ocr_par' dir='ltr' id='par_1_51' title="bbox 301 3129 1894 3205">
     <span class='ocr_line' id='line_1_51' title="bbox 301 3129 1894 3205; baseline -0.002 -21"><span class='ocrx_word' id='word_1_379' title='bbox 301 3131 570 3205; x_wconf 70' lang='grc' dir='ltr'>ὁρώσας,</span> <span class='ocrx_word' id='word_1_380' title='bbox 630 3130 886 3201; x_wconf 80' lang='grc' dir='ltr'>οὐδεμίαν</span> <span class='ocrx_word' id='word_1_381' title='bbox 947 3130 1003 3184; x_wconf 70' lang='grc' dir='ltr'>δὲ</span> <span class='ocrx_word' id='word_1_382' title='bbox 1057 3129 1384 3200; x_wconf 80' lang='grc' dir='ltr'>κολαστικὴν</span> <span class='ocrx_word' id='word_1_383' title='bbox 1448 3129 1894 3199; x_wconf 87' lang='grc' dir='ltr'>θαυματουργίαν</span> 
     </span>
    </p>
   </div>
   <div class='ocr_carea' id='block_1_52' title="bbox 304 3222 1894 3295">
    <p class='ocr_par' dir='ltr' id='par_1_52' title="bbox 304 3222 1894 3295">
     <span class='ocr_line' id='line_1_52' title="bbox 304 3222 1894 3295; baseline -0.003 -17"><span class='ocrx_word' id='word_1_384' title='bbox 304 3224 642 3289; x_wconf 75' lang='grc' dir='ltr'>ἐνεδείξατο,</span> <span class='ocrx_word' id='word_1_385' title='bbox 691 3224 781 3279; x_wconf 82' lang='grc' dir='ltr'><strong>ῐνα</strong></span> <span class='ocrx_word' id='word_1_386' title='bbox 816 3223 889 3295; x_wconf 78' lang='grc' dir='ltr'>μὴ</span> <span class='ocrx_word' id='word_1_387' title='bbox 918 3223 1185 3294; x_wconf 81' lang='grc' dir='ltr'>νομίσωσί</span> <span class='ocrx_word' id='word_1_388' title='bbox 1219 3239 1363 3286; x_wconf 87' lang='grc' dir='ltr'>τινες</span> <span class='ocrx_word' id='word_1_389' title='bbox 1385 3261 1400 3287; x_wconf 96' lang='grc'><strong>,</strong></span> <span class='ocrx_word' id='word_1_390' title='bbox 1447 3225 1529 3276; x_wconf 82' lang='grc' dir='ltr'>ὅτι</span> <span class='ocrx_word' id='word_1_391' title='bbox 1565 3224 1626 3275; x_wconf 85' lang='grc' dir='ltr'>οὐ</span> <span class='ocrx_word' id='word_1_392' title='bbox 1671 3222 1894 3276; x_wconf 86' lang='grc' dir='ltr'>δύναται</span> 
     </span>
    </p>
   </div>
   <div class='ocr_carea' id='block_1_53' title="bbox 303 3310 1895 3383">
    <p class='ocr_par' dir='ltr' id='par_1_53' title="bbox 303 3310 1895 3383">
     <span class='ocr_line' id='line_1_53' title="bbox 303 3310 1895 3383; baseline -0.003 -13"><span class='ocrx_word' id='word_1_393' title='bbox 303 3315 592 3381; x_wconf 77' lang='grc' dir='ltr'>κολάζειν,</span> <span class='ocrx_word' id='word_1_394' title='bbox 626 3315 901 3369; x_wconf 87' lang='grc' dir='ltr'>δείκνυσιν</span> <span class='ocrx_word' id='word_1_395' title='bbox 941 3313 1174 3368; x_wconf 68' lang='grc' dir='ltr'>ἐνταῦθα</span> <span class='ocrx_word' id='word_1_396' title='bbox 1222 3313 1317 3367; x_wconf 68' lang='grc' dir='ltr'>καὶ</span> <span class='ocrx_word' id='word_1_397' title='bbox 1345 3312 1548 3380; x_wconf 81' lang='grc' dir='ltr'>ταύτην</span> <span class='ocrx_word' id='word_1_398' title='bbox 1588 3311 1754 3365; x_wconf 78' lang='grc' dir='ltr'>αὑτοῦ</span> <span class='ocrx_word' id='word_1_399' title='bbox 1797 3310 1895 3383; x_wconf 84' lang='grc' dir='ltr'>τὴν</span> 
     </span>
    </p>
   </div>
   <div class='ocr_carea' id='block_1_54' title="bbox 307 3402 1893 3477">
    <p class='ocr_par' dir='ltr' id='par_1_54' title="bbox 307 3402 1893 3477">
     <span class='ocr_line' id='line_1_54' title="bbox 307 3402 1893 3477; baseline -0.005 -14"><span class='ocrx_word' id='word_1_400' title='bbox 307 3407 575 3477; x_wconf 75' lang='grc' dir='ltr'>δόναμιν,</span> <span class='ocrx_word' id='word_1_401' title='bbox 602 3409 702 3461; x_wconf 79' lang='grc' dir='ltr'>οὐκ</span> <span class='ocrx_word' id='word_1_402' title='bbox 731 3409 810 3469; x_wconf 76' lang='grc' dir='ltr'><strong>είς</strong></span> <span class='ocrx_word' id='word_1_403' title='bbox 836 3406 1156 3476; x_wconf 74' lang='grc' dir='ltr'>ἀνθρώπους</span> <span class='ocrx_word' id='word_1_404' title='bbox 1189 3405 1678 3476; x_wconf 71' lang='grc' dir='ltr'>καταχρησάμενος</span> <span class='ocrx_word' id='word_1_405' title='bbox 1701 3402 1893 3474; x_wconf 80' lang='grc' dir='ltr'>ταύτῃ,</span> 
     </span>
    </p>
   </div>
   <div class='ocr_carea' id='block_1_55' title="bbox 307 3496 1898 3571">
    <p class='ocr_par' dir='ltr' id='par_1_55' title="bbox 307 3496 1898 3571">
     <span class='ocr_line' id='line_1_55' title="bbox 307 3496 1898 3571; baseline -0.007 -14"><span class='ocrx_word' id='word_1_406' title='bbox 307 3501 440 3556; x_wconf 79' lang='grc' dir='ltr'>ἀλλ’</span> <span class='ocrx_word' id='word_1_407' title='bbox 469 3504 548 3564; x_wconf 77' lang='grc' dir='ltr'><strong>είς</strong></span> <span class='ocrx_word' id='word_1_408' title='bbox 592 3500 805 3571; x_wconf 78' lang='grc' dir='ltr'>δένδρον</span> <span class='ocrx_word' id='word_1_409' title='bbox 848 3497 1383 3567; x_wconf 80' lang='grc' dir='ltr'>ὡς’φιλάνθρωπος“·</span> <span class='ocrx_word' id='word_1_410' title='bbox 1435 3497 1625 3563; x_wconf 79' lang='grc' dir='ltr'>ὥσπερ</span> <span class='ocrx_word' id='word_1_411' title='bbox 1671 3496 1763 3549; x_wconf 66' lang='grc' dir='ltr'>καὶ</span> <span class='ocrx_word' id='word_1_412' title='bbox 1793 3496 1898 3565; x_wconf 81' lang='grc' dir='ltr'>πρὸ</span> 
     </span>
    </p>
   </div>
   <div class='ocr_carea' id='block_1_56' title="bbox 308 3586 1900 3661">
    <p class='ocr_par' dir='ltr' id='par_1_56' title="bbox 308 3586 1900 3661">
     <span class='ocr_line' id='line_1_56' title="bbox 308 3586 1900 3661; baseline -0.003 -15"><span class='ocrx_word' id='word_1_413' title='bbox 308 3592 514 3647; x_wconf 73' lang='grc' dir='ltr'>τούτου</span> <span class='ocrx_word' id='word_1_414' title='bbox 542 3594 622 3654; x_wconf 78' lang='grc' dir='ltr'><strong>είς</strong></span> <span class='ocrx_word' id='word_1_415' title='bbox 643 3594 769 3653; x_wconf 80' lang='grc' dir='ltr'>τοὺς</span> <span class='ocrx_word' id='word_1_416' title='bbox 793 3592 1033 3661; x_wconf 86' lang='grc' dir='ltr'>χοίρους.</span> <span class='ocrx_word' id='word_1_417' title='bbox 1058 3588 1315 3659; x_wconf 84' lang='grc' dir='ltr'>Ξηραίνει</span> <span class='ocrx_word' id='word_1_418' title='bbox 1338 3587 1431 3641; x_wconf 80' lang='grc' dir='ltr'>οὖν</span> <span class='ocrx_word' id='word_1_419' title='bbox 1457 3588 1519 3640; x_wconf 81' lang='grc' dir='ltr'>τὸ</span> <span class='ocrx_word' id='word_1_420' title='bbox 1545 3588 1780 3658; x_wconf 82' lang='grc' dir='ltr'>δένδρον,</span> <span class='ocrx_word' id='word_1_421' title='bbox 1811 3586 1900 3642; x_wconf 75' lang='grc' dir='ltr'>ἴνα</span> 
     </span>
    </p>
   </div>
   <div class='ocr_carea' id='block_1_57' title="bbox 312 3679 1902 3754">
    <p class='ocr_par' dir='ltr' id='par_1_57' title="bbox 312 3679 1902 3754">
     <span class='ocr_line' id='line_1_57' title="bbox 312 3679 1902 3754; baseline -0.004 -16"><span class='ocrx_word' id='word_1_422' title='bbox 312 3684 637 3754; x_wconf 72' lang='grc' dir='ltr'>σωφρονίσῃ</span> <span class='ocrx_word' id='word_1_423' title='bbox 662 3682 984 3753; x_wconf 82' lang='grc' dir='ltr'>ἀνθρώπους</span> <span class='ocrx_word' id='word_1_424' title='bbox 1016 3680 1149 3750; x_wconf 68' lang='grc' dir='ltr'>(εθγ</span> <span class='ocrx_word' id='word_1_425' title='bbox 1177 3681 1515 3750; x_wconf 79' lang='grc' dir='ltr'>θαυμάζουσι</span> <span class='ocrx_word' id='word_1_426' title='bbox 1547 3680 1601 3732; x_wconf 83' lang='grc' dir='ltr'>δὲ</span> <span class='ocrx_word' id='word_1_427' title='bbox 1641 3680 1691 3731; x_wconf 86' lang='grc' dir='ltr'>οἱ</span> <span class='ocrx_word' id='word_1_428' title='bbox 1726 3679 1902 3749; x_wconf 71' lang='grc' dir='ltr'>μαθη-</span> 
     </span>
    </p>
   </div>
   <div class='ocr_carea' id='block_1_58' title="bbox 310 3772 1898 3846">
    <p class='ocr_par' dir='ltr' id='par_1_58' title="bbox 310 3772 1898 3846">
     <span class='ocr_line' id='line_1_58' title="bbox 310 3772 1898 3846; baseline -0.004 -16"><span class='ocrx_word' id='word_1_429' title='bbox 310 3778 436 3841; x_wconf 74' lang='grc' dir='ltr'>ταὶ,</span> <span class='ocrx_word' id='word_1_430' title='bbox 471 3778 717 3839; x_wconf 80' lang='grc' dir='ltr'>εἰκότως.</span> <span class='ocrx_word' id='word_1_431' title='bbox 747 3775 921 3829; x_wconf 83' lang='grc' dir='ltr'>Τοῦτο</span> <span class='ocrx_word' id='word_1_432' title='bbox 946 3776 1055 3845; x_wconf 73' lang='grc' dir='ltr'><strong>γὰρ</strong></span> <span class='ocrx_word' id='word_1_433' title='bbox 1082 3774 1142 3827; x_wconf 82' lang='grc' dir='ltr'>τὸ</span> <span class='ocrx_word' id='word_1_434' title='bbox 1173 3774 1389 3846; x_wconf 80' lang='grc' dir='ltr'>δένδρον</span> <span class='ocrx_word' id='word_1_435' title='bbox 1433 3772 1727 3843; x_wconf 83' lang='grc' dir='ltr'>ὑγρότερόν</span> <span class='ocrx_word' id='word_1_436' title='bbox 1762 3775 1898 3834; x_wconf 79' lang='grc' dir='ltr'>ἐστι,</span> 
     </span>
    </p>
   </div>
   <div class='ocr_carea' id='block_1_59' title="bbox 312 3863 1898 3941">
    <p class='ocr_par' dir='ltr' id='par_1_59' title="bbox 312 3863 1898 3941">
     <span class='ocr_line' id='line_1_59' title="bbox 312 3863 1898 3941; baseline -0.005 -16"><span class='ocrx_word' id='word_1_437' title='bbox 312 3870 421 3925; x_wconf 74' lang='grc' dir='ltr'>καὶ</span> <span class='ocrx_word' id='word_1_438' title='bbox 447 3869 646 3941; x_wconf 76' lang='grc' dir='ltr'>μᾶλλον</span> <span class='ocrx_word' id='word_1_439' title='bbox 674 3869 909 3923; x_wconf 82' lang='grc' dir='ltr'>δεικνύει</span> <span class='ocrx_word' id='word_1_440' title='bbox 931 3868 993 3921; x_wconf 83' lang='grc' dir='ltr'>τὸ</span> <span class='ocrx_word' id='word_1_441' title='bbox 1018 3868 1223 3936; x_wconf 79' lang='grc' dir='ltr'>θαῦμα,</span> <span class='ocrx_word' id='word_1_442' title='bbox 1256 3867 1338 3920; x_wconf 86' lang='grc' dir='ltr'>ὃτι</span> <span class='ocrx_word' id='word_1_443' title='bbox 1367 3866 1573 3935; x_wconf 80' lang='grc' dir='ltr'>ταχέως</span> <span class='ocrx_word' id='word_1_444' title='bbox 1608 3863 1898 3935; x_wconf 67' lang='grc' dir='ltr'>ἐξηράνθη·</span> 
     </span>
    </p>
   </div>
   <div class='ocr_carea' id='block_1_60' title="bbox 317 3956 1902 4032">
    <p class='ocr_par' dir='ltr' id='par_1_60' title="bbox 317 3956 1902 4032">
     <span class='ocr_line' id='line_1_60' title="bbox 317 3956 1902 4032; baseline -0.006 -16"><span class='ocrx_word' id='word_1_445' title='bbox 317 3963 586 4032; x_wconf 81' lang='grc' dir='ltr'>σημαίνει</span> <span class='ocrx_word' id='word_1_446' title='bbox 629 3961 685 4015; x_wconf 79' lang='grc' dir='ltr'>δὲ</span> <span class='ocrx_word' id='word_1_447' title='bbox 725 3963 758 4031; x_wconf 84' lang='grc' dir='ltr'>ὴ</span> <span class='ocrx_word' id='word_1_448' title='bbox 798 3961 970 4030; x_wconf 81' lang='grc' dir='ltr'>συκῆ,</span> <span class='ocrx_word' id='word_1_449' title='bbox 1011 3960 1104 4013; x_wconf 68' lang='grc' dir='ltr'>καὶ</span> <span class='ocrx_word' id='word_1_450' title='bbox 1142 3959 1239 4029; x_wconf 78' lang='grc' dir='ltr'>τὴν</span> <span class='ocrx_word' id='word_1_451' title='bbox 1278 3958 1389 4011; x_wconf 89' lang='grc' dir='ltr'><strong>τῶν</strong></span> <span class='ocrx_word' id='word_1_452' title='bbox 1437 3956 1705 4011; x_wconf 86' lang='grc' dir='ltr'>Ἰουδαίων</span> <span class='ocrx_word' id='word_1_453' title='bbox 1767 3957 1902 4009; x_wconf 85' lang='grc' dir='ltr'>Συν-</span> 
     </span>
    </p>
   </div>
   <div class='ocr_carea' id='block_1_61' title="bbox 220 4046 1903 4125">
    <p class='ocr_par' dir='ltr' id='par_1_61' title="bbox 220 4046 1903 4125">
     <span class='ocr_line' id='line_1_61' title="bbox 220 4046 1903 4125; baseline -0.006 -15"><span class='ocrx_word' id='word_1_454' title='bbox 220 4046 225 4049; x_wconf 41' lang='grc'>’</span> <span class='ocrx_word' id='word_1_455' title='bbox 316 4057 572 4125; x_wconf 82' lang='grc' dir='ltr'>αγωγὴν,</span> <span class='ocrx_word' id='word_1_456' title='bbox 592 4054 767 4123; x_wconf 82' lang='grc' dir='ltr'>φύλλα</span> <span class='ocrx_word' id='word_1_457' title='bbox 784 4053 944 4124; x_wconf 83' lang='grc' dir='ltr'>μόνον</span> <span class='ocrx_word' id='word_1_458' title='bbox 961 4052 1206 4125; x_wconf 74' lang='grc' dir='ltr'>ἔχουσαν,</span> <span class='ocrx_word' id='word_1_459' title='bbox 1221 4050 1489 4114; x_wconf 79' lang='grc' dir='ltr'>τουτέστι,</span> <span class='ocrx_word' id='word_1_460' title='bbox 1508 4049 1568 4103; x_wconf 82' lang='grc' dir='ltr'>τὸ</span> <span class='ocrx_word' id='word_1_461' title='bbox 1581 4048 1903 4118; x_wconf 81' lang='grc' dir='ltr'>φαινόμενον</span> 
     </span>
    </p>
   </div>
   <div class='ocr_carea' id='block_1_62' title="bbox 318 4142 1905 4221">
    <p class='ocr_par' dir='ltr' id='par_1_62' title="bbox 318 4142 1905 4221">
     <span class='ocr_line' id='line_1_62' title="bbox 318 4142 1905 4221; baseline -0.006 -18"><span class='ocrx_word' id='word_1_462' title='bbox 318 4150 565 4221; x_wconf 80' lang='grc' dir='ltr'>γράμμα</span> <span class='ocrx_word' id='word_1_463' title='bbox 586 4190 601 4214; x_wconf 88' lang='grc'><strong>,</strong></span> <span class='ocrx_word' id='word_1_464' title='bbox 625 4147 748 4216; x_wconf 79' lang='grc' dir='ltr'><strong>οὐχὶ</strong></span> <span class='ocrx_word' id='word_1_465' title='bbox 767 4146 862 4199; x_wconf 83' lang='grc' dir='ltr'>τὸν</span> <span class='ocrx_word' id='word_1_466' title='bbox 891 4146 1100 4218; x_wconf 74' lang='grc' dir='ltr'>καρπὸν</span> <span class='ocrx_word' id='word_1_467' title='bbox 1126 4143 1218 4197; x_wconf 78' lang='grc' dir='ltr'>τοῦ</span> <span class='ocrx_word' id='word_1_468' title='bbox 1248 4144 1574 4214; x_wconf 83' lang='grc' dir='ltr'>πνεύματος.</span> <span class='ocrx_word' id='word_1_469' title='bbox 1621 4142 1782 4195; x_wconf 79' lang='grc' dir='ltr'>Ἀλλὰ</span> <span class='ocrx_word' id='word_1_470' title='bbox 1810 4143 1905 4194; x_wconf 73' lang='grc' dir='ltr'>καὶ</span> 
     </span>
    </p>
   </div>
   <div class='ocr_carea' id='block_1_63' title="bbox 323 4232 1906 4311">
    <p class='ocr_par' dir='ltr' id='par_1_63' title="bbox 323 4232 1906 4311">
     <span class='ocr_line' id='line_1_63' title="bbox 323 4232 1906 4311; baseline -0.008 -17"><span class='ocrx_word' id='word_1_471' title='bbox 323 4242 440 4304; x_wconf 74' lang='grc' dir='ltr'>στάς</span> <span class='ocrx_word' id='word_1_472' title='bbox 468 4241 753 4311; x_wconf 82' lang='grc' dir='ltr'>ἄνθρωπος</span> <span class='ocrx_word' id='word_1_473' title='bbox 778 4240 844 4308; x_wconf 77' lang='grc' dir='ltr'>τῇ</span> <span class='ocrx_word' id='word_1_474' title='bbox 870 4234 1168 4304; x_wconf 84' lang='grc' dir='ltr'>γλυκύτητι</span> <span class='ocrx_word' id='word_1_475' title='bbox 1189 4233 1282 4287; x_wconf 83' lang='grc' dir='ltr'>τοῦ</span> <span class='ocrx_word' id='word_1_476' title='bbox 1306 4233 1572 4303; x_wconf 85' lang='grc' dir='ltr'>παρόντος</span> <span class='ocrx_word' id='word_1_477' title='bbox 1601 4233 1713 4303; x_wconf 84' lang='grc' dir='ltr'>βίου</span> <span class='ocrx_word' id='word_1_478' title='bbox 1745 4232 1906 4284; x_wconf 79' lang='grc' dir='ltr'>αὑτὸν</span> 
     </span>
    </p>
   </div>
   <div class='ocr_carea' id='block_1_64' title="bbox 321 4324 1907 4401">
    <p class='ocr_par' dir='ltr' id='par_1_64' title="bbox 321 4324 1907 4401">
     <span class='ocr_line' id='line_1_64' title="bbox 321 4324 1907 4401; baseline -0.008 -13"><span class='ocrx_word' id='word_1_479' title='bbox 321 4331 640 4393; x_wconf 71' lang='grc' dir='ltr'>ἐκδεδωκὼς</span> <span class='ocrx_word' id='word_1_480' title='bbox 663 4372 678 4393; x_wconf 90' lang='grc'><strong>,</strong></span> <span class='ocrx_word' id='word_1_481' title='bbox 714 4333 854 4401; x_wconf 75' lang='grc' dir='ltr'>συκῇ</span> <span class='ocrx_word' id='word_1_482' title='bbox 900 4328 1281 4392; x_wconf 71' lang='grc' dir='ltr'>ἀπεικάζεται*</span> <span class='ocrx_word' id='word_1_483' title='bbox 1316 4326 1374 4389; x_wconf 85' lang='grc' dir='ltr'>ὃς</span> <span class='ocrx_word' id='word_1_484' title='bbox 1419 4324 1631 4397; x_wconf 79' lang='grc' dir='ltr'>καρπὸν</span> <span class='ocrx_word' id='word_1_485' title='bbox 1661 4325 1761 4378; x_wconf 76' lang='grc' dir='ltr'>οὐκ</span> <span class='ocrx_word' id='word_1_486' title='bbox 1790 4324 1907 4394; x_wconf 74' lang='grc' dir='ltr'>ἔχει</span> 
     </span>
    </p>
   </div>
   <div class='ocr_carea' id='block_1_65' title="bbox 324 4419 1939 4496">
    <p class='ocr_par' dir='ltr' id='par_1_65' title="bbox 324 4419 1939 4496">
     <span class='ocr_line' id='line_1_65' title="bbox 324 4419 1939 4496; baseline -0.004 -17"><span class='ocrx_word' id='word_1_487' title='bbox 324 4426 698 4496; x_wconf 80' lang='grc' dir='ltr'>πνευματικὸν</span> <span class='ocrx_word' id='word_1_488' title='bbox 717 4465 731 4488; x_wconf 86' lang='grc'><strong>,</strong></span> <span class='ocrx_word' id='word_1_489' title='bbox 774 4426 861 4478; x_wconf 76' lang='grc' dir='ltr'>ἵνα</span> <span class='ocrx_word' id='word_1_490' title='bbox 888 4422 1144 4477; x_wconf 85' lang='grc' dir='ltr'>πεινῶντι</span> <span class='ocrx_word' id='word_1_491' title='bbox 1170 4421 1249 4492; x_wconf 80' lang='grc' dir='ltr'>τῷ</span> <span class='ocrx_word' id='word_1_492' title='bbox 1290 4419 1463 4492; x_wconf 81' lang='grc' dir='ltr'><strong>Ἰησοῦ</strong></span> <span class='ocrx_word' id='word_1_493' title='bbox 1491 4419 1591 4490; x_wconf 81' lang='grc' dir='ltr'>δῷ,</span> <span class='ocrx_word' id='word_1_494' title='bbox 1638 4419 1811 4489; x_wconf 79' lang='grc' dir='ltr'>φύλλα</span> <span class='ocrx_word' id='word_1_495' title='bbox 1850 4419 1908 4473; x_wconf 80' lang='grc' dir='ltr'>δὲ</span> <span class='ocrx_word' id='word_1_496' title='bbox 1934 4428 1939 4431; x_wconf 87' lang='grc'><strong>’</strong></span> 
     </span>
    </p>
   </div>
   <div class='ocr_carea' id='block_1_66' title="bbox 331 4509 1903 4586">
    <p class='ocr_par' dir='ltr' id='par_1_66' title="bbox 331 4509 1903 4586">
     <span class='ocr_line' id='line_1_66' title="bbox 331 4509 1903 4586; baseline -0.001 -22"><span class='ocrx_word' id='word_1_497' title='bbox 331 4516 516 4586; x_wconf 77' lang='grc' dir='ltr'>μόνον,</span> <span class='ocrx_word' id='word_1_498' title='bbox 536 4515 635 4586; x_wconf 85' lang='grc' dir='ltr'>τὴν</span> <span class='ocrx_word' id='word_1_499' title='bbox 664 4514 999 4585; x_wconf 86' lang='grc' dir='ltr'>πρόσκαιρον</span> <span class='ocrx_word' id='word_1_500' title='bbox 1026 4511 1328 4582; x_wconf 77' lang='grc' dir='ltr'>φαντασίαν</span> <span class='ocrx_word' id='word_1_501' title='bbox 1356 4511 1448 4564; x_wconf 63' lang='grc' dir='ltr'><strong>καὶ⁹</strong></span> <span class='ocrx_word' id='word_1_502' title='bbox 1473 4509 1903 4582; x_wconf 73' lang='grc' dir='ltr'>καταρρέουσαν.</span> 
     </span>
    </p>
   </div>
   <div class='ocr_carea' id='block_1_67' title="bbox 327 4600 1907 4677">
    <p class='ocr_par' dir='ltr' id='par_1_67' title="bbox 327 4600 1907 4677">
     <span class='ocr_line' id='line_1_67' title="bbox 327 4600 1907 4677; baseline -0.004 -18"><span class='ocrx_word' id='word_1_503' title='bbox 327 4601 499 4668; x_wconf 75' lang='grc' dir='ltr'>οὗτος</span> <span class='ocrx_word' id='word_1_504' title='bbox 509 4601 604 4659; x_wconf 81' lang='grc' dir='ltr'>οὖν</span> <span class='ocrx_word' id='word_1_505' title='bbox 626 4605 1002 4677; x_wconf 80' lang='grc' dir='ltr'>κατηραμένος</span> <span class='ocrx_word' id='word_1_506' title='bbox 1022 4602 1227 4656; x_wconf 82' lang='grc' dir='ltr'>ἀκούει.</span> <span class='ocrx_word' id='word_1_507' title='bbox 1249 4600 1551 4672; x_wconf 86' lang='grc' dir='ltr'>Πορεύεσθε</span> <span class='ocrx_word' id='word_1_508' title='bbox 1566 4600 1697 4670; x_wconf 79' lang='grc' dir='ltr'>γὰρ,</span> <span class='ocrx_word' id='word_1_509' title='bbox 1719 4602 1907 4670; x_wconf 75' lang='grc' dir='ltr'>φησὶν,</span> 
     </span>
    </p>
   </div>
   <div class='ocr_carea' id='block_1_68' title="bbox 1994 2215 3279 2280">
    <p class='ocr_par' dir='ltr' id='par_1_68' title="bbox 1994 2215 3279 2280">
     <span class='ocr_line' id='line_1_68' title="bbox 1994 2215 3279 2280; baseline 0 -13"><span class='ocrx_word' id='word_1_510' title='bbox 1994 2234 2012 2267; x_wconf 86' lang='grc' dir='ltr'><strong>ι</strong></span> <span class='ocrx_word' id='word_1_511' title='bbox 2050 2215 2316 2272; x_wconf 77' lang='lat' dir='ltr'><strong>ﬂabitaho</strong></span> <span class='ocrx_word' id='word_1_512' title='bbox 2351 2216 2400 2271; x_wconf 92' lang='lat' dir='ltr'><strong>in</strong></span> <span class='ocrx_word' id='word_1_513' title='bbox 2438 2216 2539 2280; x_wconf 90' lang='lat' dir='ltr'><strong>eis,</strong></span> <span class='ocrx_word' id='word_1_514' title='bbox 2572 2226 2626 2271; x_wconf 91' lang='lat' dir='ltr'><strong>et</strong></span> <span class='ocrx_word' id='word_1_515' title='bbox 2655 2215 2941 2272; x_wconf 85' lang='lat' dir='ltr'><strong>amhulaho</strong></span> <span class='ocrx_word' id='word_1_516' title='bbox 2972 2216 3025 2271; x_wconf 88' lang='lat' dir='ltr'><strong>in</strong></span> <span class='ocrx_word' id='word_1_517' title='bbox 3051 2218 3129 2271; x_wconf 84' lang='lat' dir='ltr'><strong>eis</strong></span> <span class='ocrx_word' id='word_1_518' title='bbox 3152 2216 3219 2270; x_wconf 79' lang='lat'><strong>”.</strong></span> <span class='ocrx_word' id='word_1_519' title='bbox 3261 2234 3279 2267; x_wconf 77' lang='grc' dir='ltr'><strong>ι</strong></span> 
     </span>
    </p>
   </div>
   <div class='ocr_carea' id='block_1_69' title="bbox 2064 2400 3569 2467">
    <p class='ocr_par' dir='ltr' id='par_1_69' title="bbox 2064 2400 3569 2467">
     <span class='ocr_line' id='line_1_69' title="bbox 2064 2400 3569 2467; baseline -0.001 -7"><span class='ocrx_word' id='word_1_520' title='bbox 2064 2404 2228 2460; x_wconf 75' lang='lat' dir='ltr'><strong>Vsus.</strong></span> <span class='ocrx_word' id='word_1_521' title='bbox 2264 2403 2350 2467; x_wconf 72' lang='lat'><strong>18,</strong></span> <span class='ocrx_word' id='word_1_522' title='bbox 2389 2403 2473 2458; x_wconf 86' lang='lat' dir='ltr'><strong>l9.</strong></span> <span class='ocrx_word' id='word_1_523' title='bbox 2510 2423 2527 2454; x_wconf 86' lang='grc' dir='ltr'><strong>ι</strong></span> <span class='ocrx_word' id='word_1_524' title='bbox 2570 2404 2722 2457; x_wconf 75' lang='lat' dir='ltr'><strong>Mane</strong></span> <span class='ocrx_word' id='word_1_525' title='bbox 2752 2414 2933 2457; x_wconf 86' lang='lat' dir='ltr'><strong>autem</strong></span> <span class='ocrx_word' id='word_1_526' title='bbox 2978 2414 3257 2459; x_wconf 86' lang='lat' dir='ltr'><strong>revertens</strong></span> <span class='ocrx_word' id='word_1_527' title='bbox 3291 2402 3343 2458; x_wconf 84' lang='lat' dir='ltr'><strong>in</strong></span> <span class='ocrx_word' id='word_1_528' title='bbox 3378 2400 3569 2458; x_wconf 79' lang='lat' dir='ltr'><strong>civita-</strong></span> 
     </span>
    </p>
   </div>
   <div class='ocr_carea' id='block_1_70' title="bbox 1993 2493 3566 2559">
    <p class='ocr_par' dir='ltr' id='par_1_70' title="bbox 1993 2493 3566 2559">
     <span class='ocr_line' id='line_1_70' title="bbox 1993 2493 3566 2559; baseline -0.003 -9"><span class='ocrx_word' id='word_1_529' title='bbox 1993 2506 2137 2559; x_wconf 87' lang='lat' dir='ltr'><strong>tem,</strong></span> <span class='ocrx_word' id='word_1_530' title='bbox 2172 2495 2384 2551; x_wconf 89' lang='lat' dir='ltr'><strong>esnriit.</strong></span> <span class='ocrx_word' id='word_1_531' title='bbox 2415 2494 2479 2549; x_wconf 86' lang='lat' dir='ltr'><strong>Et</strong></span> <span class='ocrx_word' id='word_1_532' title='bbox 2510 2512 2631 2549; x_wconf 83' lang='lat' dir='ltr'><strong>cum</strong></span> <span class='ocrx_word' id='word_1_533' title='bbox 2666 2497 2888 2552; x_wconf 87' lang='lat' dir='ltr'><strong>vidisset</strong></span> <span class='ocrx_word' id='word_1_534' title='bbox 2923 2496 3007 2552; x_wconf 76' lang='lat' dir='ltr'><strong>[lci</strong></span> <span class='ocrx_word' id='word_1_535' title='bbox 3042 2496 3290 2550; x_wconf 79' lang='lat' dir='ltr'><strong>arborem</strong></span> <span class='ocrx_word' id='word_1_536' title='bbox 3324 2509 3484 2548; x_wconf 90' lang='lat' dir='ltr'><strong>unam</strong></span> <span class='ocrx_word' id='word_1_537' title='bbox 3513 2493 3566 2547; x_wconf 92' lang='lat' dir='ltr'><strong>in</strong></span> 
     </span>
    </p>
   </div>
   <div class='ocr_carea' id='block_1_71' title="bbox 1991 2583 3569 2652">
    <p class='ocr_par' dir='ltr' id='par_1_71' title="bbox 1991 2583 3569 2652">
     <span class='ocr_line' id='line_1_71' title="bbox 1991 2583 3569 2652; baseline -0.001 -11"><span class='ocrx_word' id='word_1_538' title='bbox 1991 2583 2100 2652; x_wconf 81' lang='lat' dir='ltr'><strong>via,</strong></span> <span class='ocrx_word' id='word_1_539' title='bbox 2133 2584 2276 2641; x_wconf 83' lang='lat' dir='ltr'><strong>venit</strong></span> <span class='ocrx_word' id='word_1_540' title='bbox 2310 2586 2376 2640; x_wconf 81' lang='lat' dir='ltr'><strong>ad</strong></span> <span class='ocrx_word' id='word_1_541' title='bbox 2417 2602 2557 2651; x_wconf 87' lang='lat' dir='ltr'><strong>eam,</strong></span> <span class='ocrx_word' id='word_1_542' title='bbox 2588 2594 2643 2641; x_wconf 82' lang='lat' dir='ltr'><strong>et</strong></span> <span class='ocrx_word' id='word_1_543' title='bbox 2673 2587 2805 2641; x_wconf 83' lang='lat' dir='ltr'><strong>nihil</strong></span> <span class='ocrx_word' id='word_1_544' title='bbox 2842 2587 3049 2643; x_wconf 86' lang='lat' dir='ltr'><strong>invenit</strong></span> <span class='ocrx_word' id='word_1_545' title='bbox 3094 2588 3147 2640; x_wconf 87' lang='lat' dir='ltr'><strong>in</strong></span> <span class='ocrx_word' id='word_1_546' title='bbox 3180 2602 3262 2649; x_wconf 86' lang='lat' dir='ltr'><strong>ea,</strong></span> <span class='ocrx_word' id='word_1_547' title='bbox 3302 2585 3400 2641; x_wconf 88' lang='lat' dir='ltr'><strong>nisi</strong></span> <span class='ocrx_word' id='word_1_548' title='bbox 3441 2583 3569 2639; x_wconf 83' lang='lat' dir='ltr'><strong>folia</strong></span> 
     </span>
    </p>
   </div>
   <div class='ocr_carea' id='block_1_72' title="bbox 1993 2677 3569 2748">
    <p class='ocr_par' dir='ltr' id='par_1_72' title="bbox 1993 2677 3569 2748">
     <span class='ocr_line' id='line_1_72' title="bbox 1993 2677 3569 2748; baseline -0.004 -13"><span class='ocrx_word' id='word_1_549' title='bbox 1993 2690 2224 2745; x_wconf 84' lang='lat' dir='ltr'><strong>tantum,</strong></span> <span class='ocrx_word' id='word_1_550' title='bbox 2253 2687 2307 2734; x_wconf 86' lang='lat' dir='ltr'><strong>et</strong></span> <span class='ocrx_word' id='word_1_551' title='bbox 2342 2678 2418 2733; x_wconf 90' lang='lat' dir='ltr'><strong>ait</strong></span> <span class='ocrx_word' id='word_1_552' title='bbox 2454 2678 2525 2732; x_wconf 89' lang='lat' dir='ltr'><strong>illi</strong></span> <span class='ocrx_word' id='word_1_553' title='bbox 2558 2697 2571 2732; x_wconf 87' lang='lat'><strong>:</strong></span> <span class='ocrx_word' id='word_1_554' title='bbox 2603 2677 2682 2733; x_wconf 85' lang='lat' dir='ltr'><strong>Ne</strong></span> <span class='ocrx_word' id='word_1_555' title='bbox 2706 2680 2931 2748; x_wconf 83' lang='lat' dir='ltr'><strong>posthac</strong></span> <span class='ocrx_word' id='word_1_556' title='bbox 2966 2695 3032 2733; x_wconf 80' lang='lat' dir='ltr'><strong>ex</strong></span> <span class='ocrx_word' id='word_1_557' title='bbox 3063 2687 3113 2734; x_wconf 79' lang='lat' dir='ltr'><strong>te</strong></span> <span class='ocrx_word' id='word_1_558' title='bbox 3146 2678 3350 2731; x_wconf 80' lang='lat' dir='ltr'><strong>fructus</strong></span> <span class='ocrx_word' id='word_1_559' title='bbox 3374 2690 3569 2731; x_wconf 85' lang='lat' dir='ltr'><strong>nasca-</strong></span> 
     </span>
    </p>
   </div>
   <div class='ocr_carea' id='block_1_73' title="bbox 1994 2765 3569 2824">
    <p class='ocr_par' dir='ltr' id='par_1_73' title="bbox 1994 2765 3569 2824">
     <span class='ocr_line' id='line_1_73' title="bbox 1994 2765 3569 2824; baseline -0.004 -1"><span class='ocrx_word' id='word_1_560' title='bbox 1994 2781 2083 2824; x_wconf 87' lang='lat' dir='ltr'><strong>tur</strong></span> <span class='ocrx_word' id='word_1_561' title='bbox 2106 2770 2157 2822; x_wconf 92' lang='lat' dir='ltr'><strong>in</strong></span> <span class='ocrx_word' id='word_1_562' title='bbox 2182 2779 2465 2823; x_wconf 70' lang='lat' dir='ltr'><strong>mternum.</strong></span> <span class='ocrx_word' id='word_1_563' title='bbox 2490 2767 2552 2821; x_wconf 84' lang='lat' dir='ltr'><strong>Et</strong></span> <span class='ocrx_word' id='word_1_564' title='bbox 2585 2767 2819 2822; x_wconf 77' lang='lat' dir='ltr'><strong>arclacta</strong></span> <span class='ocrx_word' id='word_1_565' title='bbox 2846 2776 2929 2822; x_wconf 86' lang='lat' dir='ltr'><strong>est.</strong></span> <span class='ocrx_word' id='word_1_566' title='bbox 2948 2766 3203 2821; x_wconf 86' lang='lat' dir='ltr'><strong>continuo</strong></span> <span class='ocrx_word' id='word_1_567' title='bbox 3233 2765 3363 2819; x_wconf 83' lang='lat' dir='ltr'><strong>licus</strong></span> <span class='ocrx_word' id='word_1_568' title='bbox 3389 2782 3403 2819; x_wconf 90' lang='lat'><strong>:</strong></span> <span class='ocrx_word' id='word_1_569' title='bbox 3427 2774 3480 2818; x_wconf 88' lang='lat' dir='ltr'><strong>et</strong></span> <span class='ocrx_word' id='word_1_570' title='bbox 3504 2779 3569 2818; x_wconf 90' lang='lat' dir='ltr'><strong>eo</strong></span> 
     </span>
    </p>
   </div>
   <div class='ocr_carea' id='block_1_74' title="bbox 1993 2854 3571 2929">
    <p class='ocr_par' dir='ltr' id='par_1_74' title="bbox 1993 2854 3571 2929">
     <span class='ocr_line' id='line_1_74' title="bbox 1993 2854 3571 2929; baseline -0.002 -17"><span class='ocrx_word' id='word_1_571' title='bbox 1993 2861 2111 2914; x_wconf 87' lang='lat' dir='ltr'><strong>visu</strong></span> <span class='ocrx_word' id='word_1_572' title='bbox 2139 2860 2384 2929; x_wconf 74' lang='lat' dir='ltr'><strong>discipuli</strong></span> <span class='ocrx_word' id='word_1_573' title='bbox 2418 2859 2597 2912; x_wconf 78' lang='lat' dir='ltr'><strong>mirati</strong></span> <span class='ocrx_word' id='word_1_574' title='bbox 2623 2868 2768 2918; x_wconf 88' lang='lat' dir='ltr'><strong>sunt,</strong></span> <span class='ocrx_word' id='word_1_575' title='bbox 2803 2858 3044 2912; x_wconf 69' lang='lat' dir='ltr'><strong>dicentes</strong></span> <span class='ocrx_word' id='word_1_576' title='bbox 3072 2874 3087 2911; x_wconf 87' lang='lat'><strong>:</strong></span> <span class='ocrx_word' id='word_1_577' title='bbox 3123 2854 3409 2923; x_wconf 86' lang='lat' dir='ltr'><strong>Quomodo</strong></span> <span class='ocrx_word' id='word_1_578' title='bbox 3439 2870 3571 2911; x_wconf 84' lang='lat' dir='ltr'><strong>con-</strong></span> 
     </span>
    </p>
   </div>
   <div class='ocr_carea' id='block_1_75' title="bbox 1998 2945 3570 3017">
    <p class='ocr_par' dir='ltr' id='par_1_75' title="bbox 1998 2945 3570 3017">
     <span class='ocr_line' id='line_1_75' title="bbox 1998 2945 3570 3017; baseline -0.003 -12"><span class='ocrx_word' id='word_1_579' title='bbox 1998 2950 2149 3006; x_wconf 87' lang='lat' dir='ltr'><strong>tinuo</strong></span> <span class='ocrx_word' id='word_1_580' title='bbox 2176 2950 2392 3003; x_wconf 78' lang='lat' dir='ltr'><strong>exaruit</strong></span> <span class='ocrx_word' id='word_1_581' title='bbox 2426 2948 2597 3003; x_wconf 81' lang='lat' dir='ltr'><strong>licus?</strong></span> <span class='ocrx_word' id='word_1_582' title='bbox 2627 2967 2644 2999; x_wconf 74' lang='grc' dir='ltr'><strong>ι</strong></span> <span class='ocrx_word' id='word_1_583' title='bbox 2674 2948 2939 3017; x_wconf 82' lang='lat' dir='ltr'><strong>Quoniam</strong></span> <span class='ocrx_word' id='word_1_584' title='bbox 2972 2948 3227 3003; x_wconf 89' lang='lat' dir='ltr'><strong>Dominus</strong></span> <span class='ocrx_word' id='word_1_585' title='bbox 3256 2945 3570 3014; x_wconf 78' lang='lat' dir='ltr'><strong>frequenter</strong></span> 
     </span>
    </p>
   </div>
   <div class='ocr_carea' id='block_1_76' title="bbox 1996 3036 3572 3113">
    <p class='ocr_par' dir='ltr' id='par_1_76' title="bbox 1996 3036 3572 3113">
     <span class='ocr_line' id='line_1_76' title="bbox 1996 3036 3572 3113; baseline -0.004 -17"><span class='ocrx_word' id='word_1_586' title='bbox 1996 3041 2255 3096; x_wconf 76' lang='lat' dir='ltr'><strong>miracula</strong></span> <span class='ocrx_word' id='word_1_587' title='bbox 2291 3051 2546 3109; x_wconf 80' lang='lat' dir='ltr'><strong>operatus</strong></span> <span class='ocrx_word' id='word_1_588' title='bbox 2586 3049 2688 3104; x_wconf 87' lang='lat' dir='ltr'><strong>est,</strong></span> <span class='ocrx_word' id='word_1_589' title='bbox 2716 3048 2770 3094; x_wconf 88' lang='lat' dir='ltr'><strong>et</strong></span> <span class='ocrx_word' id='word_1_590' title='bbox 2801 3040 2853 3093; x_wconf 91' lang='lat' dir='ltr'><strong>in</strong></span> <span class='ocrx_word' id='word_1_591' title='bbox 2883 3038 3135 3113; x_wconf 73' lang='lat' dir='ltr'><strong>omnibus</strong></span> <span class='ocrx_word' id='word_1_592' title='bbox 3179 3039 3278 3093; x_wconf 78' lang='lat' dir='ltr'><strong>hoc</strong></span> <span class='ocrx_word' id='word_1_593' title='bbox 3307 3036 3572 3107; x_wconf 80' lang='lat' dir='ltr'><strong>spectavit</strong></span> 
     </span>
    </p>
   </div>
   <div class='ocr_carea' id='block_1_77' title="bbox 1998 3128 3567 3200">
    <p class='ocr_par' dir='ltr' id='par_1_77' title="bbox 1998 3128 3567 3200">
     <span class='ocr_line' id='line_1_77' title="bbox 1998 3128 3567 3200; baseline -0.004 -13"><span class='ocrx_word' id='word_1_594' title='bbox 1998 3144 2055 3187; x_wconf 89' lang='lat' dir='ltr'><strong>ut</strong></span> <span class='ocrx_word' id='word_1_595' title='bbox 2087 3131 2453 3197; x_wconf 71' lang='lat' dir='ltr'><strong>hencl‘acet&#39;ct,</strong></span> <span class='ocrx_word' id='word_1_596' title='bbox 2481 3131 2687 3186; x_wconf 89' lang='lat' dir='ltr'><strong>nullmn</strong></span> <span class='ocrx_word' id='word_1_597' title='bbox 2714 3142 2891 3185; x_wconf 83' lang='lat' dir='ltr'><strong>autem</strong></span> <span class='ocrx_word' id='word_1_598' title='bbox 2920 3131 3154 3185; x_wconf 85' lang='lat' dir='ltr'><strong>ostendit</strong></span> <span class='ocrx_word' id='word_1_599' title='bbox 3181 3146 3287 3200; x_wconf 90' lang='lat' dir='ltr'><strong>quo</strong></span> <span class='ocrx_word' id='word_1_600' title='bbox 3309 3128 3521 3198; x_wconf 87' lang='lat' dir='ltr'><strong>puniret</strong></span> <span class='ocrx_word' id='word_1_601' title='bbox 3549 3145 3567 3181; x_wconf 83' lang='lat'><strong>:</strong></span> 
     </span>
    </p>
   </div>
   <div class='ocr_carea' id='block_1_78' title="bbox 2003 3221 3572 3295">
    <p class='ocr_par' dir='ltr' id='par_1_78' title="bbox 2003 3221 3572 3295">
     <span class='ocr_line' id='line_1_78' title="bbox 2003 3221 3572 3295; baseline -0.003 -16"><span class='ocrx_word' id='word_1_602' title='bbox 2003 3226 2161 3295; x_wconf 76' lang='lat'><strong>112</strong></span> <span class='ocrx_word' id='word_1_603' title='bbox 2192 3241 2258 3279; x_wconf 93' lang='lat' dir='ltr'><strong>ne</strong></span> <span class='ocrx_word' id='word_1_604' title='bbox 2282 3235 2529 3293; x_wconf 82' lang='lat' dir='ltr'><strong>putarent</strong></span> <span class='ocrx_word' id='word_1_605' title='bbox 2561 3223 2706 3293; x_wconf 91' lang='lat' dir='ltr'><strong>quod</strong></span> <span class='ocrx_word' id='word_1_606' title='bbox 2742 3239 2845 3276; x_wconf 89' lang='lat' dir='ltr'><strong>non</strong></span> <span class='ocrx_word' id='word_1_607' title='bbox 2879 3232 3063 3293; x_wconf 66' lang='lat' dir='ltr'><strong>posset</strong></span> <span class='ocrx_word' id='word_1_608' title='bbox 3087 3222 3300 3291; x_wconf 91' lang='lat' dir='ltr'><strong>punire,</strong></span> <span class='ocrx_word' id='word_1_609' title='bbox 3333 3221 3572 3276; x_wconf 69' lang='lat' dir='ltr'><strong>ostendit</strong></span> 
     </span>
    </p>
   </div>
   <div class='ocr_carea' id='block_1_79' title="bbox 2001 3312 3573 3385">
    <p class='ocr_par' dir='ltr' id='par_1_79' title="bbox 2001 3312 3573 3385">
     <span class='ocr_line' id='line_1_79' title="bbox 2001 3312 3573 3385; baseline -0.003 -11"><span class='ocrx_word' id='word_1_610' title='bbox 2001 3321 2103 3374; x_wconf 84' lang='lat' dir='ltr'><strong>hoc</strong></span> <span class='ocrx_word' id='word_1_611' title='bbox 2127 3320 2243 3371; x_wconf 77' lang='lat' dir='ltr'><strong>loco</strong></span> <span class='ocrx_word' id='word_1_612' title='bbox 2274 3328 2326 3371; x_wconf 92' lang='lat' dir='ltr'><strong>et</strong></span> <span class='ocrx_word' id='word_1_613' title='bbox 2358 3318 2495 3385; x_wconf 80' lang='lat' dir='ltr'><strong>hanc</strong></span> <span class='ocrx_word' id='word_1_614' title='bbox 2519 3333 2669 3373; x_wconf 86' lang='lat' dir='ltr'><strong>suam</strong></span> <span class='ocrx_word' id='word_1_615' title='bbox 2703 3324 3019 3385; x_wconf 72' lang='lat' dir='ltr'><strong>povcstatem</strong></span> <span class='ocrx_word' id='word_1_616' title='bbox 3056 3332 3069 3369; x_wconf 87' lang='lat'><strong>:</strong></span> <span class='ocrx_word' id='word_1_617' title='bbox 3103 3331 3206 3368; x_wconf 88' lang='lat' dir='ltr'><strong>non</strong></span> <span class='ocrx_word' id='word_1_618' title='bbox 3242 3315 3290 3366; x_wconf 90' lang='lat' dir='ltr'><strong>in</strong></span> <span class='ocrx_word' id='word_1_619' title='bbox 3325 3312 3573 3370; x_wconf 83' lang='lat' dir='ltr'><strong>homines</strong></span> 
     </span>
    </p>
   </div>
   <div class='ocr_carea' id='block_1_80' title="bbox 1999 3407 3575 3477">
    <p class='ocr_par' dir='ltr' id='par_1_80' title="bbox 1999 3407 3575 3477">
     <span class='ocr_line' id='line_1_80' title="bbox 1999 3407 3575 3477; baseline -0.005 -10"><span class='ocrx_word' id='word_1_620' title='bbox 1999 3412 2087 3467; x_wconf 88' lang='lat' dir='ltr'><strong>illa</strong></span> <span class='ocrx_word' id='word_1_621' title='bbox 2123 3422 2302 3477; x_wconf 90' lang='lat' dir='ltr'><strong>utens,</strong></span> <span class='ocrx_word' id='word_1_622' title='bbox 2338 3411 2430 3466; x_wconf 83' lang='lat' dir='ltr'><strong>sed</strong></span> <span class='ocrx_word' id='word_1_623' title='bbox 2465 3412 2514 3464; x_wconf 91' lang='lat' dir='ltr'><strong>in</strong></span> <span class='ocrx_word' id='word_1_624' title='bbox 2542 3410 2814 3472; x_wconf 85' lang='lat' dir='ltr'><strong>arborem,</strong></span> <span class='ocrx_word' id='word_1_625' title='bbox 2850 3419 3034 3476; x_wconf 87' lang='lat' dir='ltr'><strong>utpote</strong></span> <span class='ocrx_word' id='word_1_626' title='bbox 3065 3408 3402 3474; x_wconf 80' lang='lat' dir='ltr'><strong>misericors,</strong></span> <span class='ocrx_word' id='word_1_627' title='bbox 3432 3407 3575 3462; x_wconf 88' lang='lat' dir='ltr'><strong>sicut.</strong></span> 
     </span>
    </p>
   </div>
   <div class='ocr_carea' id='block_1_81' title="bbox 1998 3500 3577 3575">
    <p class='ocr_par' dir='ltr' id='par_1_81' title="bbox 1998 3500 3577 3575">
     <span class='ocr_line' id='line_1_81' title="bbox 1998 3500 3577 3575; baseline -0.003 -16"><span class='ocrx_word' id='word_1_628' title='bbox 1998 3513 2053 3560; x_wconf 91' lang='lat' dir='ltr'><strong>et</strong></span> <span class='ocrx_word' id='word_1_629' title='bbox 2088 3514 2242 3558; x_wconf 81' lang='lat' dir='ltr'><strong>antea</strong></span> <span class='ocrx_word' id='word_1_630' title='bbox 2298 3505 2350 3557; x_wconf 91' lang='lat' dir='ltr'><strong>in</strong></span> <span class='ocrx_word' id='word_1_631' title='bbox 2406 3518 2619 3575; x_wconf 69' lang='lat' dir='ltr'><strong>porcos,</strong></span> <span class='ocrx_word' id='word_1_632' title='bbox 2677 3501 2919 3556; x_wconf 82' lang='lat' dir='ltr'><strong>Arefacit</strong></span> <span class='ocrx_word' id='word_1_633' title='bbox 2969 3501 3133 3571; x_wconf 78' lang='lat' dir='ltr'><strong>igitur</strong></span> <span class='ocrx_word' id='word_1_634' title='bbox 3188 3500 3466 3561; x_wconf 82' lang='lat' dir='ltr'><strong>arborem.</strong></span> <span class='ocrx_word' id='word_1_635' title='bbox 3518 3507 3577 3554; x_wconf 88' lang='lat' dir='ltr'><strong>ut</strong></span> 
     </span>
    </p>
   </div>
   <div class='ocr_carea' id='block_1_82' title="bbox 1999 3592 3573 3662">
    <p class='ocr_par' dir='ltr' id='par_1_82' title="bbox 1999 3592 3573 3662">
     <span class='ocr_line' id='line_1_82' title="bbox 1999 3592 3573 3662; baseline -0.003 -11"><span class='ocrx_word' id='word_1_636' title='bbox 1999 3597 2249 3651; x_wconf 74' lang='lat' dir='ltr'><strong>emendet</strong></span> <span class='ocrx_word' id='word_1_637' title='bbox 2276 3596 2547 3649; x_wconf 66' lang='lat' dir='ltr'><strong>homines.</strong></span> <span class='ocrx_word' id='word_1_638' title='bbox 2589 3595 2754 3648; x_wconf 78' lang='lat' dir='ltr'><strong>l’urro</strong></span> <span class='ocrx_word' id='word_1_639' title='bbox 2778 3593 3026 3662; x_wconf 85' lang='lat' dir='ltr'><strong>discipuli</strong></span> <span class='ocrx_word' id='word_1_640' title='bbox 3063 3593 3255 3648; x_wconf 89' lang='lat' dir='ltr'><strong>merito</strong></span> <span class='ocrx_word' id='word_1_641' title='bbox 3296 3592 3573 3647; x_wconf 68' lang='lat' dir='ltr'><strong>admiran~</strong></span> 
     </span>
    </p>
   </div>
   <div class='ocr_carea' id='block_1_83' title="bbox 2004 3683 3574 3753">
    <p class='ocr_par' dir='ltr' id='par_1_83' title="bbox 2004 3683 3574 3753">
     <span class='ocr_line' id='line_1_83' title="bbox 2004 3683 3574 3753; baseline -0.002 -15"><span class='ocrx_word' id='word_1_642' title='bbox 2004 3694 2113 3738; x_wconf 90' lang='lat' dir='ltr'><strong>tur.</strong></span> <span class='ocrx_word' id='word_1_643' title='bbox 2156 3686 2332 3739; x_wconf 81' lang='lat' dir='ltr'><strong>Arbor</strong></span> <span class='ocrx_word' id='word_1_644' title='bbox 2363 3685 2507 3738; x_wconf 87' lang='lat' dir='ltr'><strong>enim</strong></span> <span class='ocrx_word' id='word_1_645' title='bbox 2547 3684 2631 3737; x_wconf 75' lang='lat' dir='ltr'><strong>illa</strong></span> <span class='ocrx_word' id='word_1_646' title='bbox 2670 3685 2941 3738; x_wconf 88' lang='lat' dir='ltr'><strong>humidior</strong></span> <span class='ocrx_word' id='word_1_647' title='bbox 2976 3692 3079 3746; x_wconf 80' lang='lat' dir='ltr'><strong>est,</strong></span> <span class='ocrx_word' id='word_1_648' title='bbox 3112 3692 3165 3737; x_wconf 83' lang='lat' dir='ltr'><strong>et</strong></span> <span class='ocrx_word' id='word_1_649' title='bbox 3194 3683 3365 3753; x_wconf 89' lang='lat' dir='ltr'><strong>majus</strong></span> <span class='ocrx_word' id='word_1_650' title='bbox 3390 3692 3574 3738; x_wconf 86' lang='lat' dir='ltr'><strong>osten-</strong></span> 
     </span>
    </p>
   </div>
   <div class='ocr_carea' id='block_1_84' title="bbox 2002 3764 3609 3843">
    <p class='ocr_par' dir='ltr' id='par_1_84' title="bbox 2002 3764 3609 3843">
     <span class='ocr_line' id='line_1_84' title="bbox 2002 3764 3609 3843; baseline -0.004 -13"><span class='ocrx_word' id='word_1_651' title='bbox 2002 3775 2081 3830; x_wconf 90' lang='lat' dir='ltr'><strong>dit</strong></span> <span class='ocrx_word' id='word_1_652' title='bbox 2126 3774 2478 3839; x_wconf 88' lang='lat' dir='ltr'><strong>miraculum,</strong></span> <span class='ocrx_word' id='word_1_653' title='bbox 2512 3789 2578 3828; x_wconf 88' lang='lat' dir='ltr'><strong>eo</strong></span> <span class='ocrx_word' id='word_1_654' title='bbox 2612 3775 2756 3843; x_wconf 86' lang='lat' dir='ltr'><strong>quod</strong></span> <span class='ocrx_word' id='word_1_655' title='bbox 2792 3764 2984 3827; x_wconf 66' lang='lat' dir='ltr'><strong>statim</strong></span> <span class='ocrx_word' id='word_1_656' title='bbox 3029 3773 3262 3828; x_wconf 78' lang='lat' dir='ltr'><strong>exaruit.</strong></span> <span class='ocrx_word' id='word_1_657' title='bbox 3309 3771 3609 3828; x_wconf 69' lang='lat' dir='ltr'><strong>Cancrum.</strong></span> 
     </span>
    </p>
   </div>
   <div class='ocr_carea' id='block_1_85' title="bbox 2005 3850 3613 3935">
    <p class='ocr_par' dir='ltr' id='par_1_85' title="bbox 2005 3850 3613 3935">
     <span class='ocr_line' id='line_1_85' title="bbox 2005 3850 3613 3935; baseline 0.001 -16"><span class='ocrx_word' id='word_1_658' title='bbox 2005 3868 2140 3920; x_wconf 83' lang='lat' dir='ltr'><strong>licus</strong></span> <span class='ocrx_word' id='word_1_659' title='bbox 2173 3863 2481 3919; x_wconf 70' lang='lat' dir='ltr'><strong>Judaeorum</strong></span> <span class='ocrx_word' id='word_1_660' title='bbox 2508 3863 2777 3935; x_wconf 79' lang='lat' dir='ltr'><strong>signiﬁcat</strong></span> <span class='ocrx_word' id='word_1_661' title='bbox 2812 3861 3151 3933; x_wconf 82' lang='lat' dir='ltr'><strong>Synagogam</strong></span> <span class='ocrx_word' id='word_1_662' title='bbox 3187 3864 3310 3917; x_wconf 82' lang='lat' dir='ltr'><strong>folia</strong></span> <span class='ocrx_word' id='word_1_663' title='bbox 3339 3864 3450 3918; x_wconf 78' lang='lat' dir='ltr'><strong>sola</strong></span> <span class='ocrx_word' id='word_1_664' title='bbox 3479 3865 3576 3920; x_wconf 84' lang='lat' dir='ltr'><strong>ha-</strong></span> <span class='ocrx_word' id='word_1_665' title='bbox 3606 3850 3613 3857; x_wconf 57' lang='grc'><em>’</em></span> 
     </span>
    </p>
   </div>
   <div class='ocr_carea' id='block_1_86' title="bbox 2005 3955 3597 4023">
    <p class='ocr_par' dir='ltr' id='par_1_86' title="bbox 2005 3955 3597 4023">
     <span class='ocr_line' id='line_1_86' title="bbox 2005 3955 3597 4023; baseline -0.002 -10"><span class='ocrx_word' id='word_1_666' title='bbox 2005 3959 2240 4021; x_wconf 81' lang='lat' dir='ltr'><strong>hentent,</strong></span> <span class='ocrx_word' id='word_1_667' title='bbox 2272 3956 2375 4011; x_wconf 89' lang='lat' dir='ltr'><strong>hoc</strong></span> <span class='ocrx_word' id='word_1_668' title='bbox 2404 3964 2509 4020; x_wconf 82' lang='lat' dir='ltr'><strong>est,</strong></span> <span class='ocrx_word' id='word_1_669' title='bbox 2538 3964 2886 4023; x_wconf 84' lang='lat' dir='ltr'><strong>apparentem</strong></span> <span class='ocrx_word' id='word_1_670' title='bbox 2925 3957 3179 4021; x_wconf 58' lang='lat' dir='ltr'><strong>litteram,</strong></span> <span class='ocrx_word' id='word_1_671' title='bbox 3202 3971 3308 4010; x_wconf 86' lang='lat' dir='ltr'><strong>non</strong></span> <span class='ocrx_word' id='word_1_672' title='bbox 3343 3955 3597 4011; x_wconf 72' lang='lat' dir='ltr'><strong>fructtm.</strong></span> 
     </span>
    </p>
   </div>
   <div class='ocr_carea' id='block_1_87' title="bbox 2004 4047 3578 4118">
    <p class='ocr_par' dir='ltr' id='par_1_87' title="bbox 2004 4047 3578 4118">
     <span class='ocr_line' id='line_1_87' title="bbox 2004 4047 3578 4118; baseline -0.002 -13"><span class='ocrx_word' id='word_1_673' title='bbox 2004 4051 2247 4118; x_wconf 77' lang='lat' dir='ltr'><strong>Spiritus.</strong></span> <span class='ocrx_word' id='word_1_674' title='bbox 2286 4049 2391 4105; x_wconf 85' lang='lat' dir='ltr'><strong>Sed</strong></span> <span class='ocrx_word' id='word_1_675' title='bbox 2440 4058 2494 4104; x_wconf 91' lang='lat' dir='ltr'><strong>et</strong></span> <span class='ocrx_word' id='word_1_676' title='bbox 2527 4049 2705 4103; x_wconf 90' lang='lat' dir='ltr'><strong>omnis</strong></span> <span class='ocrx_word' id='word_1_677' title='bbox 2750 4048 2911 4103; x_wconf 91' lang='lat' dir='ltr'><strong>homo</strong></span> <span class='ocrx_word' id='word_1_678' title='bbox 2948 4063 3225 4115; x_wconf 78' lang='lat' dir='ltr'><strong>exponens</strong></span> <span class='ocrx_word' id='word_1_679' title='bbox 3263 4064 3322 4103; x_wconf 89' lang='lat' dir='ltr'><strong>se</strong></span> <span class='ocrx_word' id='word_1_680' title='bbox 3370 4047 3578 4103; x_wconf 85' lang='lat' dir='ltr'><strong>deliciis</strong></span> 
     </span>
    </p>
   </div>
   <div class='ocr_carea' id='block_1_88' title="bbox 2006 4140 3578 4211">
    <p class='ocr_par' dir='ltr' id='par_1_88' title="bbox 2006 4140 3578 4211">
     <span class='ocr_line' id='line_1_88' title="bbox 2006 4140 3578 4211; baseline -0.001 -15"><span class='ocrx_word' id='word_1_681' title='bbox 2006 4141 2164 4211; x_wconf 89' lang='lat' dir='ltr'><strong>lmjus</strong></span> <span class='ocrx_word' id='word_1_682' title='bbox 2197 4143 2338 4203; x_wconf 69' lang='lat' dir='ltr'><strong>vitae.</strong></span> <span class='ocrx_word' id='word_1_683' title='bbox 2368 4140 2490 4196; x_wconf 81' lang='lat' dir='ltr'><strong>ﬂeui</strong></span> <span class='ocrx_word' id='word_1_684' title='bbox 2513 4151 2855 4211; x_wconf 86' lang='lat' dir='ltr'><strong>comparatur</strong></span> <span class='ocrx_word' id='word_1_685' title='bbox 2884 4157 2899 4194; x_wconf 91' lang='lat'><strong>:</strong></span> <span class='ocrx_word' id='word_1_686' title='bbox 2929 4142 3053 4210; x_wconf 84' lang='lat' dir='ltr'><strong>quia</strong></span> <span class='ocrx_word' id='word_1_687' title='bbox 3083 4141 3313 4194; x_wconf 80' lang='lat' dir='ltr'><strong>fructum</strong></span> <span class='ocrx_word' id='word_1_688' title='bbox 3340 4155 3446 4195; x_wconf 90' lang='lat' dir='ltr'><strong>non</strong></span> <span class='ocrx_word' id='word_1_689' title='bbox 3480 4141 3578 4196; x_wconf 73' lang='lat' dir='ltr'><strong>ha-</strong></span> 
     </span>
    </p>
   </div>
   <div class='ocr_carea' id='block_1_89' title="bbox 1993 4233 3617 4313">
    <p class='ocr_par' dir='ltr' id='par_1_89' title="bbox 1993 4233 3617 4313">
     <span class='ocr_line' id='line_1_89' title="bbox 1993 4233 3617 4313; baseline 0.001 -25"><span class='ocrx_word' id='word_1_690' title='bbox 1993 4235 2095 4313; x_wconf 78' lang='lat' dir='ltr'><strong>het</strong></span> <span class='ocrx_word' id='word_1_691' title='bbox 2134 4234 2472 4304; x_wconf 82' lang='lat' dir='ltr'><strong>spiritualem</strong></span> <span class='ocrx_word' id='word_1_692' title='bbox 2499 4273 2514 4299; x_wconf 93' lang='lat'><strong>,</strong></span> <span class='ocrx_word' id='word_1_693' title='bbox 2562 4243 2622 4288; x_wconf 92' lang='lat' dir='ltr'><strong>ut</strong></span> <span class='ocrx_word' id='word_1_694' title='bbox 2659 4233 2917 4290; x_wconf 87' lang='lat' dir='ltr'><strong>esurienti</strong></span> <span class='ocrx_word' id='word_1_695' title='bbox 2959 4234 3085 4289; x_wconf 80' lang='lat' dir='ltr'><strong>Jesu</strong></span> <span class='ocrx_word' id='word_1_696' title='bbox 3131 4236 3258 4301; x_wconf 90' lang='lat' dir='ltr'><strong>det,</strong></span> <span class='ocrx_word' id='word_1_697' title='bbox 3310 4235 3423 4289; x_wconf 78' lang='lat' dir='ltr'><strong>sed</strong></span> <span class='ocrx_word' id='word_1_698' title='bbox 3454 4234 3617 4290; x_wconf 62' lang='lat' dir='ltr'><strong>folia.</strong></span> 
     </span>
    </p>
   </div>
   <div class='ocr_carea' id='block_1_90' title="bbox 2010 4319 3614 4397">
    <p class='ocr_par' dir='ltr' id='par_1_90' title="bbox 2010 4319 3614 4397">
     <span class='ocr_line' id='line_1_90' title="bbox 2010 4319 3614 4397; baseline 0 -16"><span class='ocrx_word' id='word_1_699' title='bbox 2010 4336 2236 4393; x_wconf 80' lang='lat' dir='ltr'><strong>tantum,</strong></span> <span class='ocrx_word' id='word_1_700' title='bbox 2266 4336 2319 4383; x_wconf 91' lang='lat' dir='ltr'><strong>et</strong></span> <span class='ocrx_word' id='word_1_701' title='bbox 2345 4327 2693 4396; x_wconf 81' lang='lat' dir='ltr'><strong>temporalem</strong></span> <span class='ocrx_word' id='word_1_702' title='bbox 2724 4341 2787 4382; x_wconf 86' lang='lat' dir='ltr'><strong>ac</strong></span> <span class='ocrx_word' id='word_1_703' title='bbox 2820 4325 3142 4381; x_wconf 82' lang='lat' dir='ltr'><strong>deﬂuentem</strong></span> <span class='ocrx_word' id='word_1_704' title='bbox 3185 4319 3614 4397; x_wconf 68' lang='lat' dir='ltr'><strong>apparentiani..</strong></span> 
     </span>
    </p>
   </div>
   <div class='ocr_carea' id='block_1_91' title="bbox 2007 4416 3581 4489">
    <p class='ocr_par' dir='ltr' id='par_1_91' title="bbox 2007 4416 3581 4489">
     <span class='ocr_line' id='line_1_91' title="bbox 2007 4416 3581 4489; baseline 0.001 -18"><span class='ocrx_word' id='word_1_705' title='bbox 2007 4416 2109 4472; x_wconf 85' lang='lat' dir='ltr'><strong>Hic</strong></span> <span class='ocrx_word' id='word_1_706' title='bbox 2143 4420 2305 4489; x_wconf 80' lang='lat' dir='ltr'><strong>igitur</strong></span> <span class='ocrx_word' id='word_1_707' title='bbox 2333 4419 2650 4474; x_wconf 85' lang='lat' dir='ltr'><strong>maledictus</strong></span> <span class='ocrx_word' id='word_1_708' title='bbox 2681 4419 2885 4474; x_wconf 86' lang='lat' dir='ltr'><strong>audiet.</strong></span> <span class='ocrx_word' id='word_1_709' title='bbox 2918 4418 2993 4473; x_wconf 91' lang='lat' dir='ltr'><strong>Ite</strong></span> <span class='ocrx_word' id='word_1_710' title='bbox 3013 4420 3158 4474; x_wconf 88' lang='lat' dir='ltr'><strong>enim</strong></span> <span class='ocrx_word' id='word_1_711' title='bbox 3187 4460 3200 4482; x_wconf 91' lang='lat'><strong>,</strong></span> <span class='ocrx_word' id='word_1_712' title='bbox 3237 4419 3429 4486; x_wconf 81' lang='lat' dir='ltr'><strong>inquit,</strong></span> <span class='ocrx_word' id='word_1_713' title='bbox 3462 4435 3581 4474; x_wconf 86' lang='lat' dir='ltr'><strong>ma-</strong></span> 
     </span>
    </p>
   </div>
   <div class='ocr_carea' id='block_1_92' title="bbox 2008 4509 3594 4582">
    <p class='ocr_par' dir='ltr' id='par_1_92' title="bbox 2008 4509 3594 4582">
     <span class='ocr_line' id='line_1_92' title="bbox 2008 4509 3594 4582; baseline 0.001 -18"><span class='ocrx_word' id='word_1_714' title='bbox 2008 4509 2187 4565; x_wconf 87' lang='lat' dir='ltr'><strong>ledicti</strong></span> <span class='ocrx_word' id='word_1_715' title='bbox 2220 4511 2275 4566; x_wconf 91' lang='lat' dir='ltr'><strong>in</strong></span> <span class='ocrx_word' id='word_1_716' title='bbox 2306 4512 2506 4582; x_wconf 81' lang='lat' dir='ltr'><strong>ignem.</strong></span> <span class='ocrx_word' id='word_1_717' title='bbox 2544 4509 2651 4565; x_wconf 84' lang='lat' dir='ltr'><strong>Sed</strong></span> <span class='ocrx_word' id='word_1_718' title='bbox 2682 4519 2735 4565; x_wconf 93' lang='lat' dir='ltr'><strong>et</strong></span> <span class='ocrx_word' id='word_1_719' title='bbox 2763 4521 2975 4564; x_wconf 86' lang='lat' dir='ltr'><strong>arescet</strong></span> <span class='ocrx_word' id='word_1_720' title='bbox 3008 4528 3021 4565; x_wconf 90' lang='lat'><strong>:</strong></span> <span class='ocrx_word' id='word_1_721' title='bbox 3060 4525 3186 4564; x_wconf 85' lang='lat' dir='ltr'><strong>nam</strong></span> <span class='ocrx_word' id='word_1_722' title='bbox 3217 4511 3341 4564; x_wconf 89' lang='lat' dir='ltr'><strong>dum</strong></span> <span class='ocrx_word' id='word_1_723' title='bbox 3372 4510 3594 4566; x_wconf 85' lang='lat' dir='ltr'><strong>crucia--</strong></span> 
     </span>
    </p>
   </div>
   <div class='ocr_carea' id='block_1_93' title="bbox 2011 4602 3507 4674">
    <p class='ocr_par' dir='ltr' id='par_1_93' title="bbox 2011 4602 3507 4674">
     <span class='ocr_line' id='line_1_93' title="bbox 2011 4602 3507 4674; baseline 0.001 -17"><span class='ocrx_word' id='word_1_724' title='bbox 2011 4612 2098 4657; x_wconf 90' lang='lat' dir='ltr'><strong>tur</strong></span> <span class='ocrx_word' id='word_1_725' title='bbox 2122 4604 2173 4658; x_wconf 92' lang='lat' dir='ltr'><strong>in</strong></span> <span class='ocrx_word' id='word_1_726' title='bbox 2202 4602 2436 4668; x_wconf 81' lang='lat' dir='ltr'><strong>ﬂamma,</strong></span> <span class='ocrx_word' id='word_1_727' title='bbox 2467 4608 2660 4659; x_wconf 80' lang='lat' dir='ltr'><strong>arescit</strong></span> <span class='ocrx_word' id='word_1_728' title='bbox 2691 4605 2809 4674; x_wconf 88' lang='lat' dir='ltr'><strong>ejus</strong></span> <span class='ocrx_word' id='word_1_729' title='bbox 2834 4606 3034 4673; x_wconf 79' lang='lat' dir='ltr'><strong>lingua,</strong></span> <span class='ocrx_word' id='word_1_730' title='bbox 3063 4606 3201 4659; x_wconf 87' lang='lat' dir='ltr'><strong>sicut</strong></span> <span class='ocrx_word' id='word_1_731' title='bbox 3229 4616 3282 4658; x_wconf 81' lang='lat' dir='ltr'><strong>et</strong></span> <span class='ocrx_word' id='word_1_732' title='bbox 3303 4604 3507 4660; x_wconf 78' lang='lat' dir='ltr'><strong>divitis.</strong></span> 
     </span>
    </p>
   </div>
   <div class='ocr_carea' id='block_1_94' title="bbox 325 4677 3621 4770">
    <p class='ocr_par' dir='ltr' id='par_1_94' title="bbox 325 4677 3621 4770">
     <span class='ocr_line' id='line_1_94' title="bbox 325 4677 3621 4770; baseline 0.001 -19"><span class='ocrx_word' id='word_1_733' title='bbox 325 4701 377 4753; x_wconf 79' lang='grc' dir='ltr'>οἱ</span> <span class='ocrx_word' id='word_1_734' title='bbox 430 4698 828 4768; x_wconf 82' lang='grc' dir='ltr'>κατηραμένοι,</span> <span class='ocrx_word' id='word_1_735' title='bbox 861 4699 941 4760; x_wconf 80' lang='grc' dir='ltr'><strong>είς</strong></span> <span class='ocrx_word' id='word_1_736' title='bbox 963 4696 1024 4749; x_wconf 79' lang='grc' dir='ltr'>τὸ</span> <span class='ocrx_word' id='word_1_737' title='bbox 1069 4699 1199 4767; x_wconf 82' lang='grc' dir='ltr'>πῦρ.</span> <span class='ocrx_word' id='word_1_738' title='bbox 1239 4694 1401 4748; x_wconf 82' lang='grc' dir='ltr'>Ἀλλά</span> <span class='ocrx_word' id='word_1_739' title='bbox 1436 4695 1530 4748; x_wconf 77' lang='grc' dir='ltr'>καὶ</span> <span class='ocrx_word' id='word_1_740' title='bbox 1568 4677 1906 4765; x_wconf 58' lang='grc' dir='ltr'>ξηραίνεταιῖ</span> <span class='ocrx_word' id='word_1_741' title='bbox 1928 4696 2463 4769; x_wconf 74' lang='grc' dir='ltr'>άποτηγανιζομένου</span> <span class='ocrx_word' id='word_1_742' title='bbox 2503 4698 2613 4770; x_wconf 79' lang='grc' dir='ltr'>γὰρ</span> <span class='ocrx_word' id='word_1_743' title='bbox 2668 4699 2833 4752; x_wconf 78' lang='grc' dir='ltr'>αὑτοῦ</span> <span class='ocrx_word' id='word_1_744' title='bbox 2887 4701 2946 4752; x_wconf 79' lang='grc' dir='ltr'>ἐν</span> <span class='ocrx_word' id='word_1_745' title='bbox 2972 4701 3037 4770; x_wconf 84' lang='grc' dir='ltr'>τῇ</span> <span class='ocrx_word' id='word_1_746' title='bbox 3064 4698 3242 4768; x_wconf 77' lang='grc' dir='ltr'>φλογὶ,</span> <span class='ocrx_word' id='word_1_747' title='bbox 3269 4698 3621 4770; x_wconf 73' lang='grc' dir='ltr'>ξηραίνεται.</span> 
     </span>
    </p>
   </div>
   <div class='ocr_carea' id='block_1_95' title="bbox 331 4787 1547 4861">
    <p class='ocr_par' dir='ltr' id='par_1_95' title="bbox 331 4787 1547 4861">
     <span class='ocr_line' id='line_1_95' title="bbox 331 4787 1547 4861; baseline 0 -18"><span class='ocrx_word' id='word_1_748' title='bbox 331 4791 365 4861; x_wconf 73' lang='grc' dir='ltr'><strong>ἠ</strong></span> <span class='ocrx_word' id='word_1_749' title='bbox 394 4790 621 4860; x_wconf 83' lang='grc' dir='ltr'>γλῶσσα</span> <span class='ocrx_word' id='word_1_750' title='bbox 652 4789 816 4843; x_wconf 80' lang='grc' dir='ltr'>αὑτοῦ</span> <span class='ocrx_word' id='word_1_751' title='bbox 845 4789 920 4853; x_wconf 84' lang='grc' dir='ltr'>ὡς</span> <span class='ocrx_word' id='word_1_752' title='bbox 954 4789 1047 4843; x_wconf 72' lang='grc' dir='ltr'>καὶ</span> <span class='ocrx_word' id='word_1_753' title='bbox 1074 4791 1107 4859; x_wconf 81' lang='grc' dir='ltr'><strong>η</strong></span> <span class='ocrx_word' id='word_1_754' title='bbox 1138 4787 1233 4841; x_wconf 81' lang='grc' dir='ltr'><strong>τοῦ</strong></span> <span class='ocrx_word' id='word_1_755' title='bbox 1265 4788 1547 4844; x_wconf 87' lang='grc' dir='ltr'>πλουσίου.</span> 
     </span>
    </p>
   </div>
   <div class='ocr_carea' id='block_1_96' title="bbox 408 4880 1896 4955">
    <p class='ocr_par' dir='ltr' id='par_1_96' title="bbox 408 4880 1896 4955">
     <span class='ocr_line' id='line_1_96' title="bbox 408 4880 1896 4955; baseline 0.001 -19"><span class='ocrx_word' id='word_1_756' title='bbox 408 4903 430 4936; x_wconf 80' lang='grc' dir='ltr'><strong>ι</strong></span> <span class='ocrx_word' id='word_1_757' title='bbox 453 4884 799 4955; x_wconf 78' lang='grc' dir='ltr'>Ἀποκριθεὶς</span> <span class='ocrx_word' id='word_1_758' title='bbox 813 4884 870 4938; x_wconf 77' lang='grc' dir='ltr'>δὲ</span> <span class='ocrx_word' id='word_1_759' title='bbox 888 4887 916 4939; x_wconf 88' lang='grc' dir='ltr'><strong>ὀ</strong></span> <span class='ocrx_word' id='word_1_760' title='bbox 930 4882 1140 4955; x_wconf 80' lang='grc' dir='ltr'>Ἰησοῦς</span> <span class='ocrx_word' id='word_1_761' title='bbox 1173 4880 1327 4937; x_wconf 86' lang='grc' dir='ltr'>εἶπεν</span> <span class='ocrx_word' id='word_1_762' title='bbox 1353 4884 1557 4947; x_wconf 81' lang='grc' dir='ltr'>αὐτοῖς’</span> <span class='ocrx_word' id='word_1_763' title='bbox 1576 4883 1750 4954; x_wconf 82' lang='grc' dir='ltr'>Ἀμὴν</span> <span class='ocrx_word' id='word_1_764' title='bbox 1764 4884 1896 4952; x_wconf 73' lang='grc' dir='ltr'>λέγει</span> 
     </span>
    </p>
   </div>
   <div class='ocr_carea' id='block_1_97' title="bbox 2001 4880 3572 4955">
    <p class='ocr_par' dir='ltr' id='par_1_97' title="bbox 2089 4882 3572 4952">
     <span class='ocr_line' id='line_1_97' title="bbox 2089 4882 3572 4952; baseline 0.002 -14"><span class='ocrx_word' id='word_1_765' title='bbox 2089 4883 2251 4940; x_wconf 73' lang='lat' dir='ltr'><strong>Vens.</strong></span> <span class='ocrx_word' id='word_1_766' title='bbox 2275 4882 2465 4937; x_wconf 70' lang='lat'><strong>20-22.</strong></span> <span class='ocrx_word' id='word_1_767' title='bbox 2499 4901 2518 4934; x_wconf 87' lang='grc' dir='ltr'><strong>ι</strong></span> <span class='ocrx_word' id='word_1_768' title='bbox 2567 4884 2917 4952; x_wconf 82' lang='lat' dir='ltr'><strong>Respondens</strong></span> <span class='ocrx_word' id='word_1_769' title='bbox 2936 4894 3114 4940; x_wconf 88' lang='lat' dir='ltr'><strong>autem</strong></span> <span class='ocrx_word' id='word_1_770' title='bbox 3137 4884 3293 4942; x_wconf 83' lang='lat' dir='ltr'><strong>Jesns</strong></span> <span class='ocrx_word' id='word_1_771' title='bbox 3316 4886 3392 4943; x_wconf 90' lang='lat' dir='ltr'><strong>ait</strong></span> <span class='ocrx_word' id='word_1_772' title='bbox 3422 4884 3526 4941; x_wconf 89' lang='lat' dir='ltr'><strong>illis</strong></span> <span class='ocrx_word' id='word_1_773' title='bbox 3555 4910 3572 4949; x_wconf 85' lang='lat'><strong>;</strong></span> 
     </span>
    </p>
   </div>
   <div class='ocr_carea' id='block_1_98' title="bbox 329 4976 1907 5051">
    <p class='ocr_par' dir='ltr' id='par_1_98' title="bbox 329 4976 1907 5051">
     <span class='ocr_line' id='line_1_98' title="bbox 329 4976 1907 5051; baseline -0.002 -18"><span class='ocrx_word' id='word_1_774' title='bbox 329 4980 485 5051; x_wconf 82' lang='grc' dir='ltr'>ὑμῖν,</span> <span class='ocrx_word' id='word_1_775' title='bbox 518 4978 615 5033; x_wconf 74' lang='grc' dir='ltr'>ἐὰν</span> <span class='ocrx_word' id='word_1_776' title='bbox 644 4978 806 5050; x_wconf 74' lang='grc' dir='ltr'>ἔχητε</span> <span class='ocrx_word' id='word_1_777' title='bbox 836 4978 1018 5033; x_wconf 84' lang='grc' dir='ltr'>πίστιν</span> <span class='ocrx_word' id='word_1_778' title='bbox 1046 4978 1139 5032; x_wconf 74' lang='grc' dir='ltr'>καὶ</span> <span class='ocrx_word' id='word_1_779' title='bbox 1176 4976 1251 5050; x_wconf 72' lang='grc' dir='ltr'>μὴ</span> <span class='ocrx_word' id='word_1_780' title='bbox 1277 4976 1618 5048; x_wconf 82' lang='grc' dir='ltr'>διακριθῆτε,</span> <span class='ocrx_word' id='word_1_781' title='bbox 1649 4977 1710 5032; x_wconf 82' lang='grc' dir='ltr'>οὐ</span> <span class='ocrx_word' id='word_1_782' title='bbox 1746 4977 1907 5050; x_wconf 86' lang='grc' dir='ltr'>μόνον</span> 
     </span>
    </p>
   </div>
   <div class='ocr_carea' id='block_1_99' title="bbox 406 5121 927 5185">
    <p class='ocr_par' dir='ltr' id='par_1_99' title="bbox 406 5121 927 5185">
     <span class='ocr_line' id='line_1_99' title="bbox 406 5121 927 5185; baseline 0.004 -10"><span class='ocrx_word' id='word_1_783' title='bbox 406 5122 452 5155; x_wconf 78' lang='grc'><strong>³⁸</strong></span> <span class='ocrx_word' id='word_1_784' title='bbox 484 5121 526 5175; x_wconf 86' lang='grc' dir='ltr'><strong>ιι</strong></span> <span class='ocrx_word' id='word_1_785' title='bbox 568 5121 697 5178; x_wconf 79' lang='lat' dir='ltr'><strong>Cur.</strong></span> <span class='ocrx_word' id='word_1_786' title='bbox 733 5137 806 5185; x_wconf 76' lang='lat' dir='ltr'><strong>Vt,</strong></span> <span class='ocrx_word' id='word_1_787' title='bbox 844 5122 927 5178; x_wconf 75' lang='grc'><strong>16.</strong></span> 
     </span>
    </p>
   </div>
   <div class='ocr_carea' id='block_1_100' title="bbox 2017 4976 3621 5044">
    <p class='ocr_par' dir='ltr' id='par_1_100' title="bbox 2017 4976 3621 5044">
     <span class='ocr_line' id='line_1_100' title="bbox 2017 4976 3621 5044; baseline 0.005 -13"><span class='ocrx_word' id='word_1_788' title='bbox 2017 4979 2186 5032; x_wconf 83' lang='lat' dir='ltr'><strong>Amen</strong></span> <span class='ocrx_word' id='word_1_789' title='bbox 2219 4978 2339 5031; x_wconf 90' lang='lat' dir='ltr'><strong>dico</strong></span> <span class='ocrx_word' id='word_1_790' title='bbox 2367 4976 2542 5042; x_wconf 83' lang='lat' dir='ltr'><strong>vobis,</strong></span> <span class='ocrx_word' id='word_1_791' title='bbox 2578 4977 2621 5030; x_wconf 94' lang='lat' dir='ltr'><strong>si</strong></span> <span class='ocrx_word' id='word_1_792' title='bbox 2663 4977 2962 5033; x_wconf 78' lang='lat' dir='ltr'><strong>habueritis</strong></span> <span class='ocrx_word' id='word_1_793' title='bbox 2994 4977 3173 5044; x_wconf 79' lang='lat' dir='ltr'><strong>fidem,</strong></span> <span class='ocrx_word' id='word_1_794' title='bbox 3201 4987 3258 5033; x_wconf 89' lang='lat' dir='ltr'><strong>et</strong></span> <span class='ocrx_word' id='word_1_795' title='bbox 3290 4994 3395 5035; x_wconf 93' lang='lat' dir='ltr'><strong>non</strong></span> <span class='ocrx_word' id='word_1_796' title='bbox 3425 4981 3621 5039; x_wconf 68' lang='lat' dir='ltr'><strong>haesi~</strong></span> 
     </span>
    </p>
   </div>
   <div class='ocr_carea' id='block_1_101' title="bbox 1267 5220 2575 5286">
    <p class='ocr_par' dir='ltr' id='par_1_101' title="bbox 1267 5220 2575 5286">
     <span class='ocr_line' id='line_1_101' title="bbox 1267 5220 2575 5286; baseline 0.002 -5"><span class='ocrx_word' id='word_1_797' title='bbox 1267 5222 1358 5281; x_wconf 80' lang='lat' dir='ltr'><strong>Ex</strong></span> <span class='ocrx_word' id='word_1_798' title='bbox 1394 5220 1739 5283; x_wconf 83' lang='lat' dir='ltr'><strong>collatione</strong></span> <span class='ocrx_word' id='word_1_799' title='bbox 1770 5221 1958 5284; x_wconf 82' lang='lat' dir='ltr'><strong>codd.</strong></span> <span class='ocrx_word' id='word_1_800' title='bbox 1982 5223 2211 5284; x_wconf 83' lang='lat' dir='ltr'><strong>Venet.</strong></span> <span class='ocrx_word' id='word_1_801' title='bbox 2252 5222 2315 5285; x_wconf 91' lang='lat' dir='ltr'><strong>S.</strong></span> <span class='ocrx_word' id='word_1_802' title='bbox 2351 5223 2575 5286; x_wconf 82' lang='lat' dir='ltr'><strong>M‘arci.</strong></span> 
     </span>
    </p>
   </div>
   <div class='ocr_carea' id='block_1_102' title="bbox 407 5321 1906 5412">
    <p class='ocr_par' dir='ltr' id='par_1_102' title="bbox 407 5321 1906 5412">
     <span class='ocr_line' id='line_1_102' title="bbox 407 5321 1906 5412; baseline 0.001 -33"><span class='ocrx_word' id='word_1_803' title='bbox 407 5323 523 5412; x_wconf 45' lang='lat'><strong>{‘29)</strong></span> <span class='ocrx_word' id='word_1_804' title='bbox 551 5321 846 5412; x_wconf 25' lang='lat'><strong>909352,:</strong></span> <span class='ocrx_word' id='word_1_805' title='bbox 872 5324 1372 5412; x_wconf 15' lang='lat' dir='ltr'><strong>i&#39;lvg’cwcppovicp&#39;</strong></span> <span class='ocrx_word' id='word_1_806' title='bbox 1402 5325 1624 5390; x_wconf 77' lang='grc' dir='ltr'>αὐτούς.</span> <span class='ocrx_word' id='word_1_807' title='bbox 1658 5326 1810 5412; x_wconf 65' lang='grc' dir='ltr'><strong>ᾊμα</strong></span> <span class='ocrx_word' id='word_1_808' title='bbox 1848 5326 1906 5412; x_wconf 74' lang='grc' dir='ltr'>δὲ</span> 
     </span>
    </p>
   </div>
   <div class='ocr_carea' id='block_1_103' title="bbox 328 5382 1918 5466">
    <p class='ocr_par' dir='ltr' id='par_1_103' title="bbox 328 5382 1918 5466">
     <span class='ocr_line' id='line_1_103' title="bbox 328 5382 1918 5466; baseline -0.002 -14"><span class='ocrx_word' id='word_1_809' title='bbox 328 5382 518 5463; x_wconf 55' lang='grc' dir='ltr'>τούτῷ</span> <span class='ocrx_word' id='word_1_810' title='bbox 541 5393 849 5466; x_wconf 73' lang='grc' dir='ltr'>ἀπόρρητός</span> <span class='ocrx_word' id='word_1_811' title='bbox 865 5411 949 5466; x_wconf 83' lang='grc' dir='ltr'><strong>τις</strong></span> <span class='ocrx_word' id='word_1_812' title='bbox 978 5382 1534 5466; x_wconf 72' lang='grc' dir='ltr'>λόγος’συμπλ’ἐκεται</span> <span class='ocrx_word' id='word_1_813' title='bbox 1560 5382 1711 5463; x_wconf 69' lang='grc' dir='ltr'>παρὰ</span> <span class='ocrx_word' id='word_1_814' title='bbox 1735 5382 1918 5466; x_wconf 64' lang='grc' dir='ltr'>γερόν-</span> 
     </span>
    </p>
   </div>
   <div class='ocr_carea' id='block_1_104' title="bbox 330 5464 1908 5537">
    <p class='ocr_par' dir='ltr' id='par_1_104' title="bbox 330 5464 1908 5537">
     <span class='ocr_line' id='line_1_104' title="bbox 330 5464 1908 5537; baseline -0.003 -16"><span class='ocrx_word' id='word_1_815' title='bbox 330 5483 449 5537; x_wconf 77' lang='grc' dir='ltr'><strong>των</strong></span> <span class='ocrx_word' id='word_1_816' title='bbox 475 5464 665 5531; x_wconf 76' lang='grc' dir='ltr'>σοφῶν</span> <span class='ocrx_word' id='word_1_817' title='bbox 688 5465 767 5537; x_wconf 64' lang='grc' dir='ltr'><strong>είς</strong></span> <span class='ocrx_word' id='word_1_818' title='bbox 795 5465 938 5537; x_wconf 59' lang='grc' dir='ltr'><strong>ήμόες</strong></span> <span class='ocrx_word' id='word_1_819' title='bbox 967 5464 1252 5535; x_wconf 72' lang='grc' dir='ltr'>φοιτήσας,</span> <span class='ocrx_word' id='word_1_820' title='bbox 1292 5469 1374 5520; x_wconf 88' lang='grc' dir='ltr'>ὃτι</span> <span class='ocrx_word' id='word_1_821' title='bbox 1404 5467 1463 5521; x_wconf 76' lang='grc' dir='ltr'><strong>τὸ</strong></span> <span class='ocrx_word' id='word_1_822' title='bbox 1492 5467 1647 5533; x_wconf 84' lang='grc' dir='ltr'>ξύλον</span> <span class='ocrx_word' id='word_1_823' title='bbox 1672 5464 1772 5537; x_wconf 85' lang='grc' dir='ltr'>τῆς</span> <span class='ocrx_word' id='word_1_824' title='bbox 1802 5464 1908 5519; x_wconf 80' lang='grc' dir='ltr'>πα-</span> 
     </span>
    </p>
   </div>
   <div class='ocr_carea' id='block_1_105' title="bbox 335 5529 1906 5606">
    <p class='ocr_par' dir='ltr' id='par_1_105' title="bbox 335 5529 1906 5606">
     <span class='ocr_line' id='line_1_105' title="bbox 335 5529 1906 5606; baseline -0.001 -16"><span class='ocrx_word' id='word_1_825' title='bbox 335 5529 629 5606; x_wconf 79' lang='grc' dir='ltr'>ραὸάσεως</span> <span class='ocrx_word' id='word_1_826' title='bbox 652 5529 923 5596; x_wconf 68' lang='grc' dir='ltr'>τοῦτοζόὗ</span> <span class='ocrx_word' id='word_1_827' title='bbox 966 5529 1059 5588; x_wconf 76' lang='grc' dir='ltr'>καὶ</span> <span class='ocrx_word' id='word_1_828' title='bbox 1098 5529 1218 5597; x_wconf 75' lang='grc' dir='ltr'>τοῖς</span> <span class='ocrx_word' id='word_1_829' title='bbox 1242 5529 1462 5604; x_wconf 78' lang='grc' dir='ltr'>φύλλοις</span> <span class='ocrx_word' id='word_1_830' title='bbox 1502 5529 1581 5600; x_wconf 72' lang='grc' dir='ltr'><strong>είς</strong></span> <span class='ocrx_word' id='word_1_831' title='bbox 1608 5529 1819 5606; x_wconf 72' lang='grc' dir='ltr'>σκέπην</span> <span class='ocrx_word' id='word_1_832' title='bbox 1856 5537 1906 5590; x_wconf 80' lang='grc' dir='ltr'>οἱ</span> 
     </span>
    </p>
   </div>
   <div class='ocr_carea' id='block_1_106' title="bbox 335 5601 1905 5677">
    <p class='ocr_par' dir='ltr' id='par_1_106' title="bbox 335 5601 1905 5677">
     <span class='ocr_line' id='line_1_106' title="bbox 335 5601 1905 5677; baseline -0.001 -17"><span class='ocrx_word' id='word_1_833' title='bbox 335 5601 694 5677; x_wconf 71' lang='grc' dir='ltr'>παραϐάντες</span> <span class='ocrx_word' id='word_1_834' title='bbox 720 5606 1045 5677; x_wconf 59' lang='grc' dir='ltr'><strong>Δἐχρήσαντο.</strong></span> <span class='ocrx_word' id='word_1_835' title='bbox 1074 5606 1184 5659; x_wconf 71' lang='grc' dir='ltr'><strong>Καὶ</strong></span> <span class='ocrx_word' id='word_1_836' title='bbox 1208 5601 1328 5677; x_wconf 81' lang='grc' dir='ltr'>λίαν</span> <span class='ocrx_word' id='word_1_837' title='bbox 1352 5606 1749 5677; x_wconf 83' lang='grc' dir='ltr'>φιλανθρώπως</span> <span class='ocrx_word' id='word_1_838' title='bbox 1770 5601 1905 5659; x_wconf 81' lang='grc' dir='ltr'>κατ-</span> 
     </span>
    </p>
   </div>
   <div class='ocr_carea' id='block_1_107' title="bbox 336 5674 1909 5797">
    <p class='ocr_par' dir='ltr' id='par_1_107' title="bbox 336 5674 1909 5797">
     <span class='ocr_line' id='line_1_107' title="bbox 336 5674 1909 5797; baseline 0.001 -69"><span class='ocrx_word' id='word_1_839' title='bbox 336 5674 523 5746; x_wconf 84' lang='grc' dir='ltr'>ηράθη</span> <span class='ocrx_word' id='word_1_840' title='bbox 589 5675 741 5743; x_wconf 70' lang='grc' dir='ltr'>παρὰ</span> <span class='ocrx_word' id='word_1_841' title='bbox 774 5675 1036 5797; x_wconf 64' lang='grc' dir='ltr'>Χριστοῦ.</span> <span class='ocrx_word' id='word_1_842' title='bbox 1074 5676 1273 5745; x_wconf 67' lang='grc' dir='ltr'>μηκιὲτι</span> <span class='ocrx_word' id='word_1_843' title='bbox 1305 5674 1518 5748; x_wconf 84' lang='grc' dir='ltr'>καρπὸν</span> <span class='ocrx_word' id='word_1_844' title='bbox 1552 5674 1803 5744; x_wconf 69' lang='grc' dir='ltr'>ἑνεγκείν</span> <span class='ocrx_word' id='word_1_845' title='bbox 1825 5676 1909 5729; x_wconf 76' lang='grc' dir='ltr'><strong>αἷ-</strong></span> 
     </span>
     <span class='ocr_line' id='line_1_108' title="bbox 336 5744 1909 5797; baseline 0 0"><span class='ocrx_word' id='word_1_846' title='bbox 336 5761 456 5797; x_wconf 85' lang='grc' dir='ltr'>τιον</span> <span class='ocrx_word' id='word_1_847' title='bbox 483 5744 791 5797; x_wconf 70' lang='grc' dir='ltr'>ἁμαρτίας·</span> <span class='ocrx_word' id='word_1_848' title='bbox 861 5745 1016 5797; x_wconf 74' lang='grc' dir='ltr'>πειδὴ</span> <span class='ocrx_word' id='word_1_849' title='bbox 1035 5744 1264 5797; x_wconf 88' lang='grc' dir='ltr'>δευτέοα</span> <span class='ocrx_word' id='word_1_850' title='bbox 1297 5746 1433 5797; x_wconf 86' lang='grc' dir='ltr'><strong>Θεοῦ</strong></span> <span class='ocrx_word' id='word_1_851' title='bbox 1466 5747 1740 5797; x_wconf 77' lang='grc' dir='ltr'>παοουσία</span> <span class='ocrx_word' id='word_1_852' title='bbox 1772 5748 1909 5797; x_wconf 72' lang='grc' dir='ltr'>πρὸς</span> 
     </span>
    </p>
   </div>
   <div class='ocr_carea' id='block_1_108' title="bbox 335 5744 1909 5817">
    <p class='ocr_par' dir='ltr' id='par_1_108' title="bbox 335 5744 1909 5817">
     <span class='ocr_line' id='line_1_109' title="bbox 335 5744 1909 5817; baseline 0 -19"><span class='ocrx_word' id='word_1_853' title='bbox 335 5744 456 5798; x_wconf 80' lang='grc' dir='ltr'>τιον</span> <span class='ocrx_word' id='word_1_854' title='bbox 482 5744 791 5817; x_wconf 70' lang='grc' dir='ltr'>ἀμαρτίας·</span> <span class='ocrx_word' id='word_1_855' title='bbox 828 5744 1016 5817; x_wconf 59' lang='grc' dir='ltr'>ἐπειδὴ</span> <span class='ocrx_word' id='word_1_856' title='bbox 1035 5744 1264 5817; x_wconf 87' lang='grc' dir='ltr'>δευτέρα</span> <span class='ocrx_word' id='word_1_857' title='bbox 1297 5744 1433 5800; x_wconf 82' lang='grc' dir='ltr'><strong>Θεὸῦ</strong></span> <span class='ocrx_word' id='word_1_858' title='bbox 1466 5747 1740 5817; x_wconf 81' lang='grc' dir='ltr'>παρουσία</span> <span class='ocrx_word' id='word_1_859' title='bbox 1772 5748 1909 5817; x_wconf 72' lang='grc' dir='ltr'>πρὸς</span> 
     </span>
    </p>
   </div>
   <div class='ocr_carea' id='block_1_109' title="bbox 340 5813 1912 5890">
    <p class='ocr_par' dir='ltr' id='par_1_109' title="bbox 340 5813 1912 5890">
     <span class='ocr_line' id='line_1_110' title="bbox 340 5813 1912 5890; baseline 0.001 -23"><span class='ocrx_word' id='word_1_860' title='bbox 340 5813 765 5890; x_wconf 66' lang='grc' dir='ltr'>ἐνανθρῲπησιν</span> <span class='ocrx_word' id='word_1_861' title='bbox 797 5813 1032 5890; x_wconf 15' lang='grc' dir='ltr'>μὲνᾲούκ</span> <span class='ocrx_word' id='word_1_862' title='bbox 1055 5813 1347 5890; x_wconf 38' lang='grc' dir='ltr'>ἔστ-ιζπρρς</span> <span class='ocrx_word' id='word_1_863' title='bbox 1364 5818 1423 5890; x_wconf 1' lang='grc' dir='ltr'>δὲ,</span> <span class='ocrx_word' id='word_1_864' title='bbox 1463 5813 1643 5890; x_wconf 74' lang='grc' dir='ltr'>κρίσιν</span> <span class='ocrx_word' id='word_1_865' title='bbox 1666 5816 1772 5872; x_wconf 89' lang='grc' dir='ltr'><strong>τῶν</strong></span> <span class='ocrx_word' id='word_1_866' title='bbox 1814 5813 1912 5890; x_wconf 68' lang='grc' dir='ltr'>πε-</span> 
     </span>
    </p>
   </div>
   <div class='ocr_carea' id='block_1_110' title="bbox 344 5884 1912 5956">
    <p class='ocr_par' dir='ltr' id='par_1_110' title="bbox 344 5884 1912 5956">
     <span class='ocr_line' id='line_1_111' title="bbox 344 5884 1912 5956; baseline 0.003 -20"><span class='ocrx_word' id='word_1_867' title='bbox 344 5884 703 5956; x_wconf 69' lang='grc' dir='ltr'>πραγμένων.</span> <span class='ocrx_word' id='word_1_868' title='bbox 732 5884 1080 5954; x_wconf 74' lang='grc' dir='ltr'>Θαυμάζουσι</span> <span class='ocrx_word' id='word_1_869' title='bbox 1112 5886 1188 5952; x_wconf 76' lang='grc' dir='ltr'>δὲ,</span> <span class='ocrx_word' id='word_1_870' title='bbox 1217 5884 1308 5942; x_wconf 77' lang='grc' dir='ltr'>καὶ</span> <span class='ocrx_word' id='word_1_871' title='bbox 1336 5905 1385 5942; x_wconf 90' lang='grc' dir='ltr'>τ.</span> <span class='ocrx_word' id='word_1_872' title='bbox 1417 5889 1465 5943; x_wconf 82' lang='grc' dir='ltr'><strong>λ.</strong></span> <span class='ocrx_word' id='word_1_873' title='bbox 1503 5884 1523 5941; x_wconf 63' lang='grc' dir='ltr'><strong>ι</strong></span> <span class='ocrx_word' id='word_1_874' title='bbox 1573 5885 1640 5941; x_wconf 87' lang='lat' dir='ltr'><strong>Ut</strong></span> <span class='ocrx_word' id='word_1_875' title='bbox 1664 5886 1912 5943; x_wconf 75' lang='lat' dir='ltr'><strong>emendet</strong></span> 
     </span>
    </p>
   </div>
   <div class='ocr_carea' id='block_1_111' title="bbox 2014 5326 3584 5397">
    <p class='ocr_par' dir='ltr' id='par_1_111' title="bbox 2014 5326 3584 5397">
     <span class='ocr_line' id='line_1_112' title="bbox 2014 5326 3584 5397; baseline 0 -14"><span class='ocrx_word' id='word_1_876' title='bbox 2014 5328 2180 5396; x_wconf 84' lang='lat' dir='ltr'><strong>ipsos.</strong></span> <span class='ocrx_word' id='word_1_877' title='bbox 2206 5326 2401 5383; x_wconf 71' lang='lat' dir='ltr'><strong>Verum</strong></span> <span class='ocrx_word' id='word_1_878' title='bbox 2431 5329 2556 5383; x_wconf 87' lang='lat' dir='ltr'><strong>huic</strong></span> <span class='ocrx_word' id='word_1_879' title='bbox 2580 5344 2778 5381; x_wconf 82' lang='lat' dir='ltr'><strong>arcana</strong></span> <span class='ocrx_word' id='word_1_880' title='bbox 2811 5327 3056 5397; x_wconf 66' lang='lat' dir='ltr'><strong>quaedam</strong></span> <span class='ocrx_word' id='word_1_881' title='bbox 3090 5328 3229 5382; x_wconf 91' lang='lat' dir='ltr'><strong>ratio</strong></span> <span class='ocrx_word' id='word_1_882' title='bbox 3252 5327 3584 5397; x_wconf 78' lang='lat' dir='ltr'><strong>adjnngilur,</strong></span> 
     </span>
    </p>
   </div>
   <div class='ocr_carea' id='block_1_112' title="bbox 2022 5397 3586 5471">
    <p class='ocr_par' dir='ltr' id='par_1_112' title="bbox 2022 5397 3586 5471">
     <span class='ocr_line' id='line_1_113' title="bbox 2022 5397 3586 5471; baseline 0.003 -20"><span class='ocrx_word' id='word_1_883' title='bbox 2022 5397 2457 5471; x_wconf 63' lang='lat' dir='ltr'><strong>qua3_a_vetus_tis</strong></span> <span class='ocrx_word' id='word_1_884' title='bbox 2471 5398 2819 5471; x_wconf 72' lang='lat' dir='ltr'><strong>sapientibus</strong></span> <span class='ocrx_word' id='word_1_885' title='bbox 2860 5400 2927 5471; x_wconf 81' lang='lat' dir='ltr'><strong>ad</strong></span> <span class='ocrx_word' id='word_1_886' title='bbox 2951 5412 3046 5471; x_wconf 80' lang='lat' dir='ltr'><strong>nos</strong></span> <span class='ocrx_word' id='word_1_887' title='bbox 3079 5398 3317 5471; x_wconf 81' lang='lat' dir='ltr'><strong>pervenit</strong></span> <span class='ocrx_word' id='word_1_888' title='bbox 3345 5416 3359 5464; x_wconf 92' lang='lat'><strong>;</strong></span> <span class='ocrx_word' id='word_1_889' title='bbox 3392 5413 3586 5471; x_wconf 85' lang='lat' dir='ltr'><strong>nempe</strong></span> 
     </span>
    </p>
   </div>
   <div class='ocr_carea' id='block_1_113' title="bbox 2020 5468 3583 5538">
    <p class='ocr_par' dir='ltr' id='par_1_113' title="bbox 2020 5468 3583 5538">
     <span class='ocr_line' id='line_1_114' title="bbox 2020 5468 3583 5538; baseline 0.004 -22"><span class='ocrx_word' id='word_1_890' title='bbox 2020 5468 2164 5538; x_wconf 71' lang='lat' dir='ltr'><strong>quod</strong></span> <span class='ocrx_word' id='word_1_891' title='bbox 2216 5469 2318 5523; x_wconf 90' lang='lat' dir='ltr'><strong>hoc</strong></span> <span class='ocrx_word' id='word_1_892' title='bbox 2352 5468 2424 5522; x_wconf 88' lang='lat' dir='ltr'><strong>sit</strong></span> <span class='ocrx_word' id='word_1_893' title='bbox 2470 5468 2672 5537; x_wconf 72' lang='lat' dir='ltr'><strong>lignum</strong></span> <span class='ocrx_word' id='word_1_894' title='bbox 2706 5468 3196 5535; x_wconf 72' lang='lat' dir='ltr'><strong>prmvarirationis:</strong></span> <span class='ocrx_word' id='word_1_895' title='bbox 3233 5470 3385 5538; x_wconf 88' lang='lat' dir='ltr'><strong>cujus</strong></span> <span class='ocrx_word' id='word_1_896' title='bbox 3418 5468 3583 5524; x_wconf 73' lang='lat' dir='ltr'><strong>etiam</strong></span> 
     </span>
    </p>
   </div>
   <div class='ocr_carea' id='block_1_114' title="bbox 2015 5536 3585 5605">
    <p class='ocr_par' dir='ltr' id='par_1_114' title="bbox 2015 5536 3585 5605">
     <span class='ocr_line' id='line_1_115' title="bbox 2015 5536 3585 5605; baseline 0.003 -15"><span class='ocrx_word' id='word_1_897' title='bbox 2015 5536 2158 5590; x_wconf 79' lang='lat' dir='ltr'><strong>foliis</strong></span> <span class='ocrx_word' id='word_1_898' title='bbox 2197 5539 2263 5590; x_wconf 91' lang='lat' dir='ltr'><strong>ad</strong></span> <span class='ocrx_word' id='word_1_899' title='bbox 2297 5536 2691 5605; x_wconf 87' lang='lat' dir='ltr'><strong>operimentum</strong></span> <span class='ocrx_word' id='word_1_900' title='bbox 2725 5538 2805 5590; x_wconf 91' lang='lat' dir='ltr'><strong>sui</strong></span> <span class='ocrx_word' id='word_1_901' title='bbox 2837 5538 3280 5604; x_wconf 72' lang='lat' dir='ltr'><strong>praevaricatores</strong></span> <span class='ocrx_word' id='word_1_902' title='bbox 3298 5536 3392 5593; x_wconf 68' lang='grc' dir='ltr'>ἰιςί</span> <span class='ocrx_word' id='word_1_903' title='bbox 3434 5549 3585 5594; x_wconf 89' lang='lat' dir='ltr'><strong>sunt.</strong></span> 
     </span>
    </p>
   </div>
   <div class='ocr_carea' id='block_1_115' title="bbox 2016 5606 3598 5673">
    <p class='ocr_par' dir='ltr' id='par_1_115' title="bbox 2016 5606 3598 5673">
     <span class='ocr_line' id='line_1_116' title="bbox 2016 5606 3598 5673; baseline 0.001 -13"><span class='ocrx_word' id='word_1_904' title='bbox 2016 5606 2083 5660; x_wconf 87' lang='lat' dir='ltr'><strong>Et</strong></span> <span class='ocrx_word' id='word_1_905' title='bbox 2121 5608 2277 5661; x_wconf 87' lang='lat' dir='ltr'><strong>valde</strong></span> <span class='ocrx_word' id='word_1_906' title='bbox 2322 5607 2749 5671; x_wconf 80' lang='lat' dir='ltr'><strong>misericorditer</strong></span> <span class='ocrx_word' id='word_1_907' title='bbox 2793 5608 3135 5662; x_wconf 88' lang='lat' dir='ltr'><strong>ma&#39;edictum</strong></span> <span class='ocrx_word' id='word_1_908' title='bbox 3163 5618 3247 5664; x_wconf 88' lang='lat' dir='ltr'><strong>est</strong></span> <span class='ocrx_word' id='word_1_909' title='bbox 3281 5623 3310 5662; x_wconf 88' lang='lat' dir='ltr'><strong>a</strong></span> <span class='ocrx_word' id='word_1_910' title='bbox 3343 5609 3598 5673; x_wconf 60' lang='lat' dir='ltr'><strong>Christo,</strong></span> 
     </span>
    </p>
   </div>
   <div class='ocr_carea' id='block_1_116' title="bbox 2016 5676 3591 5745">
    <p class='ocr_par' dir='ltr' id='par_1_116' title="bbox 2016 5676 3591 5745">
     <span class='ocr_line' id='line_1_117' title="bbox 2016 5676 3591 5745; baseline 0 -14"><span class='ocrx_word' id='word_1_911' title='bbox 2016 5691 2085 5731; x_wconf 89' lang='lat' dir='ltr'><strong>ne</strong></span> <span class='ocrx_word' id='word_1_912' title='bbox 2107 5676 2336 5745; x_wconf 88' lang='lat' dir='ltr'><strong>amplius</strong></span> <span class='ocrx_word' id='word_1_913' title='bbox 2353 5676 2586 5730; x_wconf 76' lang='lat' dir='ltr'><strong>fructum</strong></span> <span class='ocrx_word' id='word_1_914' title='bbox 2618 5679 2956 5745; x_wconf 75' lang='lat' dir='ltr'><strong>produceret.</strong></span> <span class='ocrx_word' id='word_1_915' title='bbox 2982 5680 3069 5745; x_wconf 83' lang='lat' dir='ltr'><strong>qui</strong></span> <span class='ocrx_word' id='word_1_916' title='bbox 3096 5688 3235 5733; x_wconf 89' lang='lat' dir='ltr'><strong>esset</strong></span> <span class='ocrx_word' id='word_1_917' title='bbox 3267 5693 3428 5733; x_wconf 78' lang='lat' dir='ltr'><strong>causa</strong></span> <span class='ocrx_word' id='word_1_918' title='bbox 3463 5694 3591 5744; x_wconf 85' lang='lat' dir='ltr'><strong>pce-</strong></span> 
     </span>
    </p>
   </div>
   <div class='ocr_carea' id='block_1_117' title="bbox 2017 5747 3585 5815">
    <p class='ocr_par' dir='ltr' id='par_1_117' title="bbox 2017 5747 3585 5815">
     <span class='ocr_line' id='line_1_118' title="bbox 2017 5747 3585 5815; baseline -0.001 -15"><span class='ocrx_word' id='word_1_919' title='bbox 2017 5747 2125 5801; x_wconf 86' lang='lat' dir='ltr'><strong>cati</strong></span> <span class='ocrx_word' id='word_1_920' title='bbox 2155 5764 2171 5802; x_wconf 90' lang='lat'><strong>:</strong></span> <span class='ocrx_word' id='word_1_921' title='bbox 2204 5747 2643 5815; x_wconf 85' lang='lat' dir='ltr'><strong>quandoquidem</strong></span> <span class='ocrx_word' id='word_1_922' title='bbox 2675 5754 2942 5803; x_wconf 82' lang='lat' dir='ltr'><strong>secundus</strong></span> <span class='ocrx_word' id='word_1_923' title='bbox 2974 5750 3236 5801; x_wconf 87' lang='lat' dir='ltr'><strong>adventus</strong></span> <span class='ocrx_word' id='word_1_924' title='bbox 3268 5747 3463 5801; x_wconf 86' lang='lat' dir='ltr'><strong>nonad</strong></span> <span class='ocrx_word' id='word_1_925' title='bbox 3497 5749 3585 5800; x_wconf 85' lang='lat' dir='ltr'><strong>itt-</strong></span> 
     </span>
    </p>
   </div>
   <div class='ocr_carea' id='block_1_118' title="bbox 2016 5816 3595 5884">
    <p class='ocr_par' dir='ltr' id='par_1_118' title="bbox 2016 5816 3595 5884">
     <span class='ocr_line' id='line_1_119' title="bbox 2016 5816 3595 5884; baseline 0.001 -12"><span class='ocrx_word' id='word_1_926' title='bbox 2016 5818 2411 5881; x_wconf 78' lang='lat' dir='ltr'><strong>Carnationem,</strong></span> <span class='ocrx_word' id='word_1_927' title='bbox 2446 5818 2537 5870; x_wconf 88' lang='lat' dir='ltr'><strong>sed</strong></span> <span class='ocrx_word' id='word_1_928' title='bbox 2563 5817 2629 5868; x_wconf 83' lang='lat' dir='ltr'><strong>ad</strong></span> <span class='ocrx_word' id='word_1_929' title='bbox 2669 5818 2933 5872; x_wconf 79' lang='lat' dir='ltr'><strong>factorum</strong></span> <span class='ocrx_word' id='word_1_930' title='bbox 2962 5816 3221 5884; x_wconf 86' lang='lat' dir='ltr'><strong>judicium</strong></span> <span class='ocrx_word' id='word_1_931' title='bbox 3255 5819 3376 5873; x_wconf 80' lang='lat' dir='ltr'><strong>erit.</strong></span> <span class='ocrx_word' id='word_1_932' title='bbox 3416 5816 3595 5873; x_wconf 69' lang='lat' dir='ltr'><strong>Porm</strong></span> 
     </span>
    </p>
   </div>
   <div class='ocr_carea' id='block_1_119' title="bbox 2020 5887 3589 5959">
    <p class='ocr_par' dir='ltr' id='par_1_119' title="bbox 2020 5887 3589 5959">
     <span class='ocr_line' id='line_1_120' title="bbox 2020 5887 3589 5959; baseline 0 -17"><span class='ocrx_word' id='word_1_933' title='bbox 2020 5887 2266 5959; x_wconf 63' lang='lat' dir='ltr'><strong>dist-ipnli</strong></span> <span class='ocrx_word' id='word_1_934' title='bbox 2300 5887 2492 5943; x_wconf 79' lang='lat' dir='ltr'><strong>merito</strong></span> <span class='ocrx_word' id='word_1_935' title='bbox 2521 5888 2881 5957; x_wconf 81' lang='lat' dir='ltr'><strong>admirantur,</strong></span> <span class='ocrx_word' id='word_1_936' title='bbox 2926 5908 2942 5939; x_wconf 72' lang='grc' dir='ltr'><strong>ι</strong></span> <span class='ocrx_word' id='word_1_937' title='bbox 2979 5902 3087 5942; x_wconf 83' lang='lat' dir='ltr'><strong>etc.</strong></span> <span class='ocrx_word' id='word_1_938' title='bbox 3586 5896 3589 5899; x_wconf 85' lang='lat'>&#39;</span> 
     </span>
    </p>
   </div>
  </div>
