4078 6464
279 412 388 474 377

955 412 1400 477 ENARRATIO
1437 414 1521 477 IN
1552 413 2056 476 EVANGELlUM
2092 411 2480 478 MATTHEI.
2515 437 2588 450 --
2623 412 2782 477 CAP.
2823 383 2984 474 XXI.

3455 407 3561 474 378

281 531 472 602 μάχαι,
503 531 580 592 ὡς
613 529 688 601 μὴ
719 528 1154 600 παραδεξάμενοι
1209 531 1369 584 τοῦτο
1397 547 1414 564 θ
1463 530 1560 585 ἐὰν
1601 530 1657 584 δὲ
1687 529 1747 595 ἐξ
1777 531 1870 584 ἁν-

1979 529 2260 595 dicerent,
2310 525 2747 600 periclitarentur
2794 536 3016 599 propter
3067 526 3303 584 turbam.
3356 523 3560 584 Omnes

278 625 518 693 θρώπων
543 625 769 688 εἰπωσι,
801 624 1220 678 κινδυνεύσωσιν
1238 627 1302 679 ἐκ
1333 625 1426 679 τοῦ
1455 624 1638 695 ὄχλου.
1661 625 1872 686 Πάντες

279 719 394 788 γὰρ
430 717 507 780 ὡς
550 717 840 785 προφήτην
884 711 1032 785 εἰχον
1066 715 1158 769 τὸν
1205 713 1481 785 Ἰωάννην.
1519 714 1772 767 Δείκνυσι
1813 712 1870 765 δὲ

275 809 535 865 ἐντεῦθεν
565 811 594 862 ό
626 808 852 878 Κύριος,
884 808 969 862 ὅτι
999 810 1113 871 τοῖς
1145 807 1472 878 κακούργως
1506 805 1786 879 ἐρωτῶσιν
1810 805 1872 858 οὑ

273 906 365 959 ἂί
392 904 812 974 ἀποκρίνεσθαι.
847 904 984 960 Οὐδὲ
1026 904 1136 973 γὰρ
1167 903 1278 956 οὐδ’
1330 901 1494 965 αὐτὸς
1539 900 1873 970 ἀπεκρίνατο

270 997 395 1059 τοίς
429 994 709 1067 ἐρωτῶσιν
747 996 913 1050 αὑτὸν
960 993 1236 1058 Ἰουδαίοις
1269 996 1327 1049 ἐν
1364 994 1530 1061 δόλῳ,
1564 993 1741 1046 καίτοι
1771 992 1872 1045 οὑκ

269 1087 478 1159 ἠπόρει
508 1086 880 1158 ἀποκρίσεως.
919 1087 1073 1157 Ἀμα
1111 1086 1167 1140 δὲ
1202 1086 1548 1158 μανθάνομεν
1581 1085 1663 1138 δτι
1693 1084 1787 1138 καὶ
1812 1083 1873 1136 τὸ

271 1174 480 1233 ἑαυτὸν
515 1177 890 1247 ἐγκωμιάζειν
911 1221 925 1245 ,
953 1181 1054 1234 οὐκ
1091 1179 1208 1232 ἔστι
1247 1180 1393 1231 κατὰ
1428 1177 1691 1248 Χριστόν.
1736 1175 1871 1230 Ἰδοὺ

269 1271 376 1325 οὖν
393 1273 425 1324 ό
453 1273 656 1343 Κύριος
685 1271 987 1341 δυνάμενος
1007 1273 1191 1325 εἰπεῖν
1215 1272 1272 1324 ἐν
1295 1270 1424 1342 ποίᾳ
1454 1269 1674 1340 ἐξουσίᾳ
1699 1265 1872 1321 ταῦτα

269 1373 437 1422 ποιεῖ
458 1409 472 1429 ,
513 1367 614 1419 οὑκ
643 1361 822 1428 εἶπεν,
860 1364 947 1418 ἵνα
977 1363 1052 1434 μὴ
1081 1363 1206 1435 δόξῃ
1239 1363 1434 1418 ἑαυτὸν
1477 1359 1870 1430 ἐγκωμιάζειν.

358 1478 382 1510 ι
417 1457 486 1512 Ti
537 1457 592 1510 δὲ
645 1456 776 1528 ὑμῖν
827 1455 1008 1522 δοκεῖ;
1040 1454 1365 1525 ’Ἄνθρωπος
1389 1449 1499 1525 εῐχε
1538 1453 1706 1506 τέκνα
1739 1450 1874 1504 δύσι

270 1553 378 1604 καὶ
404 1549 724 1621 προσελθὼν
753 1547 830 1618 τῷ
863 1545 1090 1618 πρώτῳ,
1119 1542 1241 1601 εἷπε
1266 1563 1280 1579 ο
1315 1547 1540 1610 Τέκνον,
1569 1544 1749 1611 ὕπαγε
1778 1543 1874 1614 σή-

273 1661 476 1715 μερον,
497 1642 735 1714 ἐργάζου
759 1643 819 1694 ἐν
849 1641 928 1711 τῷ
949 1638 1238 1712 ἀμπελῶνί
1278 1655 1402 1708 μου.
1445 1638 1504 1692 '0
1533 1636 1589 1690 δὲ
1637 1637 1876 1707 ἀποκρι-

272 1734 423 1799 θεὶς,
493 1728 686 1787 εἶπενο
719 1733 794 1786 Οὐ
855 1731 1320 1799 θέλων⁸¹Υστερον
1359 1729 1418 1783 δὲ
1467 1727 1874 1800 μεταμεληθεὶς

269 1826 524 1895 ἀπῆλθε.
560 1826 674 1881 Καὶ
713 1823 1026 1897 προσελθὼν
1066 1824 1152 1894 τῷ.
1204 1823 1467 1894 δευτέρῳ,
1497 1817 1650 1878 εἶπεν
1685 1821 1871 1875 ὡσαύ-

270 1935 425 1981 τως·
451 1919 480 1970 ό
507 1917 563 1971 δὲ
589 1915 935 1986 ἀποκριθεὶς,
961 1910 1118 1968 εἶπεν
1139 1929 1158 1945 ο
1209 1912 1379 1982 Ἐγὼ,
1419 1912 1604 1982 κὺριε’
1647 1911 1742 1966 καὶ
1773 1909 1874 1963 οὐκ

272 2009 524 2080 ἀπῆλθε.
554 2009 653 2072 Τίς
686 2007 876 2062 ἐκτῶν
905 2007 1003 2062 δύο
1058 2006 1283 2074 ἐποίησε
1306 2005 1368 2058 τὸ
1394 2003 1608 2074 θέλημα
1643 2001 1736 2056 τοῦ
1772 2017 1877 2054 πα-

273 2104 457 2175 τρός;
493 2103 762 2170 Λέγουσιν
827 2100 996 2172 αὑτῷο
1053 2101 1115 2154 ’0
1148 2099 1389 2170 πρῶτος.
1422 2098 1587 2166 Λέγει
1625 2096 1809 2158 αὐτοῖς
1847 2096 1881 2150 ὁ

286 2196 543 2267 Ἰησοῦς·
587 2195 760 2264 Ἀμὴν
795 2195 940 2263 λέγω
982 2194 1112 2263 ὑμῖν
1156 2192 1313 2246 ὅτιοὶ
1369 2189 1599 2244 τελῶναι
1659 2187 1756 2242 καὶ
1818 2187 1878 2241 αἱ

273 2290 490 2359 πόρναι
516 2288 853 2360 προάγουσιν
881 2287 1026 2356 ὑμᾶς
1057 2286 1137 2348 εἰς
1166 2284 1268 2354 τὴν
1290 2282 1569 2354 βασιλείαν
1591 2278 1686 2333 τοῢ
1712 2276 1873 2332 Θεοῦ.

273 2379 462 2438 Ἦλθε
492 2383 602 2454 γὰρ
627 2379 764 2453 πρὸς
793 2381 938 2450 ὑμᾶς
983 2378 1240 2446 Ἰωάννης
1262 2378 1320 2430 ἐν
1363 2375 1466 2444 ὁδῷ
1498 2371 1872 2442 δικαιοσύνης,

275 2479 382 2531 καὶ
436 2477 537 2530 οὐκ
595 2474 954 2528 ἐπιστεύσατε
999 2471 1182 2541 αὐτῷ·
1213 2472 1262 2524 οἰ
1296 2470 1352 2522 δέ
1393 2469 1625 2522 τελῶναι
1678 2467 1774 2520 καὶ
1819 2466 1875 2518 αι

275 2569 490 2639 πόρναι
521 2566 852 2620 ἐπίστευσαν
881 2564 1033 2633 αὐτῷ
1053 2580 1067 2594 ·
1102 2563 1263 2632 ὑμεῖς
1303 2561 1361 2615 δὲ
1399 2560 1598 2623 ἰδόντες
1627 2557 1687 2611 οὑ
1722 2573 1878 2627 μετε-

279 2659 567 2731 μελήθητε
601 2657 831 2727 ὕστερον
856 2655 951 2710 τοῦ
1007 2654 1302 2708 πιστεῦσαι
1344 2650 1515 2721 αὐτῷ.
1559 2669 1578 2702 ι
1609 2648 1715 2702 Δύο
1742 2645 1876 2715 τάγ-

279 2768 443 2822 ματα
471 2750 702 2818 εἰσάγειο
739 2747 800 2802 ἓν
830 2749 930 2816 μὲν
969 2748 1079 2801 τῶν
1132 2746 1192 2812 ἐξ
1240 2745 1416 2816 ἀρχῆς
1453 2743 1872 2813 ὑποσχομένων·

277 2839 398 2897 οἷοι
416 2838 558 2914 ἦσαν
589 2843 639 2895 οἱ
678 2839 948 2904 Ἰουδαῖοι,
1000 2836 1249 2899 εἰπόντες
1275 2851 1289 2866 ·
1322 2853 1344 2886 ι
1375 2835 1560 2891 Πάντα
1589 2833 1690 2886 ὃσα
1722 2827 1877 2884 εἶπεν

274 2937 314 2987 ό.
341 2933 486 2996 Θεὸς
513 2933 813 3002 ποιήσομεν
835 2931 930 2986 καὶ
951 2926 1302 2997 ἀκουσόμεθα
1330 2939 1346 2954 θ
1397 2944 1417 2977 ι
1448 2924 1635 2994 ἓτερον
1659 2923 1737 2986 δὲ,
1769 2921 1877 2977 τῶν

275 3028 730 3098 ἁπειθησάντων,
782 3018 895 3078 οἷον
935 3021 1157 3092 πορνῶν
1182 3019 1282 3073 καὶ
1336 3017 1607 3081 τελωνῶν,
1647 3015 1783 3072 ἀλλὰ
1813 3015 1876 3084 δὴ

276 3126 396 3177 καὶ
419 3121 516 3175 τοῦ
548 3119 610 3183 ἐξ
630 3117 798 3172 ἐθνῶν
829 3113 984 3180 λαοῦ,
1025 3114 1076 3167 οἳ
1108 3112 1167 3177 ἐξ
1205 3112 1378 3182 ἀρχῆς
1421 3109 1495 3181 μὴ
1533 3109 1881 3163 ὑπακούσαν-

1901 1871 1954 1931 Β

1976 625 2120 678 enim
2142 633 2198 676 ut
2223 621 2540 692 praphetam
2567 620 2842 684 habebant
2869 620 3158 678 Jbannem.
3187 619 3439 678 Ostendit
3467 637 3561 679 au-

1977 725 2082 770 tem
2114 715 2214 769 hoc
2245 714 2362 768 loco
2396 713 2690 779 Dominus,
2720 713 2862 782 quod
2897 712 3130 781 maligne
3171 713 3560 784 interroganti-

1977 810 2077 863 bus
2107 823 2211 862 non
2251 815 2502 876 oporteat
2532 805 2884 874 respondere.
2917 803 3050 860 Nam
3077 821 3180 860 nec
3211 806 3326 876 ipse
3359 807 3560 862 Jntlzeis

1975 900 2164 956 dolose
2212 900 2675 968 interrogantibus
2734 899 3043 970 respondit,
3103 901 3352 970 quamvis
3416 900 3559 953 nulla

1977 993 2336 1064 respondendi
2375 991 2663 1047 diﬂicultas
2691 999 2856 1046 esset.
2898 991 3166 1044 Discimns
3211 1002 3388 1044 autem
3424 991 3563 1044 inte-

1977 1084 2079 1138 rim
2110 1084 2253 1154 quod
2281 1084 2631 1150 semetipsum
2659 1082 2878 1136 laudare
2908 1096 3012 1135 non
3051 1091 3132 1136 est
3167 1080 3322 1150 juxta
3355 1079 3560 1144 Christi

1977 1177 2299 1232 doctrinam.
2338 1178 2481 1232 Ecce
2516 1175 2779 1231 Dominus
2826 1177 2973 1231 enim
3019 1178 3108 1243 qui
3155 1177 3334 1247 potuit
3383 1179 3564 1231 dicere

1976 1287 2080 1340 qua
2114 1278 2379 1339 potestate
2423 1270 2541 1324 haec
2597 1268 2822 1337 faceret,
2856 1284 2961 1326 non
2991 1268 3162 1334 dixit,
3207 1285 3277 1324 ne
3322 1270 3560 1338 seipsum

1976 1361 2132 1416 lauda
2143 1377 2199 1416 re
2217 1362 2511 1416 videretur.

2049 1453 2212 1508 Vens.
2245 1453 2434 1508 28-52.
2470 1471 2489 1504 ι
2526 1452 2665 1520 Quid
2697 1462 2877 1508 autem
2910 1452 3064 1507 vobis
3099 1451 3357 1506 videtur?
3389 1451 3565 1508 Homo

1976 1548 2195 1616 quidam
2227 1545 2463 1602 habebat
2486 1546 2621 1602 duos
2658 1546 2835 1600 filios:
2867 1555 2920 1600 et
2948 1546 3210 1600 accedens
3231 1547 3297 1599 ad
3324 1545 3561 1615 priorem

1976 1641 2151 1696 dixit:
2188 1639 2312 1705 Fili,
2343 1640 2479 1695 vade
2526 1640 2708 1702 hodie,
2741 1653 2968 1709 Operare
3003 1639 3055 1692 in
3107 1639 3261 1692 vinea
3299 1654 3438 1692 mea.
3469 1638 3566 1693 Ille

1977 1743 2154 1788 autem
2184 1735 2518 1802 respondens
2547 1733 2652 1787 ait:
2682 1731 2836 1786 Nolo.
2865 1732 3057 1786 Postea
3083 1747 3210 1786 vero
3236 1731 3564 1800 poenitentia

1977 1836 2157 1880 motus
2179 1825 2330 1880 abiit.
2355 1825 2634 1882 Accedens
2657 1835 2834 1880 autem
2863 1825 2928 1878 ad
2960 1827 3186 1880 alterum
3210 1826 3345 1880 dixit
3377 1824 3569 1879 simili-

1983 1931 2096 1987 ter;
2121 1928 2177 1974 at
2197 1919 2284 1973 ille
2304 1919 2638 1988 respondens
2655 1919 2728 1974 ait
2759 1937 2772 1972 :
2799 1917 2900 1983 Eo,
2937 1917 3174 1983 domine,
3198 1927 3252 1972 et
3282 1932 3386 1971 non
3409 1915 3562 1974 abiit.

1981 2011 2116 2068 Uter
2141 2029 2172 2066 e
2197 2013 2406 2067 duobus
2450 2011 2577 2068 fecit
2617 2011 2757 2080 quod
2806 2011 2977 2065 voluit
3029 2010 3226 2077 pater?
3247 2009 3442 2064 Dicnn‘.
3465 2008 3515 2064 ei
3547 2026 3564 2064 :

1981 2105 2155 2160 Prior.
2213 2103 2351 2159 Dicit
2408 2103 2515 2158 illis
2569 2102 2728 2158 Jesns
2761 2123 2773 2158 :
2805 2103 2978 2156 Amen
3031 2101 3154 2156 dico
3205 2101 3378 2165 vobis,
3418 2099 3570 2169 quod

1981 2197 2252 2268 publicani
2282 2207 2337 2252 et
2368 2194 2687 2252 meretrices
2715 2195 3028 2263 prtecedunt
3055 2210 3148 2250 vos
3170 2195 3222 2247 in
3251 2208 3416 2264 regno
3445 2190 3568 2247 Dei.

1982 2291 2142 2348 Venit
2171 2291 2315 2346 enim
2335 2290 2402 2345 ad
2434 2305 2528 2345 vos
2555 2287 2794 2344 Joannes
2822 2301 2918 2358 per
2947 2288 3088 2342 viam
3111 2287 3358 2358 iustitiae,
3382 2294 3432 2340 et
3459 2300 3569 2340 non

1984 2385 2298 2442 credidistis
2331 2385 2378 2439 ei
2409 2402 2422 2439 :
2453 2383 2726 2454 publicani
2761 2392 2941 2438 autem
2987 2391 3043 2438 et
3074 2379 3394 2436 meretrices
3442 2394 3569 2434 cre-

1981 2479 2232 2535 diderunt
2275 2478 2348 2533 ei.
2404 2477 2512 2532 Vos
2562 2487 2741 2531 autem
2800 2489 2921 2530 cum
2977 2473 3248 2530 vidissetis
3283 2487 3429 2534 eum,
3460 2485 3570 2524 non

1978 2570 2164 2627 fuistis
2209 2569 2464 2626 commoti
2518 2566 2839 2639 pmnitentia
2918 2579 3105 2634 postea
3147 2573 3208 2618 ut
3271 2563 3568 2618 crederetis

1979 2667 2050 2721 ei.
2084 2684 2102 2718 ι
2135 2664 2278 2720 Duos
2309 2663 2528 2718 ordines
2556 2659 2782 2723 inducit,
2810 2673 2979 2712 unum
3007 2655 3275 2728 principio
3309 2654 3568 2724 pollicen-

1983 2758 2138 2820 tium,
2186 2756 2378 2826 quales
2410 2753 2632 2808 fuerunt
2661 2750 2834 2806 Judaei
2864 2749 2954 2820 qui
2981 2749 3275 2813 dixerunt;
3311 2764 3329 2799 ι
3366 2745 3562 2799 Omnia

1980 2826 2317 2920 quaecunque
2343 2847 2480 2903 dixit
2526 2847 2688 2912 Deus,
2723 2844 2985 2900 faciemus
3021 2851 3076 2897 et
3116 2838 3506 2906 audiemus“;
3544 2856 3563 2889 ι

1981 2941 2214 2993 alterum
2260 2953 2448 2992 eorum
2473 2937 2564 3008 qui
2590 2952 2692 2990 non
2725 2935 2908 2989 statim
2941 2932 3181 3004 persuasi
3206 2943 3348 2994 sunt,
3383 2929 3571 3000 quales

1982 3039 2106 3086 sunt
2161 3029 2480 3084 meretrices
2509 3037 2564 3084 et
2598 3025 2908 3099 publicani,
2942 3038 2994 3080 et
3040 3025 3130 3096 qui
3176 3040 3244 3078 ex
3288 3021 3570 3094 gentilium

1982 3122 2180 3191 p0pnlo
2225 3121 2323 3192 qni
2348 3123 2414 3175 ab
2447 3120 2602 3175 initio
2650 3136 2758 3175 non
2808 3118 3132 3175 obedierunt
3179 3115 3441 3171 voluntati
3483 3114 3571 3171 di-

275 3231 389 3275 τες
418 3211 500 3283 τῷ
521 3210 793 3280 θελήματι
814 3206 910 3261 τοῦ
938 3204 1098 3271 Θεοῦ,
1132 3203 1360 3274 ὕστερον
1400 3201 1752 3272 μετέγνωσαν
1781 3202 1875 3255 καὶ

1981 3213 2141 3279 vina},
2171 3223 2356 3282 postea
2404 3221 2590 3264 autem
2639 3209 2974 3281 paenitudine
3025 3208 3172 3262 ducti
3223 3207 3569 3262 obedierunt.

275 3306 635 3378 ὑπήκουσαν.
663 3302 817 3373 Ὅρα
837 3294 934 3353 οὖν
951 3297 1054 3368 τὴν
1096 3295 1292 3366 σοφίαν
1317 3293 1414 3348 τοῦ
1463 3291 1727 3364 Χριστοῦ.
1763 3293 1878 3346 Οὑκ

276 3399 457 3461 εὐθὺς
487 3397 544 3462 ἐξ
573 3393 750 3464 ἀρχῆς
781 3389 936 3445 εἷπεν
986 3391 1170 3453 αὐτοῖς
1219 3389 1302 3442 ὅτι
1351 3387 1674 3460 Κρείττονες
1725 3387 1881 3455 ὑμῶν

279 3491 438 3547 εἰσὶν
482 3488 532 3541 οἰ
563 3484 794 3538 τελῶναι
823 3483 918 3537 καὶ
955 3482 1010 3535 αἱ
1042 3481 1265 3552 πόρναι,
1296 3478 1434 3533 ἀλλὰ
1493 3478 1876 3550 προκατέσχεν

280 3582 498 3642 αὐτοὺς
517 3580 610 3632 καὶ
629 3576 994 3648 ὡμολόγησαν
1025 3575 1107 3628 ὅτι
1139 3575 1204 3627 ἐκ
1239 3574 1346 3626 τῶν
1381 3572 1478 3627 δύο
1508 3571 1642 3625 υἱῶν
1672 3573 1878 3633 ἐκεῖνος

279 3675 596 3747 πειθήνιος,
628 3676 656 3726 ὁ
707 3671 944 3742 ποιήσας
982 3669 1062 3728 τὸ,
1085 3667 1298 3738 θέλημα
1358 3665 1453 3718 τοῦ
1504 3665 1733 3736 πατρός.
1765 3659 1882 3717 Εἴθ’

278 3766 471 3830 οὕτως
497 3763 949 3836 ὁμολογησάντων
972 3759 1214 3823 ἐκείνοιν,
1249 3759 1533 3828 ἐπήγαγεν
1567 3758 1650 3810 ὅτι
1670 3754 1878 3810 Ἦλθεν

297 3861 567 3930 Ἰωάννης
598 3859 656 3910 ἐν
685 3856 788 3926 6δῷ
817 3854 1192 3922 δικαιοσύνης,
1225 3852 1527 3918 τουτέστιν,
1578 3853 1635 3903 ἐν
1697 3850 1878 3919 ἀμέμ-

282 3971 415 4023 πτῳ
443 3952 543 4023 βιῳ
563 3968 578 3983 ’
605 3951 707 4004 οὐκ
733 3948 887 4020 ἔχετε
915 3947 1024 4017 γὰρ
1067 3947 1242 3999 εἰπεῖν
1268 3946 1352 3999 ὅτι
1390 3943 1650 4012 ἐπίψογος
1694 3938 1760 4013 ἧν
1784 3943 1880 3995 αὑ-

281 4046 374 4116 τῷ
400 4047 432 4099 ό
453 4043 587 4115 βίος,
625 4040 741 4095 ἀλλ’
767 4042 918 4110 ὅμως
949 4039 1006 4093 αἱ
1030 4039 1232 4108 πόρναι»
1253 4037 1598 4108 ὑπήκουσαν,
1633 4035 1792 4106 ὑμεῖς
1822 4035 1879 4088 δὲ

285 4139 356 4194 οὗ
383 4154 400 4170 θ
433 4135 516 4192 διὸ
553 4135 648 4189 καὶ
677 4133 1014 4202 προάγουσιν
1077 4129 1244 4196 ὑμᾶς,
1301 4127 1569 4188 τουτέστι,
1613 4127 1877 4198 πρότεραι

289 4233 452 4304 ὑμῶν
481 4229 823 4299 εἰσέρχονται
853 4225 931 4289 εἰς
975 4224 1074 4292 τὴν
1102 4221 1382 4293 βασιλείαν
1421 4237 1436 4254 ·
1471 4220 1613 4274 ὥστε
1675 4219 1879 4289 ἀγωνί-

291 4325 464 4380 σασθε
489 4324 586 4378 καὶ
616 4323 798 4393 ὑμεῖς,
833 4319 922 4373 ἵνα
967 4317 1074 4370 κᾶν
1103 4314 1235 4385 γοῦν
1292 4314 1408 4386 μετ’
1437 4313 1655 4379 ἐκείνας
1703 4313 1878 4366 εἰσέλ-

292 4422 430 4490 οητε
483 4417 579 4471 καὶ
639 4413 797 4469 αὑτοὶ
852 4409 1280 4471 πιστεύσανντεςσ
1315 4408 1411 4460 ἐὰν
1447 4407 1504 4461 δὲ
1539 4405 1614 4478 μὴ
1650 4406 1876 4460 πιστεύ-

295 4529 454 4582 σησε,
484 4509 594 4564 οὐδ’
620 4507 758 4570 ὅλως
798 4501 1193 4558 εἰσελεύσεσθε.
1223 4501 1416 4555 Πολλοὶ
1445 4501 1503 4553 δὲ
1561 4502 1656 4553 καὶ
1710 4500 1873 4571 μέχρι

289 4603 390 4660 τοῦ
415 4602 514 4656 νῦν
541 4595 930 4670 ὑπισχνοῦνται
962 4595 1060 4666 μὲν
1087 4593 1165 4665 τῷ
1203 4593 1322 4664 Θεῷ
1345 4595 1440 4646 καὶ
1477 4594 1677 4664 Πατρὶ,
1711 4609 1876 4663 μονα-

293 4699 383 4768 pi.
418 4695 584 4766 τυχὸν
609 4691 830 4746 ἔσεσθαι
861 4691 896 4761 ἢ
941 4691 1128 4760 ἱερεῖς,
1169 4687 1307 4758 μετὰ
1338 4687 1398 4741 δὲ
1435 4688 1536 4755 τὴν
1578 4687 1876 4758 ὑπόσχεσιν

293 4785 656 4860 ρᾳθυμοῦσιν.
695 4780 1022 4852 ’Έτεροι-δὲ,
1054 4777 1356 4848 μοναχικὴν
1392 4779 1492 4852 μὲν
1526 4778 1554 4847 ἢ
1585 4779 1872 4850 ἱερατικὴν

287 4876 574 4947 διαγωγὴν
624 4875 726 4928 οὑκ
774 4871 1196 4940 ἐπηγγείλαντο,
1245 4870 1558 4940 μοναχικῶς
1582 4871 1637 4923 δὲ
1679 4872 1770 4924 καὶ
1804 4872 1875 4925 ἰε-

295 4969 538 5043 ρατικῶς
592 4968 870 5034 διάγουσιν
895 4980 908 4994 ·
942 4963 1084 5017 ὥστε
1133 4957 1294 5018 οὗτοι,
1323 4962 1493 5016 τέκνα
1543 4963 1796 5033 εὐπειθῆ,
1828 4965 1878 5016 οἰ

291 5063 628 5130 πράττοντες
651 5056 754 5111 κᾶν
783 5054 955 5125 μηδὲν
986 5053 1308 5123 ὑπέσχοντο.

369 5172 387 5202 ι
433 5150 636 5219 Ἄλλην
665 5146 980 5220 παραϐολὴν
1005 5145 1302 5200 ἀκούσατε.
1346 5145 1668 5214 Ἀνθρωπος
1705 5140 1774 5218 ἦν
1801 5149 1880 5199 oi-

295 5244 651 5314 κοδεσπότης,
689 5244 836 5304 ὅστις
869 5241 1164 5310 ἐφύτευσεν
1213 5239 1536 5307 ἀμπελῶνα,
1571 5239 1666 5292 καὶ
1731 5256 1876 5309 φρα-

293 5339 438 5411 γμὸν
460 5336 612 5408 αὐτῷ
635 5334 952 5407 περιέθηκε,
993 5331 1102 5387 καὶ.
1126 5331 1335 5403 ὤρυξεν
1396 5333 1452 5384 ἐν
1505 5331 1654 5402 αὑτῷ
1691 5332 1874 5404 ληνόν.

296 5433 412 5487 Καὶ
439 5430 755 5503 ᾠκοωμησε
788 5427 1017 5498 πύργον,
1053 5425 1146 5478 καὶ
1203 5424 1417 5488 ἐξέδοτο
1488 5425 1656 5479 αὐτὸν
1710 5443 1880 5498 γεωρ-

297 5528 436 5594 γοῖς,
473 5524 568 5578 καὶ
620 5520 996 5590 ἀπεδήμησεν.
1039 5538 1067 5572 ι⁴
1093 5517 1298 5586 ’Ἄλλην
1338 5517 1657 5587 παραϐολὴν
1686 5519 1873 5583 αὐτοῖς

299 5613 573 5682 ἐπιφέρει,
609 5609 868 5663 δεικνύων
900 5608 982 5660 ὅτι
1023 5607 1116 5660 καὶ.
1141 5605 1340 5676 μυρίας
1365 5606 1684 5677 ἐπιμελείας
1711 5609 1875 5674 ἀξιω-

301 5707 508 5769 θέντες,
553 5702 665 5755 οὐκ.
697 5698 1121 5770 ὲὸελτιὼθησαν.
1154 5698 1482 5769 Ἀννθρωπος
1523 5699 1634 5770 γὰρ
1662 5701 1878 5756 οἰκοδε-

371 5892 417 5926 ⁸⁸
453 5888 624 5946 Exod.
660 5901 808 5952 xxiv,
844 5885 897 5938 5.

1984 3307 2119 3363 Vide
2154 3307 2316 3376 igitur
2350 3305 2675 3374 sapientiam
2724 3301 2949 3360 Christi.
2985 3302 3100 3356 Non
3135 3303 3320 3357 statim
3357 3317 3384 3355 ο
3417 3301 3572 3371 prin-

1981 3399 2122 3468 cipio
2165 3398 2303 3452 dixit
2357 3397 2510 3452 illis:
2547 3395 2801 3452 Meliores
2841 3394 2996 3450 vobis
3042 3393 3314 3464 publicani
3351 3402 3478 3446 sunt
3515 3401 3574 3446 et

1982 3492 2336 3547 meretrices:
2367 3490 2464 3545 sed
2513 3489 2665 3562 prius
2709 3489 2853 3558 cepit
2893 3487 3063 3558 ipsos,
3096 3496 3150 3542 et
3179 3485 3410 3541 confessi
3444 3497 3580 3541 sunt

1981 3586 2128 3654 qttod‘
2153 3599 2218 3654 ex
2256 3585 2463 3639 duobus
2509 3583 2632 3638 filiis
2664 3582 2753 3638 ille
2979 3579 3235 3636 obediens
3271 3579 3452 3645 fuerit,
3480 3578 3570 3649 qui

1984 3679 2171 3732 fecerit
2202 3678 2540 3732 voluntatem
2587 3677 2777 3746 patris.
2812 3675 3004 3729 Postea
3055 3676 3144 3729 ubi
3192 3674 3297 3729 hoc
3335 3673 3570 3728 confessi

1983 3769 2226 3834 fuerunt,
2255 3769 2492 3824 subdidit
2523 3768 2734 3822 venisse
2755 3766 3020 3821 Joannem
3049 3782 3143 3836 per
3168 3767 3306 3820 viam
3325 3764 3571 3832 justitize,

1983 3863 2085 3915 hoc
2115 3871 2215 3924 est,
2248 3861 2298 3914 in
2328 3860 2434 3913 vita
2469 3859 2929 3929 irreprehensibili
2957 3875 2970 3912 :
3003 3873 3110 3912 non
3163 3857 3389 3927 potestis
3427 3857 3583 3910 enim.

1981 3956 2162 4009 dicere
2187 3953 2351 4006 vitam
2383 3949 2608 4007 Joannis
2643 3953 2810 4006 fuisse
2861 3951 3344 4021 reprehensihilem
3384 3966 3398 4005 :
3430 3959 3572 4004 attr-

1985 4062 2103 4098 tnen
2133 4045 2449 4100 meretrices
2480 4045 2527 4098 ei
2562 4044 2908 4108 ohedierttnt,
2959 4058 3054 4098 vos
3094 4053 3272 4096 autem
3310 4057 3413 4096 ltOtt
3439 4059 3452 4107 ;
3483 4042 3568 4095 id-

1981 4139 2128 4191 eirco
2156 4146 2207 4190 ct
2236 4135 2546 4205 praecedunt
2575 4150 2691 4199 vos,
2717 4135 2818 4192 hoc
2851 4145 2954 4200 est,
2984 4145 3110 4190 ante
3139 4150 3232 4189 vos
3258 4135 3574 4204 ingrediun-

1950 4264 1963 4273 ι
1986 4240 2074 4284 tur
2114 4230 2167 4283 in
2206 4245 2429 4298 regnum
2467 4229 2726 4283 caelorum
2763 4247 2774 4282 :
2811 4230 3049 4283 laborate
3085 4229 3268 4297 itaque
3298 4238 3352 4282 et
3386 4241 3483 4283 vos
3514 4235 3574 4280 ut

1981 4325 2170 4388 saltem
2235 4333 2353 4394 post
2413 4324 2534 4379 illas
2596 4326 2813 4380 intretis
2870 4333 2923 4378 et
2983 4323 3084 4395 ipsi
3144 4324 3482 4386 credentes:
3525 4320 3573 4376 si

1980 4430 2161 4472 autem
2203 4419 2465 4476 increduli
2504 4419 2716 4474 fueritis
2738 4459 2752 4482 ,
2782 4434 3057 4488 nunquam
3091 4415 3388 4470 intrahitis.
3415 4414 3570 4471 Multi

1983 4521 2163 4565 autem
2198 4511 2358 4564 etiam
2395 4510 2554 4565 hodie
2585 4510 2907 4579 pollicentur
2944 4510 3050 4564 Deo
3080 4521 3133 4565 et
3166 4506 3336 4573 Patri.
3379 4523 3573 4562 monac

1985 4602 2114 4656 cltos
2159 4616 2218 4655 se
2248 4599 2462 4655 futuros
2512 4600 2650 4654 forte
2681 4600 2760 4654 vel
2791 4601 3102 4654 sacerdotes
3129 4617 3141 4653 ε
3178 4608 3297 4668 post
3349 4598 3574 4669 promis-

1987 4694 2194 4748 sionem
2229 4702 2407 4747 autem
2442 4693 2777 4764 negligentes
2807 4704 2953 4751 sunt.
2990 4694 3092 4747 Alii
3131 4704 3311 4748 autem
3349 4707 3567 4747 monas-

1986 4787 2147 4838 ticam
2186 4785 2264 4839 vel
2298 4785 2694 4838 s:tcerdotalem
2752 4785 2914 4838 vitam
2965 4785 3185 4854 polliciti
3245 4801 3364 4838 non.
3421 4792 3583 4848 sunt,

1984 4877 2124 4932 sicut
2181 4876 2427 4930 monachi
2467 4886 2646 4929 tamen
2684 4874 2764 4928 vel
2801 4876 3114 4929 sacerdotes
3149 4874 3336 4927 vivunt
3363 4890 3378 4927 :
3409 4885 3573 4942 atque

1987 4969 2059 5022 ita
2113 4969 2184 5022 illi
2233 4977 2358 5023 sunt
2405 4969 2721 5022 obedientes
2753 4967 2928 5037 pueri,
2980 4966 3072 5037 qui
3107 4964 3316 5021 faciunt
3348 4966 3569 5022 etiamsi

1991 5060 2122 5115 nihil
2161 5059 2532 5130 promiserint.

2063 5153 2220 5208 Vens.
2248 5153 2338 5207 55.
2371 5171 2389 5204 ι
2418 5153 2591 5206 Aliam
2637 5152 2946 5221 parabolam
2996 5151 3202 5206 audite.
3232 5147 3408 5204 Homo
3449 5146 3569 5222 qni-

1990 5244 2111 5298 datn
2153 5253 2269 5296 erat
2310 5243 2722 5312 paterfamilias,
2771 5242 2862 5312 qui
2918 5242 3180 5312 plantavit
3233 5243 3470 5309 vineam,
3519 5251 3575 5298 et

1987 5349 2170 5405 sepem
2216 5336 2669 5402 circntndeditei,
2697 5346 2750 5390 et
2793 5335 2932 5390 fodit
2986 5337 3037 5390 in
3085 5350 3148 5392 ea
3209 5337 3471 5399 torcular,
3519 5346 3573 5394 et

1986 5426 2271 5481 a-diticavit
2300 5427 2512 5488 turrim.
2537 5436 2589 5480 et
2620 5427 2820 5481 locavit
2845 5443 2965 5483 eam
3002 5429 3279 5497 agricolis,
3309 5443 3373 5492 ac
3414 5443 3570 5496 pere-

1985 5533 2080 5588 gre
2117 5521 2389 5589 profectus
2432 5525 2537 5573 est.
2574 5539 2592 5571 ›
2645 5520 2818 5574 Aliam
2867 5501 3180 5592 parabolatn
3241 5523 3321 5578 eis
3381 5517 3568 5586 affert,

1983 5612 2277 5666 ostendens
2300 5611 2462 5680 quod,
2489 5611 2616 5667 licet
2654 5628 2866 5668 summa
2897 5613 3170 5683 diligentia
3202 5615 3282 5670 eis
3324 5612 3567 5667 exhibita

1913 5726 1921 5732 ·
1984 5703 2077 5772 sit,
2103 5718 2211 5759 non
2266 5701 2516 5762 meliores
2563 5705 2690 5763 facti
2744 5707 2967 5764 fuerint.
2997 5706 3171 5763 Hom)
3201 5707 3350 5763 enim
3383 5715 3564 5776 pater.
