4078 6464
581 330 688 396 379

579 439 834 514 familias,
880 447 1137 508 Dominus
1177 466 1261 512 est
1300 460 1391 529 qui
1445 476 1669 534 propter
1719 472 2148 529 misericordiam

574 536 741 626 Lomo
770 546 1087 614 appellatur.
1119 551 1282 609 Vinea
1313 565 1515 625 autem,
1545 565 1772 631 populus
1818 566 2151 641 Judaeorum,

1397 351 1979 424 THEOPHYLACTI
2016 366 2423 431 RULGARL’E
2461 375 2812 442 ARCIIIEP‘.

3709 395 3799 465 380

2182 482 2225 536 Α
2260 483 2467 552 σπὸτης
2487 484 2515 536 6
2547 484 2770 556 Κύριος,
2796 489 2825 541 6
2853 487 2943 541 διὰ
2969 490 3068 560 τὴν
3093 491 3523 566 φιλανθρωπίαν,
3540 501 3796 576 ἄνθρωπος

2263 577 2831 646 προταγορευόμενος.
2886 581 3177 651 Ἀμπελὼν
3228 585 3284 640 δὲ
3315 589 3344 641 6
3396 589 3522 655 λαὸς
3552 595 3653 649 τῶν
3687 600 3800 655 Ἰου-

572 623 863 717 plantatns
889 652 917 689 a
948 636 1057 692 Deo
1094 641 1144 694 in
1186 652 1328 699 terra
1372 653 1767 717 promissionis.
1796 659 2121 719 lntroducen

575 724 717 765 mtim
770 726 1005 765 inm-itu
1054 734 1321 765 nlnnanm-
1354 755 1442 765 η..-
1488 746 1535 765 ε..
1588 761 1667 765 μ--
1720 758 1763 765 ,γ
1950 763 1959 765 4

2309 623 2319 638 ,
2430 623 2831 646 ..-τ---ικ-.-ν
2900 623 3174 651 "ru-um"
3228 623 3344 641 νου
3397 623 3520 655 auus
3552 623 3653 649 των
3703 623 3800 655 ιου·

2259 663 2447 730 δαίων,
2489 671 2776 738 φυτευθεὶς
2844 676 2995 746 παρά
3047 678 3143 731 τοῦ
3191 680 3328 735 Θεοῦ
3392 685 3452 737 ὲν
3494 689 3559 759 τῇ
3613 692 3676 761 γῇ
3717 695 3802 765 τῆς

575 724 742 789 enim,
770 726 1022 796 inquit“.
1053 734 1324 801 plantahis
1350 755 1443 793 eas
1486 746 1538 798 in
1585 758 1772 803 monte
1810 763 2002 809 sancto
2040 765 2153 813 tuo.

575 810 742 884 Sepes
767 829 972 886 autem,
1008 825 1116 887 lex.
1144 843 1251 882 non
1280 831 1463 889 sinens
1493 851 1586 891 eos
1608 841 1858 909 gentibus
1882 848 2101 905 misceri
2136 869 2153 906 :

570 904 655 958 vel
702 911 877 978 angeli
932 920 1300 977 custodientes
1360 924 1545 983 lsracl.
1619 929 1903 1005 Torcular,
1951 940 2148 999 altare.

572 994 783 1066 Turris,
835 1008 1113 1076 templum.
1167 1013 1430 1081 Agricola:
1474 1036 1606 1076 vero
1646 1026 1900 1086 doctores
1940 1037 2148 1104 populi,

572 1083 626 1104 η.
717 1090 727 1102 .
811 1088 824 1104 .
957 1099 987 1104 -
1062 1102 1088 1104 ν-

567 1083 824 1146 ΡΙιειίεειιί
858 1105 910 1148 ει
953 1099 1175 1158 Serihm.
1219 1104 1503 1166 Profectus
1556 1126 1636 1171 est
1684 1131 1863 1176 autem
1913 1083 2147 1194 paterni:

569 1179 746 1237 milias
790 1184 945 1252 Dens,
977 1197 1191 1258 quando
1233 1211 1336 1252 non
1361 1205 1593 1272 amplius
1624 1209 1674 1262 in
1706 1212 1954 1269 columna
1987 1220 2146 1274 nuhis

563 1269 887 1342 loquebatur
927 1283 1026 1339 eis.
1066 1286 1154 1340 Vel
1199 1269 1563 1363 peregrinatio
1608 1300 1721 1370 Dei,
1765 1306 2146 1377 longanimitas

563 1364 699 1431 ejus.
751 1368 979 1429 Videtur
1027 1381 1173 1435 enim
1233 1384 1370 1440 Deus
1418 1400 1471 1443 et
1516 1393 1774 1458 dormire.
1813 1409 1867 1453 et
1915 1419 2141 1473 peregre

561 1458 854 1530 proficisci,
886 1468 1010 1521 dum
1061 1473 1384 1542 longaniutis
1437 1494 1541 1550 est,
1591 1498 1646 1542 et
1710 1507 1816 1545 non
1851 1510 1880 1547 e
1912 1498 2142 1565 vestigio

562 1564 906 1619 peccatorum
941 1578 1130 1630 poenas
1160 1570 1345 1640 exigit.

633 1748 790 1807 Vens.
833 1757 1025 1815 51-59.
1084 1782 1103 1815 ι
1155 1765 1286 1820 Cum
1351 1780 1531 1829 autem
1591 1787 1801 1851 tempus
1857 1786 2130 1844 fructuum

555 1847 1060 1914 appmpinqnasset,
1099 1858 1241 1912 misit
1287 1876 1475 1919 servos
1521 1884 1649 1924 suos
1680 1872 1745 1927 ad
1778 1875 2043 1942 agricolas
2075 1891 2133 1936 ut

553 1932 862 2004 acciperent
897 1941 1105 2001 fructus
1162 1948 1352 2018 ipsius.
1389 1955 1458 2011 Et
1500 1962 1751 2029 agricolae
1783 1970 2134 2036 apprehensis

553 2025 727 2080 Servis
755 2027 892 2096 ejus,
925 2033 1090 2089 alium
1121 2041 1468 2110 exciderunt,
1499 2049 1661 2105 alium
1696 2070 1823 2111 vero
1857 2058 2131 2128 lapidave-

551 2120 698 2169 runt.
747 2114 941 2174 ltermn
982 2126 1126 2180 misit
1154 2129 1289 2188 alios
1320 2148 1504 2192 servos
1535 2140 1719 2210 plures
1751 2148 2051 2220 prioribus,
2076 2167 2130 2210 et

1537 2199 1551 2210 .
1751 2199 2051 2220 r”“"""’
2078 2199 2130 2210 “-’

549 2199 795 2259 fecerunt
822 2208 925 2264 illis
954 2213 1223 2274 similiter.
1248 2219 1553 2282 Novissime
1577 2242 1755 2287 autem
1783 2238 1928 2293 misit
1952 2243 2016 2294 ad
2039 2260 2132 2301 eos

548 2291 716 2348 tiliu-n
776 2314 954 2367 suum,
1001 2307 1231 2366 dicens:
1266 2312 1680 2380 Reverehuntur
1723 2328 1888 2386 lilium
1926 2351 2125 2395 meum.

546 2384 812 2456 Agricolae
829 2406 1030 2466 autem,
1051 2400 1168 2457 viso
1190 2403 1318 2471 lilio,
1345 2409 1601 2468 dixerunt
1631 2419 1768 2474 intra
1798 2438 1892 2478 se:
1919 2423 2018 2482 llic
2043 2442 2130 2486 est

548 2477 725 2536 haeres
754 2499 769 2537 :
797 2486 998 2552 venite,
1020 2493 1331 2553 occidamus
1362 2514 1506 2569 eum,
1530 2515 1583 2560 et
1606 2523 1929 2582 occupemus
1956 2519 2131 2578 haere-

546 2570 770 2628 dizatem
827 2577 965 2647 ejus.
1003 2582 1068 2636 Et
1125 2590 1519 2657 apprehensum
1583 2615 1704 2655 eum
1768 2605 2043 2673 ejecerunt
2096 2631 2126 2672 e

541 2661 719 2725 vinea.
745 2671 1149 2730 etocciderunt.
1176 2697 1196 2730 ι
1229 2680 1696 2758 Appropinquavit
1743 2661 1955 2768 tempus
2012 2703 2124 2759 l'ru-

540 2763 742 2824 ctuum,
806 2764 1185 2831 prophetarum
1228 2778 1582 2840 temporibus.
1619 2783 1773 2839 Servi
1804 2763 1946 2845 enim
1973 2795 2123 2851 missi

539 2844 758 2903 fuerunt
810 2856 1108 2924 prOphctze,
1154 2876 1290 2931 quos
1351 2868 1520 2924 variis
1575 2871 1872 2932 aﬂ‘ecerunt
1909 2881 2123 2952 injuriis

538 2939 811 3007 agricolaa,
861 2945 963 3000 hoc
1001 2957 1103 3016 est,
1162 2954 1255 3022 qni
1293 2965 1418 3012 tunc
1452 2972 1610 3017 erant
1646 2964 1771 3021 falsi
1821 2939 2119 3043 prophetae,

539 3039 595 3084 ct
652 3030 776 3088 falsi
858 3036 1130 3097 doctores.
1215 3044 1284 3099 Et
1366 3049 1529 3105 alium
1610 3030 1835 3124 quidem'
1895 3030 2120 3132 p'ercus:

539 3131 748 3187 serunt,
778 3134 838 3179 ut
885 3126 1159 3184 Micharam
1190 3150 1206 3188 :
1234 3133 1529 3194 Sederhias
1578 3143 1724 3198 enim
1771 3126 1975 3204 eum-in
2007 3169 2122 3208 ina-

540 3211 725 3265 xillam
754 3218 1107 3283 percussit“.
1140 3222 1319 3278 Alium
1354 3241 1530 3283 autem
1567 3234 1887 3293 occiderunt
1925 3250 1982 3295 ut
2015 3241 2118 3297 Za-

538 3303 780 3360 chariam
817 3306 959 3365 inter
995 3314 1250 3381 templum
1279 3328 1332 3371 et
1369 3320 1542 3378 altare
1564 3321 1629 3378 “.
1670 3327 1844 3382 Alium
1879 3347 2008 3387 vero
2037 3335 2117 3388 la-

538 3394 878 3470 pidaverunt,
902 3411 958 3454 ut
984 3402 1304 3461 Zachariam
1330 3409 1495 3464 tilium
1532 3411 1703 3471 Jodoc
1724 3422 2114 3486 pontificem“.

543 3486 700 3557 115
731 3487 922 3546 Postea
958 3493 1159 3551 missus
1191 3509 1273 3553 est
1302 3497 1471 3556 Filius
1508 3503 1624 3571 Dei,
1655 3508 1706 3561 in
1756 3526 1920 3568 carne
1956 3530 2122 3585 appa-

538 3594 687 3636 rens.
734 3581 888 3647 Quod
950 3599 1130 3642 autem
1190 3590 1367 3646 dixit:
1409 3612 1429 3646 ι
1474 3596 1883 3656 Reverebontur
1918 3581 2113 3660 Filium

538 3688 740 3740 meum,
780 3695 800 3729 ι
853 3692 962 3734 non
1018 3681 1273 3749 ignorans
1314 3686 1444 3741 dicit
1497 3692 1640 3759 quod
1688 3693 1835 3748 illum
1886 3700 2118 3754 occisuri

536 3775 742 3830 essent,
771 3767 864 3822 sed
900 3769 1206 3841 signiﬁcare
1247 3776 1430 3834 volens
1468 3783 1595 3848 quid
1625 3782 1804 3840 facere
1836 3789 2114 3847 deberent.

533 3855 827 3927 Oportehat
854 3866 1020 3930 enim,
1051 3866 1242 3937 inquit,
1277 3869 1399 3925 licet
1453 3890 1643 3931 servos
1684 3880 2003 3948 occiderint,
2032 3888 2114 3940 vel

534 3948 703 4006 tilium
756 3960 1013 4015 revereri.
1039 3961 1303 4030 Agricolae
1325 3976 1504 4021 autem
1531 3971 1646 4025 viso
1692 3971 1805 4041 ipso
1825 3974 2108 4032 dixerunt-

538 4060 560 4096 ι
585 4042 683 4099 Hic
711 4058 793 4102 est
812 4052 1001 4118 hmres,
1021 4055 1199 4108 venite
1217 4059 1527 4114 occidamus
1556 4076 1702 4116 eum.
1734 4083 1752 4115 ι
1783 4064 1994 4123 Etenim
2018 4068 2113 4124 Ju-

533 4134 766 4206 dmi,qui
790 4141 1061 4205 dicebant,
1092 4144 1189 4199 llic
1217 4158 1299 4199 est
1330 4148 1599 4219 Christus,
1626 4154 1725 4225 ipsi
1755 4156 1903 4212 illum
1935 4163 2113 4216 cruci-

531 4228 788 4284 ﬂxerunt.
821 4233 1109 4300 Ejecernnt
1138 4249 1319 4293 autem
1353 4259 1476 4296 eum
1508 4257 1662 4299 extra
1695 4249 1905 4306 vineam
1942 4273 1954 4306 :
1984 4272 2104 4310 nam

530 4333 686 4376 extra
743 4325 1015 4379 civitatem
1077 4332 1291 4387 occisus
1345 4344 1441 4401 ,εει
1505 4334 1786 4396 Dominus.
1839 4342 2105 4401 Praeterea

531 4411 659 4479 quia
736 4414 945 4469 vineam
1014 4420 1324 4477 dicebamus
1405 4440 1526 4480 esse
1598 4430 1889 4498 pOpnlnm,
1945 4446 2098 4490 extra

528 4504 767 4573 vineam,
801 4507 905 4562 hoc
951 4520 1053 4575 est,
1102 4523 1300 4581 prmter
1353 4516 1611 4585 simplicis
1662 4522 1842 4592 populi
1881 4538 2105 4583 senten'

527 4595 697 4663 tiam,
746 4598 1059 4656 occiderunt
1114 4619 1235 4658 eum
1275 4608 1577 4674 Pharisazi,
1636 4614 1762 4667 mali
1823 4619 2097 4680 agricolae.

524 4690 618 4746 τὸν
662 4692 809 4757 λαὸν,
837 4694 942 4762 ἔξω
971 4698 1065 4751 τοῦ
1101 4701 1448 4769 ἀμπελῶνος,
1487 4707 1787 4776 τουτέστιν,
1822 4711 1926 4776 ἔξω
1963 4716 2062 4785 τῆς
2092 4715 2187 4770 τοῦ
2219 4690 2412 4776 ἀδόλου
2443 4722 2571 4778 λαοῦ

527 4788 692 4853 σαῖοι,
725 4791 774 4843 οἱ
809 4792 1039 4860 πονηροὶ
1078 4796 1335 4865 γεωργοί.

596 4882 763 4941 Vens.
792 4886 883 4953 40,
910 4889 1001 4945 41.
1040 4911 1056 4944 ι
1078 4893 1210 4949 Cum
1240 4913 1369 4966 ergo
1400 4903 1606 4956 venerit
1627 4905 1877 4959 dominus
1907 4907 2098 4966 vinem.

521 4978 654 5050 quid
699 4980 861 5037 faciet
906 4986 1161 5054 agricolis
1210 4990 1356 5046 illis?
1394 4992 1586 5048 Dicunt
1638 4996 1710 5049 illi
1748 5015 1760 5050 :
1799 4998 1925 5052 Mali
1977 5016 2098 5054 cum

500 5073 654 5139 sint,
678 5077 816 5130 male
842 5079 1027 5146 perdet
1057 5079 1215 5148 illos;
1245 5092 1296 5135 et
1320 5086 1528 5140 vineam
1560 5103 1709 5142 suam
1744 5088 1940 5144 locabit
1983 5092 2102 5146 aliis

522 5165 802 5236 agricolis,
854 5170 944 5239 qui
992 5172 1223 5229 reddent
1278 5174 1326 5229 ei
1362 5174 1598 5231 fructum
1658 5179 1711 5233 in
1764 5183 2099 5250 temporibus

521 5258 661 5314 suis.
713 5279 732 5310 ι
784 5260 917 5315 Cum
964 5266 1204 5330 venerit,
1258 5268 1516 5337 quando?
1566 5269 1699 5323 Num
1766 5273 1817 5324 in
1859 5273 2096 5327 secundo

518 5349 794 5406 adventu?
833 5353 1052 5410 Videtur
1078 5358 1371 5427 quidemet
1409 5361 1510 5415 hoc
1544 5363 1769 5427 sentire,
1798 5379 1979 5415 verum
2013 5374 2098 5417 ta-

524 5450 630 5497 tem
662 5444 853 5503 melins
879 5447 957 5504 sic
982 5450 1304 5521 intelligitur
1330 5469 1341 5506 :
1369 5452 1629 5508 Dominus
1656 5455 1844 5519 vinem,
1874 5453 2017 5509 Deus
2047 5466 2101 5510 et

517 5532 704 5604 Pater,
726 5538 816 5609 qui
850 5540 995 5595 misit
1029 5538 1223 5596 Filium
1264 5558 1418 5597 suum
1441 5545 1509 5597 ab
1545 5544 1646 5599 illis
1670 5546 1931 5600 occisum.
1961 5545 2097 5602 Cum

520 5627 682 5700 igitur
706 5634 934 5699 venerit,
960 5633 1061 5689 hoc
1085 5644 1187 5695 est.
1232 5651 1353 5690 cum
1403 5636 1518 5704 ipse
1550 5640 1845 5705 respexerit
1886 5641 1951 5694 ad
1990 5641 2097 5695 ini-

2259 758 2630 831 ἐπαγγελίας·
2661 767 2987 837 Εἰσαγαγὼν
3036 772 3166 844 γὰρ,
3220 775 3374 845 φησὶ,
3433 758 3803 852 καταφύτευσον

2257 853 2455 919 αὐτοὺς
2482 859 2561 919 είς
2586 858 2713 928 ὅρος
2739 860 2895 929 ἅγιόν
2930 881 3047 919 σου.
3081 867 3343 937 Φραγμὺς
3383 870 3440 923 δὲ
3466 875 3494 926 6
3524 875 3693 945 νόμος,
3720 883 3802 938 οὐκ

2254 942 2360 997 ἑῶν
2384 946 2585 1012 αὐτοὺς
2609 951 2938 1024 ὲπιμιγῆναι
2963 957 3079 1019 τοῖς
3107 956 3322 1012 ἔθνεσιν
3348 978 3362 992 ο
3397 962 3429 1032 ῆ
3479 966 3527 1018 οἱ
3566 942 3700 1036 ἀγιοι
3726 975 3804 1044 ἀγ.

2254 1038 2469 1106 γελοιοῖ
2502 1042 2803 1111 ἐφύλαττον
2858 1047 2950 1100 τὸν
2995 1048 3232 1120 Ἰσραήλ.
3305 1053 3501 1122 Δηνδς,
3553 1059 3611 1112 τὺ
3640 1038 3800 1117 Gusta-

2252 1132 2495 1202 στήριον.
2530 1135 2770 1205 Πύργος,
2809 1138 2837 1189 6
2859 1139 3007 1203 ναός.
3037 1140 3281 1212 Γεωργοὶ
3324 1144 3381 1199 δὲ
3414 1148 3464 1199 οἱ
3510 1148 3795 1211 διδάσκαλοι

2247 1224 2345 1278 τοῦ
2398 1226 2548 1284 λαοῦ,
2589 1229 2875 1301 Φαρισαῖοι
2927 1233 3021 1285 καὶ
3074 1234 3450 1305 Γραμματεῖς.
3489 1241 3800 1317 Ἀπεδήμησε

2245 1317 2303 1371 δὲ
2329 1319 2358 1371 6
2388 1320 2775 1393 οίκοδεσπότης
2806 1324 2961 1388 Θεὸς,
2986 1326 3075 1379 ὅτε
3105 1329 3304 1397 μηκέτι
3332 1332 3389 1382 ἐν
3452 1332 3623 1404 στύλῳ
3657 1341 3798 1407 νεφέ.

2245 1407 2341 1480 λης
2373 1411 2553 1464 ἐλάλει
2587 1414 2723 1485 πρὸς
2784 1417 2981 1480 αὐτούς
3014 1435 3027 1448 ·
3070 1418 3103 1489 ἢ
3163 1421 3445 1493 ἀποδημία
3499 1426 3587 1479 τοῦ
3608 1428 3796 1503 Θεοῦ,ή

2247 1503 2622 1574 μακροθυμία.
2651 1510 2814 1560 Δοκεῖ
2845 1508 2954 1581 γὰρ
3008 1513 3101 1564 καὶ
3135 1513 3441 1569 ὑπνώττειν
3486 1519 3576 1570 καὶ
3618 1520 3798 1592 ἀποδηο

2246 1597 2368 1662 μεῖν
2398 1597 2428 1650 6
2452 1597 2606 1661 Θεὸς,
2636 1600 2693 1651 ἐν
2732 1599 2810 1669 τῷ
2842 1602 3243 1673 μακροθυμεῖν,
3284 1608 3378 1660 καὶ
3431 1609 3505 1679 μὴ
3535 1614 3674 1683 παρά
3708 1616 3795 1669 πό-

2241 1685 2338 1750 δας
2370 1684 2478 1740 τῶν
2511 1689 2865 1760 ἀδικημάτων
2889 1694 3146 1749 ἀπαιτεῖν
3176 1697 3276 1761 τὰς
3301 1698 3553 1763 εὐθύνας.

2316 1780 2475 1833 «Ὅτε
2507 1780 2562 1835 δὲ
2590 1784 2820 1853 ἤγγισεν
2853 1787 2882 1839 6
2908 1788 3101 1859 καιρὸς
3128 1791 3234 1843 τῶν
3267 1794 3516 1864 καρπῶν,
3536 1797 3794 1854 ἀπέστειλε

2243 1871 2370 1935 τοὺς
2402 1868 2620 1940 δούλους
2651 1876 2818 1931 αὑτοῦ
2839 1879 2975 1949 πρὸς
2996 1882 3125 1945 τοὺς
3152 1887 3458 1955 γεωργοὺς,
3497 1886 3670 1943 λαϐεῖν
3687 1893 3795 1957 τοὺς

2243 1965 2491 2033 καρποὺς
2523 1968 2708 2022 αὑτοῦ.
2748 1971 2855 2023 Καὶ
2889 1962 3149 2037 λαϐόντες
3180 1977 3227 2027 οἱ
3278 1980 3515 2048 γεωργοὶ
3547 1981 3664 2045 τοὺς
3686 1983 3791 2036 δού-

2240 2053 2364 2119 λους
2424 2057 2610 2123 αὐτοῦ,
2646 2061 2707 2114 ὃν
2768 2062 2868 2131 μὲν
2920 2063 3142 2134 ἔδηραν,
3179 2068 3238 2120 ὃν
3308 2070 3366 2122 δὲ
3416 2070 3788 2145 ἐλιθοϐόλησαν.

2242 2147 2410 2202 Πάλιν
2445 2150 2764 2206 ἀπέστειλεν
2786 2157 2980 2222 ἀλλους
3000 2160 3222 2225 δούλους
3242 2162 3497 2226 πλείονας
3529 2166 3630 2220 τῶν
3657 2172 3789 2239 πρώ-

2238 2256 2368 2302 των,
2413 2243 2505 2293 καὶ
2560 2244 2823 2315 ἐποίησαν
2873 2250 3059 2315 αὐτοῖς
3113 2252 3399 2318 ὡσαύτως.
3454 2256 3703 2328 ’Ὕστερον
3743 2260 3789 2313 δὲ

2237 2330 2525 2385 ἀπέστειλε
2560 2336 2694 2405 πρὶς
2727 2339 2925 2405 αὐτοὺς
2952 2340 3043 2395 τὸν
3073 2345 3190 2397 υἱον
3226 2347 3420 2412 αὐτοῦ,
3451 2348 3618 2416 λέγων
3640 2365 3654 2382 ο
3690 2348 3793 2403 Ἐνέ

2235 2423 2609 2494 τραπήσονται
2639 2429 2730 2481 τὸν
2766 2432 2880 2485 υἱόν
2913 2451 3036 2504 μου.
3073 2437 3136 2490 Οἱ
3157 2438 3213 2491 δὲ
3238 2441 3477 2508 γεωργοὶ
3501 2441 3687 2504 ἰδόντες
3712 2442 3788 2495 τὸν

2236 2515 2372 2580 υίον,
2402 2512 2557 2571 εἶπον
2592 2521 2648 2573 ὲν
2687 2523 2936 2588 ἑαυτοῖς·
2977 2519 3150 2593 Οὗτός
3196 2531 3353 2583 ἐστιν
3388 2533 3416 2584 6
3446 2531 3783 2603 κληρονόμος’

2232 2606 2386 2662 δεῦτε
2417 2611 2827 2681 ἀποκτείνωμεν
2857 2619 3040 2683 αὑτὸν,
3061 2622 3153 2673 καὶ
3174 2623 3538 2692 κατάσχωμεν
3568 2623 3656 2694 τὴν
3677 2624 3789 2694 κλη-

2237 2702 2493 2772 ρονομίαν
2524 2704 2710 2761 αὐτοῦ.
2743 2708 2854 2762 Καὶ
2883 2709 3142 2777 λαϐόντες
3187 2714 3355 2767 αὑτὸν
3398 2715 3643 2780 ἐξέϐαλον
3695 2715 3786 2781 ἔξω

2230 2792 2323 2847 τοῦ
2351 2796 2695 2866 ἀμπελῶνος,
2737 2802 2831 2854 καὶ
2878 2805 3228 2862 ἀπέκτειναν.
3274 2827 3294 2860 ι
3338 2810 3599 2878 Ἤγγισεν
3633 2810 3786 2864 ὁκαιο

2232 2882 2325 2954 ρὺς
2352 2884 2462 2938 τῶν
2491 2890 2743 2959 καρπῶν,
2776 2894 2916 2947 κατά
2947 2895 3074 2959 τοὺς
3105 2896 3213 2950 τῶν
3234 2900 3531 2970 προφητῶν
3560 2902 3781 2971 χρόνους.

2229 2976 2422 3030 Δοῦλοι
2447 2977 2556 3049 γὰρ
2581 2981 2981 3050 ἀποσταλέντες
3003 2988 3052 3041 οἱ
3080 2992 3384 3060 προφῆται,
3413 2992 3504 3055 οὒς
3538 2995 3624 3046 καὶ
3647 2992 3781 3062 ὓϐριρ

2230 3082 2329 3118 σαν
2352 3067 2625 3141 διαφόρως
2647 3073 2698 3125 οί
2724 3077 2988 3147 γεωργοὶ,
3014 3081 3321 3148 τουτέστιν,
3350 3083 3401 3135 οἱ
3427 3083 3565 3137 κατὰ
3583 3085 3781 3155 καιροὺς

2148 3187 2190 3244 C
2224 3155 2671 3230 ψευδοπροφῆται
2710 3165 2805 3218 καὶ
2862 3164 3365 3235 ψευδοδιδάσκαλοι.
3409 3173 3511 3227 Tbv
3564 3175 3654 3244 μὲν
3681 3174 3774 3243 γὰρ

2223 3248 2440 3321 ἐδηραν,
2473 3252 2662 3325 ῶσπερ
2690 3256 2782 3310 τὸν
2829 3259 3093 3329 Μιχαίαν,
3140 3265 3482 3331 πατάξαντος
3525 3267 3678 3320 αὐτὸν
3703 3267 3780 3320 ἐπὶ

2225 3343 2453 3407 σιαγόνα
2502 3347 2754 3401 Σεδεκίου
2788 3366 2803 3380 ’
2836 3350 2929 3404 τὸν
2961 3352 3019 3406 δὲ
3074 3353 3444 3423 ἀπέκτειναν,
3484 3358 3661 3431 ὥσπερ
3705 3361 3781 3411 τὸν

2222 3434 2524 3504 Ζαχαρίαν,
2579 3441 2783 3507 μεταξὺ
2834 3440 2929 3495 τοῦ
2970 3444 3100 3498 ναοῦ
3134 3448 3229 3500 καὶ
3259 3450 3356 3502 τοῦ
3390 3450 3773 3520 θυσιαστηρίου·

2219 3524 2608 3599 ἐλιθοϐόλησαν
2661 3532 2742 3596 δὲ,
2793 3533 2867 3596 ὡς
2900 3537 3181 3607 Ζαχαρίαν
3228 3542 3323 3594 τὸν
3352 3542 3467 3595 υἱὸν
3499 3542 3671 3595 Ἰωδαὲ
3699 3542 3777 3593 τὸν

2227 3615 2511 3687 ἀρχιερέα.
2549 3620 2817 3688 ’Ὕστερον
2848 3625 2905 3679 δὲ
2953 3628 3232 3703 ἀπεστάλη
3267 3633 3297 3685 6
3346 3634 3473 3697 Υίδς
3520 3632 3610 3687 τοῦ
3639 3632 3775 3695 Θεοῦ,

2217 3709 2276 3761 ὲν
2298 3713 2460 3779 σαρκὶ
2523 3715 2731 3781 φανείς.
2767 3716 2839 3769 Τὸ
2868 3718 2923 3772 δὲ
2960 3738 2977 3771 ι
3029 3720 3498 3796 Ἐντραπήσονται
3540 3727 3624 3778 τὸν
3667 3726 3777 3778 Υἱόν

2222 3817 2324 3870 μου
2366 3821 2383 3853 ι
2417 3800 2594 3872 εἶπεν,
2637 3807 2738 3861 οὐκ
2776 3809 2989 3877 ἀγνοῶν
3037 3814 3119 3867 ὅτι
3172 3816 3403 3886 ἔμελλον
3462 3818 3618 3870 αὑτὸν
3658 3819 3774 3869 dm-

2223 3897 2456 3958 κτεῖναι,
2492 3899 2629 3952 ἀλλά
2676 3900 2737 3953 τὸ
2785 3901 3137 3973 ὀφειλόμενον
3186 3909 3445 3976 γενέσθαι
3499 3909 3771 3979 σημαίνων.

2222 3982 2370 4037 Ἔδει
2409 3987 2537 4057 γὰρ,
2568 3991 2755 4060 φησὶν,
2796 3995 2844 4045 εί
2873 3996 2966 4048 καὶ
2999 3998 3127 4056 τοὺς
3182 3998 3405 4064 δούλους
3435 4002 3763 4058 ἀπέκτειναν,

2214 4075 2351 4130 ἀλλά
2411 4080 2512 4133 κᾶν
2568 4081 2662 4134 τοῦ
2717 4084 2850 4137 Υίοῦ
2907 4087 2967 4139 τὸ
3022 4090 3242 4160 ἀξίωμα
3273 4090 3773 4165 ἐντραπῆναι.οίδὲ

2220 4171 2458 4237 γεωργοὶ
2502 4172 2704 4239 ἰδόντες
2742 4177 2930 4242 αὐτὸν,
2961 4175 3116 4233 εἷπον
3143 4199 3156 4212 ο
3193 4201 3211 4234 ι
3245 4180 3414 4248 Οὗτός
3437 4186 3581 4237 ἐστιν
3608 4183 3633 4235 6
3661 4182 3774 4250 κλη-

2219 4259 2469 4328 ρονόμος,
2519 4262 2668 4316 δεῦτε
2707 4268 3121 4340 ἀποκτείνωμεν
3173 4275 3356 4329 αὐτόν.
3394 4294 3412 4326 ι
3449 4274 3555 4329 Καὶ
3608 4272 3707 4342 γὰρ
3732 4272 3773 4322 οἱ

2223 4350 2466 4405 Ἰουδαῖοι
2521 4355 2571 4406 οῖ
2618 4356 2889 4425 λέγοντες,
2923 4361 3005 4414 ὅτι
3069 4359 3241 4429 Οὗτός
3294 4368 3442 4421 ἐστιν
3479 4368 3507 4419 6
3537 4361 3768 4433 Χριστὸς.

2210 4443 2406 4498 ἐκεῖνοι
2438 4446 2602 4501 αὑτὸν
2637 4450 3016 4523 ἐσταύρωσαν.
3065 4454 3350 4521 Ἐξέϐαλον
3390 4459 3445 4512 δὲ
3493 4456 3644 4511 αὑτὸν
3682 4452 3773 4517 ἔξω

2139 4545 2184 4600 Ῑ)
2211 4534 2308 4588 τοῦ
2332 4536 2676 4605 ἀμπελῶνος,
2730 4540 2837 4608 ἔξω
2867 4545 2976 4615 γὰρ
3020 4547 3123 4619 τῆς
3165 4551 3376 4617 πόλεως
3420 4547 3718 4613 ἀπεκτάνθη
3747 4545 3770 4593 ὁ

2216 4624 2443 4694 Κύριος.
2491 4628 2651 4684 Ἀλλά
2704 4633 2799 4686 καὶ
2851 4635 2976 4688 ἐπεὶ
3004 4637 3307 4705 ἀμπελῶνα
3347 4641 3600 4710 ἐλέγομεν
3645 4630 3771 4688 εἶναι

2629 4727 2875 4800 γνώμης,
2944 4733 3111 4787 αὐτὸν
3175 4737 3507 4792 ἀπέκτειναν
3547 4734 3771 4801 οίΦαρι·

2290 4929 2308 4962 ι
2345 4912 2517 4965 Ὅταν
2562 4907 2655 4966 οὖν
2709 4913 2838 4987 ἔλθῃ
2877 4919 2907 4969 6
2960 4919 3163 4989 Κύριος
3206 4923 3302 4976 τοῦ
3363 4920 3690 4994 ἀμπελῶνος,
3718 4913 3766 4965 τί

2212 5006 2425 5074 ποιήσει
2477 5008 2589 5070 τοῖς
2648 5012 2917 5078 γεωργοῖς
2978 5014 3249 5083 ὲκείνοις;
3280 5017 3542 5085 Λέγουσιν
3593 5007 3756 5078 αὐτῷ’

2211 5097 2433 5161 Κακοὺς
2475 5098 2666 5159 κακῶς
2693 5101 2952 5157 ἀπολέσει
2982 5107 3202 5172 αὐτοὺς,
3238 5111 3333 5162 καὶ
3373 5111 3464 5164 τδν
3491 5100 3764 5177 ἀμπελῶνα

2208 5188 2509 5242 ἐκδώσεται
2563 5191 2746 5257 ἄλλοις
2795 5199 3082 5265 γεωργοῖς,
3160 5201 3362 5265 οἵτινες
3412 5193 3761 5255 ἀποδώσουσιν

2207 5281 2355 5351 αὐτῷ
2389 5283 2514 5343 τοὺς
2554 5285 2799 5354 καρποὺς
2833 5287 2891 5338 ὲν
2922 5290 3036 5352 τοῖς
3080 5301 3291 5363 καιροῖς
3322 5291 3517 5347 αὐτῶν.
3554 5307 3572 5341 ι
3608 5286 3761 5338 ὀταν

2206 5370 2354 5444 ἔλθῃ·
2377 5374 2505 5425 πότε
2528 5390 2541 5433 ;
2569 5370 2718 5446 'Apa
2753 5378 2810 5429 ὲν
2838 5380 2904 5448 τῇ
2923 5378 3153 5452 δευτέρᾳ
3186 5385 3496 5455 παρουσίᾳὲ
3526 5376 3760 5474 Φαίνεξῗι

2211 5461 2309 5531 μὲν
2342 5464 2439 5517 καὶ
2464 5463 2622 5519 τοῦτο
2651 5467 2911 5536 νοεῖσθαι,
2955 5471 3097 5543 πλὴν
3143 5478 3390 5545 κρεῖττον
3420 5473 3555 5527 οὕτω
3577 5463 3756 5536 νοηθῆ·

2207 5570 2295 5606 ναι
2326 5570 2339 5585 ο
2376 5555 2579 5627 Κύριος
2611 5558 2706 5612 τοῦ
2739 5561 3085 5631 ἀμπελῶνος,
3109 5568 3140 5619 6
3188 5569 3323 5636 Θεὸς
3355 5567 3450 5623 ναὶ
3476 5552 3753 5663 ίῖμτὴρνιξξ

2206 5646 2497 5701 ἀπέστειλε
2522 5649 2613 5702 τὸν
2636 5650 2765 5704 Υίδν
2790 5654 2956 5708 αὐτοῦ
2983 5696 2997 5721 ,
3039 5658 3130 5711 τὸν
3163 5663 3259 5714 καὶ
3314 5653 3632 5732 φονευθέντα
3670 5644 3742 5701 tm

592 5809 641 5845 ⁸⁵³
663 5810 863 5869 Ezech.
896 5830 1027 5870 xvn.
1064 5815 1154 5869 23.
1232 5815 1274 5846 δ’
1309 5812 1375 5868 lll
1405 5812 1535 5885 Reg.
1575 5831 1726 5872 xxiii.
1760 5816 1850 5872 Ἡ.
1928 5819 1971 5851 ⁵³
2003 5819 2189 5879 Matth.
2225 5839 2358 5879 uti.
2601 5827 2645 5858 “
2684 5828 2723 5882 ll
2767 5828 2938 5887 l‘aral.
2976 5851 3120 5902 XXIV,
3157 5838 3247 5893 20.
