4078 6464
254 340 341 410 ἒ81

870 346 1310 417 EV’ARRATIO
1350 359 1433 420 ΙΝ
1474 360 1802 422 EVANGEI

1903 363 1975 423 [Μ
2014 365 2402 428 ΜᾹΤΓΗᾹΞῙ.
2438 392 2509 404 -
2546 368 2708 431 CAP.
2746 370 2911 431 XXI.

3385 377 3494 439 382

255 457 439 515 αὐτῶν.
476 462 641 513 Ὀτςν
671 457 764 516 οὖν
809 457 964 526 οὗτος
998 464 1157 539 ἔλθη,
1201 470 1512 535 τουτέστιν,
1536 471 1667 523 ὅταν
1697 472 1802 524 ἐπιε

1917 472 2177 542 quitatem
2229 490 2391 546 quam
2445 476 2687 533 fecerunt
2729 476 2923 545 Judmi,
2965 486 3093 536 tunc
3137 481 3307 538 malos
3356 487 3495 542 male

254 555 408 624 mea
449 556 545 607 ἐπὶ
595 558 690 622 τὴν
742 558 990 629 ἀνομίαν,
1019 560 1090 632 ἢν
1143 564 1408 631 ἐποίησαν
1455 564 1504 616 οἱ
1542 563 1810 631 Ἰουδαῖοι,

236 648 360 705 ⁴τότε
389 647 595 711 κακοὺς
627 649 812 711 κακῶς
861 651 1118 707 ἀπολέσει
1172 656 1393 719 αὐτοὺς,
1417 655 1482 708 τά
1525 656 1810 726 Ῥωμαϊκὰ

254 737 627 808 στρατεύματα
653 742 992 812 ἐπιπέμψας.
1026 745 1134 798 Καὶ
1169 746 1259 799 τὸν
1290 747 1590 816 ἀμπελῶνα
1616 747 1809 813 αὐτοῦ,

250 831 506 892 τουτέστι,
558 831 644 884 τὸν
707 833 865 898 λαὸν,
917 835 1215 889 ἐκδώσεται
1278 836 1459 900 ἄλλοις
1521 840 1807 906 γεωργοῖς,

246 921 533 985 τουτέστιν,
587 923 908 986 ἀποστόλοις
957 929 1051 980 καὶ
1111 929 1474 992 διδασκάλοις.
1520 931 1730 989 Νόπσον
1754 930 1811 983 δὲ

247 1012 557 1083 ἀμπελῶνα,
597 1016 690 1068 καὶ
716 1018 816 1081 τὰς
866 1018 1015 1082 θείας
1052 1021 1296 1091 Γραφὰς,
1325 1023 1385 1074 ὲν
1427 1017 1513 1085 αἷς
1556 1023 1810 1092 φραγμδς

246 1106 334 1174 μέν
357 1107 470 1158 ἐστι
524 1107 586 1160 τὸ
618 1109 888 1180 γράμμα·
924 1112 1083 1181 ληνὸς
1124 1112 1181 1166 δὲ
1217 1113 1488 1184 ὀρυχθεὶς,
1541 1115 1601 1167 τὸ
1646 1114 1809 1183 βάθος

244 1197 333 1253 τοῦ
353 1199 701 1268 πνεύματοςδ
724 1201 938 1272 πύργος
968 1204 1023 1256 δὲ
1053 1206 1085 1274 ἡ
1111 1196 1385 1273 θεολογία,
1416 1206 1685 1275 διηρμένη
1717 1205 1808 1259 καὶ

243 1288 540 1360 ὑψηλοτάτη
574 1285 731 1346 οὖσα.
758 1292 973 1356 Ταύτας
1002 1289 1213 1357 οὖντὰς
1244 1295 1468 1365 Γραφᾶς
1532 1291 1677 1365 εἶχον
1706 1296 1807 1365 μὲν

239 1380 491 1452 πρότερον
544 1384 709 1437 κακοὶ
754 1387 1015 1457 γεωργοὶ.
1058 1388 1107 1439 οί
1145 1389 1461 1458 Φαρισαῖοι·
1505 1389 1715 1455 ἐξέδοτο
1749 1389 1806 1442 δὲ

240 1474 357 1543 ἡμῖν
406 1473 620 1539 ταύτας
671 1479 700 1529 6
744 1478 875 1540 Θεὸς
932 1481 1045 1541 τοῖς
1082 1479 1265 1544 καλῶς
1321 1482 1656 1552 γεωργοῦσιν
1706 1485 1811 1537 αὐ·-

236 1569 342 1634 τάς.
379 1571 613 1625 Ἐκεῖνοι
652 1574 761 1645 γὰρ
804 1577 897 1629 καὶ
951 1576 1043 1628 τὸν
1104 1577 1309 1648 Κύριον
1340 1570 1806 1649 ἀπέκτεινανλέξω

232 1664 316 1717 τοῦ
338 1664 689 1737 ἀμπελῶνος,
710 1669 1014 1749 τουτέστιν,
1045 1671 1150 1737 ἔξω
1172 1665 1248 1725 ὦν
1278 1672 1463 1741 ἔλεγον
1491 1677 1545 1727 αἱ
1569 1676 1801 1745 Γραφαί.

301 1780 318 1811 ι
346 1760 509 1827 Λέγει
541 1762 729 1826 αὐτοῖς
758 1764 787 1817 6
833 1762 1060 1833 Ἰησοῦς·
1094 1765 1363 1820 Οὐδέποτε
1422 1769 1691 1836 ἀνέγνωτε
1740 1772 1799 1824 ὲν

238 1853 344 1915 ταῖς
365 1842 639 1921 Γραφαῖ,⁶
660 1854 824 1908 Λίθον
842 1855 902 1910 δν
929 1857 1345 1929 ἀπεδοκίμασαν
1372 1862 1422 1913 οἱ
1452 1862 1799 1933 οἰκοδομοῦν-

235 1960 330 2007 τες,
365 1936 520 2008 οὗτος
551 1946 791 2017 ἐγενήθη
816 1950 894 2010 εἰς
924 1949 1163 2019 κεφαλὴν
1219 1952 1423 2018 γωνίας
1443 1969 1454 1982 ·
1510 1958 1659 2026 παρὰ
1686 1957 1799 2010 Κυ-

238 2035 337 2104 ρίου
359 2034 584 2102 ἐγένετο
604 2036 768 2109 αὕτη,
797 2040 893 2092 καὶ
928 2040 1042 2093 ἐστι
1075 2041 1364 2112 θαυμαστὴ
1413 2046 1469 2096 ἐν
1502 2045 1802 2116 ὀφθαλμοῖς

237 2126 410 2197 ήμῶνς
434 2128 535 2182 Διὰ
565 2128 729 2184 τοῦτο
756 2130 899 2199 λέγω
929 2133 1057 2202 ὑμῖν
1091 2133 1173 2186 ὅτι
1202 2134 1497 2206 ἀρθήσεται
1533 2138 1625 2207 ἀφ’
1648 2140 1802 2210 ὑμῶν

236 2219 521 2290 ἠβασιλεία
553 2222 651 2277 τοῦ
683 2223 839 2288 Θεοῦ,
885 2226 981 2279 καὶ
1030 2225 1317 2298 δοθήσεται
1347 2228 1488 2282 ἔθνει
1558 2233 1801 2288 ποιοῦντι

237 2312 344 2377 τοὺς
393 2313 651 2383 καρποὺς
692 2315 882 2383 αὐτῆς.
932 2316 1041 2368 Καὶ
1093 2317 1121 2369 6
1182 2318 1364 2371 πεσὼν
1397 2321 1489 2373 ἐπὶ
1539 2321 1801 2377 ante»

236 2404 421 2469 τοῦτον,
451 2405 963 2478 συνθλασθήσεται·
996 2410 1081 2478 ἐφ’
1106 2408 1166 2462 ὃν
1190 2409 1234 2462 δ’
1264 2411 1330 2464 ἂν
1354 2413 1515 2484 πέσῃ.
1543 2413 1800 2485 λικμήσει

237 2496 397 2551 αὐτόν.
428 2516 447 2547 ι
483 2497 660 2551 Λίθον
681 2498 872 2551 ἑαυτὸν
901 2498 1157 2569 ὀνομάζει
1187 2514 1199 2526 ·
1234 2500 1548 2571 οἰκοδόμους
1571 2502 1649 2565 δὲ,
1673 2507 1799 2568 τοὺς

236 2586 575 2651 διδασκάλους
595 2588 703 2642 τῶν
745 2589 1034 2654 Ἰουδαίων,
1077 2590 1126 2643 οἳ
1161 2589 1235 2652 ὡς
1274 2591 1494 2661 ἀχρεῖον
1515 2594 1612 2660 μὲν
1640 2596 1801 2647 αὐτὸν

236 2679 660 2749 ἀπεδοκίμασαν,
684 2680 950 2749 λέγοντες
981 2698 1000 2733 ι
1025 2682 1372 2753 Σαμαρείτης
1399 2678 1452 2737 εἴ
1468 2685 1555 2751 σὺ,
1574 2686 1665 2737 καὶ
1683 2687 1800 2739 δαι-

240 2771 397 2841 μόνιον
411 2772 589 2844 ἔχεις.
621 2791 638 2825 ι
659 2774 829 2838 Αὐτὸς
859 2773 915 2828 δὲ
937 2776 1000 2828 ὲκ
1028 2776 1235 2845 νεκρῶν
1253 2776 1512 2844 ἀναστὰς,
1536 2776 1693 2849 ἐτέθη
1722 2780 1802 2844 είς

236 2862 453 2934 κεφαλὴν
490 2864 736 2932 γωνίας,
765 2866 1031 2932 τουτέστι,
1076 2867 1286 2937 κεφαλὴ
1331 2868 1434 2938 τῆς
1475 2869 1799 2941 Ἐκκλησίας

235 2950 445 3019 ἐγένετο,
474 2951 780 3007 συνάπτων
814 2953 940 3017 τοὺς
970 2954 1256 3018 Ἰουδαίους
1288 2956 1379 3009 καὶ
1405 2957 1530 3020 τοὺς
1558 2959 1801 3023 ἐθνικοῦς

236 3046 302 3107 είς
330 3045 452 3114 μίαν
481 3048 701 3102 πίστιν.
735 3047 947 3120 Ὥσπερ
977 3048 1086 3120 γὰρ
1125 3050 1153 3100 ὁ
1190 3049 1335 3114 λίθος
1374 3052 1401 3104 6
1460 3051 1560 3122 τὴν
1600 3055 1800 3120 γωνίαν

1827 1815 1874 1874 Β

1910 567 2120 636 perdet,
2156 568 2320 623 misso
2368 567 2613 626 Romano
2652 574 2936 631 exercitu:
2977 583 3032 629 et
3064 574 3279 632 vineam
3313 595 3490 649 suam,

1912 658 2016 712 hoc
2047 669 2152 722 est,
2209 662 2487 730 papulum,
2534 663 2736 719 locabit
2778 664 2898 721 aliis
2935 656 3208 739 agrieolis,
3264 669 3367 725 hoc
3408 684 3491 727 est

1911 753 2169 820 apostolis
2209 764 2263 808 et
2309 754 2642 812 doctoribus.
2696 756 2936 828 intelligo
2986 761 3116 815 item
3144 775 3240 829 per
3267 762 3484 817 vineam

1910 843 2470 914 divinas.Scripturas.
2501 848 2552 902 in
2570 849 2765 919 quibus
2783 865 2908 918 spes
2930 851 3147 920 quidem
3169 853 3348 907 littera
3370 865 3486 909 est:

1914 934 2149 987 torcular
2175 944 2351 990 autem
2379 938 2677 1000 defossum,
2705 938 3016 1009 profundus
3059 942 3287 1012 spiritus
3316 960 3330 998 :
3366 952 3485 998 tur-

1908 1026 1985 1079 ris
2036 1036 2235 1091 antea],
2277 1029 2562 1101 theologia,
2616 1048 2736 1100 qua:
2782 1048 2991 1087 summa
3051 1044 3136 1089 est
3175 1044 3232 1091 et
3275 1036 3483 1092 divina.

1911 1119 2215 1185 llztsitaque
2247 1120 2561 1191 Scripturas
2589 1123 2857 1178 habebant
2887 1125 3036 1194 prius
3057 1126 3183 1182 mali
3215 1128 3484 1197 agricola),

1909 1209 2167 1265 Phariszui
2196 1228 2211 1266 :
2244 1211 2443 1267 locavit
2465 1222 2642 1267 autem
2673 1215 2828 1271 nobis
2858 1217 2998 1271 Deus
3026 1231 3119 1272 eas
3152 1218 3287 1272 bene
3307 1219 3490 1273 colen-

1912 1304 2074 1358 tibus.
2104 1303 2182 1357 llli
2208 1303 2351 1358 enim
2386 1304 2674 1359 Dominum
2702 1306 3023 1361 occiderunt
3061 1317 3216 1362 extra
3243 1310 3484 1374 vineam,

1911 1396 2012 1449 hoc
2049 1407 2152 1457 est,
2179 1404 2375 1466 praeter
2412 1396 2623 1466 jussum
2667 1411 2856 1452 eorum
2886 1414 3007 1469 quae
3057 1401 3485 1457 dicebautScri-

1909 1496 2101 1553 ptttrar.

1985 1755 2146 1811 Vens.
2174 1757 2365 1812 42-44.
2397 1775 2417 1808 ι
2450 1754 2589 1813 Dicit
2612 1759 2716 1813 illis
2740 1757 2899 1814 Jesus
2922 1778 2936 1815 :
2961 1757 3251 1831 Nunquam
3277 1760 3484 1826 legistis

1904 1848 1957 1901 in
2002 1846 2298 1918 Scripturis
2328 1866 2341 1902 :
2373 1848 2629 1919 Lapidem
2665 1864 2824 1919 quem
2866 1852 3300 1919 reprobaverunt
3346 1855 3480 1906 mdi-

1906 1943 2152 2007 ﬁcantes,
2183 1941 2271 1997 hic
2314 1941 2486 1997 [actus
2522 1951 2606 1997 est
2648 1942 2703 1996 in
2736 1953 2898 2011 caput
2927 1942 3105 2011 anguli
3140 1960 3153 1997 :
3189 1958 3217 1995 a
3254 1942 3482 2000 Domino

1905 2032 2102 2087 factum
2137 2041 2222 2090 est
2253 2034 2417 2101 istud,
2448 2044 2601 2091 etest
2651 2036 2899 2092 mirabile
2928 2037 2982 2092 in
3020 2036 3200 2092 oculis
3237 2038 3482 2092 nostris?

1902 2126 2111 2182 Idcirco
2149 2128 2271 2183 dico
2316 2129 2491 2195 vobis,
2532 2128 2809 2183 auferetur
2836 2145 2863 2184 a
2894 2130 3050 2185 vobis
3090 2145 3315 2200 regnum
3364 2131 3479 2196 Dei,

1903 2229 1959 2274 rt
2003 2220 2216 2275 dabitur
2243 2221 2388 2290 genti
2427 2220 2643 2277 facienti
2691 2221 2900 2278 fructus
2937 2224 3075 2291 ejus.
3102 2222 3170 2278 Et
3203 2225 3296 2294 qui
3337 2225 3481 2279 oeci.

1904 2311 2044 2365 derit
2099 2327 2262 2381 super
2321 2313 2549 2382 lapidem
2611 2315 2791 2379 istum,
2845 2313 3270 2384 confringetur:
3316 2331 3482 2385 super

1896 2415 1936 2470 .q
1964 2415 2060 2455 em
2109 2412 2288 2456 autem
2346 2403 2626 2467 ceciderit,
2663 2403 2811 2457 illum
2857 2414 3122 2460 conteret.
3165 2424 3181 2458 ι
3220 2404 3479 2475 Lapidem

1902 2492 2143 2560 seipsum
2175 2493 2417 2546 nominat
2445 2511 2459 2547 :
2489 2492 2821 2548 abdiﬁcatttes
2853 2502 3033 2547 autem
3069 2493 3357 2562 magistros
3381 2493 3480 2549 Ju-

1904 2585 2164 2650 datorum,
2193 2584 2282 2651 qui
2336 2583 2482 2636 illum
2527 2584 2681 2651 quasi
2734 2584 2979 2638 inutilem
3031 2585 3479 2653 reprobaverunt,

1903 2683 2148 2738 dicentes
2186 2698 2199 2736 :
2233 2679 2610 2736 Samaritanus
2644 2695 2703 2735 es
2740 2690 2816 2744 tu,
2845 2688 2896 2735 et
2932 2682 3254 2736 ttaeInOnium
3292 2681 3479 2737 habes.

1902 2775 2022 2843 Ipse
2052 2781 2232 2828 autem
2264 2789 2386 2827 cum
2417 2773 2746 2828 surrexisset
2775 2788 2840 2825 ex
2875 2773 3126 2835 mortuis,
3156 2773 3364 2840 positus
3396 2782 3482 2829 est

1904 2871 1955 2924 in
2003 2878 2164 2938 caput
2196 2868 2400 2938 anguli,
2426 2868 2527 2922 hoc
2558 2878 2660 2933 est,
2686 2877 2849 2937 eaput
2883 2866 3138 2924 Eeclesiaa
3182 2868 3362 2923 factus
3394 2877 3480 2922 est

1904 2962 2235 3031 coniungens
2253 2960 2473 3016 Judaros
2504 2973 2560 3015 et
2588 2962 2815 3031 gentiles
2846 2961 2899 3014 in
2935 2976 3096 3014 unam
3117 2960 3297 3015 ﬁdem.
3331 2960 3483 3015 Sicut

1871 3107 1875 3110 λ
1904 3053 2048 3107 enim
2086 3052 2225 3122 lapis
2255 3053 2508 3121 angulum
2542 3053 2593 3105 in
2628 3052 2791 3106 domo
2824 3049 3056 3113 faciens,
3085 3051 3332 3106 continet
3381 3052 3482 3108 hac

236 3138 283 3191 ὲν
297 3142 355 3209 τῇ
381 3139 648 3209 οίκοδ-ομῇ
676 3140 866 3205 ποιῶν,
894 3140 1106 3211 συνέχει
1127 3141 1217 3194 τὸν
1246 3141 1397 3195 ἔνθεν
1424 3144 1518 3196 καὶ
1539 3144 1626 3197 τὸν
1655 3147 1798 3199 ἐκεῖ.
1825 3162 1865 3218 ο

237 3227 314 3281 θεν
346 3233 546 3302 τοῖχον,
575 3228 724 3283 οὕτω
756 3230 853 3285 καὶ
908 3231 936 3284 ὁ
999 3232 1236 3302 Χριστὸς
1294 3233 1374 3296 είς
1432 3235 1561 3303 μίαν
1617 3236 1799 3290 πίστιν

242 3322 422 3386 πάντας
456 3323 775 3391 συνέδησεν.
816 3323 879 3376 'tl
912 3323 1084 3392 γωνία
1104 3324 1160 3377 δὲ
1185 3323 1322 3390 αὕτη
1351 3325 1634 3399 θαυμαστή
1658 3329 1795 3395 ἐστι,

239 3415 319 3466 καὶ
353 3415 496 3485 παρὰ
525 3416 742 3484 Κυρίου
784 3416 1021 3483 ἐγένετο.
1061 3417 1131 3469 Ἥ
1156 3417 1265 3488 γὰρ
1317 3419 1614 3489 συνέχουσα
1652 3422 1797 3491 ἡμᾶς

250 3506 520 3578 Ἐκκλησία
553 3509 655 3562 καὶ
706 3509 1023 3564 ὲνοποιοῦσα
1045 3513 1109 3581 τῇ
1147 3511 1348 3572 πίστει.
1399 3513 1550 3583 παρὰ
1590 3514 1797 3582 Κυρίου

240 3600 453 3665 ἐγένετο,
488 3602 590 3654 καὶ
621 3600 737 3654 ἔστι
776 3602 1051 3671 θαύματος
1086 3604 1208 3669 ἀξία
1246 3603 1464 3664 πολλοῦ.
1489 3604 1575 3658 διὰ
1618 3606 1676 3658 τὸ
1702 3606 1801 3659 καλ

240 3688 330 3753 id);
385 3690 834 3762 οἰκοδομηθῆναι.
873 3693 984 3745 Καὶ
1008 3691 1184 3752 ἄλλως
1227 3693 1282 3746 δέ
1339 3695 1457 3746 ἐστι
1488 3695 1796 3766 θαυμαστὴ,

239 3779 357 3834 διότι
388 3785 499 3844 τοῖς
541 3781 823 3853 θαύμασιν
874 3782 1181 3855 ἐϐεϐαιώθη
1235 3784 1329 3837 καὶ
1389 3784 1734 3856 ὲκραταιώθη
1771 3787 1798 3839 ὁ

238 3872 372 3940 λόγος
398 3875 425 3926 6
449 3872 544 3926 τοῦ
580 3872 855 3943 Χριστοῦ·
888 3872 1029 3926 ὥστε
1071 3875 1103 3943 ἡ
1135 3874 1395 3937 σύστασις
1424 3875 1524 3944 τῆς
1569 3875 1797 3947 Ἐκκλη-

241 3962 344 4024 cia;
371 3963 660 4034 θαυμαστὴ
680 3965 846 4017 ἐστιν.
882 3962 1061 4034 Ἥρθη
1093 3959 1185 4017 οῦν
1211 3965 1243 4033 ἡ
1269 3963 1517 4035 βασιλεία
1545 3962 1639 4018 τοῦ
1661 3964 1797 4018 Θεοῦ

239 4058 332 4111 ἀπὸ
374 4059 480 4113 τῶν
512 4058 809 4120 Ἰουδαίων,
847 4059 1149 4123 τουτέστιν,
1188 4060 1221 4129 ἡ
1262 4059 1532 4129 οἰκειότης
1577 4062 1611 4130 ἡ
1664 4060 1800 4131 πρὶς

238 4147 374 4212 Θεδν,
400 4150 493 4203 καλ⁵
548 4147 704 4220 ἐδόθη
733 4149 845 4210 τοῖς
892 4148 1269 4204 πιστεύσασιν.
1312 4150 1376 4204 Οἱ
1410 4148 1520 4222 γάρ
1562 4152 1797 4222 προσκό-

239 4254 444 4303 πτοντες
481 4239 563 4311 τῷ
585 4239 740 4310 λίθῳ,
767 4241 862 4296 καὶ
892 4240 1371 4311 σκανδαλιζόμενοι
1417 4243 1510 4296 ἐπὶ
1554 4243 1632 4313 τῷ
1667 4244 1800 4314 Χρι-

241 4328 357 4398 στῷ,
386 4329 884 4399 συνθλασθήσονται
914 4331 1013 4400 μὲν
1045 4332 1140 4385 καὶ⁵
1170 4333 1226 4385 ἐν
1254 4335 1318 4404 τῇ
1342 4333 1573 4406 δευτέρᾳ
1594 4352 1801 4405 παρουδ

241 4424 344 4493 σῐᾳο
376 4421 510 4495 πλὴν
544 4423 641 4476 καὶ
662 4422 910 4477 ἐντεῦθεν
942 4423 1042 4494 ἤδη
1090 4422 1465 4495 ὲλικμὴθησαν
1492 4426 1584 4479 ὑπ’
1606 4426 1796 4492 αὑτοῦ,

1903 3154 1955 3197 et
1986 3145 2109 3198 illac.
2144 3160 2377 3205 murum.
2410 3144 2488 3197 sit:
2519 3153 2572 3198 et
2606 3143 2854 3198 Christus
2891 3158 2990 3198 nos
3022 3157 3212 3198 omnes
3238 3143 3289 3197 in
3319 3159 3478 3198 unam

1906 3239 2059 3292 lltlent
2089 3237 2379 3307 colligavit.
2410 3236 2649 3304 Angulus
2680 3244 2861 3290 autem
2891 3235 2980 3290 ille
3006 3234 3345 3291 admirabilis
3371 3247 3480 3299 est,

1902 3339 1952 3383 et
1976 3346 2003 3380 a
2030 3326 2258 3381 Domino
2290 3335 2375 3380 est
2405 3324 2595 3380 factus.
2623 3325 2862 3379 Ecclesia
2892 3326 3037 3379 enim
3066 3343 3162 3380 nos
3190 3326 3480 3382 continens

1901 3437 1964 3474 ac
2013 3421 2117 3476 ﬁde
2159 3421 2374 3485 uniens,
2404 3435 2431 3472 a
2467 3420 2692 3474 Domino
2728 3419 2869 3475 facta
2906 3429 3011 3484 est,
3047 3427 3101 3475 et
3150 3433 3233 3474 est
3287 3436 3478 3490 magna

1903 3513 2264 3568 admiratione
2306 3512 2493 3579 digna,
2526 3528 2591 3565 eo
2638 3512 2781 3580 quod
2819 3512 3046 3580 pulchre
3077 3512 3343 3566 aediﬁcata
3388 3514 3480 3568 sit.

1904 3605 1997 3660 Est
2026 3615 2275 3659 autemet
2300 3605 2404 3658 alia
2440 3605 2600 3674 116
2632 3605 2839 3658 ratione
2857 3604 3214 3666 admirabilis,
3237 3619 3302 3659 eo
3334 3604 3483 3674 quod

1905 3697 2179 3751 miraculis
2201 3697 2445 3751 ﬁrmatus
2463 3707 2544 3749 est
2585 3705 2639 3748 ct
2661 3694 2999 3751 confortatus
3030 3710 3210 3750 sermo
3232 3695 3440 3749 Domini
3465 3711 3481 3749 :

1903 3798 1950 3844 et
2002 3789 2090 3841 ita
2166 3786 2425 3861 Ecclesizr
2481 3801 2697 3855 quoque
2755 3787 3074 3841 constitutio
3129 3788 3482 3842 admirabilis.

1904 3879 2151 3933 Ablatum
2177 3878 2339 3948 igitur
2357 3887 2440 3933 est
2463 3893 2685 3942 regnmn
2706 3877 2797 3931 Dei
2818 3893 2845 3930 a
2863 3877 3086 3940 Judaais,
3123 3878 3227 3931 hoc
3252 3887 3355 3939 εει,
3381 3892 3482 3946 pe-

1903 3971 2200 4033 culiaritas,
2236 3984 2341 4038 qua
2379 3969 2469 4023 Dei
2514 3970 2717 4038 proprii
2765 3980 2944 4034 erant,
2968 3980 3023 4023 et
3066 3969 3252 4025 datum
3287 3981 3371 4024 est
3397 3972 3482 4025 his

1903 4061 1993 4131 qui
2039 4059 2407 4114 crediderunt.
2451 4056 2554 4123 Qui
2602 4057 2747 4111 enim
2784 4057 3086 4127 impingunt
3130 4056 3183 4109 in
3223 4055 3480 4124 lapidem.

1902 4164 1955 4208 et
1993 4151 2341 4207 olfenduntur
2370 4150 2422 4204 in
2452 4150 2673 4205 Christo
2704 4147 2832 4203 Jesu
2853 4189 2869 4213 ,
2902 4148 3316 4218 confringentur
3361 4147 3484 4215 qui-

1905 4247 2023 4297 dem
2054 4243 2106 4297 in
2122 4240 2359 4297 secundo
2382 4242 2648 4309 adventu;
2672 4251 3050 4295 verumtamen
3075 4248 3129 4293 et
3154 4240 3239 4293 hic
3260 4238 3482 4293 contriti

1904 4347 2031 4391 sunt
2057 4335 2125 4390 ab
2147 4337 2282 4404 ipso,
2306 4335 2410 4389 hoc
2432 4342 2535 4398 est,
2563 4334 2789 4401 dispersi
2817 4342 2943 4387 sunt
2964 4332 3167 4402 ubique
3188 4342 3481 4396 terrarum,

1902 4429 2042 4482 sicut
2069 4426 2317 4482 videmus
2349 4441 2493 4480 nunc
2527 4426 2754 4480 miseros
2786 4423 3025 4479 Judmos.
3065 4422 3345 4490 Conteret,
3379 4423 3482 4480 hoc

242 4517 485 4581 τουτέστι,
524 4516 904 4586 διεσπάρησαν
945 4517 1261 4587 ἁπανταχοῦ
1300 4522 1397 4588 τῆς
1447 4519 1571 4589 γῆς,
1606 4519 1796 4591 ὥσπερ

1903 4533 1983 4575 est
2011 4505 2083 4575 ita
2113 4529 2379 4582 conteret,
2414 4527 2469 4571 ut
2496 4518 2771 4587 dispergat
2797 4533 2908 4571 eos.

240 4606 434 4678 δρῶμεν
453 4609 552 4662 νῦν
593 4609 722 4672 τοὺς
764 4608 980 4672 ἀθλίους
1012 4610 1322 4673 Ἰουδαίους.
1349 4610 1518 4665 Τοῦτο
1558 4608 1652 4665 οὖν
1683 4614 1797 4666 ἐστι

240 4698 294 4752 τὸ
326 4700 603 4771 λικμήσει,
634 4702 904 4767 τουτέστι,
938 4701 1221 4773 διασπερεῖ
1257 4705 1476 4766 αὐτούς.

303 4810 321 4844 ι
349 4794 453 4848 Καὶ
479 4792 821 4859 ἀκούσαντες
862 4794 911 4847 οἱ
965 4795 1243 4866 ἀρχιερεῖς
1277 4797 1369 4850 καὶ
1417 4798 1466 4850 οἱ
1512 4798 1800 4868 Φαρισαῖοι

239 4883 323 4948 τὰς
352 4886 668 4958 παραϐολάς
686 4886 872 4950 αὐτοῦ,
892 4886 1137 4956 ἔγνωσαν
1159 4888 1242 4940 ὃτι
1270 4906 1335 4940 πε
1345 4891 1397 4959 pl.
1414 4889 1592 4943 αὐτῶν
1614 4889 1761 4958 λέγει
1782 4906 1796 4920 '

241 4977 322 5027 καὶ
365 4976 653 5049 ζητοῦντες
700 4978 863 5032 αὑτὸν
923 4979 1217 5049 κρατῆσαι,
1269 4980 1619 5051 ἐφοϐήθησαν
1672 4982 1799 5046 τοὺς

243 5063 433 5136 ὄχλους,
468 5069 658 5141 ἐπειδὴ
687 5070 764 5134 ὡς
814 5074 1103 5141 προφήτην
1156 5071 1319 5125 αὐτὸν
1376 5068 1542 5142 εἶχον.
1577 5093 1595 5124 ι
1631 5075 1798 5129 Πάλιν

242 5155 350 5228 δρα,
376 5163 454 5215 ὅτι
487 5165 515 5216 6
539 5163 638 5234 μὲν
664 5163 818 5233 δχλος
849 5166 876 5216 ὁ
909 5163 1093 5226 ἄδολος
1121 5164 1213 5217 καὶ
1248 5163 1546 5230 ἄπλαστος,
1574 5164 1802 5220 ἀκολου-

245 5247 317 5302 θεῖ
337 5255 395 5322 τῇ
428 5254 675 5326 ἀληθείᾳ.
714 5256 775 5307 Οἱ
804 5255 860 5306 δὲ
884 5254 1332 5325 νομοδιδάσκαλοι
1370 5255 1796 5326 κακουργοῦσιν.

265 5342 397 5396 Δλλὰ
426 5346 518 5399 καλ⁵
544 5349 708 5417 μέχρι
733 5345 825 5400 τοῦ
855 5346 950 5399 νῦν
972 5345 1225 5418 ζητοῦσιν
1243 5348 1293 5400 οἱ
1327 5348 1566 5417 Ἑϐραῖοι
1586 5348 1796 5418 κρατῆ-

245 5446 324 5486 cat
378 5436 465 5491 τὸν
507 5440 731 5509 Ἰησοῦν,
805 5439 921 5493 ἀλλ’
979 5440 1038 5492 οὐ
1098 5438 1390 5511 κρατοῦσιν
1436 5441 1619 5506 αὐτὸν,
1676 5441 1799 5496 οὐδὲ

242 5526 425 5581 νοοῦσι.
495 5531 596 5588 Τὸν
652 5534 763 5602 γὰρ
817 5533 1188 5604 Ἀντίχριστον
1248 5533 1637 5604 κρατήσουσιν,
1701 5536 1798 5589 καὶ

246 5614 418 5689 ἐκείνῳ
482 5627 980 5694 προσκυνήσουσιν·
1021 5629 1049 5679 6
1102 5624 1157 5678 δὲ
1203 5625 1437 5695 Χριστὸς
1492 5627 1550 5679 οὐ
1586 5626 1796 5698 ληφθή-

248 5718 402 5777 σεται,
435 5717 549 5785 ἢτοι
583 5719 904 5791 νοηθήσεται
935 5720 1066 5788 παρ’
1101 5717 1304 5771 αὐτῶν.

1974 4784 2137 4845 Vens.
2167 4784 2367 4852 45,46.
2402 4805 2420 4838 ι
2457 4785 2519 4840 Et
2568 4801 2691 4840 cum
2758 4783 3038 4836 audis~ent
3081 4780 3354 4850 principes
3394 4796 3487 4836 sa-

1901 4883 2178 4937 cerdotum
2218 4897 2278 4935 ac
2312 4880 2568 4935 Pharisaei
2606 4876 2893 4947 parabolas
2924 4876 3067 4942 eius.
3098 4883 3474 4944 cognoverunt

1903 4973 2042 5044 quod
2069 4973 2135 5025 de
2163 4972 2294 5041 ipsis
2324 4973 2531 5026 diceret
2565 4988 2577 5023 :
2613 4980 2667 5024 et
2700 4969 3005 5038 quaerentes
3042 4967 3187 5020 illum
3223 4980 3474 5034 compre-

1903 5066 2159 5126 hendere,
2192 5066 2487 5119 timuerunt
2523 5065 2728 5125 turbas,
2754 5063 3009 5133 quoniam
3051 5069 3303 5128 tanquam
3356 5074 3481 5128 pro-

1900 5159 2117 5228 pltetam
2140 5172 2261 5212 eum
2295 5157 2588 5212 habebant.
2635 5175 2654 5208 ι
2697 5157 2897 5210 Iterum
2949 5154 3069 5213 vide
3124 5150 3266 5222 quod
3328 5152 3485 5207 turba

1900 5251 2114 5321 quidem
2160 5248 2385 5320 simplex
2417 5259 2470 5302 et
2502 5248 2609 5302 fuci
2642 5247 2849 5312 nescia,
2885 5246 3130 5315 sequitur
3166 5242 3477 5307 veritatem,

1900 5343 2193 5417 legisperiti
2224 5351 2406 5399 autem
2440 5340 2675 5410 maligne
2706 5346 2894 5407 agunt.
2933 5337 2999 5391 Et
3050 5349 3221 5405 usque
3252 5334 3304 5406 in
3338 5334 3482 5387 hunc

1900 5440 2039 5495 diem
2075 5444 2322 5506 quaerunt
2383 5431 2595 5489 llcbraai
2627 5426 2815 5486 Iesum
2867 5427 3347 5497 comprehendere,
3382 5424 3479 5478 sed

1901 5545 2007 5585 non
2056 5524 2542 5596 comprehendunt,
2592 5536 2768 5592 neque
2818 5519 3146 5589 intelligunt.
3203 5514 3480 5570 Antichri-

1900 5634 2045 5680 stum
2063 5621 2208 5678 enim
2237 5618 2723 5690 comprehendent,
2742 5626 2798 5672 et
2830 5615 3006 5685 ipsum
3045 5611 3345 5667 adorabunt
3380 5626 3393 5661 :
3422 5613 3477 5659 at

1900 5712 2148 5767 Christus
2196 5725 2301 5766 non
2352 5709 2630 5777 eapictur,
2677 5708 2776 5761 hoc
2806 5714 2927 5771 est,
2982 5716 3087 5757 non
3151 5696 3477 5766 intelligetur

1904 5807 1970 5860 ab
2000 5804 2097 5860 eis.
