3968 6460
502 292 602 355 387

1384 278 1958 344 THEUI’IIYLAC‘l'l
2008 233 2429 340 anteante
2451 275 2805 337 ARCHIEP.

3658 248 3765 348 338'

509 400 663 455 trasti
713 413 817 453 non
853 398 1058 452 habens
1103 403 1305 449 vestem
1332 391 1627 462 nuptialem
1660 390 1683 442 ?
1715 390 1777 443 At
1815 388 1900 442 ille
1938 388 2082 442 obti-

2205 386 2265 456 ιὴ
2298 386 2433 455 ἔχων
2466 388 2672 458 ἔνδυμα
2706 389 2881 456 γάμου
2909 405 2923 451 ;
2969 388 3022 439 Ὀ
3044 388 3098 440 δὲ
3132 388 3412 459 ἒςιμώῦή.
3450 390 3579 442 Τότε
3617 388 3749 448 εἶπεν

508 493 640 548 cuit.
671 488 825 543 Tunc
860 487 997 542 dixit
1042 502 1132 540 rex
1174 484 1440 538 ministris
1476 499 1491 535 :
1537 481 1740 550 Ligatis
1770 480 1996 550 pedibus
2030 490 2084 533 et

506 583 756 638 manibus
781 580 918 650 eius,
948 579 1116 633 tollite
1140 594 1261 631 eum
1288 588 1343 631 et
1367 575 1549 646 ejicile
1582 575 1631 627 iu
1660 577 1913 628 tenebras
1937 584 2084 626 cxte-

510 676 682 729 riores
720 694 732 728 :
782 674 851 727 ibi
908 674 1014 725 crit
1067 672 1244 735 ﬂetus,
1275 680 1329 724 et
1368 670 1569 723 stridor
1611 667 1872 722 dentium.
1932 664 2084 719 Mulli

507 769 651 820 enim
680 778 804 819 sunt
836 764 1038 829 VOt'ali,
1081 764 1237 833 pauci
1265 777 1396 816 vero
1422 760 1598 815 electi.
1646 778 1664 811 ι
1702 760 1982 829 Ingressus
2018 754 2084 809 ad

509 857 727 925 nuptias
790 858 910 910 sine
966 854 1349 924 dijudicatione
1420 852 1496 907 lit.
1552 850 1736 907 Gratia
1782 850 1924 905 enim
1972 848 2085 902 sola

508 966 696 1003 onmcs
729 948 898 1002 vocati
933 962 1122 1003 sumus
1162 956 1271 1001 tam
1315 947 1436 999 boni
1469 961 1628 1016 quam
1667 945 1791 998 mali
1824 960 1837 997 :
1884 953 1938 996 at
1980 942 2085 995 vita

513 1058 703 1097 eorum
734 1044 824 1112 qui
860 1041 1089 1109 ingressi
1123 1041 1319 1095 iuerint
1354 1040 1578 1109 pastlmc
1609 1055 1711 1092 non
1747 1036 2087 1105 iudisquisita

511 1135 637 1197 erit,
668 1134 759 1189 sed
794 1148 1020 1187 exatnen
1062 1132 1219 1187 valde
1262 1147 1512 1201 magnum
1555 1131 1716 1184 faciet
1762 1145 1853 1182 rex
1900 1143 2088 1183 eorum

511 1223 603 1292 qui
636 1233 759 1292 post
788 1224 1088 1293 ingressum
1125 1223 1190 1276 ad
1244 1222 1399 1275 tidem
1444 1222 1495 1273 in
1532 1220 1748 1274 sordido
1776 1218 1958 1272 habitu
2007 1219 2088 1269 in.

516 1317 815 1370 venientur.
869 1315 1200 1371 Horreamus
1246 1314 1408 1384 igitur
1448 1314 1764 1383 cogitantes,
1795 1312 1945 1378 quia,
1985 1310 2087 1363 nisi

513 1407 637 1476 quis
687 1406 860 1461 vitam
911 1409 1102 1461 habeat
1137 1423 1349 1477 puram,
1376 1405 1520 1465 ,nibil
1573 1406 1620 1459 ei
1658 1405 1890 1473 proderit
1949 1405 2088 1456 nuda

512 1498 650 1554 ﬁdes
683 1518 697 1553 :
729 1515 835 1553 non
869 1499 1040 1553 solum
1072 1500 1216 1553 enim
1252 1514 1283 1552 e
1315 1498 1515 1565 nuptiis
1542 1496 1779 1564 ejicitur,
1818 1497 1909 1549 scd
1950 1506 2002 1547 et
2037 1512 2087 1547 ιιι

514 1593 694 1659 ignem
748 1591 999 1645 mittitur.
1054 1590 1185 1657 Quis
1218 1600 1302 1645 est
1351 1590 1439 1644 ille
1496 1591 1709 1644 sordida
1767 1590 2087 1642 \estin.enta

515 1682 761 1752 gerens?
812 1681 856 1735 Is
887 1681 979 1750 qui
1016 1699 1117 1735 non
1160 1683 1381 1736 indutus
1415 1691 1497 1736 est
1534 1682 1739 1735 viscera
1784 1679 2089 1732 miseratio-

517 1790 666 1837 num,
702 1773 1122 1840 fraternitatem,
1157 1775 1567 1844 benignitatem.
1607 1771 1754 1825 Multi
1810 1772 1970 1840 igitur
2000 1785 2087 1825 se-

515 1862 664 1930 ipsos
716 1880 849 1919 vana
903 1881 996 1934 5pc
1029 1866 1379 1935 decipientes,
1432 1876 1623 1935 putant
1668 1869 1809 1932 quod
1870 1872 2089 1934 regnum

514 1957 774 2012 ctelurmn
811 1968 1189 2029 assequentur,
1232 1970 1285 2013 et
1313 1961 1521 2028 seipsos
1575 1959 1734 2012 simul
1782 1958 2092 2012 immiscent

515 2049 964 2105 discmnhentiunt
1002 2053 1189 2114 choro,
1220 2053 1516 2105 sentientes
1545 2053 1610 2105 de
1643 2051 1834 2120 scipsis
1868 2065 2087 2118 magna.

515 2138 802 2196 Rationem
854 2143 1017 2211 igitur
1059 2156 1279 2197 sumens
1316 2142 1575 2196 Dominus
1611 2142 1678 2197 ab
1731 2143 1948 2210 indigno
1981 2141 2090 2206 illo,

516 2242 786 2287 monstrat
830 2232 985 2288 nobis
1031 2234 1137 2289 duo
1185 2234 1336 2288 haec:
1375 2248 1565 2296 unum,
1601 2232 1743 2300 quod
1784 2231 2093 2287 misericors

519 2324 630 2389 sit;
667 2323 921 2389 alterum,
967 2325 1178 2392 quodet
1200 2338 1300 2377 nos
1330 2323 1509 2376 nullos
1540 2321 1900 2376 condemnare
1931 2320 2096 2374 debe-

518 2429 662 2481 mus,
702 2414 912 2468 etiamsi
952 2412 1240 2468 manifeste
1279 2420 1525 2482 peccent,
1561 2410 1663 2465 nisi
1701 2410 2097 2480 redarguamnr

514 2515 829 2574 peccantes.
870 2502 1010 2557 Dicit
1052 2504 1218 2574 igitur
1266 2502 1530 2557 Dominus
1569 2501 1856 2566 ministris,
1892 2502 2097 2571 angelis

524 2593 859 2649 tortoribus:
898 2610 917 2646 ι
957 2593 1159 2663 Ligatis
1193 2593 1440 2648 manibus
1477 2603 1533 2648 et
1562 2594 1806 2662 pedibus,
1859 2612 1877 2644 ι
1916 2596 2095 2657 idest,

522 2685 817 2754 operativis
847 2685 968 2753 ejus
998 2685 1306 2739 virtutibus.
1337 2684 1390 2738 ln
1423 2684 1624 2739 smculo
1656 2684 1800 2739 enim
1845 2683 2097 2753 praesenti

522 2778 737 2845 operari
775 2792 1079 2846 pOSs‘lllltllS,
1118 2779 1169 2832 in
1201 2780 1381 2832 futuro
1420 2790 1601 2831 autem
1630 2779 1826 2831 saeculo
1863 2778 2099 2845 ligantur

522 2882 713 2922 omnes
765 2870 991 2924 virtutes
1048 2871 1268 2924 animae-
1300 2871 1616 2938 operativae,
1661 2878 1716 2923 et
1762 2886 1866 2923 non
1924 2880 2101 2937 potest

522 2959 641 3014 ﬁcri
671 2959 873 3029 aliquid
904 2961 1027 3015 boni
1061 2961 1112 3014 in
1137 2961 1465 3016 ablutionem
1488 2971 1855 3031 peccatorum.
1890 2960 2102 3017 Stridor

525 3063 708 3106 autem
745 3052 1016 3115 dentium,
1052 3052 1370 3122 poenitentia
1401 3063 1505 3120 est,
1539 3067 1658 3122 quae
1691 3062 1820 3107 tunc
1850 3055 2015 3109 stulte
2045 3066 2100 3108 et

530 3143 798 3199 inutiliter
827 3144 903 3198 lit.
937 3144 1090 3200 Multi
1118 3156 1299 3201 autem
1328 3156 1455 3201 sunt
1482 3146 1682 3211 vocati,
1718 3146 1879 3217 119
1906 3147 2104 3202 multos

525 3236 670 3289 enim
696 3237 781 3289 vel
800 3238 974 3304 potius
997 3253 1183 3292 onmes
1202 3248 1360 3293 vocat
1392 3237 1569 3295 Deus:
1597 3241 1752 3311 pauci
1781 3256 1907 3296 vero
1925 3242 2103 3296 electi.

524 3327 684 3382 Pauci
726 3329 868 3382 enim
904 3331 993 3399 qui
1019 3330 1321 3394 salvantur,
1349 3341 1403 3386 et
1431 3332 1520 3402 qui
1568 3334 1713 3404 digni
1767 3343 1900 3389 sunt
1933 3346 1987 3387 ut
2011 3336 2109 3388 eli—

526 3433 721 3490 gantur
750 3436 777 3472 a
812 3420 920 3476 Deo
952 3440 965 3475 :
995 3423 1067 3477 ita
1102 3433 1156 3476 ut
1186 3423 1276 3477 Dei
1305 3424 1520 3493 quidem
1554 3426 1626 3478 sit
1661 3441 1871 3488 vocare,
1903 3427 2107 3482 electos

525 3525 705 3583 autem
723 3514 859 3581 lieri,
883 3515 967 3569 vel
984 3529 1110 3582 non,
1132 3527 1377 3571 nostrum
1396 3525 1498 3572 est.
1519 3516 1767 3572 Ostendit
1785 3518 1948 3587 igitur
1964 3519 2106 3588 quod

524 3615 743 3675 pmpter
774 3604 987 3663 Judaeos
1014 3608 1156 3662 dicta
1189 3607 1260 3662 sit
1281 3609 1559 3678 parabola,
1584 3608 1674 3678 qui
1700 3611 2105 3679 vocatiquidexu

528 3694 700 3759 fuere,
744 3713 849 3753 non
891 3707 1070 3753 autem
1110 3698 1289 3763 electi,
1316 3694 1327 3699 ’
1361 3714 1426 3753 eo
1471 3700 1613 3768 quod
1646 3716 1747 3753 non
1779 3702 2092 3755 audierunt.

531 3788 564 3858 ἢ
594 3791 691 3859 μὴ,
727 3790 995 3861 ἡμέτερόν
1026 3790 1140 3842 ἐστι
1163 3804 1179 3820 °
1233 3788 1474 3843 δείκνυσι
1522 3790 1721 3854 τοίνυν,
1788 3790 1869 3843 ὅτι
1915 3790 2000 3854 διὸ.
2025 3790 2151 3853 τοὺς

531 3882 633 3933 οὐκ
664 3880 996 3950 ὲξελέγησαν
1034 3880 1114 3946 δὲ,
1141 3880 1218 3943 ὡς
1254 3879 1330 3951 μὴ
1359 3878 1715 3942 ἀκούσαντες.

604 3973 766 4031 Vens.
811 3975 899 4039 15,
939 3976 1026 4029 16.
1067 3990 1088 4026 ι
1142 3973 1298 4028 Tunc
1340 3976 1600 4027 abeuntes
1631 3971 1887 4027 Pharisaei
1933 3974 2114 4027 consi-

530 4068 663 4125 lium
694 4078 954 4136 ceperunt
1006 4077 1066 4121 ut
1119 4066 1477 4134 illaqueareut
1529 4081 1650 4118 eum
1699 4066 1752 4118 iu
1801 4080 2051 4118 sermmze
2092 4082 2107 4117 :

528 4172 589 4217 et
647 4162 713 4215 ad
764 4160 913 4213 illum
963 4159 1217 4213 emittunt
1253 4157 1548 4225 discipulos
1603 4173 1729 4211 suos
1764 4172 1890 4210 cum
1941 4155 2112 4209 llcro-

534 4250 735 4307 dianis.
774 4268 793 4301 ι
829 4248 930 4304 Per
977 4249 1203 4303 insidias
1254 4250 1369 4303 ιιεεο
1418 4248 1620 4302 fiebant
1670 4265 1682 4303 :
1724 4262 2007 4318 propterea
2059 4260 2114 4303 et

534 4341 1096 4415 Lucasinsidiatores
1146 4342 1266 4395 illos
1314 4351 1490 4405 vacat,
1524 4350 1779 4408 tanquam
1825 4342 2020 4396 missus
2056 4342 2111 4396 in

2186 479 2215 530 ό
2256 478 2507 547 βασιλεὺς
2569 482 2681 541 τοῖς
2741 480 3031 542 διακόνοις·
3081 483 3365 551 Δήσαντες
3391 482 3553 534 αὑτοῦ
3584 487 3748 556 χεῖρας

2187 572 2280 622 καὶ
2311 569 2498 633 πόδας,
2534 571 2701 641 ἄρατε
2730 572 2893 624 alti»
2948 575 3040 624 καὶ
3073 572 3339 627 ἐκϐάλετε
3377 576 3458 637 εἰς
3494 575 3550 627 τὸ
3583 579 3749 644 σκότος

2187 660 2246 712 τὸ
2270 659 2554 732 ἐξώτερον
2589 666 2706 715 ἐκεῖ
2750 665 2903 716 ἔσται
2937 666 2964 718 ὁ
2997 665 3279 735 κλαυθμὸς
3341 668 3434 718 καὶ
3471 669 3498 719 ὁ
3532 667 3751 741 βρυγμὲς

2188 752 2294 804 τῶν
2325 754 2554 807 όδόντων
2576 772 2590 786 ο
2636 756 2819 809 πολλοὶ
2865 758 2974 825 γάρ
3005 757 3109 811 εἰσι
3162 759 3380 829 κλητοὶ,
3413 759 3582 828 ὀλίγοι
3602 761 3655 813 δὲ
3674 764 3752 816 ὲκ-

2189 844 2389 901 λεκτοί.
2432 866 2450 898 ι
2492 847 2555 902 'lI
2586 848 2684 918 μὲν
2715 851 2794 911 εἰς
2821 850 2913 904 τὸν
2963 851 3141 920 γάμον
3172 852 3480 915 εἰσέλευσις
3508 854 3627 906 ἄνευ
3650 855 3752 910 IIu-

2189 939 2424 1008 κρίσεως
2492 940 2929 1012 γίνεται·χάριτι
2986 946 3091 1014 γὰρ
3142 944 3283 1014 μόνῃ
3318 943 3753 1019 πάντεςὲκλήθη-

2191 1047 2313 1100 μεν,
2354 1030 2547 1099 ἀγαθοί
2572 1048 2629 1083 τε
2659 1036 2754 1085 καὶ
2805 1033 3052 1105 πονήρλ,
3088 1036 3120 1103 ἡ
3150 1034 3205 1087 δὲ
3245 1034 3364 1104 ζωὴ
3422 1036 3562 1104 μετὰ
3600 1038 3754 1095 ταῦτα

2192 1120 2297 1172 τῶν
2328 1121 2703 1189 εἰσελθόντων,
2751 1125 2849 1179 οὐκ
2889 1126 3249 1189 ἀνεξέταστος
3309 1126 3489 1195 ἔσται,
3518 1130 3652 1185 ἀλλὰ
3675 1136 3755 1186 καὶ

2193 1214 2335 1267 πάνυ
2375 1214 2575 1287 πολλὴν
2611 1216 2855 1281 ἐξέτασιν
2889 1223 3122 1274 ποιεῖται
3154 1222 3180 1271 ὀ
3206 1221 3473 1290 βασιλεὺς
3503 1224 3611 1277 τῶν
3635 1230 3755 1296 μετὰ

2190 1307 2251 1357 τὸ
2290 1307 2555 1362 εἰσελθεῖν
2582 1311 2658 1373 εἰς
2681 1311 2780 1380 τὴν
2816 1312 2999 1364 πίστιν
3033 1312 3306 1382 ῥυπαρῶν
3342 1314 3749 1384 εὑρισκομένων.

2189 1397 2472 1468 Φρίξωμεν
2519 1400 2611 1455 οῦν
2646 1403 3019 1472 ἐννοήσαντες,
3058 1408 3161 1471 ὅτι,
3200 1408 3249 1459 εξ
3284 1407 3362 1476 μὴ
3403 1407 3517 1478 ἔχοι
3555 1428 3630 1474 τις
3657 1411 3755 1481 βίον

2191 1490 2452 1562 καθαρὸν,
2496 1493 2650 1547 οὐδὲν
2686 1496 2848 1548 αὑτὸν
2870 1496 3069 1566 ὠφελεῖ
3097 1500 3128 1569 ή
3167 1499 3360 1563 πίστις
3387 1502 3521 1570 μόνη
3542 1517 3556 1531 ”
3588 1505 3644 1556 οὐ
3674 1506 3752 1575 p.5-

2191 1605 2279 1640 νον
2330 1588 2439 1657 γὰρ
2470 1586 2792 1641 ἐκϐάλλεται
2822 1590 2884 1641 ἐκ
2918 1588 3009 1640 τοῦ
3056 1592 3264 1657 γάμου,
3300 1590 3441 1643 ἀλλὰ
3482 1592 3574 1645 καὶ
3605 1595 3678 1656 εἰς
3697 1594 3748 1647 τὸ

2195 1678 2307 1748 πῦρ
2363 1679 2773 1750 ἀποπέμπεται.
2831 1681 2927 1745 Τίς
2969 1681 3023 1733 δέ
3056 1684 3205 1734 ἐστιν
3239 1683 3269 1734 ό
3302 1683 3533 1754 ῥυπαρὰ
3584 1685 3753 1755 ἱμάτια

2197 1771 2417 1839 φορῶνς
2463 1770 2521 1823 ὐ
2554 1770 2630 1842 μὴ
2688 1771 3052 1842 ἐνδυσάμενος
3105 1771 3401 1841 σπλάγχνα
3457 1774 3752 1843 οἰκτιρμῶν,

2193 1861 2563 1932 χρηστότητα,
2619 1863 2973 1931 φιλαδελφίαν
3008 1878 3021 1891 ’
3060 1863 3247 1916 πολλοί
3283 1862 3378 1918 οὖν
3401 1864 3623 1929 ἑαυτοὺς
3681 1866 3754 1934 ἐξ·

2195 1955 2517 2017 απατῶντες
2579 1958 2760 2018 κεναῖ,
2790 1956 2989 2018 ἐλπίσι,
3041 1955 3363 2026 νομίζουσιν
3388 1957 3470 2010 ὅτι
3500 1956 3597 2025 τῆς
3622 1957 3755 2027 βασις

2193 2047 2338 2110 λείας
2372 2049 2478 2102 τῶν
2504 2048 2749 2119 οὐρανῶν
2786 2048 3187 2114 ἐπι-τεύξονται,
3230 2051 3330 2104 καὶ
3360 2051 3740 2122 παρεμϐάλλου-

2197 2155 2282 2191 σιν
2329 2140 2553 2201 ἑαυτοὺς
2583 2137 2656 2209 τῷ
2705 2138 2813 2193 τῶν
2860 2141 3240 2216 ἀνακειμένων
3306 2141 3474 2212 χορῷ,
3535 2142 3745 2210 οἰόμενιι

2197 2231 2325 2300 περὶ
2360 2230 2569 2282 ἑαυτῶν
2612 2229 2845 2298 μεγαλα.
2883 2230 3415 2301 Δικαιολογούμενος
3442 2231 3497 2284 δὲ
3528 2230 3750 2302 ὸΚύριος

2197 2322 2332 2394 πρὸς
2364 2320 2454 2374 τὸν
2486 2320 2704 2385 ἀνάξιον
2737 2323 2963 2386 ἐκεῖνον,
2987 2322 3267 2376 δείκνυσιν
3304 2324 3442 2396 ἡμῖν
3465 2323 3555 2376 δύο
3580 2323 3750 2378 ταῦτα·

2197 2410 2255 2464 ἓν
2281 2412 2400 2482 μὲν,
2433 2412 2515 2464 ὅτι
2561 2410 2944 2481 φιλάνθρωπός
2997 2413 3167 2476 ἐστιν,
3231 2410 3432 2484 ἕτερον
3463 2412 3539 2478 δὲ,
3571 2412 3645 2465 ὅτι
3676 2414 3752 2467 καὶ

2198 2504 2345 2573 ἡμᾶς
2402 2502 2484 2555 δεῖ
2528 2503 2604 2573 μὴ
2648 2500 3081 2571 καταγινώσκειν
3133 2503 3329 2568 τινῶν,
3378 2502 3478 2556 κᾶν
3533 2502 3751 2573 φανερᾶς

2200 2594 2542 2665 ἁμάρτωσιν,
2569 2595 2618 2646 εί
2650 2592 2727 2665 μὴ
2758 2593 3089 2667 ἐλεγχθῶσιν
3120 2596 3169 2650 οἱ
3208 2595 3573 2666 ἁμαρτόντες.
3616 2594 3753 2661 Λέγει

2199 2682 2292 2740 οῦν
2311 2687 2340 2739 ὁ
2367 2687 2568 2756 Κύριος
2596 2689 2709 2750 τοῖς
2734 2686 3023 2753 διακόνοις,
3053 2688 3314 2756 ἀγγέλοις
3359 2688 3748 2757 τιμωρητικοῖςο

2206 2799 2225 2831 ι
2253 2780 2527 2849 Δήσαντες
2554 2778 2720 2832 αὑτοῦ
2752 2782 2941 2849 χεῖρας
2971 2781 3068 2833 καὶ
3098 2779 3294 2844 πόδας,
3334 2800 3352 2833 ι
3389 2778 3647 2840 τουτέστι,
3668 2775 3748 2841 τὰς

2201 2871 2511 2940 πρακτικὰς
2539 2873 2637 2941 τῆς
2660 2869 2837 2941 ψυχῆς
2857 2871 3020 2924 αὐτοῦ
3058 2872 3351 2941 δυνάμεις.
3401 2871 3488 2924 Ἐν
3525 2868 3594 2940 τῷ
3621 2867 3751 2921 αἰῶνι

2205 2966 2304 3035 μὲν
2365 2965 2473 3034 γὰρ
2504 2965 2580 3034 τῷ
2609 2965 2890 3031 ἐνεστῶτι,
2948 2966 3064 3018 ἐστι
3100 2967 3312 3036 πρᾶξαι
3374 2967 3466 3018 καί
3490 2960 3753 3035 ἐνεργῆσαί

2131 3088 2174 3145 C
2206 3075 2278 3121 τι,
2312 3059 2368 3109 ὲν
2395 3058 2451 3111 δὲ
2477 3057 2551 3128 τῷ
2595 3058 2868 3129 μέλλοντι,
2897 3057 3226 3129 δεσμοῦνται
3261 3060 3437 3112 πᾶσαι
3469 3059 3525 3111 αἱ
3554 3073 3755 3127 πρακτις

2206 3152 2301 3204 καὶ
2363 3151 2623 3220 δυνάμεις
2677 3153 2778 3219 τῆς
2828 3150 3026 3220 ψυχῆς.
3083 3151 3321 3204 Καὶοῖικ
3348 3151 3463 3203 ἔστι
3497 3150 3755 3221 ποιῆσαίτι

2205 3242 2408 3309 ἀγαθὸν
2439 3245 2515 3303 είς
2568 3244 2934 3311 ἀντισήκωσιν
2959 3243 3067 3295 τῶν
3102 3243 3419 3314 ἁμαρτιῶν
3456 3242 3681 3315 βρυγμὸς
3707 3242 3754 3295 δὲ

2205 3333 2458 3396 ὀδόντων,
2504 3336 2534 3405 ή
2567 3337 2687 3387 τότε
2725 3336 3071 3405 γενησομένη
3102 3335 3382 3406 ἀνονήτως
3414 3335 3753 3406 μεταμέλεια·

2209 3423 2399 3478 πολλοὶ
2426 3426 2479 3478 δέ
2508 3430 2613 3478 εἰσι
2666 3425 2875 3497 κλητοὶ,
2928 3426 3157 3491 πολλοὺς
3208 3428 3325 3499 γὰρ
3367 3427 3524 3481 καλεῖ
3569 3425 3752 3487 όΘεὸς,

2215 3516 2415 3587 μᾶλλον
2442 3516 2500 3571 δὲ
2538 3519 2763 3582 πάντας·
2789 3520 2960 3587 ὀλίγοι
2987 3521 3043 3573 δὲ
3077 3519 3359 3574 ἐκλεκτοί.
3405 3519 3598 3584 Ὀλῖγοι
3628 3519 3705 3568 καὶ
3718 3516 3756 3568 οἱ

2214 3606 2511 3679 σωζόμενοι
2546 3612 2638 3663 καὶ
2668 3611 2809 3677 ἄξιοι
2844 3609 2938 3665 τοῦ
2967 3610 3256 3682 ἐκλεγῆναι
3291 3612 3443 3683 παρὰ
3467 3610 3615 3664 Θεοῐν
3641 3607 3757 3662 ὥστε

2215 3702 2310 3754 τοῦ
2344 3703 2443 3772 μὲν
2490 3703 2651 3763 Θεοῦ,
2688 3706 2749 3758 τὸ
2781 3706 2990 3769 καλεῖν,
3017 3706 3079 3759 τὸ
3100 3706 3157 3759 δὲ
3191 3707 3487 3769 ἐκλεκτοὺς
3538 3699 3758 3772 γενέσθαι

2208 3791 2494 3855 Ἰουδαίους
2523 3792 2715 3865 ἐλέχθη
2764 3796 2797 3867 ή
2844 3794 3145 3866 παραϐολὴ,
3200 3795 3251 3847 οἱ
3307 3796 3608 3867 ἐκλήθησαν
3658 3790 3759 3861 μὲν,

2291 3991 2309 4023 ι
2334 3970 2469 4025 Τότε
2487 3970 2840 4042 πορευθέντες
2870 3973 2919 4024 οἱ
2949 3973 3229 4041 Φαρισαῖοι
3258 3971 3576 4043 συμϐούλιον
3598 3967 3761 4023 ἔλαϐον

2214 4064 2360 4127 ὅπως
2385 4063 2548 4118 αὐτὸν
2582 4064 2984 4131 παγιδεύσωσιν
3005 4066 3065 4116 ἐν
3091 4063 3257 4135 λόγῳο
3303 4066 3398 4118 καὶ
3438 4061 3763 4118 ἀποστέλλου-

2218 4175 2307 4211 σιν
2359 4158 2506 4228 αὑτῴ
2537 4158 2663 4220 τοὺς
2688 4158 2937 4229 μαθητὰς
2984 4159 3163 4211 αὐτῶν
3196 4161 3338 4229 μετὰ
3381 4158 3487 4211 τῶν
3533 4156 3761 4227 Ἡρωδια-

2216 4249 2345 4304 νῶν.
2386 4268 2404 4299 ι
2475 4248 2775 4319 Ἐπιϐουλὴ
2800 4245 2867 4319 ἦν
2898 4248 2958 4301 τὸ
2995 4250 3307 4319 γινόμενον,
3343 4248 3431 4302 διὰ
3459 4245 3608 4300 τοῦτο
3635 4244 3761 4297 καὶὸ

2218 4342 2433 4403 Λουκᾶς
2448 4339 2780 4410 ἐγκαθέτους
2801 4342 2925 4403 τοὺς
2951 4341 3228 4402 τοιούτους
3253 4341 3529 4412 ὀνομάζει,
3560 4340 3629 4399 ὡς
3651 4337 3762 4390 ὕπο*

538 4439 643 4492 hoc
673 4445 730 4488 ut
778 4436 1100 4490 insidientur
1144 4433 1383 4489 Christo.
1429 4433 1711 4489 llerodiani
1747 4441 1927 4488 autem
1960 4446 2102 4489 erant

2222 4432 2567 4501 πεμφθέντας
2597 4433 2689 4484 ἐπὶ
2715 4432 2776 4483 τὸ
2799 4432 3179 4486 ἐπιϐουλεῦσαι
3204 4435 3447 4506 Χριστῷο
3476 4425 3761 4501 Ἰἰρωδιανιὶ

538 4529 623 4584 vel
671 4528 898 4584 Herodis
960 4529 1180 4592 milites,
1245 4528 1328 4581 vel
1377 4527 1470 4597 qui
1535 4528 1794 4597 putabant
1853 4527 2117 4581 Herodem

537 4624 839 4678 Christum.
890 4621 1154 4687 Quoniam
1187 4620 1330 4675 enim
1367 4620 1745 4675 delicientibus
1788 4620 2119 4690 principibus

537 4712 672 4769 Juda
723 4715 967 4780 regnavit
1021 4713 1283 4775 lierodes,
1320 4712 1731 4765 arbitrabantur
1774 4710 1948 4779 ipsum
1995 4724 2118 4764 esse

539 4806 814 4860 Christum
865 4821 881 4858 :
932 4805 1159 4857 veniunt
1205 4804 1367 4871 igitur
1403 4802 1664 4856 Phariszei
1698 4816 1819 4855 cum
1865 4799 1971 4854 illis
2006 4798 2120 4852 illa.

540 4897 790 4967 queatnri
840 4912 987 4951 eum.
1034 4896 1175 4951 Audi
1226 4897 1369 4953 cnim
1408 4894 1680 4965 quomodo
1721 4894 2011 4964 loquantur
2040 4892 2121 4945 di—

540 5002 638 5042 ceu
646 4999 724 5042 tes
759 5004 774 5042 2

617 5074 783 5133 Vens.
809 5074 990 5129 lii-22.
1032 5093 1049 5125 ι
1092 5074 1371 5143 Magister,
1403 5074 1608 5129 scimus
1634 5074 1778 5142 quod
1823 5087 1983 5127 verax
2022 5073 2118 5137 sis,

543 5178 596 5225 et
627 5169 766 5222 viam
795 5167 888 5222 Dei
926 5170 976 5222 in
1021 5170 1254 5223 veritate
1308 5170 1491 5231 doces,
1529 5181 1699 5235 neque
1750 5180 1907 5219 cures
1934 5180 2122 5234 quem-

544 5276 705 5331 quam
739 5274 754 5314 :
785 5276 890 5314 non
916 5261 1059 5315 enim
1093 5261 1318 5329 respicis
1358 5275 1642 5329 persmratn
1683 5259 1986 5313 hominum.
2031 5257 2123 5311 Dic

542 5367 674 5422 ergo
727 5351 905 5416 nobis,
938 5352 1069 5421 quid
1117 5351 1210 5406 tibi
1268 5348 1702 5406 videturiLicet
1746 5363 1962 5403 sensum
2009 5347 2124 5401 dari

542 5443 769 5511 Caesari,
791 5459 975 5499 annon
1014 5443 1038 5498 τ
1064 5442 1288 5515 Cognita
1319 5453 1496 5498 autem
1514 5440 1672 5497 Jesus
1689 5441 1892 5495 malitia
1916 5455 2122 5503 eorum,

549 5537 627 5592 ait
655 5554 669 5593 :
700 5538 839 5604 Quid
869 5553 955 5595 me
997 5538 1243 5603 teutatis,
1278 5536 1633 5608 hypocrita?
1665 5533 1947 5590 Ostendite
1990 5533 2123 5588 mihi

548 5625 819 5684 numisma
859 5640 1071 5682 census.
1110 5627 1177 5682 At
1206 5627 1282 5681 illi
1311 5624 1626 5681 obtulerunt
1658 5626 1705 5680 ei
1732 5625 2034 5680 denarium.
2059 5622 2126 5678 Et

552 5717 628 5775 nit
650 5715 791 5773 illis:
823 5717 991 5792 Cujus
1019 5728 1100 5776 est
1140 5721 1316 5791 imago
1357 5720 1471 5774 haec
1505 5728 1559 5772 et
1587 5717 1904 5789 inscriptio?
1930 5718 2125 5774 Dicunt

2221 4524 2276 4576 δὲ
2304 4519 2466 4594 ἦσαν,
2499 4523 2531 4591 ἣ
2569 4526 2617 4576 οἱ
2643 4524 2736 4576 τοῦ
2784 4522 3024 4593 Ἡρώδου
3078 4527 3429 4594 στρατιῶται,
3463 4524 3493 4594 ἣ
3537 4523 3583 4575 οἱ
3634 4516 3762 4588 νομί-

2221 4612 2405 4678 ζοντες
2448 4615 2696 4685 Ἡρώδην
2746 4610 2886 4669 εἶναι
2919 4617 3009 4669 τὸν
3067 4618 3326 4688 Χριστόν·
3368 4619 3485 4671 ἐπεὶ
3521 4615 3619 4684 γὰρ
3644 4611 3763 4665 έκλι-

2225 4707 2436 4759 πόντων
2480 4708 2588 4760 τῶν
2639 4707 2916 4777 ἀρχόντων
2964 4708 3154 4773 Ἰούδα,
3184 4709 3577 4764 ἐϐασίλευσενὸ
3613 4701 3761 4775 Ἦρώο

2219 4798 2335 4869 δης,
2374 4800 2651 4870 ἐνόμισαν,
2690 4803 2772 4854 ὅτι
2800 4801 2959 4865 αὑτός
2994 4804 3143 4855 ἐστιν
3166 4806 3192 4857 ό
3214 4804 3468 4874 Χριστός.
3504 4802 3759 4870 Ἐρχονται

2222 4890 2404 4945 τοίνυν
2442 4893 2490 4944 οἱ
2523 4892 2806 4961 Φαρισαῖοι
2842 4892 2980 4962 μετὰ
3003 4893 3211 4947 τούτων
3241 4896 3647 4964 παγιδεύσοντες
3677 4886 3758 4939 αὖ·

2222 4984 2334 5037 τόν.
2374 4984 2571 5037 ’Ἄκουε
2610 4984 2665 5036 δὲ
2696 4984 2815 5047 πῶς
2850 4985 3132 5055 ὁμιλοῦσιν
3158 4989 3329 5058 αὐτῷ,
3352 4989 3605 5055 λέγοντες·

2244 5118 2250 5125 .
2303 5096 2320 5125 ι
2359 5073 2678 5137 Διδάσκαλε,
2712 5073 2956 5143 οἴδαμεν,
2979 5076 3061 5128 ὅτι
3086 5075 3295 5146 ἀληθὴς
3326 5073 3395 5139 εί,
3432 5075 3520 5128 καὶ
3546 5071 3636 5139 τὴν
3662 5063 3759 5119 θεὸν

2226 5164 2322 5219 τοῦ
2381 5168 2515 5221 Θεοῦ
2563 5169 2622 5220 ἐν
2659 5166 2890 5238 ἀληθεία
2941 5168 3234 5235 διδάσκεις,
3271 5170 3362 5222 καὶ
3391 5169 3448 5221 ού
3486 5162 3653 5235 μέλλει
3688 5170 3757 5207 σοι

2232 5259 2362 5331 περὶ
2389 5258 2625 5323 οὐδενὸς,
2652 5260 2711 5311 ού
2740 5259 2848 5332 γὰρ
2899 5259 3118 5329 βλέπεις
3149 5263 3228 5324 εἰς
3263 5262 3545 5330 πρόσωπον
3576 5248 3758 5319 ἀνθρώ·

2231 5368 2367 5403 πων.
2417 5349 2551 5402 Εἰπὲ
2580 5349 2676 5405 οῦν
2721 5354 2872 5420 ἡμῖν,
2920 5349 2973 5404 τί
3003 5369 3084 5404 σοι
3115 5352 3306 5418 δοκεῖς
3347 5350 3577 5414 Ἔξεστιν
3595 5338 3753 5394 δοῦναι

2232 5442 2431 5513 κῆνσον
2463 5443 2726 5513 Καίσαρι,
2760 5442 2914 5515 ἢού;
2948 5444 3119 5508 Γνοὺς
3143 5444 3199 5497 δὲ
3235 5446 3277 5511 ό,
3295 5443 3492 5513 Ἰησοῦς
3511 5438 3604 5506 τὴν
3618 5446 3759 5494 πονη-

2232 5532 2355 5603 ρίαν
2410 5532 2610 5593 αὐτῶν,
2659 5530 2819 5587 εἷπε·
2854 5533 2923 5596 ἒΓί
2991 5532 3058 5604 μὲ
3094 5535 3405 5605 πειράζετε,
3467 5518 3752 5593 ὑποκριταῖς

2244 5623 2577 5689 Ἐπιδείξατέ
2602 5641 2690 5694 μοι
2711 5625 2771 5677 τὸ
2800 5626 3041 5696 νόμισμα
3073 5626 3166 5679 τοῦ
3200 5628 3416 5696 κήνσου.
3459 5623 3517 5673 Οί
3541 5619 3591 5670 δὲ
3611 5626 3754 5682 πΡ⁰³’

2234 5719 2472 5791 ήνεγκτν
2516 5716 2663 5787 αύτῷ
2707 5716 2980 5789 δηνάριον.
3021 5719 3129 5771 Καὶ
3173 5718 3328 5787 λέγει
3356 5716 3545 5775 αὐτοῖς’
3576 5704 3747 5763 Τίνθίὴ
