3968 6460
232 345 333 410 3L3

794 333 1236 400 ENARRATIO
1277 333 1359 395 IN
1398 327 1896 394 EVANGELIUM
1935 326 2320 390 MATTHIEI.
2355 347 2422 362 -·
2459 326 2618 388 CAP.
2658 323 2851 386 XXII.

3387 320 3496 386 39-1

233 457 473 514 δείκνυσι
502 455 608 526 τὴν
635 451 856 522 ἀγάπην
874 450 1269 520 ’ὑπερέχουσαν
1299 449 1407 500 τῶν
1428 443 1681 498 ἐντολῶν.
1705 439 1820 496 Καὶ

1930 441 2064 497 inter
2111 441 2364 497 mandata
2397 438 2706 510 praecellere
2737 458 2751 496 :
2806 439 3072 510 docetque
3111 439 3254 507 quod
3295 452 3398 494 nou
3429 454 3496 495 ex

235 550 499 612 διδάσκει,
527 547 613 600 ὅτι
639 545 699 598 ού
737 543 980 615 μερικῶς
1030 542 1111 595 δεῖ
1133 541 1356 611 ἀγαπᾷν
1391 538 1485 592 τόν
1512 537 1667 600 Θεὸν,
1699 534 1816 589 ἀλλ’

231 645 381 705 ὅλους
431 639 664 712 ἑαυτοὺς
715 637 916 690 διδόναι
957 633 1034 704 τῷ
1068 633 1207 704 Θεῷ.
1253 634 1417 704 Τρεῖς
1467 630 1577 701 γὰρ
1609 628 1817 690 ταύτας

232 735 356 805 περὶ
385 733 488 798 τὴν
511 732 608 786 τοῦ
623 729 911 801 ἀνθρώπου
931 726 1108 798 ψυχὴν
1130 725 1502 794 κατανοοῦμεν
1529 721 1814 792 διαφορὰς,

231 827 287 880 τδ
314 824 571 895 φυτικὸν,
611 821 671 876 τὸ
696 820 931 885 ζωῶδες,
987 820 1048 872 τὸ
1077 817 1317 884 λογικόν.
1351 815 1489 872 Καθ’
1518 813 1548 868 6
1577 813 1678 885 μὲν
1708 811 1816 882 γὰρ

234 917 449 980 αὒξεται
471 912 571 967 καὶ
594 910 872 981 τρέφεται,
907 908 1002 962 καὶ
1040 907 1102 961 τδ
1134 908 1319 977 ὅμοιον
1351 905 1538 977 γεννᾷ,
1569 905 1682 966 τοῖς
1709 918 1816 970 φυ-

229 1007 337 1065 τοῖς
367 999 700 1070 ὁμοιοῦταιο
750 997 872 1051 καθ’
921 995 950 1048 ὃ
1003 995 1061 1048 δὲ
1096 995 1361 1066 θυμοῦται
1411 993 1506 1048 καὶ
1536 991 1814 1062 ἐπιθυμεῖ,

235 1097 340 1157 τοῖς
375 1092 545 1158 ζώοις
572 1107 584 1121 ·
619 1090 742 1145 καθ’
799 1091 827 1143 6
855 1090 914 1144 δὲ
965 1089 1281 1151 διανοεῖται,
1325 1085 1544 1154 λογικὸς
1574 1084 1814 1153 λέγεται.

236 1188 374 1258 Ὀρα
426 1184 527 1239 οὖν
579 1183 817 1238 ἐνταῦθα
873 1182 1253 1252 σημαινόμενα
1303 1178 1477 1232 ταῦτα
1540 1177 1610 1230 τὰ
1659 1175 1815 1247 τρία·

239 1297 257 1331 ι
308 1276 654 1344 ’Δγαπήσεις
678 1275 770 1328 τὸν
813 1273 948 1326 Θεόν
974 1289 1070 1326 σου
1098 1272 1156 1324 ἐν
1189 1270 1288 1340 ὅλῃ
1310 1271 1376 1338 τῇ
1406 1265 1610 1337 καρδίᾳ
1643 1281 1757 1317 σου·
1795 1281 1814 1314 ι

231 1369 382 1424 τοῦτο
409 1368 472 1422 τὸ
502 1367 719 1432 ζωῶδες
752 1366 916 1436 μέρος
942 1365 1037 1418 τοῦ
1091 1363 1382 1434 ἀνθρώπου
1411 1377 1424 1390 ο
1461 1377 1478 1411 ι
1509 1360 1604 1412 καὶ
1635 1359 1692 1410 ἐν
1725 1357 1821 1427 ὅλῃ

233 1466 294 1533 τῇ
328 1462 477 1532 ψυχῇ
510 1475 629 1514 σοιν
663 1478 684 1512 ι
724 1457 904 1522 τοῦτο,
942 1457 1003 1510 τὸ
1049 1454 1309 1525 φυτικόνο
1343 1451 1564 1523 ἔμψυχα
1611 1449 1719 1519 γὰρ
1753 1443 1822 1500 τὰ

232 1555 388 1624 eum?
421 1573 439 1605 ι
463 1553 562 1608 καὶ
580 1555 640 1606 ὲν
661 1553 760 1624 ὅλῃ
782 1553 849 1622 τῇ
869 1548 1084 1620 διανοίᾳ
1107 1562 1224 1601 σουο
1247 1565 1266 1598 ι
1297 1543 1456 1598 τοῦτο
1494 1542 1555 1595 τὸ
1583 1539 1819 1608 λογικόν.

238 1649 393 1701 Ὥστε
413 1647 478 1700 τὸ
499 1648 616 1700 δεῖν
638 1645 865 1715 ἀγαπᾷν
896 1642 987 1696 τὸν
1013 1641 1144 1695 Θεὸν
1173 1637 1471 1710 ὁλοψύχως,
1495 1634 1655 1689 τοῦτο
1676 1634 1818 1700 ἐστι,

234 1742 290 1792 τὸ
335 1737 424 1792 διά
452 1739 680 1792 πάντων
711 1737 820 1790 τῶν
852 1735 953 1807 τῆς
988 1733 1166 1805 ψυχῆς
1202 1730 1386 1802 μερῶν
1415 1729 1510 1783 καὶ
1531 1728 1818 1796 δυνάμεων

237 1831 380 1902 αὐτῷ
407 1831 729 1901 προσέχειν.
766 1848 785 1881 ι
808 1827 956 1898 Αὕτη
983 1827 1174 1898 πρώτη
1197 1826 1292 1878 καὶ
1317 1822 1528 1893 μεγάλη
1552 1819 1759 1890 ἐντολὴ,
1793 1837 1810 1869 ι

235 1929 308 1989 είς
342 1924 635 1979 εὐσέϐειαν
669 1924 818 1993 ἡμᾶς
847 1917 1226 1990 γυμνάζουσαο
1265 1935 1284 1967 ι
1322 1914 1548 1985 δευτέρα
1571 1911 1627 1966 δὲ
1657 1910 1820 1982 ὁμοία

237 2019 392 2089 αὐτῇ,
426 2035 446 2067 ι
486 2017 570 2078 είς
598 2015 669 2069 τά
699 2015 835 2084 πρὸς
866 2009 1189 2082 ἀνθρώπους
1231 2007 1412 2062 δίκαια
1445 2004 1814 2074 διεγείρουσα.

235 2108 332 2162 Δύο
363 2109 475 2180 γάρ
501 2111 614 2161 εισι
643 2106 714 2159 τά
745 2107 824 2168 είς
845 2103 1125 2159 ἀπώλειαν
1157 2099 1414 2170 φέροντα,
1446 2097 1695 2166 δόγματα
1721 2111 1815 2147 πο-

239 2202 390 2270 νηρὰ,
426 2199 526 2252 καὶ
557 2197 674 2269 βίος
705 2195 1122 2266 διεφθαρμένος.
1165 2194 1284 2245 ’Ὶνα
1317 2191 1413 2260 μὲν
1445 2188 1535 2242 οὖν
1583 2187 1659 2258 μὴ
1716 2188 1820 2256 ἐμ·

240 2293 488 2360 πέσωμεν
528 2293 613 2349 είς
656 2289 904 2358 δόγματα
942 2284 1149 2356 ἀσεϐῆ,
1182 2285 1263 2337 δεῖ
1291 2282 1514 2350 ἀγαπᾷν
1544 2281 1636 2332 τὸν
1658 2279 1817 2332 Θεόνο

241 2385 320 2438 ἵνα
349 2384 403 2436 δὲ
427 2383 508 2454 μὴ
537 2382 753 2453 ἔχωμεν
790 2379 904 2450 βίον
933 2375 1354 2448 διεφθαρμένον,
1375 2374 1456 2427 δεῖ
1483 2374 1702 2443 ἀγαπᾷν
1731 2373 1822 2424 τὸν

242 2473 458 2544 πλησίον
481 2492 494 2504 ο
537 2476 568 2527 6
599 2473 709 2543 γὰρ
724 2471 956 2540 ἀγαπῶν
983 2469 1074 2523 τὸν
1102 2466 1354 2538 πλησίον,
1384 2466 1564 2527 πάσας
1611 2464 1707 2524 τὰς
1739 2463 1824 2514 ὲν-

239 2567 387 2630 τολὰς
421 2564 633 2636 πληροῖ
650 2581 662 2594 ’
692 2562 789 2616 καὶ
814 2563 841 2616 6
864 2561 1090 2633 πληρῶν
1111 2560 1207 2623 τὰς
1235 2556 1479 2621 ἐντολὰς,
1511 2555 1706 2623 ἀγαπᾷ
1731 2552 1822 2604 τὸν

243 2659 403 2712 Θεόνο
458 2655 607 2709 ὥστε
663 2654 731 2708 δι’
767 2653 1012 2723 ἀλλήλων
1069 2649 1498 2722 συείκροτοῦνται
1545 2645 1641 2700 καὶ
1702 2661 1827 2696 συν⁶

248 2752 485 2804 ίστανται
516 2753 576 2802 αἱ
597 2747 692 2802 δύο
727 2742 887 2801 αὗται
915 2745 1148 2811 ἐντολαὶ,
1180 2744 1274 2797 καὶ
1298 2741 1612 2812 περιέχουσι
1645 2739 1845 2800 πάσας

241 2844 330 2906 τὰς
360 2841 528 2905 ἄλλας
581 2839 824 2901 ἐντολάς.
867 2837 963 2900 Τίς
996 2837 1104 2907 γὰρ
1163 2833 1395 2904 ἀγαπῶν
1433 2832 1523 2884 τὸν
1559 2829 1693 2882 Θεὸν
1731 2829 1826 2881 καὶ

243 2935 328 2988 τὸν
356 2932 612 3004 πλησίον,
645 2931 678 3001 ἢ
703 2929 914 2999 κλέψει,
938 2928 972 3001 ἢ
1004 2926 1430 2999 μνησικακήσει,
1457 2923 1490 2992 ἢ
1523 2920 1825 2993 μοιχεύσει,

245 3025 277 3096 ῆ
327 3022 670 3095 φονεύσει,ἢ
725 3020 1052 3092 πορνεύσει;
1099 3012 1268 3080 Οὗτος
1300 3016 1358 3070 δὲ
1413 3017 1442 3068 6
1473 3013 1715 3084 Νομικὸς
1769 3009 1830 3076 ἐξ

247 3116 410 3187 ἀρχῆς
470 3113 578 3187 μὲν
619 3112 902 3184 πειράζων
939 3106 1126 3181 ἦλθεν,
1160 3101 1281 3160 εἶτα
1316 3105 1424 3160 ἀπὸ
1443 3102 1543 3174 τῆς
1570 3103 1664 3156 τοῦ
1693 3102 1829 3182 Κρι-

1920 545 2074 604 parte
2104 541 2319 603 oportet
2366 532 2594 604 diligere
2645 532 2812 587 Deum
2841 569 2855 594 ,
2901 530 2995 588 sed
3044 546 3144 590 nos
3197 539 3337 588 totos
3367 532 3498 588 dare

1919 625 2050 681 Deo.
2082 625 2220 682 Tres
2247 625 2390 682 enim
2423 625 2559 682 tales
2590 625 2643 681 in
2675 625 2855 680 animo
2884 624 3147 682 discimus
3177 640 3299 681 esse
3329 626 3497 689 vires,

1920 719 2302 790 plautativam,
2365 718 2658 774 animalem
2713 726 2767 773 et
2808 717 3146 773 rationalem.
3190 717 3497 773 Secundum

1919 812 2062 879 quod
2095 808 2296 865 crescit
2327 819 2378 864 et
2413 808 2672 873 nutritur,
2708 816 2762 862 et
2797 807 2978 862 simile
3011 815 3257 876 generat,
3297 807 3498 878 plantis

1920 901 2286 958 assimilatur:
2322 899 2616 956 secundum
2667 898 2810 968 quod
2863 897 3116 953 irascitur
3162 896 3502 967 etconcupi-

1920 995 2044 1057 scit,
2084 992 2256 1048 brutis
2281 1001 2666 1063 comparatur:
2705 990 3002 1046 secundum
3034 990 3177 1061 quod
3209 990 3496 1061 intelligit,

1921 1085 2203 1140 rationalis
2260 1085 2480 1140 dicitur.
2518 1083 2648 1140 Vide
2695 1083 2862 1155 igitur
2911 1084 3014 1138 hoc
3054 1086 3174 1139 loco
3221 1081 3366 1154 quod
3410 1081 3498 1136 illa

1923 1178 2026 1232 tria
2085 1177 2500 1248 signiﬁcentur:
2541 1195 2561 1228 ι
2616 1177 2817 1248 Diliges
2871 1178 3038 1232 Deum
3084 1185 3236 1230 tuum
3287 1175 3339 1230 in
3389 1182 3503 1230 toto

1921 1269 2085 1324 corde
2117 1277 2230 1333 tuo,
2271 1286 2289 1320 ι
2343 1268 2456 1324 lucc
2502 1279 2586 1324 est
2634 1268 2864 1324 brutalis
2899 1269 3093 1322 anima:
3119 1282 3289 1338 pars:
3321 1286 3340 1320 ι
3369 1276 3425 1322 ει
3447 1268 3501 1321 in

1925 1371 2032 1415 tota
2065 1360 2241 1416 anima
2277 1368 2389 1425 tua,
2421 1379 2440 1412 ι
2471 1362 2583 1415 luce
2601 1371 2684 1415 est
2715 1360 3015 1430 plantativa
3036 1359 3229 1425 virtus,
3251 1359 3506 1414 animatae

1923 1453 2066 1507 enim
2098 1461 2226 1508 sunt
2251 1453 2481 1524 plantat:
2521 1470 2539 1504 ι
2569 1461 2624 1507 ει
2655 1452 2705 1506 in
2741 1461 2848 1507 tota
2873 1463 3050 1507 mente
3081 1460 3194 1515 tua,
3220 1470 3240 1503 ι
3277 1452 3390 1507 haec
3419 1462 3504 1507 est

1925 1545 2007 1599 vis
2034 1544 2340 1600 rationalis.
2391 1546 2452 1600 Et
2510 1548 2590 1601 sic
2645 1555 2862 1614 oportet
2893 1543 3062 1599 Deum
3114 1545 3342 1615 diligere
3392 1554 3503 1600 tota

1924 1638 2272 1700 anima,hoc
2317 1649 2399 1692 est
2465 1639 2720 1694 omnibus
2798 1640 3043 1708 partibus
3096 1649 3151 1694 et
3213 1640 3505 1694 virtutibus

1925 1731 2120 1784 anima:
2153 1731 2200 1784 ei
2233 1731 2532 1787 adhaerere.
2571 1750 2588 1783 ι
2622 1730 2735 1786 lloc
2767 1742 2851 1786 est
2903 1732 3136 1801 primum
3161 1740 3217 1787 et
3247 1747 3504 1802 magnum

1926 1824 2262 1888 mandatum,
2294 1842 2314 1874 ›
2338 1825 2402 1878 ad
2426 1823 2678 1890 pietatem
2703 1838 2802 1877 nos
2833 1836 3115 1880 exercens.
3147 1840 3166 1874 ι
3193 1821 3505 1879 Secundum

1923 1926 2105 1969 autem
2128 1915 2304 1970 simile
2328 1928 2410 1972 est
2428 1916 2523 1982 illi,
2552 1934 2570 1968 ι
2604 1917 2744 1985 quod
2773 1931 2870 1972 nos
2890 1916 3091 1971 excitat
3110 1917 3175 1970 ad
3193 1915 3503 1971 faciendum

1922 2021 2042 2075 quae
2072 2014 2198 2060 sunt
2224 2007 2364 2075 justa
2408 2007 2637 2061 homini.
2677 2007 2789 2063 Duo
2813 2007 2958 2062 enim
3006 2022 3106 2062 nos
3134 2008 3186 2062 in
3225 2009 3503 2063 interitum

1923 2099 2145 2163 ducunt,
2167 2098 2305 2152 mala
2319 2097 2588 2164 doctrina,
2606 2110 2661 2155 et
2682 2111 2938 2170 corrupta
2963 2100 3090 2156 vita.
3119 2097 3186 2154 Ut
3213 2100 3376 2171 igitur
3398 2116 3505 2156 non

1925 2191 2229 2246 incidamus
2263 2190 2320 2244 in
2352 2190 2512 2260 impia
2544 2191 2818 2262 dogmata,
2853 2192 3156 2264 diligendus
3189 2202 3274 2249 est
3317 2191 3458 2248 Deus
3486 2206 3504 2246 ε

1925 2298 1992 2338 ne
2021 2293 2196 2340 autem
2232 2286 2303 2339 sit
2328 2285 2433 2340 vita
2463 2299 2741 2355 perversa,
2763 2287 3066 2358 diligendus
3093 2296 3173 2342 est
3203 2287 3506 2358 proximus.

1923 2375 2189 2441 Quienint
2213 2376 2388 2446 diligit
2418 2376 2748 2446 proximum,
2792 2380 2973 2434 ountia
3005 2380 3254 2434 mandata
3281 2380 3464 2450 implet
3491 2399 3505 2434 :

1924 2475 1978 2520 et
2005 2466 2094 2533 qui
2125 2465 2314 2533 implet
2341 2467 2616 2531 mandata,
2652 2467 2828 2537 diligit
2863 2465 3029 2522 Deum
3059 2487 3072 2522 :
3106 2479 3269 2539 atque
3304 2471 3374 2524 ita
3403 2471 3508 2524 duo

1927 2556 2014 2610 illa
2067 2557 2325 2611 mandata
2379 2557 2519 2611 inter
2568 2571 2628 2612 se
2675 2559 2951 2613 cohaerent
2984 2569 3038 2614 et
3068 2561 3412 2628 c0pulantur,
3454 2571 3510 2616 et

1927 2647 2215 2702 continent
2270 2649 2452 2702 omnia
2510 2649 2615 2703 alia
2665 2651 2942 2706 mandata.
2994 2650 3128 2716 Quis
3169 2653 3326 2722 122
3362 2654 3507 2709 enim

1925 2737 2158 2804 diligens
2199 2737 2362 2792 Deum
2393 2747 2448 2793 et
2483 2739 2824 2808 proximum,
2874 2741 2956 2795 vel
3003 2740 3244 2810 furatur,
3277 2745 3359 2798 vel
3390 2745 3509 2799 vin-

1927 2829 2082 2884 dictae
2131 2830 2321 2884 avidus
2370 2838 2487 2896 est,
2538 2831 2624 2884 vel
2651 2829 2974 2886 adulterium
3032 2834 3358 2902 committit,
3421 2836 3507 2892 vel

1926 2931 2218 2988 scortatnr,
2246 2921 2330 2976 vel
2353 2922 2593 2977 occidit?
2623 2913 2718 2978 ille
2748 2932 2930 2978 autem
2962 2923 3335 2996 Legisperitus
3362 2928 3510 2996 prin-

1929 3013 2071 3084 cipio
2098 3015 2317 3083 quidem
2340 3013 2491 3068 venit
2521 3024 2762 3083 tentans,
2793 3017 2987 3071 deinde
3019 3033 3277 3088 responso
3303 3019 3508 3076 Christi

1929 3105 2264 3160 emendatior
2308 3103 2509 3170 factus,
2567 3105 2820 3162 laudatus
2851 3115 2954 3171 est,
3005 3108 3150 3164 sicut
3191 3121 3244 3165 et
3291 3110 3508 3168 Marcus

250 3164 773 3278 ξξίῖἶάτέξέρεσεῶξ
803 3164 1151 3274 -βελτίωθείς
1221 3164 1596 3269 ὲπῃνέθηίώς
1653 3164 1759 3246 κεὶί
1799 3195 1825 3246 6

1935 3197 2136 3267 inquit,
2187 3199 2332 3268 quod
2381 3209 2632 3268 spectans
2681 3213 2803 3254 eum
2847 3198 3009 3256 Jesus
3050 3203 3391 3274 amplexatus
3439 3206 3510 3262 sit

248 3302 463 3373 Μάρκος
494 3301 693 3371 φησιν,
736 3298 818 3350 ὅτι
845 3293 1122 3366 ἰμϐλέψας
1153 3292 1301 3362 αὐτῷ
1324 3293 1353 3344 6
1393 3286 1622 3360 Ἰησοῦς,
1647 3286 1824 3356 ησπά-

251 3410 373 3448 σατο
408 3392 600 3458 αὑτὸν,
631 3390 727 3443 καὶ
761 3383 916 3442 εἶπεν
947 3385 1096 3458 αύτῷ
1119 3402 1133 3417 ·
1171 3384 1247 3438 Οὐ
1274 3381 1490 3455 μακρὰν
1520 3377 1570 3434 εἴ
1599 3380 1697 3448 τῆς
1727 3376 1823 3448 βα·

254 3487 449 3549 σιλείας
483 3483 585 3538 τοῦ
617 3481 773 3538 Θεοῦ.

319 3595 340 3630 ι
375 3577 750 3646 Συνηγμένων
769 3572 826 3626 δὲ
854 3569 962 3625 τῶν
987 3568 1320 3641 Φαρισαίων,
1351 3563 1710 3637 ἐπηρώτησεν
1734 3562 1830 3614 αὐ-

252 3671 368 3734 τοὺς
396 3673 425 3725 6
459 3667 696 3740 Ἰησοῦς,
730 3666 910 3736 λέγων
932 3681 946 3694 ·
974 3663 1040 3718 Τί
1077 3664 1208 3733 ὑμῖν
1238 3661 1386 3715 δοκεῖ
1406 3657 1540 3730 περὶ
1563 3655 1654 3710 τοῦ
1689 3656 1831 3725 Χρι·

257 3762 408 3829 στοῦ;
439 3761 588 3822 τίνος
619 3760 734 3824 υίὸς
793 3759 939 3824 Lact;
971 3754 1236 3824 Λέγουσιν
1289 3749 1458 3821 αὐτῷ’
1487 3749 1596 3805 Τοῦ
1645 3747 1827 3806 Δαυῖδ.

255 3857 411 3926 Λέγει
458 3856 682 3920 αὐτοῖς’
735 3853 861 3917 Πῶς
904 3848 996 3905 οὖν
1027 3849 1189 3903 Δαυῒδ
1235 3851 1294 3902 ὲν
1331 3847 1600 3918 πνεύματι
1629 3847 1834 3919 Κύριον

257 3947 405 4002 αὐτὸν
431 3947 616 4010 καλεῖ,
645 3944 855 4013 λέγων’
898 3937 1066 3996 Εἶπεν
1094 3943 1122 3994 6
1151 3939 1357 4010 Κύριος
1377 3938 1456 4010 τῷ
1485 3939 1674 4010 Κυρίῳ
1704 3952 1831 4008 μουο

259 4040 432 4094 Κάθου
490 4043 557 4093 ἐκ
587 4037 776 4103 δεξιῶν
821 4054 945 4108 μου,
981 4034 1086 4097 ἓως
1111 4033 1180 4087 ἀν
1213 4031 1290 4086 θῶ
1322 4032 1446 4095 τοὺς
1479 4031 1708 4102 ἐχθρούς
1739 4046 1833 4083 σου

262 4130 548 4185 ὑποπόδιον
579 4129 688 4182 τῶν
716 4126 890 4180 ποδῶν
919 4141 1045 4192 cou;
1074 4121 1138 4176 El.
1170 4117 1264 4176 οὖν
1295 4119 1458 4175 Δαυῒδ
1493 4121 1649 4174 καλεῖ
1672 4120 1834 4174 αύτδν

260 4222 477 4293 Κύριον,
535 4219 651 4284 πῶς
679 4218 795 4283 υίδς
841 4215 1006 4271 αὑτοῦ
1048 4217 1200 4282 ὲστις
1243 4214 1352 4268 Καὶ
1387 4213 1565 4293 οὐδεὶς
1603 4212 1836 4282 ἠδύνατο

261 4289 620 4386 ἀποκριθῆναι
659 4311 808 4382 αὺτῷ
863 4309 1043 4379 λόγον,
1096 4305 1218 4360 οὐδὲ
1263 4289 1532 4377 ἐτόλμησέ
1594 4321 1679 4366 τις
1729 4300 1826 4358 ἀπ’
1859 4310 1870 4314 ’

263 4406 470 4476 ἐκείνης
512 4406 612 4476 τῆς
643 4405 860 4475 ἡμέρας
896 4401 1246 4472 ἐπερωτῆσαι
1276 4398 1442 4464 αὑτὸν
1501 4397 1603 4451 οὐκ
1667 4395 1768 4450 ἔτι.
1807 4414 1828 4447 ι

278 4499 494 4570 Ἐπειδὴ
524 4498 679 4570 ψιλὸν
711 4496 1000 4568 ἄνθρωπον
1038 4496 1201 4550 αὑτὸν
1231 4493 1480 4564 ἐνόμιζον
1515 4488 1677 4556 εἶναι,
1704 4490 1836 4544 ἀνα-

267 4594 450 4662 τρέπει
479 4591 659 4644 αὐτῶν
686 4589 783 4662 τὴν
800 4589 984 4654 δόξαν,
1026 4588 1122 4642 καὶ
1155 4587 1398 4642 διδάσκει
1425 4584 1486 4638 τὸ
1511 4584 1710 4652 ἀληθὲς
1743 4581 1831 4636 διὰ

267 4683 359 4753 τῆς
392 4681 491 4737 τοῦ
521 4681 685 4736 Δαυῒδ
707 4680 1070 4752 προφητείας,
1101 4679 1185 4734 ὅτι
1214 4678 1309 4732 καὶ
1332 4675 1534 4747 Κύριός
1563 4676 1702 4740 ἐστι,
1730 4675 1830 4744 τὴν

267 4772 488 4846 θεότητα
520 4775 622 4844 τὴν
671 4771 866 4826 ἑαυτοῦ
923 4771 1344 4846 ἀνακηρύττων.
1404 4766 1684 4822 Είπόντων
1721 4765 1831 4835 γὰρ

265 4865 366 4921 τῶν
402 4839 727 4938 -Φαρισαίων
756 4865 840 4919 ὃτι
872 4863 1000 4928 Υίός
1015 4839 1144 4917 ’ἐστι
1173 4862 1268 4916 τοῦ
1319 4860 1482 4915 Δαυῒδ
1506 4863 1534 4915 6
1573 4858 1832 4931 Χριστὸς,

267 4960 560 5026 τουτέστιν,
604 4957 892 5027 ἄνθρωπος
929 4955 1105 5026 ψιλὸς,
1137 4955 1270 5025 φησι
1302 4968 1317 4984 ο
1348 4951 1473 5015 Πῶς
1503 4949 1596 5004 οὖν
1615 4950 1644 5002 6
1670 4945 1834 5002 Δαυτδ

269 5053 466 5126 Κύριον
489 5053 652 5106 αὑτὸν
674 5050 932 5120 ὀνομάζει
954 5065 970 5116 ;
999 5049 1096 5102 καὶ
1117 5048 1217 5118 ούχ
1238 5044 1423 5108 ἁπλῶς
1449 5041 1676 5114 Κύριον,
1715 5039 1830 5093 ἀλλ’

271 5146 322 5200 ὲν
376 5145 670 5215 πνεύματι.
697 5144 943 5197 τουτέστι
971 5141 1060 5195 διὰ
1078 5141 1176 5211 τῆς
1201 5139 1297 5192 τοῦ
1327 5137 1644 5206 Πνεύματος
1674 5135 1833 5206 χάρι-

269 5255 350 5300 τος
379 5237 783 5306 ἀποκαλυφθεὶς
808 5235 1004 5303 αὑτόν;
1029 5234 1142 5286 Ούκ
1162 5230 1495 5304 ἀρνούμενος
1516 5228 1572 5282 δὲ
1599 5227 1662 5282 τὸ
1688 5223 1828 5281 εἶναι

275 5333 378 5396 υίὸς
438 5330 601 5387 Δαυῖδ
631 5329 805 5384 ταῦτα
841 5328 1014 5396 λέγει,
1050 5324 1191 5380 ἀλλὰ
1238 5322 1400 5376 τοῦτο
1430 5319 1713 5384 δεικνύων,
1750 5319 1832 5373 ὅτι

273 5425 364 5479 οὐκ
390 5425 501 5480 ἐστι
543 5423 700 5494 ψιλὸς
745 5424 1054 5492 ἄνθρωπος,
1103 5419 1168 5471 ὲκ
1206 5416 1369 5487 μόνου
1402 5414 1498 5468 τοῦ
1544 5410 1830 5467 Δαυῖδικοῦ

220 5570 227 5577 1
337 5602 380 5637 ⁸⁸
409 5604 575 5662 Marc.
607 5620 705 5668 xu,
739 5603 828 5659 δι.

341 5764 412 5836 (a)
440 5766 585 5822 Edit.
621 5765 746 5821 Lnt.
777 5761 1000 5827 omittit,
1033 5761 1172 5831 quod
1205 5759 1458 5816 Dominus
1486 5768 1584 5816 est.

578 5863 848 5924 PATROL.
895 5860 1014 5920 Gn.
1064 5857 1344 5921 CXXIII.

1932 3289 2104 3356 illum,
2139 3301 2193 3346 et
2225 3290 2360 3345 dixit
2396 3291 2483 3344 ei:
2521 3289 2638 3346 Non
2679 3291 2842 3363 longe
2872 3306 2932 3347 es
2957 3308 2991 3348 a
3029 3309 3195 3366 regno
3237 3296 3330 3353 Dei
3350 3297 3418 3351 ".

2007 3577 2172 3634 Vens.
2220 3579 2414 3637 ιιι-46.
2474 3598 2493 3632 ι
2529 3578 2887 3652 Congregatis
2941 3590 3121 3638 autem
3183 3583 3506 3656 Pbarisaais,

1932 3670 2290 3742 interrogavit
2321 3687 2416 3728 eos
2448 3671 2609 3728 Iesus
2631 3713 2644 3738 ,
2680 3674 2870 3729 dicens
2896 3690 2911 3729 :
2939 3675 3078 3741 Quid
3120 3677 3274 3734 vobis
3295 3679 3502 3736 videtur

1933 3765 2000 3818 de
2039 3763 2298 3820 Christo?
2329 3764 2482 3833 cujus
2526 3765 2670 3822 ﬁlius
2697 3767 2822 3822 est"!
2855 3766 3054 3823 Dicunt
3096 3770 3168 3838 ei,
3200 3771 3387 3830 David.
3419 3774 3513 3830 Ait

1935 3855 2078 3910 illis:
2125 3855 2408 3922 Quomodo
2452 3872 2583 3927 ergo
2631 3857 2800 3913 David
2854 3860 2908 3914 in
2959 3863 3149 3930 spiritu
3186 3874 3340 3919 vocat
3382 3881 3508 3922 eum

1934 3947 2222 4002 Dominum
2253 3947 2472 4004 dicens:
2502 3948 2647 4004 Dixit
2667 3951 2926 4007 Dominus
2946 3951 3174 4010 Domino
3198 3970 3338 4024 meo,
3366 3957 3506 4015 Sede

1933 4057 1966 4096 a
2002 4040 2207 4096 dextris
2239 4040 2396 4107 meis,
2425 4043 2596 4097 donec
2627 4057 2825 4110 ponam
2862 4044 3111 4100 inimicos
3147 4057 3270 4103 tuos
3301 4049 3514 4104 subsel-

1937 4130 2062 4186 lium
2101 4131 2298 4202 pedum
2336 4132 2594 4186 tuorum?
2625 4131 2682 4186 Si
2711 4146 2839 4205 ergo
2875 4133 3036 4190 David
3069 4147 3227 4193 vocat
3255 4152 3376 4196 eum
3409 4141 3512 4198 Do-

1937 4223 2169 4288 minum,
2197 4222 2471 4293 quomodo
2501 4223 2643 4278 ﬁlius
2667 4223 2786 4295 ejus
2832 4225 2958 4282 est?
3002 4226 3070 4282 Et
3110 4243 3268 4284 nemo
3299 4241 3515 4300 poterat

1937 4318 1987 4372 ei
2029 4315 2358 4386 respondere
2389 4315 2642 4380 verbum,
2673 4331 2850 4388 neque
2893 4332 3060 4375 ausus
3092 4319 3197 4374 fuit
3226 4323 3512 4393 quisquam

1938 4424 2002 4465 ex
2031 4423 2097 4464 eo
2125 4409 2210 4464 die
2236 4413 2368 4462 eum
2399 4409 2631 4479 amplius
2654 4411 3015 4482 interrogare.
3056 4430 3079 4468 ι
3108 4413 3375 4481 Quoniam
3407 4433 3514 4486 pu-

1863 4525 1908 4580 ο
1939 4513 2056 4553 rum
2096 4497 2372 4552 hominem
2422 4497 2701 4554 Christum
2747 4515 2868 4556 esse
2916 4502 3194 4572 putabant,
3247 4507 3517 4562 subvertit

1939 4604 2125 4645 eorum
2165 4590 2505 4660 opinionem,
2558 4601 2614 4647 et
2661 4591 2822 4649 docet
2868 4599 3153 4652 veritatem
3201 4614 3298 4669 per
3341 4597 3512 4656 David

1937 4681 2299 4752 prophetiam,
2324 4684 2470 4752 quod
2495 4677 2758 4740 Deminus
2780 4685 2977 4755 est(a),
3004 4687 3335 4743 divinitatem
3358 4705 3512 4745 suam

1939 4773 2267 4856 praedicans.
2319 4773 2629 4828 Dicentihus
2682 4775 2826 4828 enim
2874 4775 3191 4844 Pbarisaais,
3228 4777 3400 4834 Filius
3430 4790 3516 4835 est

1940 4862 2110 4917 David
2152 4862 2422 4927 Christus,
2482 4865 2587 4919 hoc
2619 4873 2724 4930 est,
2758 4867 2921 4922 homo
2954 4883 3143 4937 purus,
3177 4870 3329 4934 dicit,
3365 4869 3515 4938 Quo-

1942 4957 2102 5011 tnodo
2133 4957 2296 5027 igitur
2333 4957 2495 5012 David
2525 4959 2808 5014 Dominum
2844 4975 2967 5014 eum
3015 4962 3295 5016 nominat?
3321 4972 3376 5018 et
3405 4981 3510 5025 non

1937 5046 2255 5116 simpliciter
2283 5063 2406 5104 eum
2444 5051 2686 5105 nominat
2724 5050 3030 5117 Dominum,
3061 5054 3154 5107 sed
3193 5052 3246 5107 in
3293 5055 3510 5122 spiritu,

1940 5137 2042 5193 hoc
2073 5149 2179 5205 est,
2214 5155 2310 5209 per
2341 5138 2573 5209 Spiritus
2603 5142 2830 5212 gratiam
2854 5141 3028 5212 ipsum
3065 5143 3363 5200 revelavit?
3391 5145 3507 5202 Non

1940 5240 2101 5299 negat
2155 5241 2336 5285 autem
2389 5232 2558 5286 lilium
2616 5231 2782 5286 David
2817 5247 2940 5288 eSse
2985 5233 3088 5290 hoc
3117 5237 3382 5305 dicendo,
3418 5241 3512 5296 sed

1941 5332 2208 5378 monstrat
2231 5324 2374 5391 quod
2401 5339 2502 5378 non
2535 5323 2606 5378 sit
2627 5339 2795 5392 purus
2826 5327 2988 5381 homo
3017 5343 3080 5383 ex
3114 5329 3231 5384 solo
3254 5330 3510 5388 Davialico

1943 5414 2150 5471 semine
2174 5415 2527 5480 descendens,
2557 5412 2681 5472 Haec
2708 5424 2888 5472 autem
2910 5417 3208 5490 interrogat
3231 5421 3515 5494 Dominus,

3117 5859 3189 5922 l3
