3968 6460
454 259 562 322 395
1309 258 1905 319 THEOPHYLACTI
1946 259 2056 321 BU.

2161 261 2363 323 ARLE
2399 261 2760 322 ARCHIEP.
3635 266 3730 328 3‘36

454 386 516 432 ut
547 377 590 430 si
629 373 710 429 vel
741 372 924 433 dicant
957 387 1015 429 se
1051 374 1294 437 nescire,
1330 375 1667 446 interrogent
1700 390 1761 428 ac
1795 375 2003 430 discant
2024 417 2039 441 ,

2161 377 2460 447 τπέρματος
2485 376 2880 446 καταγόμενος.
2919 373 3107 429 Ταῦτα
3137 375 3198 430 δὲ
3245 377 3435 448 ἐρωτᾷ
3461 377 3491 430 δ
3519 379 3729 450 Κύριος,

454 468 538 525 vel
569 469 613 527 si
638 468 818 523 dicant
849 467 1158 531 veritatem,
1185 467 1454 522 credant:
1483 465 1568 521 vel
1590 466 1636 521 si
1671 466 1806 522 nihil
1834 468 2041 537 possint

2161 468 2219 532 ὓς
2254 469 2321 523 ἂν
2360 468 2393 539 ἢ
2423 467 2690 533 εἰπόντες,
2721 468 2826 532 ὅτι,
2865 468 2980 521 Οὐκ
3002 467 3262 539 οἴδαμεν,
3300 470 3622 539 ἐρωτήσωσι
3651 478 3733 530 καὶ

454 564 672 626 dicere,
734 559 1139 619 confundantur
1186 570 1241 617 et
1284 563 1567 626 secedant,
1610 575 1721 617 non
1773 561 2040 618 audentes

2161 561 2420 630 μάθωσιν,
2445 560 2479 632 ἢ
2508 562 2755 625 είπόντες
2780 562 2843 614 τὸ
2867 560 3086 629 ἀληθὲς,
3129 560 3531 626 πιστεύσωσιν,
3579 563 3609 635 ἢ
3643 584 3733 637 μη.

455 656 594 710 ultra
631 658 969 727 interrogare
1000 653 1172 711 illum.

1017 885 1246 947 CAPUT
1284 886 1477 950 XXIII.

862 1003 936 1059 De
963 1004 1181 1058 miseria
1212 1001 1632 1061 Pharisaeorum.

530 1119 697 1175 Vnus.
738 1120 854 1173 1-5.
893 1137 910 1169 ι
951 1117 1105 1172 Tunc
1134 1115 1292 1173 Iesus
1315 1117 1529 1173 loculus
1548 1124 1637 1172 est
1671 1115 1734 1172 ad
1773 1114 1960 1170 turbas
1993 1123 2045 1169 ct

2145 656 2235 710 δὲν
2263 658 2481 726 ἔχοντες
2506 657 2704 722 εἰπεῖν,
2729 655 3169 726 καταισχυνθῶσι
3193 656 3299 713 καὶ
3321 655 3731 731 ἀναχωρήσωσι,

2150 751 2350 821 μηκέτι
2374 748 2685 820 τολμῶντες
2714 750 2991 821 ἐρωτῆσαι
3022 750 3217 805 αὐτόν.

2737 885 2990 940 ΚΕΦΑΛ.
3019 885 3150 939 Kl".

2322 1004 2457 1072 Περὶ
2488 1002 2595 1057 τοῦ
2629 1000 3013 1070 ταλανισμοῦ
3042 1000 3167 1058 τῶν
3202 1003 3575 1071 Φαρισαίων.

2223 1138 2242 1170 ι
2269 1119 2404 1172 Τότε
2426 1119 2454 1173 ὁ
2488 1116 2697 1187 Ἰησοῦς
2720 1116 2948 1186 ἑλάλησε
2975 1117 3089 1180 τοῖς
3109 1115 3299 1187 δχλοις
3322 1114 3417 1169 καὶ
3438 1118 3551 1181 τοῖς
3575 1118 3732 1190 μαθη-

457 1212 526 1267 ad
580 1211 873 1283 discipulos
926 1226 1078 1273 suos.
1135 1210 1363 1266 dicens:
1430 1211 1485 1265 ln
1534 1210 1795 1265 cathedra
1845 1206 2046 1279 Moysis

2161 1216 2268 1277 rati;
2294 1211 2485 1273 αὐτοῦ.
2518 1212 2713 1279 λέγων·
2757 1210 2879 1264 Ἐπὶ
2899 1211 2999 1282 τῆς
3032 1210 3287 1272 Μωσέως
3315 1207 3590 1281 καθέδρας
3618 1212 3735 1266 ἐκά-

457 1303 717 1357 sedernm
748 1301 957 1356 Scriba:
983 1310 1037 1354 et
1072 1299 1333 1354 Pharisaei
1363 1317 1377 1353 :
1414 1300 1596 1354 omnia
1631 1312 1765 1368 ergo
1785 1311 2047 1367 quascun-

457 1410 567 1467 que
592 1394 851 1464 iusserint
880 1408 978 1449 vos
1008 1408 1251 1458 servare.
1294 1402 1512 1449 servaie
1534 1402 1587 1447 et
1613 1391 1810 1447 facite:
1843 1405 2045 1445 secun-

459 1490 586 1542 dum
611 1499 779 1557 opera
810 1500 943 1541 vero
975 1499 1162 1540 eorum
1198 1484 1369 1539 nolite
1406 1483 1628 1538 facere:
1664 1483 1849 1538 dicunt
1877 1482 2043 1545 enim,

459 1593 513 1636 et
546 1597 650 1636 non
676 1582 904 1638 faciunt.
938 1601 955 1633 ι
989 1582 1217 1650 Quando
1244 1596 1340 1638 eos
1371 1582 1696 1646 confutavit,
1724 1590 1778 1634 et
1806 1579 2045 1635 ostendit

2149 1307 2307 1362 ﬂuctv
2342 1308 2390 1360 οἱ
2448 1306 2802 1377 Γραμματεῖς
2833 1305 2929 1358 καὶ
2963 1306 3008 1357 οξ
3060 1304 3363 1374 Φαρισαῖοι
3386 1317 3402 1333 ⁸
3433 1303 3612 1357 πάντα
3651 1304 3734 1358 οὖν

2146 1401 2250 1456 ὃσα
2298 1399 2365 1454 ἂν
2395 1399 2626 1453 είπωσιν
2683 1397 2815 1467 ὑμῖν
2845 1397 3056 1465 τηρεῖν,
3097 1399 3326 1466 τηρεῖτε
3376 1394 3475 1447 καὶ
3522 1398 3731 1461 ποιεῖτε,

2148 1493 2291 1549 κατὰ
2325 1492 2382 1547 δὲ
2413 1490 2481 1545 τὰ
2498 1490 2633 1564 ἔργα
2665 1488 2845 1543 αὐτῶν
2876 1488 2952 1559 μὴ
2981 1488 3214 1541 ποιεῖτε.
3245 1486 3489 1555 Λέγουσι
3514 1486 3620 1558 γάρ
3649 1491 3732 1542 καὶ

2150 1587 2209 1642 ού
2245 1584 2509 1640 ποιοῦσιν.
2548 1603 2566 1636 ι
2604 1582 2737 1638 ’Ὁτε
2780 1580 2976 1643 αὐτοὺς
3014 1578 3386 1649 ἐπεστόμισε,
3419 1578 3513 1631 καὶ
3548 1576 3732 1643 ἔδειξεν

460 1676 841 1732 incumbiliter
868 1686 1221 1747 agrotantes,
1262 1685 1393 1730 tunc
1425 1675 1494 1730 de
1537 1673 1670 1744 ipsis
1702 1674 1855 1735 dicit,
1901 1681 1955 1725 et
1983 1673 2048 1726 de

2161 1677 2347 1730 hia-aa
2379 1673 2690 1736 νοσοῦντας,
2713 1671 2833 1725 τότε
2867 1669 2994 1740 περὶ
3018 1668 3212 1722 αὐτῶν
3244 1668 3402 1736 λέγει
3424 1682 3437 1695 ·
3474 1669 3600 1742 περὶ
3628 1667 3734 1740 βίον

460 1770 570 1823 vita
602 1784 663 1823 ac
689 1768 931 1825 moribus
966 1768 1185 1823 illorum
1233 1768 1498 1839 loquitur,
1534 1770 1835 1820 admonens
1875 1764 2046 1818 audi»

2161 1769 2207 1824 δὲ
2269 1770 2366 1822 καὶ
2419 1764 2696 1828 πολιτείας
2758 1736 3070 1829 διαλέγεται
3098 1802 3114 1827 ,
3171 1736 3568 1833 διορθούμενος
3621 1736 3733 1824 τοὺς

465 1875 634 1931 tores,
679 1878 748 1919 ne
794 1872 1149 1918 contemnant
1185 1861 1471 1920 doctores,
1507 1859 1726 1915 etiamsi
1777 1866 2050 1924 corrupta:

465 1957 589 2011 vita:
642 1956 776 2010 sint.
828 1951 1079 2009 Ostendit
1134 1961 1396 2024 praeterea
1452 1950 1598 2021 quod
1653 1949 1752 2020 legi
1809 1964 1914 2002 non
1979 1947 2050 2001 sit

465 2048 835 2110 adversarius,
886 2046 980 2101 sed
1028 2044 1181 2100 malit
1232 2058 1443 2100 servari
1475 2059 1537 2097 ea
1569 2056 1688 2111 quae
1730 2041 1861 2108 legis
1898 2051 2045 2105 sunt,

464 2141 713 2211 quamvis
745 2156 809 2197 ea
831 2141 1093 2196 docentes
1129 2138 1336 2209 indigni
1362 2137 1490 2192 sint.
1521 2134 1872 2202 Quaecunque
1903 2132 2047 2187 enim

463 2237 655 2292 dicunt
706 2230 990 2300 doctores,
1054 2232 1147 2287 illa
1211 2230 1431 2299 Moysen
1475 2239 1661 2297 putate
1696 2229 1902 2288 dicere,
1941 2226 2052 2279 imo

465 2327 657 2384 Deum.
686 2325 1029 2383 Faciendane
1052 2324 1213 2395 igitur
1230 2321 1414 2377 omnia
1445 2336 1566 2390 qua:
1592 2321 1802 2383 dicunt,
1833 2317 2049 2373 etiamsi

468 2424 608 2480 mala
640 2421 884 2477 fuerint?
910 2419 1151 2475 Dicimus
1174 2416 1341 2488 igitur
1394 2415 1651 2486 primum,
1680 2414 1822 2483 quod
1852 2413 2052 2466 docens

466 2516 670 2572 milium
704 2527 942 2582 unquam
984 2513 1147 2566 audet
1176 2507 1458 2563 adhortari
1492 2506 1546 2560 in
1590 2508 1810 2560 malum.
1845 2504 2052 2558 Deinde

465 2622 522 2664 nt
561 2612 751 2666 domin
789 2607 892 2661 huc
925 2614 984 2659 ut
1021 2603 1145 2675 quis
1178 2603 1230 2656 in
1265 2600 1463 2656 malam
1505 2600 1671 2653 vitam
1717 2597 2047 2660 inhortetur,

464 2721 573 2760 non
598 2714 726 2758 tunc
747 2714 777 2756 a
804 2699 1006 2772 Moysis
1036 2695 1315 2758 cathedra,
1350 2707 1528 2763 neque
1560 2693 1623 2746 de
1649 2692 1766 2761 lege
1789 2690 2049 2758 loquitur.

470 2798 729 2853 Dominus
766 2803 945 2849 autem
990 2790 1147 2862 123
1172 2790 1307 2845 dicit
1339 2789 1405 2843 de
1445 2788 1531 2843 his
1572 2786 1663 2857 qui
1705 2786 1759 2839 in
1794 2784 2050 2839 cathedra

465 2892 639 2966 Moysi
673 2887 1021 2963 sedent,.hoc
1056 2897 1160 2953 est,
1200 2884 1286 2939 his
1316 2883 1407 2954 qui
1441 2897 1503 2937 ea
1549 2895 1669 2951 qua:
1712 2880 1765 2933 in
1808 2879 1924 2948 lege
1954 2877 2055 2932 ha-

468 2989 686 3052 bentur,
710 2984 927 3039 docent.
951 2979 1054 3034 Eos
1075 2979 1240 3050 igitur
1257 2978 1349 3048 qui
1380 2976 1575 3031 docent
1596 2974 1829 3028 divinam
1855 2973 2051 3043 legent,

467 3080 632 3134 etiam
658 3076 704 3131 si
736 3074 838 3146 ipsi
873 3087 978 3129 non
1014 3069 1240 3137 faciant,
1284 3068 1474 3124 audire
1506 3075 1743 3138 Oportet.

540 3352 707 3408 Vens.
735 3351 790 3414 ἡ,
824 3349 876 3404 5.
912 3365 932 3399 ι
966 3344 1240 3415 Coiligant
1269 3350 1452 3396 autem
1485 3352 1650 3394 onera
1711 3336 1894 3408 gravia
1921 3335 2056 3390 dim-

444 3450 703 3516 -ciliaque
734 3451 989 3515 portatu,
1025 3450 1080 3496 et
1126 3439 1412 3508 imponunt
1470 3437 1524 3490 in
1585 3434 1842 3488 humeros
1882 3432 2056 3488 homi-

440 3556 623 3605 -num,
655 3546 916 3594 caeterum
945 3534 1114 3603 digito
1140 3546 1240 3588 suo
1268 3530 1460 3586 nolunt
1492 3544 1554 3585 ea
1583 3542 1821 3583 movere.
1861 3526 2057 3583 Omnia

471 3647 604 3689 vero
632 3645 798 3700 opera
839 3641 937 3684 sua
981 3625 1213 3691 faciunt,
1266 3632 1326 3678 ut
1372 3629 1690 3693 spectentur
1718 3621 1786 3676 ab
1823 3618 2061 3674 immini-

472 3727 597 3781 bus.
629 3720 869 3776 Dilatant
893 3724 1074 3774 autem
1106 3714 1440 3788 phylacteria
1470 3726 1588 3779 sua,
1619 3721 1671 3768 et
1692 3711 2059 3781 magniﬁcam

474 3817 719 3876 tlmbrias
760 3814 1046 3884 palliorum
1079 3825 1325 3868 suorum.
1362 3826 1380 3860 ι
1415 3810 1592 3864 Onera
1640 3806 1828 3878 gravia
1878 3805 2058 3875 impo-

472 3900 675 3969 nehant
731 3908 1028 3973 Pharisaei,
1063 3914 1323 3977 cogentes
1360 3903 1612 3961 homines
1646 3912 1706 3956 ut
1763 3898 2062 3970 implerent

471 4007 729 4063 mandata
764 4003 921 4074 legis,
967 4000 1217 4072 quamvis
1256 3997 1439 4053 tenuia
1487 4005 1674 4051 essent
1735 4002 1791 4048 et
1823 3990 2060 4048 diliicilia

472 4100 783 4156 observato.
812 4094 920 4149 .Vei
939 4096 1103 4150 etiam
1141 4093 1294 4163 plura
1329 4091 1465 4163 legis
1511 4089 1765 4144 mandata
1794 4101 2060 4158 aggrava-

476 4202 635 4254 runt,
691 4170 1010 4245 traditiones
1043 4185 1310 4257 quasdam
1365 4182 1505 4237 ultra
1558 4180 1707 4252 leges
1759 4181 2056 4245 tradentes,

477 4300 615 4355 quas
653 4283 754 4352 ipsi
804 4281 975 4351 digito
1017 4292 1119 4333 suo
1165 4291 1270 4331 non
1306 4282 1549 4341 movent,
1580 4273 1715 4329 nihil
1748 4264 2060 4344 operantes,

2153 1862 2478 1923 ἀκούοντας,
2514 1858 2603 1911 ἵνα
2657 1855 2734 1926 μὴ
2789 1851 3181 1925 καταφρονῶσι
3245 1852 3360 1905 τῶν
3388 1850 3730 1919 διδασκάλων,

2151 1955 2257 2009 κᾶν
2282 1952 2689 2023 διεφθαρμένου
2747 1948 2866 2020 βίου
2896 1941 3055 2002 ὦσιν.
3080 1948 3149 2000 ’Ἃ
3161 1962 3243 2017 μα
3276 1944 3334 1999 δὲ
3362 1944 3629 1998 δείκνυσιν
3659 1947 3731 1998 ὃτι

2152 2048 2273 2100 οὐδὲ
2306 2045 2385 2115 τῷ
2410 2045 2562 2115 νόμῳ
2611 2039 2974 2105 ἐναντιοῦται,
3030 2038 3168 2092 ἀλλὰ
3233 2035 3445 2105 μᾶλλον
3489 2034 3628 2089 θέλει
3673 2037 3733 2092 τὰ

2152 2140 2246 2194 τοῦ
2293 2144 2460 2209 νόμον
2512 2134 2874 2205 πράττεσθαι,
2925 2132 3032 2187 κᾶν
3070 2132 3121 2185 oi
3167 2131 3355 2185 ταῦτα
3409 2129 3731 2192 διδάσκοντες

2152 2236 2362 2304 ἀνάξιοι
2382 2228 2536 2290 ὦσιν.
2569 2234 2715 2287 Ὅσα
2732 2231 2865 2304 γὰρ,
2886 2232 3043 2301 φησὶ,
3064 2230 3327 2299 λέγουσιν
3352 2229 3403 2281 oi
3425 2227 3730 2290 διδάσκαλοι,

2153 2331 2245 2384 τὸν
2278 2329 2522 2400 Μωῦσῆν
2562 2326 2815 2398 νομίζετε
2847 2324 3025 2380 ταῦτα
3071 2323 3287 2393 λέγειν,
3331 2322 3532 2392 μᾶλλον
3560 2321 3615 2374 δὲ
3649 2322 3731 2373 τὸν

2153 2422 2307 2476 Θεόν.
2358 2417 2485 2493 Ἆρ’
2526 2415 2620 2474 οὖν
2670 2419 2849 2472 πάντα
2887 2419 2986 2472 ὅσα
3039 2416 3267 2486 λέγουσι
3308 2414 3392 2468 δεῖ
3429 2414 3613 2480 ποιεῖν,
3642 2413 3731 2465 κᾶν

2154 2514 2301 2570 κακὰ
2340 2511 2481 2580 (om;
2519 2515 2771 2584 Λέγομεν
2805 2513 2900 2567 οὖν
2960 2512 3179 2585 πρῶτον
3215 2511 3320 2583 μὲν
3363 2510 3446 2563 ὅτι
3478 2508 3594 2561 οὐδὲ
3622 2507 3729 2561 τολ-

2158 2609 2351 2681 μήσειέ
2383 2626 2511 2663 ποτε
2548 2611 2576 2664 ὁ
2623 2608 2892 2664 διδάσκων
2924 2606 3348 2679 προτρέψασθαί
3376 2622 3499 2659 τινα
3545 2605 3619 2666 είς
3650 2620 3729 2657 κα·

2155 2705 2271 2759 κόν.
2310 2705 2544 2758 Ἔπειτα
2573 2705 2621 2757 εί
2652 2704 2748 2757 καὶ
2775 2703 2958 2775 δῶμεν
3020 2702 3203 2764 τοῦτο,
3244 2703 3330 2755 ὅτι
3379 2699 3532 2754 ἔσται
3560 2716 3637 2761 τις
3660 2699 3728 2760 είς

2156 2798 2326 2853 κακὸν
2366 2795 2482 2869 βίον
2525 2797 3000 2869 προτρεπόμενος,
3037 2796 3137 2850 οὐκ
3183 2795 3298 2849 ἀπὸ
3337 2795 3450 2864 ,τῆς
3507 2791 3726 2855 Μωσέως

2155 2890 2427 2962 καθέδρας
2468 2891 2498 2944 ὁ
2540 2890 2804 2956 τοιοῦτος.
2836 2889 2948 2944 οὐδ’
2974 2888 3083 2945 άπὸ
3109 2887 3206 2941 τοῦ
3230 2888 3401 2958 νόμου
3429 2886 3724 2955 φθέγγεται.

2168 2981 2228 3038 Ὀ
2243 2984 2299 3037 δὲ
2331 2982 2537 3053 Κύριος
2577 2983 2706 3055 περὶ
2730 2981 2839 3036 τῶν
2867 2983 2926 3037 ὲν
2961 2983 3027 3052 τῇ
3060 2980 3313 3043 Μωσέως
3346 2977 3583 3050 καθέδρᾳ
3611 2974 3725 3029 καθ·

2081 3085 2124 3145 c
2156 3076 2380 3149 ημένων
2410 3075 2580 3145 λέγει,
2608 3076 2881 3140 τουτέστι,
2913 3073 3019 3128 τῶν
3041 3073 3110 3127 τὰ
3134 3072 3231 3127 τοῦ
3262 3060 3435 3143 νόμον
3468 3066 3724 3123 διδασκόν-

2158 3187 2290 3226 των.
2332 3170 2425 3223 Δεῖ
2471 3167 2565 3222 οὖν
2622 3166 2734 3222 τῶν
2782 3166 3146 3221 διδασκόντων
3196 3183 3251 3220 τι
3307 3164 3418 3219 ἀπὸ
3460 3161 3552 3216 τοῦ
3600 3158 3727 3213 θείου

2160 3264 2329 3332 νόμου
2360 3261 2605 3327 ἀκούειν,
2650 3261 2755 3314 κᾶν
2779 3259 2935 3314 αὐτοὶ
2964 3258 3041 3331 μὴ
3066 3258 3322 3313 ποιῶσιν.

2239 3374 2256 3407 ι
2294 3354 2630 3424 Δεσμεύουσι
2656 3352 2767 3425 γάρ
2796 3353 2996 3423 φορτία
3028 3352 3203 3424 βαρέα
3228 3351 3327 3406 καὶ
3342 3349 3723 3410 δυσϐάστακτα,

2161 3450 2255 3504 καὶ
2287 3448 2630 3504 ἐπιτιθέασιν
2658 3448 2752 3501 ἐπὶ
2789 3449 2913 3513 τοὺς
2961 3446 3144 3519 ὤμους
3175 3446 3290 3501 τῶν
3318 3444 3634 3517 ἀνθρώπων,
3657 3441 3724 3509 τῷ

2159 3539 2217 3595 δὲ
2260 3540 2505 3610 δακτύλῳ
2537 3538 2719 3593 αὐτῶν
2746 3540 2804 3593 οὐ
2839 3538 3051 3594 θέλουσι
3095 3539 3323 3610 κινῆσαι
3348 3539 3521 3594 αὑτάο
3567 3535 3724 3592 πάντα

2161 3634 2218 3690 δὲ
2253 3634 2321 3688 τὰ
2372 3634 2509 3705 ἔργα
2545 3633 2727 3687 αὐτῶν
2762 3632 2978 3687 ποιοῦσι
3015 3631 3152 3704 πρὸς
3196 3634 3262 3689 τὸ
3320 3631 3578 3702 θεαθῆναι
3628 3629 3723 3689 τοῖς

2161 3723 2505 3797 ἀνθρώποις·
2544 3723 2879 3778 πλατύνουσι
2909 3723 2965 3778 δὲ
3009 3725 3080 3778 τά
3130 3723 3486 3794 φυλακτήρια
3543 3717 3723 3779 αὐτῶν.

2164 3816 2259 3869 καὶ
2291 3814 2656 3888 μεγαλύνουσι
2678 3814 2748 3869 τὰ
2771 3813 3055 3886 κράσπεδα
3082 3812 3192 3869 τῶν
3224 3814 3458 3887 ίματίων
3491 3809 3674 3866 αὐτῶν.
3702 3825 3718 3857 ι

2163 3909 2366 3983 Φορτία
2393 3908 2565 3980 βαρέα
2590 3906 2908 3961 ἐπετίθεσαν
2931 3907 2983 3962 οἱ
3009 3907 3321 3979 Φαρισαῖοι,
3352 3903 3724 3974 ἀναγκάζοντῖς

2164 4003 2291 4067 τοὺς
2321 3999 2646 4074 ἀνθρώπους
2675 3999 2772 4064 τὰς
2801 4000 3021 4064 ἐντολάς
3057 3999 3154 4054 τοῦ
3212 4002 3386 4073 νόμου
3416 3992 3722 4065 ἐκπληροῦν.

2162 4094 2370 4160 λεπτάς
2401 4093 2566 4159 οὔσας
2601 4094 2695 4147 καὶ
2736 4092 3146 4164 δυσφυλάκτους
3170 4109 3185 4124 σ
3242 4092 3275 4163 ἢ
3316 4093 3412 4147 καὶ
3444 4088 3605 4144 πλείω
3633 4083 3727 4137 τῶν

2167 4187 2396 4242 ἐντολῶν
2422 4184 2518 4240 τοῦ
2544 4186 2711 4257 νόμον
2746 4184 3035 4258 ἑὸάρυνον,
3071 4185 3406 4258 παραδόσεις
3449 4181 3595 4243 τινὰς
3632 4194 3727 4228 ἰτα⁴

2169 4280 2476 4353 ραδιδόντες
2505 4279 2762 4333 ἐπέκεινα
2790 4276 2885 4331 τοῦ
2906 4278 3097 4349 νόμον,
3133 4276 3290 4332 αὐτοὶ
3317 4276 3372 4330 δὲ
3406 4273 3480 4345 τῷ
3504 4267 3726 4335 δακτύλῳ

478 4389 653 4445 neque
677 4375 744 4427 ad
780 4370 905 4425 talia
951 4382 1118 4424 onera
1171 4367 1396 4436 propius
1430 4365 1786 4433 accedentes.
1837 4362 2056 4432 Quando

2167 4375 2347 4430 αὐτῶν
2396 4374 2473 4447 μὴ
2507 4370 2812 4436 κινοῦντες,
2863 4371 3136 4438 τουτέστι,
3191 4370 3361 4442 μηδὲν
3394 4364 3546 4427 αὐτοὶ
3593 4364 3725 4430 ὲνερυ

477 4434 625 4519 enim
660 4463 751 4533 qui
792 4462 971 4526 docet,
1004 4473 1110 4514 non
1147 4434 1322 4513 solum
1352 4457 1543 4521 docet,
1571 4457 1664 4511 sed
1699 4464 1753 4512 et
1783 4462 2056 4526 operatur,

2171 4434 2419 4536 yoﬁvtec,
2460 4434 2612 4534 ¹μηδὲ
2647 4434 2948 4534 πλησιάσαι
2976 4434 3290 4533 τολμῶντες
3330 4461 3441 4524 τοῖς
3488 4452 3724 4511 τοιούτοις

479 4560 695 4613 videtur
738 4555 900 4612 simul
948 4567 1069 4608 cum
1119 4551 1206 4608 his
1256 4551 1347 4622 qui
1397 4550 1695 4619 docentur,
1730 4548 1979 4605 laborare
2009 4557 2064 4604 et

480 4648 887 4719 operari.»Cum
922 4662 1053 4703 vero
1078 4645 1168 4701 ille
1199 4660 1287 4702 me
1324 4655 1539 4713 onerat,
1571 4644 1684 4715 ipse
1713 4654 1893 4699 autem
1928 4643 2064 4698 nihil

482 4743 612 4811 agit,
648 4740 823 4809 magis
853 4753 939 4793 me
963 4746 1152 4808 gravat
1177 4752 1191 4792 :
1227 4737 1353 4791 inde
1380 4738 1674 4792 ostendens
1698 4750 1759 4789 ea
1791 4749 1910 4805 qua:
1933 4734 2065 4788 dicit

482 4830 598 4885 fieri
628 4844 739 4884 non
778 4841 957 4899 posse.
991 4828 1183 4896 Arguit
1232 4825 1399 4897 igitur
1429 4824 1688 4881 deinus
1733 4824 2063 4888 Pharisaeos,

481 4920 546 4979 eo
574 4924 717 4992 quod
764 4920 954 4976 nolunt
998 4921 1159 4976 simul
1204 4930 1421 4995 gestare
1446 4935 1611 4977 onera
1683 4924 2064 4977 mandatorum

484 5030 535 5070 et
565 5013 868 5085 coopﬁrari.
911 5013 1027 5070 Non
1062 5014 1240 5071 solum
1272 5023 1452 5069 autem
1504 5013 1640 5068 nihil
1681 5013 1806 5068 boni
1835 5014 2063 5075 faciunt,

481 5113 577 5169 sed
611 5123 665 5168 et
692 5110 951 5166 simulant
976 5107 1130 5180 quasi
1181 5107 1424 5163 faciant:
1459 5107 1607 5177 atqui
1649 5107 1865 5161 etiamsi
1913 5105 2067 5161 face-

484 5214 627 5271 funi,
676 5205 719 5259 si
768 5214 949 5257 tamen
996 5211 1054 5254 ut
1087 5199 1400 5254 viderentur
1449 5198 1726 5265 facerent,
1761 5198 2066 5255 auferretur

485 5299 673 5369 utique
702 5296 915 5352 illorum
972 5309 1230 5351 merces:
1280 5309 1422 5350 nunc
1465 5303 1642 5351 autem
1678 5304 1883 5364 quanta
1931 5310 2064 5351 con-

446 5422 451 5427 ι
485 5390 830 5446 demuatione
857 5387 1025 5459 digni,
1059 5387 1278 5457 quando
1313 5401 1487 5458 neque
1538 5385 1780 5454 faciunt,
1812 5397 1866 5442 et
1895 5388 2067 5445 videri

2170 4557 2435 4631 φορτίοις.
2478 4556 2652 4610 Ὀταν
2674 4554 2784 4627 γὰρ
2830 4557 2859 4611 ὀ
2896 4553 3166 4609 διδάσκων
3201 4554 3261 4607 οὐ
3292 4546 3723 4630 μόνονσδιδάσξειι

2171 4650 2308 4705 ἀλλὰ
2336 4649 2446 4704 καὶ
2494 4649 2749 4720 πράττει,
2787 4647 2938 4701 δοκεῖ
2969 4643 3379 4718 συμϐαστάζειν
3418 4640 3508 4696 καὶ
3553 4650 3724 4704 συνερ-

2170 4746 2289 4814 γεῖν
2339 4743 2455 4807 τοῖς
2483 4740 2897 4812 διδασκομένοις
2921 4757 2935 4773 ’
2975 4741 3103 4797 ὅταν
3156 4738 3213 4793 δὲ
3245 4737 3345 4811 ἐμὲ
3379 4735 3479 4810 μὲν
3518 4735 3723 4799 ἐπιφορ-

2171 4837 2317 4910 τίζῃ,
2364 4835 2525 4901 αὐτὸς
2554 4834 2610 4889 δὲ
2640 4834 2809 4907 μηδὲν
2848 4834 3086 4906 πράττῃ.
3131 4831 3352 4907 βαρύνει
3391 4826 3581 4896 μᾶλλον
3610 4818 3716 4882 ἐμέ·

2171 4931 2433 4986 δεικνύων
2464 4928 2524 4995 ἐξ
2553 4922 2627 4986 ὧν
2654 4928 2819 4992 αὐτὸς
2849 4926 3153 4999 ἁμελεῖ,ὼς
3185 4923 3442 4980 ἀδύνατον
3470 4920 3577 4973 ἐστι
3598 4927 3719 4969 κατ-

2169 5021 2473 5096 ορθωθῆναι
2528 5019 2564 5075 θ.
2617 5019 2789 5088 λέγει.
2838 5016 3096 5085 Ἐγκαλεί
3142 5016 3377 5069 τοίνυνὸ
3406 5010 3596 5083 Κύριος
3625 5004 3721 5058 τοῖς

2174 5112 2516 5187 Φαρισαίοις,
2565 5112 2642 5177 ὡς
2676 5113 2753 5186 μὴ
2801 5110 3017 5165 θέλουσι
3049 5108 3455 5183 συμϐαστάζειν
3504 5103 3566 5157 τὰ
3597 5097 3718 5187 βάρη

2169 5206 2280 5262 τῶν
2326 5205 2557 5261 ἐντολῶν
2610 5207 2702 5258 καὶ
2765 5202 3160 5274 συμπράττειν.
3222 5203 3296 5256 Οὐ
3353 5201 3506 5272 μόνον
3568 5192 3618 5245 δὲ
3667 5186 3718 5240 οὔ

2176 5299 2393 5355 ποιοῦσί
2430 5317 2486 5353 τι
2510 5296 2737 5368 ἀγαθὸν,
2772 5296 2908 5352 ἀλλὰ
2935 5297 3030 5351 καὶ
3064 5294 3487 5367 σχηματίζονται
3525 5288 3595 5349 ὼς
3618 5297 3721 5335 ποι-

2175 5392 2385 5454 οῦντες
2438 5384 2619 5444 καίτοι
2664 5387 2770 5442 κᾶν
2819 5386 3076 5452 ἐποίουν,
3127 5385 3215 5440 διὰ
3261 5385 3318 5439 δὲ
3373 5382 3430 5436 τὸ
3486 5373 3715 5440 θεαθῆναι

487 5483 675 5538 volunt
706 5480 862 5552 quasi
897 5479 1145 5557 faciant?
1181 5478 1319 5546 Quid
1347 5488 1528 5534 autem
1559 5478 1807 5534 faciunt?
1832 5477 2056 5534 Dilatanl

2178 5482 2420 5548 ἐποίουν,
2446 5483 2710 5553 ύφῃρεῖτο
2740 5478 2804 5532 ἂν
2829 5479 3013 5543 αὐτοῖς
3041 5479 3101 5531 το
3128 5477 3348 5550 κέρδος·
3377 5471 3469 5528 νῦν
3488 5467 3540 5521 δὲ
3564 5463 3716 5557 πόσης

486 5575 817 5648 phylacteria
865 5588 985 5641 sua,
1041 5580 1095 5628 et
1143 5572 1496 5644 magniﬁcam
1542 5570 1786 5627 fimbrias
1836 5575 2065 5627 vestium

487 5686 731 5727 suarum.
759 5669 874 5726 Hoc
894 5678 1071 5725 autem
1099 5666 1172 5722 ita
1202 5682 1260 5723 se
1286 5668 1538 5723 habebat.
1568 5666 1626 5721 in
1652 5666 1768 5736 lege
1797 5666 2065 5722 habetur:

486 5762 789 5842 Alligabitis
838 5776 903 5825 ea
952 5761 1010 5821 in
1057 5774 1223 5821 manu
1258 5768 1462 5825 veSIra,
1514 5767 1782 5816 eruutaue
1840 5760 2060 5815 immota

2177 5575 2480 5646 καταδίκης
2532 5573 2693 5639 ἄξιοι,
2727 5574 2854 5628 ὅταν
2884 5569 3011 5625 οὔτε
3062 5569 3280 5637 ποιῶσι,
3318 5568 3409 5623 καὶ
3447 5561 3621 5617 θέλωσι
3647 5553 3716 5606 δο-

2178 5666 2437 5732 ξάζεσθαι
2472 5666 2547 5729 ὡς
2599 5664 2922 5732 ποιοῦντεςς
2964 5663 3031 5717 Τί
3056 5662 3113 5717 δὲ
3146 5661 3381 5726 ποιοῦσι;
3418 5649 3714 5711 Πλατύνουσι

2174 5761 2242 5813 τὰ
2278 5758 2623 5814 φυλακτήοια
2647 5755 2850 5815 αὐτῶν.
2877 5757 2973 5811 καὶ
2999 5753 3358 5825 μεγαλύνουσι
3383 5750 3446 5805 τὰ
3467 5732 3711 5800 κράσπεδα

3904 5274 3910 5393 l
