3968 6460
289 426 392 489 391

851 423 1297 488 ENARRATIO
1334 423 1414 483 ΙΝ
1456 420 1891 483 EVANGELIU

2001 418 2379 479 MAT'I‘IL'EI.
2421 444 2487 455 -
2528 419 2686 482 CAP.
2724 420 2947 480 XXIII.

3447 420 3551 484 398

286 541 393 598 τῶν
428 536 665 608 ἱματίων
697 536 905 593 αὐτῶν.
956 536 1128 591 Τοῦτο
1161 537 1218 591 δὲ
1250 536 1494 593 τοιοῦτον
1522 532 1591 606 ἦν
1616 553 1630 566 ·
1672 538 1729 587 ὲν
1792 534 1869 603 τῷ

2001 543 2105 589 inte
2153 533 2341 589 oculos
2375 544 2609 591 vestros.
2664 535 2987 592 Scribebant
3042 536 3204 606 igitur
3255 537 3306 593 in
3347 535 3556 594 duabus

287 634 433 702 νόμῳ
471 630 685 685 ἔκειτο”
717 628 994 699 Ἐςράψατε
1047 629 1141 682 ἐπὶ
1178 629 1279 698 τῆς
1315 628 1496 700 χειρὸς
1538 626 1711 695 ὑμῶν,
1774 624 1867 678 καὶ

1979 628 2244 684 chartulis
2271 628 2591 701 decalogum
2624 628 2780 699 legis,
2814 638 2864 683 et
2904 629 3173 698 ponebant
3201 645 3364 685 unatn
3395 647 3557 700 super

284 726 437 781 latet
480 722 757 778 ἀσάλευτα
791 723 898 793 πρὸ
927 721 1227 792 ὀφθαλμῶν
1253 721 1433 790 ὑμῶν.
1466 719 1747 790 Ἔγραφον
1774 714 1869 772 οὖν

2001 722 2235 786 ‘ronlem,
2270 732 2325 778 et
2375 722 2604 777 alteram
2644 735 2806 789 super
2853 721 3095 775 dextram
3131 723 3554 792 suspendebant.

287 818 377 869 ἐπὶ
406 813 501 866 δύο
538 815 817 883 διφερίων,
864 814 1111 867 τουτέστι
1147 814 1404 884 χαρτίων,
1454 811 1552 876 τὰς
1596 810 1728 866 δέκα
1772 810 1868 863 τοῦ

286 906 451 975 νόμου
485 906 730 969 ἐντολὰς,
765 908 860 960 καὶ
895 905 1145 960 ἐτίθεσαν
1169 905 1231 959 τὺ
1277 905 1377 976 μὲν
1397 902 1456 957 ἓν
1489 905 1584 956 ἐπὶ
1605 901 1701 957 τοῦ
1735 920 1867 973 μετ-

285 998 433 1051 ώπου
491 997 697 1062 αὐτῶν,
722 998 785 1052 τὸ
815 996 871 1051 δὲ
891 998 1079 1068 ἓτερον
1107 996 1364 1068 ἐκρέμων
1406 996 1501 1049 ἐπὶ
1528 995 1628 1065 τῆς
1650 993 1832 1061 δεξιᾶς
1852 1012 1864 1024 ο

286 1089 352 1142 τὰ
377 1090 437 1143 δὲ
462 1089 747 1157 κράσπεδα
772 1088 992 1143 ἐποίουν
1011 1084 1232 1143 ἐπὶτῶν
1256 1088 1444 1158 ἄκρων
1466 1086 1576 1140 τῶν
1616 1085 1875 1155 ἱματίων,

286 1179 579 1234 ὑακίνθινά
615 1197 739 1234 τινα
765 1180 797 1249 ἢ
835 1182 1073 1235 κόκκινα
1105 1179 1409 1251 κλώσματα
1442 1172 1556 1233 οἷον
1584 1178 1873 1248 κροσσούς.

288 1272 399 1326 Καὶ
425 1271 583 1325 τοῦτο
621 1272 679 1325 δὲ
703 1273 760 1325 ἐν
786 1274 862 1343 τῷ
889 1273 1040 1343 νόμῳ
1070 1267 1228 1344 εὗρον
1255 1272 1531 1343 κείμενον,
1573 1269 1661 1323 ἵνα
1706 1269 1877 1338 ὁρῶν-

286 1382 381 1428 τες
429 1364 591 1430 αὐτὰ,
620 1364 695 1437 μὴ
716 1366 1187 1421 ἐπιλανθάνωνται
1211 1364 1318 1418 τῶν
1342 1363 1572 1417 ἐντολῶν
1597 1362 1692 1415 τοῦ
1716 1360 1875 1415 Θεοῦ.

1984 812 2258 867 Fimbrias
2293 824 2472 868 autent
2510 810 2781 867 faciebant
2810 810 2862 865 in
2893 812 3117 866 summis
3146 811 3407 878 vestibus,
3445 814 3563 867 vio-

1978 904 2145 960 laceis
2172 915 2228 961 et
2253 904 2527 961 coccineis
2553 904 2740 960 clavis.
2772 904 2833 958 Et
2865 903 2965 959 hoc
2989 904 3312 960 invenerant
3340 904 3393 959 in
3420 904 3559 976 lege,

1981 1007 2039 1051 ut
2077 998 2320 1053 videntes
2364 998 2490 1063 illa,
2530 1012 2635 1054 non
2680 997 3130 1052 obliviscerentur
3178 1000 3561 1053 mandatorum

1982 1090 2101 1144 Dei.
2132 1090 2201 1144 At
2230 1088 2371 1146 Deus
2403 1093 2505 1146 hoc
2537 1090 2786 1158 nolebat,
2819 1092 2912 1146 sed
2953 1088 3194 1159 iubendo
3227 1087 3372 1145 ferre
3401 1104 3566 1160 super
3630 1086 3631 1089 “

1986 1195 2203 1234 manum
2238 1180 2653 1252 pbylacterium,
2707 1180 3016 1251 signiﬁcare
3050 1179 3265 1235 volebat
3312 1181 3562 1235 mandata

1981 1270 2197 1339 operari
2221 1284 2317 1325 eos
2349 1280 2623 1340 oportere.
2658 1268 2762 1325 Per
2790 1270 3078 1325 coccineae
3101 1278 3284 1325 autem
3317 1268 3565 1325 ﬁmbrias

1980 1361 2291 1417 declarabat
2343 1362 2487 1433 quod
2562 1370 2807 1433 oporteat
2866 1376 2967 1418 nos
3023 1360 3287 1431 sanguine
3347 1360 3565 1417 Domini

295 1457 363 1512 '0
393 1457 454 1511 δὲ
477 1459 610 1521 Θεὸς
638 1459 697 1512 ού
730 1458 888 1513 τοῦτο
913 1458 1187 1525 ἐϐούλετο,
1218 1458 1356 1513 ἀλλὰ
1383 1458 1444 1511 τὸ
1477 1456 1577 1527 μὲν
1610 1456 1757 1526 ἔχειν
1786 1455 1880 1507 ἐπὶ

2001 1455 2207 1523 iigttari.
2262 1454 2343 1509 Illi
2392 1469 2525 1510 vero
2575 1454 2848 1510 faciebant
2892 1454 3228 1525 phylacteria
3263 1468 3462 1524 magna
3512 1465 3568 1508 et

286 1551 394 1620 τῆς
424 1549 610 1622 χειρὸς
640 1551 699 1604 τὸ
748 1550 1145 1623 φυλακτήριον,
1177 1551 1443 1621 ἐσήμαινε
1474 1550 1534 1601 τὸ
1561 1548 1674 1601 δεῖν
1708 1546 1881 1617 ἐργά-

286 1641 483 1706 ζεσθαι
514 1644 616 1707 τὰς
650 1642 874 1706 ἐντολάς
896 1657 909 1670 ⁸
946 1643 1005 1696 15
1033 1642 1089 1697 δέ
1125 1643 1356 1696 κόκκινα
1378 1636 1608 1694 εἶναιτὰ
1637 1638 1882 1710 κράσπε-

1985 1545 2249 1610 ﬁmbrias,
2300 1556 2359 1600 ut
2402 1546 2711 1603 videntibus
2740 1545 2828 1602 illa
2858 1555 3156 1617 appareant
3184 1547 3570 1603 observatores

1986 1652 2109 1690 esse
2140 1637 2292 1706 legis.

284 1736 378 1800 δα,
408 1735 600 1808 ἐδήλου
631 1737 714 1789 ὅτι
737 1736 986 1806 δείήμᾶς
1022 1735 1099 1805 τῷ
1129 1735 1327 1806 αἵματι
1356 1734 1453 1788 τοῦ
1499 1733 1739 1804 Χριστοῦ
1803 1731 2169 1804 σημειοῦσθαι
2190 1749 2201 1760 ”
2272 1734 2469 1787 ἐκεῖνοι
2506 1733 2565 1786 δὲ
2632 1732 2853 1787 ἐποίουν
2893 1735 2964 1788 τά
2994 1752 3052 1789 τε
3078 1735 3428 1810 φυλακτήρια
3463 1754 3566 1808 με·

288 1830 439 1899 γάλα
463 1832 559 1884 καὶ
581 1829 651 1883 τὰ
674 1828 987 1899 κράσπεδα,
1010 1828 1099 1883 ἵνα
1120 1828 1313 1893 δόξωσι
1338 1826 1716 1898 νομοφύλακες
1736 1822 1878 1880 εἶναι
1912 1827 2027 1889 τοῖς
2059 1825 2226 1896 ὁρῶσι
2254 1824 2448 1880 ταῦτα.

369 1942 390 1975 ι
417 1922 636 1976 Φιλοῦσι
693 1922 752 1975 δὲ
782 1922 883 1993 τὴν
934 1921 1339 1993 πρωτοκλισίαν
1370 1923 1428 1974 ἐν
1458 1923 1571 1983 τοῖς
1612 1920 1873 1984 δείπνοις,

2055 1920 2218 1975 Vens.
2252 1920 2307 1986 6,
2359 1920 2410 1975 7.
2464 1940 2485 1975 ι
2542 1924 2851 1993 Amantque
2906 1923 3111 1992 primos
3170 1923 3457 1979 accubitus
3512 1924 3567 1978 in

290 2017 395 2070 καὶ
448 2016 548 2078 τάς
578 2013 1067 2086 πρωτοκαθεδρίας
1092 2014 1152 2067 ἐν
1204 2015 1327 2076 ταῖς
1380 2014 1749 2081 συναγωγαῖς,
1782 2010 1880 2064 καὶ

288 2108 421 2170 τοὺς
446 2107 779 2177 ἀσπασμοὺς
807 2107 866 2159 ἐν
900 2108 1021 2170 ταῖς
1044 2107 1297 2177 ἀγοραῖς,
1326 2106 1422 2161 καλ⁵
1455 2104 1742 2160 καλεῖσθαι
1775 2105 1881 2158 ὑπὸ

288 2200 404 2253 τῶν
430 2198 736 2269 ἀνθρώπων
771 2198 985 2267 Ῥαϐδὶ,
1032 2198 1238 2253 Ῥαεϐί.
1268 2217 1287 2251 ι
1318 2197 1523 2254 Βασαίί
1549 2192 1661 2251 οἷον
1686 2197 1835 2265 λέγει
1864 2215 1878 2261 ;

292 2291 442 2343 Διότι
472 2290 581 2360 γὰρ
614 2288 851 2357 φιλοῦσι,
884 2291 971 2343 διὰ
1000 2288 1161 2344 τοῦτο
1196 2287 1643 2360 κατακρίνονται.
1678 2289 1740 2341 Ei
1770 2287 1827 2340 δέ
1854 2290 1882 2340 ό

295 2382 459 2453 μόνον
496 2379 668 2451 φιλῶν
688 2380 787 2453 τὴν
810 2380 1219 2453 πρωτοκλισίαν
1245 2381 1498 2451 ψέγεται,
1526 2380 1556 2433 δ
1588 2379 1682 2432 καὶ
1704 2380 1882 2431 πάντα

296 2475 553 2546 πράττων
576 2473 717 2544 ὑπὲρ
744 2473 973 2544 ταύτης,
1004 2473 1150 2539 τίνος
1179 2473 1327 2539 ἄξιος
1352 2492 1368 2541 ;
1409 2492 1428 2525 ι
1465 2473 1575 2528 Καὶ
1598 2472 1696 2537 τὰς
1731 2489 1884 2544 πρω-

297 2567 652 2638 τοκαθεδρίας
679 2570 738 2621 ἐν
752 2570 876 2632 ταῖς
894 2571 1261 2637 συναγωγαῖς
1286 2584 1305 2618 ι
1332 2565 1465 2621 ἔνθα
1487 2564 1690 2637 μᾶλλον
1714 2563 1758 2616 ὥ
1774 2581 1883 2634 pe:-

300 2659 390 2713 λον
415 2661 512 2713 καί
565 2661 693 2724 τοὺς
724 2660 919 2725 ἄλλους
948 2660 1227 2715 διδάσκειν
1262 2659 1730 2729 ταπεινοφρονεῖν,
1770 2657 1887 2710 ἐκεῖ

301 2754 457 2807 αὐτοὶ
514 2756 713 2807 ἐκεῖνοι
762 2753 1155 2824 διεφθείροντο.
1202 2752 1391 2807 Πάντα
1451 2752 1562 2821 γὰρ
1618 2750 1888 2821 ἔπραττον

304 2845 444 2915 ὑπὲρ
460 2844 650 2915 δόξηςο
682 2844 970 2899 καὶταῦτα
999 2844 1335 2915 πράττοντες
1362 2845 1465 2899 οὐκ
1493 2843 1885 2916 ἐπῃσχύνοντο,

302 2938 437 2993 ἀλλὰ
470 2938 673 3009 μᾶλλον
702 2938 895 3009 ἦθελον
910 2937 1195 2992 καλεῖσθαι
1240 2935 1454 3003 Ῥαθδὶ,
1487 2934 1703 2999 Ῥαόδὶ,
1736 2950 1891 2987 τουτ-

301 3033 438 3097 έστι,
469 3032 802 3086 διδάσκαλοι.

379 3143 401 3177 ι
449 3124 643 3196 Ὑμεῖς
693 3124 751 3178 δέ
788 3124 865 3196 μὴ
918 3123 1165 3195 κληθῆτε
1205 3121 1421 3189 Ῥαδδὶ,
1453 3119 1535 3185 εἷς
1576 3121 1688 3191 γάρ
1741 3120 1892 3173 ἐστιν

306 3216 460 3287 ὑμῶν
482 3218 510 3270 ό
533 3215 878 3280 διδάσκαλος,
898 3218 927 3268 ὁ
946 3214 1184 3285 Χριστός
1204 3229 1217 3245 ο
1244 3212 1445 3279 πάντες
1470 3213 1527 3266 δὲ
1550 3213 1709 3284 ὑμεῖς
1739 3210 1892 3265 ἀδελ-

306 3272 396 3378 φοί
428 3312 577 3362 ἐστε.
635 3307 750 3362 Καὶ
778 3272 1104 3378 πάτέρα1μὴ
1154 3272 1443 3376 καλέσητε
1481 3272 1638 3377 ὑμῶν
1667 3272 1760 3359 ἐπὶ
1792 3302 1893 3373 τῆς
1918 3272 1965 3337 C

309 3404 431 3474 γῆς,
464 3397 544 3466 εἷς
567 3402 675 3472 γάρ
714 3402 861 3453 ἐστιν
879 3400 910 3452 ό
937 3400 1128 3471 Πατὴρ
1158 3399 1313 3470 ὑμῶν
1343 3401 1370 3454 δ
1398 3402 1454 3453 ἐν
1479 3401 1591 3463 τοῖς
1616 3399 1890 3469 οὐρανοῖς.

307 3494 458 3565 Μηδὲ
491 3494 729 3564 κληθῆτε
756 3488 1220 3563 καθηγηταίοεῖς
1272 3493 1382 3563 γάρ
1437 3494 1585 3545 ἐστιν
1652 3491 1808 3561 ὑμῶν
1867 3490 1896 3543 δ

308 3583 651 3656 καθηγητὴς,
689 3584 718 3636 ὁ
781 3582 1039 3653 Χριστός.
1087 3582 1145 3637 '0
1184 3584 1243 3638 δὲ
1289 3584 1492 3655 μείζων
1553 3583 1706 3652 ὑμῶν
1743 3582 1893 3634 ἔσται

310 3678 465 3751 ὑμῶν
496 3677 962 3742 διάκονος.Ὄστις
1002 3676 1060 3730 δέ
1084 3674 1288 3747 ὑψώσει
1303 3676 1515 3742 ἐαυτὸν,
1546 3672 1894 3743 ταπεινωθή·

311 3786 489 3836 σεται,
524 3771 621 3824 καὶ
646 3770 799 3833 ὅστις
838 3768 1173 3823 ταπεινώσει
1211 3768 1432 3833 ἐαυτὸν,
1466 3765 1839 3836 ὑψωθήσεται.
1871 3782 1890 3815 ›

309 3865 385 3917 υύ
423 3862 625 3916 κωλύει
644 3862 673 3913 ὁ
705 3861 942 3931 Χριστὸς
988 3861 1049 3913 τὸ
1075 3858 1360 3913 καλεῖσθαί
1387 3875 1511 3912 τινα
1548 3856 1895 3920 δικὰσκαλον,

311 3953 449 4008 ἀλλὰ
471 3953 536 4009 τὸ
567 3951 831 4022 ἐμπαθῶς
879 3950 1055 4005 θέλειν
1084 3950 1392 4015 καλεῖσθαι,
1419 3951 1516 4003 καὶ
1550 3949 1729 4004 πάντα
1782 3946 1900 4019 τρό-

312 4062 411 4097 πον
438 4041 764 4107 σπουδάζειν
793 4042 875 4106 είς
907 4042 970 4095 τδ
1001 4040 1290 4113 κληθῆναι.
1334 4040 1409 4093 Τὸ
1440 4039 1549 4110 γὰρ
1578 4038 1895 4093 διδασκαλι-

312 4138 409 4192 κδν
456 4138 679 4208 ἀξίωμα
731 4136 877 4207 μόνῳ
909 4136 1171 4207 πρόσεστι
1191 4133 1396 4205 κυρίως
1424 4133 1565 4203 Θεῷ.
1600 4131 1898 4199 Πατέραδέ

319 4230 394 4301 μὴ
418 4230 711 4296 καλέσητε,
739 4228 936 4297 λέγων,
965 4229 1026 4282 οὐ
1059 4227 1259 4282 κωλύει
1286 4227 1387 4298 τὴν
1416 4226 1552 4295 πρὸς
1571 4227 1694 4289 τοὺς
1718 4226 1899 4293 γονεῖς

316 4321 507 4392 τιμὴν,
548 4322 671 4373 ἐπεὶ
710 4319 855 4373 θέλει
907 4320 1056 4389 ἡμᾶς
1084 4320 1251 4390 τιμᾷν
1278 4321 1404 4383 105;
1432 4321 1630 4387 γονεῖς,
1665 4319 1759 4370 καὶ
1796 4316 1899 4387 μά-

316 4416 474 4471 λιστα
504 4416 633 4479 τοὺς
664 4414 1072 4484 πνευματικοὺς
1100 4412 1370 4485 πατέρας,
1395 4412 1534 4466 ἀλλὰ
1555 4412 1691 4483 πρὸς
1720 4412 1781 4464 τὸ
1808 4412 1900 4464 τὸν

317 4511 495 4583 ἀληθῆ
541 4513 765 4583 Πατέρα
819 4511 1236 4579 ἐπιγινώσκειν,
1289 4508 1539 4564 τουτέστι
1589 4509 1680 4562 τὸν
1742 4506 1900 4571 Θεὸν,

1988 2012 2181 2078 caenis,
2214 2022 2269 2068 et
2299 2012 2501 2083 primas
2524 2015 2816 2070 cathedras
2844 2013 2897 2069 in
2924 2015 3240 2086 synagogis,
3270 2024 3325 2071 et
3357 2014 3569 2071 saluta-

1987 2105 2165 2160 tiones
2220 2105 2272 2159 in
2332 2104 2473 2171 foro,
2530 2114 2586 2160 et
2632 2103 2813 2160 vocari
2871 2106 2939 2161 ab
2984 2106 3296 2161 hominibus
3351 2104 3567 2174 Rabbi,

1986 2194 2182 2251 Rabbi.
2217 2213 2236 2249 ι
2275 2195 2437 2268 Papae
2475 2197 2605 2267 quid
2657 2196 2835 2253 dicit?
2865 2196 3069 2253 Idcirco
3115 2199 3571 2265 condemnantur,

1987 2289 2113 2357 quia
2146 2296 2353 2344 amant.
2380 2288 2535 2356 Quod
2561 2290 2606 2345 si
2634 2288 2811 2344 solum
2836 2303 3028 2346 amans
3051 2290 3255 2360 primos
3285 2290 3571 2349 accubitus

1987 2382 2403 2447 condemnatur,
2453 2383 2545 2453 qui
2604 2382 2737 2437 nihil
2789 2398 2894 2438 non
2946 2383 3078 2438 facit
3116 2399 3214 2453 pro
3264 2384 3406 2453 illis,
3462 2398 3571 2454 qua

1988 2475 2445 2530 condemnatione
2474 2474 2715 2546 dignus?
2746 2493 2768 2527 ι
2807 2474 2875 2530 Et
2912 2477 3117 2546 primas
3168 2476 3456 2533 cathedras
3514 2479 3568 2533 in

1991 2571 2277 2641 synagogis
2298 2586 2346 2636 ;I
2366 2570 2455 2623 ubi
2483 2571 2653 2639 magis
2671 2569 2941 2625 debebant
2966 2572 3166 2625 docere
3188 2571 3326 2626 alios
3354 2570 3576 2626 humili-

1991 2673 2182 2729 tatem,
2213 2679 2277 2719 eo
2300 2664 2420 2719 loco
2443 2663 2517 2718 illi
2547 2662 2646 2731 ipsi
2670 2662 2862 2734 majori
2891 2663 3030 2718 fastu
3057 2665 3572 2732 corrumpebantur.

1991 2754 2186 2811 Omnia
2221 2757 2364 2811 enim
2402 2771 2499 2826 pro
2536 2756 2706 2827 gloria
2743 2754 3037 2820 faciebant,
3071 2762 3125 2811 et
3170 2755 3284 2809 haec
3313 2754 3579 2811 facientes

1995 2866 2100 2904 non
2137 2850 2632 2913 confundebantur,
2686 2849 2781 2904 sed
2842 2850 3058 2904 interim
3091 2849 3274 2904 vocari
3320 2849 3577 2905 volebant

1999 2941 2159 3013 124
2191 2940 2387 3006 Rabbi,
2428 2939 2630 3006 Rabbi,
2658 2941 2761 2995 hoc
2790 2949 2895 3005 est,
2930 2941 3203 2996 doctores.

2068 3120 2233 3177 Vens.
2272 3121 2430 3178 8-12.
2468 3140 2488 3174 ι
2536 3120 2643 3178 Vos
2686 3132 2863 3178 autem
2915 3122 3081 3178 nolite
3127 3123 3309 3177 vocari
3357 3120 3577 3180 Rabbi:

1997 3233 2137 3271 unus
2189 3228 2275 3272 est
2321 3218 2463 3271 enim
2514 3216 2776 3289 magister
2816 3225 3016 3282 vester,
3073 3230 3265 3287 nempe
3303 3215 3577 3281 Christus,

1997 3320 2186 3360 Omnes
2237 3318 2422 3360 autem
2476 3323 2571 3361 vos
2610 3307 2807 3362 fratres
2855 3308 3007 3361 estis.
3062 3306 3125 3361 Et
3172 3318 3378 3377 patrem
3412 3308 3581 3363 nolite

2000 3414 2195 3454 vocare
2232 3400 2381 3455 vobis
2414 3415 2578 3469 super
2620 3410 2861 3455 terram:
2908 3415 3049 3454 unus
3094 3410 3181 3455 est
3225 3400 3369 3455 enim
3418 3400 3583 3457 Pater

2002 3500 2203 3555 vester,
2236 3492 2327 3560 qui
2378 3492 2434 3544 in
2480 3491 2632 3546 caelis
2676 3502 2778 3546 est.
2818 3491 2927 3548 Nec
2964 3492 3231 3548 vocemini
3285 3492 3580 3563 magistri:

2000 3597 2138 3636 unus
2166 3583 2309 3637 enim
2332 3593 2413 3637 est
2443 3584 2703 3653 magister
2728 3597 2932 3651 vester,
2969 3598 3162 3655 nempe
3186 3584 3460 3641 Christus.
3479 3584 3582 3653 Qui

2001 3674 2175 3743 major
2214 3683 2299 3728 est
2323 3685 2582 3740 vestrum,
2620 3676 2725 3731 erit
2751 3686 2931 3731 vester
2967 3676 3233 3732 minister.
3272 3676 3372 3744 Qui
3402 3687 3583 3732 autem

2001 3779 2059 3820 se
2087 3765 2432 3831 excitaverit,
2470 3766 2884 3822 bumiliabitur:
2915 3776 2969 3822 et
2993 3769 3083 3837 qui
3112 3784 3171 3823 se
3194 3769 3585 3835 humiliaverit,

2001 3856 2357 3912 exaltabitur.
2390 3875 2409 3909 ι
2447 3857 2564 3913 Non
2608 3860 2861 3927 prohibet
2907 3859 3155 3915 Christus
3179 3862 3360 3915 vocari
3397 3877 3588 3931 quem-

2001 3949 2144 4018 piam
2180 3949 2524 4020 magistrum,
2558 3950 2654 4005 sed
2689 3959 2835 4005 tanta
2868 3950 3153 4007 atfectiune
3188 3951 3325 4007 velle
3361 3954 3584 4019 vocari,

2001 4052 2055 4096 e1
2088 4042 2342 4096 omnibus
2374 4042 2548 4098 modis
2581 4056 2775 4097 curare
2826 4052 2883 4097 ut
2933 4043 3005 4098 ita
3040 4054 3290 4099 vocetur.
3348 4045 3587 4102 Docendi

2000 4135 2147 4190 enim
2175 4133 2413 4202 dignitas
2441 4134 2661 4204 proprie
2689 4134 2858 4189 solius
2886 4142 2971 4190 est
3004 4134 3123 4189 Dei.
3154 4134 3374 4191 Patrem
3404 4146 3587 4193 autem

2003 4243 2075 4284 ne
2096 4230 2323 4295 vocetis,
2345 4228 2554 4295 dicens,
2582 4243 2688 4283 non
2707 4227 2961 4298 prohibet
2986 4228 3247 4284 honorem
3270 4229 3588 4300 parentibus

2004 4321 2268 4386 debitum,
2292 4321 2417 4394 quia
2446 4320 2559 4376 vult
2586 4335 2686 4377 nos
2713 4321 2963 4376 venerari
2995 4329 3249 4392 parentes
3268 4330 3326 4377 et
3350 4325 3589 4379 maxime

2002 4415 2321 4486 spirituales
2366 4424 2573 4484 patres,
2628 4414 2722 4469 sed
2769 4414 2980 4469 inducit
3024 4423 3085 4469 ut
3130 4429 3321 4469 verum
3370 4412 3589 4470 Patrem

2004 4521 2383 4577 agnoscamus,
2436 4508 2539 4562 hoc
2568 4516 2675 4573 est,
2728 4506 2921 4562 Deum.
2975 4507 3121 4563 Deus
3175 4508 3322 4563 enim
3372 4509 3591 4577 proprie

316 4606 501 4673 ἐνάγει
525 4624 540 4638 ·
575 4606 779 4677 κυρίως
809 4605 919 4676 γὰρ
952 4602 1140 4674 πατὴρ
1168 4606 1195 4657 ό
1223 4601 1380 4666 θεός.
1406 4600 1544 4656 Οίδὲ
1569 4600 1891 4671 σωματικοὶ,

2003 4610 2161 4669 pater
2188 4610 2294 4655 est.
2336 4598 2598 4655 Carnales
2626 4599 2771 4654 enim
2805 4615 2913 4655 non
2947 4606 3077 4655 sunt
3106 4610 3355 4655 auctores
3387 4600 3591 4655 nativi-

314 4699 416 4749 οὐκ
430 4698 597 4750 αίτιοι
613 4698 708 4767 τῆς
736 4698 1066 4768 γεννήσεως,
1079 4695 1196 4749 ἀλλ’
1212 4694 1478 4769 ὑπουργοὶ
1496 4693 1592 4747 καὶ
1611 4692 1897 4747 συναίτιοι.

318 4790 596 4843 Δεικνύων
643 4790 702 4843 δέ
730 4791 793 4842 τὸ
821 4789 1012 4861 κέρδος
1045 4789 1145 4859 τῆς
1174 4786 1701 4857 ταπεινοφροσύνης,
1737 4784 1903 4854 φησὶν

317 4884 425 4949 ὅτι,
456 4881 517 4937 '0
543 4883 749 4952 μείζων
772 4882 929 4951 ὑμῶν
948 4881 1154 4952 ὀφείλει
1184 4875 1323 4934 εἷναι
1355 4881 1509 4951 ὑμῶν
1537 4879 1781 4942 διάκονος
1811 4877 1907 4932 καὶ

321 4975 675 5044 ἐσχατος.’ος
693 4973 803 5041 γὰρ
825 4972 1030 5042 ὐψιὶισει
1053 4971 1249 5026 ἐαυτὸν
1284 4971 1491 5042 οἰηθεὶς
1521 4964 1664 5022 εἷναί
1699 4984 1774 5034 τι,
1802 4982 1904 5020 τα-

323 5067 747 5137 πεινωθήσεται,
779 5063 1239 5134 ἐγκαταλειφθεὶς
1270 5061 1377 5115 ὑπὸ
1401 5060 1498 5114 τοῦ
1529 5060 1688 5115 Θεοῦ.

398 5178 418 5210 ι
445 5159 586 5213 Οὐαὶ
610 5159 668 5212 δὲ
692 5160 720 5212 5
730 5160 840 5227 μῖν,
868 5159 1222 5229 Γραμματεῖς
1243 5157 1335 5209 καὶ
1356 5156 1645 5226 Φαρισαῖοι
1676 5154 1907 5225 ὑποκρι-

325 5252 438 5318 ταὶ,
470 5253 556 5306 δτι
590 5252 906 5305 κατεσθίετε
936 5252 1034 5313 τὰς
1054 5250 1234 5312 οίκίας
1268 5249 1377 5302 τῶν
1403 5246 1615 5320 χηρῶν,
1646 5246 1741 5300 καὶ
1770 5261 1906 5316 προ-

328 5346 491 5415 ςάσει
520 5348 711 5415 μακρὰ
740 5343 1196 5413 προσευχόμενοι,
1231 5341 1319 5395 διὰ
1351 5339 1513 5394 τοῦτο
1544 5338 1781 5411 λήψεσθε
1810 5355 1910 5391 πε-

334 5439 651 5507 ρισσότερον
695 5439 892 5507 κρῖμα.
925 5456 943 5486 ι
988 5434 1325 5507 ’Υποκριτὰς
1372 5435 1596 5498 τούτους
1628 5432 1803 5498 καλεῖ,
1833 5431 1909 5495 ὡς

331 5529 837 5599 ἐπαγγελλομένους
894 5528 1187 5581 εὐλάϐειαν
1242 5527 1337 5580 καὶ
1401 5526 1569 5598 μηδὲν
1620 5525 1908 5589 ποιοῦντας

333 5624 479 5688 ἀξιον
538 5624 639 5693 τῆς
693 5621 1052 5691 ἐπαγγελίας,
1078 5621 1215 5675 ἀλλὰ
1242 5622 1514 5692 προφάσει
1548 5619 1640 5673 105
1672 5617 1910 5691 προσεύ-

334 5717 521 5786 χεσθαι
555 5716 761 5787 μακρὰ,
790 5715 1065 5768 τουτέστιν
1103 5716 1195 5768 ἐπὶ
1230 5714 1398 5768 πολὺν
1456 5712 1670 5784 καιρὸν,
1707 5728 1909 5765 κατεσ-

339 5809 548 5871 θίοντας
570 5810 638 5863 τὰ
668 5808 776 5861 τῶν
799 5807 979 5878 χηρῶν
1003 5808 1281 5879 χρήματα.
1320 5806 1411 5877 Τῷ
1428 5806 1543 5859 ὄντι
1572 5806 1680 5877 γὰρ
1705 5805 1909 5875 ἐμπαῖ-

340 5914 461 5953 κται
508 5896 673 5974 ἦσαν,
727 5900 1141 5970 καταγελῶντες
1196 5899 1305 5954 τῶν
1358 5897 1742 5969 ἁπλουστέρων
1811 5894 1904 5951 καὶ

2010 4693 2154 4759 tatis,
2220 4693 2314 4748 sed
2364 4692 2670 4762 eooperaril
2726 4701 2785 4747 et
2840 4692 3098 4748 ministri.
3157 4690 3327 4747 Porro
3379 4690 3588 4747 lucrum

2007 4784 2331 4841 humilitatis
2362 4784 2614 4840 indicans
2664 4784 2837 4839 dicit:
2871 4783 2974 4851 Qui
3007 4781 3179 4850 major
3208 4791 3293 4838 est
3324 4791 3590 4849 vestrum,

2009 4878 2170 4933 debet
2213 4891 2335 4932 esse
2383 4884 2565 4931 vester
2615 4874 2866 4929 minister
2916 4882 2973 4928 et
3021 4871 3270 4927 ultimus.
3303 4869 3406 4937 Qui
3440 4870 3592 4926 enim

2012 4969 2333 5037 euitat-erit
2366 4968 2747 5039 semetipsum,
2793 4965 2999 5036 aliquid
3038 4978 3097 5021 se
3125 4977 3248 5021 esse
3277 4972 3449 5029 ratus,
3486 4961 3606 5030 bu-g

2012 5061 2314 5117 miliabitur
2342 5059 2642 5117 derelictus
2668 5072 2698 5111 a
2734 5058 2865 5113 Deo.

2087 5152 2252 5209 Vens.
2289 5151 2375 5209 M.
2414 5170 2432 5204 ι
2472 5150 2565 5207 Vae
2589 5162 2768 5208 autem
2800 5150 2977 5213 vobis,
3009 5147 3216 5205 Scriba
3243 5155 3298 5203 et
3330 5145 3595 5204 Phariszni

2015 5245 2332 5319 hypocrita,
2393 5245 2517 5314 quia
2554 5242 2840 5299 comeditis
2885 5241 3076 5298 domos
3122 5240 3431 5306 viduarum,
3465 5241 3597 5296 dum

2015 5340 2117 5396 sub
2146 5347 2412 5410 prietextu
2450 5336 2704 5407 precibus
2750 5333 2976 5405 prolixis
3001 5333 3339 5405 precamini:
3373 5344 3598 5404 prepter

2015 5431 2118 5486 hoc
2154 5432 2277 5503 plus
2314 5429 2594 5499 accipietis
2637 5427 3027 5482 damnationis.
3067 5444 3086 5479 ι
3128 5424 3452 5497 Hypocritas
3499 5427 3598 5481 bos

2014 5534 2197 5591 vocat,
2251 5530 2310 5578 ut
2358 5522 2739 5592 promittentes
2788 5521 3068 5591 pietatem,
3096 5528 3153 5575 et
3186 5520 3319 5575 nihil
3351 5519 3590 5590 promis-

2016 5619 2168 5673 sione
2189 5616 2412 5686 dignum
2444 5612 2750 5670 facientes:
2784 5614 2879 5673 sed
2909 5622 3270 5684 przetexentes
3303 5625 3363 5666 se
3386 5610 3597 5679 precari

2016 5708 2259 5780 longum,
2299 5708 2405 5764 hoc
2434 5716 2542 5773 est,
2578 5706 2749 5763 multo
2781 5714 3057 5781 tempore,
3090 5707 3356 5761 devorant
3404 5702 3599 5756 vidua-
3630 5698 3645 5704 ”

2018 5816 2138 5856 rum
2188 5799 2497 5856 facultates.
2540 5797 2622 5855 Re.
2661 5808 2843 5853 autem
2891 5798 3006 5865 ipsa
3058 5797 3308 5852 illusores
3351 5804 3498 5859 sunt,
3535 5807 3600 5848 ac

2017 5892 2268 5952 derident
2319 5892 2702 5976 simpliciores,
2737 5900 2793 5948 et
2842 5900 3113 5959 exsugam
3149 5904 3261 5945 eos.
3306 5908 3323 5941 ε
3360 5887 3426 5943 Et
3477 5886 3602 5958 plus
