3968 6460
457 425 563 486 3'l9

1304 421 1879 483 TllEOi’Ill’LACTI
1926 421 2333 483 BULGARIA'I
2369 421 2725 482 AllCHiEP.

3567 430 3663 498 400

457 535 917 590 comlemnationis
950 534 1242 606 aet-ipietis,
1284 555 1305 588 ι
1343 551 1408 591 eo
1437 537 1577 606 quod
1603 552 1663 590 ea
1691 551 1806 607 qua:
1833 534 2023 590 vidua-

2136 534 2534 603 ὲκμυελίζοντες
2558 534 2771 598 αὐτούς.
2797 552 2816 586 ι
2845 534 2937 589 Διὸ
2951 535 3043 589 καὶ
3066 539 3443 612 περισσότερον
3458 545 3667 616 λήψεσθε

459 646 600 693 rum,
638 628 942 693 comeditis,
981 628 1177 698 quibus
1224 632 1511 699 Oportebat
1550 630 1720 699 magis
1769 628 2023 699 suppedi-

457 731 593 782 tare,
650 729 703 773 et
761 718 1000 789 ipsarum
1050 719 1286 789 inopiam
1342 719 1650 775 sublevare.
1699 717 1794 773 Vel
1843 719 2022 784 aliter,

455 812 624 867 multo
645 809 763 883 plus
785 811 1154 867 damnationis
1173 811 1479 883 accipietis,
1504 828 1569 867 eo
1592 813 1733 882 quod
1760 821 2023 881 pretestn

455 905 789 974 boitiOperis
821 903 1019 957 malum
1073 900 1330 973 quiddam
1406 903 1786 967 committitis,
1834 916 2025 972 nempe

456 997 726 1065 precando
757 995 1036 1049 viduarum
1066 994 1206 1048 bona
1254 996 1621 1050 comedentes.
1659 994 1847 1065 Maiori
1878 996 2022 1048 enim

455 1084 908 1141 condemnatione
935 1084 1141 1154 dignus,
1172 1085 1263 1154 qni
1298 1095 1558 1154 praetextu
1586 1085 1713 1139 boni
1744 1085 1798 1138 in
1825 1085 2023 1139 malum

356 1208 361 1260 ὲ
455 1176 643 1243 allicit.

530 1360 691 1415 Vsus.
731 1360 817 1414 l3.
854 1377 874 1411 ι
898 1357 990 1413 Va:
1020 1356 1196 1423 vobis,
1227 1355 1433 1412 Scriba:
1476 1364 1531 1410 et
1561 1355 1815 1410 Pharisaei
1851 1355 2019 1426 hypo-

454 1453 623 1516 critaa,
654 1451 775 1521 quia
812 1449 1060 1506 clauditis
1111 1463 1334 1519 regnum
1367 1449 1630 1502 caelorum
1675 1456 1801 1502 ante
1834 1447 2010 1501 Ιιοιιιί-

456 1557 590 1597 nes:
626 1557 723 1597 vos
754 1540 899 1596 enim
931 1554 1038 1595 non
1070 1539 1438 1609 ingredimini,
1476 1553 1653 1609 neque
1675 1539 2026 1593 advenientes

458 1632 641 1691 sinitis
672 1632 902 1703 ingredi.
940 1651 960 1684 ι
1006 1628 1123 1686 Νοη
1154 1630 1354 1696 solum,
1387 1630 1582 1701 inquit,
1614 1646 1711 1687 vos
1764 1630 2027 1686 increduli

454 1726 618 1789 estis.
655 1734 710 1781 et
755 1726 919 1779 vitam
957 1723 1173 1779 habetis
1226 1733 1575 1791 corruptam:
1634 1721 1728 1776 sed
1788 1730 1844 1777 et
1892 1722 2028 1778 alios

454 1819 658 1873 docetis
693 1831 760 1872 ne
791 1815 925 1870 mihi
961 1814 1229 1879 credant,
1265 1823 1320 1868 et
1349 1828 1443 1884 per
1474 1813 1594 1867 vitre
1625 1825 1816 1869 vestra:
1844 1828 2030 1870 exem-

2130 627 2326 694 κρῖμα,
2361 644 2378 675 ι
2418 622 2555 677 διότι
2576 623 2791 678 ἅπαντα
2824 623 2891 677 τὰ
2910 622 3022 678 τῶν
3042 625 3225 697 χηρῶν
3255 629 3573 697 κατεσθίετε,
3594 632 3668 701 αἷς

2133 715 2243 769 εδει
2280 714 2479 786 μᾶλλον
2511 717 2856 786 ὲκχορηγεϊν.
2888 717 2985 770 καὶ
3012 718 3110 786 τὴν
3139 718 3330 773 πενίαν
3361 721 3531 774 αὐτῶν
3555 724 3675 795 διορο

2132 804 2378 859 θοῦσθαι.
2414 806 2520 859 Καὶ
2548 806 2723 871 ἄλλως
2750 806 2828 871 δὲ,
2862 807 3246 878 περισσότερον
3275 808 3425 863 ἔσται
3450 813 3506 865 τὸ
3526 820 3676 869 κατά-

2132 912 2329 967 κριμα,
2383 897 2465 949 ὅτι
2512 897 2601 950 διὰ
2654 898 3045 969 προσχήματος
3101 898 3308 967 ἀγαθοῦ
3363 900 3542 973 ἔργου,
3593 908 3675 961 τοῦ

2134 988 2560 1060 προσεύχεσθαι,
2610 990 2848 1059 πονηρόν
2872 1006 2924 1041 τι
2975 989 3427 1061 κατεργάζονται,
3461 994 3517 1047 τὸ
3570 1013 3676 1050 κατ.

2132 1079 2337 1133 εσθίειν
2382 1078 2449 1134 τὰ
2481 1079 2589 1133 τῶν
2634 1072 2820 1151 χηρῶν
2840 1096 2855 1110 ·
2886 1079 3146 1150 πλείστης
3165 1083 3277 1151 γὰρ
3332 1086 3679 1157 κατακρίσεως

2131 1173 2281 1238 ἄξιος
2333 1176 2361 1228 6
2416 1174 2504 1229 διὰ
2538 1176 2927 1248 προσχήματος
2955 1176 3161 1245 ἀγαθοῦ
3219 1176 3486 1244 δελεάζων
3516 1184 3587 1245 είς
3629 1187 3681 1236 τὸ

2133 1265 2326 1320 κακόν.

2212 1373 2230 1406 ι
2269 1356 2405 1410 Οὐαὶ
2422 1356 2574 1428 ύμῖν,
2600 1357 2954 1430 Γραμματεῖς
2978 1360 3072 1413 καὶ
3090 1361 3374 1431 Φαρισαῖοι
3394 1362 3679 1435 ὑποκριταὶ,

2131 1446 2215 1499 ὅτι
2262 1447 2473 1501 κλείετε
2512 1449 2613 1520 τὴν
2663 1449 2940 1520 βασιλείαν
2980 1451 3092 1504 τῶν
3128 1452 3375 1523 οὐρανῶν
3401 1454 3681 1524 ἔμπροσθεν

2131 1535 2240 1589 τῶν
2268 1535 2573 1608 ἀνθρώπων
2595 1554 2608 1568 ο
2639 1540 2797 1609 ὑμεῖς
2815 1540 2925 1611 γὰρ
2950 1541 3050 1594 οὐκ
3072 1540 3407 1612 εἰσέρχεσθε,
3438 1542 3549 1596 οὐδὲ
3573 1547 3682 1608 τοὺς

2133 1629 2549 1700 εἰσερχομένους
2580 1630 2771 1701 ἀφίετε
2800 1632 3083 1687 εἰσελθεῖν.
3126 1652 3146 1684 ι
3179 1634 3254 1686 Ού
3290 1633 3467 1703 μόνον,
3515 1637 3679 1706 φησὶν,

2135 1720 2292 1791 ὑμεῖς
2317 1721 2536 1775 ἄπιστοί
2558 1724 2703 1788 ἐστε,
2728 1723 2823 1777 καὶ
2849 1723 2941 1778 τὸν
2972 1724 3090 1794 βίον
3118 1724 3508 1796 διεφθαρμένον
3527 1725 3680 1797 ἔχετε,

2133 1811 2271 1866 ἀλλὰ
2306 1802 2399 1866 καὶ
2428 1814 2651 1885 ἑτέρους
2679 1814 2958 1871 διδάσκετε
3003 1816 3078 1886 μὴ
3116 1817 3397 1870 πιστεύειν
3428 1819 3541 1887 ἐμοὶ
3562 1859 3576 1882 ,
3601 1821 3683 1872 καὶ

457 1912 603 1980 plum
635 1908 1005 1980 corrumpitis.
1048 1906 1197 1963 Solet
1241 1908 1387 1960 enim
1435 1904 1665 1975 populos
1699 1906 2035 1976 principibus

2136 1901 2226 1954 διὰ
2253 1902 2347 1955 τοῦ
2373 1901 2490 1973 βίου
2520 1903 2614 1957 τοῦ
2643 1905 2909 1976 ὑμετέρου
2942 1905 3153 1960 καὶτοῦ
3180 1907 3569 1976 ὐποδείγματος
3584 1909 3684 1962 διας

461 2001 578 2058 tieri
606 2000 821 2066 similis,
865 2006 920 2054 et
958 1999 1134 2067 magis
1176 1998 1222 2054 si
1270 1998 1389 2052 illos
1420 1999 1471 2051 in
1506 1997 1707 2052 malum
1735 1998 1883 2053 videt
1907 2013 2033 2068 pro-

457 2111 673 2165 pensos.
726 2093 920 2152 Omnis
978 2094 1161 2164 itaque
1214 2094 1385 2148 malus
1432 2093 1623 2148 doctor
1672 2102 1728 2149 et
1781 2093 2033 2165 princeps

456 2190 640 2243 videat
673 2187 802 2257 quid
837 2186 1100 2251 lucretur,
1133 2200 1323 2255 nempe
1347 2199 1445 2249 var,
1478 2199 1546 2241 eo
1575 2185 1716 2254 quod
1751 2201 1849 2257 per
1872 2201 2027 2241 suam

461 2281 624 2335 vitam
663 2294 766 2334 non
796 2278 930 2333 sinit
959 2278 1094 2334 alios
1124 2278 1180 2332 in
1214 2277 1357 2333 bono
1392 2277 1676 2347 prolicere.

532 2459 699 2515 Vens.
729 2460 816 2515 1-5.
865 2479 906 2516 ι.
927 2457 1020 2514 Vae
1048 2457 1218 2523 vobis,
1250 2454 1456 2513 Scriba:
1485 2466 1538 2512 et
1568 2454 1827 2513 Pharisaei
1861 2460 2032 2528 hypo-

462 2552 639 2617 eiitte,
673 2552 796 2619 quia
826 2548 1131 2605 circumitis
1157 2563 1308 2603 mare
1341 2559 1396 2603 et
1440 2547 1647 2601 aridam
1668 2588 1684 2615 ,
1717 2556 1778 2603 ut
1824 2547 2037 2602 faciatis

460 2659 624 2698 unum
652 2641 979 2713 proselytum
1009 2658 1024 2695 :
1059 2650 1115 2696 et
1138 2654 1260 2696 cum
1283 2637 1446 2694 fuerit
1474 2639 1669 2706 factus,
1707 2640 1885 2694 tacitis
1912 2653 2034 2693 eum

459 2734 626 2789 lilium
657 2734 915 2804 geltennze
942 2732 1106 2801 duplo
1144 2730 1317 2801 magis
1353 2745 1512 2800 quant
1541 2746 1634 2785 vos
1666 2731 1822 2786 estis.
1864 2748 1884 2781 ι
1916 2729 2035 2784 Non

454 2827 653 2892 solum,
700 2823 894 2896 inquit,
932 2822 1144 2879 Iudaeos
1190 2822 1559 2893 corrumpitis,
1610 2824 1704 2878 sed
1727 2833 1783 2877 et
1816 2838 1913 2879 eos
1942 2825 2035 2894 qni

454 2933 520 2972 es
573 2915 837 2984 idolorum
892 2911 1051 2984 125
1099 2911 1246 2968 cultu
1294 2912 1361 2966 ad
1408 2912 1688 2967 .Indaicam
1719 2913 2036 2985 religionem

459 3015 826 3065 accesserunt.
864 3004 974 3059 llos
996 3005 1142 3059 enim
1174 3004 1478 3075 proselytos
1506 3005 1879 3060 nominabant.
1912 3006 2038 3060 Stu-

458 3102 600 3155 detis
654 3097 872 3169 quidem
929 3107 1249 3152 convertere
1320 3096 1554 3167 aliquem
1619 3098 1687 3152 ad
1753 3095 2037 3152 Judaicant

458 3191 924 3247 conversationem
971 3196 1027 3244 et
1057 3187 1125 3243 ad
1169 3187 1634 3244 circumcisionem
1658 3203 1675 3241 :
1703 3189 1917 3259 quando
1938 3204 2037 3245 au-

462 3296 568 3338 tem
594 3281 855 3350 iudaizal,
898 3290 1027 3334 tunc
1062 3280 1201 3349 perit
1245 3295 1276 3333 a
1307 3290 1486 3335 vestra
1520 3281 1754 3337 infectus
1788 3282 2037 3337 malitia:

462 3374 605 3429 tilius
637 3385 815 3428 autem
842 3372 1123 3443 gebennw,
1154 3371 1245 3441 qui
1279 3372 1476 3441 dignus
1517 3380 1602 3428 est
1633 3373 1744 3439 illa,
1783 3388 1907 3429 cum
1936 3390 2040 3444 qua

459 3466 884 3521 familiaritatem
915 3463 1081 3518 habet
1103 3466 1155 3516 in
1187 3463 1275 3516 illa
1316 3464 1664 3534 tlagraturus.

531 3554 701 3609 Vens.
726 3554 914 3609 l6—22.
952 3574 971 3606 ι
1004 3554 1094 3609 Vae
1125 3555 1302 3619 vobis,
1333 3556 1500 3617 duces
1518 3556 1670 3622 caeci,
1698 3555 1789 3626 qui
1818 3556 2037 3612 dicitis:

460 3645 781 3715 Quicunque
803 3642 1065 3712 iuraxerit
1084 3658 1179 3713 per
1208 3643 1640 3713 templum,nibil
1670 3656 1752 3701 est
1783 3661 1798 3700 :
1828 3647 1919 3715 qui
1943 3662 2042 3701 au-

464 3749 570 3793 tem
603 3737 868 3805 iuraverit
912 3751 1008 3806 per
1044 3752 1239 3791 aurum
1276 3736 1485 3807 templi,
1533 3739 1713 3793 debet.
1769 3738 1935 3794 Stulti
1984 3748 2042 3796 et

459 3831 612 3896 caeci,
633 3830 766 3902 quid
791 3833 934 3885 enim
954 3828 1133 3898 majus
1153 3840 1260 3893 est,
1296 3845 1509 3898 aurum,
1534 3847 1603 3886 an
1621 3831 1875 3902 templum
1896 3833 2042 3902 quod

459 3924 769 3977 sanctiﬁcat
818 3919 1045 3976 aurum?
1079 3919 1147 3975 Et
1197 3922 1509 3992 quicunque
1535 3921 1803 3991 iuraverit
1833 3938 1930 3993 per
1957 3923 2040 3999 al;

463 4029 598 4081 tare,
640 4015 774 4069 nihil
826 4024 950 4070 est:
1007 4013 1315 4084 quicunque
1381 4024 1564 4070 autem
1621 4014 1891 4085 iuraverit
1943 4031 2042 4087 per

461 4113 660 4166 donum
694 4111 839 4180 quod
856 4119 942 4164 est
971 4123 1134 4179 super
1162 4108 1317 4175 illud,
1360 4110 1541 4164 debet.
1583 4107 1750 4164 Stulti
1783 4123 1849 4164 ac
1884 4109 2036 4174 caeci,

460 4202 588 4270 quid
610 4203 755 4255 enim
780 4200 953 4268 majus
974 4209 1081 4269 est,
1112 4200 1336 4267 donum,
1367 4216 1436 4254 an
1468 4200 1641 4255 altare
1672 4200 1816 4271 quod
1840 4202 2043 4257 sancti-

461 4296 586 4346 ticat
639 4290 878 4344 donum?
923 4288 1024 4357 Qui
1063 4305 1195 4362 ergo
1218 4290 1487 4359 iuraverit
1522 4305 1620 4361 per
1656 4290 1857 4357 altare,
1891 4290 2041 4362 iurat

460 4398 557 4450 per
613 4382 742 4434 illud
784 4392 841 4436 et
919 4396 1016 4452 per
1058 4382 1240 4437 omnia
1286 4397 1407 4452 qua:
1443 4397 1605 4452 super
1628 4381 1760 4438 illud
1788 4394 1936 4439 sunt.
1974 4383 2043 4441 Et

461 4473 551 4540 qui
586 4470 861 4540 iuraverit
895 4484 993 4539 per
1046 4469 1324 4540 templum,
1369 4468 1521 4541 iurat
1552 4483 1651 4540 per
1676 4468 1808 4524 illud
1838 4480 1895 4527 et
1945 4485 2043 4542 per

2134 1990 2410 2064 φθείρετε.
2434 1995 2608 2049 Είωθε
2639 1996 2750 2067 γὰρ
2778 1999 2808 2050 ὀ
2836 1997 2963 2062 λαός
2983 1998 3306 2069 ὁμοιοῦσθαι
3328 2003 3437 2063 τοῖς
3457 2001 3681 2071 ἄρχουσι,

2133 2085 2229 2137 καὶ
2265 2083 2466 2153 μᾶλλον
2492 2086 2541 2139 εί
2571 2087 2714 2158 πρὸς
2741 2088 2800 2142 τὸ
2837 2089 3004 2143 κακὸν
3038 2092 3311 2161 ρἐοντας
3341 2092 3442 2163 ὀρᾷ
3463 2093 3680 2156 τούτους.

2135 2174 2251 2237 Πᾶς
2279 2171 2372 2228 οὖν
2417 2179 2656 2250 πονηρὸς
2691 2180 3010 2245 διδάσκαλος
3060 2184 3155 2236 καὶ
3208 2185 3391 2254 ἄρχων
3454 2185 3617 2255 ὁράτω
3639 2188 3683 2238 τί

2134 2267 2435 2337 κερδαίνει,
2470 2270 2552 2324 ὅτι
2590 2270 2650 2324 τὸ
2702 2273 2846 2339 οὐαὶ,
2910 2274 2985 2338 ὡς
3013 2275 3101 2329 διὰ
3126 2274 3224 2328 τοῦ
3254 2274 3453 2329 οίκείου
3492 2277 3595 2346 βίον
3621 2279 3685 2350 μὴ

2134 2357 2241 2410 ὲῶν
2262 2377 2417 2425 τινας
2448 2365 2782 2433 προκόπτειν
2818 2367 2899 2430 είς
2922 2367 2982 2419 τὸ
3008 2367 3238 2434 ἀγαθόν.

2211 2471 2233 2505 ι
2271 2441 2408 2509 Diaei.
2442 2456 2594 2526 ὑμῖν,
2652 2458 3004 2529 Γραμμτείς
3048 2462 3139 2514 καὶ
3170 2463 3452 2534 Φαρισαῖοι
3485 2466 3685 2535 ὐποκρι-

2134 2546 2250 2608 ταὶ,
2294 2546 2377 2599 δτι
2408 2550 2702 2619 περιάγετε
2751 2551 2852 2619 τὴν
2889 2551 3168 2607 Θάλασσαν
3228 2556 3323 2608 καὶ
3375 2557 3473 2626 τὴν
3515 2555 3683 2626 ξηρὰν,

2138 2638 2363 2705 ποιῆσαι
2387 2640 2486 2695 ἕνα
2520 2641 2862 2711 προσήλυτον
2884 2658 2899 2672 ⁸
2945 2645 3040 2697 καὶ
3070 2645 3204 2698 ὅταν
3235 2647 3471 2716 γένηται,
3508 2648 3685 2699 πιιείτε

2137 2729 2301 2782 αὐτὸν
2336 2729 2452 2782 υἱὸν
2510 2728 2736 2801 γεέννης
2778 2732 3095 2802 διπλότερον
3151 2734 3328 2805 ὑμῶν.
3364 2755 3382 2785 ι
3413 2735 3485 2789 ού
3517 2736 3684 2804 μόνον.

2138 2823 2291 2890 φησὶ,
2319 2821 2445 2883 τοὺς
2485 2819 2767 2885 Ἰουδαίους
2801 2823 3177 2895 διαφθείρετε,
3208 2826 3348 2881 ἀλλὰ
3375 2828 3466 2881 καὶ
3486 2831 3601 2890 τοὶς
3635 2829 3685 2892 ἐξ

2139 2908 2541 2980 εἰδωλολατρῶν
2580 2911 2976 2981 προσελθόντας
3009 2917 3076 2983 τῇ
3122 2914 3391 2987 Ἰουδαϊκῇ
3420 2915 3683 2987 θρησκείαο

2138 3000 2361 3062 τούτους
2423 3001 2534 3072 γὰρ
2586 3001 2963 3075 προσηλύτους
3027 3004 3333 3075 ὠνόμαζον.
3383 3009 3686 3073 Σπουδὲζιτε

2144 3091 2245 3161 μὲν
2280 3093 2390 3164 γὰρ
2413 3094 2747 3165 ἐπιστρέψαι
2770 3096 2892 3151 τινὰ
2928 3096 3061 3168 πρὸς
3092 3097 3192 3168 τὴν
3226 3099 3519 3173 Ἰουδαῑκὴν
3560 3100 3689 3168 ἀγω-

2141 3183 2245 3256 γὴν
2295 3187 2390 3239 καὶ
2416 3189 2741 3258 περιτομήνσ
2768 3188 2897 3242 ὅταν
2923 3189 2980 3243 δὲ
3015 3190 3304 3263 Ἰουδαῖσῃ,
3329 3194 3448 3246 τότε
3482 3193 3690 3246 ἀπόλλυ-

2149 3295 2259 3341 ται,
2287 3275 2733 3349 διαφθειρόμενος
2775 3280 2881 3333 ὑπὸ
2914 3281 3013 3351 τῆς
3056 3282 3212 3353 ὑμῶν
3243 3284 3438 3348 κακίας
3460 3300 3474 3315 ο
3511 3284 3612 3347 υἱὸς
3639 3284 3689 3337 δὲ

2144 3369 2400 3439 γεέννης,
2427 3372 2457 3424 6
2492 3370 2645 3437 ἄξιος
2683 3372 2911 3443 ταύτης,
2947 3376 3040 3427 καὶ
3089 3376 3404 3445 οἰκειότητά
3432 3393 3545 3430 τινα
3572 3377 3688 3445 πρὶς

2143 3462 2316 3531 αὐτὴν
2337 3461 2477 3532 ἔχων
2506 3461 2647 3515 ὥστε
2676 3462 2949 3534 καυθῆναι
2977 3465 3069 3518 ὑπ’
3094 3468 3291 3539 αὐτῆς.

2219 3570 2239 3604 ι
2283 3553 2420 3606 Οὐαὶ
2446 3554 2598 3624 ύμῖν,
2620 3554 2807 3625 ὁδηγοὶ
2846 3558 3072 3627 τυφλοὶ,
3105 3560 3156 3612 oi
3194 3559 3480 3629 λέγοντες·
3523 3562 3611 3625 Ὃς
3633 3559 3690 3614 ἂν

2139 3643 2316 3715 ὀμόσῃ
2345 3644 2404 3697 ἐν
2431 3645 2508 3715 τῷ
2540 3646 2675 3716 ναῷ,
2702 3646 2856 3700 οὐδέν
2886 3650 3055 3702 ἐστιν’
3085 3649 3146 3714 ὃς
3171 3648 3218 3703 δ’
3260 3651 3327 3706 ἂν
3354 3652 3523 3724 ὀμόσῃ
3549 3652 3602 3704 ὲν
3625 3648 3692 3721 τῷ

2141 3735 2329 3807 χρυσῷ
2361 3735 2456 3789 τοῦ
2487 3737 2618 3791 ναοῦ
2636 3778 2652 3803 ,
2686 3737 2915 3806 ὀφείλει.
2946 3741 3137 3811 Μωροὶ
3167 3744 3266 3798 καὶ
3293 3745 3500 3815 τυφλοὶ,
3527 3743 3576 3798 τί
3598 3744 3693 3814 γὰρ

2098 3890 2103 3895 _
2143 3830 2330 3898 μεῖζον
2374 3828 2559 3894 ἐστὶν,
2630 3830 2663 3883 6
2705 3832 2934 3901 χρυσὸς,
2977 3834 3012 3904 ἢ
3051 3836 3082 3887 ὀ
3123 3835 3253 3900 ναὸς
3280 3839 3311 3890 δ
3349 3838 3580 3906 ἁγιάζων
3612 3836 3693 3889 τὸν

2139 3920 2373 3991 γρυσόνς
2407 3921 2518 3975 Καὶ
2539 3921 2600 3985 ὃς
2625 3922 2723 3976 ἐὰν
2751 3923 2926 3995 ὀμόσῃ
2958 3926 3017 3978 ὲν
3041 3926 3119 3997 τῷ
3144 3925 3533 4001 θυσιαστηρίῳ,
3558 3927 3692 3982 οὐδέν

2100 4063 2104 4066 ,
2138 4013 2290 4067 ἐστιν
2316 4031 2330 4047 ο
2362 4013 2423 4076 ὃς
2451 4014 2496 4068 δ’
2524 4014 2595 4069 ἃν
2616 4014 2791 4087 ὀμόσῃ
2820 4019 2879 4069 ιν
2908 4017 2986 4088 τῷ
3003 4016 3162 4091 δώρῳ
3206 4020 3288 4093 τῷ
3318 4022 3499 4076 ἐπάνω
3523 4015 3690 4082 αὐτοῦ,

2140 4106 2369 4177 ὀφείλει.
2402 4108 2594 4179 Μωροὶ
2621 4108 2715 4160 καὶ
2741 4109 2956 4178 τυφλοὶ,
2980 4110 3035 4162 τί
3057 4112 3167 4181 γὰρ
3200 4108 3408 4181 μεῖξον,
3432 4110 3491 4165 τὸ
3518 4111 3691 4180 δῶρον,

2140 4199 2176 4269 ἢ
2202 4200 2265 4252 τὸ
2289 4198 2677 4270 θυσιαστήριον
2712 4200 2774 4254 τὸ
2796 4201 3025 4270 ἁγιάζον
3057 4204 3119 4256 τὸ
3140 4204 3349 4274 δῶρον;
3390 4204 3448 4258 ’0
3472 4202 3559 4257 οὖν
3580 4201 3693 4271 δρός

2144 4308 2245 4354 σας
2269 4293 2329 4353 ὲν
2356 4290 2434 4361 τῷ
2460 4291 2846 4364 θυσιαστηρίῳ,
2872 4294 3062 4362 ὀμνύει
3087 4296 3147 4348 ὲν
3175 4296 3329 4368 αότῷ
3369 4297 3458 4350 καὶ
3489 4296 3546 4351 ἐν
3573 4295 3692 4348 πᾶσι

2141 4383 2255 4445 τοῖς
2280 4382 2467 4435 ἐπάνω
2497 4380 2663 4436 αὐτοῦ
2693 4422 2709 4449 ,
2744 4385 2840 4437 καὶ
2865 4385 2897 4438 6
2926 4386 3132 4455 ὀμόσας
3163 4388 3222 4441 ὲν
3244 4389 3326 4458 τῷ
3357 4387 3499 4457 ναῷ,
3524 4384 3691 4457 ὀμνύει

2148 4473 2207 4525 ὲν
2243 4471 2392 4542 αὐτῷ
2419 4474 2517 4526 καὶ
2541 4474 2600 4526 ἐν
2624 4473 2706 4545 τῷ
2736 4475 3080 4531 κατοικοῦντι
3108 4478 3296 4543 αὐτὸν,
3327 4480 3419 4533 καὶ
3442 4480 3471 4532 6
3509 4476 3691 4548 ὀμόσας

460 4578 584 4617 eum
604 4567 690 4631 qui
723 4561 931 4617 habitat
957 4562 1011 4614 in
1034 4562 1173 4631 ipso.
1201 4560 1265 4617 Et
1291 4564 1382 4632 qui
1409 4561 1675 4632 iuraverit
1702 4578 1801 4634 per
1817 4566 2035 4633 emtum,

2143 4565 2205 4618 ὲν
2236 4563 2316 4633 τῷ
2351 4565 2605 4636 οὐρανῷ,
2643 4566 2836 4636 ὀμνύει
2875 4570 2935 4621 ὲν
2970 4569 3048 4639 τῷ
3089 4569 3262 4641 θρόνῳ
3295 4571 3389 4625 τοῦ
3431 4569 3580 4631 Θεοῦ.
3609 4568 3692 4621 καὶ

455 4660 604 4723 iurat
631 4669 729 4724 per
771 4655 1024 4708 tiu-onum
1070 4651 1165 4707 Dei
1206 4662 1260 4707 et
1302 4667 1398 4723 per
1429 4668 1552 4708 eum
1578 4654 1671 4724 qui
1696 4656 1849 4711 sedet
1877 4672 2041 4728 super
2096 4726 2101 4731 Δ

458 4753 630 4805 nium.
654 4767 674 4799 ι
710 4746 896 4802 Caecus
918 4760 1012 4800 eos
1041 4745 1304 4811 nominat,
1328 4732 1456 4818 quia
1486 4744 1739 4802 nolebant
1755 4746 1953 4803 docere
1974 4764 2040 4804 ea

458 4860 580 4910 qua:
615 4839 844 4896 decebat
880 4846 979 4893 :et
1026 4851 1149 4908 qua:
1197 4837 1396 4892 minori
1444 4837 1567 4893 loco
1615 4839 1883 4895 debebant
1912 4842 2041 4906 coli,

458 4931 859 4987 wnerabantur
893 4945 911 4984 :
960 4944 1085 4999 qua:
1132 4927 1405 4999 pracipua
1438 4938 1621 4997 erant,
1659 4928 1712 4983 in
1742 4930 2039 4986 secndum

458 5029 705 5079 ordinem
767 5022 1094 5077 referebant.
1149 5019 1364 5076 Etenim
1396 5035 1590 5074 aurum
1628 5021 1685 5075 in
1725 5022 1947 5092 templo,
1985 5031 2043 5079 et

457 5117 756 5183 Cherubin,
787 5124 844 5169 et
863 5130 1089 5170 aureum
1129 5126 1353 5169 urceum
1389 5111 1748 5183 pmlerebant
1794 5114 2035 5184 templo:

462 5210 583 5260 ideo
610 5218 661 5260 et
697 5206 896 5261 multos
926 5205 1192 5260 docebant
1218 5203 1364 5275 quod
1400 5203 1537 5257 nihil
1559 5203 1631 5259 sit
1653 5219 1751 5274 per
1781 5205 2038 5275 templum

451 5300 664 5368 iurare,
701 5298 797 5352 sed
825 5312 920 5367 per
943 5312 1135 5352 aurum
1157 5295 1215 5351 in
1233 5295 1432 5366 templo
1449 5296 1664 5366 iacens,
1692 5298 1832 5366 quod
1856 5306 2038 5352 tamen

458 5402 745 5458 piopterea
791 5387 1096 5442 venerabile
1132 5395 1273 5454 erat,
1303 5386 1431 5456 quia
1473 5387 1524 5440 in
1561 5386 1762 5456 templo
1791 5389 2039 5443 contine-

456 5485 638 5536 batur.
664 5477 730 5532 Et
756 5479 894 5531 dona
923 5492 1044 5548 qua:
1075 5478 1129 5531 in
1161 5476 1357 5532 altario
1396 5476 1758 5548 ponebantur,
1789 5478 2039 5548 digniora

458 5572 709 5624 dicebant
747 5566 941 5622 altario
994 5567 1114 5637 ipso
1148 5584 1166 5621 :
1214 5575 1378 5637 atque
1436 5568 1572 5625 adeo
1636 5568 1898 5625 Pharisa-i
1957 5570 2040 5626 sic

394 5732 407 5740 .
457 5660 743 5725 docebant,
778 5669 836 5713 ut
879 5659 925 5714 si
959 5658 1082 5729 quis
1108 5657 1347 5728 iurasset
1384 5674 1484 5729 per
1534 5674 1762 5715 aureum
1801 5676 1916 5721 vas.
1952 5664 2038 5718 vel

454 5756 646 5806 turea:
677 5755 760 5806 rei
788 5763 945 5805 ovem
980 5748 1221 5804 oblatam
1256 5750 1311 5806 in
1363 5750 1718 5815 sacriﬁcium,
1753 5764 1811 5807 et
1841 5753 2039 5809 deinde

457 5842 774 5912 ga‘icrassct,
803 5837 1001 5893 similia
1035 5836 1392 5910 persolveret.
1427 5838 1638 5896 Donum
1670 5840 1816 5894 enim
1844 5841 2039 5897 altario

2143 4657 2204 4710 ἐν
2237 4655 2317 4728 τῷ
2360 4656 2660 4728 καθημένῳ
2706 4659 2893 4713 ἐπάνω
2926 4661 3116 4716 αὐτοῦ.
3166 4681 3188 4715 ι
3239 4664 3484 4733 Τυφλοῦς
3517 4660 3692 4722 αὐτοὺς

2141 4748 2421 4818 ὀνομάζει,
2458 4750 2536 4815 ὡς
2578 4751 2654 4824 μὴ
2694 4751 2951 4818 θέλοντας
2982 4755 3053 4809 τὰ
3096 4758 3379 4827 πρέποντα
3410 4756 3690 4812 διδάσκειν.

2144 4840 2240 4894 καὶ
2281 4840 2352 4895 τὰ
2400 4841 2503 4911 μὲν
2548 4843 2935 4917 ἐλαχιστότερα
2975 4848 3292 4918 τιμῶντας,
3339 4851 3408 4903 τὰ
3445 4848 3504 4902 δὲ
3546 4845 3693 4916 τιμῆς

2141 4928 2292 4995 ἄξια.
2324 4931 2581 5004 δευτέρου
2639 4933 2800 5003 λόγου
2830 4936 3137 5003 ἀξιοῦντας.
3170 4939 3283 4994 Καὶ
3309 4942 3418 5009 γὰρ
3457 4939 3543 4993 τὸν
3579 4952 3695 5008 χρυ-

2142 5019 2238 5073 σδν
2266 5021 2359 5075 τὸν
2391 5022 2452 5076 ἑν
2483 5023 2563 5095 τῷ
2593 5025 2727 5095 ναῷ,
2754 5027 2852 5081 καὶ
2892 5027 2964 5080 τὰ
3007 5029 3292 5101 Χερουϐὶμ
3324 5032 3417 5085 καὶ
3457 5030 3551 5099 τὴν
3578 5026 3669 5085 uti

2144 5127 2280 5180 μνον
2320 5113 2422 5184 τὴν
2478 5117 2684 5187 χρυσῆν
2743 5119 3055 5190 προετίμων
3088 5121 3256 5176 αὐτοῦ
3296 5121 3447 5179 ναοῦ.
3483 5121 3571 5174 Διὸ
3608 5133 3692 5171 κα.

2139 5202 2269 5266 τοὺς
2311 5204 2541 5269 πολλοὺς
2584 5207 2864 5262 ἐδίδασκον
2889 5210 2971 5262 δτι
3002 5210 3158 5265 οὐδέν
3184 5215 3301 5267 ἐστι
3344 5213 3406 5266 τὸ
3441 5210 3578 5266 κατὰ
3604 5203 3689 5260 τοῦ

2141 5293 2272 5348 ναοῦ
2310 5296 2557 5366 ὀμνύειν,
2602 5297 2742 5353 ἀλλὰ
2772 5300 2836 5354 τδ
2876 5302 2959 5361 είς
2996 5301 3089 5354 τὸν
3132 5304 3335 5373 χρυσὸν
3366 5303 3454 5357 τὸν
3489 5300 3563 5371 τῷ
3590 5294 3690 5365 uti

2141 5387 2548 5460 περικείμενον,
2580 5389 2637 5455 ὀς
2660 5389 2750 5444 διὰ
2778 5390 2939 5445 τοῦτο
2959 5393 3182 5457 πάντως
3206 5394 3480 5463 αἰδέσιμος
3510 5386 3593 5461 ἦν,
3616 5386 3673 5439 δ’

2137 5478 2220 5551 τῷ
2247 5479 2362 5552 ναῷ
2388 5480 2719 5553 περιέκειτο.
2764 5483 2876 5538 Καὶ
2902 5484 2974 5537 τὰ
3006 5483 3155 5555 δῶρα
3184 5484 3243 5540 δὲ
3273 5485 3344 5540 τὰ
3375 5485 3465 5540 ἐπὶ
3488 5479 3577 5538 τοῦ
3602 5477 3662 5531 ου

2140 5572 2459 5643 σιαστηρίου
2495 5573 2776 5644 τιθέμενα,
2813 5574 3115 5647 τιμιώτερα
3160 5576 3346 5645 ελεγον
3375 5569 3507 5629 εἶναι
3542 5563 3690 5625 αὐτοῦ

2140 5662 2237 5716 τοῦ
2292 5662 2680 5736 θυσιαστηρίου
2702 5683 2717 5698 ο
2759 5667 2901 5721 ὥστε
2936 5669 3029 5722 καὶ
3066 5666 3240 5731 οὕτως
3270 5659 3608 5735 ἑδογμάαξον
3645 5656 3690 5755 οξ

2141 5755 2459 5823 Φαρισαῖοι,
2516 5756 2601 5809 ὅτι
2654 5757 2749 5811 ἐὰν
2788 5774 2877 5821 τις
2938 5757 3123 5827 ὤμοσε
3170 5761 3314 5813 κατὰ
3366 5754 3455 5809 τοῦ
3502 5754 3686 5822 χρυσοῦ

2151 5844 2383 5909 σκεύους
2404 5887 2420 5913 ,
2457 5848 2491 5917 ἦ
2522 5846 2643 5916 βὼς
2676 5849 2709 5919 ἦ
2739 5849 3015 5918 προϐάτου
3046 5852 3125 5915 εἰς
3163 5852 3353 5905 θυσίαν
3383 5839 3685 5920 προσαχθέν-
