3968 6460
293 346 411 412 401

905 351 1356 417 ENARRATIO
1394 356 1478 418 IN
1516 358 2020 423 EVANGELIUM
2058 360 2447 426 MATTHIEL
2493 386 2560 399 -
2584 363 2745 426 CAP.
2777 365 3006 430 XXIII.

3463 366 3571 436 402

294 485 390 531 τος
412 507 429 531 ,
460 463 577 522 εἷτα
598 466 913 542 έπιώρκησε
933 514 949 539 ,
975 474 1366 541 κατεδικάζετο
1389 476 1459 532 τά
1488 476 1579 531 ῐσα
1601 479 1879 534 ἀποτίσαι.

1992 478 2349 548 praeferebant
2390 489 2610 549 propter
2657 480 2958 537 hostiarum
2989 483 3159 542 lucra.
3187 484 3341 552 Quod
3370 486 3416 542 si
3447 487 3569 556 quis

295 560 375 613 Τὸ
417 560 533 632 γάρ
559 561 731 634 δῶρον
769 564 865 619 τοῦ
910 564 1297 638 θυσιαστηρίου
1356 569 1669 639 προετίμων
1694 570 1784 624 διά
1817 570 1886 624 τά

289 653 362 706 ἐκ
395 654 514 710 τῶν
552 655 754 711 θυσιῶν
802 656 990 730 κέρδη.
1033 660 1095 714 Et
1123 659 1184 713 δὲ
1225 660 1368 715 κατὰ
1397 659 1492 716 τοῦ
1519 660 1650 716 ναοῦ
1678 660 1887 732 ὀμόσας

290 741 650 815 ἐπιώρκησεν
669 784 686 810 ,
731 748 855 799 ἐπεὶ
880 748 983 801 οὐκ
1007 746 1240 819 ἠδύνατο
1270 750 1458 821 ὅμοιον
1498 751 1575 822 τῷ
1603 751 1716 821 ναῷ
1766 750 1886 805 κτί-

293 851 410 898 σαι,
444 835 536 890 διά
566 835 724 891 τοῦτο
754 839 1021 894 ἀπελύετο
1046 858 1061 872 ·
1103 841 1200 896 καὶ
1228 842 1404 897 ἐδόκει
1436 842 1621 898 λοιπὸν
1651 842 1884 915 ἐλαφρό-

290 943 463 997 τερος
491 924 629 982 εἶναι
655 931 685 983 ὀ
703 932 865 1002 ὅρκος
894 933 923 984 ὀ
951 935 1032 997 είς
1062 933 1153 988 τὸν
1176 935 1325 1002 ναὸν,
1356 935 1446 990 διά
1479 935 1542 989 τὸ
1570 934 1885 1006 φιλοκερδὲς

291 1018 407 1070 τῶν
435 1020 752 1090 Φαρισαίων
774 1038 791 1054 °
833 1023 930 1077 ἐπὶ
965 1023 1064 1094 μὲν
1091 1025 1185 1080 οὖν
1211 1026 1314 1097 τῆς
1346 1026 1606 1092 παλαιᾶς,
1642 1027 1719 1083 οὐ,
1756 1042 1885 1095 συγ-

291 1112 475 1180 χωρεῖ
498 1114 528 1165 ὀ
566 1113 802 1183 Χριστὸς
843 1117 1028 1186 μεῖζον
1071 1114 1212 1173 εῖναι
1241 1119 1302 1172 τὸ
1337 1119 1511 1191 δῶρον
1563 1118 1657 1173 τοῦ
1694 1119 1885 1172 θυσια-

292 1202 553 1271 στηρίου,
612 1205 699 1276 ἐφ’
755 1207 913 1278 ἡμῶν
980 1209 1038 1263 δὲ
1084 1210 1148 1264 τὸ
1196 1210 1584 1284 θυσιαστήριον
1626 1211 1731 1265 ὑπὸ
1777 1210 1901 1264 τῶν

286 1291 492 1363 δώρων
534 1296 820 1365 ἁγιάζεται
865 1300 1100 1370 μᾶλλον·
1150 1303 1233 1367 εἰς
1289 1303 1400 1375 γάρ
1456 1302 1517 1358 τὸ
1546 1302 1893 1357 Δεσποτικδν

1991 585 2087 641 per
2109 570 2367 641 templum
2392 572 2581 637 jurans
2621 571 2942 641 peierasset,
2976 590 3085 630 non
3108 575 3370 646 potuissrt
3393 576 3573 632 simile
3678 596 3679 599 η

1990 659 2192 731 templo
2223 659 2515 727 aediﬁcare,
2545 671 2601 717 et
2643 670 2926 732 propterea
2968 665 3369 735 absolvebatur,
3414 666 3570 722 vide-

1987 754 2256 824 baturque
2310 764 2493 824 postea
2530 755 2699 812 levius
2746 757 3251 826 essejuramentum
3309 774 3404 828 per
3438 770 3573 815 tem-

1988 845 2158 917 plum,
2191 856 2415 917 propter
2457 846 2853 903 Pharisaorum
2922 849 3224 905 avaritiam.
3277 851 3463 921 Itaque
3517 852 3572 906 in

1988 935 2159 991 veteri
2212 951 2321 992 non
2378 938 2645 1008 permittit
2693 937 2943 993 Christus
2976 938 3175 994 donum
3234 942 3414 1012 majus
3449 958 3573 999 esse

1987 1025 2199 1083 altario.
2232 1027 2387 1098 Apud
2417 1045 2517 1087 nos
2541 1042 2722 1085 autem
2746 1030 3000 1088 altarium
3035 1048 3066 1087 a
3096 1032 3255 1088 donis
3288 1034 3458 1103 magis
3485 1049 3576 1088 sae

1988 1127 2173 1174 cratur
2211 1137 2226 1174 :
2283 1136 2453 1191 panes
2493 1123 2637 1179 enim
2678 1123 2733 1178 in
2782 1124 3110 1180 dominicum
3151 1139 3348 1194 corpus
3393 1126 3574 1181 divina

1990 1210 2160 1293 gratia
2205 1223 2597 1270 convertuntur
2639 1233 2654 1269 :
2692 1215 2811 1271 ideo
2850 1224 2908 1272 et
2957 1216 3329 1272 sanetiﬁcatur
3358 1214 3426 1271 ab
3491 1215 3575 1272 eis

1987 1301 2182 1360 altare.

293 1391 466 1460 σῶμα
555 1396 690 1449 αὐτὸ
742 1397 918 1452 ἐκεῖνο
977 1400 1406 1471 μεταϐάλλονται
1459 1401 1580 1472 θείᾳ.
1626 1399 1812 1472 χάριτι
1867 1396 1920 1451 οἱ
1956 1397 2150 1470 ἀρτοιο
2205 1404 2287 1457 διὸ
2373 1407 2467 1459 καὶ
2526 1407 2812 1477 ἁγιάζεται
2863 1410 2969 1462 ὑπὸ
3014 1406 3220 1462 τούτων
3270 1406 3330 1461 τδ
3383 1405 3574 1461 θυσια-

289 1484 393 1554 στή
404 1501 547 1555 ριον.

369 1596 390 1628 ι
438 1579 584 1632 Οὐαὶ
617 1580 765 1651 ὑμῖν,
809 1584 1163 1655 Γραμματεῖς
1206 1586 1300 1639 καὶ
1331 1586 1617 1658 Φαρισαῖοι
1656 1586 1890 1655 ὐποκρι-

288 1670 382 1722 ταὶ
408 1708 427 1731 ,
475 1670 563 1723 ὅτι
606 1672 1006 1728 ἀποδεκατοῦτε
1049 1677 1111 1730 τὸ
1147 1676 1416 1748 ἡδύοσμον
1447 1679 1542 1731 καὶ
1576 1676 1639 1729 τὸ
1688 1676 1889 1745 ἄνηθον

2063 1579 2230 1638 Vsus.
2262 1583 2354 1647 25,
2394 1583 2482 1640 24.
2524 1603 2544 1637 ι
2604 1585 2696 1641 Vae
2741 1588 2913 1653 vobis,
2968 1587 3174 1642 Scriba:
3207 1597 3262 1642 et
3310 1571 3572 1644 Pharisai

1993 1672 2307 1743 hypocriten,
2331 1675 2457 1745 quia
2482 1676 2768 1734 decimatis
2805 1681 3102 1743 mentham,
3132 1691 3188 1734 ct
3207 1680 3487 1745 anethum,
3519 1692 3579 1736 et

291 1759 391 1814 καὶ
428 1761 494 1815 τὸ
540 1764 766 1834 κύμινον
787 1802 803 1827 ,
835 1766 930 1818 καὶ⁵
962 1768 1210 1838 ἀφήκατε
1254 1767 1323 1822 τά
1356 1767 1637 1840 βαρύτερα
1671 1769 1767 1823 τοῦ
1802 1770 1887 1824 νό-

1992 1766 2286 1836 cyminum,
2321 1777 2378 1822 et
2422 1766 2718 1838 reliquistis
2763 1784 2884 1839 quae
2921 1768 3172 1839 graviora
3212 1781 3340 1828 sunt
3411 1772 3569 1844 legis,

292 1870 426 1922 μου,
454 1855 565 1924 τὴν
586 1855 767 1927 κρίσιν
796 1858 1003 1912 καὶτὸν
1030 1859 1183 1914 ἔλεον
1213 1860 1308 1914 καὶ
1328 1859 1429 1932 τὴν
1461 1861 1662 1916 πίστιν.
1699 1861 1887 1916 Ταῦτα

287 1946 398 2000 ἔδει
432 1948 701 2017 ποιῆσαι,
752 1951 981 2005 κάκεῖνα
1019 1951 1095 2023 μὴ
1136 1952 1358 2023 ἀφιέναι
1382 1967 1396 1983 ⁶
1439 1953 1627 2025 ὁδηγοὶ
1658 1953 1883 2024 τυφλοὶ,

288 2040 339 2091 οί
378 2039 722 2115 διυλίζοντες
761 2041 852 2096 τὸν
890 2043 1129 2098 κώνωπα
1156 2085 1171 2110 ,
1202 2044 1300 2115 τὴν
1330 2045 1387 2101 δὲ
1431 2047 1676 2119 κάμηλον
1711 2063 1887 2101 καταο

293 2133 579 2195 πίνοντες.
635 2152 655 2186 ι
712 2134 882 2189 Πάλιν
925 2136 1175 2201 ὀνειδίζει
1224 2137 1422 2201 αὐτοὺς
1463 2137 1538 2202 ὡς
1586 2139 1884 2210 ἀνοήτους,

289 2221 425 2275 διότι
453 2224 570 2277 τῶν
598 2224 861 2294 μειζόνων
893 2227 1125 2281 ἐντολῶν
1158 2226 1646 2298 καταφρονοῦντες,
1679 2229 1738 2282 ὲν
1774 2229 1887 2291 τοῖς

294 2318 528 2384 μικροῖς
565 2316 794 2388 ἐζήτουν
824 2319 924 2388 τὴν
952 2318 1240 2391 ἀκρίϐειαν
1259 2335 1273 2351 ’
1315 2320 1438 2374 οὐδὲ
1465 2321 1562 2391 τὴν
1593 2320 1687 2374 τοῦ
1717 2320 1887 2390 κυμί-

293 2424 384 2460 νου
434 2407 745 2464 δεκάτωσιν
779 2412 1130 2485 παρορῶντες
1150 2452 1166 2480 ,
1197 2412 1335 2469 ἀλλά
1365 2414 1586 2468 κάκεῖνο
1619 2413 1888 2468 ἀποδεκα-

290 2499 523 2565 τυῦντες
547 2518 563 2532 ο
601 2504 695 2559 καὶ
738 2505 793 2558 εί
818 2521 901 2567 τις
940 2504 1141 2569 αὐτοὺς
1168 2505 1561 2578 κατεμέμψατο
1585 2507 1661 2571 ὡς
1696 2525 1887 2580 μικρο-

294 2591 517 2660 λόγους,
546 2594 851 2664 προέφερον
879 2596 962 2650 ὅτι
995 2598 1025 2650 ὁ
1052 2594 1216 2667 νόμος
1245 2596 1403 2651 τοῦτο
1424 2597 1591 2666 λέγει.
1625 2599 1887 2669 Κρεῖττον

290 2685 346 2736 δὲ
379 2679 452 2756 ἦν
491 2687 588 2739 καὶ
612 2686 1056 2759 θεαρεστότερον,
1086 2690 1133 2741 εἰ
1166 2688 1265 2759 τὴν
1289 2687 1473 2758 κρίσιν
1498 2688 1592 2743 καὶ
1614 2690 1705 2742 τὸν
1737 2690 1887 2745 ἔλεον

295 2778 387 2830 καὶ
420 2776 530 2846 τὴν
556 2777 744 2830 πίστιν
773 2779 1013 2850 ἀπῄτουν
1041 2780 1194 2850 παρά
1216 2779 1311 2834 τοῦ
1343 2779 1495 2836 λαοῦ.
1529 2781 1625 2844 Τίς
1657 2781 1715 2835 δέ
1738 2785 1886 2837 ἐστιν

297 2869 330 2935 ἡ
360 2867 593 2938 κρίσις;
633 2867 708 2923 Τὸ
738 2869 906 2941 μηδὲν
928 2871 1114 2925 ἄδικον
1154 2872 1248 2925 καὶ
1276 2871 1472 2941 ἄλογον
1500 2874 1705 2936 ποιεῖν,
1751 2874 1889 2927 ἀλλὰ

296 2960 486 3014 πάντα
518 2963 861 3032 κεκριμένως
901 2964 997 3016 καὶ
1043 2963 1183 3033 μετά
1214 2964 1398 3033 λόγου.
1444 2965 1654 3021 Αὐτίκα
1680 2965 1789 3038 γάρ
1819 2969 1884 3038 τῇ

297 3053 485 3124 κρίσει
508 3055 701 3109 ἕπεται
730 3058 825 3108 καὶ
848 3058 877 3108 ὁ
905 3056 1075 3121 ἔλεος.
1109 3059 1168 3111 '0
1201 3058 1311 3128 γάρ
1341 3059 1683 3129 κεκριμένως
1720 3062 1887 3116 ποιῶν

1983 1854 2251 1923 judicium
2278 1873 2343 1913 ac
2370 1860 2797 1916 misericordiam
2827 1870 2884 1917 et
2919 1861 3100 1918 ﬁdem.
3138 1862 3264 1919 Haec
3288 1863 3573 1933 oportebat

1989 1946 2191 2012 facere,
2221 1957 2276 2004 et
2304 1948 2391 2004 illa
2427 1965 2535 2005 non
2562 1950 2834 2009 omittere.
2883 1951 3055 2009 Duces
3086 1953 3236 2019 caeci,
3263 1953 3577 2013 excolantes

1987 2036 2235 2107 calicem,
2287 2042 2553 2097 camelum
2607 2050 2787 2097 autem
2831 2043 3144 2112 glutientes.
3182 2063 3201 2097 ι
3240 2044 3439 2103 lterum
3470 2045 3577 2102 ob-

1986 2129 2172 2202 jurgat
2242 2146 2339 2188 eos
2391 2141 2450 2187 ut
2499 2133 2837 2204 insipientes,
2867 2151 2932 2191 eo
2971 2136 3116 2205 quod
3161 2120 3572 2206 contemnentes

1991 2226 2248 2280 mandata
2283 2226 2514 2297 majora,
2545 2227 2600 2282 in
2629 2227 2812 2298 parvis
2848 2226 3136 2308 diligentes
3172 2240 3347 2299 erant,
3394 2239 3450 2287 et
3476 2246 3573 2303 cy-

1988 2316 2120 2370 mini
2163 2317 2574 2374 decimationem
2607 2334 2712 2376 non
2745 2320 3108 2392 negligebant,
3155 2322 3252 2378 sed
3281 2322 3410 2378 illud
3442 2337 3577 2393 quo-

1988 2419 2092 2474 que
2118 2405 2478 2463 decimabant.
2505 2407 2572 2464 Et
2598 2408 2644 2465 si
2667 2409 2789 2480 quis
2810 2411 3248 2481 reprehendisset
3272 2422 3331 2468 ut
3354 2427 3572 2483 parcos,

1990 2498 2357 2564 praetexebant
2381 2499 2552 2570 legem
2583 2501 2687 2557 hoc
2711 2502 2928 2557 docere.
2947 2502 3142 2558 Melius
3173 2510 3352 2559 autem
3381 2503 3573 2560 inisset

1968 2601 2054 2642 ac
2091 2588 2250 2660 126
2280 2586 2389 2643 Deo
2413 2590 2642 2660 gratius,
2678 2591 2725 2646 si
2754 2591 3020 2662 judicium
3049 2600 3104 2647 et
3136 2592 3567 2649 misericordiam

1987 2689 2043 2734 et
2075 2680 2230 2735 ﬁdem
2259 2681 2594 2750 expetissent
2625 2697 2657 2736 a
2687 2680 2903 2752 populo.
2936 2682 3076 2750 Quid
3109 2693 3292 2740 autem
3323 2692 3405 2740 est
3425 2684 3575 2752 judi-

1990 2771 2175 2825 cium?
2202 2769 2347 2826 Nihil
2367 2772 2626 2840 injustum
2653 2783 2708 2828 et
2724 2773 3020 2828 absurdum
3043 2773 3246 2841 facere,
3274 2775 3370 2832 sed
3388 2777 3573 2833 omnia

1989 2879 2110 2918 cum
2141 2861 2346 2931 judicio
2375 2873 2427 2916 et
2451 2864 2681 2920 ratione.
2706 2864 2901 2921 Statim
2932 2865 3076 2921 enim
3094 2865 3358 2938 judicium
3383 2870 3569 2939 sequi-

1992 2966 2078 3009 tur
2110 2966 2164 3010 et
2195 2955 2587 3020 misericordia.
2621 2956 2724 3025 Qui
2758 2960 2902 3013 enim
2936 2957 3173 3015 discreto
3208 2959 3342 3015 facit
3363 2962 3568 3029 omnia,

1990 3049 2091 3103 scit
2117 3059 2170 3103 et
2194 3050 2552 3119 quosalebeat
2591 3050 2875 3108 misereri:
2917 3050 3349 3109 misericordiam
3389 3058 3569 3111 autem

296 3144 487 3196 πάντα
509 3183 524 3207 ,
566 3139 675 3198 οἶδε
702 3146 795 3198 καὶ
829 3146 982 3208 τίνας
1019 3142 1102 3200 δεῖ
1136 3127 1310 3202 ἐλεεῖν
1330 3165 1345 3179 ’
1377 3127 1457 3219 τῷ
1593 3149 1728 3221 ἐλέῳ
1754 3152 1885 3205 ’ἐπε-

1992 3140 2235 3209 sequitur
2280 3141 2432 3196 ﬁdes.
2467 3141 2571 3207 Qui
2600 3142 2743 3199 enim
2794 3144 3102 3211 miseretur,
3143 3145 3318 3220 credit
3342 3148 3568 3204 omnino

295 3252 385 3289 ται
430 3239 470 3306 ἡ
510 3237 717 3300 πίστις.
786 3238 844 3291 '0
895 3238 1007 3308 γάρ
1049 3238 1217 3293 ἐλεῶν
1253 3240 1502 3294 πιστεύει
1538 3240 1755 3305 πάντως
1805 3243 1888 3296 ὅτι

298 3329 455 3383 οὐδὲν
485 3329 778 3396 ἀπολέσει,
813 3330 947 3384 ἀλλὰ
988 3331 1168 3387 πάντα
1200 3331 1428 3402 λήψεται
1451 3349 1464 3362 ·
1492 3333 1667 3397 ἄλλως
1696 3352 1775 3398 τε,
1806 3336 1889 3389 δεῖ

295 3422 515 3488 ἐλεεῖν,
566 3422 706 3478 ἀλλά
757 3425 849 3476 καὶ
902 3422 1180 3478 πιστεύειν
1229 3425 1351 3495 Θεῷ
1392 3425 1656 3497 ἀληθινῷ.
1696 3428 1887 3481 Πολλοὶ

298 3513 407 3585 γὰρ
436 3514 553 3570 τῶν
602 3514 870 3587 Ἑλλήνων
904 3516 1055 3572 ἔλεον
1082 3517 1187 3586 μὲν.
1207 3511 1376 3589 εἶχον,
1433 3517 1511 3590 μὴ
1540 3520 1887 3586 πιστεύοντες

297 3607 353 3662 δὲ
383 3610 475 3671 εἰς
503 3608 597 3662 τὸν
625 3606 802 3673 ζῶντα
832 3609 987 3672 Θεὸν,
1034 3611 1135 3663 οὐκ
1166 3607 1313 3681 εἶχον
1341 3610 1420 3682 τῷ
1443 3611 1578 3681 ἐλέῳ
1615 3612 1888 3683 ἑπομένην

298 3701 400 3769 τὴν
449 3700 656 3755 πίστιν.
694 3702 785 3754 Δεῖ
816 3700 908 3754 οὖν
947 3702 1177 3755 ἕκαστον
1205 3701 1315 3755 τῶν
1362 3701 1702 3755 διδασκάλων
1748 3704 1888 3757 ἀπο-

300 3792 571 3847 δεκατοῦν
598 3792 707 3847 ἀπὸ
740 3793 831 3847 τοῦ
868 3793 1001 3847 λαοῦ
1044 3792 1210 3847 αὐτοῦ
1230 3833 1245 3859 ,
1288 3794 1568 3849 τουτέστιν
1588 3836 1603 3859 ,
1636 3795 1889 3850 ἀπαιτεῖν

302 3884 418 3939 ἀπὸ
444 3884 555 3938 τῶν
588 3883 720 3938 δέκα
747 3885 1073 3955 αἰσθήσεων,
1102 3885 1211 3938 τῶν
1237 3885 1396 3940 πέντε
1431 3887 1762 3955 σωματικῶν
1793 3887 1889 3942 καὶ

302 3979 420 4033 τῶν
461 3979 623 4032 πέντε
668 3977 952 4048 ψυχικῶν,
991 3977 1091 4049 τὴν
1121 3980 1304 4049 κρίσιν
1333 3980 1430 4032 xui.
1474 3979 1567 4032 τὸν
1612 3979 1760 4033 ἔλεον
1795 3981 1889 4034 καὶ

299 4071 405 4135 ’τὴν
434 4070 636 4124 πίστινο
660 4069 720 4123 τὸ
739 4070 817 4135 δὲ,
842 4069 1025 4123 Ταῦτα
1045 4069 1150 4123 ἔδει
1172 4071 1417 4140 ποιῆσαι,
1440 4064 1594 4124 εἶπεν
1615 4069 1642 4121 ὀ
1663 4071 1886 4140 Κύριος,

303 4165 362 4218 ού
403 4162 849 4234 προτρεπόμενος
887 4163 983 4217 ἐπὶ
1026 4163 1089 4216 τὸ
1127 4162 1498 4217 άποδεκατοῦν
1539 4166 1606 4217 τά
1637 4163 1884 4232 λάχανα,

304 4256 427 4310 ἀλλ’
466 4256 555 4309 ἵνα
608 4255 683 4326 μὴ
706 4254 855 4327 δόξῃ
911 4254 1347 4325 ἀντινομοθετεῖν
1387 4254 1526 4318 τέως
1555 4256 1637 4328 τῷ
1677 4257 1887 4314 Μωσεῖ.

316 4348 584 4421 Ὀδηγοὺς
606 4349 663 4402 δὲ
690 4348 923 4417 τυφλοὺς
952 4348 1146 4419 αὐτοῦς
1179 4347 1434 4419 ὀνομάζει
1456 4389 1470 4408 .
1493 4349 1628 4402 διότι
1656 4348 1887 4419 αὐχοῦν-

1948 3294 1954 3302 ,
1992 3234 2135 3301 quod
2167 3233 2299 3287 nihil
2331 3235 2543 3303 perdat,
2574 3234 2670 3290 sed
2715 3235 2901 3290 omnia
2939 3236 3196 3307 accipiat.
3254 3238 3346 3292 Vel
3381 3238 3569 3304 aliter.

1990 3333 2204 3395 oportet
2243 3325 2512 3390 misereri,
2545 3334 2600 3381 et
2648 3328 2872 3382 credere
2902 3327 3012 3384 Deo
3044 3344 3192 3386 vero.
3229 3328 3381 3386 Multi
3423 3332 3569 3387 enim

1990 3432 2320 3487 paganorum
2367 3418 2751 3473 misericordes
2779 3419 2998 3488 quidem
3032 3419 3273 3488 fuerunt.
3306 3437 3413 3479 non
3449 3440 3571 3481 cre-

1991 3511 2181 3564 dentes
2211 3519 2388 3567 autem
2418 3510 2472 3567 in
2517 3511 2685 3566 Deum
2717 3512 2921 3578 vivum,
2948 3529 3055 3568 non
3076 3515 3385 3572 habuerunt
3408 3518 3573 3575 mise-

1992 3605 2237 3660 ricordia:
2259 3607 2511 3662 comitem
2539 3605 2721 3662 ﬁdem.
2743 3605 2969 3676 Oportet
2993 3616 3180 3664 autem
3207 3624 3571 3682 unumquem-

1989 3714 2094 3770 que
2111 3701 2393 3754 iloctorum
2420 3699 2691 3755 decimare
2707 3713 2736 3753 a
2755 3699 2954 3770 popqu
2977 3715 3096 3766 suo.
3130 3701 3234 3757 hoc
3253 3711 3359 3769 est,
3386 3710 3574 3774 petere

1990 3780 2020 3847 a
2052 3794 2235 3848 decem
2266 3792 2538 3856 sensibus,
2569 3792 2674 3848 hoc
2704 3800 2810 3857 est,
2842 3806 2872 3847 a
2897 3791 3143 3864 quinque
3171 3795 3569 3864 corporalibus,

1990 3892 2045 3938 et
2074 3885 2312 3954 quinque
2340 3884 2685 3947 animalibus,
2711 3883 3003 3955 judicium,
3057 3885 3486 3946 misericordiam
3516 3899 3573 3945 et

1993 3974 2172 4030 ﬁdem.
2202 3972 2325 4029 Haec
2362 3974 2578 4044 quidem
2600 3974 2888 4045 oportebat
2912 3974 3116 4042 facere,
3138 3975 3271 4031 dicit
3300 3975 3571 4042 Christus,

1991 4080 2098 4121 non
2118 4065 2412 4122 adhortans
2433 4066 2499 4120 ad
2519 4064 2898 4121 decimandum
2923 4065 3141 4134 herbas,
3157 4067 3252 4121 sed
3278 4081 3348 4122 ne
3365 4067 3572 4124 videre-

1994 4165 2079 4208 tur
2098 4165 2223 4209 tuuc
2244 4155 2548 4211 contrarius
2564 4153 2752 4226 Moysi.
2773 4154 2950 4211 Duces
2972 4166 3153 4211 autem
3172 4171 3345 4213 caseos
3363 4173 3460 4214 eos
3479 4174 3573 4214 no-

1993 4247 2183 4311 minat,
2209 4259 2274 4301 eo
2290 4247 2431 4317 quod
2449 4245 2821 4316 gloriabantur
2835 4263 2894 4304 se
2917 4249 3097 4304 omnia
3118 4251 3259 4306 scire
3277 4251 3569 4319 etdocere,

1992 4341 2235 4410 nullique
2263 4339 2580 4409 proderant,
2616 4340 2710 4395 sed
2736 4354 2926 4397 omnes
2948 4341 3124 4411 potius
3148 4343 3570 4413 corrumpebant

305 4460 400 4505 τες
438 4442 709 4497 διδάσκειν
745 4443 838 4496 καὶ
889 4442 1067 4496 πάντα
1104 4441 1331 4506 εἰδέναι,
1373 4440 1567 4495 οὐδένα
1605 4442 1882 4511 ὠφέλουν,

1996 4432 2048 4485 in
2104 4430 2420 4486 barathrum
2496 4428 2835 4485 inﬁdelitatis
2894 4428 3260 4500 projicientes.
3329 4431 3568 4487 Culicem

306 4536 447 4590 ἀλλά
506 4535 601 4589 καὶ
655 4534 854 4605 μᾶλλον
908 4534 1116 4596 πάντας
1170 4533 1511 4602 διέφθειρον,
1563 4535 1642 4597 είς
1693 4533 1887 4606 βόθρον

1995 4534 2174 4577 autem
2196 4523 2510 4579 excolautes
2531 4537 2624 4577 eos
2652 4523 2917 4587 nominat,
2946 4531 3005 4577 ut
3024 4537 3185 4592 parva
3221 4532 3437 4591 peccata
3471 4524 3570 4578 oh-

311 4628 595 4698 ρἰτοντες
617 4625 898 4690 ἀπιστίας.
924 4626 1028 4680 Τὸν
1055 4627 1293 4680 κώνωπα
1321 4625 1378 4678 δὲ
1404 4625 1740 4689 διυλίζοντας
1763 4627 1887 4681 τού-

305 4736 436 4782 τους
472 4717 760 4789 ὀνομάζει,
794 4718 868 4782 ὡς
915 4718 983 4772 τά
1026 4716 1124 4786 μὲν
1157 4718 1328 4788 μικρά
1366 4718 1742 4789 ἁμαρτήματα
1779 4737 1885 4775 πα-

311 4809 840 4880 ραφυλαττομένους,
872 4808 975 4880 τὴν
998 4809 1054 4862 δὲ
1082 4809 1348 4880 κάμηλον,
1382 4808 1501 4880 ἦτοι
1534 4811 1602 4866 τά
1649 4812 1883 4883 μεγάλα,

309 4904 715 4965 καταπῖνοντας
748 4901 845 4957 καὶ
881 4902 1261 4972 παρορῶντας.

386 5021 404 5054 ι
443 4999 579 5055 Οὐαὶ
603 5000 752 5071 ὑμῖν,
778 4999 1132 5070 Γραμματεῖς
1153 4999 1247 5052 καὶ
1266 5000 1550 5068 Φαρισαῖοι
1575 5000 1886 5073 ύποκριταὶ,

308 5093 388 5147 ὅτι
422 5092 748 5162 καθαρίζετε
769 5091 830 5146 τὸ
844 5090 1043 5157 ἔξωθεν
1068 5090 1163 5145 τοῦ
1197 5092 1460 5162 ποτηρίου
1486 5092 1578 5146 καὶ
1606 5092 1707 5163 τῆς
1738 5111 1889 5165 παρ.

311 5182 526 5252 οψὶδος,
561 5183 765 5236 ἔσωθεν
805 5182 873 5253 δὲ,
910 5182 1175 5252 γέμουσιν
1219 5182 1278 5250 ἐξ
1334 5182 1589 5254 ἁρπαγῆς
1640 5183 1733 5237 καὶ
1771 5183 1888 5238 ἀδι-

312 5276 457 5339 κίας.
496 5275 757 5345 Φαρισαῖε
804 5273 1004 5344 τυφλὲ,
1041 5274 1340 5345 καθάρισον
1391 5275 1607 5346 πρῶτον
1633 5275 1695 5330 τὸ
1735 5276 1890 5341 ἐντὸς

311 5368 400 5422 τοῦ
433 5354 695 5439 ποτηρίου
726 5368 820 5421 καὶ
848 5369 946 5439 τῆς
985 5367 1298 5441 παροψίδος,
1337 5367 1423 5422 ἵνα
1456 5373 1679 5440 γένηται
1705 5369 1799 5424 καὶ
1827 5369 1889 5422 τὸ

314 5458 467 5521 ἐκτὸς
496 5440 680 5514 αὐτῶν
718 5458 979 5529 καθαρόν.
1021 5477 1041 5512 ι
1088 5460 1198 5522 Τὰς
1240 5458 1571 5530 παραδόσεις
1611 5457 1722 5513 τῶν
1750 5475 1888 5531 πρε-

317 5551 590 5621 σϐυτέρων
630 5550 989 5621 κρατοῦντες,
1026 5549 1255 5604 ἔπλυνον
1284 5550 1354 5604 τά
1382 5550 1623 5623 ποτήρια
1651 5551 1747 5606 καὶ
1787 5551 1888 5615 τὰς

316 5641 638 5714 παροψίδας,
679 5642 961 5705 τουτέστι,
994 5643 1120 5706 τοὺς
1174 5637 1410 5708 πίνακας
1452 5644 1511 5698 ὲν
1542 5640 1625 5707 οῖς
1665 5644 1735 5697 τά
1781 5640 1890 5712 ὃψα

314 5731 551 5786 τίθενται
570 5750 586 5765 ε
620 5731 680 5798 ἐξ
711 5733 964 5804 ἁρπαγῆς
994 5733 1055 5787 δὲ
1074 5733 1259 5789 ἔπινον
1288 5730 1462 5801 οἶνον,
1495 5736 1589 5790 καὶ
1617 5733 1890 5804 ἐδέσματα

317 5824 519 5896 ἧσἿιο-ι,
538 5824 574 5880 ὅ.
590 5824 848 5897 ὲμόλυνον
868 5824 1241 5899 μᾶλλοναύτά.
1267 5827 1360 5900 Μὴ
1382 5827 1554 5901 κτήσῃ
1570 5821 1686 5894 οὖν,
1703 5823 1892 5896 φησιν,

1993 4626 2274 4696 servantes
2296 4655 2310 4681 ,
2348 4615 2613 4671 camelum
2650 4622 2852 4683 autem,
2902 4616 3006 4673 hoc
3038 4624 3140 4683 est,
3171 4606 3364 4686 magna
3390 4613 3571 4686 ἀρείω

1998 4709 2192 4764 tientes
2220 4716 2274 4762 et
2306 4706 2684 4778 despicientes.

2068 4996 2236 5055 Vens.
2275 4994 2366 5060 25,
2400 4992 2495 5050 26.
2532 5011 2551 5045 ι
2583 4989 2676 5047 Vae
2737 4986 2912 5053 vobis,
2963 4984 3167 5042 Scriba;
3219 4995 3274 5041 et
3306 4984 3565 5044 Pharisai

1992 5076 2309 5166 hypocrita,
2336 5086 2464 5159 quia
2504 5081 2744 5155 purgatis
2788 5077 3113 5134 exteriorem
3136 5077 3310 5147 poculi
3342 5079 3567 5148 patina:-

1991 5199 2098 5255 que
2140 5191 2374 5252 partem,
2412 5187 2665 5232 caeterum
2705 5172 2851 5227 intus
2895 5170 3051 5239 plena
3101 5181 3227 5225 sunt
3283 5171 3470 5241 rapina
3508 5180 3567 5229 et

1990 5271 2433 5345 intemperantia.
2452 5267 2724 5322 Pharisaee
2749 5279 2912 5330 catce,
2935 5277 3105 5334 purga
3135 5263 3284 5333 prius
3308 5263 3449 5333 quod
3481 5274 3567 5319 est

1990 5365 2132 5423 intra
2164 5360 2412 5434 poculum
2442 5366 2498 5414 et
2542 5354 2805 5426 patinam,
2837 5360 2896 5406 ut
2941 5365 2997 5408 et
3042 5352 3340 5407 exteriores
3373 5353 3566 5412 horum

1994 5465 2178 5530 partes
2203 5467 2352 5524 purae
2386 5451 2707 5507 reddantur.
2747 5464 2767 5498 ι
2799 5445 2901 5509 Qui
2939 5445 3260 5500 traditiones
3285 5444 3562 5500 seniorum
3668 5519 3674 5528 I

1996 5547 2385 5608 observabant,
2442 5539 2701 5597 levabant
2756 5538 2964 5593 calices'
2984 5545 3041 5592 et
3087 5535 3570 5606 paropsides,-hoc

1995 5649 2079 5696 est
2114 5638 2363 5708 patinas,
2391 5635 2444 5689 in
2473 5632 2671 5703 quibus
2698 5629 2923 5701 opsonia
2949 5635 3256 5700 ponuntur:
3286 5640 3352 5680 ex
3376 5626 3565 5694 rapina

1998 5740 2176 5785 autem
2218 5725 2474 5783 bibebant
2510 5724 2717 5790 vinum,
2768 5730 2822 5778 et
2853 5718 3207 5778 comedebant
3253 5714 3406 5768 cibos
3472 5719 3570 5785 qui

2000 5817 2171 5888 magis
2193 5812 2636 5887 coinquinabant.
2675 5810 2814 5867 Dicit
2849 5800 3147 5890 igiturtvNe
3167 5796 3450 5870 possideas
3480 5802 3571 5858 vi.-
