3968 6460
230 365 359 434 405

857 377 1298 444 ΕΝΑΒΒΑΤΙΟ
1334 386 1416 447 IN
1457 386 1829 449 EVANGELI

1938 387 1953 447 l
1988 387 2372 450 MATTHJEI.
2401 415 2472 426 -
2502 388 2656 450 CAP.
2695 388 2922 451 XXIII.

3396 386 3507 452 406

238 485 397 558 Περὶ
438 485 498 539 δὲ
528 484 639 541 τῶν
676 486 991 544 ἀποστόλων
1035 493 1207 548 ταῦτα
1242 496 1410 564 λέγει’
1448 499 1507 552 τὸ
1536 499 1642 570 γὰρ
1682 500 1833 567 ἅγιον

1939 509 2161 555 sanctus
2194 499 2441 554 doctrina
2476 499 2623 570 ipsos
2669 512 2941 555 exornans
2974 499 3180 558 scribas
3218 499 3367 565 fecit,
3400 502 3506 558 hoc

236 577 486 648 Πνεῦμα
505 619 522 643 ,
551 580 648 633 καὶ
678 580 1045 647 διδασκαλίαις
1073 584 1271 651 αὐτοὺς
1300 590 1615 661 κοσμῆσαν,
1658 608 1835 662 γραμ-

1912 599 2039 656 ·εει,
2072 590 2325 646 doctores
2355 591 2558 662 populi,
2591 597 2644 645 et
2681 591 2940 660 sapientia
2968 593 3113 647 omni
3148 600 3200 649 et
3223 592 3506 663 prophetia

242 669 454 737 ματ-εἴς
484 669 731 739 ἐποίησε,
785 671 1032 725 τουτέστι
1059 672 1154 727 τοῦ
1184 674 1313 729 λαοῦ
1343 677 1713 745 διδασκάλους,
1742 683 1833 736 καί¹

1938 680 2163 736 ornavit.
2185 678 2385 736 Emitto
2401 690 2600 749 autem,
2631 680 2830 751 inquit,
2856 679 3139 737 declarans
3157 696 3266 739 suae
3292 681 3508 739 deitatis

240 759 571 828 προφήτας,
604 761 702 814 καὶ
730 762 923 830 σοφίας
952 764 1133 834 πάσης
1166 765 1646 840 πεπληρωμένους.
1677 772 1837 826 Ἀπο-

238 846 467 902 «rem
498 849 575 914 δὲ,
614 844 756 916 εἷπε,
797 852 1011 918 δεικνὺς
1058 855 1119 909 τὸ
1159 856 1258 926 τῆς
1300 856 1552 940 θεότητος
1591 859 1837 926 ἐξουσια-

240 939 467 994 στικόν.

330 1050 352 1083 ι
403 1034 598 1098 Ὅπως
627 1034 755 1108 ἔλθῃ
791 1036 876 1106 ἐφ’
906 1037 1052 1108 ὑμᾶς
1089 1041 1197 1094 πᾶν
1229 1034 1369 1111 αἷμα
1399 1043 1637 1112 δίκαιον,
1669 1047 1835 1117 ἐκχυ-

240 1125 486 1193 νόμενον
534 1125 627 1179 ἐπὶ
676 1128 778 1197 τῆς
829 1129 935 1200 γῆς
961 1129 1071 1184 ἀπὸ
1119 1130 1213 1186 τοῦ
1262 1132 1492 1204 αῖματος
1533 1136 1697 1191 ιἈὅελ
1739 1138 1834 1193 τοῦ

241 1213 493 1282 δικαίου,
528 1217 633 1278 ἕως
669 1216 765 1272 τοῦ
799 1219 1031 1290 αἵματος
1061 1221 1329 1294 Ζαχαρίου
1376 1225 1495 1278 υἱοῦ
1543 1226 1833 1300 Βαραχίου,

241 1304 306 1357 ὃν
329 1308 662 1376 ἐφονεύσατε
692 1311 894 1380 μεταξὺ
917 1311 1012 1366 τοῦ
1032 1313 1161 1368 ναοῦ
1186 1315 1283 1370 καὶ
1306 1316 1399 1371 τοῦ
1424 1316 1833 1391 θυσιαστηρίου.

261 1400 447 1472 ’Δμὴν
474 1402 620 1470 λέγω
666 1404 830 1477 ὑμῖν,
876 1406 959 1460 ὅτι
1006 1407 1128 1478 ἥξει
1171 1408 1343 1463 ταῦτα
1391 1412 1570 1466 πάντα
1609 1413 1703 1467 ἐπὶ
1740 1413 1835 1486 τὴν

244 1492 456 1558 γενεὰν
507 1494 750 1565 ταύτην.’
785 1514 809 1548 ι
864 1498 991 1551 Ἐπὶ
1014 1500 1143 1563 τοὺς
1182 1500 1305 1554 τότε
1333 1500 1493 1567 ὄντας
1549 1504 1836 1573 Ἰουδαίους

246 1582 427 1651 φησὶν
456 1583 616 1654 ἥξειν
656 1587 764 1642 πᾶν
801 1583 943 1659 αἷμα
971 1588 1175 1656 ἀδίκως
1205 1592 1438 1663 ἐκχυθέν
1463 1611 1477 1626 ο
1510 1598 1692 1669 χεῖρον
1726 1599 1836 1672 γὰρ

245 1675 740 1747 τιμωρηθήσονται
775 1680 924 1751 παρὰ
958 1682 1086 1747 τοὺς
1126 1683 1365 1757 πατέρας
1391 1689 1592 1757 αὐτῶν,
1621 1694 1669 1745 οἱ
1700 1694 1835 1766 μηδὲ

248 1766 403 1832 μετὰ
425 1768 665 1823 τοσαῦτα
688 1771 1108 1844 παραδείγματα
1127 1779 1585 1850 σωφρονισθέντες
1605 1799 1617 1812 ·
1647 1783 1835 1857 ὥσπερ

246 1858 349 1912 καὶ
378 1860 408 1912 6
437 1859 632 1931 Λάμεχ
663 1861 815 1932 παρὰ
841 1863 932 1918 τὸν
966 1865 1106 1921 Κάῖν
1137 1867 1299 1923 πλέον
1336 1870 1625 1945 ἐκολάσθη,
1657 1874 1831 1931 καίτοί

244 1948 355 2001 οὐκ
391 1947 623 2019 ἀδελφὸν
653 1952 879 2019 ἀνελὼν,
907 1953 1042 2009 διότι
1070 1957 1170 2012 οὐκ
1190 1960 1560 2037 ἐσωφρονίσθη
1588 1964 1665 2036 τῷ
1692 1967 1832 2021 κατά

245 2039 343 2091 τὸν
381 2040 525 2128 Κάῗν
564 2042 941 2114 ὑποδείγματι.
995 2047 1152 2115 Ἥξει
1182 2046 1311 2117 οὖν,
1344 2054 1542 2124 φησὶν,
1572 2055 1658 2126 ἐφ’
1687 2056 1833 2128 ὑμᾶς

250 2132 369 2185 πᾶν
394 2126 560 2202 αἷμα,
599 2135 707 2190 ἀπὸ
759 2137 925 2193 Ἀὁελ
979 2139 1086 2206 ἕως
1112 2143 1401 2215 Ζαχαρίου.
1438 2126 1733 2220 Εὑκαίρωςγ
1774 2150 1828 2205 δὲ

247 2225 507 2296 ἐμνήσθη
551 2227 647 2281 τοῦ
696 2228 881 2286 Ἀσελ.
928 2231 1017 2297 Ὠς
1054 2234 1163 2307 γὰρ
1218 2236 1247 2290 6
1301 2238 1464 2293 Ἅϐελ
1497 2240 1586 2296 διὰ
1635 2242 1829 2312 φθόνον

248 2315 503 2389 ἀνῃρέθη
529 2358 545 2382 ,
576 2318 721 2374 οὕτω
759 2322 856 2377 καὶ
884 2325 913 2378 6
944 2325 1180 2398 Χριστὸς
1209 2329 1517 2400 φθονηθείς.
1564 2336 1728 2391 Ποίου
1774 2339 1832 2392 δὲ

250 2403 529 2478 Ζαχαρίου
574 2411 812 2469 ἐνταῦθα
848 2415 1165 2490 μέμνηται;
1217 2421 1279 2474 Ol
1330 2423 1433 2492 μὲν
1481 2424 1574 2479 τοῦ
1625 2427 1682 2483 ὲν
1722 2432 1833 2494 τοῖς

248 2494 466 2593 δώδεκα
507 2503 818 2593 προφήταις
873 2508 1008 2576 φασὶ
1043 2511 1597 2585 ισυναριθμουμὲνουθ
1644 2520 1694 2572 οἱ
1741 2521 1829 2588 δὲ,

248 2586 351 2680 τοῦ
382 2586 593 2680 πατρὸς
627 2589 720 2644 τοῦ
755 2591 1068 2666 Προδρόμου
1091 2613 1106 2629 ο
1130 2598 1287 2668 λόγος
1317 2601 1427 2673 γὰρ
1458 2604 1570 2676 ἔχει
1599 2586 1835 2680 παραδοέ

252 2671 373 2768 θεὶς
398 2677 553 2748 ἡμῖν,
581 2680 662 2736 ὅτι
689 2684 854 2750 τόπος
881 2703 970 2753 τις
992 2684 1062 2761 ἦν
1090 2692 1149 2746 ὲν
1170 2692 1251 2764 τῷ
1286 2671 1421 2764 ναῷ,
1458 2671 1518 2752 ἐν
1544 2691 1589 2768 ᾧ
1617 2671 1834 2757 ἵσταντο

251 2766 314 2818 at
349 2769 632 2860 παρθένοι.
675 2772 735 2828 '0
763 2776 943 2834 τοίνυν
973 2778 1249 2854 Ζαχαρίας
1273 2766 1569 2860 ἀρχιερεὺς
1597 2791 1673 2846 ὢν
1691 2831 1706 2858 ,
1738 2796 1834 2849 καὶ

256 2857 415 2958 μετά
438 2859 505 2958 τδ
544 2866 728 2921 τεκεῖν
778 2868 873 2923 τὸν
905 2871 1142 2943 Χριστὸν
1170 2876 1270 2948 τὴν
1299 2857 1561 2938 Θεοτόκον
1605 2884 1834 2958 ἔστησεν

253 2950 317 3002 ὲν
341 2952 425 3048 τῷ
449 2956 599 3027 τόπῳ
625 2958 735 3013 τῶν
769 2963 1057 3036 παρθένων
1082 2982 1097 2997 ⁸
1130 2968 1615 3048 ἀγανακτήσαντες
1643 2980 1699 3035 δὲ
1722 2950 1834 3036 ’ἐπὶ

253 3044 443 3143 τούτω
468 3049 518 3101 ot
568 3049 837 3143 Ἰουδαῖοι,
865 3055 1195 3116 ἀπέκτειναν
1223 3044 1412 3135 αὐτὸν,
1446 3069 1523 3134 ὡς
1558 3072 1696 3143 μετὰ
1724 3073 1833 3132 τῶν

257 3136 551 3229 παρθένων
584 3141 823 3209 τάξαντα
876 3152 1109 3217 γυναῖκα
1162 3157 1539 3229 γεννήσασαν·
1558 3136 1727 3218 ,οὐδὲν
1775 3165 1834 3221 δὲ

256 3225 597 3326 θαυμαστὸν,
627 3234 679 3326 εἰ
708 3236 805 3291 καὶ
843 3239 872 3293 6
911 3242 1093 3315 πατὴρ
1122 3245 1213 3299 τοῦ
1247 3225 1563 3323 Προδρόμου
1589 3248 1704 3326 εἶχε
1732 3273 1838 3312 πα-

256 3318 397 3389 τέρα
424 3321 704 3397 Βαραχίαν
732 3328 977 3401 ὀνόματι,
1000 3334 1190 3408 ὥσπερ
1220 3318 1315 3394 καῖ
1342 3343 1371 3395 6
1394 3318 1474 3395 εν-
1489 3347 1600 3409 τοῖς
1629 3318 1836 3404 δωδεκα

258 3416 570 3516 προφήταις
597 3419 869 3516 βαραχίου
898 3423 1115 3495 λέγεται
1162 3433 1275 3497 υἱός
1297 3450 1311 3464 ο
1335 3435 1483 3503 εἰκὸς
1511 3440 1620 3511 γὰρ
1645 3440 1835 3516 ὥσπερ

260 3508 336 3561 τά
372 3510 578 3565 τούτων
615 3512 851 3585 ὀνόματα
885 3521 1251 3594 συνέδραμον,
1305 3527 1449 3586 οὕτω
1488 3508 1690 3589 καὶ-τά
1725 3508 1836 3591 τῶν

264 3602 523 3674 πατέρων
551 3607 749 3665 αὐτῶν.

340 3713 363 3748 ε
444 3698 832 3776 Ἰερουσαλὴμ,
896 3706 1288 3784 Ἰερουσαλὴμ,
1342 3718 1374 3787 ή
1439 3716 1835 3779 ἀποκτείνουσα

264 3787 395 3882 τοῦς
417 3790 724 3882 προφήτας,
750 3794 843 3848 καὶ
865 3794 1216 3855 λιθοϐολοῦσα
1240 3804 1368 3869 τοὺς
1391 3806 1835 3882 ἀπεσταλμένους

264 3878 406 3971 πρὸς
468 3880 679 3953 αὐτὴν,
734 3886 966 3954 ποσάκις
1011 3889 1252 3965 ἠθέλησα
1297 3878 1722 3971 ἐπισυναγαγεῖν
1766 3878 1835 3960 τά

265 3968 433 4061 τέκνα
482 3989 577 4026 σου
623 3975 683 4039 ὃν
731 3978 933 4051 τρόπον
973 3981 1292 4055 ἐπισυνάγει
1344 3987 1493 4061 ὅρνις
1536 3968 1834 4053 τάννοσσία

267 4060 465 4153 εαυτῆς
488 4064 595 4118 ὑπὸ
623 4066 721 4132 τὰς
744 4070 1024 4144 πτέρυγας
1044 4117 1060 4141 ,
1088 4076 1185 4130 καὶ
1215 4078 1319 4133 οὐκ
1336 4060 1637 4153 ἠθελήσατε
1653 4103 1669 4152 ;
1704 4086 1835 4144 Ἰδοὺ

266 4152 486 4248 ἀφίεται
516 4157 644 4226 ὑμῖν
672 4161 701 4213 6
725 4155 871 4225 οἶκος
907 4164 1061 4234 ὑμῶν
1088 4165 1293 4238 ἔρημος
1313 4185 1329 4202 ο
1360 4152 1505 4241 λέγω
1545 4174 1653 4246 γάρ
1682 4176 1835 4248 ὑμῖν,

266 4245 331 4338 οὐ,
344 4247 418 4316 μή
446 4264 513 4318 με
538 4250 683 4322 ἴδητε
706 4254 802 4309 ἀπ’
826 4253 973 4327 ἄρτι,
1000 4256 1105 4322 ἕως
1132 4258 1198 4312 ἂν
1218 4262 1432 4334 εἴπητε·
1459 4245 1835 4338 Εὐλογημένος

265 4337 613 4407 όιρχόμενος
655 4344 713 4397 ἐν
766 4344 990 4415 ὀνόματι
1022 4350 1252 4420 Κυρίου.
1306 4371 1326 4405 ι
1372 4337 1727 4423 Διπλασιάζει
1774 4362 1836 4415 τὸ

265 4426 432 4498 ὄνομα
458 4431 556 4502 τῆς
602 4433 976 4508 Ἰερουσαλὴμ,
1010 4440 1176 4495 ἐλεῶν
1210 4443 1381 4518 αὐτὴν
1411 4446 1503 4501 καὶ
1535 4448 1836 4505 ἁνακαλού·

1935 781 2279 844 potestatem.
2391 844 2394 848 ,

2009 1037 2174 1094 Vens.
2198 1037 2289 1105 55,
2317 1036 2406 1095 36.
2450 1057 2469 1092 ι
2508 1037 2581 1094 Ut
2619 1039 2800 1093 veniat
2826 1052 2989 1109 super
3019 1050 3114 1092 vos
3157 1037 3335 1091 omnis
3380 1052 3507 1090 san-

1937 1130 2057 1201 guis
2090 1129 2269 1199 justus
2303 1129 2395 1199 qui
2425 1128 2720 1186 effunditur
2749 1144 2915 1198 super
2951 1138 3153 1183 terram
3187 1144 3215 1181 a
3249 1128 3510 1197 sanguine

1934 1218 2070 1274 Abel
2093 1217 2246 1288 justi,
2283 1231 2453 1290 usque
2481 1219 2548 1273 ad
2601 1218 2917 1286 sanguinem
2955 1217 3233 1272 Zachariae
3263 1216 3355 1270 lilii
3404 1215 3510 1270 Ba-

1939 1308 2157 1376 rachiae,
2187 1324 2345 1380 quem
2401 1308 2679 1366 occidistis
2712 1307 2851 1363 inter
2900 1307 3154 1377 templum
3187 1317 3241 1363 et
3316 1307 3506 1361 altare.

1938 1399 2111 1457 Amen
2156 1401 2278 1457 dico
2324 1399 2495 1465 vobis,
2525 1400 2667 1472 quod
2720 1399 2935 1456 venient
2977 1401 3090 1455 haec
3129 1400 3312 1455 omnia
3346 1413 3511 1468 super

1938 1478 2341 1564 generationem
2364 1492 2547 1548 istam.
2588 1513 2609 1546 ι
2641 1490 2818 1564 Super
2844 1491 3059 1548 Judaeos
3091 1492 3212 1547 illos
3255 1492 3346 1562 qui
3381 1501 3512 1546 tunc

1936 1594 2113 1651 erant,
2150 1585 2300 1652 dicit,
2345 1584 2526 1639 veniet
2571 1584 2749 1639 omnis
2772 1585 2992 1654 sanguis
3043 1583 3242 1653 injuste
3282 1580 3507 1637 eﬂ‘usus.

1937 1675 2068 1733 Plus
2094 1678 2238 1733 enim
2268 1679 2579 1746 punientur,
2604 1691 2763 1747 quam
2798 1686 2981 1747 patres
3029 1676 3132 1730 sui.
3165 1673 3299 1729 Nam
3335 1689 3512 1743 neque

1936 1777 2062 1839 post
2096 1777 2242 1824 tanta
2286 1768 2535 1840 exempla
2563 1767 2833 1824 emendati
2868 1766 3103 1823 fuerunt.
3149 1765 3241 1822 Sic
3283 1766 3424 1820 enim
3454 1778 3511 1820 et

1867 1841 1908 1901 Β
1941 1858 2176 1939 Larttech
2203 1870 2325 1933 post
2352 1860 2490 1919 Cain
2525 1862 2645 1932 plus
2703 1861 2924 1931 punitus
2958 1860 3081 1928 fuit,
3114 1860 3362 1930 quamvis
3404 1873 3509 1917 non

1939 1954 2303 2013 interemisset
2325 1954 2573 2020 fratrem,
2602 1970 2670 2011 eo
2702 1954 2845 2026 quod
2869 1969 2971 2009 non
3012 1954 3201 2009 fuisset
3235 1953 3300 2006 ad
3324 1967 3510 2006 exeni-

1938 2048 2083 2119 plum
2118 2047 2250 2102 Cain
2281 2048 2615 2104 emendatus.
2662 2045 2852 2102 Veniet
2884 2046 3069 2117 igitur,
3106 2043 3299 2112 inquit,
3349 2060 3509 2114 super

1937 2155 2034 2195 vos
2063 2140 2238 2196 omnis
2270 2140 2511 2213 sanguis,
2553 2140 2622 2195 ab
2672 2139 2806 2196 Abel
2854 2152 3021 2208 usque
3051 2140 3116 2194 ad
3163 2137 3504 2193 Zachariam.

1939 2232 2250 2304 Opportune
2283 2241 2459 2288 autem
2484 2232 2732 2288 meminit
2760 2231 2964 2287 Abelis.
2994 2229 3149 2287 Sicut
3184 2230 3326 2287 enim
3373 2228 3509 2285 Ahel

1938 2335 2156 2394 propter
2193 2323 2451 2379 invidiam
2506 2324 2859 2394 interemptus
2910 2330 3014 2386 est,
3052 2322 3125 2376 ita
3156 2331 3210 2378 et
3258 2321 3509 2377 Christus

1938 2416 2148 2471 occisus
2166 2424 2268 2471 est.
2288 2413 2453 2485 Cujus
2472 2422 2651 2470 autem
2671 2414 2950 2470 Zachariae
2971 2415 3072 2470 hoc
3094 2414 3213 2469 loco
3230 2413 3512 2469 meminit?

1943 2506 2104 2578 128
2131 2505 2235 2562 Alii
2279 2506 2467 2563 dicunt
2497 2504 2647 2562 illum
2696 2506 2865 2562 fuisse
2910 2521 3077 2561 unum
3112 2507 3178 2561 de
3222 2504 3506 2560 duodecim

1939 2598 2235 2670 prophetis,
2267 2598 2358 2654 alii
2407 2606 2615 2670 patrem
2668 2598 3028 2672 Praecursoris
3067 2599 3299 2653 Domini.
3337 2600 3509 2654 llabet

1938 2695 2080 2746 enim
2117 2692 2190 2746 ita
2216 2692 2458 2749 narratio
2488 2693 2643 2748 nobis
2677 2692 2895 2758 tradita,
2927 2692 3071 2762 quod
3097 2691 3249 2747 locus
3284 2690 3503 2761 quidam

1941 2784 1994 2838 in
2019 2784 2216 2855 templo
2253 2782 2437 2850 fuerit,
2473 2784 2528 2840 in
2548 2797 2656 2854 quo
2681 2786 2899 2841 stabant
2932 2784 3187 2855 virgines.
3212 2784 3504 2839 Zacharias

1942 2875 2103 2944 igitur
2123 2890 2244 2930 cum
2275 2884 2420 2931 esset
2461 2873 2727 2946 pontifex,
2777 2882 3060 2945 postquam
3091 2874 3320 2944 Deipara
3347 2886 3508 2943 pepe-

1919 2965 2101 3048 risset
2131 2965 2428 3034 Christum,
2445 2975 2500 3023 et
2521 2966 2803 3023 statuisset
2828 2964 2972 3022 illam
2995 2965 3047 3021 in
3070 2980 3135 3022 eo
3163 2965 3300 3032 loco,
3332 2965 3509 3037 indig-

1940 3058 2051 3114 nati
2098 3069 2226 3115 sunt
2286 3068 2475 3115 contra
2519 3075 2642 3115 eum
2680 3059 2872 3127 Judaei,
2915 3070 2969 3117 et
2991 3058 3308 3116 occiderunt
3359 3075 3504 3126 eum,

1939 3152 2082 3221 quod
2114 3166 2237 3206 cum
2266 3152 2567 3223 virginibus
2605 3152 2920 3209 collocasset
2957 3155 3234 3210 mulierem
3266 3168 3386 3224 qua:
3415 3169 3510 3223 pe-

1942 3252 2176 3313 pererat.
2203 3241 2321 3299 Non
2349 3252 2435 3299 est
2484 3243 2629 3321 enim
2669 3243 2917 3300 mirabile
2948 3245 3091 3315 quod
3139 3246 3304 3300 etiam
3357 3254 3510 3316 pater

1942 3333 2298 3391 PftBCUl‘SOI’iS
2315 3335 2566 3391 habuerit
2607 3345 2812 3406 patrem
2836 3335 3178 3403 Barachiam,
3220 3337 3432 3391 sicutet
3463 3340 3509 3393 is

1937 3425 2030 3496 qui
2067 3441 2132 3481 ex
2157 3425 2437 3482 duodecim
2464 3434 2603 3494 erat,
2622 3425 2820 3482 dicitur
2852 3426 3129 3482 Barachize
3163 3427 3320 3482 ﬁlius.
3358 3425 3509 3484 Veri-

1938 3514 2115 3571 simile
2150 3514 2295 3570 enim
2324 3516 2467 3586 quod
2509 3516 2651 3573 sicut
2677 3514 2752 3571 illi
2787 3515 3003 3571 fuerunt
3031 3517 3403 3588 cognomines,
3433 3518 3506 3573 ita

1935 3617 1988 3662 ct
2013 3615 2188 3677 patres
2210 3608 2471 3676 ipsorum.

2011 3697 2170 3755 Vens.
2204 3698 2397 3756 57-59.
2434 3717 2453 3753 ι
2488 3698 2810 3765 Jerusalem,
2851 3701 3177 3766 Jerusalem,
3212 3717 3331 3771 quae
3360 3705 3508 3758 occi-

1936 3790 2022 3845 dis
2047 3790 2356 3860 prophetas,
2389 3798 2445 3846 et
2472 3790 2683 3859 lapidas
2715 3805 2808 3846 eos
2842 3792 2930 3861 qui
2972 3791 3038 3845 ad
3082 3799 3134 3847 te
3165 3791 3318 3845 missi
3352 3801 3506 3855 sunt,

1936 3882 2150 3951 quoties
2181 3880 2325 3936 volui
2355 3895 2686 3952 congregare
2714 3882 2855 3938 ﬁlios
2888 3892 3030 3947 tuos,
3056 3882 3509 3953 quemadmodum

1937 3974 2134 4045 gallina
2165 3983 2457 4046 congregat
2490 3974 2663 4045 pullos
2692 3989 2819 4031 suos
2843 3975 2945 4041 sub
2975 3976 3110 4042 alas,
3133 3984 3187 4030 et
3219 3976 3508 4032 noluistis?

1938 4066 2075 4122 Ecce
2106 4066 2428 4136 relinquitur
2468 4066 2620 4122 vobis
2652 4065 2847 4124 domus
2882 4076 3057 4123 vestra
3098 4070 3331 4124 deserta.
3372 4067 3507 4126 Dico
3626 4054 3627 4057 ¹

1936 4159 2080 4215 enim
2130 4158 2301 4224 vobis,
2357 4157 2776 4229 haudquaquam
2834 4175 2920 4215 me
2962 4158 3213 4215 videbitis
3261 4158 3505 4229 posthac,

1937 4249 2108 4306 donec
2141 4249 2378 4308 dicatis:
2411 4250 2739 4308 Benedictus
2766 4253 2855 4323 qui
2890 4251 3037 4308 venit
3067 4253 3119 4307 in
3159 4252 3378 4308 nomine
3405 4252 3512 4307 Do-

1938 4343 2089 4399 mini.
2134 4363 2153 4396 ι
2184 4342 2453 4421 Βίεροηίι
2488 4362 2682 4402 nomen
2717 4343 3045 4414 Jerusalem,
3071 4347 3328 4402 misertus
3346 4336 3503 4416 ejus,

1936 4445 1991 4490 et
2029 4451 2219 4506 magna
2251 4452 2378 4493 cum
2428 4439 2805 4508 compassione
2850 4452 2970 4495 eam
3012 4453 3291 4494 revocans.
3330 4436 3509 4508 Expo-

268 4534 427 4590 μενος
460 4526 756 4594 συμπαθῶς
778 4545 792 4558 ·
820 4529 1007 4600 ὥσπερ
1043 4533 1153 4604 γάρ
1188 4536 1324 4607 πρός
1354 4554 1476 4592 τινα
1506 4538 1831 4612 φιλουμένην

1939 4526 2146 4583 stulaus
2167 4528 2313 4582 enim
2343 4542 2468 4583 cum
2504 4543 2589 4593 ea,
2617 4530 2771 4600 quasi
2808 4544 2928 4584 cum
2952 4531 3181 4599 quadam
3211 4527 3506 4584 vehemen-

269 4614 367 4684 μὲν
430 4614 668 4685 διακαῶς
688 4660 704 4685 ,
752 4623 1199 4705 καταφρονοῦσαν
1248 4628 1305 4683 δὲ
1365 4629 1460 4683 τοῦ
1511 4630 1791 4701 φιλοῦντος
1813 4675 1828 4703 ,

265 4703 644 4775 ἀπολογεῖται,
676 4709 890 4780 μέλλων
921 4703 1146 4782 ἐπάγειν
1175 4713 1272 4788 τὴν
1305 4716 1524 4772 κόλασιν
1548 4736 1563 4751 ·
1589 4720 1832 4777 αἰτιᾶται

262 4794 370 4867 γάρ
414 4796 587 4869 αὐτὴν
616 4798 691 4863 ὡς
730 4802 992 4875 φονικὴν,
1033 4805 1128 4860 καὶ
1163 4805 1247 4861 ὅτι
1285 4808 1544 4876 πολλάκις
1588 4812 1830 4877 θέλοντος

263 4886 424 4941 αὐτοῦ
457 4889 675 4960 ἐλεῆσαι
706 4892 945 4964 ταύτην,
984 4895 1122 4968 αὐτὴ
1159 4896 1261 4952 οὐκ
1286 4898 1551 4970 ἠθέλησε,
1592 4902 1729 4958 ἀλλά
1753 4903 1832 4975 τῷ

261 4977 701 5048 διασκορπξζοντι
741 4982 913 5055 αὐτὴν
943 4983 1240 5056 πειθομένη
1279 4984 1536 5056 διαϐόλῳ,
1580 4988 1677 5044 καὶ
1732 4990 1832 5044 ἀπ·

263 5067 450 5137 άγοντι
475 5069 583 5124 ἀπὸ
604 5070 702 5141 τῆς
717 5072 996 5143 ἀληθείας,
1015 5074 1135 5145 ἥτις
1155 5076 1382 5141 ἐνοειδές
1405 5095 1459 5133 τι
1485 5078 1676 5149 χρῆμά
1691 5080 1829 5147 ἔστι,

261 5161 352 5215 τὶν
386 5162 687 5232 συνάγοντα
725 5164 930 5236 Κύριον
960 5166 1060 5221 οὐκ
1091 5167 1304 5240 ἐδέχετο
1328 5184 1342 5200 ’
1372 5168 1523 5224 οὐδὲν
1550 5170 1660 5242 γὰρ
1690 5170 1833 5227 οὕτω

264 5253 547 5325 σκορπίζει
596 5254 709 5309 ἀπὸ
744 5257 916 5324 Θεοῦ,
955 5259 1030 5322 ὼς
1057 5261 1303 5331 ἁμαρτία
1325 5280 1339 5293 ο
1378 5261 1566 5334 ὥσπερ
1598 5259 1667 5318 αὖ
1705 5279 1832 5320 συν-

265 5344 390 5427 άγει
409 5346 545 5416 πρὸς
561 5345 696 5401 Θεὸν
725 5348 787 5403 τὸ
802 5348 1006 5418 ἀγαθὸν
1033 5352 1295 5416 συνειδός·
1326 5350 1426 5426 τὴν
1445 5352 1832 5427 φιλοστοργίαν

263 5425 324 5490 δέ
351 5436 774 5508 ὶνδεικνῦμενος,
802 5441 864 5495 τὸ
891 5440 991 5513 τῆς
1021 5442 1232 5515 ὄρνιθος
1262 5425 1568 5517 ὑπόδειγμα
1594 5425 1829 5505 τέθεικε.

263 5527 356 5583 Διδ
382 5530 502 5585 ἐπεὶ
524 5532 587 5585 οὐ
617 5531 817 5600 θέλετε,
845 5531 1045 5607 ἀφίημι
1067 5535 1159 5591 τὸν
1190 5537 1315 5591 ναὸν
1339 5537 1569 5610 ἔρημον.
1618 5538 1833 5595 Ἐντεῦ-

266 5619 359 5676 θεν
386 5621 443 5676 δὲ
478 5623 871 5695 μανθάνωμεν,
908 5627 989 5681 ὅτι
1022 5629 1090 5683 δι’
1117 5630 1264 5702 ἡμᾶς
1298 5634 1549 5687 κατοικεῖ
1576 5632 1670 5687 καὶ
1704 5634 1832 5700 τοὺς

267 5712 423 5775 ναοὺς
457 5715 489 5768 6
516 5714 683 5779 Θεός·
714 5715 842 5772 ὅταν
884 5717 943 5773 δὲ
987 5720 1149 5792 ἡμεῖς
1190 5721 1604 5794 ἁπεγνωσμένοι
1651 5716 1829 5794 ὦμεν,

276 5805 389 5859 τότε
415 5805 511 5860 καὶ
543 5808 592 5862 οι
622 5809 739 5862 ναοὶ
766 5809 1033 5880 ἀφίενται.
1067 5812 1143 5867 Uti
1177 5813 1253 5887 μὴ
1287 5810 1380 5870 οῦν
1422 5830 1489 5887 με
1526 5813 1671 5887 ἴδητε
1702 5813 1833 5886 ἄχρι

1937 4627 2017 4673 ter
2046 4617 2260 4687 dilecta,
2303 4635 2425 4691 quae
2465 4621 2773 4692 diligentem
2829 4628 3162 4683 contemnat,
3212 4621 3507 4692 respondet

1937 4708 2276 4765 inducturum
2328 4725 2390 4767 se
2431 4726 2648 4781 poenam
2698 4731 2711 4768 :
2755 4714 2895 4767 unde
2945 4712 3122 4783 arguit
3156 4710 3299 4766 illam
3346 4711 3503 4781 quasi

1934 4801 2359 4872 sanguinariam,
2403 4812 2457 4858 et
2488 4803 2634 4874 quod
2676 4805 2875 4875 saepius
2908 4803 3120 4859 volente
3153 4817 3213 4859 se
3257 4802 3502 4857 misereri

1935 4890 2077 4962 ejus,
2104 4892 2218 4962 ipsa
2263 4892 2499 4948 noluerit
2527 4936 2542 4961 ,
2577 4898 2672 4951 sed
2709 4895 2981 4950 diabolum
3015 4895 3198 4966 potius
3246 4893 3499 4960 audierit,

1937 4997 1965 5037 a
1997 4999 2104 5054 quo
2136 4984 2401 5054 dispersa,
2433 4993 2488 5040 et
2520 5002 2549 5040 a
2584 4985 2828 5047 veritate,
2865 4996 2986 5054 qua:
3012 4984 3231 5040 uniendi
3261 4983 3368 5038 vim
3403 4985 3505 5040 ha-

1935 5074 2045 5140 bet,
2082 5074 2251 5131 fuerit
2283 5076 2541 5148 abducta,
2570 5086 2984 5148 congregantem
3009 5085 3188 5131 autem
3215 5075 3502 5131 Dominum

1934 5186 2043 5226 non
2077 5170 2402 5242 susceperit.
2434 5168 2579 5227 Nihil
2623 5170 2766 5226 enim
2799 5168 2878 5224 sic
2911 5183 2943 5224 a
2976 5168 3086 5224 Deo
3128 5167 3412 5237 dispergit,
3446 5177 3506 5223 ut

1936 5270 2213 5332 peccatum
2241 5276 2256 5317 :
2280 5269 2335 5316 et
2363 5260 2500 5316 nihil
2530 5261 2599 5315 ita
2630 5260 2697 5313 ad
2725 5256 2890 5313 Deum
2920 5267 3199 5328 aggregat,
3226 5268 3284 5310 ut
3307 5257 3498 5313 virtus.

1937 5351 2246 5407 Ostendens
2285 5357 2469 5405 autem
2524 5347 2977 5414 misericordiam,
3028 5347 3147 5403 avis
3184 5346 3501 5416 exemplum

1937 5445 2106 5513 ponit.
2138 5443 2345 5498 idcirco
2369 5443 2496 5512 quia
2531 5441 2799 5508 noluistis,
2836 5441 3084 5510 relinquo
3116 5439 3373 5510 templum
3407 5438 3503 5492 dc-

1935 5544 2163 5589 sertum.
2188 5532 2300 5588 Hoc
2326 5532 2445 5588 loco
2474 5532 2769 5599 discamus,
2802 5531 2945 5603 quod
2978 5540 3201 5603 propter
3239 5543 3334 5584 nos
3363 5528 3503 5585 Deus

1936 5634 1989 5682 et
2028 5624 2223 5695 templa
2266 5623 2534 5680 inhabitat
2574 5640 2589 5678 :
2622 5623 2765 5693 quod
2803 5624 2848 5681 si
2895 5636 2995 5680 nos
3019 5619 3337 5693 desperandi
3378 5617 3497 5672 fue-

1939 5718 2130 5781 rimus,
2151 5728 2276 5773 tunc
2301 5716 2678 5789 relinquuntur
2689 5726 2743 5772 et
2760 5715 2975 5786 templa.
2998 5714 3116 5771 Non
3136 5714 3299 5784 igitur
3325 5723 3409 5764 me
3425 5710 3501 5762 vi-

1941 5810 2161 5881 debitis,
2185 5809 2391 5882 inquit,
2411 5825 2581 5882 usque
2608 5808 2676 5868 ad
2704 5810 2998 5868 secundum
3016 5808 3326 5865 adventum.
3344 5799 3500 5858 Tunc
