3968 6460
253 335 388 405 ΙΜ

865 346 1312 412 ENARRATIO
1351 352 1436 416 IN
1476 354 1867 421 EVANGELI‘

1974 362 1978 420 ζ
2010 359 2399 425 ΜᾹΤΤΗᾸΞΙ.
2434 386 2507 400 -·
2541 362 2699 432 CAP.
2735 365 2942 430 XXIV.

3424 363 3535 428 410

256 460 367 516 ἵνα
410 462 485 534 μὴ
506 464 805 530 νομίσωσιν
852 464 936 519 ὃτι
966 465 1155 537 πρὶνῆ
1185 465 1467 539 κηρύξωσι
1499 473 1857 546 συντελεσθή-

1974 487 2374 533 consummatur
2409 480 2667 547 mundus,
2696 481 2865 538 dicit:
2911 479 2990 539 Ne
3040 482 3349 538 turbemini.
3384 482 3534 538 Nou-

258 570 438 608 σεται
479 557 507 609 ό
533 556 762 628 κόσμος,
796 557 948 627 φησί’
984 557 1078 629 Μὴ
1117 557 1459 630 θορυϐεῖσθε.
1496 562 1666 620 Οὔπω
1688 565 1799 637 γὰρ
1826 567 1860 639 ὴ

259 648 567 704 συντέλεια
586 666 602 682 ·
648 650 768 705 οὐδὲ
794 651 904 722 γὰρ
933 652 1049 724 ἀμα
1075 657 1143 728 τῇ
1171 660 1498 729 κατασκαφῇ
1523 659 1622 730 τῆς
1661 660 1864 733 Ἰερου-

258 739 468 813 σαλὴμ
519 744 614 796 καὶ
643 743 676 813 ή
704 743 860 812 κοινὴ
896 746 1181 801 συντέλεια
1231 748 1407 804 ἔσται.
1441 750 1635 816 Ἔθνος
1661 750 1720 806 δὲ
1769 751 1864 806 ἐπὶ

259 829 464 897 ἔθνος,
502 831 597 885 καὶ
625 832 899 902 βασιλείαν
929 838 1022 890 ἐπὶ
1039 837 1314 907 βασιλείαν
1342 840 1736 914 ἑγερθήσεσθαι
1772 843 1865 899 λέ-

255 934 391 987 γει,
415 919 505 974 διὰ
539 922 607 975 τά
641 923 871 992 ἐσόμενα
890 926 1002 990 τοῖς
1044 928 1320 994 Ἰουδαίοις
1351 932 1516 992 κακὰ,
1553 931 1698 1005 άπερ
1724 934 1863 990 εἰσὶν

257 1014 427 1083 ἀρχὴ
454 1014 683 1071 ὠδίνων.
740 1015 954 1088 Ὠσπερ
988 1019 1098 1091 γάρ
1122 1023 1177 1074 ai
1210 1022 1396 1086 ὠδῖνες
1415 1024 1656 1093 γίνονται
1681 1029 1748 1100 τῇ
1779 1045 1863 1083 τι-

254 1104 512 1178 κτούσῃ,
544 1108 639 1161 καὶ
684 1106 828 1163 οὕτω
877 1109 1073 1175 τίκτει,
1131 1112 1276 1168 οὕτω
1310 1116 1403 1168 καὶ
1432 1116 1462 1168 ό
1501 1117 1692 1187 παρὼν
1727 1117 1862 1173 αἰὼν

260 1200 427 1268 μετά
463 1200 561 1263 τὰς
590 1201 878 1272 συγχύσεις
910 1204 1004 1257 καὶ
1031 1206 1159 1271 τοὺς
1197 1208 1470 1282 πολέμους
1500 1212 1864 1285 ἀπογεννήσει

257 1297 343 1351 τὰ
390 1300 679 1370 μέλλοντα.

356 1409 377 1441 ι
425 1391 563 1446 Τότε
614 1393 1027 1465 παραδώσουσιν
1072 1396 1218 1467 ὑμᾶς
1250 1397 1332 1460 εἰς
1375 1395 1579 1466 θλίψιν,
1607 1396 1702 1450 καὶ
1730 1396 1866 1451 ἀπο-

259 1483 568 1538 κτενοῦσιν
607 1485 787 1556 ὑμᾶς·
817 1489 912 1542 καὶ
937 1489 1127 1543 ἔσεσθε
1169 1489 1488 1560 μισούμενοι
1513 1488 1617 1543 ὑπὸ
1647 1489 1866 1545 πάντων

261 1575 389 1629 τῶν
418 1576 593 1631 ἐθνῶν
618 1578 709 1633 διὰ
741 1579 806 1634 τὸ
827 1579 1000 1652 ὄνομά
1028 1598 1131 1653 μου
1156 1598 1171 1614 ο
1195 1582 1438 1637 καὶ-τότε
1473 1580 1866 1652 σκανδαλισθή-

263 1685 470 1724 σονται
492 1668 703 1736 πολλοὶ,
726 1673 820 1727 καὶ
841 1673 1107 1744 ἀλλήλους
1136 1672 1545 1744 παραδώσουσι,
1576 1674 1670 1728 καὶ
1701 1673 1860 1745 μισήο

266 1774 473 1812 σουσιν
505 1759 771 1831 ἀλλήλους
790 1778 806 1795 ο
856 1763 955 1816 καὶ
1014 1761 1201 1817 πολλοὶ
1227 1762 1674 1835 ψευδοπροφῆται
1709 1766 1868 1836 ἐγερ-

1963 569 2090 625 dum
2139 571 2283 627 enim
2321 575 2752 641 consummatio,
2797 589 2970 645 neque
3007 590 3128 630 cum
3181 578 3534 632 subversione

1964 660 2302 718 Hierusalem
2350 664 2454 719 erit
2507 664 2778 736 generalis
2837 668 3253 731 consummatio.
3303 670 3531 725 Gentem

1966 768 2096 809 vero
2147 763 2338 811 contra
2396 767 2645 827 gentem,
2696 767 2752 813 et
2801 773 3024 829 regnum
3073 771 3259 814 contra
3309 777 3532 829 regnum

1964 856 2343 903 exsurrectura
2371 847 2503 903 dicit
2534 856 2752 919 propter
2776 848 3108 904 imminentia
3128 848 3326 905 Jndazis
3359 851 3533 906 mala:

1966 953 2087 1007 qua}
2138 938 2288 994 initia
2336 948 2464 995 sunt
2510 940 2781 996 dolorum.
2833 941 2989 996 Sicut
3035 943 3180 996 enim
3225 944 3535 1013 parturiens

1967 1028 2129 1096 dolet,
2175 1038 2231 1085 et
2274 1029 2353 1086 sic
2389 1030 2572 1100 parit:
2617 1030 2691 1086 ita
2737 1039 2793 1086 et
2843 1047 3079 1102 praesens
3111 1034 3367 1088 saeculum
3418 1042 3536 1104 post

1966 1119 2312 1178 confusioues
2335 1132 2390 1178 et
2416 1122 2553 1178 bella
2580 1124 2756 1192 pariet
2783 1124 2986 1181 futura.

2033 1381 2197 1438 Vsus.
2229 1380 2283 1437 9.
2325 1400 2344 1435 ι
2377 1381 2533 1439 Tunc
2574 1383 2790 1439 tradent
2832 1398 2928 1441 vos
2973 1384 3029 1440 in
3069 1383 3449 1451 aﬂlictioncm,
3481 1391 3539 1441 et

1965 1475 2216 1532 occident
2239 1491 2355 1542 vos,
2398 1486 2451 1531 et
2480 1476 2635 1532 eritis
2669 1475 2827 1531 invisi
2869 1478 3080 1532 cunctis
3126 1477 3375 1546 gentibus
3409 1491 3539 1545 pro-

1966 1579 2086 1638 pter
2116 1582 2309 1623 nomen
2340 1583 2546 1624 meum.
2587 1568 2655 1623 Et
2690 1577 2817 1623 tunc
2845 1567 3227 1623 oﬂ'endiculum
3267 1569 3539 1640 patientur

1962 1658 2145 1722 multi,
2175 1668 2230 1713 et
2267 1659 2410 1715 alius
2448 1660 2612 1714 alium
2647 1659 2879 1715 invicem
2921 1660 3170 1723 tradent,
3208 1673 3374 1729 seque
3413 1658 3539 1715 odio

1968 1751 2242 1808 habebunt
2264 1753 2515 1817 invicem,
2538 1761 2594 1807 et
2621 1752 2770 1806 multi
2797 1753 3277 1823 pseudopropltetae
3297 1760 3537 1821 surgent,

265 1846 566 1921 θήσονται,
608 1852 705 1906 καὶ
736 1853 1070 1924 πλανήσουσι
1102 1853 1331 1918 πολλούς
1350 1871 1366 1888 σ
1391 1856 1486 1910 καὶ
1523 1856 1612 1910 διά
1633 1856 1694 1909 τὸ
1725 1856 1864 1926 πλη-

1974 1855 2017 1901 et
2053 1846 2315 1905 seduccnt
2344 1844 2542 1901 multos
2572 1862 2588 1901 :
2624 1854 2680 1901 et
2712 1847 2968 1910 quoniam
3013 1845 3310 1900 abundabit
3339 1844 3541 1913 iniqui-

265 1942 545 2012 θυνθῆναι
568 1944 665 2016 τὴν
698 1945 949 2017 ἀνομίαν,
970 1945 1279 2020 ψυγήσεται
1312 1949 1345 2020 ή
1379 1949 1567 2018 ἀγάπη
1594 1948 1866 2015 τῶνςπσλ-

263 2034 412 2090 λῶν.
449 2036 510 2091 ’0
538 2037 596 2091 δὲ
634 2037 934 2110 ὑπομείνας
968 2041 1051 2105 είς
1086 2040 1262 2109 τέλος,
1301 2033 1458 2106 οὗτος
1485 2042 1808 2113 σωθήσεται.
1841 2060 1860 2095 ι

267 2128 550 2199 Προλέγει
580 2130 650 2186 τὰ
690 2132 1084 2204 συμϐησόμενα
1107 2134 1279 2201 κακὰ,
1309 2133 1752 2207 παραθαρρύνων
1777 2133 1868 2189 διὰ

270 2223 375 2274 τοῦ
411 2221 707 2293 προλέγειν
728 2226 858 2289 τοὺς
890 2225 1161 2298 μαθητάς.
1193 2227 1266 2281 Τὸ
1312 2228 1423 2299 γὰρ
1459 2227 1867 2299 ἀπροσδόκητον

271 2313 476 2369 εἴωθεν
502 2314 755 2385 ικιροδετν
804 2317 899 2370 καὶ
921 2319 1232 2388 ταράττειν.
1265 2319 1631 2392 Προομαλίζει
1659 2318 1753 2374 οὖν
1774 2319 1866 2374 τὸν

272 2405 450 2473 φόϐον
476 2406 564 2460 διά
595 2408 688 2460 τοῦ
718 2409 1114 2482 προαγορεύειν
1143 2410 1211 2464 τὰ
1244 2410 1504 2481 μέλλοντα
1549 2410 1719 2478 δεινὰ,
1740 2412 1868 2476 τοὺς

272 2497 534 2566 φθόνους,
563 2498 660 2563 τάς
684 2498 906 2571 ἔχθρας,
927 2501 1054 2566 τοὺς
1090 2502 1544 2573 σκανδαλισμοὺς,
1579 2503 1707 2567 τοὺς
1732 2502 1867 2573 ψευ-

272 2589 657 2662 δοπροφήτας,
711 2593 763 2646 οἳ
797 2592 1094 2663 πρόδρομοι
1151 2592 1245 2646 τοῦ
1289 2593 1666 2666 ’Δντιχρίστου
1704 2595 1863 2659 εἰσὶν,

270 2683 710 2746 ἀποπλανῶντες
763 2684 888 2747 τοὺς
940 2684 1188 2750 πολλοὺς,
1219 2676 1362 2739 ὥστε
1395 2686 1533 2759 πρὸς
1571 2687 1678 2740 πᾶν
1727 2682 1867 2751 εἶδος

272 2774 514 2843 ἀνομίας
548 2775 964 2847 ὲκτραχηλίζειν
992 2775 1189 2832 αὐτούς
1211 2791 1226 2808 ⁶
1269 2777 1359 2833 διὰ
1381 2776 1437 2831 δὲ
1468 2779 1530 2831 τὸ
1552 2777 1867 2850 πληθυνθῆ-

272 2884 372 2920 ναι
393 2868 493 2937 τὴν
528 2867 760 2938 ἀνομίαν
798 2870 863 2922 ἐκ
894 2870 994 2940 τῆς
1055 2868 1266 2940 πλάνης
1310 2869 1408 2924 τοῦ
1473 2862 1866 2941 ’Δντιχρίστου,

275 2944 790 3032 ἐκθηριωθήσονται
835 2962 886 3014 οἱ
918 2960 1220 3033 ἀνθρωττοι,
1260 2961 1335 3026 ώς
1400 2960 1541 3033 μηδὲ
1584 2960 1721 3032 πρὸς
1744 2961 1869 3024 τοὺς

272 3053 654 3116 οἰκειοτάτους
685 3052 882 3119 σώζειν
920 3053 1127 3123 ἰκμάδα
1155 3053 1279 3107 τινὰ
1321 3053 1567 3124 ἀγάπης,
1603 3052 1739 3107 ἀλλά
1768 3070 1871 3106 πα-

277 3140 596 3212 ραδίδοσθαι
620 3141 714 3196 ὑπ’
740 3142 986 3214 ἀλλήλων
1006 3159 1022 3176 ο
1046 3144 1075 3197 ό
1099 3143 1156 3197 δὲ
1178 3144 1307 3215 ἄχρι
1334 3143 1523 3207 τέλους
1545 3144 1867 3212 ὑπομείνας,

275 3233 381 3286 καὶ
427 3235 779 3304 καρτερικῶς
836 3234 1036 3307 φέρων,
1087 3236 1180 3289 καὶ
1232 3236 1307 3307 μὴ
1369 3235 1554 3300 ὲνδοὺς
1606 3235 1743 3305 πρὸς
1801 3234 1871 3289 τὰ

274 3323 622 3394 ὲπαγόμενα,
654 3324 963 3394 σωθήσεται
993 3323 1068 3389 ὡς
1095 3324 1319 3395 δόκιμος
1360 3322 1703 3397 στρατιώτης
1733 3324 1872 3379 ἀνα-

278 3413 500 3483 φανείς.

363 3523 382 3555 ι
421 3505 533 3559 Καὶ
563 3504 970 3577 κηρυχθήσεται
1003 3505 1163 3559 τοῦτο
1191 3505 1252 3560 τὸ
1284 3507 1616 3576 Εύαγγέλιον
1644 3507 1743 3578 τῆς
1771 3506 1871 3577 βα-

281 3594 495 3659 σιλείας
551 3597 612 3648 ὲν
653 3596 751 3670 ὅλῃ
778 3599 845 3668 τῇ
901 3596 1222 3669 οἰκουμένῃ,
1277 3598 1358 3661 εἰς
1395 3597 1698 3669 μαρτύριον
1733 3598 1871 3651 πᾶσι

277 3690 398 3752 τοῖς
429 3686 627 3755 ἔθνεσι,
651 3688 748 3742 καὶ
766 3688 889 3741 τότε
909 3688 1031 3760 ἥξει
1052 3686 1113 3741 τδ
1143 3689 1314 3752 τέλος.
1351 3708 1369 3740 ι
1399 3690 1516 3743 Οὐκ
1536 3689 1873 3760 ὲμποδισθήη

283 3780 446 3835 σεσθε
472 3781 551 3845 είς
577 3782 637 3833 τὸ
660 3779 978 3852 κηρύττειν,
1012 3779 1286 3854 θαρρεῖτε.
1307 3781 1734 3853 Κηρυχθήσεται
1760 3780 1871 3852 γάρ

281 3874 349 3927 τὸ
369 3874 701 3943 Εὑαγγέλιον
756 3874 815 3927 ἐν
847 3874 983 3927 πᾶσι
1011 3876 1123 3937 τοίς
1175 3872 1412 3937 ἔθνεσιν,
1434 3875 1517 3938 είς
1547 3872 1870 3945 μαρτύριον,

283 3965 564 4018 τουτέστιν
606 3967 688 4029 είς
732 3964 976 4036 ἔλεγχον,
1060 3967 1139 4028 εἰς
1162 3964 1499 4037 κατηγορίαν
1526 3964 1636 4019 τῶν
1671 3966 1746 4036 μὴ
1777 3983 1871 4019 πι-

290 4059 652 4124 στευσάντων,
672 4059 765 4113 καὶ
782 4059 904 4113 τότε
935 4058 1056 4129 ἣξει
1081 4059 1144 4112 τὸ
1167 4058 1341 4125 τέλος,
1365 4058 1486 4129 οὐχὶ
1514 4057 1608 4112 τοῦ
1641 4058 1869 4129 κόσμου,

291 4152 423 4207 ἀλλά
448 4155 548 4224 τῆς
591 4151 970 4223 Ἱερουσαλήμ’
1038 4150 1145 4221 πρὸ
1199 4149 1309 4223 γὰρ
1360 4150 1456 4203 τοῦ
1512 4150 1715 4203 ἁλῶναι
1770 4151 1871 4221 τὴν

303 4242 657 4313 Ἰερουσαλὴμ
690 4239 971 4311 ἐκηρύχθη
1005 4239 1067 4293 τδ
1106 4239 1459 4308 Εὐαγγέλιον,
1489 4239 1682 4311 ὥσπερ
1715 4240 1810 4294 καὶ
1843 4241 1872 4293 ό

292 4335 500 4398 Παῦλος
527 4334 698 4404 λέγει·
734 4331 842 4387 Τοῦ
871 4332 1204 4402 Εὐαγγελιόυ
1234 4331 1606 4403 κηρυχθέντος
1636 4333 1695 4385 ἐν
1722 4330 1873 4403 πάσῃ

290 4427 353 4495 τῇ
391 4424 572 4477 κτίσει
596 4425 663 4495 τῇ
701 4422 793 4476 ὑπ’
825 4422 1077 4492 οὐρανόν.
1110 4421 1236 4476 ’Ὁτι
1264 4422 1374 4491 γὰρ
1401 4421 1531 4491 περὶ⁵
1558 4422 1651 4473 τοῦ
1682 4420 1871 4484 τέλους

1970 1946 2072 1997 tas.
2110 1937 2423 2007 refrigescet
2453 1937 2694 1993 cbaritas
2722 1937 3035 1993 multorum.
3069 1936 3171 2004 Qui
3209 1948 3385 1992 autem
3415 1950 3539 2005 per-

1965 2032 2299 2087 severaverit
2334 2048 2505 2102 usque
2535 2033 2588 2089 in
2622 2034 2818 2098 linem,
2861 2033 2946 2088 bic
2974 2031 3154 2087 salvus
3182 2031 3306 2085 erit.
3345 2049 3364 2082 ι
3392 2028 3540 2084 Prac-

1964 2127 2099 2182 dicit
2141 2135 2399 2182 eventura
2444 2126 2603 2198 13o
2646 2125 2782 2181 mala
2806 2166 2821 2191 ,
2848 2125 3094 2179 animans
3124 2122 3416 2191 discipulos
3443 2136 3541 2191 per

1969 2223 2070 2278 hoc
2118 2224 2261 2295 quod
2314 2222 2577 2293 praedicit.
2634 2221 2770 2277 Nam
2824 2221 3196 2291 inexspectata
3249 2229 3456 2272 terrere
3485 2225 3541 2270 et

1969 2315 2188 2371 turbare
2220 2324 2644 2372 consueverunt.
2690 2313 3026 2384 Praamitigat
3068 2312 3231 2383 igitur
3265 2312 3536 2373 timorem,

1966 2396 2308 2479 praedicendo
2351 2407 2531 2464 futura
2569 2409 2778 2478 gravia,
2808 2407 2954 2471 odia,
2998 2404 3333 2469 inimicitias,
3371 2401 3541 2457 offen-

1968 2506 2169 2572 siones,
2199 2503 2718 2581 pseudopropltetas,
2746 2502 2834 2570 qui
2868 2482 3240 2571 praecursores
3270 2507 3396 2554 sunt
3428 2497 3543 2549 An-

1967 2598 2237 2662 tichristi,
2302 2598 2620 2655 seduceutes
2674 2597 2917 2662 multos,
2974 2596 3048 2649 ita
3113 2603 3173 2648 ut
3224 2594 3279 2647 in
3323 2608 3540 2647 omnem

1968 2690 2309 2760 iniquitatem
2352 2703 2447 2744 eos
2489 2687 2847 2759 praecipitent.
2891 2687 3027 2755 Quia
3064 2696 3245 2743 autem
3280 2684 3541 2753 multipli-
3590 2750 3593 2751 ν

1967 2784 2180 2839 cabitur
2206 2781 2470 2854 iniquitas
2508 2796 2604 2851 per
2638 2781 2966 2851 imposturas
3004 2779 3325 2834 Antichristi
3348 2819 3366 2843 ,
3395 2793 3540 2832 exa-

1967 2875 2332 2944 sperabuntur
2359 2882 2414 2928 et
2438 2870 2615 2928 efferi'
2639 2880 2798 2927 erunt
2842 2869 3126 2937 homines,
3166 2870 3239 2925 ita
3278 2880 3336 2924 ut
3369 2884 3540 2938 neque

1969 2981 2094 3022 cum
2120 2964 2563 3021 familiarissimis
2591 2963 2757 3019 ullum
2797 2971 3017 3019 servent
3043 2962 3324 3018 charitatis
3359 2960 3542 3015 vincu-

1969 3060 2100 3123 lum,
2136 3059 2228 3114 sed
2258 3067 2501 3114 mutuum
2521 3074 2579 3112 se
2608 3056 2907 3111 tradant".
2927 3053 3028 3122 Qui
3057 3064 3239 3109 autem
3269 3067 3437 3123 usque
3468 3052 3536 3106 ad

1974 3151 2134 3204 finem
2189 3148 2652 3219 perseveraverit,
2709 3156 2764 3202 et
2822 3147 3035 3203 fortiter
3095 3145 3310 3211 tulerit,
3370 3158 3545 3214 neque

1971 3240 2198 3296 cesserit
2241 3238 2327 3294 his
2374 3254 2493 3308 qua:
2542 3236 2889 3302 inferuntur,
2932 3244 3060 3292 tunc
3099 3233 3284 3291 salvus
3326 3234 3450 3299 erit,
3489 3242 3548 3290 et

1971 3330 2413 3402 comprobabitur
2432 3339 2686 3386 strenuus
2705 3327 2881 3384 miles.

2043 3509 2209 3575 Vens,
2233 3509 2320 3565 l4.
2352 3527 2371 3562 ι
2401 3508 2470 3565 Ει
2491 3506 2870 3578 przedicabitur
2892 3507 2994 3562 hoc
3022 3504 3368 3575 Evangelium
3395 3503 3547 3575 regni

1948 3601 2025 3663 in
2057 3603 2311 3657 universo
2339 3601 2490 3667 orbe,
2515 3602 2571 3656 in
2600 3600 2972 3656 testimonium
2997 3598 3249 3654 omnibus
3268 3598 3546 3668 gentibus,

1971 3702 2027 3748 et
2057 3695 2183 3746 tunc
2210 3691 2388 3747 veniet
2416 3691 2836 3746 consummatio.
2876 3707 2894 3741 ι
2936 3688 3050 3743 Non
3080 3688 3187 3743 erit
3219 3687 3371 3744 vobis
3401 3700 3544 3757 pra:-

1971 3782 2187 3836 dicandi
2228 3780 2558 3836 obstaculum
2583 3820 2599 3846 ,
2646 3780 2944 3849 confidite,
2991 3779 3376 3848 praedicabitur
3401 3779 3547 3834 enim

1971 3873 2321 3944 Evangelium
2369 3872 2422 3927 in
2461 3872 2718 3927 omnibus
2753 3871 3027 3942 gentibus,
3058 3871 3110 3925 in
3149 3871 3547 3937 testimonium,

1972 3968 2079 4024 hoc
2123 3975 2247 4032 est,
2302 3965 2356 4019 in
2412 3964 2890 4034 reprehensionem
2938 3972 2992 4018 et
3041 3962 3548 4017 condemnationem

1970 4075 2158 4116 eorum
2185 4056 2276 4128 qui
2306 4071 2412 4112 non
2439 4056 2783 4112 crediderunt
2808 4074 2822 4111 :
2853 4065 2907 4110 et
2934 4065 3061 4110 tunc
3091 4053 3269 4110 veniet
3292 4070 3549 4110 consum-

1974 4152 2176 4217 matio,
2227 4165 2334 4205 non
2392 4147 2620 4215 mundi,
2681 4150 2777 4202 sed
2833 4146 3192 4203 Hierusalem.
3240 4146 3373 4200 Nam
3423 4158 3551 4202 ante

1972 4252 2185 4314 captam
2236 4240 2573 4296 Hierusalem
2630 4240 2978 4309 praedicatum
3035 4248 3119 4292 est
3173 4237 3546 4310 Evangelium,

1973 4335 2116 4389 sicut
2141 4342 2196 4390 et
2234 4332 2430 4387 Paulus
2462 4331 2589 4386 dicit
2620 4346 2635 4384 :
2675 4329 2980 4399 Evangelii,
3018 4333 3162 4400 quod
3197 4328 3549 4399 prtedicalum

1973 4427 2137 4482 estin
2168 4425 2313 4481 onmi
2356 4440 2476 4495 qua:
2507 4426 2607 4480 Sub
2637 4424 2777 4479 cmlo
2807 4433 3083 4478 creatura.
3119 4420 3251 4475 Nam
3296 4421 3442 4492 quod
3486 4423 3553 4478 de

289 4515 395 4570 τῶν
434 4514 826 4586 Ἱεροσολύμων
849 4513 1019 4583 λέγει,
1058 4511 1219 4583 δῆλον
1242 4512 1351 4566 ἀπὸ
1394 4509 1505 4564 τῶν
1533 4511 1660 4582 ἑξῆς
1684 4527 1698 4540 ’
1734 4512 1867 4581 φησὶ

1979 4521 2085 4572 line
2113 4515 2612 4586 Hierosolymorum
2644 4516 2821 4581 dicat,
2855 4512 3204 4568 manifestum
3236 4524 3321 4568 est
3359 4529 3421 4570 ex
3460 4530 3551 4571 se-

291 4606 416 4677 γάρ’

364 4717 384 4751 ι
430 4698 605 4752 Ὅταν
656 4690 750 4751 οὗν
807 4695 955 4766 ἴδητε
983 4695 1043 4749 τδ
1074 4693 1351 4766 βδέλυγμα
1378 4694 1477 4764 τῆς
1510 4694 1866 4766 ἐρημώσεως,

288 4790 349 4845 τὸ
381 4790 546 4862 ῥηθὲν
574 4789 662 4848 διὰ
686 4788 887 4860 Δανιὴλ
939 4787 1033 4842 τοῦ
1064 4789 1370 4860 προφήτου,
1399 4786 1569 4849 ἑστὼς
1620 4786 1679 4839 ὲν
1720 4784 1870 4855 τόπῳ

291 4882 450 4953 ἁγίῳ,
479 4883 509 4934 ὁ
539 4878 932 4950 ἀναγινώσκων
960 4878 1169 4935 νοείτω.
1212 4897 1232 4932 ι
1279 4877 1568 4948 Βδέλυγμα
1597 4878 1698 4948 τῆς
1735 4878 1870 4947 ὲρη-

293 4972 522 5045 μώσεως
561 4971 660 5043 τὴν
707 4971 910 5044 στήλην
938 4970 1086 5041 λέγει
1120 4969 1216 5025 τοῦ
1235 4969 1334 5042 τὴν
1364 4970 1520 5024 πόλιν
1554 4970 1866 5041 κρατήσαν-

289 5086 401 5136 τος,
449 5071 520 5141 ήν
569 5068 796 5140 ἔστησεν
849 5068 908 5120 ὲν
955 5069 1067 5130 τοῖς
1098 5065 1314 5129 ἀδύτοις
1335 5063 1430 5119 τοῦ
1454 5063 1588 5119 ναοῦ
1608 5080 1622 5093 ⁸
1654 5063 1870 5135 ἐρημώ-

293 5176 429 5223 σεως
456 5160 555 5230 μὲν
585 5153 700 5222 οὖν,
726 5157 861 5212 διότι
889 5156 1167 5229 δπορθήθη
1192 5158 1227 5229 ή
1259 5157 1415 5221 πόλις
1433 5171 1448 5187 ·
1481 5156 1762 5229 βδέλυγμα
1787 5155 1870 5220 δὲ,

290 5253 425 5308 διότι
474 5252 571 5316 τὰς
633 5250 833 5322 στήλας
860 5250 1078 5314 καὶτὰς
1135 5249 1350 5315 εἰκόνας
1375 5248 1484 5303 τῶν
1531 5247 1865 5320 ἀνθρώπων,

294 5344 640 5415 βδελύγματα
673 5340 955 5413 ὠνόμαζον
1009 5343 1059 5396 οἱ
1107 5339 1390 5414 .Ἐ6ραϊοι,
1442 5340 1543 5410 τὴν
1592 5339 1876 5394 εἰδωλολα-

291 5456 319 5490 τ
324 5436 381 5510 ,τί
388 5454 451 5490 αν
478 5434 791 5506 μισοῦντες.

369 5548 389 5580 ι
427 5529 561 5581 Τότε
582 5529 633 5582 οἱ
663 5531 720 5582 ὲν
745 5531 812 5601 τῇ
856 5527 1103 5599 Ἰουδαίᾳ,
1133 5528 1490 5598 φευγέτωσαν
1516 5527 1609 5580 ἐπὶ
1630 5527 1698 5582 τά
1738 5526 1863 5597 δρη·

295 5622 323 5674 ἑ
358 5619 452 5674 ἐπὶ
473 5618 567 5673 τοῦ
590 5617 857 5691 δώματος,
897 5619 974 5692 μὴ
1003 5619 1378 5677 καταϐαινέτω
1418 5616 1551 5694 ἆραι
1579 5620 1647 5676 τὰ
1679 5621 1744 5675 ἐκ
1773 5618 1875 5688 τῆς

264 5874 291 5887 κ
365 5796 648 5853 υυοιοεε.
685 5810 725 5852 ι.

1895 4560 1950 4620 D

1899 4606 1946 4675 θ’
1976 4608 2287 4678 quentibus.
2323 4606 2464 4661 Dicit
2497 4606 2638 4660 enim
2673 4622 2688 4658 :

2048 4698 2212 4755 Vens.
2272 4698 2357 4754 15.
2435 4717 2453 4751 ι
2488 4696 2622 4753 Cum
2689 4712 2842 4768 ergo,
2905 4697 3150 4752 videritis
3193 4696 3555 4752 abominatio-

1977 4807 2100 4847 nem
2133 4790 2504 4855 desolatiouis,
2532 4805 2653 4860 qum
2681 4790 2824 4844 dicta
2850 4803 2936 4845 est
2956 4806 2984 4843 a
3019 4789 3237 4844 Daniele
3269 4789 3550 4859 propheta,

1926 4920 1941 4927 ρ
1977 4892 2212 4937 stantem
2265 4881 2317 4935 in
2372 4880 2493 4936 loco
2544 4888 2769 4944 sancto,
2818 4880 2908 4948 qui
2968 4879 3129 4951 legit,
3187 4880 3469 4949 inteiligat.
3528 4898 3551 4934 ι

1973 4976 2445 5032 Abominatiouem
2489 4975 2842 5031 desolationis
2879 4974 3012 5029 dicit
3044 4983 3278 5031 statuam
3315 4973 3431 5042 ejus
3458 4978 3556 5043 qui

1976 5070 2182 5126 civitati
2219 5069 2539 5139 imperarit,
2588 5084 2749 5136 quam
2799 5067 2973 5122 erexit
3014 5067 3068 5120 in
3120 5064 3297 5136 adytis
3343 5067 3551 5134 templi.

1978 5162 2340 5219 Desolatiouis
2385 5172 2567 5216 autem
2619 5160 2850 5224 dicitur,
2900 5174 2966 5214 eo
3008 5159 3149 5228 quod
3195 5158 3553 5229 expugnanda

1980 5264 2125 5312 esset
2153 5254 2366 5310 civitas.
2396 5252 2744 5309 Abominatio
2772 5267 2904 5307 vero
2930 5291 2945 5316 ,
2982 5266 3046 5307 eo
3074 5249 3217 5322 quod
3259 5260 3471 5307 statuas
3497 5260 3558 5306 et

1980 5346 2245 5418 imagines
2266 5346 2545 5401 hominum
2571 5343 2782 5400 Hebrazi
2809 5343 3242 5400 abominationes
3263 5341 3552 5406 vocabant,

1983 5436 2108 5493 odio
2137 5434 2475 5491 idololatria).
2978 5460 2983 5465 ι
3217 5439 3227 5450 ⁸

2056 5522 2219 5579 Vsus.
2259 5520 2349 5577 16.
2394 5541 2415 5575 ι
2452 5522 2602 5578 Tunc
2633 5522 2687 5578 bi
2730 5523 2820 5593 qui
2854 5521 2908 5577 in
2937 5519 3118 5577 ludam
3153 5535 3276 5575 sunt
3299 5557 3315 5582 ,
3350 5517 3556 5590 fugiant

1982 5616 2036 5673 in
2063 5624 2274 5673 montes
2307 5630 2322 5670 :
2355 5613 2401 5671 is
2429 5614 2519 5686 qui
2550 5614 2604 5671 in
2645 5624 2808 5685 tecto,
2843 5627 2951 5670 non
2983 5612 3273 5669 descendat
3307 5617 3365 5664 ut
3405 5608 3557 5665 toliat
