  <div class='ocr_page' id='page_1' title='image "/cluster/home/n/w/nwhite01/storage/ocr_20150623/123/hvd.32044019208198/213.png"; bbox 0 0 3968 6460; ppageno 0'>
   <div class='ocr_carea' id='block_1_1' title="bbox 488 385 591 450">
    <p class='ocr_par' dir='ltr' id='par_1_1' title="bbox 488 385 591 450">
     <span class='ocr_line' id='line_1_1' title="bbox 488 385 591 450; baseline 0.039 -3"><span class='ocrx_word' id='word_1_1' title='bbox 488 385 591 450; x_wconf 59' lang='lat' dir='ltr'><strong>Ill</strong></span> 
     </span>
    </p>
   </div>
   <div class='ocr_carea' id='block_1_2' title="bbox 1381 385 2821 450">
    <p class='ocr_par' dir='ltr' id='par_1_2' title="bbox 1381 385 2821 450">
     <span class='ocr_line' id='line_1_2' title="bbox 1381 385 2821 450; baseline -0.001 -1"><span class='ocrx_word' id='word_1_2' title='bbox 1381 387 1956 449; x_wconf 77' lang='lat' dir='ltr'><strong>THEOPHYLACTI</strong></span> <span class='ocrx_word' id='word_1_3' title='bbox 2005 387 2417 448; x_wconf 64' lang='lat' dir='ltr'><strong>BULGARIE</strong></span> <span class='ocrx_word' id='word_1_4' title='bbox 2461 385 2821 450; x_wconf 75' lang='lat' dir='ltr'><strong>ARCHIEP.</strong></span> 
     </span>
    </p>
   </div>
   <div class='ocr_carea' id='block_1_3' title="bbox 3660 382 3754 450">
    <p class='ocr_par' dir='ltr' id='par_1_3' title="bbox 3660 382 3754 450">
     <span class='ocr_line' id='line_1_3' title="bbox 3660 382 3754 450; baseline 0.053 -5"><span class='ocrx_word' id='word_1_5' title='bbox 3660 382 3754 450; x_wconf 69' lang='grc'><strong>412</strong></span> 
     </span>
    </p>
   </div>
   <div class='ocr_carea' id='block_1_4' title="bbox 455 489 2059 571">
    <p class='ocr_par' dir='ltr' id='par_1_4' title="bbox 455 489 2059 571">
     <span class='ocr_line' id='line_1_4' title="bbox 455 489 2059 571; baseline 0 -20"><span class='ocrx_word' id='word_1_6' title='bbox 455 489 782 570; x_wconf 83' lang='lat' dir='ltr'><strong>-quidquam</strong></span> <span class='ocrx_word' id='word_1_7' title='bbox 827 499 892 554; x_wconf 90' lang='lat' dir='ltr'><strong>de</strong></span> <span class='ocrx_word' id='word_1_8' title='bbox 937 499 1098 554; x_wconf 90' lang='lat' dir='ltr'><strong>domo</strong></span> <span class='ocrx_word' id='word_1_9' title='bbox 1147 514 1288 556; x_wconf 85' lang='lat' dir='ltr'><strong>sua:</strong></span> <span class='ocrx_word' id='word_1_10' title='bbox 1339 509 1393 556; x_wconf 88' lang='lat' dir='ltr'><strong>et</strong></span> <span class='ocrx_word' id='word_1_11' title='bbox 1445 500 1490 554; x_wconf 89' lang='lat' dir='ltr'><strong>is</strong></span> <span class='ocrx_word' id='word_1_12' title='bbox 1527 499 1620 570; x_wconf 87' lang='lat' dir='ltr'><strong>qui</strong></span> <span class='ocrx_word' id='word_1_13' title='bbox 1673 501 1728 555; x_wconf 86' lang='lat' dir='ltr'><strong>in</strong></span> <span class='ocrx_word' id='word_1_14' title='bbox 1773 515 1926 571; x_wconf 99' lang='lat' dir='ltr'><strong>agro,</strong></span> <span class='ocrx_word' id='word_1_15' title='bbox 1970 513 2059 554; x_wconf 85' lang='lat' dir='ltr'><strong>not</strong></span> 
     </span>
    </p>
   </div>
   <div class='ocr_carea' id='block_1_5' title="bbox 2166 489 3754 571">
    <p class='ocr_par' dir='ltr' id='par_1_5' title="bbox 2179 494 3754 568">
     <span class='ocr_line' id='line_1_5' title="bbox 2179 494 3754 568; baseline -0.001 -16"><span class='ocrx_word' id='word_1_16' title='bbox 2179 499 2357 564; x_wconf 84' lang='grc' dir='ltr'>οίκίας</span> <span class='ocrx_word' id='word_1_17' title='bbox 2392 496 2584 565; x_wconf 86' lang='grc' dir='ltr'>αὐτοῦ,</span> <span class='ocrx_word' id='word_1_18' title='bbox 2628 496 2723 552; x_wconf 68' lang='grc' dir='ltr'>καὶ</span> <span class='ocrx_word' id='word_1_19' title='bbox 2749 498 2776 550; x_wconf 89' lang='grc' dir='ltr'><strong>ό</strong></span> <span class='ocrx_word' id='word_1_20' title='bbox 2808 497 2867 550; x_wconf 83' lang='grc' dir='ltr'>ἐν</span> <span class='ocrx_word' id='word_1_21' title='bbox 2925 494 3003 568; x_wconf 78' lang='grc' dir='ltr'>τῷ</span> <span class='ocrx_word' id='word_1_22' title='bbox 3032 495 3212 567; x_wconf 82' lang='grc' dir='ltr'>ἀγρῷ,</span> <span class='ocrx_word' id='word_1_23' title='bbox 3267 494 3347 564; x_wconf 81' lang='grc' dir='ltr'>μὴ</span> <span class='ocrx_word' id='word_1_24' title='bbox 3389 494 3754 564; x_wconf 72' lang='grc' dir='ltr'><strong>ἐπιστρεψάτω</strong></span> 
     </span>
    </p>
   </div>
   <div class='ocr_carea' id='block_1_6' title="bbox 491 589 2072 650">
    <p class='ocr_par' dir='ltr' id='par_1_6' title="bbox 491 589 2072 650">
     <span class='ocr_line' id='line_1_6' title="bbox 491 589 2072 650; baseline 0.001 -4"><span class='ocrx_word' id='word_1_25' title='bbox 491 600 798 646; x_wconf 88' lang='lat' dir='ltr'><strong>revertatur</strong></span> <span class='ocrx_word' id='word_1_26' title='bbox 831 601 889 646; x_wconf 91' lang='lat' dir='ltr'><strong>ut</strong></span> <span class='ocrx_word' id='word_1_27' title='bbox 919 589 1073 647; x_wconf 87' lang='lat' dir='ltr'><strong>toll&#39;at</strong></span> <span class='ocrx_word' id='word_1_28' title='bbox 1102 603 1279 649; x_wconf 78' lang='lat' dir='ltr'><strong>vestes</strong></span> <span class='ocrx_word' id='word_1_29' title='bbox 1307 608 1456 650; x_wconf 83' lang='lat' dir='ltr'><strong>suas.</strong></span> <span class='ocrx_word' id='word_1_30' title='bbox 1491 612 1509 646; x_wconf 75' lang='grc' dir='ltr'><strong>ι</strong></span> <span class='ocrx_word' id='word_1_31' title='bbox 1545 593 1829 649; x_wconf 83' lang='lat' dir='ltr'><strong>lnsiuuans</strong></span> <span class='ocrx_word' id='word_1_32' title='bbox 1857 607 2072 648; x_wconf 87' lang='lat' dir='ltr'><strong>summa</strong></span> 
     </span>
    </p>
   </div>
   <div class='ocr_carea' id='block_1_7' title="bbox 489 683 2072 756">
    <p class='ocr_par' dir='ltr' id='par_1_7' title="bbox 489 683 2072 756">
     <span class='ocr_line' id='line_1_7' title="bbox 489 683 2072 756; baseline 0.004 -22"><span class='ocrx_word' id='word_1_33' title='bbox 489 683 730 754; x_wconf 87' lang='lat' dir='ltr'><strong>pericula</strong></span> <span class='ocrx_word' id='word_1_34' title='bbox 760 699 880 752; x_wconf 74' lang='lat' dir='ltr'><strong>qua:</strong></span> <span class='ocrx_word' id='word_1_35' title='bbox 902 683 1056 739; x_wconf 79' lang='lat' dir='ltr'><strong>evndi</strong></span> <span class='ocrx_word' id='word_1_36' title='bbox 1085 701 1191 740; x_wconf 92' lang='lat' dir='ltr'><strong>non</strong></span> <span class='ocrx_word' id='word_1_37' title='bbox 1225 695 1474 755; x_wconf 84' lang='lat' dir='ltr'><strong>possunt,</strong></span> <span class='ocrx_word' id='word_1_38' title='bbox 1506 687 1682 756; x_wconf 89' lang='lat' dir='ltr'><strong>inquit</strong></span> <span class='ocrx_word' id='word_1_39' title='bbox 1736 687 1880 755; x_wconf 84' lang='lat' dir='ltr'><strong>quod</strong></span> <span class='ocrx_word' id='word_1_40' title='bbox 1911 701 2072 756; x_wconf 73' lang='grc' dir='ltr'>οροτι</span> 
     </span>
    </p>
   </div>
   <div class='ocr_carea' id='block_1_8' title="bbox 489 775 2069 851">
    <p class='ocr_par' dir='ltr' id='par_1_8' title="bbox 489 775 2069 851">
     <span class='ocr_line' id='line_1_8' title="bbox 489 775 2069 851; baseline 0.004 -23"><span class='ocrx_word' id='word_1_41' title='bbox 489 783 600 830; x_wconf 91' lang='lat' dir='ltr'><strong>teat</strong></span> <span class='ocrx_word' id='word_1_42' title='bbox 632 775 817 846; x_wconf 79' lang='lat' dir='ltr'><strong>fugere</strong></span> <span class='ocrx_word' id='word_1_43' title='bbox 849 791 955 831; x_wconf 90' lang='lat' dir='ltr'><strong>non</strong></span> <span class='ocrx_word' id='word_1_44' title='bbox 989 778 1332 849; x_wconf 87' lang='lat' dir='ltr'><strong>respiciendo</strong></span> <span class='ocrx_word' id='word_1_45' title='bbox 1362 793 1535 848; x_wconf 85' lang='lat' dir='ltr'><strong>neque</strong></span> <span class='ocrx_word' id='word_1_46' title='bbox 1566 781 1809 835; x_wconf 86' lang='lat' dir='ltr'><strong>curando</strong></span> <span class='ocrx_word' id='word_1_47' title='bbox 1845 783 1976 851; x_wconf 78' lang='lat' dir='ltr'><strong>quid</strong></span> <span class='ocrx_word' id='word_1_48' title='bbox 2018 780 2069 835; x_wconf 88' lang='lat' dir='ltr'><strong>in</strong></span> 
     </span>
    </p>
   </div>
   <div class='ocr_carea' id='block_1_9' title="bbox 489 868 2069 940">
    <p class='ocr_par' dir='ltr' id='par_1_9' title="bbox 489 868 2069 940">
     <span class='ocr_line' id='line_1_9' title="bbox 489 868 2069 940; baseline 0.004 -17"><span class='ocrx_word' id='word_1_49' title='bbox 489 868 651 923; x_wconf 89' lang='lat' dir='ltr'><strong>domo</strong></span> <span class='ocrx_word' id='word_1_50' title='bbox 682 869 770 934; x_wconf 84' lang='lat' dir='ltr'><strong>sit,</strong></span> <span class='ocrx_word' id='word_1_51' title='bbox 806 871 893 924; x_wconf 87' lang='lat' dir='ltr'><strong>vel</strong></span> <span class='ocrx_word' id='word_1_52' title='bbox 927 882 1142 938; x_wconf 84' lang='lat' dir='ltr'><strong>vestes,</strong></span> <span class='ocrx_word' id='word_1_53' title='bbox 1169 872 1255 926; x_wconf 84' lang='lat' dir='ltr'><strong>vel</strong></span> <span class='ocrx_word' id='word_1_54' title='bbox 1291 872 1394 928; x_wconf 87' lang='lat' dir='ltr'><strong>alia</strong></span> <span class='ocrx_word' id='word_1_55' title='bbox 1430 889 1581 930; x_wconf 86' lang='lat' dir='ltr'><strong>vasa.</strong></span> <span class='ocrx_word' id='word_1_56' title='bbox 1619 873 1850 940; x_wconf 83' lang='lat' dir='ltr'><strong>Quidam</strong></span> <span class='ocrx_word' id='word_1_57' title='bbox 1887 884 2069 930; x_wconf 88' lang='lat' dir='ltr'><strong>autem</strong></span> 
     </span>
    </p>
   </div>
   <div class='ocr_carea' id='block_1_10' title="bbox 487 961 2074 1024">
    <p class='ocr_par' dir='ltr' id='par_1_10' title="bbox 487 961 2074 1024">
     <span class='ocr_line' id='line_1_10' title="bbox 487 961 2074 1024; baseline 0.007 -12"><span class='ocrx_word' id='word_1_58' title='bbox 487 961 944 1018; x_wconf 85' lang='lat' dir='ltr'><strong>abominationem</strong></span> <span class='ocrx_word' id='word_1_59' title='bbox 985 964 1336 1022; x_wconf 84' lang='lat' dir='ltr'><strong>desolationis</strong></span> <span class='ocrx_word' id='word_1_60' title='bbox 1362 967 1408 998; x_wconf 84' lang='lat'><strong>&quot;</strong></span> <span class='ocrx_word' id='word_1_61' title='bbox 1461 967 1853 1024; x_wconf 83' lang='lat' dir='ltr'><strong>Antichristum</strong></span> <span class='ocrx_word' id='word_1_62' title='bbox 1885 968 2074 1023; x_wconf 72' lang='lat' dir='ltr'><strong>existi-</strong></span> 
     </span>
    </p>
   </div>
   <div class='ocr_carea' id='block_1_11' title="bbox 487 1057 2066 1124">
    <p class='ocr_par' dir='ltr' id='par_1_11' title="bbox 487 1057 2066 1124">
     <span class='ocr_line' id='line_1_11' title="bbox 487 1057 2066 1124; baseline 0.006 -20"><span class='ocrx_word' id='word_1_63' title='bbox 487 1060 718 1120; x_wconf 81' lang='lat' dir='ltr'><strong>mantes,</strong></span> <span class='ocrx_word' id='word_1_64' title='bbox 752 1068 818 1108; x_wconf 87' lang='lat' dir='ltr'><strong>eo</strong></span> <span class='ocrx_word' id='word_1_65' title='bbox 854 1057 995 1124; x_wconf 88' lang='lat' dir='ltr'><strong>quod</strong></span> <span class='ocrx_word' id='word_1_66' title='bbox 1029 1066 1338 1113; x_wconf 82' lang='lat' dir='ltr'><strong>vastaturus</strong></span> <span class='ocrx_word' id='word_1_67' title='bbox 1373 1059 1632 1114; x_wconf 85' lang='lat' dir='ltr'><strong>mundum</strong></span> <span class='ocrx_word' id='word_1_68' title='bbox 1685 1071 1738 1115; x_wconf 85' lang='lat' dir='ltr'><strong>et</strong></span> <span class='ocrx_word' id='word_1_69' title='bbox 1773 1059 2066 1115; x_wconf 85' lang='lat' dir='ltr'><strong>subversu-</strong></span> 
     </span>
    </p>
   </div>
   <div class='ocr_carea' id='block_1_12' title="bbox 487 1146 2071 1225">
    <p class='ocr_par' dir='ltr' id='par_1_12' title="bbox 487 1146 2071 1225">
     <span class='ocr_line' id='line_1_12' title="bbox 487 1146 2071 1225; baseline 0.008 -29"><span class='ocrx_word' id='word_1_70' title='bbox 487 1157 584 1196; x_wconf 90' lang='lat' dir='ltr'><strong>rus</strong></span> <span class='ocrx_word' id='word_1_71' title='bbox 621 1146 690 1199; x_wconf 90' lang='lat' dir='ltr'><strong>sit</strong></span> <span class='ocrx_word' id='word_1_72' title='bbox 721 1147 1005 1215; x_wconf 72' lang='lat' dir='ltr'><strong>ecclesias,</strong></span> <span class='ocrx_word' id='word_1_73' title='bbox 1040 1165 1103 1204; x_wconf 90' lang='lat' dir='ltr'><strong>ac</strong></span> <span class='ocrx_word' id='word_1_74' title='bbox 1136 1166 1390 1207; x_wconf 83' lang='lat' dir='ltr'><strong>sessurus</strong></span> <span class='ocrx_word' id='word_1_75' title='bbox 1419 1153 1469 1206; x_wconf 90' lang='lat' dir='ltr'><strong>iu</strong></span> <span class='ocrx_word' id='word_1_76' title='bbox 1508 1154 1730 1222; x_wconf 89' lang='lat' dir='ltr'><strong>templo,</strong></span> <span class='ocrx_word' id='word_1_77' title='bbox 1765 1154 2071 1225; x_wconf 85' lang='lat' dir='ltr'><strong>intelligunt</strong></span> 
     </span>
    </p>
   </div>
   <div class='ocr_carea' id='block_1_13' title="bbox 484 1234 2071 1311">
    <p class='ocr_par' dir='ltr' id='par_1_13' title="bbox 484 1234 2071 1311">
     <span class='ocr_line' id='line_1_13' title="bbox 484 1234 2071 1311; baseline 0.011 -25"><span class='ocrx_word' id='word_1_78' title='bbox 484 1241 535 1286; x_wconf 91' lang='lat' dir='ltr'><strong>et</strong></span> <span class='ocrx_word' id='word_1_79' title='bbox 570 1234 672 1288; x_wconf 91' lang='lat' dir='ltr'><strong>ista</strong></span> <span class='ocrx_word' id='word_1_80' title='bbox 711 1236 813 1301; x_wconf 89' lang='lat' dir='ltr'><strong>sic,</strong></span> <span class='ocrx_word' id='word_1_81' title='bbox 855 1241 998 1308; x_wconf 82' lang='lat' dir='ltr'><strong>quod</strong></span> <span class='ocrx_word' id='word_1_82' title='bbox 1041 1243 1131 1310; x_wconf 87' lang='lat' dir='ltr'><strong>qui</strong></span> <span class='ocrx_word' id='word_1_83' title='bbox 1177 1244 1229 1297; x_wconf 91' lang='lat' dir='ltr'><strong>in</strong></span> <span class='ocrx_word' id='word_1_84' title='bbox 1267 1253 1424 1299; x_wconf 65' lang='lat' dir='ltr'><strong>tecto</strong></span> <span class='ocrx_word' id='word_1_85' title='bbox 1455 1255 1556 1311; x_wconf 85' lang='lat' dir='ltr'><strong>est,</strong></span> <span class='ocrx_word' id='word_1_86' title='bbox 1601 1247 1652 1300; x_wconf 90' lang='lat' dir='ltr'><strong>id</strong></span> <span class='ocrx_word' id='word_1_87' title='bbox 1699 1255 1802 1310; x_wconf 89' lang='lat' dir='ltr'><strong>cst,</strong></span> <span class='ocrx_word' id='word_1_88' title='bbox 1841 1247 2071 1303; x_wconf 80' lang='lat' dir='ltr'><strong>excelsis</strong></span> 
     </span>
    </p>
   </div>
   <div class='ocr_carea' id='block_1_14' title="bbox 483 1326 2070 1399">
    <p class='ocr_par' dir='ltr' id='par_1_14' title="bbox 483 1326 2070 1399">
     <span class='ocr_line' id='line_1_14' title="bbox 483 1326 2070 1399; baseline 0.009 -22"><span class='ocrx_word' id='word_1_89' title='bbox 483 1326 782 1385; x_wconf 84' lang='lat' dir='ltr'><strong>virtutibus</strong></span> <span class='ocrx_word' id='word_1_90' title='bbox 822 1332 1101 1399; x_wconf 63' lang='lat' dir='ltr'><strong>praeditus,</strong></span> <span class='ocrx_word' id='word_1_91' title='bbox 1129 1351 1234 1389; x_wconf 88' lang='lat' dir='ltr'><strong>non</strong></span> <span class='ocrx_word' id='word_1_92' title='bbox 1271 1336 1564 1391; x_wconf 83' lang='lat' dir='ltr'><strong>descendat</strong></span> <span class='ocrx_word' id='word_1_93' title='bbox 1590 1354 1618 1391; x_wconf 90' lang='lat' dir='ltr'><strong>a</strong></span> <span class='ocrx_word' id='word_1_94' title='bbox 1645 1339 1872 1393; x_wconf 80' lang='lat' dir='ltr'><strong>summis</strong></span> <span class='ocrx_word' id='word_1_95' title='bbox 1902 1337 2070 1392; x_wconf 87' lang='lat' dir='ltr'><strong>virtu-</strong></span> 
     </span>
    </p>
   </div>
   <div class='ocr_carea' id='block_1_15' title="bbox 487 1419 2067 1498">
    <p class='ocr_par' dir='ltr' id='par_1_15' title="bbox 487 1419 2067 1498">
     <span class='ocr_line' id='line_1_15' title="bbox 487 1419 2067 1498; baseline 0.008 -27"><span class='ocrx_word' id='word_1_96' title='bbox 487 1419 632 1474; x_wconf 90' lang='lat' dir='ltr'><strong>tibus</strong></span> <span class='ocrx_word' id='word_1_97' title='bbox 659 1431 716 1474; x_wconf 90' lang='lat' dir='ltr'><strong>ut</strong></span> <span class='ocrx_word' id='word_1_98' title='bbox 755 1423 906 1477; x_wconf 85' lang='lat' dir='ltr'><strong>tollat</strong></span> <span class='ocrx_word' id='word_1_99' title='bbox 933 1441 996 1479; x_wconf 84' lang='lat' dir='ltr'><strong>ea</strong></span> <span class='ocrx_word' id='word_1_100' title='bbox 1038 1442 1158 1495; x_wconf 84' lang='lat' dir='ltr'><strong>quae</strong></span> <span class='ocrx_word' id='word_1_101' title='bbox 1201 1438 1326 1482; x_wconf 89' lang='lat' dir='ltr'><strong>sunt</strong></span> <span class='ocrx_word' id='word_1_102' title='bbox 1362 1429 1630 1498; x_wconf 85' lang='lat' dir='ltr'><strong>corporis.</strong></span> <span class='ocrx_word' id='word_1_103' title='bbox 1681 1431 1880 1485; x_wconf 86' lang='lat' dir='ltr'><strong>Domus</strong></span> <span class='ocrx_word' id='word_1_104' title='bbox 1923 1430 2067 1486; x_wconf 90' lang='lat' dir='ltr'><strong>enim</strong></span> 
     </span>
    </p>
   </div>
   <div class='ocr_carea' id='block_1_16' title="bbox 486 1511 2065 1590">
    <p class='ocr_par' dir='ltr' id='par_1_16' title="bbox 486 1511 2065 1590">
     <span class='ocr_line' id='line_1_16' title="bbox 486 1511 2065 1590; baseline 0.011 -29"><span class='ocrx_word' id='word_1_105' title='bbox 486 1511 708 1578; x_wconf 68' lang='lat' dir='ltr'><strong>animae,</strong></span> <span class='ocrx_word' id='word_1_106' title='bbox 741 1529 960 1582; x_wconf 89' lang='lat' dir='ltr'><strong>corpus.</strong></span> <span class='ocrx_word' id='word_1_107' title='bbox 995 1515 1219 1584; x_wconf 80' lang='lat' dir='ltr'><strong>Oportet</strong></span> <span class='ocrx_word' id='word_1_108' title='bbox 1245 1529 1428 1573; x_wconf 82' lang='lat' dir='ltr'><strong>autem</strong></span> <span class='ocrx_word' id='word_1_109' title='bbox 1455 1528 1510 1573; x_wconf 86' lang='lat' dir='ltr'><strong>et</strong></span> <span class='ocrx_word' id='word_1_110' title='bbox 1537 1519 1604 1573; x_wconf 86' lang='lat' dir='ltr'><strong>ab</strong></span> <span class='ocrx_word' id='word_1_111' title='bbox 1631 1536 1760 1590; x_wconf 87' lang='lat' dir='ltr'><strong>agro</strong></span> <span class='ocrx_word' id='word_1_112' title='bbox 1790 1524 2065 1587; x_wconf 83' lang='lat' dir='ltr'><strong>secedere,</strong></span> 
     </span>
    </p>
   </div>
   <div class='ocr_carea' id='block_1_17' title="bbox 484 1599 2068 1684">
    <p class='ocr_par' dir='ltr' id='par_1_17' title="bbox 484 1599 2068 1684">
     <span class='ocr_line' id='line_1_17' title="bbox 484 1599 2068 1684; baseline 0.011 -29"><span class='ocrx_word' id='word_1_113' title='bbox 484 1599 589 1656; x_wconf 82' lang='lat' dir='ltr'><strong>hoc</strong></span> <span class='ocrx_word' id='word_1_114' title='bbox 621 1611 702 1657; x_wconf 88' lang='lat' dir='ltr'><strong>est</strong></span> <span class='ocrx_word' id='word_1_115' title='bbox 744 1608 973 1660; x_wconf 73' lang='lat' dir='ltr'><strong>terrenis</strong></span> <span class='ocrx_word' id='word_1_116' title='bbox 1007 1625 1020 1637; x_wconf 87' lang='grc'><strong>·</strong></span> <span class='ocrx_word' id='word_1_117' title='bbox 1051 1625 1180 1679; x_wconf 80' lang='lat' dir='ltr'><strong>ager</strong></span> <span class='ocrx_word' id='word_1_118' title='bbox 1221 1611 1366 1664; x_wconf 85' lang='lat' dir='ltr'><strong>cuitu</strong></span> <span class='ocrx_word' id='word_1_119' title='bbox 1402 1613 1506 1666; x_wconf 82' lang='lat' dir='ltr'><strong>vita</strong></span> <span class='ocrx_word' id='word_1_120' title='bbox 1532 1613 1632 1682; x_wconf 86' lang='lat' dir='ltr'><strong>(a),</strong></span> <span class='ocrx_word' id='word_1_121' title='bbox 1665 1629 1840 1684; x_wconf 88' lang='lat' dir='ltr'><strong>neque</strong></span> <span class='ocrx_word' id='word_1_122' title='bbox 1864 1627 2068 1672; x_wconf 85' lang='lat' dir='ltr'><strong>vestem</strong></span> 
     </span>
    </p>
   </div>
   <div class='ocr_carea' id='block_1_18' title="bbox 482 1692 2065 1775">
    <p class='ocr_par' dir='ltr' id='par_1_18' title="bbox 482 1692 2065 1775">
     <span class='ocr_line' id='line_1_18' title="bbox 482 1692 2065 1775; baseline 0.014 -31"><span class='ocrx_word' id='word_1_123' title='bbox 482 1692 675 1750; x_wconf 89' lang='lat' dir='ltr'><strong>tollere</strong></span> <span class='ocrx_word' id='word_1_124' title='bbox 701 1697 941 1765; x_wconf 65' lang='lat' dir='ltr'><strong>malitiae,</strong></span> <span class='ocrx_word' id='word_1_125' title='bbox 976 1716 1096 1771; x_wconf 72' lang='lat' dir='ltr'><strong>qua:</strong></span> <span class='ocrx_word' id='word_1_126' title='bbox 1125 1709 1274 1756; x_wconf 88' lang='lat' dir='ltr'><strong>vetus</strong></span> <span class='ocrx_word' id='word_1_127' title='bbox 1301 1712 1381 1758; x_wconf 87' lang='lat' dir='ltr'><strong>est</strong></span> <span class='ocrx_word' id='word_1_128' title='bbox 1409 1705 1572 1760; x_wconf 82' lang='lat' dir='ltr'><strong>vestis</strong></span> <span class='ocrx_word' id='word_1_129' title='bbox 1603 1720 1761 1775; x_wconf 86' lang='lat' dir='ltr'><strong>quam</strong></span> <span class='ocrx_word' id='word_1_130' title='bbox 1794 1709 2065 1766; x_wconf 85' lang='lat' dir='ltr'><strong>exuimus.</strong></span> 
     </span>
    </p>
   </div>
   <div class='ocr_carea' id='block_1_19' title="bbox 565 1851 2144 1954">
    <p class='ocr_par' dir='ltr' id='par_1_19' title="bbox 565 1851 2144 1954">
     <span class='ocr_line' id='line_1_19' title="bbox 565 1851 2144 1954; baseline 0.016 -32"><span class='ocrx_word' id='word_1_131' title='bbox 565 1870 730 1931; x_wconf 74' lang='lat' dir='ltr'><strong>Vsus.</strong></span> <span class='ocrx_word' id='word_1_132' title='bbox 767 1877 853 1931; x_wconf 81' lang='lat' dir='ltr'><strong>l9.</strong></span> <span class='ocrx_word' id='word_1_133' title='bbox 900 1895 920 1929; x_wconf 78' lang='grc' dir='ltr'><strong>ι</strong></span> <span class='ocrx_word' id='word_1_134' title='bbox 958 1879 1050 1933; x_wconf 78' lang='lat' dir='ltr'><strong>Vae</strong></span> <span class='ocrx_word' id='word_1_135' title='bbox 1087 1888 1267 1934; x_wconf 88' lang='lat' dir='ltr'><strong>autem</strong></span> <span class='ocrx_word' id='word_1_136' title='bbox 1301 1885 1700 1954; x_wconf 64' lang='lat' dir='ltr'><strong>praegnantibus</strong></span> <span class='ocrx_word' id='word_1_137' title='bbox 1730 1896 1784 1943; x_wconf 89' lang='lat' dir='ltr'><strong>et</strong></span> <span class='ocrx_word' id='word_1_138' title='bbox 1811 1889 2063 1946; x_wconf 85' lang='lat' dir='ltr'><strong>lactanti-</strong></span> <span class='ocrx_word' id='word_1_139' title='bbox 2098 1851 2144 1911; x_wconf 72' lang='grc' dir='ltr'><strong>Β</strong></span> 
     </span>
    </p>
   </div>
   <div class='ocr_carea' id='block_1_20' title="bbox 479 1971 2063 2053">
    <p class='ocr_par' dir='ltr' id='par_1_20' title="bbox 479 1971 2063 2053">
     <span class='ocr_line' id='line_1_20' title="bbox 479 1971 2063 2053; baseline 0.009 -28"><span class='ocrx_word' id='word_1_140' title='bbox 479 1971 583 2025; x_wconf 84' lang='lat' dir='ltr'><strong>bus</strong></span> <span class='ocrx_word' id='word_1_141' title='bbox 613 1973 666 2024; x_wconf 90' lang='lat' dir='ltr'><strong>in</strong></span> <span class='ocrx_word' id='word_1_142' title='bbox 695 1971 800 2026; x_wconf 84' lang='lat' dir='ltr'><strong>illis</strong></span> <span class='ocrx_word' id='word_1_143' title='bbox 833 1971 1046 2027; x_wconf 87' lang='lat' dir='ltr'><strong>diebus.</strong></span> <span class='ocrx_word' id='word_1_144' title='bbox 1087 1993 1105 2026; x_wconf 81' lang='grc' dir='ltr'><strong>ι</strong></span> <span class='ocrx_word' id='word_1_145' title='bbox 1145 1973 1491 2045; x_wconf 80' lang='lat' dir='ltr'><strong>Praegnantes</strong></span> <span class='ocrx_word' id='word_1_146' title='bbox 1518 1979 1735 2047; x_wconf 89' lang='lat' dir='ltr'><strong>quidem</strong></span> <span class='ocrx_word' id='word_1_147' title='bbox 1765 1996 1874 2037; x_wconf 90' lang='lat' dir='ltr'><strong>non</strong></span> <span class='ocrx_word' id='word_1_148' title='bbox 1907 1997 2063 2053; x_wconf 84' lang='lat' dir='ltr'><strong>pote-</strong></span> 
     </span>
    </p>
   </div>
   <div class='ocr_carea' id='block_1_21' title="bbox 482 2063 2063 2140">
    <p class='ocr_par' dir='ltr' id='par_1_21' title="bbox 482 2063 2063 2140">
     <span class='ocr_line' id='line_1_21' title="bbox 482 2063 2063 2140; baseline 0.011 -25"><span class='ocrx_word' id='word_1_149' title='bbox 482 2072 612 2117; x_wconf 89' lang='lat' dir='ltr'><strong>runt</strong></span> <span class='ocrx_word' id='word_1_150' title='bbox 669 2063 892 2134; x_wconf 82' lang='lat' dir='ltr'><strong>lugere,</strong></span> <span class='ocrx_word' id='word_1_151' title='bbox 953 2080 1120 2122; x_wconf 85' lang='lat' dir='ltr'><strong>onere</strong></span> <span class='ocrx_word' id='word_1_152' title='bbox 1183 2068 1390 2123; x_wconf 87' lang='lat' dir='ltr'><strong>ventris</strong></span> <span class='ocrx_word' id='word_1_153' title='bbox 1449 2080 1688 2140; x_wconf 59' lang='lat' dir='ltr'><strong>gravatas</strong></span> <span class='ocrx_word' id='word_1_154' title='bbox 1723 2091 1742 2138; x_wconf 44' lang='grc' dir='ltr'><strong>ι,</strong></span> <span class='ocrx_word' id='word_1_155' title='bbox 1801 2075 2063 2132; x_wconf 86' lang='lat' dir='ltr'><strong>lactantes</strong></span> 
     </span>
    </p>
   </div>
   <div class='ocr_carea' id='block_1_22' title="bbox 481 2161 2061 2236">
    <p class='ocr_par' dir='ltr' id='par_1_22' title="bbox 481 2161 2061 2236">
     <span class='ocr_line' id='line_1_22' title="bbox 481 2161 2061 2236; baseline 0.012 -28"><span class='ocrx_word' id='word_1_156' title='bbox 481 2166 664 2210; x_wconf 84' lang='lat' dir='ltr'><strong>autem</strong></span> <span class='ocrx_word' id='word_1_157' title='bbox 714 2169 936 2226; x_wconf 83' lang='lat' dir='ltr'><strong>propter</strong></span> <span class='ocrx_word' id='word_1_158' title='bbox 986 2161 1422 2228; x_wconf 84' lang='lat' dir='ltr'><strong>compassionem</strong></span> <span class='ocrx_word' id='word_1_159' title='bbox 1478 2178 1606 2232; x_wconf 77' lang='lat' dir='ltr'><strong>erga</strong></span> <span class='ocrx_word' id='word_1_160' title='bbox 1659 2182 1877 2236; x_wconf 88' lang='lat' dir='ltr'><strong>pueros.</strong></span> <span class='ocrx_word' id='word_1_161' title='bbox 1934 2169 2061 2228; x_wconf 83' lang='lat' dir='ltr'><strong>Illos</strong></span> 
     </span>
    </p>
   </div>
   <div class='ocr_carea' id='block_1_23' title="bbox 478 2248 2064 2329">
    <p class='ocr_par' dir='ltr' id='par_1_23' title="bbox 478 2248 2064 2329">
     <span class='ocr_line' id='line_1_23' title="bbox 478 2248 2064 2329; baseline 0.011 -30"><span class='ocrx_word' id='word_1_162' title='bbox 478 2248 625 2302; x_wconf 86' lang='lat' dir='ltr'><strong>enim</strong></span> <span class='ocrx_word' id='word_1_163' title='bbox 660 2249 967 2320; x_wconf 83' lang='lat' dir='ltr'><strong>relinquere</strong></span> <span class='ocrx_word' id='word_1_164' title='bbox 999 2265 1302 2321; x_wconf 88' lang='lat' dir='ltr'><strong>nequeunt,</strong></span> <span class='ocrx_word' id='word_1_165' title='bbox 1337 2270 1511 2325; x_wconf 89' lang='lat' dir='ltr'><strong>neque</strong></span> <span class='ocrx_word' id='word_1_166' title='bbox 1540 2271 1724 2312; x_wconf 89' lang='lat' dir='ltr'><strong>secum</strong></span> <span class='ocrx_word' id='word_1_167' title='bbox 1757 2271 1976 2329; x_wconf 90' lang='lat' dir='ltr'><strong>portare</strong></span> <span class='ocrx_word' id='word_1_168' title='bbox 2007 2273 2064 2317; x_wconf 84' lang='lat' dir='ltr'><strong>et</strong></span> 
     </span>
    </p>
   </div>
   <div class='ocr_carea' id='block_1_24' title="bbox 479 2339 2058 2425">
    <p class='ocr_par' dir='ltr' id='par_1_24' title="bbox 479 2339 2058 2425">
     <span class='ocr_line' id='line_1_24' title="bbox 479 2339 2058 2425; baseline 0.01 -33"><span class='ocrx_word' id='word_1_169' title='bbox 479 2339 642 2394; x_wconf 84' lang='lat' dir='ltr'><strong>simul</strong></span> <span class='ocrx_word' id='word_1_170' title='bbox 675 2341 888 2396; x_wconf 78' lang='lat' dir='ltr'><strong>salvere</strong></span> <span class='ocrx_word' id='word_1_171' title='bbox 914 2353 1179 2410; x_wconf 88' lang='lat' dir='ltr'><strong>possunt:</strong></span> <span class='ocrx_word' id='word_1_172' title='bbox 1210 2355 1338 2400; x_wconf 88' lang='lat' dir='ltr'><strong>tunc</strong></span> <span class='ocrx_word' id='word_1_173' title='bbox 1364 2362 1468 2402; x_wconf 84' lang='lat' dir='ltr'><strong>non</strong></span> <span class='ocrx_word' id='word_1_174' title='bbox 1502 2347 1763 2420; x_wconf 83' lang='lat' dir='ltr'><strong>eﬂ‘ugient</strong></span> <span class='ocrx_word' id='word_1_175' title='bbox 1795 2351 1931 2407; x_wconf 89' lang='lat' dir='ltr'><strong>iram</strong></span> <span class='ocrx_word' id='word_1_176' title='bbox 1959 2353 2058 2425; x_wconf 73' lang='grc' dir='ltr'>(ὁ).</span> 
     </span>
    </p>
   </div>
   <div class='ocr_carea' id='block_1_25' title="bbox 478 2429 2063 2513">
    <p class='ocr_par' dir='ltr' id='par_1_25' title="bbox 478 2429 2063 2513">
     <span class='ocr_line' id='line_1_25' title="bbox 478 2429 2063 2513; baseline 0.013 -29"><span class='ocrx_word' id='word_1_177' title='bbox 478 2429 735 2489; x_wconf 76' lang='lat' dir='ltr'><strong>Fortasse</strong></span> <span class='ocrx_word' id='word_1_178' title='bbox 770 2435 923 2506; x_wconf 77' lang='lat'><strong>131</strong></span> <span class='ocrx_word' id='word_1_179' title='bbox 964 2437 1214 2494; x_wconf 76' lang='lat' dir='ltr'><strong>Christus</strong></span> <span class='ocrx_word' id='word_1_180' title='bbox 1247 2439 1488 2496; x_wconf 83' lang='lat' dir='ltr'><strong>insinuat</strong></span> <span class='ocrx_word' id='word_1_181' title='bbox 1529 2444 1672 2513; x_wconf 92' lang='lat' dir='ltr'><strong>quod</strong></span> <span class='ocrx_word' id='word_1_182' title='bbox 1711 2455 1768 2501; x_wconf 85' lang='lat' dir='ltr'><strong>et</strong></span> <span class='ocrx_word' id='word_1_183' title='bbox 1815 2454 2063 2504; x_wconf 86' lang='lat' dir='ltr'><strong>comede-</strong></span> 
     </span>
    </p>
   </div>
   <div class='ocr_carea' id='block_1_26' title="bbox 478 2526 2063 2604">
    <p class='ocr_par' dir='ltr' id='par_1_26' title="bbox 478 2526 2063 2604">
     <span class='ocr_line' id='line_1_26' title="bbox 478 2526 2063 2604; baseline 0.011 -27"><span class='ocrx_word' id='word_1_184' title='bbox 478 2526 590 2579; x_wconf 86' lang='lat' dir='ltr'><strong>rint</strong></span> <span class='ocrx_word' id='word_1_185' title='bbox 634 2540 852 2594; x_wconf 89' lang='lat' dir='ltr'><strong>pueros.</strong></span> <span class='ocrx_word' id='word_1_186' title='bbox 899 2527 1038 2582; x_wconf 89' lang='lat' dir='ltr'><strong>Dicit</strong></span> <span class='ocrx_word' id='word_1_187' title='bbox 1077 2530 1220 2584; x_wconf 89' lang='lat' dir='ltr'><strong>enim</strong></span> <span class='ocrx_word' id='word_1_188' title='bbox 1264 2531 1534 2604; x_wconf 82' lang='lat' dir='ltr'><strong>Josephus</strong></span> <span class='ocrx_word' id='word_1_189' title='bbox 1573 2537 1717 2604; x_wconf 89' lang='lat' dir='ltr'><strong>quod</strong></span> <span class='ocrx_word' id='word_1_190' title='bbox 1763 2553 1895 2591; x_wconf 91' lang='lat' dir='ltr'><strong>cum-</strong></span> <span class='ocrx_word' id='word_1_191' title='bbox 1918 2549 2063 2594; x_wconf 89' lang='lat' dir='ltr'><strong>esset</strong></span> 
     </span>
    </p>
   </div>
   <div class='ocr_carea' id='block_1_27' title="bbox 477 2617 2060 2690">
    <p class='ocr_par' dir='ltr' id='par_1_27' title="bbox 477 2617 2060 2690">
     <span class='ocr_line' id='line_1_27' title="bbox 477 2617 2060 2690; baseline 0.01 -19"><span class='ocrx_word' id='word_1_192' title='bbox 477 2617 652 2674; x_wconf 77' lang='lat' dir='ltr'><strong>fatnes</strong></span> <span class='ocrx_word' id='word_1_193' title='bbox 699 2631 920 2690; x_wconf 90' lang='lat' dir='ltr'><strong>propter</strong></span> <span class='ocrx_word' id='word_1_194' title='bbox 965 2622 1338 2688; x_wconf 86' lang='lat' dir='ltr'><strong>obsidionem.</strong></span> <span class='ocrx_word' id='word_1_195' title='bbox 1394 2627 1585 2682; x_wconf 82' lang='lat' dir='ltr'><strong>mulier</strong></span> <span class='ocrx_word' id='word_1_196' title='bbox 1634 2631 1844 2686; x_wconf 80' lang='lat' dir='ltr'><strong>coxerit</strong></span> <span class='ocrx_word' id='word_1_197' title='bbox 1893 2631 2060 2687; x_wconf 87' lang='lat' dir='ltr'><strong>lilium</strong></span> 
     </span>
    </p>
   </div>
   <div class='ocr_carea' id='block_1_28' title="bbox 473 2715 1055 2769">
    <p class='ocr_par' dir='ltr' id='par_1_28' title="bbox 473 2715 1055 2769">
     <span class='ocr_line' id='line_1_28' title="bbox 473 2715 1055 2769; baseline 0.009 -5"><span class='ocrx_word' id='word_1_198' title='bbox 473 2726 629 2765; x_wconf 86' lang='lat' dir='ltr'><strong>suum</strong></span> <span class='ocrx_word' id='word_1_199' title='bbox 658 2721 712 2767; x_wconf 89' lang='lat' dir='ltr'><strong>et</strong></span> <span class='ocrx_word' id='word_1_200' title='bbox 740 2715 1055 2769; x_wconf 84' lang='lat' dir='ltr'><strong>comederit.</strong></span> 
     </span>
    </p>
   </div>
   <div class='ocr_carea' id='block_1_29' title="bbox 549 2800 2056 2884">
    <p class='ocr_par' dir='ltr' id='par_1_29' title="bbox 549 2800 2056 2884">
     <span class='ocr_line' id='line_1_29' title="bbox 549 2800 2056 2884; baseline 0.01 -28"><span class='ocrx_word' id='word_1_201' title='bbox 549 2800 713 2859; x_wconf 74' lang='lat' dir='ltr'><strong>Vsus.</strong></span> <span class='ocrx_word' id='word_1_202' title='bbox 738 2805 829 2858; x_wconf 74' lang='lat'><strong>20.</strong></span> <span class='ocrx_word' id='word_1_203' title='bbox 861 2823 880 2856; x_wconf 78' lang='grc' dir='ltr'><strong>ι</strong></span> <span class='ocrx_word' id='word_1_204' title='bbox 910 2803 1076 2860; x_wconf 83' lang='lat' dir='ltr'><strong>Orate</strong></span> <span class='ocrx_word' id='word_1_205' title='bbox 1097 2816 1276 2862; x_wconf 83' lang='lat' dir='ltr'><strong>autem</strong></span> <span class='ocrx_word' id='word_1_206' title='bbox 1301 2821 1367 2863; x_wconf 88' lang='lat' dir='ltr'><strong>ne</strong></span> <span class='ocrx_word' id='word_1_207' title='bbox 1389 2811 1510 2881; x_wconf 81' lang='lat' dir='ltr'><strong>fuga</strong></span> <span class='ocrx_word' id='word_1_208' title='bbox 1537 2823 1718 2867; x_wconf 87' lang='lat' dir='ltr'><strong>vestra</strong></span> <span class='ocrx_word' id='word_1_209' title='bbox 1745 2814 1838 2868; x_wconf 77' lang='lat' dir='ltr'><strong>ﬂat</strong></span> <span class='ocrx_word' id='word_1_210' title='bbox 1860 2815 2056 2884; x_wconf 87' lang='lat' dir='ltr'><strong>hieme,</strong></span> 
     </span>
    </p>
   </div>
   <div class='ocr_carea' id='block_1_30' title="bbox 474 2895 2060 2969">
    <p class='ocr_par' dir='ltr' id='par_1_30' title="bbox 474 2895 2060 2969">
     <span class='ocr_line' id='line_1_30' title="bbox 474 2895 2060 2969; baseline 0.009 -19"><span class='ocrx_word' id='word_1_211' title='bbox 474 2911 651 2965; x_wconf 84' lang='lat' dir='ltr'><strong>neque</strong></span> <span class='ocrx_word' id='word_1_212' title='bbox 673 2895 934 2952; x_wconf 89' lang='lat' dir='ltr'><strong>Sabbato.</strong></span> <span class='ocrx_word' id='word_1_213' title='bbox 966 2916 986 2950; x_wconf 71' lang='grc' dir='ltr'>ι</span> <span class='ocrx_word' id='word_1_214' title='bbox 1013 2895 1070 2951; x_wconf 89' lang='lat' dir='ltr'><strong>In</strong></span> <span class='ocrx_word' id='word_1_215' title='bbox 1101 2912 1332 2968; x_wconf 83' lang='lat' dir='ltr'><strong>persona</strong></span> <span class='ocrx_word' id='word_1_216' title='bbox 1362 2903 1729 2969; x_wconf 81' lang='lat' dir='ltr'><strong>apostolorum</strong></span> <span class='ocrx_word' id='word_1_217' title='bbox 1755 2908 1820 2959; x_wconf 85' lang='lat' dir='ltr'><strong>ad</strong></span> <span class='ocrx_word' id='word_1_218' title='bbox 1843 2905 2060 2964; x_wconf 64' lang='lat' dir='ltr'><strong>Iudaeos</strong></span> 
     </span>
    </p>
   </div>
   <div class='ocr_carea' id='block_1_31' title="bbox 476 2988 2056 3066">
    <p class='ocr_par' dir='ltr' id='par_1_31' title="bbox 476 2988 2056 3066">
     <span class='ocr_line' id='line_1_31' title="bbox 476 2988 2056 3066; baseline 0.01 -26"><span class='ocrx_word' id='word_1_219' title='bbox 476 2988 590 3042; x_wconf 71' lang='lat' dir='ltr'><strong>haec</strong></span> <span class='ocrx_word' id='word_1_220' title='bbox 633 2988 783 3044; x_wconf 71' lang='lat' dir='ltr'><strong>dicit.</strong></span> <span class='ocrx_word' id='word_1_221' title='bbox 836 2991 1081 3058; x_wconf 83' lang='lat' dir='ltr'><strong>Apostoli</strong></span> <span class='ocrx_word' id='word_1_222' title='bbox 1139 2992 1285 3047; x_wconf 90' lang='lat' dir='ltr'><strong>enim</strong></span> <span class='ocrx_word' id='word_1_223' title='bbox 1349 2993 1500 3061; x_wconf 89' lang='lat' dir='ltr'><strong>prius</strong></span> <span class='ocrx_word' id='word_1_224' title='bbox 1549 2999 1752 3066; x_wconf 78' lang='lat' dir='ltr'><strong>egressi</strong></span> <span class='ocrx_word' id='word_1_225' title='bbox 1796 3013 1946 3054; x_wconf 88' lang='lat' dir='ltr'><strong>erant</strong></span> <span class='ocrx_word' id='word_1_226' title='bbox 1991 3019 2056 3057; x_wconf 84' lang='lat' dir='ltr'><strong>ex</strong></span> 
     </span>
    </p>
   </div>
   <div class='ocr_carea' id='block_1_32' title="bbox 472 3080 2055 3160">
    <p class='ocr_par' dir='ltr' id='par_1_32' title="bbox 472 3080 2055 3160">
     <span class='ocr_line' id='line_1_32' title="bbox 472 3080 2055 3160; baseline 0.008 -24"><span class='ocrx_word' id='word_1_227' title='bbox 472 3080 799 3137; x_wconf 78' lang='lat' dir='ltr'><strong>Jerusalem.</strong></span> <span class='ocrx_word' id='word_1_228' title='bbox 862 3081 1063 3140; x_wconf 75' lang='lat' dir='ltr'><strong>Judaeis</strong></span> <span class='ocrx_word' id='word_1_229' title='bbox 1105 3083 1267 3154; x_wconf 76' lang='lat' dir='ltr'><strong>igitur</strong></span> <span class='ocrx_word' id='word_1_230' title='bbox 1306 3086 1440 3143; x_wconf 90' lang='lat' dir='ltr'><strong>dicit</strong></span> <span class='ocrx_word' id='word_1_231' title='bbox 1479 3097 1540 3142; x_wconf 87' lang='lat' dir='ltr'><strong>ut</strong></span> <span class='ocrx_word' id='word_1_232' title='bbox 1576 3101 1866 3160; x_wconf 89' lang='lat' dir='ltr'><strong>precentur</strong></span> <span class='ocrx_word' id='word_1_233' title='bbox 1898 3110 1967 3148; x_wconf 91' lang='lat' dir='ltr'><strong>ne</strong></span> <span class='ocrx_word' id='word_1_234' title='bbox 2005 3095 2055 3149; x_wconf 92' lang='lat' dir='ltr'><strong>in</strong></span> 
     </span>
    </p>
   </div>
   <div class='ocr_carea' id='block_1_33' title="bbox 2177 586 3754 664">
    <p class='ocr_par' dir='ltr' id='par_1_33' title="bbox 2177 586 3754 664">
     <span class='ocr_line' id='line_1_33' title="bbox 2177 586 3754 664; baseline -0.002 -17"><span class='ocrx_word' id='word_1_235' title='bbox 2177 592 2352 647; x_wconf 68' lang='grc' dir='ltr'>ὀπίσω</span> <span class='ocrx_word' id='word_1_236' title='bbox 2374 588 2506 664; x_wconf 80' lang='grc' dir='ltr'>ἆραι</span> <span class='ocrx_word' id='word_1_237' title='bbox 2541 591 2612 646; x_wconf 75' lang='grc' dir='ltr'><strong>τὰ,</strong></span> <span class='ocrx_word' id='word_1_238' title='bbox 2641 590 2838 661; x_wconf 78' lang='grc' dir='ltr'>ἱμάτια</span> <span class='ocrx_word' id='word_1_239' title='bbox 2866 588 3055 644; x_wconf 83' lang='grc' dir='ltr'>αὐτοῦ.</span> <span class='ocrx_word' id='word_1_240' title='bbox 3099 608 3118 641; x_wconf 76' lang='lat' dir='ltr'><strong>r</strong></span> <span class='ocrx_word' id='word_1_241' title='bbox 3174 587 3296 659; x_wconf 85' lang='grc' dir='ltr'><strong>Τὴν</strong></span> <span class='ocrx_word' id='word_1_242' title='bbox 3327 586 3442 640; x_wconf 83' lang='grc' dir='ltr'>τῶν</span> <span class='ocrx_word' id='word_1_243' title='bbox 3474 591 3754 659; x_wconf 80' lang='grc' dir='ltr'>συμφορῶν</span> 
     </span>
    </p>
   </div>
   <div class='ocr_carea' id='block_1_34' title="bbox 2175 680 3753 755">
    <p class='ocr_par' dir='ltr' id='par_1_34' title="bbox 2175 680 3753 755">
     <span class='ocr_line' id='line_1_34' title="bbox 2175 680 3753 755; baseline -0.004 -15"><span class='ocrx_word' id='word_1_244' title='bbox 2175 685 2415 754; x_wconf 76' lang='grc' dir='ltr'><strong>ἄφυκτον</strong></span> <span class='ocrx_word' id='word_1_245' title='bbox 2433 683 2736 755; x_wconf 76' lang='grc' dir='ltr'>ὑπερϐολὴν</span> <span class='ocrx_word' id='word_1_246' title='bbox 2761 684 3151 752; x_wconf 77' lang='grc' dir='ltr'>αἰνιττόμενος,</span> <span class='ocrx_word' id='word_1_247' title='bbox 3180 681 3379 750; x_wconf 69' lang='grc' dir='ltr'>φησὶν,</span> <span class='ocrx_word' id='word_1_248' title='bbox 3406 680 3489 733; x_wconf 78' lang='grc' dir='ltr'><strong>ὅτι</strong></span> <span class='ocrx_word' id='word_1_249' title='bbox 3516 681 3620 751; x_wconf 82' lang='grc' dir='ltr'><strong>χρὴ</strong></span> <span class='ocrx_word' id='word_1_250' title='bbox 3639 680 3753 749; x_wconf 65' lang='grc' dir='ltr'>φεύ-</span> 
     </span>
    </p>
   </div>
   <div class='ocr_carea' id='block_1_35' title="bbox 2176 771 3754 848">
    <p class='ocr_par' dir='ltr' id='par_1_35' title="bbox 2176 771 3754 848">
     <span class='ocr_line' id='line_1_35' title="bbox 2176 771 3754 848; baseline -0.002 -16"><span class='ocrx_word' id='word_1_251' title='bbox 2176 795 2293 847; x_wconf 90' lang='grc' dir='ltr'>γειν</span> <span class='ocrx_word' id='word_1_252' title='bbox 2349 777 2785 848; x_wconf 83' lang='grc' dir='ltr'>ἁνεπιστρόφως,</span> <span class='ocrx_word' id='word_1_253' title='bbox 2854 775 3083 846; x_wconf 82' lang='grc' dir='ltr'>μηδενὸς</span> <span class='ocrx_word' id='word_1_254' title='bbox 3113 771 3521 845; x_wconf 73' lang='grc' dir='ltr'>φροντίζοντας</span> <span class='ocrx_word' id='word_1_255' title='bbox 3563 775 3670 826; x_wconf 80' lang='grc' dir='ltr'><strong>τῶν</strong></span> <span class='ocrx_word' id='word_1_256' title='bbox 3703 777 3754 829; x_wconf 86' lang='grc' dir='ltr'>ὲν</span> 
     </span>
    </p>
   </div>
   <div class='ocr_carea' id='block_1_36' title="bbox 2175 864 3753 940">
    <p class='ocr_par' dir='ltr' id='par_1_36' title="bbox 2175 864 3753 940">
     <span class='ocr_line' id='line_1_36' title="bbox 2175 864 3753 940; baseline -0.006 -14"><span class='ocrx_word' id='word_1_257' title='bbox 2175 875 2292 936; x_wconf 83' lang='grc' dir='ltr'>ταῖς</span> <span class='ocrx_word' id='word_1_258' title='bbox 2347 872 2546 932; x_wconf 87' lang='grc' dir='ltr'>σίκίαις</span> <span class='ocrx_word' id='word_1_259' title='bbox 2595 870 2786 934; x_wconf 74' lang='grc' dir='ltr'>ὄντων,</span> <span class='ocrx_word' id='word_1_260' title='bbox 2853 869 2992 940; x_wconf 84' lang='grc' dir='ltr'>μήτε</span> <span class='ocrx_word' id='word_1_261' title='bbox 3053 868 3316 937; x_wconf 78' lang='grc' dir='ltr'>ἱματίων.</span> <span class='ocrx_word' id='word_1_262' title='bbox 3373 865 3512 935; x_wconf 82' lang='grc' dir='ltr'>μήτε</span> <span class='ocrx_word' id='word_1_263' title='bbox 3543 864 3753 918; x_wconf 79' lang='grc' dir='ltr'>ἀλλοίων</span> 
     </span>
    </p>
   </div>
   <div class='ocr_carea' id='block_1_37' title="bbox 2177 955 3752 1032">
    <p class='ocr_par' dir='ltr' id='par_1_37' title="bbox 2177 955 3752 1032">
     <span class='ocr_line' id='line_1_37' title="bbox 2177 955 3752 1032; baseline -0.007 -14"><span class='ocrx_word' id='word_1_264' title='bbox 2177 966 2387 1018; x_wconf 79' lang='grc' dir='ltr'><strong>σκευῶν</strong></span> <span class='ocrx_word' id='word_1_265' title='bbox 2405 979 2418 992; x_wconf 88' lang='grc'><strong>·</strong></span> <span class='ocrx_word' id='word_1_266' title='bbox 2446 962 2590 1026; x_wconf 79' lang='grc' dir='ltr'>τινὲς</span> <span class='ocrx_word' id='word_1_267' title='bbox 2621 961 2678 1015; x_wconf 87' lang='grc' dir='ltr'>δὲ</span> <span class='ocrx_word' id='word_1_268' title='bbox 2703 961 2980 1032; x_wconf 79' lang='grc' dir='ltr'><strong>βδέλυγμα</strong></span> <span class='ocrx_word' id='word_1_269' title='bbox 3009 962 3110 1030; x_wconf 80' lang='grc' dir='ltr'>τῆς</span> <span class='ocrx_word' id='word_1_270' title='bbox 3129 955 3485 1027; x_wconf 78' lang='grc' dir='ltr'><strong>ἐρημώσεως</strong></span> <span class='ocrx_word' id='word_1_271' title='bbox 3527 955 3616 1010; x_wconf 82' lang='grc' dir='ltr'>τὸν</span> <span class='ocrx_word' id='word_1_272' title='bbox 3643 959 3752 1008; x_wconf 73' lang='grc' dir='ltr'><strong>Ἀνο</strong></span> 
     </span>
    </p>
   </div>
   <div class='ocr_carea' id='block_1_38' title="bbox 2174 1047 3754 1126">
    <p class='ocr_par' dir='ltr' id='par_1_38' title="bbox 2174 1047 3754 1126">
     <span class='ocr_line' id='line_1_38' title="bbox 2174 1047 3754 1126; baseline -0.004 -16"><span class='ocrx_word' id='word_1_273' title='bbox 2174 1057 2449 1126; x_wconf 86' lang='grc' dir='ltr'>τίχριστον</span> <span class='ocrx_word' id='word_1_274' title='bbox 2481 1052 2750 1120; x_wconf 81' lang='grc' dir='ltr'>νοοῦντες,</span> <span class='ocrx_word' id='word_1_275' title='bbox 2783 1054 2858 1116; x_wconf 83' lang='grc' dir='ltr'>ὡς</span> <span class='ocrx_word' id='word_1_276' title='bbox 2882 1051 2971 1107; x_wconf 84' lang='grc' dir='ltr'>ἐπ’</span> <span class='ocrx_word' id='word_1_277' title='bbox 2996 1050 3288 1124; x_wconf 79' lang='grc' dir='ltr'>ἐρημώσει</span> <span class='ocrx_word' id='word_1_278' title='bbox 3318 1047 3419 1102; x_wconf 88' lang='grc' dir='ltr'><strong>τοῦ</strong></span> <span class='ocrx_word' id='word_1_279' title='bbox 3441 1048 3645 1115; x_wconf 78' lang='grc' dir='ltr'><strong>κόσμου</strong></span> <span class='ocrx_word' id='word_1_280' title='bbox 3671 1051 3754 1103; x_wconf 77' lang='grc' dir='ltr'>καὶ</span> 
     </span>
    </p>
   </div>
   <div class='ocr_carea' id='block_1_39' title="bbox 2178 1139 3751 1219">
    <p class='ocr_par' dir='ltr' id='par_1_39' title="bbox 2178 1139 3751 1219">
     <span class='ocr_line' id='line_1_39' title="bbox 2178 1139 3751 1219; baseline -0.004 -17"><span class='ocrx_word' id='word_1_281' title='bbox 2178 1151 2532 1219; x_wconf 79' lang='grc' dir='ltr'><strong>καταστροφῇ</strong></span> <span class='ocrx_word' id='word_1_282' title='bbox 2567 1147 2677 1200; x_wconf 84' lang='grc' dir='ltr'>τῶν</span> <span class='ocrx_word' id='word_1_283' title='bbox 2701 1143 3012 1214; x_wconf 76' lang='grc' dir='ltr'><strong>ἐκκλησιῶν</strong></span> <span class='ocrx_word' id='word_1_284' title='bbox 3041 1144 3310 1213; x_wconf 74' lang='grc' dir='ltr'>ἐσόμενον</span> <span class='ocrx_word' id='word_1_285' title='bbox 3342 1141 3442 1194; x_wconf 75' lang='grc' dir='ltr'>καὶ</span> <span class='ocrx_word' id='word_1_286' title='bbox 3478 1139 3751 1195; x_wconf 72' lang='grc' dir='ltr'><strong>καθίσαντα</strong></span> 
     </span>
    </p>
   </div>
   <div class='ocr_carea' id='block_1_40' title="bbox 2173 1231 3752 1311">
    <p class='ocr_par' dir='ltr' id='par_1_40' title="bbox 2173 1231 3752 1311">
     <span class='ocr_line' id='line_1_40' title="bbox 2173 1231 3752 1311; baseline -0.004 -17"><span class='ocrx_word' id='word_1_287' title='bbox 2173 1241 2232 1294; x_wconf 88' lang='grc' dir='ltr'><strong>ἐν</strong></span> <span class='ocrx_word' id='word_1_288' title='bbox 2291 1239 2366 1311; x_wconf 84' lang='grc' dir='ltr'><strong>τῷ</strong></span> <span class='ocrx_word' id='word_1_289' title='bbox 2392 1239 2526 1310; x_wconf 79' lang='grc' dir='ltr'>ναῷ,</span> <span class='ocrx_word' id='word_1_290' title='bbox 2556 1231 2741 1292; x_wconf 81' lang='grc' dir='ltr'>νοοῦσι</span> <span class='ocrx_word' id='word_1_291' title='bbox 2773 1238 2870 1291; x_wconf 78' lang='grc' dir='ltr'><strong>καὶ</strong></span> <span class='ocrx_word' id='word_1_292' title='bbox 2904 1234 3078 1290; x_wconf 88' lang='grc' dir='ltr'>ταῦτα</span> <span class='ocrx_word' id='word_1_293' title='bbox 3105 1233 3308 1298; x_wconf 71' lang='grc' dir='ltr'>οὕτως,</span> <span class='ocrx_word' id='word_1_294' title='bbox 3353 1234 3440 1287; x_wconf 81' lang='grc' dir='ltr'>ὅτι</span> <span class='ocrx_word' id='word_1_295' title='bbox 3492 1234 3520 1284; x_wconf 80' lang='grc' dir='ltr'><strong>ό</strong></span> <span class='ocrx_word' id='word_1_296' title='bbox 3554 1234 3645 1288; x_wconf 73' lang='grc' dir='ltr'><strong>ἐπὶ</strong></span> <span class='ocrx_word' id='word_1_297' title='bbox 3668 1235 3752 1288; x_wconf 78' lang='grc' dir='ltr'>τοῦ</span> 
     </span>
    </p>
   </div>
   <div class='ocr_carea' id='block_1_41' title="bbox 2172 1322 3750 1403">
    <p class='ocr_par' dir='ltr' id='par_1_41' title="bbox 2172 1322 3750 1403">
     <span class='ocr_line' id='line_1_41' title="bbox 2172 1322 3750 1403; baseline -0.006 -18"><span class='ocrx_word' id='word_1_298' title='bbox 2172 1331 2442 1403; x_wconf 83' lang='grc' dir='ltr'><strong>δώματος,</strong></span> <span class='ocrx_word' id='word_1_299' title='bbox 2473 1330 2752 1384; x_wconf 80' lang='grc' dir='ltr'>τουτέστιν</span> <span class='ocrx_word' id='word_1_300' title='bbox 2798 1330 2856 1382; x_wconf 89' lang='grc' dir='ltr'>ἐν</span> <span class='ocrx_word' id='word_1_301' title='bbox 2893 1327 2970 1398; x_wconf 83' lang='grc' dir='ltr'>τῷ</span> <span class='ocrx_word' id='word_1_302' title='bbox 3006 1327 3130 1397; x_wconf 78' lang='grc' dir='ltr'>ὕψει</span> <span class='ocrx_word' id='word_1_303' title='bbox 3161 1325 3279 1378; x_wconf 83' lang='grc' dir='ltr'>τῶν</span> <span class='ocrx_word' id='word_1_304' title='bbox 3311 1322 3529 1394; x_wconf 81' lang='grc' dir='ltr'>ἀρετῶν</span> <span class='ocrx_word' id='word_1_305' title='bbox 3557 1324 3648 1388; x_wconf 84' lang='grc' dir='ltr'>ὣν,</span> <span class='ocrx_word' id='word_1_306' title='bbox 3684 1325 3750 1395; x_wconf 80' lang='grc' dir='ltr'>μὴ</span> 
     </span>
    </p>
   </div>
   <div class='ocr_carea' id='block_1_42' title="bbox 2173 1409 3751 1489">
    <p class='ocr_par' dir='ltr' id='par_1_42' title="bbox 2173 1409 3751 1489">
     <span class='ocr_line' id='line_1_42' title="bbox 2173 1409 3751 1489; baseline -0.004 -13"><span class='ocrx_word' id='word_1_307' title='bbox 2173 1421 2466 1477; x_wconf 76' lang='grc' dir='ltr'><strong>καταϐάτω</strong></span> <span class='ocrx_word' id='word_1_308' title='bbox 2497 1422 2604 1475; x_wconf 83' lang='grc' dir='ltr'><strong>ἀπὸ</strong></span> <span class='ocrx_word' id='word_1_309' title='bbox 2628 1419 2719 1474; x_wconf 87' lang='grc' dir='ltr'><strong>τοῦ</strong></span> <span class='ocrx_word' id='word_1_310' title='bbox 2752 1419 2921 1489; x_wconf 77' lang='grc' dir='ltr'>ὕψους</span> <span class='ocrx_word' id='word_1_311' title='bbox 2955 1419 3062 1472; x_wconf 84' lang='grc' dir='ltr'>τῶν</span> <span class='ocrx_word' id='word_1_312' title='bbox 3089 1417 3330 1488; x_wconf 84' lang='grc' dir='ltr'>ἀρετῶν,</span> <span class='ocrx_word' id='word_1_313' title='bbox 3364 1414 3510 1469; x_wconf 84' lang='grc' dir='ltr'>ὥστε</span> <span class='ocrx_word' id='word_1_314' title='bbox 3538 1409 3662 1484; x_wconf 78' lang='grc' dir='ltr'>ἆραι</span> <span class='ocrx_word' id='word_1_315' title='bbox 3691 1417 3751 1469; x_wconf 75' lang='grc' dir='ltr'>τὰ</span> 
     </span>
    </p>
   </div>
   <div class='ocr_carea' id='block_1_43' title="bbox 2172 1505 3748 1584">
    <p class='ocr_par' dir='ltr' id='par_1_43' title="bbox 2172 1505 3748 1584">
     <span class='ocr_line' id='line_1_43' title="bbox 2172 1505 3748 1584; baseline -0.004 -17"><span class='ocrx_word' id='word_1_316' title='bbox 2172 1515 2264 1568; x_wconf 84' lang='grc' dir='ltr'>τοῦ</span> <span class='ocrx_word' id='word_1_317' title='bbox 2299 1515 2570 1584; x_wconf 85' lang='grc' dir='ltr'>σώματος.</span> <span class='ocrx_word' id='word_1_318' title='bbox 2597 1514 2758 1568; x_wconf 86' lang='grc' dir='ltr'>Οίκία</span> <span class='ocrx_word' id='word_1_319' title='bbox 2781 1515 2890 1584; x_wconf 70' lang='grc' dir='ltr'>γὰρ</span> <span class='ocrx_word' id='word_1_320' title='bbox 2923 1514 3024 1583; x_wconf 85' lang='grc' dir='ltr'><strong>τῆς</strong></span> <span class='ocrx_word' id='word_1_321' title='bbox 3057 1511 3263 1581; x_wconf 72' lang='grc' dir='ltr'>ψυχῆς,</span> <span class='ocrx_word' id='word_1_322' title='bbox 3292 1508 3358 1560; x_wconf 85' lang='grc' dir='ltr'><strong>τὺ</strong></span> <span class='ocrx_word' id='word_1_323' title='bbox 3382 1505 3564 1578; x_wconf 82' lang='grc' dir='ltr'>σῶμα.</span> <span class='ocrx_word' id='word_1_324' title='bbox 3599 1507 3685 1560; x_wconf 77' lang='grc' dir='ltr'><strong>Δεῖ</strong></span> <span class='ocrx_word' id='word_1_325' title='bbox 3699 1506 3748 1560; x_wconf 74' lang='grc' dir='ltr'>δὲ</span> 
     </span>
    </p>
   </div>
   <div class='ocr_carea' id='block_1_44' title="bbox 2172 1599 3746 1678">
    <p class='ocr_par' dir='ltr' id='par_1_44' title="bbox 2172 1599 3746 1678">
     <span class='ocr_line' id='line_1_44' title="bbox 2172 1599 3746 1678; baseline -0.006 -18"><span class='ocrx_word' id='word_1_326' title='bbox 2172 1608 2268 1661; x_wconf 74' lang='grc' dir='ltr'><strong>καὶ</strong></span> <span class='ocrx_word' id='word_1_327' title='bbox 2293 1607 2400 1660; x_wconf 75' lang='grc' dir='ltr'><strong>ἀπὸ</strong></span> <span class='ocrx_word' id='word_1_328' title='bbox 2421 1607 2515 1661; x_wconf 88' lang='grc' dir='ltr'><strong>τοῦ</strong></span> <span class='ocrx_word' id='word_1_329' title='bbox 2545 1606 2716 1678; x_wconf 81' lang='grc' dir='ltr'>ἀγροῦ</span> <span class='ocrx_word' id='word_1_330' title='bbox 2746 1605 3070 1676; x_wconf 79' lang='grc' dir='ltr'>ἀναχωρεῖν,</span> <span class='ocrx_word' id='word_1_331' title='bbox 3102 1601 3358 1656; x_wconf 83' lang='grc' dir='ltr'>τουτέστι</span> <span class='ocrx_word' id='word_1_332' title='bbox 3389 1599 3499 1653; x_wconf 85' lang='grc' dir='ltr'>τῶν</span> <span class='ocrx_word' id='word_1_333' title='bbox 3519 1601 3710 1668; x_wconf 77' lang='grc' dir='ltr'>γηΐνων</span> <span class='ocrx_word' id='word_1_334' title='bbox 3733 1615 3746 1629; x_wconf 75' lang='grc'><strong><em>⁸</em></strong></span> 
     </span>
    </p>
   </div>
   <div class='ocr_carea' id='block_1_45' title="bbox 2170 1692 3749 1771">
    <p class='ocr_par' dir='ltr' id='par_1_45' title="bbox 2170 1692 3749 1771">
     <span class='ocr_line' id='line_1_45' title="bbox 2170 1692 3749 1771; baseline -0.004 -19"><span class='ocrx_word' id='word_1_335' title='bbox 2170 1699 2338 1770; x_wconf 77' lang='grc' dir='ltr'>ἀγρὸς</span> <span class='ocrx_word' id='word_1_336' title='bbox 2372 1699 2476 1771; x_wconf 88' lang='grc' dir='ltr'>γὰρ</span> <span class='ocrx_word' id='word_1_337' title='bbox 2522 1702 2549 1754; x_wconf 89' lang='grc' dir='ltr'><strong>ό</strong></span> <span class='ocrx_word' id='word_1_338' title='bbox 2582 1699 2718 1768; x_wconf 80' lang='grc' dir='ltr'>βίος,</span> <span class='ocrx_word' id='word_1_339' title='bbox 2753 1699 2847 1753; x_wconf 77' lang='grc' dir='ltr'>καὶ</span> <span class='ocrx_word' id='word_1_340' title='bbox 2881 1697 3017 1768; x_wconf 82' lang='grc' dir='ltr'>μηδὲ</span> <span class='ocrx_word' id='word_1_341' title='bbox 3049 1697 3109 1750; x_wconf 79' lang='grc' dir='ltr'>τὸ</span> <span class='ocrx_word' id='word_1_342' title='bbox 3150 1697 3380 1767; x_wconf 76' lang='grc' dir='ltr'>ἱμάτιον</span> <span class='ocrx_word' id='word_1_343' title='bbox 3432 1692 3628 1764; x_wconf 76' lang='grc' dir='ltr'>αἴρειν,</span> <span class='ocrx_word' id='word_1_344' title='bbox 3662 1693 3749 1764; x_wconf 72' lang='grc' dir='ltr'><strong>τὴν</strong></span> 
     </span>
    </p>
   </div>
   <div class='ocr_carea' id='block_1_46' title="bbox 2173 1788 3167 1863">
    <p class='ocr_par' dir='ltr' id='par_1_46' title="bbox 2173 1788 3167 1863">
     <span class='ocr_line' id='line_1_46' title="bbox 2173 1788 3167 1863; baseline -0.002 -21"><span class='ocrx_word' id='word_1_345' title='bbox 2173 1789 2408 1843; x_wconf 83' lang='grc' dir='ltr'>παλαιὰν</span> <span class='ocrx_word' id='word_1_346' title='bbox 2443 1791 2643 1844; x_wconf 81' lang='grc' dir='ltr'>κακίαν</span> <span class='ocrx_word' id='word_1_347' title='bbox 2673 1792 2741 1863; x_wconf 75' lang='grc' dir='ltr'><strong>ἣν</strong></span> <span class='ocrx_word' id='word_1_348' title='bbox 2774 1788 3167 1859; x_wconf 78' lang='grc' dir='ltr'>ἐξεδυσὰμεθα.</span> 
     </span>
    </p>
   </div>
   <div class='ocr_carea' id='block_1_47' title="bbox 2249 1879 3743 1953">
    <p class='ocr_par' dir='ltr' id='par_1_47' title="bbox 2249 1879 3743 1953">
     <span class='ocr_line' id='line_1_47' title="bbox 2249 1879 3743 1953; baseline -0.001 -19"><span class='ocrx_word' id='word_1_349' title='bbox 2249 1899 2268 1934; x_wconf 78' lang='grc' dir='ltr'><strong>ι</strong></span> <span class='ocrx_word' id='word_1_350' title='bbox 2302 1883 2437 1937; x_wconf 76' lang='grc' dir='ltr'>Οὐαὶ</span> <span class='ocrx_word' id='word_1_351' title='bbox 2465 1883 2522 1937; x_wconf 82' lang='grc' dir='ltr'>δὲ</span> <span class='ocrx_word' id='word_1_352' title='bbox 2557 1885 2678 1946; x_wconf 87' lang='grc' dir='ltr'>ταῖς</span> <span class='ocrx_word' id='word_1_353' title='bbox 2703 1885 2762 1936; x_wconf 86' lang='grc' dir='ltr'><strong>ἐν</strong></span> <span class='ocrx_word' id='word_1_354' title='bbox 2783 1884 2982 1953; x_wconf 76' lang='grc' dir='ltr'>γαστρὶ</span> <span class='ocrx_word' id='word_1_355' title='bbox 3009 1881 3268 1952; x_wconf 81' lang='grc' dir='ltr'><strong>ἐχούσαις</strong></span> <span class='ocrx_word' id='word_1_356' title='bbox 3306 1881 3406 1933; x_wconf 73' lang='grc' dir='ltr'><strong>καὶ</strong></span> <span class='ocrx_word' id='word_1_357' title='bbox 3452 1882 3572 1943; x_wconf 79' lang='grc' dir='ltr'>ταῖς</span> <span class='ocrx_word' id='word_1_358' title='bbox 3599 1879 3743 1950; x_wconf 80' lang='grc' dir='ltr'>θηλα-</span> 
     </span>
    </p>
   </div>
   <div class='ocr_carea' id='block_1_48' title="bbox 2166 1970 3743 2043">
    <p class='ocr_par' dir='ltr' id='par_1_48' title="bbox 2166 1970 3743 2043">
     <span class='ocr_line' id='line_1_48' title="bbox 2166 1970 3743 2043; baseline -0.002 -17"><span class='ocrx_word' id='word_1_359' title='bbox 2166 1970 2387 2036; x_wconf 79' lang='grc' dir='ltr'>ζούσαις</span> <span class='ocrx_word' id='word_1_360' title='bbox 2443 1974 2502 2026; x_wconf 86' lang='grc' dir='ltr'>ἐν</span> <span class='ocrx_word' id='word_1_361' title='bbox 2536 1973 2774 2037; x_wconf 79' lang='grc' dir='ltr'><strong>ἐκείναις</strong></span> <span class='ocrx_word' id='word_1_362' title='bbox 2806 1975 2927 2036; x_wconf 80' lang='grc' dir='ltr'>ταῖς</span> <span class='ocrx_word' id='word_1_363' title='bbox 2979 1973 3240 2043; x_wconf 82' lang='grc' dir='ltr'>ἡμέραις.</span> <span class='ocrx_word' id='word_1_364' title='bbox 3283 1990 3306 2023; x_wconf 74' lang='lat' dir='ltr'><strong>r</strong></span> <span class='ocrx_word' id='word_1_365' title='bbox 3370 1972 3437 2025; x_wconf 68' lang='lat' dir='ltr'><strong>Ai</strong></span> <span class='ocrx_word' id='word_1_366' title='bbox 3498 1971 3595 2040; x_wconf 78' lang='grc' dir='ltr'><strong>μὲν</strong></span> <span class='ocrx_word' id='word_1_367' title='bbox 3650 1972 3743 2041; x_wconf 80' lang='grc' dir='ltr'>γὰρ</span> 
     </span>
    </p>
   </div>
   <div class='ocr_carea' id='block_1_49' title="bbox 2164 2061 3745 2136">
    <p class='ocr_par' dir='ltr' id='par_1_49' title="bbox 2164 2061 3745 2136">
     <span class='ocr_line' id='line_1_49' title="bbox 2164 2061 3745 2136; baseline -0.001 -21"><span class='ocrx_word' id='word_1_368' title='bbox 2164 2064 2353 2133; x_wconf 82' lang='grc' dir='ltr'>ἐγκυοι</span> <span class='ocrx_word' id='word_1_369' title='bbox 2379 2064 2439 2118; x_wconf 85' lang='grc' dir='ltr'><strong>ού</strong></span> <span class='ocrx_word' id='word_1_370' title='bbox 2464 2065 2782 2136; x_wconf 76' lang='grc' dir='ltr'>δυνήσονται</span> <span class='ocrx_word' id='word_1_371' title='bbox 2809 2063 3033 2133; x_wconf 83' lang='grc' dir='ltr'>φεύγειν</span> <span class='ocrx_word' id='word_1_372' title='bbox 3059 2063 3136 2134; x_wconf 77' lang='grc' dir='ltr'>τῷ</span> <span class='ocrx_word' id='word_1_373' title='bbox 3161 2063 3378 2133; x_wconf 78' lang='grc' dir='ltr'>φορτίῳ</span> <span class='ocrx_word' id='word_1_374' title='bbox 3402 2061 3504 2131; x_wconf 79' lang='grc' dir='ltr'>τῆς</span> <span class='ocrx_word' id='word_1_375' title='bbox 3530 2063 3745 2132; x_wconf 68' lang='grc' dir='ltr'>γαστρὸς</span> 
     </span>
    </p>
   </div>
   <div class='ocr_carea' id='block_1_50' title="bbox 2166 2153 3744 2226">
    <p class='ocr_par' dir='ltr' id='par_1_50' title="bbox 2166 2153 3744 2226">
     <span class='ocr_line' id='line_1_50' title="bbox 2166 2153 3744 2226; baseline -0.001 -18"><span class='ocrx_word' id='word_1_376' title='bbox 2166 2155 2552 2226; x_wconf 81' lang='grc' dir='ltr'><strong>βαρυνόμεναι.</strong></span> <span class='ocrx_word' id='word_1_377' title='bbox 2602 2158 2670 2210; x_wconf 71' lang='grc' dir='ltr'>Δί</span> <span class='ocrx_word' id='word_1_378' title='bbox 2728 2156 2785 2210; x_wconf 80' lang='grc' dir='ltr'>δὲ</span> <span class='ocrx_word' id='word_1_379' title='bbox 2838 2154 3193 2226; x_wconf 77' lang='grc' dir='ltr'>θηλάζουσαι,</span> <span class='ocrx_word' id='word_1_380' title='bbox 3221 2154 3318 2207; x_wconf 80' lang='grc' dir='ltr'>διὰ</span> <span class='ocrx_word' id='word_1_381' title='bbox 3367 2153 3472 2224; x_wconf 79' lang='grc' dir='ltr'>τὴν</span> <span class='ocrx_word' id='word_1_382' title='bbox 3521 2153 3651 2220; x_wconf 76' lang='grc' dir='ltr'>πρὸς</span> <span class='ocrx_word' id='word_1_383' title='bbox 3685 2153 3744 2206; x_wconf 78' lang='grc' dir='ltr'>τὰ</span> 
     </span>
    </p>
   </div>
   <div class='ocr_carea' id='block_1_51' title="bbox 2163 2246 3743 2321">
    <p class='ocr_par' dir='ltr' id='par_1_51' title="bbox 2163 2246 3743 2321">
     <span class='ocr_line' id='line_1_51' title="bbox 2163 2246 3743 2321; baseline -0.003 -19"><span class='ocrx_word' id='word_1_384' title='bbox 2163 2250 2330 2304; x_wconf 84' lang='grc' dir='ltr'>τέκνα</span> <span class='ocrx_word' id='word_1_385' title='bbox 2389 2251 2777 2320; x_wconf 82' lang='grc' dir='ltr'><strong>συμπάθειαν,</strong></span> <span class='ocrx_word' id='word_1_386' title='bbox 2839 2251 2979 2321; x_wconf 75' lang='grc' dir='ltr'>μήτε</span> <span class='ocrx_word' id='word_1_387' title='bbox 3037 2251 3198 2304; x_wconf 80' lang='grc' dir='ltr'>ἐᾶσαι</span> <span class='ocrx_word' id='word_1_388' title='bbox 3235 2248 3384 2301; x_wconf 79' lang='grc' dir='ltr'>αὐτὰ</span> <span class='ocrx_word' id='word_1_389' title='bbox 3443 2246 3743 2316; x_wconf 79' lang='grc' dir='ltr'>δυνάμεναι,</span> 
     </span>
    </p>
   </div>
   <div class='ocr_carea' id='block_1_52' title="bbox 2167 2338 3742 2414">
    <p class='ocr_par' dir='ltr' id='par_1_52' title="bbox 2167 2338 3742 2414">
     <span class='ocr_line' id='line_1_52' title="bbox 2167 2338 3742 2414; baseline -0.004 -18"><span class='ocrx_word' id='word_1_390' title='bbox 2167 2345 2306 2413; x_wconf 82' lang='grc' dir='ltr'>μήτε</span> <span class='ocrx_word' id='word_1_391' title='bbox 2366 2343 2473 2414; x_wconf 80' lang='grc' dir='ltr'><strong>μὴν</strong></span> <span class='ocrx_word' id='word_1_392' title='bbox 2512 2342 2826 2413; x_wconf 80' lang='grc' dir='ltr'><strong>βαστάζειν,</strong></span> <span class='ocrx_word' id='word_1_393' title='bbox 2870 2344 2962 2396; x_wconf 80' lang='grc' dir='ltr'>καὶ</span> <span class='ocrx_word' id='word_1_394' title='bbox 2995 2343 3094 2395; x_wconf 77' lang='grc' dir='ltr'><strong>σὺν</strong></span> <span class='ocrx_word' id='word_1_395' title='bbox 3121 2342 3318 2405; x_wconf 77' lang='grc' dir='ltr'>αὐτοῖς</span> <span class='ocrx_word' id='word_1_396' title='bbox 3366 2338 3626 2408; x_wconf 81' lang='grc' dir='ltr'>σωθῆναι,</span> <span class='ocrx_word' id='word_1_397' title='bbox 3652 2338 3742 2391; x_wconf 71' lang='grc' dir='ltr'>οὐκ</span> 
     </span>
    </p>
   </div>
   <div class='ocr_carea' id='block_1_53' title="bbox 2163 2431 3740 2506">
    <p class='ocr_par' dir='ltr' id='par_1_53' title="bbox 2163 2431 3740 2506">
     <span class='ocr_line' id='line_1_53' title="bbox 2163 2431 3740 2506; baseline -0.003 -19"><span class='ocrx_word' id='word_1_398' title='bbox 2163 2434 2519 2504; x_wconf 76' lang='grc' dir='ltr'>ἐκφεύξονται</span> <span class='ocrx_word' id='word_1_399' title='bbox 2550 2434 2646 2506; x_wconf 85' lang='grc' dir='ltr'>τὴν</span> <span class='ocrx_word' id='word_1_400' title='bbox 2679 2435 2801 2488; x_wconf 85' lang='grc' dir='ltr'>τότε</span> <span class='ocrx_word' id='word_1_401' title='bbox 2825 2435 2996 2505; x_wconf 81' lang='grc' dir='ltr'>ὀργήν</span> <span class='ocrx_word' id='word_1_402' title='bbox 3020 2449 3036 2466; x_wconf 77' lang='grc'><strong>⁸</strong></span> <span class='ocrx_word' id='word_1_403' title='bbox 3072 2435 3106 2505; x_wconf 85' lang='grc' dir='ltr'>ἢ</span> <span class='ocrx_word' id='word_1_404' title='bbox 3132 2434 3228 2487; x_wconf 77' lang='grc' dir='ltr'>καὶ</span> <span class='ocrx_word' id='word_1_405' title='bbox 3267 2432 3432 2487; x_wconf 87' lang='grc' dir='ltr'>τοῦτο</span> <span class='ocrx_word' id='word_1_406' title='bbox 3463 2431 3740 2484; x_wconf 71' lang='grc' dir='ltr'>αἰνίττεται</span> 
     </span>
    </p>
   </div>
   <div class='ocr_carea' id='block_1_54' title="bbox 2162 2523 3739 2599">
    <p class='ocr_par' dir='ltr' id='par_1_54' title="bbox 2162 2523 3739 2599">
     <span class='ocr_line' id='line_1_54' title="bbox 2162 2523 3739 2599; baseline -0.001 -21"><span class='ocrx_word' id='word_1_407' title='bbox 2162 2527 2191 2578; x_wconf 86' lang='grc' dir='ltr'>ὁ</span> <span class='ocrx_word' id='word_1_408' title='bbox 2215 2527 2471 2596; x_wconf 81' lang='grc' dir='ltr'>Χριστὸς,</span> <span class='ocrx_word' id='word_1_409' title='bbox 2507 2527 2605 2599; x_wconf 75' lang='grc' dir='ltr'>τὴν</span> <span class='ocrx_word' id='word_1_410' title='bbox 2639 2528 3028 2595; x_wconf 86' lang='grc' dir='ltr'>τεκνοφαγίαν.</span> <span class='ocrx_word' id='word_1_411' title='bbox 3082 2525 3249 2594; x_wconf 85' lang='grc' dir='ltr'>Λέγει</span> <span class='ocrx_word' id='word_1_412' title='bbox 3297 2526 3407 2596; x_wconf 86' lang='grc' dir='ltr'><strong>γὰρ</strong></span> <span class='ocrx_word' id='word_1_413' title='bbox 3435 2525 3463 2578; x_wconf 91' lang='grc' dir='ltr'><strong>ό</strong></span> <span class='ocrx_word' id='word_1_414' title='bbox 3499 2523 3739 2593; x_wconf 76' lang='grc' dir='ltr'>Ἰώσηφος</span> 
     </span>
    </p>
   </div>
   <div class='ocr_carea' id='block_1_55' title="bbox 2163 2611 3736 2689">
    <p class='ocr_par' dir='ltr' id='par_1_55' title="bbox 2163 2611 3736 2689">
     <span class='ocr_line' id='line_1_55' title="bbox 2163 2611 3736 2689; baseline -0.004 -19"><span class='ocrx_word' id='word_1_415' title='bbox 2163 2617 2244 2670; x_wconf 81' lang='grc' dir='ltr'>ὅτι</span> <span class='ocrx_word' id='word_1_416' title='bbox 2272 2617 2432 2688; x_wconf 83' lang='grc' dir='ltr'>λιμοῦ</span> <span class='ocrx_word' id='word_1_417' title='bbox 2463 2617 2615 2680; x_wconf 71' lang='grc' dir='ltr'>ὄντος</span> <span class='ocrx_word' id='word_1_418' title='bbox 2651 2617 2740 2670; x_wconf 72' lang='grc' dir='ltr'>διὰ</span> <span class='ocrx_word' id='word_1_419' title='bbox 2761 2616 2860 2686; x_wconf 86' lang='grc' dir='ltr'><strong>τὴν</strong></span> <span class='ocrx_word' id='word_1_420' title='bbox 2891 2616 3229 2689; x_wconf 76' lang='grc' dir='ltr'>πολιορκίαν,</span> <span class='ocrx_word' id='word_1_421' title='bbox 3270 2615 3498 2688; x_wconf 77' lang='grc' dir='ltr'><strong>ὤπτησε</strong></span> <span class='ocrx_word' id='word_1_422' title='bbox 3530 2611 3662 2683; x_wconf 78' lang='grc' dir='ltr'>γυνὴ</span> <span class='ocrx_word' id='word_1_423' title='bbox 3684 2612 3736 2664; x_wconf 81' lang='grc' dir='ltr'>τὸ</span> 
     </span>
    </p>
   </div>
   <div class='ocr_carea' id='block_1_56' title="bbox 2162 2709 2888 2781">
    <p class='ocr_par' dir='ltr' id='par_1_56' title="bbox 2162 2709 2888 2781">
     <span class='ocr_line' id='line_1_56' title="bbox 2162 2709 2888 2781; baseline 0.001 -19"><span class='ocrx_word' id='word_1_424' title='bbox 2162 2711 2350 2763; x_wconf 80' lang='grc' dir='ltr'>τέκνον</span> <span class='ocrx_word' id='word_1_425' title='bbox 2376 2711 2544 2781; x_wconf 80' lang='grc' dir='ltr'>αὐτῆς</span> <span class='ocrx_word' id='word_1_426' title='bbox 2569 2710 2664 2764; x_wconf 78' lang='grc' dir='ltr'>καὶ</span> <span class='ocrx_word' id='word_1_427' title='bbox 2695 2709 2888 2778; x_wconf 75' lang='grc' dir='ltr'>ἔφαγε.</span> 
     </span>
    </p>
   </div>
   <div class='ocr_carea' id='block_1_57' title="bbox 2239 2794 3736 2871">
    <p class='ocr_par' dir='ltr' id='par_1_57' title="bbox 2239 2794 3736 2871">
     <span class='ocr_line' id='line_1_57' title="bbox 2239 2794 3736 2871; baseline -0.002 -18"><span class='ocrx_word' id='word_1_428' title='bbox 2239 2818 2257 2852; x_wconf 84' lang='grc' dir='ltr'>ι</span> <span class='ocrx_word' id='word_1_429' title='bbox 2301 2798 2676 2871; x_wconf 77' lang='grc' dir='ltr'>Προσεύχεσθε</span> <span class='ocrx_word' id='word_1_430' title='bbox 2697 2799 2751 2851; x_wconf 84' lang='grc' dir='ltr'>δὲ</span> <span class='ocrx_word' id='word_1_431' title='bbox 2784 2799 2872 2851; x_wconf 81' lang='grc' dir='ltr'>ἵνα</span> <span class='ocrx_word' id='word_1_432' title='bbox 2906 2797 2982 2871; x_wconf 74' lang='grc' dir='ltr'>μὴ</span> <span class='ocrx_word' id='word_1_433' title='bbox 3013 2797 3238 2868; x_wconf 80' lang='grc' dir='ltr'>γένηται</span> <span class='ocrx_word' id='word_1_434' title='bbox 3262 2799 3298 2867; x_wconf 79' lang='grc' dir='ltr'><strong>ἡ</strong></span> <span class='ocrx_word' id='word_1_435' title='bbox 3345 2794 3498 2866; x_wconf 75' lang='grc' dir='ltr'>φυγὴ</span> <span class='ocrx_word' id='word_1_436' title='bbox 3523 2795 3666 2867; x_wconf 74' lang='grc' dir='ltr'>ὑμῶν</span> <span class='ocrx_word' id='word_1_437' title='bbox 3685 2796 3736 2850; x_wconf 84' lang='grc' dir='ltr'><strong>ἐν</strong></span> 
     </span>
    </p>
   </div>
   <div class='ocr_carea' id='block_1_58' title="bbox 2163 2888 3733 2961">
    <p class='ocr_par' dir='ltr' id='par_1_58' title="bbox 2163 2888 3733 2961">
     <span class='ocr_line' id='line_1_58' title="bbox 2163 2888 3733 2961; baseline -0.002 -18"><span class='ocrx_word' id='word_1_438' title='bbox 2163 2891 2416 2961; x_wconf 80' lang='grc' dir='ltr'>χειμῶνι,</span> <span class='ocrx_word' id='word_1_439' title='bbox 2459 2890 2592 2960; x_wconf 78' lang='grc' dir='ltr'>μηδὲ</span> <span class='ocrx_word' id='word_1_440' title='bbox 2633 2888 2921 2959; x_wconf 75' lang='grc' dir='ltr'><strong>Σαϐϐάτῳ.</strong></span> <span class='ocrx_word' id='word_1_441' title='bbox 2967 2910 2985 2941; x_wconf 75' lang='grc' dir='ltr'><strong>ι</strong></span> <span class='ocrx_word' id='word_1_442' title='bbox 3039 2889 3128 2943; x_wconf 82' lang='grc' dir='ltr'>Ἑν</span> <span class='ocrx_word' id='word_1_443' title='bbox 3155 2889 3446 2960; x_wconf 84' lang='grc' dir='ltr'>προσώπῳ</span> <span class='ocrx_word' id='word_1_444' title='bbox 3478 2888 3580 2941; x_wconf 84' lang='grc' dir='ltr'><strong>τῶν</strong></span> <span class='ocrx_word' id='word_1_445' title='bbox 3611 2889 3733 2941; x_wconf 82' lang='grc' dir='ltr'>ἀπο-</span> 
     </span>
    </p>
   </div>
   <div class='ocr_carea' id='block_1_59' title="bbox 2164 2981 3734 3052">
    <p class='ocr_par' dir='ltr' id='par_1_59' title="bbox 2164 2981 3734 3052">
     <span class='ocr_line' id='line_1_59' title="bbox 2164 2981 3734 3052; baseline -0.001 -16"><span class='ocrx_word' id='word_1_446' title='bbox 2164 2983 2365 3036; x_wconf 83' lang='grc' dir='ltr'>στόλων</span> <span class='ocrx_word' id='word_1_447' title='bbox 2402 2983 2538 3052; x_wconf 84' lang='grc' dir='ltr'>πρὸς</span> <span class='ocrx_word' id='word_1_448' title='bbox 2580 2983 2868 3046; x_wconf 82' lang='grc' dir='ltr'>Ἰουδαίους</span> <span class='ocrx_word' id='word_1_449' title='bbox 2896 2982 3072 3037; x_wconf 86' lang='grc' dir='ltr'>ταῦτὰ</span> <span class='ocrx_word' id='word_1_450' title='bbox 3097 2999 3266 3052; x_wconf 87' lang='grc' dir='ltr'>φησιν</span> <span class='ocrx_word' id='word_1_451' title='bbox 3291 2999 3306 3013; x_wconf 77' lang='grc' dir='ltr'><strong><em>ο</em></strong></span> <span class='ocrx_word' id='word_1_452' title='bbox 3371 2985 3426 3036; x_wconf 89' lang='grc' dir='ltr'><strong>οί</strong></span> <span class='ocrx_word' id='word_1_453' title='bbox 3469 2982 3576 3051; x_wconf 75' lang='grc' dir='ltr'><strong>γὰρ</strong></span> <span class='ocrx_word' id='word_1_454' title='bbox 3619 2981 3734 3035; x_wconf 85' lang='grc' dir='ltr'>ἀπό·</span> 
     </span>
    </p>
   </div>
   <div class='ocr_carea' id='block_1_60' title="bbox 2163 3070 3731 3144">
    <p class='ocr_par' dir='ltr' id='par_1_60' title="bbox 2163 3070 3731 3144">
     <span class='ocr_line' id='line_1_60' title="bbox 2163 3070 3731 3144; baseline -0.003 -17"><span class='ocrx_word' id='word_1_455' title='bbox 2163 3073 2339 3127; x_wconf 90' lang='grc' dir='ltr'>στολοι</span> <span class='ocrx_word' id='word_1_456' title='bbox 2369 3073 2722 3142; x_wconf 81' lang='grc' dir='ltr'>προέφθασαν</span> <span class='ocrx_word' id='word_1_457' title='bbox 2748 3071 3057 3137; x_wconf 81' lang='grc' dir='ltr'>ἐξελθόντες</span> <span class='ocrx_word' id='word_1_458' title='bbox 3079 3073 3178 3142; x_wconf 83' lang='grc' dir='ltr'>τῆς</span> <span class='ocrx_word' id='word_1_459' title='bbox 3217 3071 3604 3144; x_wconf 78' lang='grc' dir='ltr'>Ἰερουσαλήμ.</span> <span class='ocrx_word' id='word_1_460' title='bbox 3622 3070 3731 3132; x_wconf 81' lang='grc' dir='ltr'><strong>Τοῖς</strong></span> 
     </span>
    </p>
   </div>
   <div class='ocr_carea' id='block_1_61' title="bbox 474 3163 2059 3252">
    <p class='ocr_par' dir='ltr' id='par_1_61' title="bbox 474 3173 2054 3248">
     <span class='ocr_line' id='line_1_61' title="bbox 474 3173 2054 3248; baseline 0.011 -21"><span class='ocrx_word' id='word_1_461' title='bbox 474 3173 656 3228; x_wconf 85' lang='lat' dir='ltr'><strong>hieme</strong></span> <span class='ocrx_word' id='word_1_462' title='bbox 691 3175 780 3229; x_wconf 80' lang='lat' dir='ltr'><strong>ﬁat</strong></span> <span class='ocrx_word' id='word_1_463' title='bbox 811 3174 938 3244; x_wconf 74' lang='lat' dir='ltr'><strong>fuga</strong></span> <span class='ocrx_word' id='word_1_464' title='bbox 971 3191 1066 3232; x_wconf 83' lang='lat' dir='ltr'><strong>sua</strong></span> <span class='ocrx_word' id='word_1_465' title='bbox 1091 3216 1107 3241; x_wconf 98' lang='lat'><strong>,</strong></span> <span class='ocrx_word' id='word_1_466' title='bbox 1139 3191 1204 3232; x_wconf 90' lang='lat' dir='ltr'><strong>eo</strong></span> <span class='ocrx_word' id='word_1_467' title='bbox 1233 3179 1377 3248; x_wconf 85' lang='lat' dir='ltr'><strong>quod</strong></span> <span class='ocrx_word' id='word_1_468' title='bbox 1417 3180 1819 3240; x_wconf 86' lang='lat' dir='ltr'><strong>incommodum</strong></span> <span class='ocrx_word' id='word_1_469' title='bbox 1850 3188 1918 3242; x_wconf 89' lang='lat' dir='ltr'><strong>sit</strong></span> <span class='ocrx_word' id='word_1_470' title='bbox 1949 3189 2054 3245; x_wconf 84' lang='lat' dir='ltr'><strong>illis</strong></span> 
     </span>
    </p>
   </div>
   <div class='ocr_carea' id='block_1_62' title="bbox 2166 3163 3729 3252">
    <p class='ocr_par' dir='ltr' id='par_1_62' title="bbox 2176 3163 3729 3236">
     <span class='ocr_line' id='line_1_62' title="bbox 2176 3163 3729 3236; baseline -0.003 -17"><span class='ocrx_word' id='word_1_471' title='bbox 2176 3165 2453 3230; x_wconf 84' lang='grc' dir='ltr'>Ἰουδαίοις</span> <span class='ocrx_word' id='word_1_472' title='bbox 2477 3165 2569 3220; x_wconf 80' lang='grc' dir='ltr'>οὖν</span> <span class='ocrx_word' id='word_1_473' title='bbox 2593 3166 2742 3234; x_wconf 66' lang='grc' dir='ltr'>λέγει</span> <span class='ocrx_word' id='word_1_474' title='bbox 2770 3164 3026 3236; x_wconf 74' lang='grc' dir='ltr'>εὔχεσθαι</span> <span class='ocrx_word' id='word_1_475' title='bbox 3055 3167 3143 3217; x_wconf 86' lang='grc' dir='ltr'><strong>ἵνα</strong></span> <span class='ocrx_word' id='word_1_476' title='bbox 3176 3165 3252 3236; x_wconf 78' lang='grc' dir='ltr'>μὴ</span> <span class='ocrx_word' id='word_1_477' title='bbox 3277 3164 3506 3234; x_wconf 86' lang='grc' dir='ltr'>γένηται</span> <span class='ocrx_word' id='word_1_478' title='bbox 3538 3164 3568 3234; x_wconf 86' lang='grc' dir='ltr'><strong>ἡ</strong></span> <span class='ocrx_word' id='word_1_479' title='bbox 3601 3163 3729 3232; x_wconf 82' lang='grc' dir='ltr'>φυγὴ</span> 
     </span>
    </p>
   </div>
   <div class='ocr_carea' id='block_1_63' title="bbox 478 3265 2053 3340">
    <p class='ocr_par' dir='ltr' id='par_1_63' title="bbox 478 3265 2053 3340">
     <span class='ocr_line' id='line_1_63' title="bbox 478 3265 2053 3340; baseline 0.011 -21"><span class='ocrx_word' id='word_1_480' title='bbox 478 3265 811 3337; x_wconf 66' lang='lat' dir='ltr'><strong>temporibus</strong></span> <span class='ocrx_word' id='word_1_481' title='bbox 850 3267 1074 3338; x_wconf 76' lang='lat' dir='ltr'><strong>fugere;</strong></span> <span class='ocrx_word' id='word_1_482' title='bbox 1119 3285 1294 3340; x_wconf 87' lang='lat' dir='ltr'><strong>neque</strong></span> <span class='ocrx_word' id='word_1_483' title='bbox 1331 3271 1384 3326; x_wconf 90' lang='lat' dir='ltr'><strong>in</strong></span> <span class='ocrx_word' id='word_1_484' title='bbox 1432 3272 1709 3331; x_wconf 85' lang='lat' dir='ltr'><strong>Sabhato:</strong></span> <span class='ocrx_word' id='word_1_485' title='bbox 1747 3286 1873 3334; x_wconf 92' lang='lat' dir='ltr'><strong>tunc</strong></span> <span class='ocrx_word' id='word_1_486' title='bbox 1909 3281 2053 3337; x_wconf 87' lang='lat' dir='ltr'><strong>enim</strong></span> 
     </span>
    </p>
   </div>
   <div class='ocr_carea' id='block_1_64' title="bbox 471 3355 2056 3436">
    <p class='ocr_par' dir='ltr' id='par_1_64' title="bbox 471 3355 2056 3436">
     <span class='ocr_line' id='line_1_64' title="bbox 471 3355 2056 3436; baseline 0.014 -29"><span class='ocrx_word' id='word_1_487' title='bbox 471 3355 625 3427; x_wconf 77' lang='lat' dir='ltr'><strong>juxta</strong></span> <span class='ocrx_word' id='word_1_488' title='bbox 658 3359 828 3428; x_wconf 89' lang='lat' dir='ltr'><strong>legem</strong></span> <span class='ocrx_word' id='word_1_489' title='bbox 860 3360 1020 3416; x_wconf 89' lang='lat' dir='ltr'><strong>otiosi</strong></span> <span class='ocrx_word' id='word_1_490' title='bbox 1053 3369 1208 3427; x_wconf 89' lang='lat' dir='ltr'><strong>sunt,</strong></span> <span class='ocrx_word' id='word_1_491' title='bbox 1251 3371 1308 3418; x_wconf 88' lang='lat' dir='ltr'><strong>et</strong></span> <span class='ocrx_word' id='word_1_492' title='bbox 1338 3362 1523 3436; x_wconf 77' lang='lat' dir='ltr'><strong>fugere</strong></span> <span class='ocrx_word' id='word_1_493' title='bbox 1569 3383 1674 3423; x_wconf 92' lang='lat' dir='ltr'><strong>non</strong></span> <span class='ocrx_word' id='word_1_494' title='bbox 1713 3370 1936 3427; x_wconf 87' lang='lat' dir='ltr'><strong>audent.</strong></span> <span class='ocrx_word' id='word_1_495' title='bbox 1974 3373 2056 3430; x_wconf 89' lang='lat' dir='ltr'><strong>Tu</strong></span> 
     </span>
    </p>
   </div>
   <div class='ocr_carea' id='block_1_65' title="bbox 473 3452 2058 3534">
    <p class='ocr_par' dir='ltr' id='par_1_65' title="bbox 473 3452 2058 3534">
     <span class='ocr_line' id='line_1_65' title="bbox 473 3452 2058 3534; baseline 0.013 -33"><span class='ocrx_word' id='word_1_496' title='bbox 473 3459 655 3504; x_wconf 88' lang='lat' dir='ltr'><strong>autem</strong></span> <span class='ocrx_word' id='word_1_497' title='bbox 691 3460 745 3505; x_wconf 91' lang='lat' dir='ltr'><strong>et</strong></span> <span class='ocrx_word' id='word_1_498' title='bbox 777 3452 858 3506; x_wconf 86' lang='lat' dir='ltr'><strong>sic</strong></span> <span class='ocrx_word' id='word_1_499' title='bbox 900 3452 1217 3523; x_wconf 83' lang='lat' dir='ltr'><strong>intelligito,</strong></span> <span class='ocrx_word' id='word_1_500' title='bbox 1260 3459 1406 3525; x_wconf 87' lang='lat' dir='ltr'><strong>quod</strong></span> <span class='ocrx_word' id='word_1_501' title='bbox 1450 3471 1700 3530; x_wconf 83' lang='lat' dir='ltr'><strong>oporteat</strong></span> <span class='ocrx_word' id='word_1_502' title='bbox 1743 3467 1952 3534; x_wconf 89' lang='lat' dir='ltr'><strong>precari</strong></span> <span class='ocrx_word' id='word_1_503' title='bbox 1990 3483 2058 3524; x_wconf 88' lang='lat' dir='ltr'><strong>ne</strong></span> 
     </span>
    </p>
   </div>
   <div class='ocr_carea' id='block_1_66' title="bbox 475 3540 2058 3622">
    <p class='ocr_par' dir='ltr' id='par_1_66' title="bbox 475 3540 2058 3622">
     <span class='ocr_line' id='line_1_66' title="bbox 475 3540 2058 3622; baseline 0.013 -28"><span class='ocrx_word' id='word_1_504' title='bbox 475 3540 570 3595; x_wconf 80' lang='lat' dir='ltr'><strong>ﬁat</strong></span> <span class='ocrx_word' id='word_1_505' title='bbox 603 3541 726 3609; x_wconf 83' lang='lat' dir='ltr'><strong>fuga</strong></span> <span class='ocrx_word' id='word_1_506' title='bbox 755 3552 936 3599; x_wconf 88' lang='lat' dir='ltr'><strong>nostra</strong></span> <span class='ocrx_word' id='word_1_507' title='bbox 973 3560 1041 3599; x_wconf 80' lang='lat' dir='ltr'><strong>ex</strong></span> <span class='ocrx_word' id='word_1_508' title='bbox 1077 3546 1178 3600; x_wconf 89' lang='lat' dir='ltr'><strong>hac</strong></span> <span class='ocrx_word' id='word_1_509' title='bbox 1205 3548 1340 3612; x_wconf 87' lang='lat' dir='ltr'><strong>vita,</strong></span> <span class='ocrx_word' id='word_1_510' title='bbox 1379 3549 1482 3606; x_wconf 92' lang='lat' dir='ltr'><strong>hoc</strong></span> <span class='ocrx_word' id='word_1_511' title='bbox 1519 3561 1603 3606; x_wconf 87' lang='lat' dir='ltr'><strong>est</strong></span> <span class='ocrx_word' id='word_1_512' title='bbox 1635 3569 1802 3622; x_wconf 88' lang='lat' dir='ltr'><strong>mors,</strong></span> <span class='ocrx_word' id='word_1_513' title='bbox 1835 3560 1889 3613; x_wconf 90' lang='lat' dir='ltr'><strong>in</strong></span> <span class='ocrx_word' id='word_1_514' title='bbox 1921 3558 2058 3615; x_wconf 82' lang='lat' dir='ltr'><strong>Sab-</strong></span> 
     </span>
    </p>
   </div>
   <div class='ocr_carea' id='block_1_67' title="bbox 475 3634 2052 3721">
    <p class='ocr_par' dir='ltr' id='par_1_67' title="bbox 475 3634 2052 3721">
     <span class='ocr_line' id='line_1_67' title="bbox 475 3634 2052 3721; baseline 0.013 -34"><span class='ocrx_word' id='word_1_515' title='bbox 475 3634 624 3700; x_wconf 81' lang='lat' dir='ltr'><strong>bato,</strong></span> <span class='ocrx_word' id='word_1_516' title='bbox 658 3635 846 3690; x_wconf 87' lang='lat' dir='ltr'><strong>otiosis</strong></span> <span class='ocrx_word' id='word_1_517' title='bbox 879 3638 1036 3694; x_wconf 91' lang='lat' dir='ltr'><strong>nobis</strong></span> <span class='ocrx_word' id='word_1_518' title='bbox 1068 3653 1097 3692; x_wconf 87' lang='lat' dir='ltr'><strong>a</strong></span> <span class='ocrx_word' id='word_1_519' title='bbox 1127 3639 1284 3696; x_wconf 89' lang='lat' dir='ltr'><strong>bonis</strong></span> <span class='ocrx_word' id='word_1_520' title='bbox 1315 3643 1575 3712; x_wconf 87' lang='lat' dir='ltr'><strong>operibus</strong></span> <span class='ocrx_word' id='word_1_521' title='bbox 1595 3684 1610 3710; x_wconf 90' lang='lat'><strong>,</strong></span> <span class='ocrx_word' id='word_1_522' title='bbox 1645 3661 1822 3718; x_wconf 86' lang='lat' dir='ltr'><strong>neque</strong></span> <span class='ocrx_word' id='word_1_523' title='bbox 1855 3651 2052 3721; x_wconf 88' lang='lat' dir='ltr'><strong>hieme,</strong></span> 
     </span>
    </p>
   </div>
   <div class='ocr_carea' id='block_1_68' title="bbox 477 3723 2052 3810">
    <p class='ocr_par' dir='ltr' id='par_1_68' title="bbox 477 3723 2052 3810">
     <span class='ocr_line' id='line_1_68' title="bbox 477 3723 2052 3810; baseline 0.015 -33"><span class='ocrx_word' id='word_1_524' title='bbox 477 3723 532 3778; x_wconf 89' lang='lat' dir='ltr'><strong>in</strong></span> <span class='ocrx_word' id='word_1_525' title='bbox 574 3725 865 3781; x_wconf 85' lang='lat' dir='ltr'><strong>sterilitate</strong></span> <span class='ocrx_word' id='word_1_526' title='bbox 919 3726 1212 3798; x_wconf 80' lang='lat' dir='ltr'><strong>bonorum,</strong></span> <span class='ocrx_word' id='word_1_527' title='bbox 1260 3730 1355 3787; x_wconf 86' lang='lat' dir='ltr'><strong>sed</strong></span> <span class='ocrx_word' id='word_1_528' title='bbox 1404 3732 1459 3787; x_wconf 92' lang='lat' dir='ltr'><strong>in</strong></span> <span class='ocrx_word' id='word_1_529' title='bbox 1501 3736 1793 3794; x_wconf 83' lang='lat' dir='ltr'><strong>serenitate</strong></span> <span class='ocrx_word' id='word_1_530' title='bbox 1838 3741 2052 3810; x_wconf 75' lang='lat' dir='ltr'><strong>animae,</strong></span> 
     </span>
    </p>
   </div>
   <div class='ocr_carea' id='block_1_69' title="bbox 474 3817 1059 3884">
    <p class='ocr_par' dir='ltr' id='par_1_69' title="bbox 474 3817 1059 3884">
     <span class='ocr_line' id='line_1_69' title="bbox 474 3817 1059 3884; baseline 0.01 -17"><span class='ocrx_word' id='word_1_531' title='bbox 474 3828 597 3884; x_wconf 67' lang='lat' dir='ltr'><strong>qua:</strong></span> <span class='ocrx_word' id='word_1_532' title='bbox 632 3829 740 3871; x_wconf 89' lang='lat' dir='ltr'><strong>non</strong></span> <span class='ocrx_word' id='word_1_533' title='bbox 787 3817 1059 3873; x_wconf 84' lang='lat' dir='ltr'><strong>turbetur.</strong></span> 
     </span>
    </p>
   </div>
   <div class='ocr_carea' id='block_1_70' title="bbox 543 3990 2050 4080">
    <p class='ocr_par' dir='ltr' id='par_1_70' title="bbox 543 3990 2050 4080">
     <span class='ocr_line' id='line_1_70' title="bbox 543 3990 2050 4080; baseline 0.015 -40"><span class='ocrx_word' id='word_1_534' title='bbox 543 3990 710 4049; x_wconf 73' lang='lat' dir='ltr'><strong>Vens.</strong></span> <span class='ocrx_word' id='word_1_535' title='bbox 751 3993 814 4047; x_wconf 73' lang='grc'><strong>21</strong></span> <span class='ocrx_word' id='word_1_536' title='bbox 844 4033 859 4058; x_wconf 88' lang='grc'><strong>,</strong></span> <span class='ocrx_word' id='word_1_537' title='bbox 887 3991 980 4048; x_wconf 69' lang='lat'><strong>22.</strong></span> <span class='ocrx_word' id='word_1_538' title='bbox 1019 4013 1039 4046; x_wconf 76' lang='grc' dir='ltr'>ι</span> <span class='ocrx_word' id='word_1_539' title='bbox 1079 3994 1197 4050; x_wconf 82' lang='lat' dir='ltr'><strong>Erit</strong></span> <span class='ocrx_word' id='word_1_540' title='bbox 1230 4001 1373 4054; x_wconf 87' lang='lat' dir='ltr'><strong>enim</strong></span> <span class='ocrx_word' id='word_1_541' title='bbox 1412 4009 1540 4058; x_wconf 87' lang='lat' dir='ltr'><strong>tunc</strong></span> <span class='ocrx_word' id='word_1_542' title='bbox 1577 4003 1798 4060; x_wconf 82' lang='lat' dir='ltr'><strong>alliictio</strong></span> <span class='ocrx_word' id='word_1_543' title='bbox 1832 4023 2050 4080; x_wconf 79' lang='lat' dir='ltr'><strong>magna,</strong></span> 
     </span>
    </p>
   </div>
   <div class='ocr_carea' id='block_1_71' title="bbox 471 4085 2041 4167">
    <p class='ocr_par' dir='ltr' id='par_1_71' title="bbox 471 4085 2041 4167">
     <span class='ocr_line' id='line_1_71' title="bbox 471 4085 2041 4167; baseline 0.013 -34"><span class='ocrx_word' id='word_1_544' title='bbox 471 4085 648 4154; x_wconf 84' lang='lat' dir='ltr'><strong>qualis</strong></span> <span class='ocrx_word' id='word_1_545' title='bbox 680 4100 784 4140; x_wconf 88' lang='lat' dir='ltr'><strong>non</strong></span> <span class='ocrx_word' id='word_1_546' title='bbox 821 4085 921 4141; x_wconf 82' lang='lat' dir='ltr'><strong>fuit</strong></span> <span class='ocrx_word' id='word_1_547' title='bbox 955 4088 1021 4142; x_wconf 82' lang='lat' dir='ltr'><strong>ab</strong></span> <span class='ocrx_word' id='word_1_548' title='bbox 1053 4087 1213 4144; x_wconf 85' lang='lat' dir='ltr'><strong>initio</strong></span> <span class='ocrx_word' id='word_1_549' title='bbox 1244 4093 1427 4146; x_wconf 88' lang='lat' dir='ltr'><strong>mundi</strong></span> <span class='ocrx_word' id='word_1_550' title='bbox 1461 4095 1526 4147; x_wconf 89' lang='lat' dir='ltr'><strong>ad</strong></span> <span class='ocrx_word' id='word_1_551' title='bbox 1564 4095 1666 4150; x_wconf 84' lang='lat' dir='ltr'><strong>hoc</strong></span> <span class='ocrx_word' id='word_1_552' title='bbox 1703 4113 1873 4167; x_wconf 84' lang='lat' dir='ltr'><strong>usque</strong></span> <span class='ocrx_word' id='word_1_553' title='bbox 1904 4111 2041 4154; x_wconf 83' lang='lat' dir='ltr'><strong>tem-</strong></span> 
     </span>
    </p>
   </div>
   <div class='ocr_carea' id='block_1_72' title="bbox 470 4175 2048 4256">
    <p class='ocr_par' dir='ltr' id='par_1_72' title="bbox 470 4175 2048 4256">
     <span class='ocr_line' id='line_1_72' title="bbox 470 4175 2048 4256; baseline 0.011 -29"><span class='ocrx_word' id='word_1_554' title='bbox 470 4188 594 4244; x_wconf 86' lang='lat' dir='ltr'><strong>pus,</strong></span> <span class='ocrx_word' id='word_1_555' title='bbox 627 4189 802 4244; x_wconf 89' lang='lat' dir='ltr'><strong>neque</strong></span> <span class='ocrx_word' id='word_1_556' title='bbox 825 4175 940 4230; x_wconf 86' lang='lat' dir='ltr'><strong>liet.</strong></span> <span class='ocrx_word' id='word_1_557' title='bbox 969 4176 1034 4236; x_wconf 81' lang='lat' dir='ltr'><strong>Et</strong></span> <span class='ocrx_word' id='word_1_558' title='bbox 1066 4177 1166 4232; x_wconf 85' lang='lat' dir='ltr'><strong>nisi</strong></span> <span class='ocrx_word' id='word_1_559' title='bbox 1199 4178 1495 4235; x_wconf 78' lang='lat' dir='ltr'><strong>abbreviati</strong></span> <span class='ocrx_word' id='word_1_560' title='bbox 1526 4181 1761 4241; x_wconf 75' lang='lat' dir='ltr'><strong>fuissent</strong></span> <span class='ocrx_word' id='word_1_561' title='bbox 1799 4189 1914 4242; x_wconf 88' lang='lat' dir='ltr'><strong>dies</strong></span> <span class='ocrx_word' id='word_1_562' title='bbox 1951 4191 2048 4256; x_wconf 85' lang='lat' dir='ltr'><strong>illi,</strong></span> 
     </span>
    </p>
   </div>
   <div class='ocr_carea' id='block_1_73' title="bbox 472 4265 2046 4338">
    <p class='ocr_par' dir='ltr' id='par_1_73' title="bbox 472 4265 2046 4338">
     <span class='ocr_line' id='line_1_73' title="bbox 472 4265 2046 4338; baseline 0.01 -20"><span class='ocrx_word' id='word_1_563' title='bbox 472 4281 580 4319; x_wconf 89' lang='lat' dir='ltr'><strong>non</strong></span> <span class='ocrx_word' id='word_1_564' title='bbox 608 4265 758 4320; x_wconf 83' lang='lat' dir='ltr'><strong>ﬁeret</strong></span> <span class='ocrx_word' id='word_1_565' title='bbox 786 4266 931 4319; x_wconf 79' lang='lat' dir='ltr'><strong>salva</strong></span> <span class='ocrx_word' id='word_1_566' title='bbox 963 4269 1140 4322; x_wconf 88' lang='lat' dir='ltr'><strong>omnis</strong></span> <span class='ocrx_word' id='word_1_567' title='bbox 1173 4284 1304 4323; x_wconf 86' lang='lat' dir='ltr'><strong>caro</strong></span> <span class='ocrx_word' id='word_1_568' title='bbox 1331 4289 1344 4323; x_wconf 90' lang='lat'><strong>:</strong></span> <span class='ocrx_word' id='word_1_569' title='bbox 1381 4282 1603 4338; x_wconf 83' lang='lat' dir='ltr'><strong>prepter</strong></span> <span class='ocrx_word' id='word_1_570' title='bbox 1637 4275 1838 4330; x_wconf 88' lang='lat' dir='ltr'><strong>electos</strong></span> <span class='ocrx_word' id='word_1_571' title='bbox 1869 4289 2046 4334; x_wconf 88' lang='lat' dir='ltr'><strong>autem</strong></span> 
     </span>
    </p>
   </div>
   <div class='ocr_carea' id='block_1_74' title="bbox 470 4351 2050 4426">
    <p class='ocr_par' dir='ltr' id='par_1_74' title="bbox 470 4351 2050 4426">
     <span class='ocr_line' id='line_1_74' title="bbox 470 4351 2050 4426; baseline 0.012 -19"><span class='ocrx_word' id='word_1_572' title='bbox 470 4351 938 4408; x_wconf 78' lang='lat' dir='ltr'><strong>abhreviabuntur</strong></span> <span class='ocrx_word' id='word_1_573' title='bbox 958 4355 1074 4410; x_wconf 82' lang='lat' dir='ltr'><strong>dies</strong></span> <span class='ocrx_word' id='word_1_574' title='bbox 1103 4357 1198 4412; x_wconf 87' lang='lat' dir='ltr'><strong>illi.</strong></span> <span class='ocrx_word' id='word_1_575' title='bbox 1237 4376 1256 4409; x_wconf 80' lang='grc' dir='ltr'>ι</span> <span class='ocrx_word' id='word_1_576' title='bbox 1284 4357 1516 4414; x_wconf 79' lang='lat' dir='ltr'><strong>Alllietio</strong></span> <span class='ocrx_word' id='word_1_577' title='bbox 1543 4364 1895 4424; x_wconf 78' lang='lat' dir='ltr'><strong>intolerabilis</strong></span> <span class='ocrx_word' id='word_1_578' title='bbox 1922 4379 2050 4426; x_wconf 89' lang='lat' dir='ltr'><strong>tunc</strong></span> 
     </span>
    </p>
   </div>
   <div class='ocr_carea' id='block_1_75' title="bbox 471 4445 2044 4519">
    <p class='ocr_par' dir='ltr' id='par_1_75' title="bbox 471 4445 2044 4519">
     <span class='ocr_line' id='line_1_75' title="bbox 471 4445 2044 4519; baseline 0.013 -21"><span class='ocrx_word' id='word_1_579' title='bbox 471 4455 608 4500; x_wconf 83' lang='lat' dir='ltr'><strong>erat.</strong></span> <span class='ocrx_word' id='word_1_580' title='bbox 649 4445 790 4502; x_wconf 79' lang='lat' dir='ltr'><strong>Jussi</strong></span> <span class='ocrx_word' id='word_1_581' title='bbox 845 4457 972 4504; x_wconf 90' lang='lat' dir='ltr'><strong>sunt</strong></span> <span class='ocrx_word' id='word_1_582' title='bbox 1001 4451 1146 4504; x_wconf 89' lang='lat' dir='ltr'><strong>enim</strong></span> <span class='ocrx_word' id='word_1_583' title='bbox 1197 4450 1567 4510; x_wconf 76' lang='lat' dir='ltr'><strong>Boruauorum</strong></span> <span class='ocrx_word' id='word_1_584' title='bbox 1616 4458 1817 4515; x_wconf 85' lang='lat' dir='ltr'><strong>milites</strong></span> <span class='ocrx_word' id='word_1_585' title='bbox 1852 4477 1918 4517; x_wconf 91' lang='lat' dir='ltr'><strong>ne</strong></span> <span class='ocrx_word' id='word_1_586' title='bbox 1958 4463 2044 4519; x_wconf 89' lang='lat' dir='ltr'><strong>cui</strong></span> 
     </span>
    </p>
   </div>
   <div class='ocr_carea' id='block_1_76' title="bbox 2161 3254 3728 3330">
    <p class='ocr_par' dir='ltr' id='par_1_76' title="bbox 2161 3254 3728 3330">
     <span class='ocr_line' id='line_1_76' title="bbox 2161 3254 3728 3330; baseline -0.004 -17"><span class='ocrx_word' id='word_1_587' title='bbox 2161 3258 2341 3313; x_wconf 82' lang='grc' dir='ltr'>αὐτῶν</span> <span class='ocrx_word' id='word_1_588' title='bbox 2367 3259 2426 3312; x_wconf 75' lang='grc' dir='ltr'><strong>ἐν</strong></span> <span class='ocrx_word' id='word_1_589' title='bbox 2452 3258 2704 3329; x_wconf 83' lang='grc' dir='ltr'>χειμῶνι,</span> <span class='ocrx_word' id='word_1_590' title='bbox 2736 3258 2823 3311; x_wconf 79' lang='grc' dir='ltr'>διὰ</span> <span class='ocrx_word' id='word_1_591' title='bbox 2854 3257 2954 3330; x_wconf 80' lang='grc' dir='ltr'><strong>τὴν</strong></span> <span class='ocrx_word' id='word_1_592' title='bbox 2987 3257 3278 3311; x_wconf 84' lang='grc' dir='ltr'>δυσκολίαν</span> <span class='ocrx_word' id='word_1_593' title='bbox 3308 3255 3405 3310; x_wconf 88' lang='grc' dir='ltr'><strong>τοῦ</strong></span> <span class='ocrx_word' id='word_1_594' title='bbox 3443 3254 3626 3326; x_wconf 89' lang='grc' dir='ltr'>καιροῦ</span> <span class='ocrx_word' id='word_1_595' title='bbox 3663 3255 3728 3325; x_wconf 80' lang='grc' dir='ltr'>μὴ</span> 
     </span>
    </p>
   </div>
   <div class='ocr_carea' id='block_1_77' title="bbox 2159 3344 3728 3422">
    <p class='ocr_par' dir='ltr' id='par_1_77' title="bbox 2159 3344 3728 3422">
     <span class='ocr_line' id='line_1_77' title="bbox 2159 3344 3728 3422; baseline -0.004 -18"><span class='ocrx_word' id='word_1_596' title='bbox 2159 3351 2474 3421; x_wconf 82' lang='grc' dir='ltr'>δυναμένων</span> <span class='ocrx_word' id='word_1_597' title='bbox 2519 3351 2849 3422; x_wconf 79' lang='grc' dir='ltr'>ἀποδρᾶναι,</span> <span class='ocrx_word' id='word_1_598' title='bbox 2887 3351 3022 3421; x_wconf 72' lang='grc' dir='ltr'>μηδὲ</span> <span class='ocrx_word' id='word_1_599' title='bbox 3053 3350 3110 3402; x_wconf 83' lang='grc' dir='ltr'>ἐν</span> <span class='ocrx_word' id='word_1_600' title='bbox 3144 3348 3438 3418; x_wconf 79' lang='grc' dir='ltr'><strong>Σαϐϐάτῳ,</strong></span> <span class='ocrx_word' id='word_1_601' title='bbox 3489 3347 3607 3400; x_wconf 86' lang='grc' dir='ltr'>τότε</span> <span class='ocrx_word' id='word_1_602' title='bbox 3633 3344 3728 3415; x_wconf 79' lang='grc' dir='ltr'>γὰρ</span> 
     </span>
    </p>
   </div>
   <div class='ocr_carea' id='block_1_78' title="bbox 2159 3437 3728 3514">
    <p class='ocr_par' dir='ltr' id='par_1_78' title="bbox 2159 3437 3728 3514">
     <span class='ocr_line' id='line_1_78' title="bbox 2159 3437 3728 3514; baseline -0.006 -18"><span class='ocrx_word' id='word_1_603' title='bbox 2159 3443 2392 3514; x_wconf 83' lang='grc' dir='ltr'>ἀργοῦσι</span> <span class='ocrx_word' id='word_1_604' title='bbox 2424 3442 2565 3496; x_wconf 87' lang='grc' dir='ltr'>κατά</span> <span class='ocrx_word' id='word_1_605' title='bbox 2598 3441 2689 3495; x_wconf 84' lang='grc' dir='ltr'>τὸν</span> <span class='ocrx_word' id='word_1_606' title='bbox 2711 3442 2898 3510; x_wconf 87' lang='grc' dir='ltr'>νόμον,</span> <span class='ocrx_word' id='word_1_607' title='bbox 2946 3441 3039 3505; x_wconf 66' lang='grc' dir='ltr'><strong>καὶ</strong></span> <span class='ocrx_word' id='word_1_608' title='bbox 3070 3439 3168 3492; x_wconf 83' lang='grc' dir='ltr'>οὑκ</span> <span class='ocrx_word' id='word_1_609' title='bbox 3220 3439 3289 3492; x_wconf 86' lang='grc' dir='ltr'>ἂν</span> <span class='ocrx_word' id='word_1_610' title='bbox 3321 3437 3728 3506; x_wconf 78' lang='grc' dir='ltr'>ἐπιτολμήσαιεν</span> 
     </span>
    </p>
   </div>
   <div class='ocr_carea' id='block_1_79' title="bbox 2157 3526 3725 3608">
    <p class='ocr_par' dir='ltr' id='par_1_79' title="bbox 2157 3526 3725 3608">
     <span class='ocr_line' id='line_1_79' title="bbox 2157 3526 3725 3608; baseline -0.006 -19"><span class='ocrx_word' id='word_1_611' title='bbox 2157 3539 2223 3606; x_wconf 82' lang='grc' dir='ltr'>τῇ</span> <span class='ocrx_word' id='word_1_612' title='bbox 2259 3538 2429 3608; x_wconf 77' lang='grc' dir='ltr'>φυγῇ.</span> <span class='ocrx_word' id='word_1_613' title='bbox 2465 3537 2536 3588; x_wconf 75' lang='grc' dir='ltr'><strong>ΣΞ)</strong></span> <span class='ocrx_word' id='word_1_614' title='bbox 2562 3535 2619 3588; x_wconf 82' lang='grc' dir='ltr'>δὲ</span> <span class='ocrx_word' id='word_1_615' title='bbox 2653 3536 2749 3589; x_wconf 75' lang='grc' dir='ltr'>καὶ</span> <span class='ocrx_word' id='word_1_616' title='bbox 2771 3532 2914 3588; x_wconf 79' lang='grc' dir='ltr'><strong>οὕτω</strong></span> <span class='ocrx_word' id='word_1_617' title='bbox 2951 3531 3082 3594; x_wconf 87' lang='grc' dir='ltr'>νόει,</span> <span class='ocrx_word' id='word_1_618' title='bbox 3131 3532 3213 3584; x_wconf 83' lang='grc' dir='ltr'><strong>ὅτι</strong></span> <span class='ocrx_word' id='word_1_619' title='bbox 3239 3531 3324 3582; x_wconf 88' lang='grc' dir='ltr'><strong>δεῖ</strong></span> <span class='ocrx_word' id='word_1_620' title='bbox 3374 3529 3621 3600; x_wconf 74' lang='grc' dir='ltr'>εὖχευθαι</span> <span class='ocrx_word' id='word_1_621' title='bbox 3650 3526 3725 3579; x_wconf 83' lang='grc' dir='ltr'><strong>ἵνα</strong></span> 
     </span>
    </p>
   </div>
   <div class='ocr_carea' id='block_1_80' title="bbox 2160 3622 3725 3700">
    <p class='ocr_par' dir='ltr' id='par_1_80' title="bbox 2160 3622 3725 3700">
     <span class='ocr_line' id='line_1_80' title="bbox 2160 3622 3725 3700; baseline -0.008 -18"><span class='ocrx_word' id='word_1_622' title='bbox 2160 3627 2237 3700; x_wconf 81' lang='grc' dir='ltr'>μὴ</span> <span class='ocrx_word' id='word_1_623' title='bbox 2275 3629 2505 3698; x_wconf 77' lang='grc' dir='ltr'>γένηται</span> <span class='ocrx_word' id='word_1_624' title='bbox 2534 3631 2567 3698; x_wconf 81' lang='grc' dir='ltr'>ἡ</span> <span class='ocrx_word' id='word_1_625' title='bbox 2607 3628 2753 3699; x_wconf 82' lang='grc' dir='ltr'>φυγὴ</span> <span class='ocrx_word' id='word_1_626' title='bbox 2789 3624 2946 3696; x_wconf 71' lang='grc' dir='ltr'><strong>ἡμῶν</strong></span> <span class='ocrx_word' id='word_1_627' title='bbox 2967 3627 3032 3678; x_wconf 87' lang='grc' dir='ltr'><strong>ἐκ</strong></span> <span class='ocrx_word' id='word_1_628' title='bbox 3063 3622 3158 3679; x_wconf 89' lang='grc' dir='ltr'><strong>τοῦ</strong></span> <span class='ocrx_word' id='word_1_629' title='bbox 3196 3623 3316 3694; x_wconf 83' lang='grc' dir='ltr'>βίου</span> <span class='ocrx_word' id='word_1_630' title='bbox 3343 3622 3557 3684; x_wconf 85' lang='grc' dir='ltr'><strong>τούτου⁹</strong></span> <span class='ocrx_word' id='word_1_631' title='bbox 3589 3635 3725 3673; x_wconf 85' lang='grc' dir='ltr'>τουτ-</span> 
     </span>
    </p>
   </div>
   <div class='ocr_carea' id='block_1_81' title="bbox 2157 3709 3726 3791">
    <p class='ocr_par' dir='ltr' id='par_1_81' title="bbox 2157 3709 3726 3791">
     <span class='ocr_line' id='line_1_81' title="bbox 2157 3709 3726 3791; baseline -0.008 -17"><span class='ocrx_word' id='word_1_632' title='bbox 2157 3722 2304 3774; x_wconf 81' lang='grc' dir='ltr'>έστιν</span> <span class='ocrx_word' id='word_1_633' title='bbox 2344 3722 2377 3791; x_wconf 78' lang='grc' dir='ltr'><strong>ἠ</strong></span> <span class='ocrx_word' id='word_1_634' title='bbox 2409 3718 2654 3791; x_wconf 78' lang='grc' dir='ltr'>τελευτὴ,</span> <span class='ocrx_word' id='word_1_635' title='bbox 2684 3721 2740 3771; x_wconf 90' lang='grc' dir='ltr'><strong>ἐν</strong></span> <span class='ocrx_word' id='word_1_636' title='bbox 2783 3716 3072 3788; x_wconf 69' lang='grc' dir='ltr'><strong>Σαϐϐάτῳ,</strong></span> <span class='ocrx_word' id='word_1_637' title='bbox 3117 3718 3183 3786; x_wconf 85' lang='grc' dir='ltr'>τῇ</span> <span class='ocrx_word' id='word_1_638' title='bbox 3215 3716 3393 3786; x_wconf 71' lang='grc' dir='ltr'>ἀργία</span> <span class='ocrx_word' id='word_1_639' title='bbox 3428 3714 3535 3766; x_wconf 82' lang='grc' dir='ltr'><strong>τῶν</strong></span> <span class='ocrx_word' id='word_1_640' title='bbox 3564 3709 3726 3764; x_wconf 86' lang='grc' dir='ltr'>καλῶν</span> 
     </span>
    </p>
   </div>
   <div class='ocr_carea' id='block_1_82' title="bbox 2157 3799 3722 3882">
    <p class='ocr_par' dir='ltr' id='par_1_82' title="bbox 2157 3799 3722 3882">
     <span class='ocr_line' id='line_1_82' title="bbox 2157 3799 3722 3882; baseline 0.001 -21"><span class='ocrx_word' id='word_1_641' title='bbox 2157 3810 2433 3881; x_wconf 78' lang='grc' dir='ltr'>πράξεων,</span> <span class='ocrx_word' id='word_1_642' title='bbox 2461 3810 2596 3882; x_wconf 87' lang='grc' dir='ltr'>μηδὲ</span> <span class='ocrx_word' id='word_1_643' title='bbox 2630 3811 2688 3863; x_wconf 88' lang='grc' dir='ltr'><strong>ἐν</strong></span> <span class='ocrx_word' id='word_1_644' title='bbox 2708 3808 2960 3880; x_wconf 82' lang='grc' dir='ltr'>χειμῶνι,</span> <span class='ocrx_word' id='word_1_645' title='bbox 2987 3809 3055 3879; x_wconf 73' lang='grc' dir='ltr'>τῇ</span> <span class='ocrx_word' id='word_1_646' title='bbox 3085 3808 3343 3877; x_wconf 74' lang='grc' dir='ltr'>ἀκαρπίᾳ</span> <span class='ocrx_word' id='word_1_647' title='bbox 3365 3803 3475 3858; x_wconf 85' lang='grc' dir='ltr'>τῶν</span> <span class='ocrx_word' id='word_1_648' title='bbox 3497 3799 3722 3870; x_wconf 67' lang='grc' dir='ltr'>ἀγαθῶν,</span> 
     </span>
    </p>
   </div>
   <div class='ocr_carea' id='block_1_83' title="bbox 2156 3898 3202 3973">
    <p class='ocr_par' dir='ltr' id='par_1_83' title="bbox 2156 3898 3202 3973">
     <span class='ocr_line' id='line_1_83' title="bbox 2156 3898 3202 3973; baseline 0 -21"><span class='ocrx_word' id='word_1_649' title='bbox 2156 3900 2270 3953; x_wconf 80' lang='grc' dir='ltr'>ἀλλ’</span> <span class='ocrx_word' id='word_1_650' title='bbox 2309 3902 2369 3954; x_wconf 87' lang='grc' dir='ltr'>ἐν</span> <span class='ocrx_word' id='word_1_651' title='bbox 2403 3901 2555 3972; x_wconf 78' lang='grc' dir='ltr'>εὑδίᾳ</span> <span class='ocrx_word' id='word_1_652' title='bbox 2585 3900 2763 3973; x_wconf 73' lang='grc' dir='ltr'>ψυχῆς</span> <span class='ocrx_word' id='word_1_653' title='bbox 2793 3900 2887 3954; x_wconf 72' lang='grc' dir='ltr'>καὶ</span> <span class='ocrx_word' id='word_1_654' title='bbox 2911 3898 3202 3969; x_wconf 71' lang='grc' dir='ltr'>ἀταραξίᾳ.</span> 
     </span>
    </p>
   </div>
   <div class='ocr_carea' id='block_1_84' title="bbox 2238 3987 3724 4064">
    <p class='ocr_par' dir='ltr' id='par_1_84' title="bbox 2238 3987 3724 4064">
     <span class='ocr_line' id='line_1_84' title="bbox 2238 3987 3724 4064; baseline -0.009 -16"><span class='ocrx_word' id='word_1_655' title='bbox 2238 4017 2256 4048; x_wconf 80' lang='grc' dir='ltr'><strong>ι</strong></span> <span class='ocrx_word' id='word_1_656' title='bbox 2293 3997 2484 4051; x_wconf 87' lang='grc' dir='ltr'>Ἔσται</span> <span class='ocrx_word' id='word_1_657' title='bbox 2515 3994 2623 4064; x_wconf 81' lang='grc' dir='ltr'><strong>γὰρ</strong></span> <span class='ocrx_word' id='word_1_658' title='bbox 2670 3996 2789 4047; x_wconf 88' lang='grc' dir='ltr'>τότε</span> <span class='ocrx_word' id='word_1_659' title='bbox 2821 3993 2998 4060; x_wconf 66' lang='grc' dir='ltr'>θλίψις</span> <span class='ocrx_word' id='word_1_660' title='bbox 3045 3991 3281 4062; x_wconf 80' lang='grc' dir='ltr'>μεγάλη,</span> <span class='ocrx_word' id='word_1_661' title='bbox 3321 3992 3410 4044; x_wconf 80' lang='grc' dir='ltr'><strong>οἵα</strong></span> <span class='ocrx_word' id='word_1_662' title='bbox 3429 3990 3490 4042; x_wconf 84' lang='grc' dir='ltr'><strong>ού</strong></span> <span class='ocrx_word' id='word_1_663' title='bbox 3523 3987 3724 4056; x_wconf 82' lang='grc' dir='ltr'>γέγονεν</span> 
     </span>
    </p>
   </div>
   <div class='ocr_carea' id='block_1_85' title="bbox 2155 4082 3717 4183">
    <p class='ocr_par' dir='ltr' id='par_1_85' title="bbox 2155 4082 3717 4183">
     <span class='ocr_line' id='line_1_85' title="bbox 2155 4082 3717 4183; baseline -0.013 -32"><span class='ocrx_word' id='word_1_664' title='bbox 2155 4095 2250 4151; x_wconf 78' lang='grc' dir='ltr'><strong>ἀπ’</strong></span> <span class='ocrx_word' id='word_1_665' title='bbox 2279 4094 2453 4164; x_wconf 80' lang='grc' dir='ltr'>ἀρχῆς</span> <span class='ocrx_word' id='word_1_666' title='bbox 2490 4090 2697 4159; x_wconf 89' lang='grc' dir='ltr'>κόσμου</span> <span class='ocrx_word' id='word_1_667' title='bbox 2730 4087 2832 4151; x_wconf 73' lang='grc' dir='ltr'><strong>ἕως</strong></span> <span class='ocrx_word' id='word_1_668' title='bbox 2856 4084 2949 4140; x_wconf 90' lang='grc' dir='ltr'>τοῦ</span> <span class='ocrx_word' id='word_1_669' title='bbox 2985 4084 3102 4152; x_wconf 86' lang='grc' dir='ltr'>νῦν,</span> <span class='ocrx_word' id='word_1_670' title='bbox 3135 4084 3248 4138; x_wconf 70' lang='grc' dir='ltr'>οὐδ’</span> <span class='ocrx_word' id='word_1_671' title='bbox 3282 4085 3343 4138; x_wconf 85' lang='grc' dir='ltr'><strong>ού</strong></span> <span class='ocrx_word' id='word_1_672' title='bbox 3371 4082 3447 4155; x_wconf 80' lang='grc' dir='ltr'>μὴ</span> <span class='ocrx_word' id='word_1_673' title='bbox 3478 4083 3717 4183; x_wconf 64' lang='grc' dir='ltr'>γένηται·</span> 
     </span>
    </p>
   </div>
   <div class='ocr_carea' id='block_1_86' title="bbox 2155 4175 3724 4254">
    <p class='ocr_par' dir='ltr' id='par_1_86' title="bbox 2155 4175 3724 4254">
     <span class='ocr_line' id='line_1_86' title="bbox 2155 4175 3724 4254; baseline -0.013 -13"><span class='ocrx_word' id='word_1_674' title='bbox 2155 4188 2249 4241; x_wconf 71' lang='grc' dir='ltr'>καὶ</span> <span class='ocrx_word' id='word_1_675' title='bbox 2282 4187 2330 4239; x_wconf 82' lang='grc' dir='ltr'><strong>εί</strong></span> <span class='ocrx_word' id='word_1_676' title='bbox 2371 4183 2446 4254; x_wconf 83' lang='grc' dir='ltr'>μὴ</span> <span class='ocrx_word' id='word_1_677' title='bbox 2481 4179 2896 4248; x_wconf 77' lang='grc' dir='ltr'>ἐκολοϐώθησαν</span> <span class='ocrx_word' id='word_1_678' title='bbox 2925 4179 2986 4231; x_wconf 84' lang='grc' dir='ltr'><strong>αἱ</strong></span> <span class='ocrx_word' id='word_1_679' title='bbox 3027 4177 3234 4248; x_wconf 76' lang='grc' dir='ltr'>ἡμέραι</span> <span class='ocrx_word' id='word_1_680' title='bbox 3266 4179 3498 4237; x_wconf 82' lang='grc' dir='ltr'>ἐκεῖναι.</span> <span class='ocrx_word' id='word_1_681' title='bbox 3531 4175 3624 4227; x_wconf 73' lang='grc' dir='ltr'>οὐκ</span> <span class='ocrx_word' id='word_1_682' title='bbox 3663 4175 3724 4223; x_wconf 81' lang='grc' dir='ltr'><strong>ἄν</strong></span> 
     </span>
    </p>
   </div>
   <div class='ocr_carea' id='block_1_87' title="bbox 2154 4263 3721 4347">
    <p class='ocr_par' dir='ltr' id='par_1_87' title="bbox 2154 4263 3721 4347">
     <span class='ocr_line' id='line_1_87' title="bbox 2154 4263 3721 4347; baseline -0.011 -15"><span class='ocrx_word' id='word_1_683' title='bbox 2154 4277 2332 4347; x_wconf 86' lang='grc' dir='ltr'>ἐσώθη</span> <span class='ocrx_word' id='word_1_684' title='bbox 2369 4275 2519 4328; x_wconf 80' lang='grc' dir='ltr'>πᾶσα</span> <span class='ocrx_word' id='word_1_685' title='bbox 2557 4271 2695 4342; x_wconf 78' lang='grc' dir='ltr'>σάρξ</span> <span class='ocrx_word' id='word_1_686' title='bbox 2715 4285 2728 4299; x_wconf 83' lang='grc'><strong><em>⁸</em></strong></span> <span class='ocrx_word' id='word_1_687' title='bbox 2758 4271 2848 4325; x_wconf 77' lang='grc' dir='ltr'><strong>διὰ</strong></span> <span class='ocrx_word' id='word_1_688' title='bbox 2871 4271 2927 4324; x_wconf 80' lang='grc' dir='ltr'>δὲ</span> <span class='ocrx_word' id='word_1_689' title='bbox 2962 4271 3087 4333; x_wconf 80' lang='grc' dir='ltr'>τοὺς</span> <span class='ocrx_word' id='word_1_690' title='bbox 3114 4269 3408 4333; x_wconf 71' lang='grc' dir='ltr'>ἐκλεκτοὺς</span> <span class='ocrx_word' id='word_1_691' title='bbox 3438 4263 3721 4329; x_wconf 74' lang='grc' dir='ltr'>κολοϐωθή-</span> 
     </span>
    </p>
   </div>
   <div class='ocr_carea' id='block_1_88' title="bbox 2155 4349 3717 4436">
    <p class='ocr_par' dir='ltr' id='par_1_88' title="bbox 2155 4349 3717 4436">
     <span class='ocr_line' id='line_1_88' title="bbox 2155 4349 3717 4436; baseline -0.011 -14"><span class='ocrx_word' id='word_1_692' title='bbox 2155 4386 2338 4424; x_wconf 89' lang='grc' dir='ltr'>σονται</span> <span class='ocrx_word' id='word_1_693' title='bbox 2369 4368 2424 4420; x_wconf 86' lang='grc' dir='ltr'>αί</span> <span class='ocrx_word' id='word_1_694' title='bbox 2454 4366 2658 4436; x_wconf 77' lang='grc' dir='ltr'>ἡμέραι</span> <span class='ocrx_word' id='word_1_695' title='bbox 2680 4364 2905 4416; x_wconf 84' lang='grc' dir='ltr'>ἐκεῖναι.</span> <span class='ocrx_word' id='word_1_696' title='bbox 2936 4381 2954 4412; x_wconf 81' lang='grc' dir='ltr'><strong>ι</strong></span> <span class='ocrx_word' id='word_1_697' title='bbox 2994 4361 3183 4431; x_wconf 77' lang='grc' dir='ltr'>Θλίψις</span> <span class='ocrx_word' id='word_1_698' title='bbox 3207 4361 3483 4432; x_wconf 77' lang='grc' dir='ltr'><strong>ἀφόρητος</strong></span> <span class='ocrx_word' id='word_1_699' title='bbox 3507 4357 3617 4410; x_wconf 89' lang='grc' dir='ltr'>τότε</span> <span class='ocrx_word' id='word_1_700' title='bbox 3641 4349 3717 4424; x_wconf 78' lang='grc' dir='ltr'><strong>ἦν.</strong></span> 
     </span>
    </p>
   </div>
   <div class='ocr_carea' id='block_1_89' title="bbox 2164 4445 3719 4529">
    <p class='ocr_par' dir='ltr' id='par_1_89' title="bbox 2164 4445 3719 4529">
     <span class='ocr_line' id='line_1_89' title="bbox 2164 4445 3719 4529; baseline -0.014 -14"><span class='ocrx_word' id='word_1_701' title='bbox 2164 4458 2599 4529; x_wconf 84' lang='grc' dir='ltr'>Ἐκελεύσθησαν</span> <span class='ocrx_word' id='word_1_702' title='bbox 2629 4455 2738 4524; x_wconf 80' lang='grc' dir='ltr'>γὰρ</span> <span class='ocrx_word' id='word_1_703' title='bbox 2787 4457 2836 4507; x_wconf 89' lang='grc' dir='ltr'><strong>οί</strong></span> <span class='ocrx_word' id='word_1_704' title='bbox 2874 4453 2984 4506; x_wconf 85' lang='grc' dir='ltr'><strong>τῶν</strong></span> <span class='ocrx_word' id='word_1_705' title='bbox 3046 4453 3338 4523; x_wconf 82' lang='grc' dir='ltr'><strong>Ῥωμαίων</strong></span> <span class='ocrx_word' id='word_1_706' title='bbox 3388 4445 3719 4521; x_wconf 82' lang='grc' dir='ltr'>στρατιῶται,</span> 
     </span>
    </p>
   </div>
   <div class='ocr_carea' id='block_1_90' title="bbox 469 4535 2059 4625">
    <p class='ocr_par' dir='ltr' id='par_1_90' title="bbox 469 4540 2049 4621">
     <span class='ocr_line' id='line_1_90' title="bbox 469 4540 2049 4621; baseline 0.015 -31"><span class='ocrx_word' id='word_1_707' title='bbox 469 4547 760 4609; x_wconf 75' lang='lat' dir='ltr'><strong>parcerent</strong></span> <span class='ocrx_word' id='word_1_708' title='bbox 789 4556 804 4593; x_wconf 89' lang='lat'><strong>:</strong></span> <span class='ocrx_word' id='word_1_709' title='bbox 837 4540 945 4596; x_wconf 80' lang='lat' dir='ltr'><strong>sed</strong></span> <span class='ocrx_word' id='word_1_710' title='bbox 964 4540 1105 4597; x_wconf 89' lang='lat' dir='ltr'><strong>Deus</strong></span> <span class='ocrx_word' id='word_1_711' title='bbox 1133 4554 1352 4613; x_wconf 87' lang='lat' dir='ltr'><strong>propter</strong></span> <span class='ocrx_word' id='word_1_712' title='bbox 1379 4549 1683 4604; x_wconf 89' lang='lat' dir='ltr'><strong>credituros</strong></span> <span class='ocrx_word' id='word_1_713' title='bbox 1709 4565 1776 4606; x_wconf 78' lang='lat' dir='ltr'><strong>ex</strong></span> <span class='ocrx_word' id='word_1_714' title='bbox 1804 4552 1933 4621; x_wconf 87' lang='lat' dir='ltr'><strong>illis,</strong></span> <span class='ocrx_word' id='word_1_715' title='bbox 1964 4558 2049 4613; x_wconf 86' lang='lat' dir='ltr'><strong>vel</strong></span> 
     </span>
    </p>
   </div>
   <div class='ocr_carea' id='block_1_91' title="bbox 2166 4535 3717 4625">
    <p class='ocr_par' dir='ltr' id='par_1_91' title="bbox 2166 4540 3717 4625">
     <span class='ocr_line' id='line_1_91' title="bbox 2166 4540 3717 4625; baseline -0.012 -20"><span class='ocrx_word' id='word_1_716' title='bbox 2166 4551 2387 4625; x_wconf 79' lang='grc' dir='ltr'>μηδενὸς</span> <span class='ocrx_word' id='word_1_717' title='bbox 2443 4547 2739 4620; x_wconf 85' lang='grc' dir='ltr'>φείδεσθαι,</span> <span class='ocrx_word' id='word_1_718' title='bbox 2796 4545 2962 4599; x_wconf 80' lang='grc' dir='ltr'>ἀλλ’ό</span> <span class='ocrx_word' id='word_1_719' title='bbox 3007 4545 3138 4608; x_wconf 68' lang='grc' dir='ltr'>Θεὸς</span> <span class='ocrx_word' id='word_1_720' title='bbox 3178 4545 3266 4598; x_wconf 85' lang='grc' dir='ltr'>διὰ</span> <span class='ocrx_word' id='word_1_721' title='bbox 3296 4547 3424 4608; x_wconf 72' lang='grc' dir='ltr'>τοὺς</span> <span class='ocrx_word' id='word_1_722' title='bbox 3449 4540 3717 4614; x_wconf 71' lang='grc' dir='ltr'>μέλλοντας</span> 
     </span>
    </p>
   </div>
   <div class='ocr_carea' id='block_1_92' title="bbox 470 4632 2050 4709">
    <p class='ocr_par' dir='ltr' id='par_1_92' title="bbox 470 4632 2050 4709">
     <span class='ocr_line' id='line_1_92' title="bbox 470 4632 2050 4709; baseline 0.012 -22"><span class='ocrx_word' id='word_1_723' title='bbox 470 4647 566 4687; x_wconf 90' lang='lat' dir='ltr'><strong>eos</strong></span> <span class='ocrx_word' id='word_1_724' title='bbox 598 4635 687 4702; x_wconf 90' lang='lat' dir='ltr'><strong>qui</strong></span> <span class='ocrx_word' id='word_1_725' title='bbox 725 4632 836 4700; x_wconf 82' lang='lat' dir='ltr'><strong>jam</strong></span> <span class='ocrx_word' id='word_1_726' title='bbox 866 4635 1230 4703; x_wconf 83' lang='lat' dir='ltr'><strong>crediderant,</strong></span> <span class='ocrx_word' id='word_1_727' title='bbox 1263 4654 1367 4692; x_wconf 88' lang='lat' dir='ltr'><strong>non</strong></span> <span class='ocrx_word' id='word_1_728' title='bbox 1392 4643 1638 4709; x_wconf 87' lang='lat' dir='ltr'><strong>permisit</strong></span> <span class='ocrx_word' id='word_1_729' title='bbox 1669 4645 1828 4700; x_wconf 88' lang='lat' dir='ltr'><strong>simul</strong></span> <span class='ocrx_word' id='word_1_730' title='bbox 1857 4663 2050 4706; x_wconf 88' lang='lat' dir='ltr'><strong>omnes</strong></span> 
     </span>
    </p>
   </div>
   <div class='ocr_carea' id='block_1_93' title="bbox 467 4725 2044 4799">
    <p class='ocr_par' dir='ltr' id='par_1_93' title="bbox 467 4725 2044 4799">
     <span class='ocr_line' id='line_1_93' title="bbox 467 4725 2044 4799; baseline 0.011 -19"><span class='ocrx_word' id='word_1_731' title='bbox 467 4725 666 4780; x_wconf 84' lang='lat' dir='ltr'><strong>occidi.</strong></span> <span class='ocrx_word' id='word_1_732' title='bbox 707 4725 1022 4782; x_wconf 87' lang='lat' dir='ltr'><strong>Decurtavit</strong></span> <span class='ocrx_word' id='word_1_733' title='bbox 1055 4737 1233 4783; x_wconf 87' lang='lat' dir='ltr'><strong>autem</strong></span> <span class='ocrx_word' id='word_1_734' title='bbox 1261 4729 1579 4790; x_wconf 80' lang='lat' dir='ltr'><strong>amictioues</strong></span> <span class='ocrx_word' id='word_1_735' title='bbox 1609 4746 1664 4791; x_wconf 88' lang='lat' dir='ltr'><strong>et</strong></span> <span class='ocrx_word' id='word_1_736' title='bbox 1695 4737 1836 4794; x_wconf 93' lang='lat' dir='ltr'><strong>bella</strong></span> <span class='ocrx_word' id='word_1_737' title='bbox 1872 4759 1885 4795; x_wconf 90' lang='lat'>:</span> <span class='ocrx_word' id='word_1_738' title='bbox 1921 4757 2044 4799; x_wconf 89' lang='lat' dir='ltr'><strong>nam</strong></span> 
     </span>
    </p>
   </div>
   <div class='ocr_carea' id='block_1_94' title="bbox 469 4815 2044 4899">
    <p class='ocr_par' dir='ltr' id='par_1_94' title="bbox 469 4815 2044 4899">
     <span class='ocr_line' id='line_1_94' title="bbox 469 4815 2044 4899; baseline 0.011 -28"><span class='ocrx_word' id='word_1_739' title='bbox 469 4816 513 4871; x_wconf 86' lang='lat' dir='ltr'><strong>si</strong></span> <span class='ocrx_word' id='word_1_740' title='bbox 548 4815 744 4871; x_wconf 91' lang='lat' dir='ltr'><strong>bellum</strong></span> <span class='ocrx_word' id='word_1_741' title='bbox 768 4817 1079 4874; x_wconf 78' lang='lat' dir='ltr'><strong>diuturnius</strong></span> <span class='ocrx_word' id='word_1_742' title='bbox 1114 4819 1327 4888; x_wconf 85' lang='lat' dir='ltr'><strong>fuisset,</strong></span> <span class='ocrx_word' id='word_1_743' title='bbox 1360 4839 1548 4881; x_wconf 89' lang='lat' dir='ltr'><strong>omnes</strong></span> <span class='ocrx_word' id='word_1_744' title='bbox 1573 4829 1663 4897; x_wconf 90' lang='lat' dir='ltr'><strong>qui</strong></span> <span class='ocrx_word' id='word_1_745' title='bbox 1700 4829 1844 4886; x_wconf 88' lang='lat' dir='ltr'><strong>intus</strong></span> <span class='ocrx_word' id='word_1_746' title='bbox 1867 4843 2044 4899; x_wconf 86' lang='lat' dir='ltr'><strong>erant,</strong></span> 
     </span>
    </p>
   </div>
   <div class='ocr_carea' id='block_1_95' title="bbox 467 4909 2047 4980">
    <p class='ocr_par' dir='ltr' id='par_1_95' title="bbox 467 4909 2047 4980">
     <span class='ocr_line' id='line_1_95' title="bbox 467 4909 2047 4980; baseline 0.009 -15"><span class='ocrx_word' id='word_1_747' title='bbox 467 4909 612 4965; x_wconf 79' lang='lat' dir='ltr'><strong>fame</strong></span> <span class='ocrx_word' id='word_1_748' title='bbox 642 4909 953 4980; x_wconf 86' lang='lat' dir='ltr'><strong>periissem.</strong></span> <span class='ocrx_word' id='word_1_749' title='bbox 985 4909 1218 4977; x_wconf 87' lang='lat' dir='ltr'><strong>Quidam</strong></span> <span class='ocrx_word' id='word_1_750' title='bbox 1259 4915 1324 4968; x_wconf 92' lang='lat' dir='ltr'><strong>de</strong></span> <span class='ocrx_word' id='word_1_751' title='bbox 1354 4916 1675 4974; x_wconf 83' lang='lat' dir='ltr'><strong>Antichristi</strong></span> <span class='ocrx_word' id='word_1_752' title='bbox 1707 4920 1897 4976; x_wconf 89' lang='lat' dir='ltr'><strong>diebus</strong></span> <span class='ocrx_word' id='word_1_753' title='bbox 1933 4923 2047 4979; x_wconf 72' lang='lat' dir='ltr'><strong>haec</strong></span> 
     </span>
    </p>
   </div>
   <div class='ocr_carea' id='block_1_96' title="bbox 465 5002 2051 5079">
    <p class='ocr_par' dir='ltr' id='par_1_96' title="bbox 465 5002 2051 5079">
     <span class='ocr_line' id='line_1_96' title="bbox 465 5002 2051 5079; baseline 0.009 -23"><span class='ocrx_word' id='word_1_754' title='bbox 465 5002 772 5072; x_wconf 81' lang='lat' dir='ltr'><strong>intelligunt</strong></span> <span class='ocrx_word' id='word_1_755' title='bbox 797 5017 813 5056; x_wconf 88' lang='lat'><strong>:</strong></span> <span class='ocrx_word' id='word_1_756' title='bbox 843 5005 940 5059; x_wconf 87' lang='lat' dir='ltr'><strong>sed</strong></span> <span class='ocrx_word' id='word_1_757' title='bbox 976 5020 1081 5058; x_wconf 90' lang='lat' dir='ltr'><strong>non</strong></span> <span class='ocrx_word' id='word_1_758' title='bbox 1115 5017 1243 5060; x_wconf 84' lang='lat' dir='ltr'><strong>sunt</strong></span> <span class='ocrx_word' id='word_1_759' title='bbox 1274 5006 1619 5079; x_wconf 81' lang='lat' dir='ltr'><strong>intelligenda</strong></span> <span class='ocrx_word' id='word_1_760' title='bbox 1655 5013 1768 5070; x_wconf 75' lang='lat' dir='ltr'><strong>haec</strong></span> <span class='ocrx_word' id='word_1_761' title='bbox 1794 5015 1862 5070; x_wconf 92' lang='lat' dir='ltr'><strong>de</strong></span> <span class='ocrx_word' id='word_1_762' title='bbox 1894 5016 2051 5071; x_wconf 83' lang='lat' dir='ltr'><strong>Anti-</strong></span> 
     </span>
    </p>
   </div>
   <div class='ocr_carea' id='block_1_97' title="bbox 467 5093 2045 5174">
    <p class='ocr_par' dir='ltr' id='par_1_97' title="bbox 467 5093 2045 5174">
     <span class='ocr_line' id='line_1_97' title="bbox 467 5093 2045 5174; baseline 0.012 -29"><span class='ocrx_word' id='word_1_763' title='bbox 467 5093 694 5155; x_wconf 85' lang='lat' dir='ltr'><strong>cbristo,</strong></span> <span class='ocrx_word' id='word_1_764' title='bbox 723 5095 816 5148; x_wconf 82' lang='lat' dir='ltr'><strong>sed</strong></span> <span class='ocrx_word' id='word_1_765' title='bbox 840 5097 905 5149; x_wconf 88' lang='lat' dir='ltr'><strong>de</strong></span> <span class='ocrx_word' id='word_1_766' title='bbox 932 5096 1248 5166; x_wconf 82' lang='lat' dir='ltr'><strong>captivitate</strong></span> <span class='ocrx_word' id='word_1_767' title='bbox 1282 5101 1434 5155; x_wconf 85' lang='lat' dir='ltr'><strong>urbis</strong></span> <span class='ocrx_word' id='word_1_768' title='bbox 1466 5099 1785 5160; x_wconf 78' lang='lat' dir='ltr'><strong>Jerusalem.</strong></span> <span class='ocrx_word' id='word_1_769' title='bbox 1813 5105 1944 5174; x_wconf 59' lang='lat' dir='ltr'><strong>Quae</strong></span> <span class='ocrx_word' id='word_1_770' title='bbox 1977 5109 2045 5164; x_wconf 82' lang='lat' dir='ltr'><strong>ad</strong></span> 
     </span>
    </p>
   </div>
   <div class='ocr_carea' id='block_1_98' title="bbox 465 5183 2046 5266">
    <p class='ocr_par' dir='ltr' id='par_1_98' title="bbox 465 5183 2046 5266">
     <span class='ocr_line' id='line_1_98' title="bbox 465 5183 2046 5266; baseline 0.013 -31"><span class='ocrx_word' id='word_1_771' title='bbox 465 5183 862 5241; x_wconf 78' lang='lat' dir='ltr'><strong>Antichristum</strong></span> <span class='ocrx_word' id='word_1_772' title='bbox 907 5189 1206 5258; x_wconf 86' lang='lat' dir='ltr'><strong>pertinent,</strong></span> <span class='ocrx_word' id='word_1_773' title='bbox 1255 5191 1360 5246; x_wconf 91' lang='lat' dir='ltr'><strong>hoc</strong></span> <span class='ocrx_word' id='word_1_774' title='bbox 1398 5193 1518 5249; x_wconf 74' lang='lat' dir='ltr'><strong>loco</strong></span> <span class='ocrx_word' id='word_1_775' title='bbox 1565 5194 1849 5266; x_wconf 83' lang='lat' dir='ltr'><strong>incipiunt.</strong></span> <span class='ocrx_word' id='word_1_776' title='bbox 1903 5202 2046 5256; x_wconf 77' lang='lat' dir='ltr'><strong>Audi</strong></span> 
     </span>
    </p>
   </div>
   <div class='ocr_carea' id='block_1_99' title="bbox 466 5274 684 5345">
    <p class='ocr_par' dir='ltr' id='par_1_99' title="bbox 466 5274 684 5345">
     <span class='ocr_line' id='line_1_99' title="bbox 466 5274 684 5345; baseline 0.009 -15"><span class='ocrx_word' id='word_1_777' title='bbox 466 5274 640 5345; x_wconf 78' lang='lat' dir='ltr'><strong>igitur</strong></span> <span class='ocrx_word' id='word_1_778' title='bbox 670 5295 684 5332; x_wconf 91' lang='lat'><strong>:</strong></span> 
     </span>
    </p>
   </div>
   <div class='ocr_carea' id='block_1_100' title="bbox 545 5457 2047 5539">
    <p class='ocr_par' dir='ltr' id='par_1_100' title="bbox 545 5457 2047 5539">
     <span class='ocr_line' id='line_1_100' title="bbox 545 5457 2047 5539; baseline 0.012 -27"><span class='ocrx_word' id='word_1_779' title='bbox 545 5457 706 5513; x_wconf 73' lang='lat' dir='ltr'><strong>Vens.</strong></span> <span class='ocrx_word' id='word_1_780' title='bbox 747 5460 933 5516; x_wconf 63' lang='lat'><strong>*2&#39;5-25.</strong></span> <span class='ocrx_word' id='word_1_781' title='bbox 980 5480 998 5514; x_wconf 80' lang='grc' dir='ltr'><strong>ι</strong></span> <span class='ocrx_word' id='word_1_782' title='bbox 1039 5463 1190 5520; x_wconf 85' lang='lat' dir='ltr'><strong>Tunc</strong></span> <span class='ocrx_word' id='word_1_783' title='bbox 1218 5467 1262 5521; x_wconf 82' lang='lat' dir='ltr'><strong>si</strong></span> <span class='ocrx_word' id='word_1_784' title='bbox 1296 5468 1418 5537; x_wconf 88' lang='lat' dir='ltr'><strong>quis</strong></span> <span class='ocrx_word' id='word_1_785' title='bbox 1448 5469 1601 5524; x_wconf 81' lang='lat' dir='ltr'><strong>vobis</strong></span> <span class='ocrx_word' id='word_1_786' title='bbox 1645 5473 1841 5526; x_wconf 78' lang='lat' dir='ltr'><strong>dixerit</strong></span> <span class='ocrx_word' id='word_1_787' title='bbox 1864 5517 1876 5539; x_wconf 87' lang='lat'><strong>,</strong></span> <span class='ocrx_word' id='word_1_788' title='bbox 1910 5473 2047 5530; x_wconf 72' lang='lat' dir='ltr'><strong>Erce</strong></span> 
     </span>
    </p>
   </div>
   <div class='ocr_carea' id='block_1_101' title="bbox 466 5549 2043 5634">
    <p class='ocr_par' dir='ltr' id='par_1_101' title="bbox 466 5549 2043 5634">
     <span class='ocr_line' id='line_1_101' title="bbox 466 5549 2043 5634; baseline 0.008 -28"><span class='ocrx_word' id='word_1_789' title='bbox 466 5549 560 5610; x_wconf 71' lang='lat' dir='ltr'><strong>hic</strong></span> <span class='ocrx_word' id='word_1_790' title='bbox 581 5551 855 5619; x_wconf 78' lang='lat' dir='ltr'><strong>Christus,</strong></span> <span class='ocrx_word' id='word_1_791' title='bbox 887 5563 980 5608; x_wconf 89' lang='lat' dir='ltr'><strong>aut</strong></span> <span class='ocrx_word' id='word_1_792' title='bbox 1007 5555 1136 5620; x_wconf 88' lang='lat' dir='ltr'><strong>illic,</strong></span> <span class='ocrx_word' id='word_1_793' title='bbox 1169 5556 1332 5614; x_wconf 88' lang='lat' dir='ltr'><strong>nolite</strong></span> <span class='ocrx_word' id='word_1_794' title='bbox 1361 5561 1601 5617; x_wconf 79' lang='lat' dir='ltr'><strong>credere.</strong></span> <span class='ocrx_word' id='word_1_795' title='bbox 1636 5563 1872 5634; x_wconf 77' lang='lat' dir='ltr'><strong>Sui-gent</strong></span> <span class='ocrx_word' id='word_1_796' title='bbox 1897 5564 2043 5620; x_wconf 86' lang='lat' dir='ltr'><strong>enim</strong></span> 
     </span>
    </p>
   </div>
   <div class='ocr_carea' id='block_1_102' title="bbox 537 5699 950 5758">
    <p class='ocr_par' dir='ltr' id='par_1_102' title="bbox 537 5699 950 5758">
     <span class='ocr_line' id='line_1_102' title="bbox 537 5699 950 5758; baseline 0.01 -4"><span class='ocrx_word' id='word_1_797' title='bbox 537 5699 584 5732; x_wconf 78' lang='grc' dir='ltr'><strong><em>⁸ο</em></strong></span> <span class='ocrx_word' id='word_1_798' title='bbox 615 5699 634 5755; x_wconf 89' lang='grc' dir='ltr'><strong>Ι</strong></span> <span class='ocrx_word' id='word_1_799' title='bbox 666 5700 856 5758; x_wconf 82' lang='lat' dir='ltr'><strong>Thess.</strong></span> <span class='ocrx_word' id='word_1_800' title='bbox 888 5719 950 5758; x_wconf 90' lang='grc' dir='ltr'><strong>ιι.</strong></span> 
     </span>
    </p>
   </div>
   <div class='ocr_carea' id='block_1_103' title="bbox 548 5839 1676 5906">
    <p class='ocr_par' dir='ltr' id='par_1_103' title="bbox 548 5839 1676 5906">
     <span class='ocr_line' id='line_1_103' title="bbox 548 5839 1676 5906; baseline 0 -6"><span class='ocrx_word' id='word_1_801' title='bbox 548 5840 621 5900; x_wconf 66' lang='grc' dir='ltr'><strong>(π)</strong></span> <span class='ocrx_word' id='word_1_802' title='bbox 651 5840 789 5895; x_wconf 80' lang='lat' dir='ltr'><strong>Edit.</strong></span> <span class='ocrx_word' id='word_1_803' title='bbox 825 5839 941 5897; x_wconf 78' lang='lat' dir='ltr'><strong>lmt.</strong></span> <span class='ocrx_word' id='word_1_804' title='bbox 978 5846 1176 5906; x_wconf 85' lang='lat' dir='ltr'><strong>omisit.</strong></span> <span class='ocrx_word' id='word_1_805' title='bbox 1211 5863 1340 5906; x_wconf 70' lang='lat' dir='ltr'><strong>acer</strong></span> <span class='ocrx_word' id='word_1_806' title='bbox 1377 5846 1512 5902; x_wconf 78' lang='lat' dir='ltr'><strong>enim</strong></span> <span class='ocrx_word' id='word_1_807' title='bbox 1549 5853 1676 5902; x_wconf 79' lang='lat' dir='ltr'><strong>vita.</strong></span> 
     </span>
    </p>
   </div>
   <div class='ocr_carea' id='block_1_104' title="bbox 2159 4629 3717 4707">
    <p class='ocr_par' dir='ltr' id='par_1_104' title="bbox 2159 4629 3717 4707">
     <span class='ocr_line' id='line_1_104' title="bbox 2159 4629 3717 4707; baseline -0.013 -11"><span class='ocrx_word' id='word_1_808' title='bbox 2159 4641 2438 4696; x_wconf 79' lang='grc' dir='ltr'>πιστεύειν</span> <span class='ocrx_word' id='word_1_809' title='bbox 2474 4639 2532 4703; x_wconf 82' lang='grc' dir='ltr'><strong>ἐξ</strong></span> <span class='ocrx_word' id='word_1_810' title='bbox 2590 4639 2790 4699; x_wconf 77' lang='grc' dir='ltr'>αὐτῶν,</span> <span class='ocrx_word' id='word_1_811' title='bbox 2827 4636 2860 4707; x_wconf 80' lang='grc' dir='ltr'>ἢ</span> <span class='ocrx_word' id='word_1_812' title='bbox 2902 4635 2996 4689; x_wconf 77' lang='grc' dir='ltr'><strong>καὶ</strong></span> <span class='ocrx_word' id='word_1_813' title='bbox 3030 4633 3427 4696; x_wconf 81' lang='grc' dir='ltr'>πιστεύσαντας</span> <span class='ocrx_word' id='word_1_814' title='bbox 3483 4631 3600 4701; x_wconf 77' lang='grc' dir='ltr'>ἥδη.</span> <span class='ocrx_word' id='word_1_815' title='bbox 3628 4629 3717 4678; x_wconf 76' lang='grc' dir='ltr'><strong>οὐκ</strong></span> 
     </span>
    </p>
   </div>
   <div class='ocr_carea' id='block_1_105' title="bbox 2156 4718 3715 4804">
    <p class='ocr_par' dir='ltr' id='par_1_105' title="bbox 2156 4718 3715 4804">
     <span class='ocr_line' id='line_1_105' title="bbox 2156 4718 3715 4804; baseline -0.014 -15"><span class='ocrx_word' id='word_1_816' title='bbox 2156 4734 2367 4804; x_wconf 83' lang='grc' dir='ltr'>ἀφῆκεν</span> <span class='ocrx_word' id='word_1_817' title='bbox 2387 4732 2558 4803; x_wconf 79' lang='grc' dir='ltr'>ἄρδην</span> <span class='ocrx_word' id='word_1_818' title='bbox 2585 4728 2974 4799; x_wconf 76' lang='grc' dir='ltr'>ἀναιρεθῆναι,</span> <span class='ocrx_word' id='word_1_819' title='bbox 3005 4726 3141 4781; x_wconf 81' lang='grc' dir='ltr'>ἀλλὰ</span> <span class='ocrx_word' id='word_1_820' title='bbox 3176 4727 3272 4781; x_wconf 72' lang='grc' dir='ltr'>καὶ</span> <span class='ocrx_word' id='word_1_821' title='bbox 3296 4727 3394 4790; x_wconf 79' lang='grc' dir='ltr'>τὰς</span> <span class='ocrx_word' id='word_1_822' title='bbox 3419 4723 3618 4792; x_wconf 73' lang='grc' dir='ltr'>θλίψεις</span> <span class='ocrx_word' id='word_1_823' title='bbox 3635 4718 3715 4769; x_wconf 83' lang='grc' dir='ltr'>καὶ</span> 
     </span>
    </p>
   </div>
   <div class='ocr_carea' id='block_1_106' title="bbox 2156 4815 3719 4898">
    <p class='ocr_par' dir='ltr' id='par_1_106' title="bbox 2156 4815 3719 4898">
     <span class='ocr_line' id='line_1_106' title="bbox 2156 4815 3719 4898; baseline -0.01 -14"><span class='ocrx_word' id='word_1_824' title='bbox 2156 4830 2248 4884; x_wconf 79' lang='grc' dir='ltr'>τὸν</span> <span class='ocrx_word' id='word_1_825' title='bbox 2267 4827 2502 4898; x_wconf 83' lang='grc' dir='ltr'>πόλεμον</span> <span class='ocrx_word' id='word_1_826' title='bbox 2527 4824 2875 4880; x_wconf 78' lang='grc' dir='ltr'>ἐκολώὸωσεν</span> <span class='ocrx_word' id='word_1_827' title='bbox 2890 4837 2904 4854; x_wconf 85' lang='grc'>⁶</span> <span class='ocrx_word' id='word_1_828' title='bbox 2926 4826 2972 4875; x_wconf 89' lang='grc' dir='ltr'><strong>εί</strong></span> <span class='ocrx_word' id='word_1_829' title='bbox 3001 4823 3110 4893; x_wconf 79' lang='grc' dir='ltr'><strong>γὰρ</strong></span> <span class='ocrx_word' id='word_1_830' title='bbox 3131 4822 3435 4893; x_wconf 79' lang='grc' dir='ltr'>ἐκράτησεν</span> <span class='ocrx_word' id='word_1_831' title='bbox 3461 4822 3548 4872; x_wconf 79' lang='grc' dir='ltr'>ἐπὶ</span> <span class='ocrx_word' id='word_1_832' title='bbox 3571 4815 3719 4869; x_wconf 69' lang='grc' dir='ltr'>πλέον.</span> 
     </span>
    </p>
   </div>
   <div class='ocr_carea' id='block_1_107' title="bbox 2152 4906 3714 5009">
    <p class='ocr_par' dir='ltr' id='par_1_107' title="bbox 2152 4906 3714 5009">
     <span class='ocr_line' id='line_1_107' title="bbox 2152 4906 3714 5009; baseline -0.009 -33"><span class='ocrx_word' id='word_1_833' title='bbox 2152 4925 2182 4977; x_wconf 89' lang='grc' dir='ltr'><strong>ό</strong></span> <span class='ocrx_word' id='word_1_834' title='bbox 2214 4921 2473 4991; x_wconf 82' lang='grc' dir='ltr'>πόλεμος,</span> <span class='ocrx_word' id='word_1_835' title='bbox 2497 4917 2698 4980; x_wconf 82' lang='grc' dir='ltr'>πάντες</span> <span class='ocrx_word' id='word_1_836' title='bbox 2724 4914 2790 4969; x_wconf 78' lang='grc' dir='ltr'><strong>ἂν</strong></span> <span class='ocrx_word' id='word_1_837' title='bbox 2821 4916 2869 4968; x_wconf 80' lang='grc' dir='ltr'>οἱ</span> <span class='ocrx_word' id='word_1_838' title='bbox 2901 4913 3051 4967; x_wconf 73' lang='grc' dir='ltr'>ἔνδον</span> <span class='ocrx_word' id='word_1_839' title='bbox 3076 4913 3180 4967; x_wconf 84' lang='grc' dir='ltr'><strong>ὑπὸ</strong></span> <span class='ocrx_word' id='word_1_840' title='bbox 3211 4914 3303 4966; x_wconf 84' lang='grc' dir='ltr'><strong>τοῦ</strong></span> <span class='ocrx_word' id='word_1_841' title='bbox 3329 4910 3488 4984; x_wconf 86' lang='grc' dir='ltr'>λιμοῦ</span> <span class='ocrx_word' id='word_1_842' title='bbox 3517 4906 3714 5009; x_wconf 51' lang='grc' dir='ltr'>διεφθα-</span> 
     </span>
    </p>
   </div>
   <div class='ocr_carea' id='block_1_108' title="bbox 2157 5004 3712 5088">
    <p class='ocr_par' dir='ltr' id='par_1_108' title="bbox 2157 5004 3712 5088">
     <span class='ocr_line' id='line_1_108' title="bbox 2157 5004 3712 5088; baseline -0.011 -20"><span class='ocrx_word' id='word_1_843' title='bbox 2157 5031 2351 5088; x_wconf 88' lang='grc' dir='ltr'>ρησαν.</span> <span class='ocrx_word' id='word_1_844' title='bbox 2383 5011 2541 5074; x_wconf 83' lang='grc' dir='ltr'>Τινὲς</span> <span class='ocrx_word' id='word_1_845' title='bbox 2589 5009 2646 5064; x_wconf 80' lang='grc' dir='ltr'><strong>δὲ</strong></span> <span class='ocrx_word' id='word_1_846' title='bbox 2683 5010 2809 5080; x_wconf 69' lang='grc' dir='ltr'>περὶ</span> <span class='ocrx_word' id='word_1_847' title='bbox 2839 5007 2946 5060; x_wconf 84' lang='grc' dir='ltr'>τῶν</span> <span class='ocrx_word' id='word_1_848' title='bbox 2975 5007 3068 5060; x_wconf 90' lang='grc' dir='ltr'>τοῦ</span> <span class='ocrx_word' id='word_1_849' title='bbox 3107 5006 3477 5077; x_wconf 83' lang='grc' dir='ltr'>Ἀντιχρίστου</span> <span class='ocrx_word' id='word_1_850' title='bbox 3512 5004 3712 5074; x_wconf 69' lang='grc' dir='ltr'>ἡμερῶν</span> 
     </span>
    </p>
   </div>
   <div class='ocr_carea' id='block_1_109' title="bbox 2154 5096 3709 5168">
    <p class='ocr_par' dir='ltr' id='par_1_109' title="bbox 2154 5096 3709 5168">
     <span class='ocr_line' id='line_1_109' title="bbox 2154 5096 3709 5168; baseline -0.011 -5"><span class='ocrx_word' id='word_1_851' title='bbox 2154 5108 2338 5163; x_wconf 86' lang='grc' dir='ltr'>νοοῦσι</span> <span class='ocrx_word' id='word_1_852' title='bbox 2395 5104 2569 5158; x_wconf 88' lang='grc' dir='ltr'>ταῦτα</span> <span class='ocrx_word' id='word_1_853' title='bbox 2599 5119 2616 5136; x_wconf 85' lang='grc'><strong>·</strong></span> <span class='ocrx_word' id='word_1_854' title='bbox 2673 5104 2774 5156; x_wconf 82' lang='grc' dir='ltr'><strong>οὐκ</strong></span> <span class='ocrx_word' id='word_1_855' title='bbox 2821 5101 3025 5156; x_wconf 76' lang='grc' dir='ltr'>ἔστιδὲ</span> <span class='ocrx_word' id='word_1_856' title='bbox 3070 5099 3324 5168; x_wconf 75' lang='grc' dir='ltr'>περὶτοῦ</span> <span class='ocrx_word' id='word_1_857' title='bbox 3364 5096 3709 5166; x_wconf 76' lang='grc' dir='ltr'>’Δντιχρίστου</span> 
     </span>
    </p>
   </div>
   <div class='ocr_carea' id='block_1_110' title="bbox 2151 5181 3706 5266">
    <p class='ocr_par' dir='ltr' id='par_1_110' title="bbox 2151 5181 3706 5266">
     <span class='ocr_line' id='line_1_110' title="bbox 2151 5181 3706 5266; baseline -0.013 -12"><span class='ocrx_word' id='word_1_858' title='bbox 2151 5198 2345 5263; x_wconf 86' lang='grc' dir='ltr'>ταῦτα,</span> <span class='ocrx_word' id='word_1_859' title='bbox 2385 5197 2522 5251; x_wconf 82' lang='grc' dir='ltr'>ἀλλὰ</span> <span class='ocrx_word' id='word_1_860' title='bbox 2546 5198 2674 5266; x_wconf 79' lang='grc' dir='ltr'>περὶ</span> <span class='ocrx_word' id='word_1_861' title='bbox 2696 5196 2795 5266; x_wconf 78' lang='grc' dir='ltr'><strong>τῆς</strong></span> <span class='ocrx_word' id='word_1_862' title='bbox 2819 5192 3074 5256; x_wconf 83' lang='grc' dir='ltr'>ἁλώσεως</span> <span class='ocrx_word' id='word_1_863' title='bbox 3101 5194 3202 5262; x_wconf 78' lang='grc' dir='ltr'>τῆς</span> <span class='ocrx_word' id='word_1_864' title='bbox 3246 5188 3606 5264; x_wconf 62' lang='grc' dir='ltr'>Ἰερουσαλήμ.</span> <span class='ocrx_word' id='word_1_865' title='bbox 3636 5181 3706 5235; x_wconf 78' lang='grc' dir='ltr'><strong>Τὰ</strong></span> 
     </span>
    </p>
   </div>
   <div class='ocr_carea' id='block_1_111' title="bbox 2149 5279 3706 5362">
    <p class='ocr_par' dir='ltr' id='par_1_111' title="bbox 2149 5279 3706 5362">
     <span class='ocr_line' id='line_1_111' title="bbox 2149 5279 3706 5362; baseline -0.013 -16"><span class='ocrx_word' id='word_1_866' title='bbox 2149 5292 2206 5346; x_wconf 82' lang='grc' dir='ltr'>δὲ</span> <span class='ocrx_word' id='word_1_867' title='bbox 2237 5293 2365 5362; x_wconf 81' lang='grc' dir='ltr'>περὶ</span> <span class='ocrx_word' id='word_1_868' title='bbox 2396 5290 2490 5344; x_wconf 86' lang='grc' dir='ltr'><strong>τοῦ</strong></span> <span class='ocrx_word' id='word_1_869' title='bbox 2535 5287 2902 5359; x_wconf 75' lang='grc' dir='ltr'>Ἀντιχρίστου</span> <span class='ocrx_word' id='word_1_870' title='bbox 2947 5284 3201 5339; x_wconf 83' lang='grc' dir='ltr'>ἐντεῦθεν</span> <span class='ocrx_word' id='word_1_871' title='bbox 3265 5284 3524 5355; x_wconf 76' lang='grc' dir='ltr'><strong>ἄρχεται⁸</strong></span> <span class='ocrx_word' id='word_1_872' title='bbox 3559 5279 3706 5334; x_wconf 80' lang='grc' dir='ltr'>ἄκουε</span> 
     </span>
    </p>
   </div>
   <div class='ocr_carea' id='block_1_112' title="bbox 2148 5399 2862 5448">
    <p class='ocr_par' dir='ltr' id='par_1_112' title="bbox 2148 5399 2862 5448">
     <span class='ocr_line' id='line_1_112' title="bbox 2148 5399 2862 5448; baseline -0.003 -10"><span class='ocrx_word' id='word_1_873' title='bbox 2148 5399 2262 5438; x_wconf 76' lang='grc' dir='ltr'>ουνο</span> <span class='ocrx_word' id='word_1_874' title='bbox 2859 5441 2862 5448; x_wconf 63' lang='grc'>,</span> 
     </span>
    </p>
   </div>
   <div class='ocr_carea' id='block_1_113' title="bbox 2226 5455 3700 5541">
    <p class='ocr_par' dir='ltr' id='par_1_113' title="bbox 2226 5455 3700 5541">
     <span class='ocr_line' id='line_1_113' title="bbox 2226 5455 3700 5541; baseline -0.009 -14"><span class='ocrx_word' id='word_1_875' title='bbox 2226 5492 2246 5528; x_wconf 73' lang='grc' dir='ltr'>ι</span> <span class='ocrx_word' id='word_1_876' title='bbox 2284 5472 2420 5526; x_wconf 79' lang='grc' dir='ltr'>Τότε</span> <span class='ocrx_word' id='word_1_877' title='bbox 2442 5471 2535 5526; x_wconf 84' lang='grc' dir='ltr'><strong>ἐάν</strong></span> <span class='ocrx_word' id='word_1_878' title='bbox 2565 5487 2648 5533; x_wconf 85' lang='grc' dir='ltr'>τις</span> <span class='ocrx_word' id='word_1_879' title='bbox 2681 5469 2808 5541; x_wconf 79' lang='grc' dir='ltr'>ὑμῖν</span> <span class='ocrx_word' id='word_1_880' title='bbox 2836 5471 2986 5541; x_wconf 76' lang='grc' dir='ltr'>εἴπῃ,</span> <span class='ocrx_word' id='word_1_881' title='bbox 3035 5466 3166 5520; x_wconf 80' lang='grc' dir='ltr'>Ἰδοὺ</span> <span class='ocrx_word' id='word_1_882' title='bbox 3197 5458 3303 5520; x_wconf 83' lang='grc' dir='ltr'>ὧδε</span> <span class='ocrx_word' id='word_1_883' title='bbox 3333 5468 3361 5521; x_wconf 84' lang='grc' dir='ltr'>ὁ</span> <span class='ocrx_word' id='word_1_884' title='bbox 3387 5461 3624 5536; x_wconf 77' lang='grc' dir='ltr'>Χριστὸς,</span> <span class='ocrx_word' id='word_1_885' title='bbox 3673 5455 3700 5524; x_wconf 81' lang='grc' dir='ltr'>ἢ</span> 
     </span>
    </p>
   </div>
   <div class='ocr_carea' id='block_1_114' title="bbox 2150 5556 3702 5636">
    <p class='ocr_par' dir='ltr' id='par_1_114' title="bbox 2150 5556 3702 5636">
     <span class='ocr_line' id='line_1_114' title="bbox 2150 5556 3702 5636; baseline -0.013 -13"><span class='ocrx_word' id='word_1_886' title='bbox 2150 5563 2276 5635; x_wconf 79' lang='grc' dir='ltr'>ὧδε,</span> <span class='ocrx_word' id='word_1_887' title='bbox 2300 5565 2375 5636; x_wconf 80' lang='grc' dir='ltr'><strong>μὴ</strong></span> <span class='ocrx_word' id='word_1_888' title='bbox 2399 5562 2750 5634; x_wconf 86' lang='grc' dir='ltr'>πιστεύσητε.</span> <span class='ocrx_word' id='word_1_889' title='bbox 2776 5559 3202 5633; x_wconf 84' lang='grc' dir='ltr'>Ἐγερθήσονται</span> <span class='ocrx_word' id='word_1_890' title='bbox 3229 5559 3340 5630; x_wconf 70' lang='grc' dir='ltr'>γὰρ</span> <span class='ocrx_word' id='word_1_891' title='bbox 3358 5556 3702 5632; x_wconf 72' lang='grc' dir='ltr'>ψευδόχριστοι</span> 
     </span>
    </p>
   </div>
   <div class='ocr_carea' id='block_1_115' title="bbox 2236 5839 3583 5921">
    <p class='ocr_par' dir='ltr' id='par_1_115' title="bbox 2236 5839 3583 5921">
     <span class='ocr_line' id='line_1_115' title="bbox 2236 5839 3583 5921; baseline -0.009 -19"><span class='ocrx_word' id='word_1_892' title='bbox 2236 5847 2305 5921; x_wconf 72' lang='grc' dir='ltr'><strong>(ὸ)</strong></span> <span class='ocrx_word' id='word_1_893' title='bbox 2334 5847 2476 5904; x_wconf 79' lang='lat' dir='ltr'><strong>Edit.</strong></span> <span class='ocrx_word' id='word_1_894' title='bbox 2498 5845 2620 5903; x_wconf 83' lang='lat' dir='ltr'><strong>Lut.</strong></span> <span class='ocrx_word' id='word_1_895' title='bbox 2650 5847 2853 5917; x_wconf 86' lang='lat' dir='ltr'><strong>omisit,</strong></span> <span class='ocrx_word' id='word_1_896' title='bbox 2885 5857 3007 5902; x_wconf 84' lang='lat' dir='ltr'><strong>tunc</strong></span> <span class='ocrx_word' id='word_1_897' title='bbox 3044 5863 3150 5904; x_wconf 82' lang='lat' dir='ltr'><strong>non</strong></span> <span class='ocrx_word' id='word_1_898' title='bbox 3179 5842 3416 5915; x_wconf 73' lang='lat' dir='ltr'><strong>cﬁ&#39;ugieut</strong></span> <span class='ocrx_word' id='word_1_899' title='bbox 3439 5839 3583 5895; x_wconf 76' lang='lat' dir='ltr'><strong>imm.</strong></span> 
     </span>
    </p>
   </div>
  </div>
