3968 6460
187 302 299 369 413

778 304 1222 366 ΕΝΑΒΒΛΤΙΟ
1261 306 1340 366 IN
1377 307 1758 370 EVANGELI

1869 309 1876 368 ί
1911 310 2297 375 ΜΑΤἸἪίΕΙ.
2340 338 2409 349 -·
2450 315 2608 376 CAP.
2647 315 2861 378 XXIV.

3331 315 3440 380 414

183 427 290 485 καὶ
312 420 772 494 ψευδοπροφῆταιο
798 420 894 476 καὶ
924 420 1157 474 δώσουσι
1182 424 1385 491 σημεῖα
1427 423 1640 493 μεγάλα
1668 421 1761 476 καὶ

1869 426 2263 493 pseudoehristi
2302 438 2357 485 et
2400 431 2922 501 pseudOpropltette,
2965 439 3019 488 et
3050 431 3254 488 dabunt
3286 436 3440 504 signa

182 525 406 590 τέρατα,
435 513 574 567 ὥστε
610 513 901 582 πλανῆσαι,
950 512 1005 565 εί
1030 512 1275 579 δυνατὸν,
1311 516 1404 566 καὶ
1445 514 1572 579 τοὺς
1601 514 1760 567 ἐκλε-

181 609 361 670 κτούς.
402 605 530 658 Ἰδοὺ
565 603 874 676 προείρηκα
926 603 1082 675 ύμῖν.
1124 622 1142 654 ι
1206 603 1424 673 Ἐπειδὴ
1457 603 1550 656 δύο
1583 620 1760 675 προσ-

181 705 419 772 ήνεγκαν
452 697 752 766 ἐρωτήσεις
803 697 850 749 οξ
895 695 1158 767 μαθηταὶ,
1217 697 1346 766 περὶ
1382 698 1474 767 τῆς
1505 698 1761 763 ἁλώσεως

178 795 289 862 τῆς
329 788 698 860 Ἰερουσαλὴμ,
749 790 846 852 καὶ
885 790 984 860 τῆς
1027 791 1332 860 παρουσίας
1386 790 1479 844 τοῦ
1527 792 1759 862 Κυρίου,

176 883 352 937 εἰπὼν
379 882 501 953 περὶ
531 881 630 951 τῆς
652 880 930 947 ἁλώσεως,
956 881 1209 936 ἐντεῦθεν
1241 882 1468 953 ἄρχεται
1503 885 1632 953 περὶ
1661 884 1762 954 τῆς

175 971 376 1025 ἑαυτοῦ
407 971 732 1042 παρουσίας,
765 971 860 1024 καὶ
910 972 1008 1040 τῆς
1041 973 1357 1036 συντελείας
1402 972 1498 1026 τοῦ
1531 975 1758 1045 κόσμου.

170 1066 263 1118 T6
288 1065 361 1126 δὲ,
393 1064 538 1128 τότε,
577 1065 640 1116 ού
691 1063 854 1117 τοῦτο
896 1065 1172 1133 ἐμφαίνει,
1223 1066 1304 1118 ὅτι
1343 1066 1502 1129 εὐθὺς
1537 1067 1676 1136 μετά
1701 1065 1763 1120 τὸ

171 1159 383 1212 ἁλῶναι
405 1156 501 1228 τὴν
542 1156 918 1229 Ἰερουσαλὴμ,
951 1158 1045 1212 ἐὰν
1091 1175 1174 1222 τις
1206 1159 1334 1230 ὑμῖν
1374 1159 1524 1231 εἴπῃ,
1566 1158 1660 1213 καὶ
1692 1159 1764 1213 τὰ

171 1251 331 1320 ἑξῆς,
365 1248 494 1302 ἀλλὰ
527 1249 620 1302 τὸν
653 1249 843 1319 καιρὸν
877 1251 1084 1303 ἐκεῖνον
1110 1251 1365 1320 ἐμφαίνει
1396 1251 1517 1304 καθ’
1543 1251 1602 1304 δν
1633 1250 1763 1321 μέλ-

171 1342 268 1396 λει
313 1339 669 1411 γενήσεσθαιο
723 1340 865 1395 ὥστε
905 1337 1044 1395 εἶναι
1090 1341 1150 1395 τὸ
1203 1341 1499 1412 λεγόμενον
1533 1343 1758 1396 τοιόνδεο

170 1435 341 1499 Τότε,
373 1431 638 1499 τουτέστι,
684 1432 814 1487 ὃταν
870 1433 1042 1506 μέλλῃ
1091 1435 1120 1487 6
1166 1435 1532 1506 Ἀντίχριστος
1564 1435 1760 1501 ἐλθεῖν,

171 1526 394 1580 ἔσονται
424 1525 800 1597 ψευδόχριστοι
849 1526 944 1580 καὶ
973 1525 1421 1598 ψευδοπροφῆται
1458 1527 1664 1593 πολλοὶ,
1698 1529 1762 1582 ἐκ

172 1617 475 1686 φαντασίας
503 1618 776 1688 δαιμόνων
804 1617 1189 1682 διαπαίζοντες
1223 1621 1349 1681 τοὺς
1377 1617 1489 1672 τῶν
1508 1619 1762 1689 ὁρώντων

169 1711 511 1780 ὀφθαλμοὺς,
530 1709 668 1779 πρὸς
696 1711 758 1763 τὸ
785 1710 1064 1782 ἀπατῆσαί
1085 1727 1269 1774 τινας·
1299 1710 1438 1764 ὥστε
1461 1711 1529 1781 ἦν
1559 1711 1636 1782 μὴ
1665 1711 1761 1782 νή-

175 1820 348 1872 φωσι,
386 1802 482 1856 καὶ
511 1803 561 1855 oi.
597 1802 797 1856 δίκαιοι
813 1803 1285 1874 ἁπατηθήσονται.
1326 1801 1468 1857 Ἀλλ’
1493 1804 1621 1872 ὑμῖν
1652 1802 1758 1857 ίδοὺ

175 1895 486 1964 προείρηκα
521 1911 536 1926 ο
564 1895 664 1950 οὐκ
691 1894 845 1966 ἔχετε
896 1895 1170 1968 πρόφασιν
1192 1911 1207 1926 ο
1239 1894 1471 1950 δύνασθε
1517 1895 1627 1969 γὰρ
1683 1896 1760 1968 μὴ

176 1987 216 2040 ἀ
227 1987 555 2056 πατηθῆναι.
1346 1990 1349 1992 ’

260 2098 279 2131 t
329 2073 582 2149 Ἐὰνοῦν
606 2078 831 2134 εἴπωσιν
856 2077 1007 2148 ὑμῖν,
1052 2076 1184 2131 Ἰδοὺ
1210 2079 1269 2133 ὲν
1298 2078 1364 2149 τῇ
1399 2077 1592 2150 ἐρήμῳ
1620 2077 1758 2144 ἐστὶ,

179 2170 262 2240 μὴ
286 2170 568 2239 ἐξέλθητεο
610 2171 719 2224 ίδοὺ
768 2172 826 2225 ἐν
853 2173 965 2234 τοῖς
985 2169 1258 2240 ταμείοις,
1301 2169 1376 2240 μὴ
1406 2169 1756 2240 πιστεύσητε.

178 2259 393 2332 Ὠσπερ
413 2260 522 2332 γὰρ
545 2261 578 2330 ἡ
607 2260 862 2332 ἀστραπὴ
889 2260 1175 2332 ἐξέρχεται
1206 2260 1314 2315 ἀπὸ
1333 2261 1632 2328 ἀνατολῶν,
1668 2263 1762 2314 καὶ

179 2350 428 2419 φαίνεται
477 2352 580 2414 ἓως
620 2352 865 2421 δυσμῶν,
897 2350 1071 2416 οὕτως
1099 2345 1255 2406 ἔσται
1299 2354 1331 2424 ἡ
1359 2351 1632 2424 παρουσία
1662 2350 1757 2406 τοῦ

177 2443 310 2497 Υἱοῦ
340 2443 436 2497 τοῦ
462 2444 752 2515 ἀνθρώπου
774 2459 788 2474 ο
819 2446 956 2498 ὃπου
991 2445 1099 2516 γὰρ
1124 2445 1219 2500 ἐὰν
1248 2441 1281 2519 ᾗ
1309 2445 1367 2500 1:6
1393 2444 1618 2516 πτῶμα,
1642 2445 1766 2498 ἐκεῖ

178 2534 611 2606 συναχθήσονται
657 2538 704 2590 οί
744 2537 912 2591 ἀετοί.
969 2555 988 2589 ι
1041 2537 1169 2593 Ἐὰν
1198 2537 1434 2605 ἔλθωσι,
1489 2539 1678 2607 φησὶν,
1713 2537 1764 2590 οί

174 2624 520 2689 ἀπατεῶνες,
539 2625 791 2708 λέγοντες
813 2629 917 2695 ὅτι,
933 2623 1137 2683 Ἦλθεν
1160 2629 1454 2699 ὁΧριστὸς,
1469 2627 1586 2683 ἀλλ’
1615 2631 1674 2682 ὲν
1694 2629 1760 2698 τῇ

177 2722 372 2792 ὶρήμῳ
409 2721 525 2775 ἐστὶ
581 2722 979 2792 κρυπτόμενος,
1017 2721 1051 2794 ἢ
1093 2722 1151 2775 ἐν
1197 2722 1347 2793 οἰκία
1393 2722 1519 2784 τινὶ,
1574 2723 1668 2775 καὶ¹
1705 2722 1764 2777 ὲν

175 2814 290 2876 τοῖς
317 2811 566 2882 ταμείοις
596 2812 690 2865 καὶ⁵
714 2812 1006 2882 ὲσωτέροις
1039 2812 1226 2875 τόποις
1253 2811 1482 2883 ταύτης,
1512 2811 1587 2883 μὴ
1616 2813 1764 2865 ἁπα-

178 2904 382 2974 τηθῆτε
406 2918 422 2933 ο
455 2905 490 2973 ἡ
516 2905 623 2976 γὰρ
657 2905 749 2958 τοῦ
780 2903 1017 2974 Χριστοῦ
1051 2904 1328 2974 παρουσία
1352 2904 1412 2957 οὐ
1463 2903 1640 2958 δέεται
1668 2903 1764 2956 τοῦ

177 2995 467 3063 δείξοντος,
494 2995 632 3050 ἀλλὰ
661 2997 980 3066 καταφανὴς
1012 2993 1166 3048 ἔσται
1206 2996 1394 3062 πᾶσιν,
1447 2994 1638 3067 ὥσπερ
1669 2994 1766 3050 καὶ

178 3087 213 3158 η
243 3087 523 3158 ἀστραπή.
557 3086 667 3141 Καὶ⁵
699 3090 808 3158 γὰρ
853 3085 997 3156 αῦτη
1034 3086 1130 3141 καὶ
1187 3086 1456 3155 αἱφνίδιός
1502 3088 1640 3150 ἐστι,
1670 3087 1764 3142 καὶ

180 3179 317 3231 πᾶσι
354 3177 654 3248 κατάδηλος
697 3192 711 3206 °
759 3176 930 3241 οὕτως
980 3173 1074 3232 οῦν
1125 3177 1353 3250 κάκείνη
1396 3181 1528 3233 πᾶσι
1571 3181 1681 3243 τοῖς
1709 3181 1766 3235 ὲν

177 3268 257 3336 τῷ
285 3269 480 3340 κόσμῳ
504 3269 728 3338 ἔκδηλος
752 3270 906 3323 ἔσται
930 3288 944 3302 υ
968 3271 1029 3324 οὐ
1065 3272 1176 3342 γὰρ
1222 3271 1413 3342 ὥσπερ
1454 3274 1512 3325 ὲν
1543 3275 1607 3344 τῇ
1634 3289 1765 3343 προ-

176 3360 314 3432 τέρᾳ
330 3359 603 3431 παρουσίᾳ
629 3361 737 3414 ἀπὸ
763 3360 930 3413 τόπου
966 3363 1044 3424 είς
1070 3362 1234 3416 τόπον
1263 3362 1602 3432 μετέὸαινεν,
1624 3364 1766 3419 οὕτω

178 3457 279 3509 καὶ
309 3457 369 3508 ἐν
400 3458 467 3526 τῇ
496 3453 747 3525 δευτέρᾳ,
783 3453 898 3507 ἀλλ’
922 3456 979 3507 ἐν
1005 3456 1136 3526 ῥιπῇ
1169 3455 1450 3525 ὀφθαλμοῦ
1474 3459 1762 3526 παρέσται.

180 3551 293 3603 Καὶ
330 3548 522 3620 ὥσπερ
574 3548 667 3600 ἐπὶ
699 3548 891 3618 νεκρὸν
943 3546 1104 3618 σῶμα
1164 3550 1486 3618 συνάγονται
1515 3551 1680 3616 ὀξέως
1715 3554 1764 3606 οἱ

179 3641 361 3706 ἀετοὶ,
383 3641 436 3694 οἱ
459 3639 632 3709 γῦπες
657 3639 881 3712 δηλαδὴ,
919 3640 1063 3693 οὕτω
1092 3641 1187 3694 καὶ
1215 3641 1346 3694 ἔνθα
1373 3642 1439 3696 ἂν
1467 3645 1550 3712 είη
1568 3646 1596 3697 6
1625 3646 1764 3714 Χρι-

180 3733 335 3798 στὸς,
363 3733 676 3786 ἐλεύσονται
700 3731 903 3796 πάντες
935 3733 984 3786 οἱ
1014 3731 1182 3802 ἆγιοι,
1220 3733 1270 3786 οἱ
1295 3733 1364 3786 τὰ
1395 3734 1576 3805 ὑψηλὰ
1604 3737 1766 3790 πετό-

183 3844 363 3898 μενοι,
388 3827 483 3880 ml.
509 3827 567 3879 ἐν
586 3827 706 3886 ταῖς
726 3825 984 3894 νεφέλαις
1009 3825 1463 3898 ἀρπαγησόμενοι
1485 3828 1560 3892 ὡς
1591 3829 1760 3882 ἀετοί*

180 3919 388 3989 πτῶμα
431 3918 488 3971 δὲ
531 3917 746 3980 πάντως
789 3918 818 3970 6
869 3916 1129 3986 Χριστὸς,
1169 3916 1258 3971 διὰ
1287 3917 1348 3970 τὸ
1397 3921 1586 3972 πεσεῖν
1625 3921 1764 3990 ὑπὲρ

178 4010 346 4081 ἡμῶν
373 4009 470 4064 καὶ
497 4008 808 4063 ἀποθανεῖν.
845 4009 934 4074 Ὠς
960 4008 1054 4063 καὶ
1074 4011 1102 4063 6
1125 4008 1355 4079 Συμεὼν
1380 4011 1558 4081 λέγειν
1592 4007 1765 4078 Οὗτος

181 4107 364 4157 κεῖται
393 4104 472 4166 εἰς
503 4100 732 4156 πτῶσιν.
1545 4101 1553 4110 ’

255 4214 279 4244 ι
320 4192 533 4255 Εὐθέως
557 4191 612 4245 δὲ
638 4189 774 4260 μετὰ
796 4192 896 4262 τὴν
949 4189 1129 4259 θλίψιν
1155 4190 1265 4246 τῶν
1289 4194 1514 4266 ἡμερῶν
1543 4195 1764 4250 ἐκείνων

181 4285 207 4337 ὁ
227 4284 388 4355 ἥλιος
409 4281 842 4354 σκοτισθήσεται,
867 4284 1012 4354 καὶὴ
1042 4285 1241 4357 σελήνη
1273 4285 1333 4340 ού
1358 4285 1518 4340 δώσει
1547 4286 1610 4340 τὸ
1631 4287 1765 4357 φέγ-

181 4394 276 4443 γος
309 4375 500 4444 αὐτῆς,
533 4377 628 4428 καὶ
653 4377 701 4429 οἱ
727 4376 960 4448 ἀστέρες
983 4377 1279 4433 πεσοῦνται
1310 4380 1418 4433 ἀπὸ
1465 4378 1560 4433 τοῦ
1595 4381 1764 4452 ούρα-

181 4470 298 4528 νοῦ.
329 4467 425 4522 καὶ
459 4467 514 4520 αἱ
565 4467 824 4538 δυνάμεις
841 4468 948 4524 τῶν
979 4469 1226 4541 οὐρανῶν
1259 4471 1707 4544 σαλευθήσονται.
1737 4491 1760 4525 ι

184 4563 338 4617 Μετὰ
395 4560 493 4631 τὴν
521 4559 616 4613 τοῦ
669 4560 1066 4632 Ἀντιχρίστου,
1125 4564 1315 4634 φησὶν,
1364 4564 1600 4630 ἔλευσιν,
1637 4566 1762 4638 ἥτις

185 4660 314 4727 ταχὺ
342 4656 656 4727 λυθήσεται·
681 4655 838 4712 τοῦτο
867 4658 936 4727 γᾶ
945 4675 976 4728 ρ
999 4657 1086 4711 διὰ
1110 4656 1202 4712 τοῦ
1227 4659 1447 4724 εὐθέως
1466 4660 1754 4732 ἐδήλωσενο

184 4749 210 4800 6
227 4749 383 4818 ἥλιος
418 4748 858 4820 σκοτισθήσεται,
888 4748 1013 4802 ἀντὶ
1028 4747 1122 4802 τοῦ
1150 4750 1638 4823 ὰμαυρωθήσεται,
1661 4753 1762 4808 ούκ

189 4839 600 4910 άςανιζόμενος,
655 4841 792 4896 ἀλλὰ
818 4841 1116 4911 νικώμενος
1135 4841 1212 4912 τῷ
1241 4845 1340 4915 τῆς
1377 4844 1470 4898 τοῦ
1524 4845 1762 4916 Χριστοῦ

190 4930 489 5001 παρουσίας
519 4931 656 5000 φωτί
675 4945 690 4960 ο
711 4929 898 5002 ῶσπερ
920 4930 1014 4984 καὶ
1036 4930 1106 4984 τὰ
1126 4931 1300 5004 ἄστρα
1345 4934 1438 4987 καὶ
1471 4935 1504 5005 ἡ
1541 4934 1760 5006 σελήνηο

187 5024 260 5086 τίς
292 5022 402 5092 γὰρ
428 5021 508 5076 ἔτι
555 5021 714 5095 χρεία
761 5019 1006 5076 τοιούτου
1034 5022 1295 5092 αἰσθητοῦ
1327 5023 1523 5092 φωτὸς,
1566 5025 1760 5090 νυκτὸς

189 5119 279 5170 οὐκ
311 5115 504 5183 οῦσης.
524 5119 614 5170 καὶ
638 5115 736 5170 τοῦ
776 5115 963 5170 Ἠλίου
984 5116 1082 5188 τῆς
1107 5117 1457 5188 δικαιοσύνης
1480 5118 1756 5187 ὀφθέντος;

200 5208 360 5262 Ἀλλὰ
392 5208 485 5262 καὶ
521 5208 576 5261 αί
598 5206 853 5277 δυνάμεις
886 5206 994 5262 τῶν
1020 5207 1270 5280 οὐρανῶν
1305 5208 1754 5281 σαλευθήσονται,

190 5299 461 5354 τουτέστιν
515 5299 955 5370 ἐκπλαγήσονται
1020 5299 1116 5352 καὶ
1197 5298 1502 5370 φρίξουσιν,
1556 5299 1763 5372 ὁρῶσαι

191 5391 281 5460 τὴν
308 5391 484 5444 κτίσιν
513 5389 921 5461 ἀλλοιουμένην,
948 5389 1044 5443 καὶ
1068 5391 1274 5454 πάντας
1304 5391 1430 5454 τοὺς
1455 5390 1567 5445 ἀπὸ
1585 5391 1762 5464 Ἀδὰμ

199 5482 349 5553 μέχρι
382 5479 499 5534 τότε
534 5480 856 5552 ἀνθρώπους
880 5479 1070 5542 δώσειν
1109 5481 1400 5551 μέλλοντας
1439 5481 1617 5551 λόγον.

265 5592 283 5625 ι
318 5572 424 5626 Καὶ
455 5572 575 5624 τότε
609 5574 908 5643 φανήσεται
935 5573 992 5627 τδ
1022 5576 1243 5644 σημεῖον
1264 5574 1357 5630 τοῦ
1390 5574 1517 5629 Υἰοῦ
1546 5575 1640 5630 τοῦ
1669 5577 1758 5632 ἅν-

261 5751 303 5783 “
329 5749 492 5808 Zat‘lt.
524 5767 635 5817 xxv,
661 5752 715 5822 4,
742 5767 894 5822 seqq.

1866 533 2059 589 magna
2101 530 2156 576 et
2189 523 2470 593 prodigia,
2521 525 2590 579 ita
2630 533 2687 578 ut
2731 525 2782 577 in
2832 539 3070 579 errorem
3113 526 3442 585 inducantur

1863 612 2024 665 etiam
2057 611 2237 679 electi,
2284 614 2330 668 si
2364 614 2478 670 ﬁeri
2511 624 2708 684 potest.
2756 614 2895 670 Ecce
2935 617 3157 685 praedixi
3193 618 3366 675 vobis.
3412 638 3433 674 ι

1864 698 2130 766 Quoniam
2178 703 2428 771 discipuli
2472 705 2606 758 duas
2643 705 2966 775 quaestiones
3008 707 3440 776 introduxerant,

1863 807 2027 846 unam
2069 795 2134 849 de
2180 797 2491 866 captivitate
2516 796 2840 861 Jerusalem,
2874 807 2927 852 et
2972 797 3199 852 alteram
3237 799 3304 853 de
3339 800 3439 852 ad-

1863 894 2023 939 ventu
2068 886 2278 944 Domini
2309 908 2322 945 :
2361 901 2640 961 postquam
2673 890 2739 945 de
2772 891 3082 959 captivitate
3119 889 3274 952 dixit,
3316 892 3440 945 inde

1865 987 1916 1032 et
1949 978 2013 1034 de
2042 993 2140 1035 suo
2166 983 2397 1038 adventu
2426 983 2606 1038 dicere
2640 983 2825 1052 incipit
2880 999 2943 1038 ac
2977 983 3442 1037 consummatione

1865 1072 2071 1128 saeculi.
2127 1072 2260 1128 Cum
2295 1083 2473 1129 autem
2511 1075 2661 1141 dicit,
2702 1086 2850 1140 tunc,
2894 1089 2998 1128 non
3030 1073 3134 1128 hoc
3164 1074 3263 1126 sibi
3304 1071 3438 1135 vult,

1866 1166 2006 1233 quod
2046 1166 2228 1222 statim
2265 1175 2386 1237 post
2425 1177 2640 1239 captam
2682 1153 3018 1232 Jerusalem,
3051 1166 3096 1220 si
3132 1165 3254 1234 quis
3287 1164 3440 1219 vobis

1870 1257 2036 1324 dicat,
2071 1267 2204 1323 etc.,
2243 1260 2337 1314 sed
2371 1269 2583 1330 tempus
2618 1259 2744 1314 illud
2775 1259 3014 1314 declarat
3060 1272 3167 1326 quo
3202 1255 3439 1310 biturum

1865 1359 1969 1414 ess,
2007 1358 2065 1403 ut
2095 1350 2145 1404 id
2176 1350 2316 1419 quod
2342 1351 2557 1416 dicitur,
2592 1351 2732 1404 lumc
2766 1365 2981 1404 sensum
3010 1348 3238 1403 habeat:
3266 1345 3436 1410 Tunc,

1867 1441 1917 1494 id
1948 1448 2050 1502 est,
2082 1455 2188 1510 quo
2217 1450 2456 1512 tempore
2481 1451 2738 1495 venturus
2760 1449 2841 1494 est
2863 1437 3247 1495 Autichristus.
3280 1442 3442 1489 erunt

1865 1530 2258 1600 pscutlochristi
2295 1540 2351 1587 et
2384 1530 2860 1602 pseudOprophela:
2893 1529 3070 1593 multi,
3107 1527 3198 1596 qui
3235 1527 3286 1579 in
3327 1525 3440 1578 dte-

1869 1639 2084 1677 tnosunn
2135 1622 2473 1694 apparitione
2528 1622 2712 1676 fallent
2768 1621 3063 1675 videntium
3112 1618 3331 1683 oculos,
3383 1627 3442 1670 ut

1868 1718 2127 1784 quosdam
2170 1716 2458 1784 decipiant,
2516 1724 2679 1784 atque
2716 1713 2880 1776 adeo,
2924 1711 3028 1767 nisi
3073 1711 3226 1764 valde
3274 1707 3439 1763 sobrii

1864 1810 1992 1872 sint,
2035 1819 2086 1863 et
2114 1809 2248 1879 justi
2280 1809 2627 1864 seducantur.
2673 1807 2778 1863 Sed
2819 1821 2944 1861 ecce
2988 1803 3210 1876 praedixi
3251 1802 3436 1856 vobis:

1861 1917 1970 1956 non
1993 1899 2206 1957 habetis
2226 1900 2629 1956 excusationem
2659 1916 2672 1952 :
2699 1897 2923 1970 potestis
2945 1899 3089 1952 enim
3116 1910 3218 1950 non
3241 1893 3436 1963 decipi.

1936 2079 2102 2137 Vens.
2146 2079 2336 2136 26-928.
2373 2097 2392 2131 ι
2437 2080 2492 2136 Si
2540 2094 2669 2150 ergo
2716 2079 2953 2134 dixerint
2985 2078 3172 2142 vobis,
3209 2074 3345 2130 Ecce
3383 2073 3438 2127 in

1863 2174 2079 2229 deserto
2107 2181 2210 2238 est,
2239 2172 2408 2228 nolite
2438 2171 2585 2226 exire
2617 2187 2631 2225 :
2677 2185 2807 2226 ecce
2836 2170 2887 2224 in
2921 2165 3308 2239 penetralibus,
3341 2180 3440 2219 no-

1863 2266 1956 2322 lite
1991 2268 2235 2321 credere.
2271 2263 2424 2320 Sicnt
2461 2263 2604 2319 enim
2644 2262 2820 2332 fulgur
2849 2263 2961 2316 exit
2995 2263 3063 2318 ab
3104 2260 3351 2320 oriente,
3387 2264 3443 2311 et

1865 2367 2087 2429 apparet
2113 2373 2285 2427 usque
2309 2357 2362 2411 in
2389 2356 2752 2420 occidentem,
2790 2354 2863 2408 ita
2897 2353 3002 2408 erit
3028 2353 3288 2407 adventus
3317 2345 3442 2406 Filii

1865 2451 2120 2505 hominis.
2168 2448 2270 2504 Ubi
2318 2449 2461 2504 enim
2508 2447 2670 2502 fuerit
2709 2444 2962 2510 cadaver,
2994 2444 3103 2499 illic
3142 2436 3442 2514 congrega-

1865 2545 2068 2600 bunlur
2092 2551 2147 2597 et
2179 2541 2392 2610 aquilae.
2437 2560 2456 2592 ι
2491 2541 2545 2595 Si
2587 2539 2854 2602 venerint,
2887 2536 3081 2606 inquit,
3116 2536 3443 2606 impostores

1867 2636 2130 2702 dicentes,
2168 2633 2324 2704 132
2354 2633 2604 2688 Christus
2630 2631 2796 2696 venit,
2830 2629 2922 2685 sed
2956 2629 3006 2682 in
3042 2627 3332 2684 solitudine
3359 2637 3444 2681 est

1865 2724 2142 2791 occultus,
2175 2723 2258 2778 vel
2285 2723 2336 2776 in
2367 2723 2530 2776 domo
2553 2720 2783 2790 quadam
2809 2759 2822 2780 ,
2864 2717 2948 2771 vel
2982 2717 3034 2771 in
3060 2717 3444 2786 promptuariis

1865 2827 1922 2872 et
1949 2816 2302 2870 interioribus
2335 2813 2466 2869 locis
2498 2813 2635 2884 ejus,
2665 2828 2732 2867 ne
2764 2807 3133 2880 decipiamini.
3166 2809 3444 2864 Adventus

1867 2907 2012 2964 enim
2053 2906 2252 2963 Christi
2301 2923 2410 2962 non
2444 2920 2579 2977 opus
2615 2904 2835 2960 habebit
2876 2901 3127 2973 quopiam
3160 2901 3250 2972 qui
3293 2902 3442 2956 illum

1870 3002 2224 3066 demonstret,
2262 3000 2355 3053 sed
2390 2999 2711 3054 manifestus
2748 2993 2853 3049 erit
2890 2991 3173 3055 Otllllibus.
3212 2993 3351 3048 Sicut
3389 3004 3446 3048 ει

1791 3112 1834 3170 ο
1869 3093 2066 3164 fulgur.
2101 3091 2236 3145 Nam
2265 3091 2404 3146 sicut
2443 3090 2573 3144 illud
2609 3092 2945 3159 repentinum
2982 3100 3062 3145 est
3107 3097 3162 3143 et
3193 3077 3444 3141 omnibus

1870 3187 2108 3249 clarum,
2157 3185 2230 3238 ita
2262 3192 2316 3239 et
2359 3185 2474 3253 ipse
2502 3182 2835 3238 omnibusin
2883 3181 3083 3237 mundo
3127 3179 3444 3233 manifestus

1869 3277 1992 3330 erit.
2033 3273 2149 3330 Non
2185 3277 2328 3330 enim
2370 3276 2508 3330 sicut
2556 3273 2610 3328 in
2656 3275 2830 3344 primo
2865 3273 3098 3328 adventu
3136 3271 3202 3326 de
3239 3271 3353 3325 loco
3389 3270 3441 3324 in

1869 3369 2042 3424 locum
2077 3369 2344 3436 transivit,
2389 3369 2459 3423 ita
2488 3378 2539 3422 et
2578 3369 2628 3423 in
2670 3367 2928 3432 secundo,
2960 3365 3053 3421 sed
3086 3367 3138 3420 in
3169 3374 3444 3419 momento

1869 3460 2008 3515 oculi
2045 3461 2238 3515 aderit.
2278 3461 2344 3513 Et
2373 3460 2514 3515 sicut
2557 3461 2694 3530 apud
2733 3467 3003 3512 mortuum
3047 3457 3278 3511 cadaver
3311 3471 3443 3510 Cull-

1868 3563 2162 3626 gregantur
2192 3555 2374 3608 statim
2413 3552 2626 3623 aquilt‘e,
2663 3569 2781 3624 qua:
2823 3554 3064 3608 vultures
3106 3561 3250 3614 sunt,
3289 3550 3365 3603 sic
3394 3561 3446 3602 et

1867 3657 2057 3696 omnes
2095 3642 2268 3696 sancti
2325 3642 2544 3696 venient
2593 3658 2657 3698 eo
2710 3643 2796 3696 ubi
2838 3643 3092 3697 Christus
3143 3640 3326 3695 fuerit.
3379 3636 3442 3691 lli

1868 3734 2009 3788 enim
2043 3733 2095 3787 in
2118 3747 2328 3786 summa
2367 3733 2568 3797 volant,
2599 3743 2650 3787 et
2687 3733 2737 3788 in
2775 3736 2944 3788 nubes
2975 3732 3275 3802 rapientur,
3306 3731 3445 3784 sicut

1868 3829 2081 3900 aquilae.
2126 3825 2374 3882 Cadaver
2416 3833 2597 3880 autem
2640 3825 2838 3880 dicitur
2877 3824 3163 3888 Christus,
3195 3823 3318 3892 quia
3350 3837 3446 3890 pro

1869 3922 2025 3977 nobis
2058 3919 2254 3974 cecidit
2281 3928 2337 3973 et
2359 3927 2599 3972 mortuus
2629 3926 2712 3972 est
2739 3937 2751 3971 :
2782 3915 2920 3972 sicut
2948 3926 3006 3984 et
3041 3915 3263 3971 Sitneon
3291 3914 3442 3979 dicit,

1869 4015 1967 4071 llic
1999 4013 2210 4083 positus
2239 4021 2322 4068 est
2351 4011 2404 4067 in
2435 4025 2646 4068 casum.

1941 4191 2109 4247 Vsus.
2169 4191 2260 4249 29.
2323 4209 2340 4243 ι
2391 4188 2586 4246 Statim
2641 4195 2820 4242 autem
2874 4195 2992 4256 post
3043 4184 3449 4240 tribulationem

1868 4285 2077 4342 dierum
2111 4285 2324 4341 illorum
2359 4283 2443 4338 sol
2478 4281 2879 4346 obscurabitur,
2907 4289 2962 4334 et
2994 4281 3119 4335 luna
3160 4297 3263 4336 non
3299 4281 3448 4336 dabit

1871 4378 2056 4435 lumen
2095 4393 2274 4444 suum,
2299 4387 2352 4433 et
2391 4376 2562 4433 stellae
2596 4376 2792 4431 cadent
2827 4375 2896 4430 de
2928 4374 3087 4440 caelo,
3129 4383 3183 4430 et
3217 4375 3444 4428 virtutes

1799 4450 1850 4511 Ῑ)
1875 4472 2135 4528 caelorum
2167 4469 2666 4526 commovebuntur.
2703 4489 2722 4522 ι
2756 4469 2886 4526 Post
2912 4469 3223 4532 adventum,
3251 4467 3444 4534 inquit,

1870 4565 2225 4631 Antichristi,
2261 4565 2353 4635 qui
2387 4566 2537 4621 brevi
2575 4564 2854 4618 solvetur:
2892 4564 2992 4618 hoc
3024 4564 3164 4617 enim
3200 4563 3444 4616 declara-

1870 4661 1948 4715 vit
1973 4671 2070 4728 per
2100 4658 2204 4713 boc
2237 4658 2379 4733 quod
2409 4655 2561 4720 dicit,
2593 4655 2774 4711 statim
2806 4670 2821 4709 :
2859 4654 2941 4709 sol
2975 4653 3443 4716 obtenebrabitur,

1870 4746 1974 4804 hoc
1998 4757 2104 4816 est,
2134 4745 2534 4812 obscurabitur,
2565 4761 2667 4800 non
2700 4745 3004 4815 disparens,
3032 4744 3124 4798 sed
3159 4753 3448 4811 superatus

1871 4839 2076 4896 lumine
2103 4839 2366 4894 adventus
2390 4836 2615 4901 Christi,
2642 4818 3092 4906 quemadmodum
3119 4843 3172 4888 et
3198 4834 3366 4887 stella:
3389 4843 3445 4888 et

1870 4930 1994 4985 luna
2043 4928 2234 4998 :‘quid
2283 4928 2427 4983 enim
2480 4937 2740 4996 praeterea
2789 4941 2923 4994 opus
2980 4925 3084 4978 erit
3136 4923 3442 4994 hujusutodi

1869 5021 2108 5079 sensibili
2145 5021 2372 5085 lumine,
2415 5034 2536 5074 cum
2583 5033 2686 5073 non
2717 5019 2821 5072 erit
2861 5032 2998 5079 nox,
3039 5015 3133 5071 sed
3164 5017 3445 5085 apparebit

1867 5115 1959 5172 Sol
1992 5115 2216 5185 justitia:
2245 5113 2332 5169 "‘2
2384 5113 2523 5181 Quin
2564 5125 2616 5167 et
2652 5113 2882 5164 virtutes
2915 5109 3176 5163 ccelorutn
3204 5125 3446 5164 couunoa

1867 5210 2167 5276 vehuntur,
2210 5209 2312 5264 hoc
2338 5217 2454 5273 est,
2491 5207 2870 5275 obstupescent
2898 5215 2948 5260 et
2984 5204 3328 5270 horrescent,
3363 5203 3446 5259 vi-

1866 5302 2056 5358 dentes
2108 5310 2421 5357 creaturam
2470 5297 2778 5362 itntnutari,
2822 5305 2876 5351 et
2924 5308 3113 5350 omnes
3162 5293 3229 5348 ab
3274 5294 3444 5347 Adam

1867 5409 2038 5466 usque
2078 5395 2143 5449 ad
2185 5392 2314 5447 illud
2360 5402 2568 5460 tempus
2611 5388 2859 5444 homines
2901 5389 3164 5444 rationem
3195 5387 3442 5441 daturos.

1939 5573 2106 5631 Vsus.
2138 5571 2225 5629 50.
2270 5589 2287 5620 ι
2325 5571 2390 5626 Et
2422 5577 2550 5625 tunc
2576 5567 2851 5639 apparebit
2878 5567 3087 5638 signum
3115 5562 3237 5622 Filii
3269 5561 3446 5620 homi-
