3968 6460
259 317 351 383 ιρι

254 522 403 591 ἡμῶν
456 522 585 575 πότε
642 520 827 583 ἔσται,
888 517 1103 588 ἐκείνην
1143 518 1209 569 ἂν
1260 517 1429 587 μόνην
1472 514 1571 584 τὴν
1612 513 1827 583 ἡμέραν

250 612 660 682 ἔσπουδάζομεν
700 612 1016 681 εὐαρεστεῖν
1042 609 1119 679 τῷ
1154 607 1273 676 Θεῷ
1299 623 1311 636 ·
1349 606 1444 661 νῦν
1478 606 1533 659 δὲ
1573 603 1830 673 ἀγνοοῦν-

248 724 333 769 τες
356 747 370 770 ,
400 708 646 776 νήφωμεν
684 706 770 758 ἀεὶ
800 704 938 773 πρὸς
964 703 1032 755 τὰ
1061 703 1162 771 τῆς
1197 700 1394 771 ἀρετῆς
1423 700 1578 770 ἔργα.

320 906 341 937 c
383 886 483 949 Τίς
521 887 629 954 ἄρα
661 884 808 937 ἐστὶν
840 884 869 935 6
902 881 1092 944 πιστὸς
1122 879 1304 937 δοῦλος
1330 880 1424 931 καὶ
1452 878 1735 949 φρόνιμος,
1770 875 1829 927 ὃν

242 980 583 1050 κατέστησεν
608 981 634 1032 6
674 980 862 1049 κύριος
891 975 1057 1031 αὐτοῦ
1084 976 1175 1029 ἐπὶ
1193 975 1291 1043 τῆς
1314 972 1611 1045 θεραπείας
1640 969 1825 1035 αὑτοῦ,

239 1070 336 1123 τοῦ
366 1070 567 1122 διδόναι
618 1070 803 1131 αὑτοῖς
832 1070 929 1138 τὴν
960 1067 1164 1138 τροφὴν
1197 1067 1251 1118 ὲν
1290 1062 1467 1134 καιρῷ
1495 1081 1509 1128 ;
1543 1061 1829 1129 Μακάριος

237 1166 267 1215 6
324 1162 511 1225 δοῦλος
556 1165 799 1226 ἐκεῖνος,
841 1162 900 1214 ὃν
930 1160 1099 1213 ἐλθὼν
1137 1162 1164 1212 6
1214 1159 1400 1229 κύριος
1439 1155 1604 1210 αὐτοῦ
1667 1156 1828 1227 εὑρή-

238 1272 327 1307 σει
361 1253 627 1307 ποιοῦντα
673 1253 865 1316 οὕτως.
909 1253 1084 1323 ’Ᾱμὴν
1115 1252 1256 1319 λέγω
1286 1250 1415 1321 ὑμῖν
1447 1249 1528 1303 ὅτι
1560 1249 1651 1300 ἐπὶ
1693 1249 1827 1301 πᾶσι

235 1348 356 1409 τοῖς
382 1346 727 1415 ὑπάρχουσιν
766 1342 928 1397 αὑτοῦ
960 1344 1291 1410 καταστήσει
1325 1340 1511 1394 αὐτόν.
1558 1358 1577 1390 ι
1624 1341 1828 1391 Διαπο-

239 1441 331 1509 ρεῖ
354 1440 382 1491 ὁ
413 1439 618 1507 Κύριος
646 1438 727 1501 τίς
751 1437 902 1489 ἔσται
932 1438 959 1488 6
990 1436 1175 1497 πιστὸς
1205 1433 1389 1496 δοῦλος
1422 1434 1514 1485 καὶ
1541 1430 1826 1501 φρόνιμος,

231 1531 296 1582 ὃν
346 1530 685 1599 κατέστησεν
738 1529 766 1580 6
820 1527 1007 1598 κύριος
1038 1524 1202 1578 αὑτοῦ
1253 1524 1344 1576 ἐπὶ
1396 1525 1495 1593 τῆς
1534 1519 1829 1591 θεραπείας

233 1619 451 1685 αὑτοῦ,
516 1621 604 1673 ἵνα
662 1620 812 1691 δείξῃ
868 1619 950 1672 ὅτι
1012 1617 1237 1678 σπάνιος
1283 1616 1375 1667 καὶ
1427 1611 1751 1682 δυσεύρετος
1802 1611 1831 1661 6

230 1712 512 1774 τοιοῦτος.
561 1714 665 1766 Δύο
707 1712 763 1766 δὲ
808 1712 1118 1765 ἁπαιτεῖται
1154 1709 1261 1770 πᾶς
1291 1707 1598 1775 οἰκονόμος,
1646 1704 1830 1756 πίστιν

232 1804 341 1855 καὶ
381 1802 679 1872 φρόνησιν’
717 1803 829 1855 εἴτε
876 1802 983 1871 γὰρ
1027 1799 1218 1863 πιστὸς
1268 1796 1367 1868 μέν
1398 1798 1514 1849 ἐστι
1547 1796 1639 1848 καὶ
1676 1795 1828 1848 οὐδὲν

234 1894 509 1956 κλέπτει,
564 1894 827 1964 φρόνιμος
880 1893 935 1946 δὲ
981 1893 1080 1962 οὐχ
1131 1892 1404 1959 ὑπάρχει,
1460 1887 1597 1941 ἀλλὰ
1651 1882 1828 1957 μάτην

235 1983 514 2036 ἀπόλλυσι
564 1984 633 2036 τὰ
686 1984 985 2053 χρήματα,
1025 1982 1139 2034 εἴτε
1191 1987 1453 2049 φρόνιμος
1507 1977 1667 2046 δῆθεν
1717 1975 1824 2039 ὢν,

238 2077 475 2130 κλέπτει
529 2077 719 2140 αὑτὸς,
759 2075 914 2129 οὐδὲν
961 2072 1173 2140 δφελος.
1218 2072 1279 2124 '0
1311 2072 1493 2123 τοίνυν
1534 2068 1830 2139 εὑρεθησό-

242 2188 418 2241 μενος
443 2170 564 2223 τότε
597 2168 787 2231 πιστὸς
813 2168 907 2221 καὶ
939 2166 1223 2237 φρόνιμος,
1254 2164 1460 2222 ἐκεῖνος
1484 2163 1577 2214 καὶ
1606 2160 1714 2214 τῶν
1741 2176 1832 2211 τε-

238 2265 542 2334 λειοτέρων
573 2262 919 2328 ἐπιτεύξεται
946 2301 961 2327 ,
997 2259 1142 2326 λέγω
1187 2256 1249 2326 δὴ
1283 2256 1383 2326 τῆς
1417 2254 1688 2325 βασιλείας
1722 2253 1829 2305 τῶν

239 2354 525 2423 οὐρανῶν.
571 2353 796 2407 Πάντων
834 2350 946 2422 γὰρ
990 2350 1100 2403 τῶν
1175 2349 1529 2419 ὑπαρχόντων
1589 2346 1665 2416 τῷ
1714 2344 1833 2412 Θεῷ

240 2444 583 2515 κληρονόμοι
627 2443 841 2497 ἔσονται
871 2444 918 2495 oi
972 2441 1143 2510 ἆγιοι.
1195 2441 1395 2503 Πιστὸς
1424 2439 1478 2492 δὲ
1507 2438 1689 2494 δοῦλος
1738 2437 1833 2490 καὶ

243 2538 539 2606 φρόνιμος,
575 2535 666 2588 καὶ
703 2536 809 2597 πᾶς
843 2534 1162 2595 διδάσκαλος
1190 2534 1217 2585 6
1244 2532 1302 2585 ἐν
1330 2529 1508 2600 καιρῷ
1529 2528 1703 2588 διδοὺς
1734 2528 1832 2595 τὴν

241 2630 461 2699 τροφὴν
497 2631 710 2698 ἑκάστῳ
742 2628 852 2680 τῶν
884 2627 975 2678 ὑπ’
1004 2624 1171 2679 αὑτοῦ
1204 2623 1630 2692 διδασκομένων,
1666 2617 1776 2683 οἷος
1806 2621 1833 2671 6

246 2722 491 2785 Παῦλος,
544 2720 638 2773 νῦν
680 2721 777 2789 μὲν
813 2720 956 2786 γάλα
996 2717 1262 2782 ποτίζων,
1292 2713 1387 2768 νῦν
1422 2714 1478 2768 δὲ
1516 2715 1705 2781 σοφίαν
1740 2713 1834 2764 λα-

248 2813 390 2875 λῶν,
427 2811 616 2874 πιστός
644 2828 702 2864 τε
738 2810 985 2872 διάκονος
1011 2807 1108 2873 ὢν,
1141 2808 1171 2859 6
1198 2807 1461 2877 πρότερον
1488 2805 1831 2875 βλάσφημος,

253 2906 353 2956 καί
372 2904 655 2975 φρόνιμος,
683 2902 757 2965 ὼς
783 2902 858 2972 μὴ
886 2900 1096 2969 ἀγνοῶν
1118 2899 1186 2954 τὰ
1212 2901 1457 2969 νοήματα
1480 2897 1574 2949 τοῦ
1605 2896 1800 2968 ἐχθροῦ
1819 2914 1831 2926 ·

251 2995 396 3048 ἀλλὰ
427 2995 522 3047 καὶ
558 2996 665 3057 πᾶς
697 2995 725 3047 6
759 2992 937 3047 ὁτιοῦν
969 2993 1116 3061 παρὰ
1146 2990 1281 3045 Θεοῦ
1311 2988 1512 3053 λαϐὼν,
1546 2990 1657 3041 εἴτε
1703 2988 1837 3059 χρή-

254 3106 451 3159 ματα,
510 3089 618 3140 εἴτε
671 3087 1029 3152 δυναστείαν,
1082 3085 1194 3138 εἴτε
1243 3084 1457 3155 ἀρχὴν,
1501 3082 1704 3152 ὀφείλει
1745 3084 1836 3135 καὶ

256 3183 471 3246 πιστῶς
522 3183 616 3235 καὶ
671 3180 950 3252 φρονίμως
1001 3179 1224 3231 διοικεῖν
1280 3176 1495 3238 ταῦτα,
1551 3175 1626 3239 ώς
1680 3174 1840 3243 λόγον

253 3274 473 3329 δώσων.
1563 3264 1570 3271 ’

338 3384 359 3416 ι
401 3364 524 3419 Ἐὰν
549 3363 602 3415 δὲ
637 3361 767 3433 εἴπῃ
794 3362 821 3414 6
855 3357 1023 3422 κακὸς
1056 3356 1241 3421 δοῦλος
1281 3357 1491 3417 ἐκεῖνος
1517 3357 1575 3407 ἐν
1608 3357 1673 3424 τῇ
1709 3371 1845 3424 καρ-

256 3456 354 3529 δίᾳ
381 3453 568 3519 αὑτοῦ,
598 3452 849 3522 Χρονίζει
879 3453 907 3503 6
946 3447 1137 3518 κύριός
1185 3464 1286 3516 μου
1321 3445 1517 3506 ἐλθεῖν,
1556 3444 1651 3499 καὶ
1680 3444 1849 3515 ἄρξη-

258 3563 353 3599 ται
381 3544 601 3598 τύπτειν
627 3543 751 3604 τοὺς
782 3538 1124 3601 συνδούλους,
1154 3536 1310 3608 ἐσθίῃ
1339 3535 1395 3589 δὲ
1426 3534 1521 3589 καὶ
1546 3535 1677 3605 πίνῃ
1709 3533 1845 3605 μετὰ

260 3639 376 3691 τῶν
411 3636 740 3707 μεθυόντων,
769 3630 888 3703 ἥξει
916 3633 945 3684 6
975 3630 1163 3701 κύριος
1198 3628 1291 3681 τοῦ
1324 3626 1510 3681 δούλου
1545 3626 1756 3680 ἐκείνου
1786 3626 1844 3678 ὲν

258 3731 451 3800 ἡμέρᾳ
547 3728 605 3779 οὑ
640 3724 933 3796 προσδοκᾷ,
987 3723 1080 3775 καὶ
1112 3723 1171 3773 ἐν
1218 3720 1336 3790 ὥρᾳ
1392 3714 1426 3793 ᾗ
1460 3719 1521 3771 ού
1566 3716 1843 3786 γινώσκει,

260 3826 367 3880 καὶ
396 3824 740 3896 διχοτομήσει
769 3821 951 3884 αὐτὸν,
978 3819 1071 3871 καὶ
1100 3818 1159 3870 τὸ
1193 3817 1355 3887 μέρος
1380 3814 1542 3869 αὑτοῦ
1568 3814 1704 3885 μετὰ
1737 3814 1847 3868 τῶν

262 3916 583 3988 ὑποκριτῶν
608 3915 763 3986 θήσει
788 3929 802 3942 ·
841 3913 959 3965 ἐκεῖ
994 3910 1146 3963 ἔσται
1174 3910 1201 3962 6
1229 3908 1505 3975 κλαυθμὸς
1538 3908 1633 3961 καὶ
1662 3909 1689 3959 6
1711 3906 1846 3977 βρυ-

262 4013 411 4081 γμὸς
440 4008 546 4063 τῶν
600 4007 847 4061 ὀδόντων.
887 4024 905 4056 ι
942 4001 1130 4057 Εἰπὼν
1164 4001 1282 4065 πῶς
1309 3999 1680 4071 τιμηθήσεται
1705 4002 1732 4053 6
1759 4016 1848 4052 πι-

264 4104 395 4166 στὸς
426 4101 629 4163 δοῦλος,
657 4098 752 4152 νῦν
775 4095 924 4164 λέγει
955 4092 1073 4156 πῶς
1093 4090 1485 4161 κολασθήσεται
1514 4092 1541 4143 6
1588 4090 1846 4160 πονηρός.

264 4197 397 4251 Ἐὰν
414 4194 522 4265 γάρ
544 4210 624 4256 τις
649 4188 960 4259 οἰκονομίαν
985 4187 1127 4249 τινὸς
1153 4185 1488 4256 χαρίσματος
1510 4183 1845 4248 πιστευθεὶς,

265 4288 583 4358 καταφρονῇ
624 4283 720 4337 τοῦ
776 4280 985 4334 ἐκεῖθεν
1011 4278 1387 4347 δικαστηρίου,
1421 4277 1515 4330 καὶ
1567 4277 1699 4347 λέγῃ
1731 4276 1840 4341 ὃτι,

264 4379 520 4453 Χρονίζει
541 4375 771 4446 ὁκύριός
800 4390 921 4443 μου,
945 4370 1253 4432 τουτέστιν,
1282 4369 1343 4421 ού
1375 4368 1522 4439 παρᾶ
1558 4368 1721 4431 πόδας
1750 4366 1847 4419 καὶ

786 316 1232 377 ENARRATIO
1274 316 1352 376 IN
1395 311 1895 378 EVANGELIUM
1936 311 2319 373 MATTHJEI.
2361 335 2424 348 σ-
2459 311 2615 373 CAP.
2656 311 2869 374 XXIV.

258 434 436 500 μεῖτε,
486 429 621 484 ἀλλὰ
662 430 883 498 νήφετε.
930 428 996 478 Et
1027 427 1133 497 γὰρ
1173 427 1397 497 ᾔδειμεν
1446 424 1543 494 τὴν
1577 421 1833 490 τελευτὴν

1946 430 2139 484 estote,
2190 421 2280 474 sed
2332 421 2496 474 sobrii
2555 431 2607 475 et
2662 421 2966 493 vigilantes.
3000 418 3131 477 Nam
3165 422 3209 480 si
3256 424 3522 484 sciremus
3590 404 3611 497 ἢ

1936 513 2157 580 quando
2183 514 2358 566 futura
2396 522 2542 568 esset
2574 529 2721 568 mors
2746 524 2956 581 nostra,
2991 516 3080 571 illo
3114 516 3230 573 solo
3283 518 3369 574 die
3418 520 3519 575 da-
3583 515 3601 576 ι’

3414 311 3521 381 ιεε

1933 618 2116 658 remus
2161 619 2382 674 operam
2446 607 2713 675 quomodo
2770 608 3101 677 placercnms
3175 611 3322 667 Deo:
3379 629 3521 668 nunc

1933 706 2112 751 autem
2168 713 2289 751 cum
2359 697 2689 768 ignoramus,
2734 700 2902 754 sobrii
2960 717 3144 756 sunms
3197 718 3410 773 semper
3453 706 3520 758 ad

1933 791 2195 843 virtutum
2230 807 2418 860 opera.

2009 884 2172 938 Vens.
2232 883 2422 939 45-47.
2477 904 2496 936 ι
2537 884 2795 950 Quisnam
2861 894 2942 938 est
2996 886 3167 941 ﬁdi-lis
3219 903 3413 941 servus
3465 898 3522 941 et

1932 978 2189 1046 prudens,
2215 992 2373 1047 quem
2418 978 2659 1048 praefecit
2685 977 2936 1032 dominus
2992 978 3262 1034 famulitio
3299 997 3416 1045 suo,
3462 992 3521 1035 ut

1934 1071 2023 1124 det
2073 1070 2178 1124 illis
2232 1070 2411 1124 cibum
2476 1072 2527 1125 in
2587 1070 2865 1139 tempore?
2897 1070 3093 1125 Beatus
3138 1088 3337 1127 servus
3406 1075 3518 1141 ille,-

1930 1177 2089 1231 qnem
2122 1176 2244 1216 cum
2292 1162 2501 1216 venerit
2545 1163 2796 1217 dominus
2849 1163 2987 1231 eius,
3039 1163 3195 1234 135
3252 1165 3522 1222 invenerit

1932 1255 2011 1309 sic
2043 1253 2356 1309 facientem.
2408 1256 2578 1309 Amen
2635 1257 2755 1311 dico
2812 1257 2988 1321 vobis,
3039 1257 3295 1326 quoniam
3357 1272 3519 1328 super

1930 1349 2111 1401 omnia
2197 1348 2335 1401 bona
2384 1362 2481 1401 sua
2568 1349 2867 1402 constituet
2919 1364 3063 1402 eum.
3119 1367 3136 1400 ι
3186 1348 3404 1403 Dubitat
3448 1364 3516 1402 au

1934 1439 2145 1494 futurus
2178 1439 2249 1493 sit
2278 1440 2445 1493 ﬁdelis
2472 1439 2594 1509 quis
2618 1448 2673 1493 et
2720 1440 2976 1507 prudens,
3028 1454 3189 1507 quem
3238 1439 3520 1493 constituit

1932 1532 2185 1585 ‘dominns
2224 1532 2341 1601 ejus
2379 1548 2541 1599 super
2572 1531 2891 1586 famulitium
2935 1548 3116 1597 suum,
3153 1540 3211 1586 ut
3266 1532 3519 1587 ostendat

1932 1624 2073 1692 quod
2110 1639 2264 1678 rarus
2296 1624 2416 1677 talis
2440 1624 2531 1687 sit,
2567 1636 2619 1677 ct
2651 1625 2869 1677 inventu
2888 1622 3146 1677 diiﬁcilis.
3202 1620 3321 1675 Duo
3373 1624 3520 1677 enim

1933 1718 2222 1783 exiguntur
2247 1715 2314 1767 ab
2337 1714 2483 1767 omni
2507 1714 2899 1781 dispensatore,
2964 1712 3097 1766 ﬁdes
3127 1722 3182 1767 et
3210 1712 3517 1783 prudentia.

1935 1805 2069 1858 Nam
2102 1806 2146 1859 si
2175 1806 2389 1873 quidem
2422 1806 2592 1860 ﬁdelis
2629 1806 2718 1868 sit,
2751 1815 2805 1859 et
2840 1804 2971 1858 nihil
3004 1805 3235 1868 l'uretur,
3267 1805 3519 1874 prudens

1936 1910 2113 1952 autem
2146 1914 2255 1951 non
2288 1898 2380 1960 sit,
2414 1899 2507 1951 sed
2564 1898 2614 1949 in
2656 1914 2847 1950 vanum
2878 1896 3156 1964 disperdat
3195 1912 3326 1965 Opes
3360 1914 3375 1950 :
3434 1897 3517 1950 vel

1936 1991 1980 2045 si
2014 1990 2249 2059 prudens
2285 1988 2542 2055 fuerit,et
2589 1988 2815 2054 foretur,
2868 1987 3004 2043 nihil
3052 1989 3310 2057 proderit.
3356 1990 3520 2057 Igitur

1930 2081 2025 2151 qui
2054 2090 2183 2134 tunc
2214 2080 2463 2135 inventus
2496 2079 2657 2133 fuerit
2694 2079 2867 2132 ﬁdelis
2904 2088 2958 2131 et
3004 2078 3262 2148 prudens,
3324 2078 3415 2134 ille
3464 2089 3518 2133 tt

1938 2172 2108 2226 multo
2150 2172 2301 2241 plura
2341 2178 2701 2240 consequetur
2720 2170 2789 2237 ⁵³,
2827 2184 3048 2239 regnum
3086 2170 3206 2224 dico
3233 2164 3513 2225 ctelorum.

1937 2259 2071 2313 Nam
2103 2262 2346 2314 omnium
2377 2276 2496 2330 quae
2521 2270 2645 2315 sunt
2682 2258 2800 2327 Dei,
2842 2260 3087 2315 haeredes
3137 2270 3294 2315 erunt
3318 2261 3515 2316 sancti.

1938 2351 2137 2408 Fidelis
2169 2364 2345 2408 autem
2379 2369 2569 2409 servus
2609 2363 2661 2408 et
2711 2354 2951 2421 prudens
2979 2353 3157 2407 omnis
3212 2354 3373 2407 etiam
3434 2362 3519 2407 est

1940 2444 2150 2509 doctor,
2198 2443 2289 2512 qui
2355 2445 2407 2499 in
2468 2452 2709 2508 tempore
2757 2443 2906 2497 dedit
2966 2443 3148 2497 cibum
3196 2443 3470 2512 discipulis
3500 2484 3517 2508 ,

1941 2539 2080 2591 sicut
2108 2534 2323 2599 Paulus,
2356 2551 2495 2590 nunc
2524 2536 2741 2605 quidem
2777 2534 2915 2589 lacte
2940 2542 3155 2603 potans,
3176 2551 3319 2589 nunc
3338 2542 3518 2589 autem

1942 2631 2212 2698 Sapienter
2270 2628 2513 2695 loquens,
2568 2626 2843 2695 tidclisque
2895 2626 3162 2691 minister,
3219 2628 3311 2696 qui
3370 2627 3520 2695 prius

1943 2722 2295 2799 blasphemus
2312 2720 2379 2786 “,
2410 2731 2463 2773 et
2494 2720 2747 2788 prudens,
2775 2728 2832 2772 ut
2863 2734 2967 2772 non
3020 2720 3277 2789 ignorans
3318 2719 3523 2788 cogita-

1946 2813 2122 2865 tiones
2162 2810 2388 2865 inimici.
2422 2810 2528 2865 Sed
2558 2818 2613 2864 et
2640 2809 2819 2864 omnis
2873 2810 2965 2879 qui
3010 2825 3041 2863 a
3090 2809 3203 2864 Deo
3254 2811 3524 2880 acceperit

1944 2904 2025 2956 vel
2050 2918 2200 2973 opes,
2228 2902 2313 2956 vel
2341 2902 2657 2971 potentiam,
2708 2902 2788 2956 vel
2832 2903 3219 2973 principatum,
3262 2904 3424 2957 debet
3469 2912 3525 2957 et

1945 2996 2175 3049 ﬁdeliter
2200 3006 2253 3051 et
2285 2996 2581 3064 prudenter
2611 2993 2923 3050 ministrare
2944 3011 3033 3060 ea,
3060 3005 3313 3063 tanquam
3361 2996 3536 3071 ratio:

1945 3104 2065 3142 nem
2099 3088 2432 3142 redditurus.

2024 3359 2189 3415 Vens.
2218 3358 2409 3413 68-51.
2446 3376 2464 3410 ι
2505 3356 2657 3425 Quod
2696 3356 2740 3413 si
2775 3356 2973 3411 dixerit
3004 3371 3192 3413 servus
3233 3357 3320 3413 ille
3354 3359 3525 3413 malus

1950 3453 2005 3507 in
2037 3454 2199 3507 corde
2232 3466 2355 3517 suo,
2385 3450 2684 3505 Cunctator
2711 3448 2963 3503 dominus
2994 3464 3143 3504 meus
3179 3449 3384 3515 venire,
3417 3464 3538 3524 εαξη

1947 3548 2197 3619 peritque
2233 3552 2517 3615 percutere
2546 3557 2845 3599 conservos
2865 3583 2881 3612 ,
2914 3542 3025 3597 imo
3055 3542 3217 3596 edere
3251 3552 3307 3597 et
3339 3542 3527 3601 bibere

1948 3655 2072 3694 cum
2100 3637 2266 3692 ebriis
2297 3655 2309 3691 :
2340 3636 2519 3691 veniet
2554 3635 2807 3689 dominus
2848 3633 2991 3690 servi
3036 3633 3181 3688 illius
3219 3633 3270 3687 in
3301 3633 3389 3688 die
3419 3648 3527 3703 quo

1949 3745 2056 3784 non
2085 3736 2387 3799 exspectat,
2422 3735 2476 3781 et
2523 3720 2653 3781 ho‘ra
2707 3742 2812 3793 qua
2860 3727 3098 3796 ignorat,
3136 3735 3191 3780 et
3232 3725 3528 3781 dissecabit

1945 3838 2105 3888 eum,
2150 3830 2205 3877 et
2246 3829 2458 3890 partem
2503 3820 2618 3887 ejus
2661 3828 2821 3888 ponet
2870 3835 2993 3875 cum
3028 3817 3371 3889 bypocritis:
3414 3818 3527 3874 illic

1948 3914 2051 3971 erit
2094 3914 2336 3983 ploratus
2382 3921 2435 3966 et
2490 3911 2690 3966 stridor
2730 3911 2991 3964 dentium.
3030 3928 3049 3961 ›
3089 3908 3185 3965 Ubi
3221 3910 3355 3965 dixit
3386 3904 3540 4002 (μισ-ξ

1947 4009 2106 4065 modo
2156 4006 2330 4061 ﬁdelis
2376 4019 2567 4061 servus
2615 4005 2853 4057 honores
2897 4001 3181 4057 habiturus
3226 4002 3333 4067 sit",
3381 4017 3539 4069 nunc

1950 4101 2079 4157 dicit
2106 4098 2375 4170 quomodo
2404 4095 2662 4167 punietur
2685 4095 2880 4148 malus.
2906 4092 3041 4147 Nam
3066 4093 3112 4147 si
3144 4095 3265 4164 quis
3284 4094 3370 4149 cui
3397 4102 3527 4149 sunt

1947 4190 2263 4249 concredita
2293 4186 2713 4258 dispensationis
2738 4186 2897 4251 dona,
2920 4196 3232 4239 contemnat
3254 4185 3523 4255 judicium

1948 4285 2101 4350 illud,
2130 4292 2185 4339 et
2208 4284 2371 4349 dicat,
2397 4280 2638 4336 Moratur
2670 4278 2935 4333 Dominus
2956 4291 3135 4341 meus,
3168 4276 3268 4332 ltoc
3288 4286 3392 4344 est,
3416 4292 3526 4333 non

1948 4383 2131 4438 statim
2183 4388 2240 4434 et
2283 4393 2313 4433 e
2354 4377 2582 4445 vestigio
2622 4388 2837 4445 pinnam
2889 4372 3157 4443 impOnit:
3209 4382 3266 4427 et
3310 4382 3527 4443 sumpta

265 4474 473 4535 εὑθὲως
504 4474 602 4539 τὴν
634 4467 906 4537 τιμωρίαν
935 4462 1229 4533 ἐπιτίθησι,
1264 4459 1355 4514 καὶ
1375 4460 1472 4531 τὴν
1500 4458 1836 4523 ἀνεξικακίαι

1954 4474 2243 4530 occasione
2269 4484 2335 4525 ex
2355 4467 2766 4539 longanimitate
2792 4466 2908 4529 Dei,
2932 4464 3203 4535 percutiat
3235 4478 3529 4519 conservos

267 4565 365 4619 τοῦ
397 4563 533 4616 Θεοῦ
586 4558 841 4630 ἀφορμὴν
897 4554 1162 4627 πονηρίας
1198 4553 1461 4624 ποιῆται,
1513 4551 1609 4604 καὶ
1667 4549 1845 4620 τύπτῃ

268 4659 398 4720 τοὺς
433 4652 747 4716 συνδούλους
797 4648 988 4714 αὐτοῦ,
1056 4647 1198 4719 φημὶ
1234 4646 1298 4716 δὴ
1352 4642 1700 4716 σκανδαλίζῃ.
1754 4642 1849 4696 καὶ

270 4747 454 4817 τύπτῃ
484 4745 583 4814 τὴν
613 4740 917 4811 συνείδησιν
945 4738 1144 4794 αὐτῶνθ
1174 4739 1221 4791 οἱ
1255 4737 1363 4807 γὰρ
1387 4736 1697 4807 ἀρχόμενοι,
1731 4733 1851 4803 pars-

270 4854 470 4900 ποντες
495 4835 619 4897 τοὺς
643 4834 910 4905 ἄρχοντας
936 4829 1121 4893 κακῶς
1152 4828 1468 4901 χρωμένους
1490 4830 1600 4889 τοῖς
1623 4824 1846 4890 δοθεῖσι,

270 4932 611 5000 πλήσσονται
676 4924 1188 4994 σκανδαλιζόμενοι,
1250 4921 1345 4974 καὶ
1404 4918 1730 4991 βλάπτονται
1766 4935 1779 4948 ⁸
1822 4920 1851 4972 6

270 5021 517 5083 τοιοῦτος
539 5014 632 5072 οὖν
662 5015 1172 5088 διχοτομηθήσεται,
1209 5012 1458 5066 τουτέστι
1500 5012 1853 5081 γυμνωθήσε-

272 5130 367 5165 ται
403 5110 495 5163 τοῦ
528 5108 822 5177 προσόντος
858 5104 1006 5175 αύτῷ
1043 5104 1407 5175 χαρίσματος,
1441 5101 1537 5155 καὶ
1571 5101 1692 5153 τότε
1740 5117 1848 5169 φα-

271 5204 503 5273 νήσεται¹
526 5194 635 5262 οἷος
657 5193 747 5269 ἦν,
764 5199 859 5251 καὶ
883 5195 1210 5266 βληθήσεται
1236 5196 1313 5257 είς
1338 5194 1397 5247 τὸ
1416 5194 1605 5255 σκότος
1620 5209 1634 5223 ⁸
1661 5190 1849 5262 πρώην

274 5296 379 5363 μὲν
400 5294 509 5362 γὰρ
529 5293 619 5345 διὰ
651 5291 745 5344 τοῦ
772 5291 1156 5359 προσχήματος
1181 5281 1505 5357 ἠπάτα,οῗοι
1534 5284 1718 5338 πολλοὶ
1742 5284 1850 5336 τῶν

270 5386 603 5455 ἀρχιερέων,
644 5387 788 5451 ἆγιοι
838 5380 1117 5442 δοκοῦντες
1148 5380 1236 5433 διὰ
1264 5380 1323 5431 τὸ
1352 5380 1568 5447 ἀξίωμα
1589 5395 1602 5408 ·
1633 5380 1755 5431 τότε
1795 5376 1852 5429 δὲ

270 5481 575 5550 ἀρθήσεται
604 5477 698 5531 ἀπ’
728 5475 909 5528 αὐτῶν
938 5476 969 5544 ἡ
998 5475 1176 5544 χάρις.
1213 5473 1322 5527 Καὶ
1347 5474 1419 5535 ὡς
1443 5473 1732 5541 ὑποκριταὶ
1756 5487 1848 5525 xo-

268 5571 663 5640 λασθήσονται,
697 5569 823 5622 ἄλλο
852 5568 1002 5630 ὄντες
1027 5566 1119 5619 καὶ
1141 5566 1265 5620 ἄλλο
1303 5565 1636 5635 φαινόμενοι.
1774 5556 1775 5559 “

348 5747 393 5779 ⁸³
444 5745 635 5802 Matth.
676 5762 822 5813 xxiv,
849 5746 936 5802 65.
1011 5746 1105 5799 “1
1144 5742 1285 5799 Tim.
1313 5758 1351 5808 ι,
1390 5744 1475 5807 12,
1514 5742 1600 5797 15.

1953 4579 2082 4621 suos
2110 4560 2432 4619 oﬁ‘endendo
2462 4558 2766 4622 scandatis,
2801 4565 2857 4613 et
2890 4557 3105 4612 illorum
3137 4554 3526 4610 conscientiam

1954 4656 2205 4711 verberet
2239 4651 2459 4724 (subditi
2491 4651 2633 4706 enim
2667 4650 2909 4704 videntes
2941 4649 3211 4718 principes
3246 4648 3399 4702 donis
3434 4646 3527 4699 Dei

1956 4748 2096 4803 male
2146 4746 2259 4811 uti,
2307 4744 2752 4800 scandalizantur
2806 4752 2858 4795 et
2900 4742 3155 4796 damnum
3201 4738 3521 4809 accipiunt);

1958 4841 2050 4911 qui
2094 4839 2258 4909 igitur
2304 4836 2456 4900 talis.
2503 4833 2882 4897 dissecabitur,
2927 4835 3029 4888 boc
3085 4842 3166 4887 est
3206 4832 3529 4902 spoliabitur

1960 4932 2102 4986 dono
2132 4943 2251 4996 suo,
2284 4936 2337 4981 et
2370 4938 2495 4982 tunc
2525 4924 2807 4996 apparebit
2844 4925 3019 4993 qualis
3050 4924 3119 4978 sit
3155 4941 3167 4975 :
3201 4932 3253 4975 ct
3286 4924 3531 4976 mittetur

1959 5020 2013 5073 in
2049 5018 2334 5082 tenebras,
2372 5018 2462 5086 qui
2504 5016 2654 5086 prius
2689 5015 2788 5069 sub
2830 5015 2995 5084 ﬁgura
3036 5014 3262 5079 quadam
3296 5011 3530 5079 decipie-

1959 5111 2050 5167 bat
2078 5129 2091 5165 :
2125 5112 2264 5165 sicut
2296 5109 2448 5164 multi
2486 5109 2800 5179 pontiﬁcum
2833 5106 3007 5159 sancti
3038 5107 3287 5158 videntur
3312 5115 3532 5173 propter

1957 5202 2298 5273 dignitatem,
2350 5211 2475 5255 tunc
2515 5210 2691 5254 autem
2737 5198 2952 5252 tolletur
2997 5199 3064 5249 ab
3109 5196 3189 5249 eis
3229 5198 3439 5267 gratia,
3472 5204 3532 5249 et

1960 5296 2103 5352 sicut
2138 5295 2431 5365 hypocrita:
2466 5294 2776 5364 punientur.
2819 5290 2953 5344 Nam
2986 5304 3107 5344 cum
3140 5289 3228 5342 alii
3262 5290 3402 5351 sint,
3438 5290 3530 5345 alii

1960 5397 2241 5460 apparent.

3583 540 3596 576 ί

3584 587 3600 617 ἱ

3580 661 3595 784 ξ
