3968 6460
573 303 686 371 423

663 454 670 459 -
1136 417 1367 476 CAPUT
1405 418 1576 475 XXV.

1433 294 2014 368 TIIEOPHYLACTI
2050 301 2466 364 BULGARI/E
2504 305 2862 369 ARCHIEP.

2172 421 2217 476 Α

3687 319 3772 387 424

2832 420 3082 476 ΚΕΦΑΛ.
3126 423 3253 477 ΚΕ’.

570 554 648 612 De
693 556 868 611 decem
915 556 1224 622 virginibus.
1262 557 1544 630 ql’nrabolu
1589 573 1766 630 eorum
1814 555 1903 624 qui
1947 555 2143 606 talenta

2249 556 2384 624 Περὶ
2424 559 2544 610 τῶν
2573 559 2718 613 δέκα
2753 563 3088 630 παρ’ξένων.
3131 560 3270 628 Περὶ
3304 557 3420 613 τῶν
3449 563 3515 615 τὰ
3553 563 3776 625 τάλαντα

880 639 1210 696 acceperunt.
1248 628 1320 679 De
1358 630 1578 678 adventu
1613 627 1830 679 Christi.

642 757 809 813 Vens.
840 758 953 813 1-5.
985 777 1002 809 ι
1039 758 1188 812 Tunc
1213 759 1603 814 assimilabitur
1629 773 1850 825 regnum
1883 755 2143 811 caelorum

570 849 755 903 decem
809 850 1130 917 virginibus,
1183 866 1304 919 quae
1346 851 1577 919 sumptis
1608 848 1946 918 lampadibus
1987 847 2147 918 136

570 942 684 994 suis
711 943 964 995 exierunt
1009 943 1060 996 in
1093 957 1378 996 occursum
1424 957 1644 1010 sponso.
1686 942 1933 1010 Quinque
1966 953 2144 994 autem

569 1047 634 1087 ex
661 1034 765 1088 illis
783 1043 937 1086 erant
959 1049 1010 1103 pi
1028 1036 1276 1098 udentes,
1301 1043 1352 1088 et
1379 1036 1617 1102 quinque
1641 1031 1819 1086 fatum.
1843 1033 1971 1100 Quae
1989 1041 2147 1086 erant

572 1122 764 1187 fatuae,
819 1126 1056 1192 acceptis
1108 1125 1449 1194 lampadibus
1497 1125 1632 1186 suis,
1662 1139 1769 1178 non
1828 1130 2148 1190 acceperant

569 1215 744 1268 oleum
770 1231 950 1270 secum
980 1234 994 1270 :
1022 1218 1311 1286 prudentes
1341 1232 1469 1270 vero
1513 1225 1865 1284 sumpserant
1890 1216 2066 1268 oleum
2093 1215 2144 1267 in

572 1311 715 1362 vasis
760 1309 904 1373 suis,
956 1324 1060 1362 una
1119 1325 1242 1363 cum
1291 1309 1649 1376 lampadibus.
1698 1306 1971 1362 Tardante
2018 1322 2147 1361 vero

570 1411 767 1465 sponso
801 1400 1230 1453 dormitaverunt
1276 1415 1463 1453 onmes
1491 1414 1554 1453 ac
1587 1398 1942 1451 dormierunt.
1977 1415 1996 1448 ι
2037 1395 2149 1451 Sub

567 1504 801 1559 persona
847 1492 1112 1560 virginum
1164 1493 1414 1562 proponit
1461 1491 1772 1561 parabolam
1813 1491 1877 1544 de
1909 1491 2146 1545 eleeano-

569 1596 696 1651 syna
726 1599 740 1634 ι
773 1591 829 1634 ιιι
869 1584 1122 1649 quoniam
1169 1598 1416 1650 magnum
1445 1600 1580 1651 opus
1607 1592 1691 1637 est
1725 1583 2002 1651 virginitas
2023 1623 2036 1645 ,
2083 1597 2148 1636 ne

567 1676 689 1742 quis
735 1673 863 1726 illud
907 1689 1072 1727 unum
1110 1689 1332 1735 curans,
1379 1675 1484 1727 alia
1520 1674 1795 1744 negligat,
1837 1674 1928 1726 sed
1972 1672 2147 1727 discat

565 1762 706 1828 quod
737 1763 939 1830 absque
963 1763 1308 1834 eleentosyna
1330 1765 1494 1817 etiam
1525 1765 1762 1833 virgines
1795 1779 1914 1817 cum
1949 1765 2144 1818 scortis
2179 1754 2220 1811 Β

567 1853 878 1922 ejii-ientur.
917 1853 1113 1908 Merito
1146 1866 1326 1908 autem
1375 1857 1465 1923 qui
1511 1857 1883 1924 compassione
1910 1867 2060 1911 caret
2089 1867 2144 1912 et

569 1947 940 2010 misericordia
964 1986 978 2010 ,
1014 1948 1249 2016 ejicitur,
1285 1949 1450 2001 etiam
1483 1949 1526 2002 si
1570 1951 1718 2016 virgo
1737 1951 1844 2015 sit.
1887 1949 2139 2004 Seortnm

565 2039 708 2093 enim
735 2040 802 2092 ab
825 2038 1111 2093 aﬂ‘ectione
1137 2039 1415 2109 tyrannica
1445 2050 1784 2110 expugnatur
1805 2049 1857 2094 et
1884 2042 2138 2106 naturali,

566 2132 956 2187 immisericors
991 2141 1168 2187 autem
1211 2149 1242 2186 a
1269 2133 1494 2187 divitiis.
1526 2131 1742 2198 Quanto
1783 2133 1946 2202 igitur
1991 2133 2143 2188 infir-

565 2223 707 2276 mius
738 2224 830 2291 _cui
869 2223 1289 2289 obluctandum,
1335 2233 1485 2278 tanto
1518 2224 1711 2276 minori
1753 2225 1908 2278 venia
1949 2225 2144 2293 dignus

563 2322 645 2365 est
674 2313 763 2381 qui
803 2324 1144 2384 expugnatur
1185 2313 1252 2368 ab
1295 2315 1537 2369 avaritiae
1580 2315 1792 2370 morbo.
1841 2315 1905 2368 Et
1943 2317 2142 2371 stultus

565 2405 778 2469 quidem
811 2415 915 2469 est,
951 2406 1039 2473 qtti
1073 2405 1241 2459 vincit
1273 2406 1520 2461 naturale
1555 2406 1895 2474 incendium,
1931 2418 1986 2462 ct
2021 2411 2142 2462 vin-

564 2496 709 2548 citur
761 2511 789 2547 a
853 2513 1017 2564 parva
1072 2499 1424 2565 pecuniarum
1477 2499 1771 2567 cupiditate
1818 2514 1882 2553 ac
1930 2502 2138 2554 tnorbo.

566 2587 888 2641 Dormitatio
920 2598 1005 2642 est
1051 2605 1219 2643 mors.
1271 2589 1417 2642 Mora
1465 2600 1642 2642 autem
1685 2592 1870 2659 Sponsi
1920 2592 2138 2659 dicitur,

563 2679 686 2748 quia
721 2695 825 2733 non
859 2683 1041 2734 statim
1075 2682 1345 2736 secundus
1375 2682 1636 2736 adventus
1671 2684 1749 2735 tit.

640 2919 808 2975 Vens.
837 2921 994 2976 645.
1037 2940 1056 2974 ε
1104 2920 1277 2977 Porro
1320 2923 1496 2978 medio
1533 2923 1705 2978 noctis
1733 2923 1938 2977 clamor
1967 2924 2140 2977 factus

2317 630 2645 684 λαϐόντων.
2676 628 2959 702 Περιτῆς
2989 630 3287 697 ἐλεύσεως
3319 631 3421 685 τοῦ
3473 635 3718 701 Χριστοῦ.

2322 787 2340 819 ι
2369 767 2503 822 Τότε
2543 771 2938 844 ὁμοιωθήσεται
2966 775 2999 843 ἠ
3029 770 3275 842 βασιλεία
3302 773 3408 825 τῶν
3427 773 3651 844 οὐρανῶν
3671 778 3779 836 δέκα

2249 860 2557 930 παρθένοις,
2587 863 2790 926 αἵτινες
2820 862 3088 916 λαϐοῦσαι
3126 862 3226 925 τάς
3281 863 3561 932 λαμπάδας
3608 868 3775 931 αὐτῶν,

2246 951 2471 1020 ἐξῆλθον
2501 956 2581 1018 εἰς
2642 955 2950 1024 ἀπάντησιν
2989 955 3081 1007 τοῦ
3116 954 3374 1024 νυμφίον’
3400 955 3562 1008 Πέντε
3591 957 3642 1010 δὲ
3663 954 3776 1030 ἦσαν

2249 1043 2308 1106 ἐξ
2363 1044 2540 1096 αὐτῶν
2591 1046 2867 1115 φρόνιμοι,
2928 1049 3021 1098 καὶ
3055 1046 3112 1097 αί
3164 1045 3324 1097 πέντε
3379 1047 3778 1116 μωραίάἴτινες

2252 1137 2452 1205 μωραὶ,
2488 1135 2752 1190 λαϐοῦσαι
2789 1138 2885 1202 τὰς
2917 1137 3207 1206 λαμπάδας
3261 1138 3471 1199 αὐτῶν,
3507 1140 3598 1192 οὐκ
3628 1141 3780 1196 ἔλαϐον

2252 1227 2372 1297 μεθ’
2399 1227 2604 1280 ἑαυτῶν
2637 1227 2814 1280 ἔλαιον
2841 1245 2854 1258 ο
2891 1229 2945 1281 αἱ
2975 1228 3030 1281 δὲ
3061 1229 3316 1299 φρόνιμοι
3351 1227 3532 1281 ἔλαϐον
3561 1230 3712 1284 ἔλαιον
3737 1237 3779 1286 ἐν

2247 1320 2360 1380 τοῖς
2388 1317 2630 1385 ἀγγείοις
2683 1317 2863 1370 αὐτῶν
2919 1317 3059 1386 μετὰ
3106 1316 3215 1370 τῶν
3268 1317 3561 1386 λαμπάδων
3614 1321 3776 1377 αὐτῶν.

2249 1410 2603 1481 Χρονὶζοντος
2623 1411 2678 1464 δὲ
2713 1411 2806 1464 τοῦ
2836 1413 3092 1481 νυμφίου,
3150 1410 3446 1476 ἐνύσταξαν
3496 1416 3648 1468 πᾶσαι
3706 1421 3780 1471 καὶ

2249 1504 2558 1558 ἐκάθευδον.
2591 1523 2610 1556 ι
2652 1504 2776 1558 Ἐπὶ
2798 1503 2890 1558 τοῦ
2929 1503 3219 1575 προσώπου
3251 1506 3358 1558 τῶν
3391 1506 3654 1575 παρθένων
3678 1526 3780 1579 σχηο

2254 1595 2469 1664 ματίζει
2489 1597 2589 1663 τὴν
2622 1598 2749 1667 περὶ
2781 1597 3151 1668 ἐλεημοσύνης
3173 1597 3506 1668 παραϐολὴν,
3525 1599 3601 1651 ἵνα
3625 1603 3777 1675 ἐπειδὴ

2254 1688 2397 1756 μέγα
2447 1688 2681 1757 πρᾶγμά
2724 1689 2862 1753 ἐστι,
2904 1688 2977 1758 μὴ
3009 1687 3167 1741 τοῦτο
3219 1687 3380 1758 μόνον
3413 1691 3672 1760 κατορθῶν
3696 1711 3778 1759 τις,

2249 1778 2423 1848 ἀμελῇ
2451 1779 2559 1832 τῶν
2581 1779 2777 1832 ἀλλωνο
2808 1780 2944 1833 ἀλλὰ
2976 1780 3211 1852 μάνθανε
3237 1783 3311 1844 ὡς
3331 1782 3428 1851 τῆς
3460 1783 3779 1855 ἐλεημοσύνης

2249 1858 2439 1942 χωρὶς,
2463 1871 2566 1926 κᾶν
2593 1873 2888 1943 παρθενίαν
2909 1873 3058 1944 ἔχῃς,
3093 1874 3231 1944 μετά
3253 1876 3464 1942 πορνῶν
3491 1875 3777 1948 ἐκϐληθήσῃ.

2249 1964 2490 2026 Εἰκότως
2514 1963 2571 2016 δὲ
2604 1965 2631 2017 6
2658 1964 2990 2037 ἀσυμπαθὴς
3015 1967 3109 2019 καὶ
3133 1965 3324 2032 ἀνελεή
3336 1984 3450 2036 μων
3479 1967 3776 2034 ἐκϐάλλεται,

2250 2056 2354 2108 κΞιν
2411 2055 2681 2122 παρθένος
2703 2057 2786 2127 εἴη
2814 2071 2830 2087 ο
2859 2058 2886 2109 6
2942 2057 3042 2126 μὲν
3073 2058 3183 2128 γὰρ
3253 2057 3449 2128 πόρνος
3495 2059 3679 2122 πάθους
3705 2062 3780 2130 ἠτ-

2249 2146 2385 2217 τήθη
2419 2147 2744 2218 τυραννικοῦ
2778 2164 2837 2199 τε
2869 2149 2964 2201 καὶ
3015 2147 3246 2217 φυσικοῦ
3273 2163 3289 2180 ·
3345 2150 3371 2202 6
3414 2149 3469 2203 δὲ
3513 2151 3778 2222 ἀνελεήμων

2249 2240 2569 2310 χρημάτων.
2601 2241 2750 2311 ’Όσῳ
2777 2239 2870 2293 οὖν
2901 2243 2929 2294 6
2959 2241 3374 2312 ἀνταγωνιστὴς
3447 2243 3780 2317 ἀσθενέστερος

2249 2334 2488 2401 τοσούτῳ
2521 2333 2915 2403 ἀσυγχώρητος
2943 2333 2971 2384 6
2999 2332 3248 2401 νικηθεὶς
3279 2332 3386 2404 ὑπδ
3413 2331 3502 2385 τοῦ
3535 2335 3625 2404 τῆς
3656 2337 3778 2402 φιλο.

2249 2442 2352 2494 χρη
2363 2424 2563 2491 ματίας
2596 2426 2802 2488 πάθους
2823 2439 2838 2454 ·
2870 2427 2964 2479 καὶ
2998 2426 3181 2497 μωρὸς
3195 2426 3252 2478 δὲ
3276 2429 3304 2480 6
3339 2427 3569 2491 τοιοῦτος
3596 2429 3655 2480 δι’
3675 2430 3780 2482 αὐτὸ

2247 2516 2428 2582 τοῦτο,
2456 2517 2516 2569 τὸ
2555 2521 2777 2586 νικῆσαι
2817 2517 2916 2588 μὲν
2946 2518 3182 2591 φυσικὴν
3216 2518 3483 2588 πύρωσιν,
3533 2521 3778 2592 ἡττηθῆναι

2249 2610 2304 2662 δὲ
2331 2609 2424 2662 τοῦ
2484 2610 2681 2680 μικροῦ
2716 2611 2920 2672 πάθους
2978 2611 3088 2664 τῶν
3141 2612 3444 2683 χρημάτων
3468 2628 3482 2644 ο
3520 2613 3780 2682 νυσταγμδς

2247 2701 2326 2764 δὲ,
2359 2704 2387 2754 6
2419 2700 2666 2763 θάνατος.
2716 2702 3024 2773 Χρονισμός
3073 2703 3130 2756 δὲ
3180 2703 3280 2756 τοῦ
3359 2705 3602 2775 νυμφίου,
3648 2705 3700 2758 τὸ
3721 2705 3778 2775 μὴ

2251 2792 2531 2862 συντόμως
2553 2791 2800 2861 γίνεσθαι
2825 2793 2925 2864 τὴν
2959 2793 3219 2864 δευτέραν
3263 2796 3580 2867 παρουσίαν.

2326 2926 2344 2958 ι
2370 2905 2558 2973 Μέσης
2579 2905 2632 2958 δὲ
2656 2905 2850 2968 νυκτὸς
2871 2905 3086 2977 κραυγὴ
3121 2905 3368 2976 γέγονεν·
3389 2908 3512 2962 Ἰδοὺ
3539 2909 3565 2960 6
3594 2909 3780 2981 ννμςίος

566 3023 690 3066 est:
747 3010 886 3065 Etce
931 3027 1164 3081 sponsus
1211 3013 1389 3077 venit,
1435 3013 1580 3067 exite
1625 3013 1838 3067 obviam
1882 3013 1952 3067 ei.
1991 3011 2142 3067 Tunc

2250 2999 2488 3072 ἔρχεται,
2523 3001 2808 3072 ἐξέρχεσθε
2835 3001 2917 3063 είς
2945 3001 3253 3073 ἀπάντησιν
3287 3002 3472 3056 αὐτοῦ.
3506 3002 3625 3055 Τότε
3646 3001 3780 3073 ἠγέρ-

566 3114 920 3158 surrexerunt
962 3119 1152 3159 omnes
1187 3107 1423 3175 virgines
1466 3105 1597 3169 illm,
1645 3114 1698 3158 et
1740 3115 2142 3176 appztraverunt

2251 3095 2423 3164 θησαν
2448 3097 2616 3149 πᾶσαι
2645 3097 2701 3148 αἱ
2731 3095 2987 3164 παρθένοι
3013 3096 3242 3161 ἐκεῖναι,
3276 3098 3370 3150 καὶ
3399 3097 3680 3166 ἐκόσμησαν
3700 3095 3777 3157 τὰς

565 3194 841 3265 lampades
864 3211 1010 3252 suas.
1045 3195 1230 3251 Fatua:
1253 3208 1434 3252 autent
1455 3197 1809 3268 prudentibus
1846 3198 2100 3252 dixerunt
2123 3215 2140 3253 :

565 3287 700 3342 Date
747 3289 902 3343 nobis
937 3290 1004 3342 de
1035 3291 1154 3344 oleo
1206 3303 1388 3344 \e5tro
1412 3330 1427 3356 ,
1476 3291 1599 3358 quia
1634 3289 1914 3360 lampades
1943 3300 2142 3345 nostra:

569 3383 1015 3448 esxtiuguuntur.
1035 3383 1100 3436 Et
1120 3383 1516 3451 responderunt
1545 3383 1837 3451 prudentes
1863 3380 2138 3436 dicentes:

564 3472 941 3546 Nequaquam,
969 3491 1034 3529 ne
1058 3490 1162 3529 non
1191 3473 1424 3529 sttﬂieiat
1451 3475 1605 3528 nobis
1642 3483 1698 3528 et
1729 3474 1899 3528 vobis.
1931 3471 2034 3526 Sed
2068 3472 2142 3526 ite

564 3568 746 3638 potius
789 3569 856 3622 ad
903 3583 997 3622 eos
1039 3567 1129 3636 qui
1180 3569 1457 3632 vendunt,
1510 3574 1565 3621 et
1621 3567 1784 3620 emite
1832 3566 2139 3634 vobisipsis.

564 3657 736 3714 Porro
780 3659 906 3712 dum
950 3660 1090 3713 irent
1119 3671 1395 3728 emptum,
1445 3660 1596 3718 venit
1639 3673 1898 3729 sponsus,
1934 3667 1988 3712 et
2023 3673 2143 3727 quae

565 3760 767 3818 paratae
794 3759 970 3816 erant,
1001 3753 1344 3805 intraverunt
1373 3767 1496 3805 cum
1522 3765 1586 3805 eo
1609 3752 1675 3804 ad
1709 3753 1948 3820 nuptias,
1986 3750 2142 3803 clau-

565 3855 736 3908 saque
764 3850 850 3896 est
893 3842 1081 3912 janua.
1131 3841 1326 3897 Pastea
1370 3858 1498 3898 vero
1547 3843 1772 3898 veniunt
1821 3851 1874 3896 et
1923 3843 2143 3912 reliqua:

565 3932 827 4002 virgines,
869 3935 1152 3990 dicentes:
1186 3935 1433 4001 Domine,
1477 3933 1736 4000 Domine,
1776 3935 1923 4002 aperi
1962 3935 2139 3988 nobis.

567 4027 639 4082 At
667 4028 757 4083 ille
801 4027 1133 4098 respondens
1156 4029 1268 4093 ait,
1298 4029 1469 4082 Amen
1507 4028 1630 4081 dico
1658 4027 1812 4082 vobis
1833 4067 1847 4093 ,
1883 4043 1985 4080 non
2019 4029 2143 4081 novi

566 4133 684 4174 vos.
721 4117 954 4186 Vigilate
989 4119 1208 4188 itaque,
1245 4119 1372 4187 quia
1409 4119 1628 4172 nescitis
1657 4116 1795 4171 diem
1834 4131 2009 4186 neque
2043 4118 2140 4172 lto-

574 4227 691 4266 ram
723 4229 827 4282 qua
860 4211 1030 4266 Filius
1063 4211 1300 4266 hominis
1334 4211 1530 4266 veniet.
1571 4229 1590 4262 ι
1618 4209 1789 4264 Media
1822 4220 1979 4264 nocte
2015 4211 2146 4264 dicit

567 4303 860 4359 clamorem
895 4303 1044 4369 iieri,
1095 4313 1153 4356 ut
1182 4302 1433 4357 ostendat
1458 4303 1597 4371 quod
1629 4302 1707 4356 sic
1737 4302 2146 4371 inexspectatus

565 4399 751 4450 veniat
781 4393 1060 4458 Dominus,
1091 4395 1244 4464 quasi
1282 4394 1455 4448 media
1487 4402 1643 4447 nocte
1681 4407 1868 4447 omnes
1905 4394 2144 4449 dormia-

571 4501 692 4539 mus
741 4484 1010 4554 profundo
1044 4500 1256 4538 somno.
1283 4483 1351 4536 At
1383 4499 1503 4537 eum
1543 4482 1777 4537 clamore
1813 4483 1978 4548 venit,
2015 4487 2140 4538 tuba

569 4579 714 4631 enim
743 4578 958 4631 sonabit
981 4577 1034 4630 in
1064 4578 1300 4630 secundo
1332 4577 1588 4629 adventu.
1634 4575 1932 4645 Lampadas
1962 4586 2141 4630 autem

567 4669 762 4723 anima:
787 4676 982 4722 nostra:
1006 4706 1021 4731 ,
1049 4677 1105 4722 et
1138 4668 1559 4735 uniuscujusque
1595 4681 1745 4720 mens
1783 4666 1988 4735 lampas
2020 4680 2102 4721 εει
2125 4705 2142 4733 ,

569 4775 688 4830 qua:
714 4768 842 4812 tunc
864 4757 1199 4824 accenditur,
1224 4757 1440 4826 quando
1469 4755 1629 4808 habet
1679 4755 1854 4809 oleum
1883 4757 2140 4809 virtututn

570 4859 626 4906 et
660 4847 1112 4904 misericordiam.
1153 4848 1338 4904 Fatua:
1369 4857 1548 4902 autem
1581 4848 1817 4918 virgines
1849 4846 1968 4902 ideo
1998 4847 2145 4917 quod

571 4953 698 4997 tunc
735 4941 1013 5010 requirant
1038 4933 1238 5004 oleum,
1274 4954 1395 4993 cum
1429 4955 1535 4993 non
1571 4939 1643 4993 sit
1670 4939 1975 5008 negotiandi
2006 4949 2144 4992 tem-

569 5048 693 5104 pus.
727 5031 896 5088 Porro
930 5032 1223 5100 prudentes
1248 5031 1454 5095 dicunt,
1489 5027 1569 5084 Ne
1605 5028 1742 5084 forte
1771 5045 1876 5084 non
1918 5028 2147 5084 suﬂlciat

572 5119 730 5174 nobis
765 5130 820 5173 et
865 5120 1037 5172 vobis.
1077 5116 1265 5172 Virtus
1289 5119 1432 5172 enim
1470 5119 1700 5187 proximi
1738 5121 1842 5174 mei
1880 5120 1969 5174 vix
1998 5121 2146 5175 solli-

575 5213 681 5266 ciet
723 5211 798 5265 illi
839 5212 904 5266 ad
933 5210 1299 5266 defensionem
1323 5252 1339 5278 ,
1386 5220 1592 5266 tantum
1639 5212 1794 5265 abest
1828 5219 1960 5266 utet
1994 5213 2145 5268 mihi.

541 5290 543 5292 l
573 5306 653 5362 Ex
682 5306 796 5360 suis
824 5305 970 5359 enim
1009 5307 1210 5376 quique
1255 5305 1507 5375 operibus
1540 5303 1998 5373 justillcabuntur,
2041 5322 2146 5360 non

573 5396 968 5470 proximorum.
1017 5396 1121 5452 Sed
1156 5399 1315 5452 fatua:
1341 5397 1409 5452 ad
1452 5401 1748 5453 vendentes
1779 5399 2014 5465 abeunt,
2046 5399 2148 5454 hoc

571 5499 677 5554 est,
711 5487 778 5545 ad
807 5502 1094 5559 pauperes.
1123 5489 1390 5544 Caeterum
1423 5489 1564 5560 quod
1594 5490 1716 5544 dico
1752 5489 1894 5543 hunc
1925 5505 2144 5544 sensum

571 5579 780 5639 habet:
814 5579 1161 5638 Pmnitudine
1192 5581 1465 5637 ducuntur
1504 5581 1698 5647 fatuae,
1729 5596 1795 5637 co
1834 5582 1977 5651 quod
2007 5582 2148 5638 elec-

573 5685 858 5743 tnosynam
903 5688 1012 5730 non
1064 5671 1295 5729 fecerint
1333 5691 1348 5729 :
1396 5683 1450 5729 et
1497 5689 1639 5729 nunc
1688 5674 1921 5743 primum
1973 5676 2149 5729 sciunt

579 5769 720 5838 quod
750 5780 778 5820 a
812 5765 1138 5840 pauperibus
1167 5775 1414 5836 oporteat
1447 5780 1544 5824 nos
1576 5764 1751 5823 oleum
1780 5766 1996 5822 emisse.
2031 5765 2139 5824 Hoc

2243 3190 2531 3260 λαμπάδας
2561 3188 2762 3253 αὐτῶν,
2791 3190 2846 3242 αἱ
2876 3187 2932 3242 δὲ
2968 3191 3147 3259 μωραὶ
3179 3193 3305 3254 ταῖς
3332 3192 3601 3260 φρονίμοις
3629 3184 3778 3241 εἷπον⁸

2245 3282 2372 3333 Δότε
2395 3283 2527 3352 ἡμῖν
2550 3283 2612 3334 ἐκ
2642 3281 2735 3334 τοῦ
2764 3281 2942 3334 ἐλαίου
2977 3281 3150 3349 ὑμῶν,
3175 3282 3258 3335 ὅτι
3287 3283 3345 3336 αἱ
3372 3281 3636 3352 λαμπάδες
3653 3279 3778 3350 ἡμῶν

2247 3372 2582 3426 σϐέννυνται.
2619 3373 3022 3444 Ἀπεκρίθησαν
3049 3373 3104 3427 δὲ
3131 3374 3186 3427 αἱ
3217 3374 3495 3446 φρόνιμοι,
3528 3372 3774 3440 λέγουσαι·

2243 3463 2470 3532 Μήποτε
2511 3463 2612 3516 οὐκ
2646 3464 2858 3535 ἀρκέσῃ
2900 3465 3027 3534 ὑμῖν
3079 3465 3173 3517 καὶ
3205 3466 3361 3534 ἡμῖν.
3425 3462 3697 3536 Πορεύεσθε
3735 3461 3779 3515 δὲ

2247 3555 2448 3625 μᾶλλον
2487 3556 2624 3626 πρὸς
2671 3558 2798 3618 τοὺς
2831 3556 3161 3622 πωλοῦντας,
3210 3557 3309 3609 καὶ
3355 3556 3643 3626 ἀγοράσατε
3679 3557 3776 3609 ἑαυ-

2244 3650 2388 3710 ταῖς.
2449 3646 2864 3718 ’Λπερχομένων
2911 3647 2966 3700 δὲ
3017 3646 3199 3700 αὐτῶν
3253 3647 3538 3718 ἀγοράσαι,
3588 3641 3779 3717 ἦλθενό

2244 3739 2499 3810 νυμφίος,
2525 3739 2618 3793 καὶ
2645 3741 2700 3793 αἱ
2731 3739 2937 3810 ἕτοιμοι
2964 3737 3210 3810 εἰσῆλθον
3247 3740 3367 3808 μετ’
3406 3737 3564 3794 αὐτοῦ
3589 3740 3660 3802 εἰς
3678 3735 3778 3798 τοὺς

2245 3831 2480 3901 γάμους,
2514 3829 2608 3883 καὶ
2638 3829 2890 3899 ἐκλείσθη
2919 3831 2952 3901 ἡ
2991 3829 3128 3901 θύρα
3152 3844 3168 3860 ο
3221 3829 3450 3901 ὕστερον
3485 3830 3539 3883 δὲ
3571 3829 3781 3899 ἔρχονται

2246 3923 2343 3975 καὶ
2390 3922 2445 3973 αἱ
2473 3921 2660 3974 λοιπαὶ
2695 3920 2977 3991 παρθένοι,
3037 3920 3297 3989 λέγουσαι
3327 3938 3344 3954 ο
3377 3921 3565 3992 Κύριε,
3621 3917 3780 3989 Κύριε,

2246 4012 2456 4078 ἄνοιξον
2488 4013 2642 4083 ἡμῖν.
2697 4012 2755 4065 '0
2785 4012 2840 4065 δὲ
2878 4011 3200 4081 ἀποκριθεὶς
3227 4008 3384 4067 εἷπεν
3415 4028 3428 4039 ·
3477 4011 3636 4083 Ἀμὴν
3667 4009 3782 4078 λέγω

2248 4104 2398 4175 ὑμῖν,
2430 4105 2530 4157 οὐκ
2559 4099 2676 4157 οἶδα
2706 4105 2870 4178 ὑμᾶς.
2902 4105 3231 4175 Γρηγορεῖτε
3267 4103 3382 4168 οῦν,
3418 4104 3498 4158 ὅτι
3525 4104 3618 4157 ούκ
3636 4101 3782 4154 οἴδατε

2246 4196 2346 4267 τὴν
2383 4196 2600 4268 ἡμέραν
2632 4195 2752 4249 οὐδὲ
2778 4196 2876 4266 τὴν
2898 4195 3047 4267 ῶραν
3073 4198 3132 4249 ἐν
3220 4197 3248 4248 6
3265 4195 3392 4259 Υἱὸς
3415 4194 3508 4249 τοῦ
3536 4191 3781 4264 ἀνθρώπου

2252 4288 2525 4360 ἔρχεται.»
2555 4289 2846 4358 Μεσούσης
2875 4292 2976 4358 τῆς
3005 4287 3194 4350 νυκτὸς
3223 4288 3372 4358 λέγει
3400 4287 3632 4360 κραυγὴν
3659 4283 3784 4354 γενέ·

2252 4379 2398 4446 σθαι,
2442 4381 2528 4434 ἵνα
2577 4380 2725 4452 δείξῃ
2774 4382 2856 4434 ὃτι
2899 4381 3219 4444 ἀνέλπιστος
3272 4380 3489 4452 ἔρχεται
3534 4381 3560 4433 6
3591 4375 3779 4448 Κύριος.

2252 4471 2443 4544 ὥσπερ
2467 4472 2832 4544 μεσονυκτίου
2889 4473 3088 4535 πάντες
3139 4470 3248 4544 ἢδη
3294 4472 3614 4542 καθεύδομεν
3658 4467 3784 4539 βαθεῖ

2254 4565 2426 4635 ὕπνῳ.
2484 4564 2643 4618 Ἀλλά
2689 4566 2828 4634 μετὰ
2865 4563 3114 4634 κραυγῆς
3146 4564 3388 4635 ἔρχεταιο
3438 4561 3654 4628 σάλπιγξ
3698 4556 3782 4626 γὰρ

2251 4658 2448 4728 ἠχήσει
2494 4658 2551 4710 ἐν
2590 4661 2654 4727 τῇ
2685 4658 2914 4729 δευτέρᾳ
2942 4656 3218 4728 παρουσία
3238 4673 3255 4690 ’
3300 4655 3575 4726 λαμπάδες
3608 4653 3678 4714 δὲ,
3706 4650 3783 4702 καὶ

2251 4753 2306 4805 αἱ
2331 4750 2502 4821 ψυχαὶ
2539 4752 2716 4822 ἡμῶν,
2755 4755 2848 4805 καὶ
2879 4753 2907 4804 6
2937 4750 3056 4815 νοῦς
3105 4750 3340 4803 ἑκάστου
3377 4748 3588 4819 λαμπάς
3629 4745 3780 4796 ἐστιν·

2253 4843 2373 4913 ἥτις
2426 4843 2548 4895 τότε
2581 4844 2904 4908 ἀνάπτεται,
2927 4842 3014 4895 ὅτε
3046 4843 3158 4911 ἔχει
3183 4840 3242 4894 τὸ
3264 4844 3371 4895 τῶν
3403 4837 3603 4912 ἀρετῶν
3631 4835 3782 4888 ἔλαιον

2251 4936 2346 4988 καὶ
2375 4934 2475 5007 τὴν
2505 4934 2875 5005 ἐλεημοσύνην
2895 4950 2909 4965 ·
2939 4935 3122 5005 μωραὶ
3153 4933 3208 4986 δὲ
3235 4933 3402 4995 ὅντως
3434 4932 3563 4985 εἰσὶν
3599 4929 3648 4984 ai
3671 4941 3784 4993 παρ-

2252 5019 2394 5080 θένοι
2425 5029 2517 5080 καὶ
2547 5027 2688 5080 κατά
2720 5025 2900 5092 τοῦτο,
2945 5025 3079 5079 καθὸ
3107 5025 3227 5078 τότε
3261 5025 3487 5096 ἐζήτουν
3519 5022 3576 5075 τδ
3613 5020 3778 5078 ἔλαιον,

2250 5122 2340 5175 ὅτε
2387 5122 2488 5174 οὐκ
2544 5120 2625 5173 ἐτι
2680 5121 2872 5192 καιρὸς
2922 5119 3329 5192 πραγματείας.
3386 5116 3531 5170 Αἱδὲ
3565 5107 3783 5183 φρόνιμοί

2251 5229 2384 5282 φασι
2415 5229 2430 5244 ·
2468 5213 2695 5282 Μήποτε
2726 5213 2825 5264 οὐκ
2859 5212 3072 5284 ἀρκέσῃ
3109 5213 3241 5280 ἡμῖν
3287 5211 3379 5264 καὶ
3407 5209 3550 5279 ὑμῖν.
3601 5202 3660 5256 Ἠ
3692 5199 3781 5268 γὰρ

2252 5303 2421 5373 ἀρετὴ
2466 5303 2561 5355 τοῦ
2595 5303 2820 5373 πλησίον
2853 5319 2956 5373 μου
3008 5303 3161 5373 μόλις
3189 5302 3412 5371 ἀρκέσει
3445 5299 3625 5368 ἐκείνῳ
3667 5291 3782 5361 πρὸς

2255 5393 2572 5461 ἀπολογίαν,
2608 5394 2738 5464 μήτι
2761 5409 2824 5461 γε
2871 5393 2964 5446 καὶ
2992 5393 3144 5463 ἐμοί’
3181 5392 3408 5454 ἕκαστος
3450 5388 3555 5459 γὰρ
3590 5389 3648 5439 ἐκ
3690 5378 3780 5432 τῶν

2254 5486 2432 5557 ἔργων
2475 5485 2639 5540 αὑτοῦ
2665 5485 3109 5556 δικαιωθήσεται,
3139 5485 3260 5555 ούχὶ
3288 5483 3394 5537 τῶν
3425 5479 3516 5534 τοῦ
3565 5471 3775 5544 πλησίοι.

2260 5576 2403 5632 Ἀλλ’
2429 5577 2484 5631 ai
2519 5577 2702 5648 μωραὶ
2754 5577 2892 5648 πρὸς
2937 5576 3065 5640 τοὺς
3116 5576 3422 5637 πωλοῦντας
3466 5571 3775 5639 ἀπέρχονται,

2254 5668 2523 5735 τουτέστι,
2559 5668 2697 5738 πρὸς
2721 5670 2847 5732 τοὺς
2891 5667 3151 5740 πένητας.
3184 5669 3250 5720 Ὃ
3281 5667 3337 5720 δὲ
3383 5665 3524 5732 λέγει
3571 5653 3777 5712 τοιοῦτόν

2257 5765 2411 5817 ἐστι·
2445 5759 2856 5831 Μεταμέλονται
2906 5761 2967 5836 αἱ,
3028 5758 3210 5830 μωραὶ
3265 5757 3394 5812 διότι
3436 5756 3505 5826 μὴ
3555 5747 3779 5816 ἐποίησαν
