3810 6556
187 331 272 393 425
720 319 1164 390 EN'A‘RRATIO
1199 328 1283 390 IN
1323 327 1826 394 EVANGELIUM
1865 332 2254 395 MATTHIEI.
2296 362 2365 374 -
2403 336 2567 398 CAP.
2608 338 2788 400 XXV.
3259 338 3362 404 426

183 437 508 513 ἐλεημοσύνην,
537 434 625 489 καὶ
663 434 760 490 νῦν
789 437 1008 508 πρῶτον
1056 438 1422 508 γινώσκουσιν
1465 441 1547 494 ὅτι
1578 442 1659 494 ἀπ

1791 445 1957 516 igitur
1990 445 2152 518 137
2203 457 2286 503 est
2331 451 2474 519 quod
2513 451 2644 507 dicit
2686 451 2836 507 abire
2872 452 2940 508 ad
2974 451 3272 511 vendentes
3307 465 3368 510 ut

181 534 264 589 τῶν
289 531 509 598 πενήτων
552 525 654 580 ἔδει
685 528 833 598 ἡμᾶς
855 527 915 582 τὸ
945 529 1123 583 ἔλαιον
1171 529 1338 600 ἔχειν.
1377 530 1550 585 Τοῦτο
1591 531 1659 585 ob

1793 549 2037 594 emerent
2074 539 2252 595 oleum
2282 554 2298 594 :
2337 541 2436 598 hoc
2469 553 2590 609 est,
2628 551 2809 598 mente
2842 545 3091 601 abierunt
3127 547 3192 600 ad
3231 561 3368 616 pau-

179 625 294 676 ἐστιν
332 618 538 686 δλέγει,
591 617 670 670 ὅτι
721 618 962 689 ἀπῆλθον
996 619 1132 691 πρὸς
1182 620 1310 684 τοὺς
1368 619 1659 676 πωλοῦντα

1792 644 1968 700 peres,
1999 642 2054 688 et
2082 647 2268 688 secum
2296 635 2602 706 cogitarunt
2625 635 2785 706 quale
2808 636 3006 700 bonum
3037 637 3110 694 sit
3133 638 3368 695 eleemo-

179 711 392 780 ἀγοράσαι
416 706 601 772 ἔλαιον,
625 708 927 774 τουτέστιν,
951 709 1196 781 ἀπῆλθον
1221 713 1286 782 τῇ
1312 709 1520 782 διανοίᾳ
1548 713 1652 783 πρὸ

1792 737 1924 792 syna
1946 762 1962 788 ,
2011 725 2104 779 sed
2137 724 2322 780 clausa
2353 734 2438 780 est
2474 724 2555 780 eis
2591 727 2758 797 janua
2793 736 2974 797 :.post
3015 729 3180 784 vitam
3214 731 3360 785 enim

176 802 271 862 τοὺς
295 798 525 868 πένητας,
560 797 652 850 καὶ
681 797 1059 868 ὲνελογίσαντο
1109 797 1222 854 οἷον
1260 803 1463 869 ἀγαθὸν
1493 805 1526 874 ἠ
1564 804 1650 857 an

1793 809 1950 865 istam
1997 827 2100 866 non
2149 822 2233 867 est
2275 814 2362 868 bic
2406 824 2618 884 tempus
2661 817 2952 884 pmnitendi
2989 827 3044 874 et
3083 821 3364 890 operaudi.

174 889 390 962 ημοσύνη,
427 888 554 942 ἀλλὰ
580 888 688 960 γάρ
715 891 970 963 ἐκλείσθη
1019 892 1212 956 αὑταῖς
1239 895 1272 964 ἡ
1304 893 1442 965 θύρα
1464 911 1479 926 ⁸
1511 913 1659 965 μετα

1791 902 2027 960 Proinde
2053 904 2316 961 Dominus
2351 907 2481 964 dicit
2522 908 2648 973 illis,
2684 907 2880 968 Nescio
2908 927 3022 968 vos.
3058 888 3367 970 Misericors

173 977 349 1050 μελείας
373 974 471 1046 γάρ
497 978 587 1029 καὶ
614 979 878 1048 ἐργασίας
905 980 1099 1052 καιρὸς
1138 983 1239 1035 ούκ
1274 981 1388 1035 ἔστι
1421 983 1558 1054 μετὰ
1582 984 1659 1055 τὴ·

1791 997 1938 1052 enim
1967 1007 2017 1053 et
2056 999 2344 1054 miseratur
2379 1000 2638 1058 Dominus
2674 1004 2846 1059 nescit
2885 1004 3364 1062 immisericordes.

170 1069 334 1124 ἐνθένδε
360 1067 664 1124 ἀποϐίωσιν.
705 1069 762 1123 Ὀ
784 1071 914 1140 γοῦν
926 1071 1129 1144 Κύριος
1154 1073 1301 1142 λέγει
1330 1075 1544 1137 αὐταῖς·
1567 1077 1659 1130 06:

1790 1086 2072 1154 Quomodo
2111 1091 2255 1144 enim
2298 1092 2589 1149 dissimiles
2629 1103 2686 1149 et
2721 1095 2926 1150 alienos
2970 1112 3000 1151 a
3049 1111 3108 1151 se
3147 1097 3367 1152 nosset?

166 1159 255 1216 οἶδα
277 1161 422 1231 ὑμᾶς.
459 1161 514 1213 Ὀ
545 1162 654 1232 γάρ
710 1164 1088 1236 φιλάνθρωπος
1147 1167 1242 1221 καὶ
1293 1167 1539 1239 ἐλεήμων
1583 1169 1659 1224 06:

1790 1176 1941 1234 Scito
1981 1179 2199 1252 insuper
2235 1198 2450 1238 omnem
2491 1185 2727 1239 animam
2776 1203 2805 1240 a
2848 1187 2956 1242 Deo
2995 1186 3199 1243 habere
3237 1187 3364 1243 illu-

166 1250 246 1306 οἶδε
271 1251 356 1315 τὰς
374 1251 756 1322 ἀνελεήμονας.
807 1256 932 1320 Πῶς
970 1256 1078 1327 γὰρ
1107 1259 1205 1319 τὰς
1236 1257 1528 1324 ἀλλοτρίας
1582 1259 1659 1312 αὐτ

1789 1271 2112 1326 strationem
2143 1283 2195 1327 et
2223 1273 2525 1344 lampadem
2551 1315 2567 1340 ,
2609 1286 2663 1332 et
2701 1291 2890 1332 omnes
2927 1294 3150 1348 surgere
3185 1280 3237 1334 in
3269 1295 3365 1334 oc-

163 1344 234 1398 τοῦ
281 1344 362 1396 καὶ
390 1343 676 1414 άνομοίας;
703 1345 944 1400 Γίνωσκε
982 1347 1040 1401 δὲ
1093 1349 1175 1402 ὅτι
1207 1351 1300 1403 καὶ
1352 1353 1503 1406 πᾶσα
1534 1351 1659 1424 ψυχί

1789 1373 2010 1416 cursum
2049 1361 2281 1418 Domini.
2321 1365 2523 1420 Omnes
2553 1367 2696 1420 enim
2733 1366 3042 1422 desiderant
3077 1382 3366 1424 occurrere

163 1437 368 1507 λαμπάδα
403 1437 492 1490 καὶ
534 1439 817 1509 φωτισμὸν
862 1441 926 1494 ὲκ
978 1441 1115 1495 Θεοῦ
1175 1442 1324 1512 ἔσχε,
1361 1446 1455 1499 καλ⁵
1508 1447 1659 1500 πάσα

1788 1460 1844 1506 et
1868 1452 2118 1525 conjungi
2159 1453 2304 1520 Deo,
2344 1458 2438 1512 sed
2471 1458 2578 1512 Deo
2606 1459 2766 1514 dante
2806 1440 3109 1528 lampadem
3147 1471 3201 1516 et
3241 1462 3366 1516 illu-

161 1529 410 1599 ἐγείρονται
460 1529 540 1592 είς
572 1532 900 1603 συνάντησιν
951 1533 1044 1586 τοῦ
1093 1536 1298 1605 Κυρίου
1323 1551 1336 1566 ⁸
1371 1539 1542 1592 πᾶσαι
1571 1539 1659 1612 γὰρ

1787 1545 2126 1610 strationem,
2158 1548 2448 1617 prudentes
2471 1550 2688 1620 quidem
2719 1552 2856 1608 bene
2877 1553 3155 1622 operando
3179 1554 3356 1609 oleum

159 1619 432 1690 ἐπιθυμοῦσι
461 1621 554 1674 τοῦ
600 1624 934 1695 συναντῆσαι
977 1627 1075 1680 καὶ
1128 1627 1470 1699 συναφθῆναι
1519 1629 1643 1702 Θεῷ

1789 1633 2108 1698 immittunt,
2140 1635 2300 1693 fatua:
2327 1619 2504 1694 autem
2535 1639 2720 1694 sinunt
2747 1619 3046 1710 lampadem
3074 1641 3191 1696 sine
3219 1641 3360 1697 oleo.

157 1714 263 1769 ἀλλά
281 1713 362 1768 τοῦ
385 1714 511 1768 Θεοῦ
533 1715 719 1780 δόντος
752 1719 1030 1788 φωτισμὸν
1069 1721 1163 1773 καὶ
1190 1720 1470 1791 λαμπάδα,
1496 1724 1552 1778 αι
1576 1723 1659 1791 μὲι

1785 1722 2160 1781 Excluduntur
2192 1728 2356 1798 igitur
2387 1745 2492 1784 nou
2534 1730 2798 1787 habentes
2825 1732 2967 1787 bona
3013 1747 3198 1802 opera,
3231 1747 3363 1804 pru-

157 1806 362 1878 φρόνιμοι
387 1807 470 1860 διὰ
503 1807 608 1878 τῆς
657 1809 1026 1882 άγαθοεργίας
1059 1811 1444 1868 ἐπιϐάλλουσιν
1478 1814 1659 1872 ἔλαιον

1787 1823 1907 1884 pter
1931 1831 2050 1887 qua).
2082 1819 2400 1874 accenditur
2429 1820 2482 1875 in
2517 1821 2623 1876 illis
2652 1821 2833 1876 lumen
2856 1839 2876 1877 :
2910 1823 3012 1878 nisi
3041 1824 3185 1879 enim
3221 1824 3362 1878 bona

159 1900 200 1950 σί
237 1898 284 1950 δὲ
316 1899 489 1970 μωραὶ
513 1901 689 1956 ἐῶσαι
719 1904 819 1966 τὰς
866 1903 1157 1974 λαμπάδας
1184 1904 1490 1974 άνελαίους,
1537 1907 1659 1961 άπο·

1787 1923 1951 1978 opera
1982 1909 2266 1976 faciatnus.
2293 1913 2657 1984 exstinguitur
2683 1913 2862 1969 lumen
2890 1913 2986 1970 Dei
3020 1915 3075 1970 in
3111 1914 3288 1970 nobis.

164 1992 418 2060 κλείονται,
452 1995 531 2066 μὴ
565 1995 791 2066 ἔχουσαι
835 1997 1014 2068 ἀγαθὰ
1045 1998 1188 2069 ιργα
1227 1998 1298 2053 δι’
1324 1993 1403 2056 ὧν
1429 2001 1627 2072 ἀνάψει
1673 2001 1735 2058 τὸ
1767 2005 1826 2060 ὲν
1859 2007 2050 2070 αὐταῖς
2080 2005 2231 2078 φῶςο
2290 2008 2388 2062 ἐὰν
2411 2007 2520 2082 γὰρ
2571 2009 2647 2081 μὴ
2675 2009 2746 2064 τὰ
2778 2009 2922 2064 καλὰ
2971 2010 3360 2082 ἐργαζώμεθα,

151 2088 410 2158 ὲσϐέσαμεν
438 2088 496 2142 τὸ
529 2089 588 2142 ὲν
619 2091 751 2159 ἡμῖν
783 2091 899 2160 φῶς
931 2091 1026 2145 τοῦ
1053 2092 1213 2147 Θεοῦ.

204 2200 222 2232 t
247 2181 432 2252 Ὠσπερ
462 2180 580 2252 γὰρ
623 2181 910 2252 ἄνθρωπος
949 2185 1271 2256 ἀποδημῶν,
1297 2185 1520 2241 ἐκάλεσε
1547 2189 1659 2252 τοὺς

1857 2191 2020 2246 Vsus.
2052 2190 2235 2246 u-I9.
2277 2208 2298 2244 ι
2337 2189 2490 2248 Sicut
2517 2193 2662 2248 enim
2694 2193 2856 2250 homo
2888 2195 3106 2265 quidam
3137 2213 3364 2272 peregre

151 2273 276 2341 ίᾷἱους
303 2272 537 2338 δούλους,
568 2273 663 2328 καὶ
689 2275 1007 2346 παρέδωκεν
1043 2277 1230 2342 αὐτοῖς
1262 2278 1332 2332 τὰ
1355 2279 1659 2350 ὑπάρχοντα

1782 2281 2170 2354 proﬁciscens,
2214 2285 2428 2339 vocavit
2484 2299 2674 2340 servos
2715 2300 2844 2342 suos
2891 2296 2947 2343 et
2986 2289 3210 2346 tradidit
3253 2291 3372 2347 illis.

146 2363 294 2428 αὑτοῦ,
321 2363 407 2417 καὶ
429 2355 471 2431 ᾧ
498 2365 608 2434 μὲν
663 2365 831 2419 ἔδωκε
867 2366 1029 2420 πέντε
1055 2368 1312 2434 τάλαντα,
1343 2363 1388 2438 ᾧ
1408 2370 1465 2423 δὲ
1492 2371 1606 2437 δύο,
1631 2364 1659 2440 (ἶ

1780 2375 1921 2432 bona
1949 2390 2068 2440 sua,
2089 2385 2147 2430 et
2176 2376 2303 2430 huic
2325 2378 2542 2447 quidem
2569 2379 2716 2434 dedit
2737 2380 2981 2452 quinque
3010 2382 3232 2450 talenta,
3265 2384 3358 2440 alii

145 2455 188 2508 δὲ
214 2455 280 2519 ἓν,
305 2454 504 2525 ἑκάστῳ
537 2456 678 2508 κατὰ
707 2456 805 2527 τὴν
847 2456 986 2510 ίδίαν
1029 2457 1263 2528 δύναμιν
1283 2501 1298 2524 ,
1344 2461 1438 2514 καὶ
1465 2463 1659 2532 άπεδή·

1779 2475 1960 2522 autem
1993 2468 2131 2534 duo,
2179 2468 2271 2522 alii
2319 2482 2446 2524 vero
2478 2485 2680 2538 unum,
2728 2472 3018 2544 unicuique
3060 2476 3356 2530 secundum

146 2563 281 2618 μησεν
309 2548 531 2612 εὐθέως-
562 2549 854 2621 Πορευθεὶς
881 2551 937 2605 δὲ
962 2553 990 2606 6
1019 2552 1088 2606 τὰ
1115 2553 1277 2607 πέντε
1315 2555 1553 2610 τάλαντα
1575 2557 1659 2610 λα-

1780 2559 2058 2629 propriam
2091 2560 2424 2627 facultatem,
2461 2573 2514 2616 et
2551 2563 2827 2631 profectus
2859 2574 2944 2622 est
2973 2567 3180 2622 statim.
3211 2569 3360 2623 Abiit

143 2639 243 2707 ὁὼν,
267 2641 556 2710 είργάαατο
579 2644 638 2696 ὲν
661 2643 868 2710 αὐτοῖς,
911 2646 1007 2699 καὶ
1057 2646 1313 2717 εποίησεν
1339 2646 1475 2701 ἄλλα
1508 2649 1659 2706 πέντε

1777 2657 1961 2702 autem
1990 2648 2082 2720 qui
2127 2649 2368 2720 quinque
2418 2653 2616 2707 talenta
2653 2667 2968 2724 acceperat,
3011 2667 3064 2713 et
3096 2668 3358 2729 Operatus

138 2734 358 2788 τάλαντα·
386 2733 662 2799 ὡσαύτως
702 2737 797 2790 καὶ
823 2739 852 2790 6
893 2738 961 2804 τά
991 2737 1106 2807 δύο,
1147 2740 1410 2812 ἐκέρδησε
1448 2742 1544 2795 καὶ
1568 2742 1659 2796 αὑ-

1775 2750 1858 2797 est
1887 2741 1938 2795 in
1972 2742 2051 2797 eis
2073 2783 2088 2810 ,
2121 2750 2177 2798 et
2219 2745 2454 2800 coniecit
2499 2746 2674 2801 altera
2707 2747 2966 2819 quinque.
3010 2749 3274 2807 Similiter
3303 2759 3360 2806 ct

139 2823 206 2886 τὸς
219 2824 332 2878 ἄλλα
353 2824 439 2878 δύο
457 2841 471 2857 ο
530 2825 560 2879 6
605 2825 663 2880 δὲ
693 2827 753 2880 τὸ
782 2826 841 2880 ἓν
869 2828 1072 2895 λαϐὼν,
1104 2830 1354 2885 ἀπελθὼν
1379 2831 1586 2905 ὤρυξεν
1613 2834 1659 2890 Et

1776 2833 1866 2903 qui
1892 2833 2002 2888 duo
2033 2844 2340 2903 acceperat,
2381 2837 2623 2893 lucratus
2657 2849 2743 2894 est
2773 2848 2826 2894 et
2863 2840 2978 2910 ipse
3007 2841 3114 2896 duo
3137 2841 3311 2897 altera
3337 2859 3352 2896 :

135 2917 184 2983 τῇ
208 2918 284 2986 γῇ,
307 2917 393 2970 καὶ
415 2916 713 2990 suum:
742 2919 803 2972 τὸ
837 2921 1100 2993 ἀργύριον
1124 2923 1221 2977 τοῦ
1262 2926 1454 2996 κυρίου
1479 2926 1659 2984 αὑτοῦ.

1775 2927 1868 2996 qui
1896 2936 2074 2982 autem
2105 2943 2269 2983 unum
2309 2940 2616 3001 acceperat,
2648 2932 2838 2986 abiens
2869 2933 3002 2988 fodit
3039 2935 3091 2988 in
3129 2943 3353 3000 terram,

137 3005 253 3059 Μετὰ
285 3006 334 3058 δὲ
365 3008 565 3078 χρόνον
625 3009 816 3075 πολὺν,
852 3011 1072 3083 ἔρχεται
1106 3016 1134 3068 6
1180 3014 1371 3085 κύριος
1408 3017 1518 3071 τῶν
1545 3019 1659 3073 δού-

1774 3027 1830 3073 et
1867 3019 2152 3074 abscondit
2195 3021 2480 3090 pecuniam
2531 3022 2734 3078 domini
2783 3024 2888 3079 sui.
2947 3022 3080 3080 Post
3124 3027 3352 3082 multum

134 3098 217 3148 λων
232 3099 454 3166 ἐκείνων,
489 3102 599 3157 καὶ
625 3104 871 3176 συναίρει
897 3105 1015 3176 μετ’
1038 3107 1216 3162 αὐτῶν
1232 3109 1410 3178 λόγον.
1435 3129 1456 3164 s
1485 3111 1659 3166 Εἰπὼν

1775 3130 1906 3170 vero
1942 3117 2204 3186 temporis
2238 3119 2384 3174 venit
2419 3119 2674 3176 dominus
2706 3135 2988 3177 servorum
3025 3120 3261 3186 illorum,
3298 3132 3354 3177 et

134 3187 218 3240 ἄνω
244 3190 315 3242 ὅτι
350 3191 459 3246 Ούκ
483 3193 678 3248 οἴδατε
716 3195 815 3266 τὴν
840 3199 1055 3270 ἡμέραν
1080 3201 1166 3254 ὅτε
1204 3201 1324 3272 ἥξει
1379 3203 1409 3254 6
1439 3203 1659 3276 Κύριος,

1771 3197 1923 3278 ponit
1959 3209 2222 3264 rationem
2251 3225 2373 3265 cum
2430 3211 2531 3268 eis.
2558 3229 2578 3263 ι
2608 3211 2740 3267 Cum
2773 3214 2998 3269 dixisset
3021 3229 3182 3283 supra
3210 3214 3351 3282 quod

131 3283 405 3352 προστίθησι
425 3287 535 3340 καὶ
563 3287 662 3359 τὴν
690 3289 1004 3362 παραϐολὴν
1034 3292 1266 3365 ταύτην,
1293 3295 1554 3350 δεικνύων
1586 3298 1659 3351 ὅτι

1772 3298 2045 3354 nesciatur
2065 3301 2181 3356 dies
2203 3301 2418 3371 quando
2447 3312 2706 3360 venturus
2727 3305 2797 3360 sit
2818 3305 3104 3370 Dominus,
3131 3307 3353 3378 apponit

1767 3399 1824 3444 et
1853 3391 2160 3459 parabolam
2195 3391 2356 3458 hanc,
2390 3396 2688 3452 ostendens
2719 3398 2861 3468 quod
2901 3407 3118 3469 repente
3155 3409 3349 3454 ventu-

1772 3496 1864 3536 rus
1894 3482 1986 3536 sit.
2026 3481 2180 3539 Sicut
2211 3487 2354 3539 enim
2388 3485 2553 3542 homo
2599 3503 2826 3559 peregre
2854 3489 3236 3561 proﬁciscens,
3272 3491 3348 3547 ita

1768 3585 1824 3628 et
1850 3573 2105 3631 dominus
2142 3577 2362 3632 vocavit
2403 3593 2593 3634 servos
2619 3595 2746 3636 suos
2787 3589 2840 3637 et
2882 3583 2998 3638 haec
3044 3592 3206 3654 atque
3242 3584 3346 3638 ista

1769 3666 2063 3742 commisit.
2118 3666 2352 3738 Peregre
2401 3679 2582 3724 autem
2633 3670 2909 3741 proﬁcisci
2965 3671 3198 3739 dicitur,
3250 3674 3344 3744 qui

1769 3774 1989 3834 propter
2026 3779 2122 3820 nos
2161 3763 2332 3821 factus
2371 3775 2454 3820 est
2497 3766 2661 3821 homo
2701 3765 2986 3834 Christus,
3028 3767 3109 3822 vel
3143 3784 3344 3825 secun-

1769 3853 1895 3908 dutn
1945 3853 2087 3923 quod
2128 3855 2374 3910 ascendit
2412 3855 2466 3910 in
2509 3857 2713 3927 caelos,
2741 3857 2825 3912 vel
2867 3859 3163 3914 secundum
3202 3863 3346 3930 quod

1770 3947 2093 4017 Ionganimis
2123 3956 2207 4002 est
2245 3955 2302 4003 et
2337 3962 2444 4002 non
2487 3949 2670 4003 statim
2707 3946 2876 4018 exigit
2913 3963 3071 4020 opus,
3107 3949 3202 4004 sed
3245 3965 3346 4005 ex-

1768 4048 1998 4109 spectat.
2035 4038 2190 4094 Servi
2228 4048 2408 4095 autem
2445 4039 2589 4095 illius
2635 4041 2834 4110 quibus
2865 4040 3231 4097 concreditum
3261 4049 3346 4098 est

1769 4130 2039 4188 sermonis
2098 4131 2498 4196 ministerium,
2553 4139 2614 4186 ut
2662 4132 2948 4202 episcopi,
2999 4133 3340 4201 sacerdotes,

130 3399 368 3467 αίφνιδιως
411 3398 736 3451 ἐλεύσεται·
781 3397 984 3452 ὡσανεὶ
1012 3397 1122 3470 γὰρ
1152 3399 1440 3470 ἄνθρωπος
1465 3401 1671 3470 ἀποδη-

130 3491 241 3560 μῶν,
266 3493 399 3546 οὔτω
418 3492 482 3557 δὴ
529 3492 628 3544 καὶ
651 3493 680 3545 6
711 3490 898 3562 κύριος
940 3493 1170 3548 ἐκάλεσε
1200 3495 1326 3560 τοὺς
1359 3496 1523 3560 ίδίους
1545 3497 1669 3551 δού-

126 3579 349 3647 λους,καὶ
389 3582 530 3638 τάδε
575 3583 670 3638 καὶ
696 3583 824 3638 τάδε
852 3585 1036 3648 αὐτοῖς
1065 3584 1292 3642 διέθετο.
1339 3588 1668 3660 Ἀποδημετν

125 3674 197 3727 τίν
220 3674 418 3741 λέγεται
451 3677 480 3729 6
507 3674 584 3728 δι’
608 3675 758 3747 ἡμᾶς
781 3674 1070 3746 γενόμενος
1099 3677 1386 3748 ἄνθρωπος
1409 3681 1666 3750 Χριστὸς,

125 3763 150 3830 ἦ
179 3764 294 3816 καθὸ
329 3766 496 3834 ἀνέϐη
541 3765 620 3828 είς
643 3765 984 3836 οὐρανοὺς,ἢ
1019 3765 1154 3820 καθὸ
1180 3770 1542 3840 μακροθυμεῖ,
1571 3770 1668 3824 καὶ

120 3856 199 3908 ούκ
224 3855 366 3918 εὐθὺς
399 3857 635 3910 άπαιτεῖ
655 3856 756 3928 τὴν
775 3857 1055 3928 ἐργασίαν,
1071 3857 1186 3911 ἀλλ’
1214 3859 1500 3929 ἀναμένει.
1531 3859 1668 3914 Δοῦ-

121 3946 186 3998 λοι
218 3947 268 3999 δὲ
294 3948 477 4012 αὑτοῦ,
543 3950 591 4000 οἱ
621 3946 720 4018 τὴν
744 3947 837 4002 τοῦ
867 3949 1025 4017 λόγου
1045 3949 1321 4006 διακονίαν
1368 3968 1668 4007 πεπιστευ-

121 4039 259 4107 μένοι,
289 4034 394 4095 οἶον
414 4040 728 4110 ἀρχιερεῖς,
755 4039 936 4110 ἱερεῖς,
955 4040 1210 4108 διάκονοι,
1229 4044 1323 4096 καὶ
1352 4044 1666 4114 χαρίσματα

119 4132 424 4200 πλευματικά
452 4130 804 4194 λαϐὸντες,οί
840 4131 938 4200 μὲν
971 4131 1216 4201 μείζονα,
1234 4135 1282 4186 oi
1300 4133 1356 4187 δὲ
1385 4125 1664 4203 ἐλάττονα,

46 4293 52 4307 ι
114 4218 305 4284 ἕκαστος
331 4222 470 4275 κατὰ
515 4221 616 4292 τὴν
657 4221 793 4274 ίδίαν
819 4222 1074 4292 δύναμιν,
1120 4225 1391 4292 τουτέστι,
1425 4229 1566 4282 κατὰ
1605 4230 1668 4284 τὸ

117 4312 282 4381 μέτρον
313 4316 407 4384 τῆς
439 4315 686 4374 πίστεως
713 4312 918 4381 καὶτῆς
949 4313 1294 4383 καθάρσεως,
1336 4316 1423 4370 Ἐν
1453 4319 1562 4390 γὰρ
1589 4318 1666 4389 τῷ

109 4404 286 4475 ἀγγείῳ
316 4399 358 4472 ᾦ
386 4405 551 4458 δώσω
577 4405 686 4474 ἐγὼ
705 4405 783 4474 τῷ
802 4404 941 4474 Θεῷ,
976 4408 1034 4459 ὲν
1066 4407 1259 4478 ἐκείνῳ
1293 4410 1541 4463 ἐπιϐαλεί
1569 4428 1661 4482 μοι

1768 4225 1980 4280 diaconi
2009 4233 2061 4278 et
2080 4225 2397 4294 spiritualia
2442 4225 2581 4279 dona
2606 4224 2934 4295 accipientes
2954 4242 2973 4278 :
3015 4224 3090 4279 illi
3120 4226 3337 4295 quidem

1767 4315 1942 4386 plura,
1970 4316 2024 4370 hi
2057 4330 2186 4374 vero
2214 4315 2447 4381 minora,
2485 4314 2856 4386 unusquisque
2881 4316 3179 4372 secundmn
3213 4330 3343 4386 pro-

1767 4409 1939 4477 priam
1983 4407 2324 4475 facultatem,
2375 4407 2480 4464 hoc
2523 4417 2637 4473 est,
2681 4408 2977 4464 secundum
3030 4423 3341 4463 mensuram

109 4496 188 4565 τὴν
209 4497 407 4570 δωρεάν
427 4497 632 4552 αὑτοῦ·
665 4501 713 4552 εί
747 4500 944 4570 μικρὸν
964 4499 1140 4565 δώσω,
1170 4501 1379 4570 ὀλίγην,
1413 4502 1462 4554 εί
1493 4503 1658 4571 μέγα,

1767 4498 1890 4553 ﬁdei
1921 4508 1973 4554 et
1999 4497 2408 4568 puriﬁcationis.
2439 4496 2494 4553 In
2523 4514 2618 4554 vas
2643 4500 2784 4555 enim
2816 4499 2959 4570 quod
2985 4514 3086 4570 ego
3109 4501 3341 4556 daturus

107 4587 298 4659 πολλήν.
353 4590 580 4653 Εὐθέως
627 4589 687 4643 δὲ
748 4591 776 4644 6
841 4592 910 4644 τὰ
945 4590 1106 4643 πέντε
1155 4591 1392 4645 τάλαντα
1453 4591 1656 4658 λαϐὼν,

106 4678 325 4733 ἀπελθὼν
346 4682 668 4753 εἰργάσατο.
694 4682 838 4753 Ὅρα
857 4680 956 4752 τὴν
981 4681 1292 4752 ὲντρέχειαν
1322 4682 1508 4746 αὐτοῦ,
1543 4684 1658 4749 πῶς

103 4771 228 4823 ούδὲν
256 4773 560 4843 ἠμέλησεν,
585 4772 701 4828 ἀλλ’
718 4772 920 4836 εὐθέως
941 4773 1259 4844 είργάσατο,
1286 4773 1658 4839 διπλασιάζων

102 4861 339 4918 δέλαϐεν.
379 4865 448 4943 'Q
469 4866 581 4933 γὰρ
614 4864 688 4933 μὴ
725 4863 885 4932 μόνον
917 4863 1108 4918 ἑαυτὸν
1137 4862 1385 4932 ὠφελῶν,
1421 4863 1531 4916 εἴτε
1567 4863 1657 4916 λόο

99 4970 178 5019 γον
217 4955 344 5027 ἔχοι,
400 4957 516 5009 εἴτε
551 4955 806 5020 πλοῦτον,
841 4957 950 5008 εῐτε
979 4955 1296 5010 δυναστείαν
1320 4955 1472 5025 παρὰ
1503 4955 1657 5027 βασιο

97 5043 273 5112 λεῦσιν,
311 5048 428 5100 εἴτε
467 5047 640 5116 άλλην
684 5045 906 5099 οἱανοῦν
949 5043 1180 5114 δύναμιν
1211 5044 1244 5114 ἢ
1275 5045 1494 5113 τέχνην,
1520 5043 1658 5097 ἀλλὰ

96 5138 412 5208 καὶέτέρους
440 5138 618 5192 θέλων
643 5137 896 5207 ὠφελεῖν,
931 5136 960 5188 6
1015 5135 1254 5198 τοιοῦτος
1307 5136 1654 5201 διπλασιάζει

91 5229 142 5280 τδ
162 5231 304 5283 δοθὲν
334 5231 587 5301 αύτῷ.⁹0
616 5230 672 5284 δὲ
704 5228 888 5299 χώσας
919 5227 981 5282 τὸ
1011 5229 1292 5294 τάλαντον,
1325 5229 1474 5282 ἐστὶν
1496 5231 1523 5282 6
1555 5227 1654 5298 τῆς

89 5319 208 5394 ίδίις
231 5323 393 5392 μόνον
429 5322 703 5391 ὠφελείας
732 5321 1058 5393 φροντίζων,
1082 5322 1177 5376 καὶ
1209 5319 1286 5392 μὴ
1315 5321 1531 5392 καὶτῆς
1547 5319 1657 5375 τῶν

91 5409 272 5475 ἄλλων,
303 5413 366 5477 ὃς
395 5415 498 5469 καὶ
551 5413 962 5484 κατακρίνεται.
1006 5413 1166 5468 Ἀλλά
1202 5413 1296 5467 καὶ
1340 5413 1434 5466 ἐὰν
1467 5411 1648 5482 εὐφυῆ

88 5501 191 5574 “ne
217 5507 312 5559 καὶ
349 5506 659 5576 ἐπιτήδειον
705 5505 1014 5578 ἄνθρωπον,
1052 5507 1119 5577 τῇ
1143 5506 1345 5576 εὐφυΐᾳ
1378 5506 1457 5568 είς
1509 5523 1650 5575 πρα-

86 5599 336 5665 γματείας
375 5601 475 5654 καί
504 5599 814 5670 δολιότητις
839 5599 934 5654 καὶ
955 5601 1118 5670 γήϊνα
1148 5600 1450 5668 πράγματα
1475 5614 1650 5650 κατα-

84 5690 442 5759 χρησάμενον,
478 5689 566 5741 τδν
597 5689 835 5744 τοιοῦτον
867 5689 991 5744 εἰπὲ
1027 5687 1323 5761 κατορύξαι
1369 5687 1430 5740 τὸ
1457 5687 1651 5740 τάλαν-

84 5793 163 5830 τον
188 5777 265 5843 εἰς
292 5778 395 5849 τὴν
428 5777 558 5846 γῆν,
588 5779 890 5843 τουτέστιν,
923 5781 1000 5840 είς
1033 5781 1102 5830 τὰ
1133 5778 1229 5848 τῆς
1257 5779 1360 5849 γῆς
1395 5776 1652 5848 πράγμαο

389 5870 662 5931 ΓΑτιιοι..
709 5873 825 5930 Gn.
870 5871 1146 5934 CXXIII.

1765 4607 1882 4646 sum
1924 4591 2030 4645 Deo
2051 4631 2066 4658 ,
2098 4592 2150 4646 in
2188 4591 2316 4646 illud
2349 4592 2528 4647 mittet
2558 4592 2757 4647 donum
2790 4609 2944 4647 suum
2976 4611 2990 4648 :
3031 4591 3077 4646 si
3111 4607 3340 4663 parvum

1766 4681 2000 4747 dedero,
2038 4697 2261 4753 parvum
2294 4683 2443 4737 dabit
2477 4690 2532 4737 et
2561 4681 2677 4752 ipse
2705 4683 2903 4738 donum
2933 4700 2949 4737 :
2982 4683 3025 4736 si
3059 4699 3336 4752 maguum,

1766 4788 2019 4842 magnum
2050 4774 2162 4844 ipse
2191 4789 2409 4845 quoque
2436 4775 2602 4830 dabit.
2633 4774 2825 4831 Statim
2854 4787 3034 4830 autem
3059 4775 3148 4844 qui
3178 4774 3341 4843 quin-

1762 4876 1868 4932 que
1907 4862 2110 4916 talenta
2145 4873 2462 4930 acceperat,
2498 4864 2630 4918 abiit
2675 4875 2729 4919 et
2762 4875 3017 4934 operatus
3062 4874 3168 4918 est.
3207 4861 3338 4916 Vide

1763 4955 2102 5009 sedulitatem
2159 4955 2338 5020 illius,
2391 4956 2661 5026 quomodo
2713 4956 2846 5011 nihil
2909 4957 3184 5024 neglexit,
3239 4956 3334 5008 sed

1759 5047 1942 5100 statim
1977 5058 2232 5115 operatus
2267 5059 2349 5102 est
2385 5047 2666 5118 duplicans
2698 5047 2838 5114 quod
2888 5057 3190 5115 acceperat.
3228 5043 3332 5112 Qui

1760 5139 1903 5193 enim
1954 5153 2058 5192 non
2094 5138 2263 5193 solum
2297 5140 2399 5192 sibi
2435 5138 2533 5193 soli
2566 5139 2803 5206 prodest,
2840 5136 2953 5191 sive
2987 5137 3331 5204 prudentiam

1760 5227 1975 5291 habeat,
2002 5228 2113 5282 sive
2141 5228 2379 5292 divitias,
2407 5230 2517 5283 sive
2539 5225 2831 5296 putentiam
2863 5233 2915 5280 et
2947 5227 3330 5282 auctoritatem

1763 5317 1904 5387 apud
1949 5333 2125 5389 reges,
2169 5319 2280 5373 sive
2306 5333 2684 5387 quamcunque
2714 5317 2878 5373 aliam
2921 5317 3003 5373 vel
3039 5325 3209 5371 artem
3245 5316 3333 5372 vt-l

1757 5410 2089 5477 facultatem,
2123 5414 2215 5464 sed
2255 5421 2308 5466 et
2351 5412 2471 5466 aliis
2509 5410 2622 5465 vult
2670 5413 2964 5482 prodesse,
3013 5412 3058 5465 is
3091 5411 3331 5481 duplicat

1759 5505 1904 5574 quod
1955 5502 2055 5557 sibi
2101 5504 2283 5556 datum
2328 5509 2428 5559 est.
2485 5503 2586 5570 Qui
2630 5502 2794 5575 138
2840 5513 3022 5558 autem
3065 5504 3328 5558 talentum

1757 5592 1894 5649 fudit
1942 5595 1994 5648 iu
2045 5601 2282 5657 terram,
2331 5594 2378 5649 is
2421 5605 2506 5650 est
2543 5597 2635 5666 qui
2683 5576 3035 5650 suaa'tantum
3080 5595 3330 5651 utilitatis

1760 5699 1946 5740 curam
1977 5683 2161 5751 habet,
2189 5694 2243 5738 et
2270 5700 2378 5740 non
2413 5685 2664 5751 aliorum,
2701 5687 2792 5756 qui
2821 5693 2875 5741 et
2909 5687 3326 5742 condemnatur.

1761 5777 1899 5832 Etsi
1941 5777 2096 5832 bona:
2138 5777 2332 5835 mentis
2357 5786 2414 5834 et
2449 5778 2749 5836 studiosum
2791 5779 3067 5834 hominem
3095 5775 3324 5843 videbis,

2863 5869 2936 5932 14
