3968 6460
476 265 582 330 427

1336 263 1922 345 THEOPHYLACTI
1961 263 2376 327 BULGARUE
2417 265 2772 329 ARCIIIEP.

3593 288 3682 356 433

477 387 570 458 qui
613 383 830 458 ingenio
873 398 970 440 suo
997 382 1062 438 ad
1100 382 1524 455 negotiationes,
1577 384 1728 438 dolos
1755 394 1809 439 et
1841 393 2043 441 terrena

2161 401 2230 438 τα
2251 401 2266 416 ·
2303 371 2442 454 μετᾶ
2470 383 2525 437 δέ
2555 385 2746 456 χρόνον
2767 383 2933 439 πολὺν
2955 384 3174 457 ἔρχεται
3193 388 3219 442 ό
3235 389 3352 456 δοὺς
3371 392 3428 447 τὸ
3442 394 3694 471 ἀργύριον,

479 493 644 548 opera
684 476 949 540 abutitur,
990 475 1054 530 de
1101 473 1186 530 illo
1219 473 1370 528 dicas
1403 473 1546 543 quod
1578 473 1846 530 del‘oderit
1891 475 2059 538 talen-

479 580 588 624 tum
632 583 789 622 suum
831 566 931 623 sub
974 574 1153 631 terra,
1201 565 1303 620 hoc
1345 574 1462 632 est,
1511 564 1563 618 in
1614 573 1826 621 terrena
1870 581 2055 636 opera.

478 663 607 716 Post
651 661 878 716 multum
919 667 1098 714 autem
1147 658 1408 728 temporis
1453 657 1600 712 venit
1657 657 1910 714 dominus
1963 659 2057 730 qui

477 755 701 809 dederat
732 764 1019 825 argentum
1059 753 1141 809 vel
1177 753 1390 824 eloquia
1427 767 1543 807 sua.
1581 752 1874 823 Argentum
1911 752 2054 808 enim

478 846 604 912 igne
647 844 975 913 probatum,
1029 841 1245 912 eloquia
1302 841 1394 896 Dei
1442 842 1534 897 "z
1592 841 1675 896 vel
1735 841 2057 911 simpliciter

2171 477 2299 547 ῆτὰ
2333 477 2488 547 λόγια
2533 477 2726 532 αὐτοῦ·
2773 479 3036 552 ἀργύριον
3081 481 3188 549 γὰρ
3238 492 3617 562 πεπυρωμένον,
3641 499 3695 552 τὰ

2168 567 2264 621 τοῦ
2288 565 2424 621 Θεοῦ
2456 568 2635 638 λόγια,
2677 569 2709 640 ἢ
2741 569 2927 633 ἁπλῶς
2956 571 3066 623 πᾶν
3095 569 3274 625 ότιοῦν
3304 575 3554 646 χάρισμα,
3578 583 3694 655 λαμ-

2167 659 2305 732 πρὸν
2323 661 2418 714 καὶ
2436 659 2644 728 ἔνδοξον
2668 661 2854 714 ποιοῦν
2878 662 2966 716 τὸν
2991 661 3203 733 ἔχοντα,
3221 665 3468 736 ἀργύριον
3491 670 3693 748 λεχθείη,

2170 751 2282 806 Καὶ
2318 753 2560 824 συναίρει
2590 753 2747 823 λόγον
2801 754 3051 808 ἀπαιτῶν
3095 755 3188 810 κάι
3225 756 3558 830 λογοπραγῶν
3592 770 3697 833 τοὺς

2171 845 2460 910 λαϐόντας.

479 949 642 988 omne
678 934 876 988 donum
913 933 1058 1002 quod
1090 932 1296 987 clarum
1329 941 1386 987 et
1447 931 1717 1003 insignem
1757 932 1886 987 facit
1939 932 2250 1003 hominem,
2318 945 2601 1009 argentum
2651 936 2855 991 dictum
2897 945 3000 991 est.
3066 935 3133 991 Et
3175 917 3434 996 convocat
3485 941 3611 1010 illos,
3650 959 3698 1003 ut

484 1025 750 1076 rationem
778 1023 844 1077 ab
875 1021 961 1077 bis
989 1022 1078 1092 qui
1112 1022 1306 1077 talenta
1339 1031 1684 1093 acceperant,
1719 1023 1922 1080 audiat.

553 1111 717 1168 Vsus.
774 1112 964 1168 15-50.
1011 1131 1029 1165 ι
1077 1113 1141 1166 Ει
1176 1114 1438 1169 accedens
1483 1117 1530 1171 is
1581 1116 1670 1185 qui
1708 1116 1944 1186 quinque
1986 1126 2064 1172 ta-

479 1209 622 1260 lenta
648 1215 952 1276 acceperat,
983 1206 1162 1261 attulit
1187 1207 1288 1260 alia
1315 1208 1555 1277 quinque
1581 1207 1802 1275 talenta,
1833 1209 2019 1266 dicens
2044 1229 2057 1266 :

477 1299 730 1365 Domine,
762 1298 1000 1369 quinque
1030 1297 1228 1354 talenta
1262 1298 1529 1352 tradidisti
1555 1299 1707 1366 mihi,
1735 1315 1863 1356 ecce
1890 1302 2060 1357 altera

481 1386 720 1462 quinque
747 1391 946 1445 talenta
987 1389 1231 1444 lucratus
1259 1403 1378 1444 sum
1409 1404 1505 1459 per
1536 1403 1620 1446 ea.
1651 1391 1741 1445 Ait
1773 1391 1848 1446 illi
1875 1390 2059 1447 Domi-

481 1501 582 1538 nus
611 1465 770 1554 ejnsi
813 1484 977 1552 Euge,
1014 1497 1170 1538 serve
1205 1483 1342 1537 bone
1375 1492 1431 1536 et
1454 1481 1650 1550 ﬁdelis,
1690 1497 1854 1554 super
1882 1498 2053 1554 pauca

478 1575 627 1630 luisti
670 1575 878 1642 ﬁdelis,
923 1588 1084 1644 supra
1121 1572 1288 1629 multa
1324 1583 1376 1630 te
1415 1577 1779 1644 constituam,
1816 1576 1959 1632 intra
1996 1577 2051 1632 in

477 1667 727 1737 gaudium
766 1663 976 1721 Domini
1025 1665 1122 1720 tui.
1164 1664 1442 1722 Accedens
1489 1676 1666 1722 autem
1703 1669 1794 1738 qui
1836 1669 1942 1725 duo
1970 1677 2051 1724 la-

2243 1135 2262 1168 ι
2301 1115 2410 1170 Καὶ
2437 1113 2749 1186 προσελθὼν
2780 1117 2808 1168 6
2830 1116 2897 1168 τὰ
2920 1115 3079 1168 πέντε
3103 1114 3335 1171 τάλαντα
3367 1117 3533 1177 λαϐὼν
3555 1141 3698 1197 προσ.

2166 1210 2398 1281 ήνεγκεν
2433 1207 2569 1262 ἄλλα
2601 1207 2767 1261 πέντε
2804 1207 3066 1272 τάλαντα,
3111 1207 3312 1276 λέγων·
3345 1210 3528 1284 Κύριε,
3561 1218 3697 1272 πέντε

2162 1299 2409 1355 τάλαντά
2453 1315 2543 1369 μοι
2595 1299 2958 1371 παρέδωκας·
2996 1301 3073 1355 ἴδε
3126 1299 3262 1355 ἄλλα
3294 1303 3448 1358 πέντε
3494 1307 3698 1366 τάλαντα

2161 1391 2432 1463 ἐκέρδησα
2483 1390 2572 1446 ἐπ’
2629 1392 2833 1456 αὐτοῖς.
2872 1387 3015 1463 Ἐιρη
3047 1391 3200 1463 αὐτῷ
3253 1395 3281 1447 6
3312 1395 3504 1466 Κύριος
3531 1384 3693 1454 αὐτοῦ·

2159 1482 2262 1548 Εὖ,
2293 1481 2446 1537 δοῦλε
2479 1483 2651 1553 ἀγαθέ
2674 1483 2768 1538 καὶ
2802 1483 2980 1548 πιστέ,
3004 1484 3096 1537 ἐπὶ
3125 1485 3278 1554 ὀλίγα
3309 1481 3375 1558 ἧς
3399 1490 3590 1557 πιστὸς,
3620 1494 3697 1546 ἐπὶ

2163 1561 2372 1629 πολλῶν
2406 1591 2465 1628 σε
2506 1576 2837 1647 καταστήσω
2861 1592 2878 1608 ·
2923 1576 3131 1631 εἴσελθε
3164 1578 3245 1641 είς
3292 1578 3389 1651 τὴν
3435 1583 3595 1654 χαρὰν
3618 1587 3696 1640 τοῦ

2161 1667 2368 1740 Κυρίου
2400 1683 2518 1722 σου.
2555 1667 2877 1738 Προσελθὼν
2911 1668 2967 1722 δὲ
3001 1669 3094 1723 καὶ
3117 1671 3144 1723 ό
3165 1671 3233 1725 τὰ
3265 1669 3357 1724 δύο
3384 1673 3600 1728 τάλαντα
3619 1677 3696 1729 λαα

475 1760 620 1812 lonia
668 1767 986 1829 acceperat,
1023 1760 1097 1812 ait
1131 1775 1144 1812 :
1193 1757 1420 1814 Domine
1445 1799 1460 1824 ,
1493 1759 1598 1814 duo
1642 1759 1844 1814 talenta
1887 1759 2043 1816 tradi-

2159 1757 2291 1824 ϐὼν,
2323 1756 2465 1813 εἷπε·
2521 1757 2717 1831 Κύριε,
2752 1759 2846 1813 δύο
2874 1760 3113 1816 τάλαντά
3154 1779 3243 1832 μοι
3282 1764 3599 1833 παρέδωκας,
3634 1769 3694 1821 ῐὸε

475 1851 600 1907 disti
635 1852 787 1917 mibi,
819 1865 946 1907 ecce
983 1851 1085 1904 alia
1125 1850 1231 1905 duo
1274 1851 1514 1906 lucratus
1542 1865 1662 1906 sum
1705 1865 1801 1922 per
1842 1865 1928 1906 ea.
1963 1851 2054 1908 Ait

477 1945 549 1999 illi
569 1943 828 1999 Dominus
852 1940 970 2010 ejus
995 1959 1009 1998 :
1046 1942 1209 2011 Euge,
1240 1957 1395 1998 serve
1421 1943 1558 1998 bone
1586 1952 1640 1998 et
1670 1941 1864 2010 ﬁdelis,
1892 1958 2054 2014 super

474 2052 643 2107 pauca
666 2035 814 2090 luisti
844 2033 1036 2100 ﬁdelis,
1066 2048 1229 2104 supra
1261 2036 1424 2089 multa
1459 2043 1510 2090 te
1531 2037 1882 2103 constituam,
1909 2036 2050 2091 intra

475 2131 527 2185 in
555 2127 805 2198 gaudium
832 2124 1042 2181 Domini
1069 2127 1162 2181 tui.
1187 2125 1464 2182 Accedens
1487 2136 1666 2183 autem
1694 2137 1748 2183 et
1775 2128 1863 2198 qui
1887 2143 2050 2183 unum

477 2221 737 2276 talentum
774 2227 1078 2287 acceperat,
1104 2216 1178 2271 ait
1207 2234 1221 2272 :
1254 2215 1503 2282 Domine,
1536 2231 1790 2272 noveram
1825 2227 1878 2272 te
1905 2217 2050 2287 quod

476 2313 636 2366 homo
665 2311 831 2365 durus
862 2307 959 2377 sis,
993 2317 1202 2364 metens
1239 2307 1330 2363 ubi
1359 2323 1464 2363 non
1501 2309 1808 2375 seminasti,
1845 2317 1898 2363 et
1925 2310 2047 2363 inde

475 2417 806 2470 congregans
839 2399 928 2456 ubi
966 2415 1070 2455 non
1098 2400 1366 2471 sparsisti,
1397 2415 1461 2456 ac
1497 2402 1720 2457 territus
1749 2400 1878 2465 abii,
1913 2401 2048 2455 abs-

474 2495 739 2565 condiqne
787 2492 1046 2548 talentum
1099 2501 1249 2548 tuum
1306 2492 1360 2547 iu
1419 2503 1564 2548 terra
1631 2513 1644 2548 :
1699 2508 1826 2548 ecce
1881 2493 2048 2549 habes

473 2585 615 2656 quod
663 2595 809 2640 tuum
833 2593 934 2640 est.
980 2581 1331 2654 Respondens
1371 2595 1550 2640 autem
1597 2584 1856 2640 Dominus
1904 2585 2041 2654 ejus,

473 2679 611 2731 dixit
641 2677 722 2731 ei:
758 2675 926 2732 Serve
965 2676 1103 2732 male
1135 2684 1190 2732 et
1217 2676 1388 2746 piger,
1417 2676 1628 2731 sciebas
1667 2677 1810 2746 quod
1848 2684 2046 2732 metam

474 2770 562 2825 ubi
587 2785 690 2824 non
712 2769 995 2831 seminavi,
1014 2776 1066 2823 et
1089 2782 1409 2839 congregem
1429 2767 1580 2822 illinc
1602 2767 1693 2822 ubi
1720 2783 1824 2822 non
1847 2769 2044 2838 sparsi:

470 2859 706 2932 opo’rtuit
724 2875 854 2930 ergo
876 2868 928 2916 te
951 2861 1290 2915 committere
1316 2857 1602 2929 pecuniam
1629 2872 1804 2914 meam
1829 2875 2049 2916 mensa-

473 2951 602 3016 riis,
633 2960 686 3007 et
716 2951 940 3007 veniens
971 2965 1070 3021 ego
1103 2949 1427 3020 recepissem
1464 2949 1649 3020 utique
1682 2948 1831 3020 quod
1864 2964 2045 3006 meum

473 3055 558 3100 est
601 3058 721 3098 cum
766 3057 951 3099 usura.
999 3041 1192 3097 Tollite
1229 3043 1412 3112 itaque
1457 3041 1523 3096 ab
1556 3056 1620 3097 eo
1659 3041 1955 3108 talentum,
1991 3049 2046 3098 et

2153 1849 2289 1906 ἄλλα
2309 1849 2402 1903 δύο
2433 1851 2673 1904 τάλαντα
2697 1851 2963 1922 ἐκέρδησα
2993 1853 3082 1905 ἐπ’
3105 1852 3313 1918 αὐτοῖς.
3347 1855 3488 1925 Ἔφη
3523 1857 3650 1927 αὐτῷ
3672 1860 3699 1915 6

2151 1942 2358 2014 Κύριος
2385 1941 2550 1996 αὑτοῦ
2575 1957 2589 1972 ⁸
2625 1941 2720 2006 Εὖ,
2749 1943 2902 1996 δοῦλε
2935 1943 3104 2013 ἀγαθὲ
3132 1945 3228 1999 καὶ
3252 1946 3429 2011 πιστὲ,
3458 1950 3542 2002 ἐπὶ
3564 1949 3696 2020 ὀλίγα

2149 2029 2220 2106 ἦς
2243 2034 2456 2100 πιστὸς,
2511 2035 2606 2088 ἐπὶ
2665 2035 2875 2087 πολλῶν
2914 2053 2974 2088 σε
3007 2037 3342 2108 καταστήσω
3366 2054 3380 2069 ·
3417 2039 3605 2092 εἴσελθε
3631 2044 3696 2106 είς

2151 2125 2252 2198 τὴν
2282 2126 2459 2198 χαρὰν
2504 2124 2596 2178 τοῦ
2631 2126 2834 2196 Κυρίου
2877 2145 2996 2181 σου.
3037 2126 3363 2198 Πρεσελθὼν
3395 2129 3450 2183 δὲ
3488 2131 3573 2184 καὶ
3595 2133 3620 2185 6
3644 2133 3697 2186 τδ

2147 2218 2500 2274 ἓντάλαντον
2555 2217 2814 2290 εἰληφὼς,
2876 2213 3023 2272 εἶπε·
3085 2219 3295 2292 Κύριε,
3331 2221 3495 2290 ἔγνων
3543 2240 3596 2276 σε
3627 2227 3695 2278 ὅτι

2153 2309 2390 2381 σκληρὸς
2428 2304 2481 2362 εῐ
2507 2307 2816 2380 ἄνθρωπος,
2862 2308 3092 2382 θερίζων
3139 2311 3276 2364 ὃπου
3319 2311 3417 2366 οὐκ
3443 2312 3694 2384 ἔσπειρας,

2150 2401 2246 2455 καὶ
2277 2399 2524 2470 συνάγων
2555 2400 2676 2454 ὄθεν
2722 2400 2784 2454 οὐ
2810 2399 3204 2472 διεσκόρπισας
3230 2441 3245 2467 ,
3303 2403 3400 2456 καὶ
3449 2404 3694 2473 φοϐηθεὶς,

2149 2491 2400 2548 ἀπελθὼν
2431 2489 2645 2564 ἐκρυιίῖα
2669 2491 2730 2545 τὸ
2757 2492 3021 2546 τάλαντόν
3052 2509 3147 2546 σου
3173 2493 3235 2548 ἐν
3265 2496 3330 2566 τῇ
3355 2497 3443 2565 γῇ·
3480 2495 3549 2549 [δε
3575 2494 3697 2565 έχεις

2147 2585 2210 2640 τὸ
2247 2585 2359 2642 σόν.
2400 2584 2747 2655 Ἀποκριθεὶς
2765 2584 2822 2638 δέ
2851 2587 2880 2639 6
2903 2583 3108 2658 Κύριος
3147 2587 3340 2653 αὐτοῦ,
3369 2581 3516 2639 είπεν
3537 2588 3693 2656 αὐτῷ·

2148 2675 2361 2747 Πονηρέ
2407 2674 2563 2728 δοῦλε
2589 2675 2686 2728 καὶ
2740 2674 2940 2746 όκνηρέ
2971 2715 2987 2740 ,
3027 2675 3174 2746 ᾔδεις
3231 2677 3314 2730 ὅτι
3346 2676 3539 2746 θερίζω
3585 2679 3696 2729 ima

2152 2768 2254 2822 οὐκ
2317 2767 2567 2838 ἔσπειρα,
2597 2768 2692 2822 καὶ
2720 2767 2939 2836 συνάγω
2961 2767 3085 2821 ὅθεν
3117 2767 3178 2822 οὗ
3211 2768 3580 2840 διεσκόρπισα·
3607 2768 3694 2822 ἔδει

2147 2856 2242 2915 οὖν
2274 2875 2333 2913 σε
2363 2859 2545 2932 βαλεῖν
2569 2859 2631 2913 τὸ
2664 2858 2927 2930 ἀργύριόν
2946 2876 3052 2930 μου
3084 2864 3197 2924 τοῖς
3229 2859 3594 2932 τραπεζίταις,
3618 2858 3696 2912 καὶ

2148 2951 2322 3008 ἐλθὼν
2353 2951 2463 3022 ἐγὼ
2483 2951 2832 3023 ἐκομισάμην
2853 2950 2920 3004 ἂν
2956 2950 3017 3005 τὸ
3045 2949 3177 3020 ἐμὸν
3213 2952 3312 3005 σὺν
3344 2952 3485 3022 τόκῳ
3505 2967 3518 2982 ⁸
3549 2950 3694 3020 ἄρατε

2148 3042 2243 3098 οὖν
2269 3043 2364 3097 ἀπ’
2397 3042 2562 3097 αὐτοῦ
2610 3043 2670 3095 τὸ
2704 3042 2985 3108 τάλαντον,
3037 3044 3131 3096 καὶ
3179 3042 3306 3097 δότε
3358 3043 3433 3114 τῷ
3457 3041 3696 3112 ἕχοντιτὰ

473 3133 598 3190 date
626 3134 676 3189 ei
701 3133 792 3205 qui
813 3135 975 3189 habet
1000 3135 1187 3189 decem
1213 3099 1434 3190 talenta.
1461 3131 1622 3190 Omni
1648 3135 1791 3188 enim
1823 3133 2040 3190 habenti

2146 3136 2277 3189 δέκα
2309 3135 2572 3190 τάλαντα.
2605 3135 2697 3206 Τῷ
2731 3135 2840 3205 γὰρ
2872 3099 3048 3205 ἔχοντι
3099 3135 3266 3188 παντὶ
3296 3099 3589 3204 δοθησεέαι,
3616 3135 3696 3187 καὶ

470 3227 709 3294 dabitur,
750 3236 804 3283 et
831 3227 1124 3282 abundabit
1155 3244 1170 3283 :
1221 3227 1311 3299 qui
1341 3241 1474 3282 vero
1504 3240 1612 3282 non
1641 3225 1836 3294 habet,
1877 3226 2042 3282 etiam

469 3319 614 3390 quod
657 3318 819 3374 liabet
856 3319 1134 3373 auleretur
1175 3319 1244 3374 ab
1287 3332 1371 3373 eo.
1421 3316 1488 3372 Et
1537 3316 1779 3373 inutilem
1827 3332 2041 3373 servum

470 3410 648 3481 ejicite
689 3410 743 3464 in
779 3410 1033 3467 tenebras
1084 3409 1425 3477 exteriores;
1482 3408 1592 3464 illic
1643 3409 1747 3463 erit
1792 3407 1949 3465 ﬂetus
1990 3419 2046 3465 et

468 3501 672 3557 stridor
699 3502 961 3558 dentium.
997 3520 1016 3554 ι
1050 3500 1222 3556 Ambo
1251 3500 1302 3556 bi
1336 3502 1427 3572 qui
1467 3501 1519 3556 in
1557 3501 1886 3556 concreditis
1916 3516 2047 3572 ope.

471 3603 689 3661 rantur,
731 3595 1024 3650 laudantur
1053 3611 1082 3649 a
1133 3594 1358 3650 domino
1401 3594 1591 3651 eodem
1637 3595 1834 3650 modo:
1872 3593 2038 3664 Euge,

467 3704 626 3744 serve
667 3688 804 3744 bone
852 3697 907 3744 et
947 3688 1140 3752 ﬁdelis,
1189 3697 1415 3757 uterque
1465 3689 1636 3743 audit.
1685 3686 1789 3742 Per
1837 3687 2039 3743 bonum

468 3791 646 3837 autem
708 3781 797 3837 hic
843 3781 1070 3836 omnino
1119 3780 1471 3851 intelligimus
1521 3781 1929 3837 misericordem
1985 3790 2039 3836 ct

466 3875 764 3942 liberalem,
791 3873 882 3944 qui
904 3890 1055 3929 suam
1081 3873 1378 3928 bonitatem
1401 3883 1454 3927 et
1483 3873 1744 3941 proximis
1776 3873 2034 3944 impartit.

425 3965 566 4033 {Qui
621 3976 802 4021 autem
853 3981 1020 4035 super
1067 3979 1236 4036 pauca
1291 3963 1478 4018 ﬁdeles
1527 3974 1823 4033 apparent,
1876 3977 2040 4033 super

465 4058 632 4112 nzulta
663 4059 1064 4113 constituuntur
1093 4072 1109 4110 :
1137 4071 1274 4110 nam
1306 4055 1432 4109 licet
1460 4053 1548 4108 hic
1574 4055 1712 4107 dona
1747 4069 2042 4122 consequa-

462 4165 608 4216 mur,
641 4164 705 4205 ea
748 4159 1076 4204 tamencum
1124 4147 1321 4202 futuris
1370 4161 1476 4200 non
1519 4157 1643 4200 sunt
1685 4145 2034 4200 conferenda.

464 4241 732 4296 Gaudium
775 4250 955 4296 autem
993 4240 1224 4307 Domini,
1260 4237 1599 4293 incessabili:
1633 4236 1844 4302 laetitia,
1875 4253 2036 4305 quam

466 4334 630 4386 liabet
671 4330 815 4387 Deus
855 4329 1095 4402 gaudens
1132 4331 1184 4384 in
1221 4329 1476 4400 Operibus
1514 4329 1662 4394 suis,
1696 4330 1836 4382 sicut
1870 4327 2035 4382 David

2147 3227 2680 3300 περισσευθήσεται·
2734 3227 2842 3281 ἀπὸ
2891 3227 2948 3280 δὲ
2989 3226 3083 3280 τοῦ
3136 3228 3213 3298 μὴ
3258 3227 3490 3297 ἔχοντος,
3544 3227 3628 3279 καὶ
3669 3224 3695 3276 6

2145 3317 2280 3390 ἔχει,
2316 3320 2614 3392 ἀρθήσεται
2667 3319 2762 3373 ἀπ’
2792 3318 2957 3373 αὐτοῦ
2981 3336 2995 3351 ·
3036 3318 3132 3372 καὶ
3163 3319 3256 3372 τὸν
3293 3320 3507 3391 ἀχρεῖον
3537 3316 3694 3371 δοῦλον

2143 3414 2435 3467 ἐκϐάλλετε
2459 3416 2540 3478 είς
2580 3412 2641 3466 τὸ
2672 3413 2862 3476 σκότος
2909 3413 2968 3466 τὸ
2997 3410 3284 3480 ἐξώτερον,
3345 3410 3643 3481 ἐκεῖἛσταέ
3671 3409 3696 3460 ό

2143 3505 2420 3575 κλαυθμὸς
2477 3506 2571 3558 καὶ
2603 3507 2631 3559 ό
2679 3503 2926 3576 βρυγμὸς
2970 3505 3080 3557 τῶν
3137 3503 3395 3558 ὀδόντων.
3433 3522 3452 3555 r
3506 3501 3567 3555 Ol
3613 3500 3696 3571 μὲν

2143 3597 2582 3667 ἐπεργασάμενοι
2632 3600 2746 3659 τοῖς
2790 3595 3044 3662 δοθεῖσιν,
3099 3594 3456 3649 ἐπαινοῦνται
3490 3593 3587 3646 ὑπὸ
3617 3590 3694 3645 τοῦ

2141 3689 2403 3742 δεσπότου
2457 3689 2656 3759 ὁμοίως
2702 3687 3028 3758 ἀμφότεροι,
3080 3681 3174 3750 Εὖ,
3208 3686 3366 3741 δοῦλε
3398 3685 3563 3755 ἀγαθέ
3617 3685 3697 3737 καὶ

2142 3781 2322 3845 πιστὲ,
2358 3781 2615 3850 ἑκάτερος
2649 3779 2828 3833 αὐτῶν
2857 3777 3075 3833 ἁκούων
3097 3794 3110 3809 ·
3149 3778 3358 3847 ἀγαθὸν
3406 3778 3462 3830 δὲ
3486 3773 3696 3830 ἐνταῦθα

2140 3870 2358 3932 πάντως
2377 3868 2466 3920 τὸν
2492 3867 2892 3938 φιλάνθρωπον,
2917 3867 3009 3921 τὸν
3033 3867 3264 3935 ἄφθονον
3278 3866 3526 3938 νοοῦμεν,
3543 3867 3595 3930 ὃς
3613 3867 3698 3936 τὴν

2139 3959 2346 4014 οίκείαν
2373 3956 2684 4028 ἁγαθότητα
2734 3957 2828 4009 καὶ
2865 3959 2978 4019 τοῖς
3029 3955 3260 4027 πλησίον
3300 3957 3568 4026 ἐφαπλοί·
3617 3955 3697 4008 ἐπὶ

2139 4054 2299 4120 όλίγα
2323 4051 2381 4110 δὲ
2408 4050 2589 4104 πιστοὶ
2635 4051 2914 4118 φανέντες,
2964 4049 3057 4103 ἐπὶ
3080 4048 3291 4103 πολλῶν
3336 4048 3695 4104 καθίστανται.

2138 4146 2249 4200 Καὶ
2278 4145 2388 4216 γὰρ
2449 4145 2496 4197 εἰ
2542 4143 2636 4198 καὶ
2687 4140 2923 4196 ἐνταῦθα
2981 4141 3344 4213 χαρισμάτων
3395 4140 3696 4210 ἀξιούμεθα,

2137 4239 2286 4309 ὅμως
2331 4237 2485 4291 οὐδέν
2529 4238 2635 4290 είσι
2682 4235 2858 4290 ταῦτα
2908 4236 3044 4306 πρὸς
3093 4237 3160 4290 τὰ
3207 4236 3472 4307 μέλλοντα
3518 4234 3698 4305 ἀγαθά.

2137 4333 2295 4403 Χαρὰ
2315 4333 2372 4386 δὲ
2400 4331 2494 4385 τοῦ
2517 4332 2740 4403 Κυρίου,
2765 4334 2797 4403 ὴ
2820 4331 3054 4402 amco;
3085 4331 3425 4404 εὐφροσύνη,
3455 4334 3519 4403 ἢν
3545 4333 3647 4402 ἔχει
3673 4331 3699 4382 6

461 4425 594 4481 dicit
620 4425 688 4479 ⁵⁸.
723 4423 838 4478 Tali
875 4423 1040 4496 igitur
1069 4421 1265 4492 gaudio
1300 4423 1538 4492 gaudent
1569 4421 1745 4476 sancti
1777 4419 1830 4474 in
1857 4422 2035 4491 operi-

2146 4426 2292 4491 856;,
2342 4425 2764 4495 εὐφραινόμενος
2817 4424 2910 4477 ἐπὶ
2955 4427 3068 4488 τοῖς
3113 4425 3299 4496 ἔργοις
3335 4424 3525 4488 αὑτοῦ,
3567 4425 3636 4485 ὡς
3673 4422 3700 4473 6

458 4522 560 4575 lius
586 4520 698 4575 suis
729 4519 974 4573 testantes
997 4534 1010 4571 :
1045 4516 1183 4570 sicut
1205 4521 1261 4571 et
1284 4525 1477 4572 contra
1505 4524 1821 4586 peccatores
1846 4514 2034 4569 dolent

460 4614 512 4669 in
546 4612 799 4684 operibus
842 4609 1116 4682 propriis:
1147 4619 1203 4666 et
1247 4609 1419 4665 sancti
1455 4609 1690 4679 gaudent
1733 4610 1875 4680 quod
1921 4617 2029 4663 tam

455 4707 679 4763 divitem
717 4705 953 4761 habeant
985 4703 1294 4758 Dominum.
1339 4701 1468 4758 Vide
1499 4712 1678 4757 autem
1716 4701 1860 4770 quod
1893 4709 1950 4757 et
1985 4701 2031 4756 is

454 4800 546 4872 qui
575 4799 838 4870 quinque,
865 4807 919 4852 et
950 4796 994 4852 is
1019 4795 1112 4868 qui
1145 4797 1250 4851 duo
1275 4796 1476 4850 talenta
1503 4803 1810 4863 acceperat.
1839 4795 2028 4849 eadem

454 4894 594 4950 bona
627 4898 1048 4961 consequantur.
1081 4888 1306 4956 Quando
1339 4890 1482 4945 enim
1514 4891 1635 4959 quis
1661 4888 1824 4942 etiam
1857 4901 2029 4958 pauca

453 4983 743 5052 acceperit,
783 4982 944 5053 139
973 4990 1030 5036 et
1055 4979 1244 5035 datum
1275 4981 1376 5036 sibi
1409 4981 1628 5043 donum,
1653 4980 1780 5036 licet
1803 4992 2027 5049 parvum

452 5074 556 5139 sit,
599 5073 736 5130 bene
768 5075 1114 5144 dispensarit,
1151 5071 1410 5141 aequalem
1443 5072 1702 5127 honorem
1736 5073 2030 5141 adepturus

450 5174 536 5241 est
559 5179 680 5219 cum
704 5180 770 5220 eo
797 5165 887 5235 qui
919 5180 1114 5236 magna
1145 5164 1333 5219 habuit
1365 5172 1421 5217 et
1451 5161 1598 5217 fecit.
1640 5160 2030 5231 Πιιυειιιιὶμίιιιε

449 5256 596 5312 enim
627 5267 686 5310 ut
719 5257 1011 5326 acceperit,
1046 5258 1117 5311 i4a
1142 5265 1194 5310 et
1226 5255 1470 5311 excelsus
1501 5253 1793 5318 videbitur,
1822 5254 1864 5309 si
1889 5253 2028 5309 bene

451 5347 644 5419 egerit.
670 5347 841 5402 Porro
864 5349 1007 5403 servi
1033 5350 1171 5420 grati
1203 5348 1273 5402 ita
1309 5347 1591 5407 se.babent
1615 5365 1628 5402 :
1657 5356 1710 5400 at
1735 5360 2026 5416 perversos

448 5449 503 5493 et
556 5442 706 5508 piger
755 5438 911 5492 aliter
967 5439 1286 5508 respondet,
1339 5446 1396 5491 et
1443 5446 1500 5491 nt
1551 5452 1611 5492 se
1654 5437 1872 5507 dignum
1917 5446 2021 5491 est.

449 5529 654 5584 Dormit
699 5532 844 5586 enim
902 5531 1179 5586 dominum
1241 5531 1522 5596 nominat,
1581 5530 1722 5586 sicut
1775 5539 1829 5586 et
1883 5545 2026 5584 nunc

518 5715 566 5749 "
597 5713 740 5770 PSal.
775 5730 848 5779 at,
881 5713 935 5768 7.
1057 5713 1101 5745 ⁸⁶
1139 5711 1282 5770 Psal.
1333 5729 1439 5781 cur,
1485 5714 1538 5769 5.

2137 4518 2301 4571 Δαυῖδ
2334 4517 2503 4586 λέγει.
2542 4517 2808 4587 Τοιαύτην
2843 4511 2935 4569 οὖν
2968 4518 3311 4588 εὐφροσύνην
3334 4515 3698 4587 εὐφραίνονται

2139 4609 2234 4664 καὶ
2264 4609 2313 4662 oi
2345 4609 2492 4676 ἅγιοι
2546 4609 2640 4661 ἐπὶ
2675 4610 2784 4670 τοῖς
2813 4607 2998 4676 ἔργοις
3047 4608 3225 4660 αὐτῶν
3260 4627 3273 4640 ο
3301 4607 3497 4678 ὥσπερ
3541 4601 3630 4659 οὖν
3654 4602 3699 4656 oi

2137 4702 2452 4773 ἁμαρτωλοὶ
2482 4699 2778 4753 λυποῦνται
2823 4701 2916 4753 ἐπὶ
2965 4701 3078 4762 τοῖς
3101 4700 3325 4764 οίκείοις
3373 4699 3576 4770 ἔργοις,
3614 4697 3697 4750 καὶ

2139 4795 2536 4867 μεταμέλονται
2558 4810 2572 4824 ·
2605 4793 2812 4846 καὶτὸν
2845 4792 3052 4862 Κύριον
3083 4793 3139 4845 δὲ
3169 4792 3402 4846 πλοῦτον
3425 4793 3629 4862 ἔχοντες
3654 4791 3697 4841 oi

2135 4887 2303 4956 ἅγιοι,
2335 4887 2618 4957 χαίρουσιν
2640 4886 2725 4937 ἐπ’
2749 4883 2917 4954 αὐτῷ.
2944 4883 3085 4956 Ὅρα
3110 4883 3163 4936 δὲ
3183 4885 3264 4938 ὅτι
3287 4885 3385 4937 καὶ
3412 4885 3440 4936 6
3460 4884 3526 4936 τὰ
3551 4880 3696 4934 πέντε

2129 4979 2369 5035 τάλαντα
2398 4977 2601 5042 λαϐὼν,
2658 4977 2749 5030 καὶ
2776 4975 2806 5028 ό
2833 4981 2901 5028 τὰ
2948 4975 3064 5040 δύο,
3103 4976 3229 5052 ⁸τῶν
3273 4976 3458 5029 αὐτῶν
3490 4971 3696 5042 ἀγαθῶν

2127 5072 2425 5137 ἀξιοῦνται.
2457 5071 2629 5128 Ὅταν
2666 5071 2774 5141 γάρ
2807 5086 2913 5135 τις,
2969 5071 3066 5121 καὶ
3102 5068 3258 5137 ὀλίγα
3301 5067 3508 5131 λαϐὼν,
3559 5067 3694 5136 ὅμως

2125 5163 2226 5236 τὴν
2243 5163 2492 5215 δοθεῖσαν
2522 5160 2671 5230 αὐτῷ
2699 5159 2885 5230 χάριν,
2919 5157 3025 5212 κᾶν
3059 5159 3233 5229 μικρὰ
3275 5159 3387 5228 εἴη,
3417 5154 3597 5218 καλῶς
3619 5154 3696 5206 οίηα

2128 5256 2409 5327 κονομήσῃ
2435 5296 2450 5322 ,
2515 5255 2636 5326 ἴσην
2693 5252 2860 5324 τιμὴν
2915 5252 3254 5323 ἀπολήψεται
3309 5251 3390 5323 τῷ
3452 5249 3694 5321 μεγάλων

2127 5347 2412 5414 ἀξιωθέντι
2464 5348 2559 5400 καὶ
2617 5343 3046 5416 κατορθώσαντι.
3089 5343 3361 5407 Ἕκαστος
3395 5342 3505 5413 γὰρ
3534 5333 3695 5394 καθ’ό

2127 5435 2307 5502 ἔλαϐε,
2333 5437 2474 5490 κατὰ
2499 5437 2657 5489 τοῦτο
2687 5437 2780 5489 καὶ
2818 5433 2989 5506 ἄκρος
3014 5433 3183 5498 δοκεῖ,
3233 5435 3329 5486 ἐὰν
3360 5429 3690 5502 κατορθώσῃ.

2140 5527 2281 5581 Ἀλλ’
2311 5528 2360 5581 οξ
2399 5528 2496 5598 μὲν
2547 5526 2898 5597 εὐγνώμονες
2921 5524 3131 5592 δοῦλοι,
3172 5523 3434 5579 τοιοῦτοι·
3470 5525 3498 5576 6
3521 5519 3576 5575 δὲ
3607 5532 3694 5570 πο·
