3810 6602
393 434 494 499 431

1246 432 1830 496 THEOPHYLACTI
1871 432 2288 495 BULGARI/E
2325 436 2688 498 ARCIIIEP.
3491 458 3577 527 43g

394 546 665 620 possidete
697 557 919 614 regnum
943 543 1004 597 in
1035 542 1402 598 ltmreditatem
1447 553 1690 612 paratum
1723 541 1872 596 robis
1899 541 1959 596 ab

2073 559 2204 596 σατε
2234 543 2331 615 τὴν
2362 545 2776 616 ἡτοιμασμένην
2817 547 2946 616 ύμῖν
2975 547 3246 617 βασιλείαν
3276 555 3373 611 ἀπὸ
3395 572 3585 627 tta-raso.

394 639 614 696 exordio
633 637 834 691 tnundi.
858 634 1070 690 Esurivi
1092 635 1326 699 euim,ct
1356 634 1580 690 dedistis
1614 635 1741 689 milti
1767 633 1962 688 edere:

392 731 560 793 sitivi,
583 738 636 784 et
667 728 892 782 dedistis
941 727 1070 781 milii
1106 727 1323 781 bibere:
1347 727 1546 796 hospes
1575 741 1745 790 eram,
1771 735 1826 780 et
1853 726 1960 780 col-

392 813 598 892 legiStis
646 836 732 876 me
759 840 770 874 :
801 820 997 883 nudus,
1032 827 1085 874 et
1127 818 1416 888 operuistis
1464 833 1586 873 me:
1616 817 1885 882 infirmus,
1909 827 1965 873 et

390 913 648 968 visitastis
698 912 900 966 tne:in
932 925 1149 965 carcere
1183 920 1422 976 eram,et
1467 910 1691 965 venistis
1739 911 1806 964 ad
1852 926 1960 965 me.

391 1001 544 1056 Tunc
622 1000 1024 1070 respondebunt
1070 1001 1119 1054 ei
1168 999 1320 1070 justi,
1363 998 1655 1054 dicentes:
1708 999 1960 1065 Domine,

390 1095 606 1162 quando
639 1105 690 1150 te
725 1095 955 1150 vidimus
980 1094 1326 1157 esurientem,
1353 1102 1406 1147 et
1439 1093 1724 1161 pavimus?
1757 1103 1848 1147 aut
1887 1094 1962 1147 si-

391 1190 638 1252 tientem,
666 1197 719 1240 et
750 1187 996 1242 dedimus
1027 1187 1119 1240 tibi
1155 1184 1376 1256 potum?
1402 1184 1626 1251 Quando
1655 1195 1833 1239 autem
1881 1186 1963 1237 vi-

388 1283 565 1336 dimus
622 1280 908 1350 hospitem,
943 1290 997 1335 et
1039 1279 1348 1349 collegimus
1401 1278 1487 1332 te?
1521 1288 1613 1332 aut
1664 1281 1960 1343 nudum,et

389 1372 763 1438 coeperuitnus
799 1371 886 1424 te?
913 1369 1019 1424 Aut
1063 1369 1278 1438 quando
1310 1379 1360 1422 te
1387 1369 1619 1423 vidimus
1664 1368 1957 1433 infirmum,

389 1478 482 1519 aut
521 1467 573 1519 in
627 1480 864 1530 carcere,
905 1473 960 1519 et
1009 1465 1258 1520 venimus
1291 1463 1357 1517 ad
1394 1463 1478 1518 te?
1512 1463 1578 1516 Et
1634 1464 1962 1532 respondens

386 1569 481 1610 rex
527 1556 654 1609 dicit
703 1555 807 1609 illis
838 1573 851 1609 :
879 1557 1048 1610 Amen
1077 1555 1197 1609 dico
1230 1555 1402 1617 vobis,
1440 1563 1706 1622 quatenus
1755 1552 1961 1606 fecistis

389 1648 478 1700 uni
515 1647 582 1701 de
622 1648 702 1702 bis
732 1646 984 1702 fratribus
1032 1649 1169 1702 meis
1217 1646 1468 1709 minimis,
1503 1646 1630 1700 mihi
1681 1645 1905 1700 fecistis.
1937 1666 1954 1698 ι

387 1738 505 1794 Non
536 1750 692 1793 autca
725 1739 972 1806 praemiat
1003 1739 1083 1793 vel
1119 1738 1293 1808 punit,
1315 1753 1473 1808 quam
1505 1736 1961 1807 dijudicet.l\lise-

392 1833 563 1886 ricors
609 1833 749 1885 enim
797 1840 976 1894 est,et
1007 1845 1106 1885 nos
1146 1831 1304 1885 docet
1333 1831 1384 1884 id
1418 1831 1612 1898 ipsum,
1657 1829 1798 1897 quod
1850 1843 1958 1882 nou

2074 634 2429 727 κόσμου.
2470 638 2760 691 Ἐπείνασα
2785 639 2912 711 γάρ,
2934 641 3029 694 καὶ
3059 641 3285 700 ἐδώκατέ
3309 667 3388 719 μοι
3411 665 3587 727 φαγεῖν.

2077 724 2328 795 ἐδίψησα,
2373 727 2468 781 καὶ
2493 728 2780 782 ἐποτίσατέ
2815 745 2903 800 με’
2965 731 3114 796 ξένος
3145 734 3304 807 ἥμην,
3367 747 3449 797 καὶ
3488 724 3589 806 συν-

2073 818 2311 912 ηγ-άγετέ
2340 836 2429 912 μετ
2467 819 2696 912 γυμνὸς,
2732 824 2824 875 καὶ
2852 823 3201 894 περιεϐάλετέ
3234 845 3317 896 με·
3343 833 3590 912 ἠσθένησα,

2073 909 2164 960 καὶ
2189 909 2566 978 ἐπεσκέψασθέ
2606 927 2696 981 με·
2733 913 2792 964 ἐν
2843 912 3054 984 φυλακῇ
3106 915 3271 987 ήμην,
3325 923 3411 975 καὶ
3431 909 3588 997 pagg

2072 1000 2208 1070 πρός
2239 1017 2327 1072 με.
2379 1002 2512 1054 Τότε
2547 1003 3010 1075 ἀποκριθήσονται
3037 1005 3183 1078 αὐτῷ
3207 1010 3255 1060 οἱ
3303 1011 3501 1083 δίκαιοι,
3525 1021 3598 1075 λέ.

2070 1104 2300 1158 γοντεςο
2359 1093 2578 1163 Κύριε,
2641 1095 2771 1147 πότε
2821 1112 2880 1147 σε
2921 1097 3136 1166 είδομεν
3189 1102 3466 1172 πεινῶντα,
3522 1116 3596 1167 καὶ

2071 1182 2414 1253 septenum;
2445 1186 2477 1256 ἢ
2503 1184 2762 1255 διψῶντα,
2805 1188 2899 1239 καὶ
2925 1189 3290 1258 ἐποτίσαμεν;
3326 1195 3448 1249 Πότε
3472 1199 3521 1253 δέ
3551 1221 3598 1258 σε

2069 1272 2284 1343 εἴδομεν
2303 1274 2582 1340 ξένον,καὶ
2611 1281 3022 1347 συνηγάγομεν;
3052 1279 3085 1350 ἢ
3107 1285 3325 1352 γυμνὸν,
3359 1291 3444 1343 καὶ
3469 1309 3600 1365 περι-

2070 1363 2368 1458 εϐάλομῗενς
2438 1367 2575 1420 Πότε
2627 1369 2685 1421 δέ
2721 1386 2779 1422 σε
2801 1371 3014 1441 εἴδομεν
3042 1372 3293 1448 ἀσθενῆῆ
3322 1381 3375 1432 ἐν
3399 1363 3602 1458 φυλακῇ,

2069 1457 2162 1509 καὶ
2195 1457 2430 1528 ήλθομεν
2475 1460 2612 1529 προς
2657 1463 2747 1527 σέ;
2783 1463 2894 1516 Καὶ
2925 1465 3246 1537 ἀποκριθεὶς
3294 1471 3323 1523 ό
3365 1457 3599 1544 βασιλεὺξ,

2069 1548 2185 1618 ἐρεῖ
2211 1548 2428 1613 αὐτοῖς’
2466 1552 2638 1624 Ἀμὴν
2667 1553 2810 1622 λέγω
2863 1556 3012 1626 ὑμῖν,
3064 1559 3151 1630 ἐφ’
3185 1561 3307 1614 ὅσον
3347 1564 3604 1638 ἐποιήσατε

2069 1639 2150 1692 ἐνὶ
2181 1640 2386 1695 τούτων
2437 1644 2548 1696 τῶν
2583 1643 2827 1715 ἀδελφῶν
2860 1664 2960 1717 μου
2991 1649 3098 1703 τῶν
3135 1651 3450 1723 ἐλαχίστων,
3502 1660 3601 1723 ἐμοὶ

2069 1732 2383 1804 ἐποιήσατε.
2426 1753 2444 1786 ι
2493 1737 2568 1789 Οὐ
2600 1738 2866 1808 πρότερον
2899 1743 3033 1812 τιμᾷ
3080 1742 3113 1813 ἧ
3163 1745 3401 1814 κολάζει,
3443 1719 3605 1825 πρὶνή

2067 1824 2373 1897 δικάσηται.
2401 1828 2783 1900 Φιλάνθρωπος
2806 1833 2916 1905 γάρ
2952 1835 3086 1898 ἐστι,
3113 1837 3211 1890 καὶ
3242 1839 3385 1909 ἡμᾶς
3415 1842 3468 1896 δὲ
3489 1824 3609 1899 τοῦτ⁴

390 1933 546 1976 antea
598 1923 887 1978 debeamus
924 1922 1132 1992 punire,
1159 1936 1319 1991 quam
1366 1935 1478 1975 rem
1525 1922 1959 1976 discusserimus.

2072 1918 2206 1972 αὐτὸ
2237 1920 2502 1984 παιδεύει,
2535 1922 2608 1992 μὴ
2648 1902 2908 1994 πρότερον
2933 1925 3187 1991 κολάζειν
3211 1902 3346 2000 πρὶν
3369 1902 3433 1987 ἀν
3453 1935 3611 2001 ὲξετὸ..

393 2017 482 2071 Sit:
515 2016 659 2072 enim
690 2015 1034 2070 excusatione
1085 2015 1254 2083 magis
1302 2013 1583 2078 carebunt,
1625 2013 1716 2083 qui
1767 2027 1964 2082 praece-

387 2107 548 2162 dente
573 2105 779 2176 judicio
821 2105 1138 2175 puniuntur.
1159 2101 1329 2158 Porro
1362 2113 1578 2158 sanctos
1610 2112 1764 2157 vocat
1799 2103 1961 2157 bene-

391 2201 584 2259 dictus.
607 2208 665 2252 ut
697 2214 725 2252 a
760 2197 918 2252 Patre
965 2207 1261 2266 susceptos.
1305 2195 1556 2250 llaeredes
1605 2206 1781 2250 autem
1819 2196 1962 2264 ipsos

387 2291 517 2346 facit
570 2290 742 2360 regni,
785 2289 1081 2345 ostendens
1138 2287 1279 2357 quod
1336 2287 1475 2341 Deus
1527 2300 1620 2341 cos
1671 2286 1960 2354 participes

386 2382 546 2438 faciet
582 2382 766 2451 gloria:
800 2397 932 2448 suae,
975 2391 1030 2435 ιιι
1079 2380 1214 2435 ﬁlios
1260 2394 1408 2433 suos.
1442 2378 1558 2433 Non
1613 2379 1756 2433 enim
1804 2377 1958 2444 dixit,

388 2476 632 2546 Accipite
657 2491 671 2532 :
695 2475 809 2540 sed,
843 2473 1128 2528 l‘ossidete
1166 2472 1218 2526 in
1273 2470 1661 2531 liaereditatem,
1685 2479 1742 2522 ut
1775 2478 1958 2537 pater-

392 2585 514 2622 naui
569 2567 946 2622 substantiam.
987 2563 1108 2619 Jam
1152 2561 1352 2618 fratres
1393 2562 1645 2617 minimos
1678 2569 1831 2615 voeatt
1876 2561 1959 2616 vel

390 2676 515 2714 suos
575 2658 884 2728 discipulos,
923 2657 1004 2712 vel
1054 2671 1243 2713 omnes
1300 2654 1618 2724 simpliciter
1673 2667 1956 2722 pauperes.

387 2751 578 2807 Omnis
631 2752 775 2806 enim
831 2763 1033 2818 pauper
1079 2747 1246 2802 frater
1299 2757 1382 2801 est
1426 2746 1636 2801 Christi
1691 2757 1958 2814 quatenus

384 2859 589 2916 pauper
639 2860 653 2898 :
710 2840 1146 2912 quandoquidem
1204 2848 1258 2894 et
1313 2837 1563 2893 Christus
1615 2839 1668 2890 in
1720 2846 1958 2905 egestate

385 2937 543 2990 vixit.
576 2934 706 2989 Vide
733 2943 908 2988 autem
943 2932 1034 2986 Dei
1062 2931 1330 2999 justitiam
1358 2926 1630 3000 quomodo
1675 2926 1860 2982 laudet
1896 2939 1958 2980 ac

384 3028 637 3099 prmdice‘t
689 3035 925 3080 sanctos.
961 3022 1096 3078 Vide
1145 3024 1273 3078 item
1307 3030 1361 3077 et
1396 3021 1606 3076 illorum
1665 3020 1954 3076 candorem

385 3119 653 3190 quomodo
683 3128 902 3189 propter
931 3115 1248 3171 modestiam
1280 3123 1476 3184 negent
1502 3129 1560 3168 se
1592 3113 1739 3168 illum
1773 3112 1956 3182 pavis-

386 3215 606 3267 sezsed
642 3210 901 3264 Dominus
951 3223 1015 3264 ea
1069 3222 1187 3277 quae
1235 3205 1560 3277 pauperibus
1611 3213 1736 3261 sunt
1787 3204 1952 3271 facta,

385 3303 439 3359 in
471 3303 817 3371 semetipsum
855 3301 1097 3371 suSeipit.

460 3396 624 3450 V'Eas.
663 3395 858 3450 41-46.
915 3411 934 3446 ι
983 3392 1132 3447 Tunc
1178 3391 1319 3447 dicet
1347 3403 1399 3448 et
1429 3391 1512 3446 liis
1541 3390 1631 3460 qui
1667 3405 1694 3443 a
1726 3389 1962 3444 sinistris

385 3499 564 3553 trunt,
587 3487 851 3542 Discedite
875 3503 903 3540 a
935 3501 1041 3550 me,
1073 3485 1365 3550 maledicti,
1399 3485 1449 3536 itt
1478 3483 1650 3552 ignem
1676 3492 1957 3546 aeternum,

389 3582 478 3648 qui
503 3589 724 3648 paratus
741 3588 823 3632 est
845 3578 1059 3632 diabolo
1100 3586 1153 3630 et
1176 3575 1381 3644 angelis
1403 3574 1538 3644 ejus.
1558 3573 1771 3627 Esurivi
1791 3576 1958 3640 enim,

294 3732 296 3735 l
387 3684 441 3725 et
489 3687 594 3726 non
649 3670 870 3723 dedistis
905 3668 1032 3721 mihi
1067 3667 1243 3722 cibum
1275 3686 1288 3721 :
1322 3669 1563 3731 sitivi,et
1593 3681 1699 3720 non
1739 3666 1960 3721 dedistis

389 3764 520 3818 mihi
574 3770 756 3832 potum
785 3779 803 3814 ι
832 3761 1024 3829 hospes
1076 3776 1247 3822 erant,
1283 3769 1340 3812 et
1377 3775 1479 3811 nou
1510 3757 1912 3826 tne-collegistis
1943 3773 1956 3809 :

390 3857 583 3920 nudus,
606 3863 658 3908 et
685 3870 786 3907 non
819 3849 1110 3921 operuistis
1148 3865 1233 3904 me
1268 3869 1280 3903 :
1322 3849 1568 3903 inﬁrmus
1603 3857 1656 3901 et
1685 3847 1736 3901 in
1770 3861 1960 3901 carce-

392 3963 450 4000 re
479 3962 649 4010 erant,
681 3955 733 3996 et
767 3959 872 3996 non
899 3941 1169 3996 visitastis
1225 3954 1328 3992 me.
1369 3939 1520 3992 'l‘une
1562 3937 1962 4006 respondebunt

386 4043 436 4097 ei
485 4052 538 4094 et
595 4041 696 4110 ipsi
750 4033 1316 4098 dicentesz-Domiue,
1355 4033 1570 4102 quando
1624 4031 1856 4085 vidimus
1911 4037 1961 4084 te

387 4133 844 4195 υειιι·ἰειιιι·ιιι,ιιιιι
876 4130 1171 4189 sitientem,
1192 4135 1283 4179 aut
1309 4127 1595 4194 hospitem,
1622 4134 1714 4177 aut
1738 4121 1958 4188 nudum,

387 4234 482 4277 aut
513 4222 810 4283 infirmum,
846 4229 936 4271 aut
968 4219 1018 4271 in
1054 4225 1365 4280 eareere,et
1394 4230 1498 4270 non
1531 4212 1961 4268 mittistravimus

388 4315 519 4370 tibi?
572 4314 723 4366 'l’unc
786 4311 1125 4379 respondebit
1179 4309 1306 4372 illis,
1349 4307 1531 4362 diwus
1565 4324 1579 4360 :
1610 4307 1780 4360 Amen
1841 4304 1960 4360 dico

386 4407 561 4472 vobis,
592 4415 856 4474 quatenus
887 4416 991 4455 non
1035 4400 1238 4454 fecistis
1293 4401 1383 4453 uni
1440 4399 1506 4452 de
1555 4397 1791 4450 minimis
1841 4396 1948 4461 his,

388 4513 487 4552 nec
511 4497 638 4549 mihi
665 4494 887 4548 fecistis.
909 4494 970 4546 Et
990 4492 1144 4544 ibunt
1165 4491 1216 4544 bi
1241 4490 1292 4544 iu
1311 4489 1634 4557 supplicium
1659 4496 1950 4551 retentum,

2073 2027 2274 2082 σωμεν.
2311 2012 2466 2065 Οὕτω
2499 2013 2608 2083 γὰρ
2662 2015 3060 2087 ἀναπολόγητοι
3119 2020 3323 2089 μᾶλλον
3353 2023 3545 2083 ἔσονται
3573 2033 3612 2085 oi

2074 2103 2215 2174 μετὰ
2247 2103 2595 2176 δικαστήριον
2617 2107 2990 2173 κολασθέντες.
3025 2111 3439 2183 Εὑλογημένους
3459 2118 3511 2171 δὲ
3531 2137 3615 2172 κα-

2069 2193 2153 2248 λεῖ
2170 2196 2294 2258 τοὺς
2330 2195 2540 2284 ἀγίους,
2589 2197 2663 2260 ὡς
2704 2197 2810 2252 ὑπὸ
2850 2200 2944 2253 τοῦ
2978 2201 3194 2272 Πατρὺς
3223 2204 3614 2276 ἀποδεχθέντες·

2071 2285 2438 2358 κληρονόμους
2468 2290 2525 2343 δὲ
2553 2291 2750 2353 αὐτοὺς
2801 2295 3034 2346 ποιεῖται
3079 2296 3182 2366 τῆς
3229 2296 3517 2367 βασιλείας,
3545 2302 3617 2356 ἶνα

2069 2376 2216 2448 δείξῃ
2244 2379 2326 2432 ὅτι
2357 2383 2649 2445 κοινωνοὺς
2691 2382 2889 2448 αὐτοὺς
2913 2387 3057 2438 ποιεῖ
3079 2386 3109 2438 ό
3151 2386 3290 2451 Θεὸς
3324 2390 3422 2459 τῆς
3450 2367 3621 2447 ἐαυτοῦ

2067 2466 2246 2538 δόξης,
2280 2469 2355 2532 ὡς
2405 2472 2555 2536 υἱοὺς
2587 2472 2770 2526 αὐτοῦ.
2803 2475 2878 2527 Ού
2905 2475 3014 2546 γάρ
3042 2471 3192 2543 εἷπε,
3227 2478 3457 2546 Λάϐετε,
3488 2483 3623 2552 ἀλλὰ,

2073 2560 2562 2634 κληρονομήσατε,
2622 2565 2784 2620 οἱονεί
2837 2583 2962 2621 τινα
2987 2569 3258 2640 πατρῷαν
3317 2577 3623 2642 περιουσίαν.

2085 2655 2375 2725 Ἀδελφούς
2408 2657 2464 2711 δὲ
2499 2657 2818 2730 ἐλαχίστους
2838 2660 3011 2726 καλεῖ,
3046 2662 3078 2732 ἢ
3115 2665 3249 2727 τοὺς
3277 2665 3437 2719 αὑτοῦ
3473 2667 3625 2739 μαθη-

2065 2746 2239 2816 τάς,ἢ
2272 2748 2478 2810 πάντας
2508 2749 2695 2812 ἁπλῶς
2720 2751 2847 2814 τοὺς
2872 2751 3134 2822 πένητας.
3171 2754 3294 2818 Πᾶς
3326 2756 3435 2826 γὰρ
3463 2760 3626 2827 πένης,

2067 2839 2293 2908 ἀδελφός
2319 2841 2435 2893 ἐστι
2469 2840 2563 2894 τοῦ
2595 2841 2836 2912 Χριστοῦ
2877 2844 3000 2896 κατ’
3023 2844 3161 2896 αὐτὸ
3193 2843 3379 2910 τοῦτο,
3413 2848 3528 2917 ἐπεὶ
3551 2848 3630 2901 καὶ

2065 2936 2093 2987 ό
2129 2932 2362 3004 Χριστὸς
2398 2934 2456 2985 ἐν
2507 2933 2667 3004 πενίᾳ
2696 2935 2980 3006 διήγαγεν.
3010 2936 3161 3007 Ὅροι
3208 2937 3269 2991 δὲ
3316 2939 3412 2993 καλ⁸
3439 2939 3533 3011 τὴν
3554 2941 3633 2994 τοῦ

2065 3025 2201 3078 Θεοῦ
2246 3025 2615 3097 δικαιοσύνην,
2675 3026 2793 3091 πῶς
2847 3029 3228 3099 ἀνακηρύττει
3265 3032 3395 3094 τοὺς
3445 3033 3630 3100 ἁγίους.

2061 3117 2210 3188 ⁴Ὁρα
2245 3119 2337 3170 καὶ
2362 3117 2460 3186 τὴν
2491 3117 2715 3172 ἐκείνων
2740 3119 3201 3191 εὐγνωμοσύνην,
3237 3121 3360 3184 πῶς
3391 3123 3458 3175 δι’
3484 3124 3637 3175 ἐπιεί-

2065 3224 2221 3262 κειαν
2273 3209 2565 3279 ἀρνοῦνται
2595 3208 2655 3262 τὸ
2699 3208 2932 3280 θρέψαιο
2972 3209 3092 3264 ἀλλ’
3120 3212 3152 3264 ὁ
3213 3211 3426 3282 Κύριος
3463 3213 3528 3267 τά
3571 3213 3636 3277 εις

2061 3304 2188 3366 τοὺς
2215 3303 2455 3374 πένητας
2492 3303 2758 3373 γενόμενα
2795 3305 2873 3366 είς
2902 3304 3095 3358 ἑαυτὸν
3123 3305 3485 3377 ἀναδέχεται.

2135 3415 2156 3447 ι
2181 3395 2314 3448 Τότε
2344 3397 2461 3466 ἐρεῖ
2490 3395 2586 3450 καὶ
2604 3396 2716 3458 τοῖς
2747 3394 2806 3460 ἐξ
2831 3395 3130 3466 εὐωνύμων
3153 3412 3170 3430 ο
3213 3398 3527 3468 Πορεύεσθε
3562 3395 3642 3451 ἀπ’

2061 3486 2218 3557 ἐμοῦ,
2237 3488 2283 3540 οἱ
2308 3487 2703 3560 κατηραμένοι,
2727 3489 2808 3550 είς
2831 3488 2892 3541 τὸ
2917 3488 3029 3559 πῦρ
3056 3489 3120 3542 τὸ
3148 3489 3408 3554 αἰώνιον,
3438 3490 3497 3544 τὸ
3521 3492 3648 3559 ἡτοι-

2065 3581 2344 3652 μασμένον
2367 3578 2443 3652 τῷ
2468 3580 2698 3650 διαϐόλῳ
2720 3581 2811 3633 καὶ
2840 3583 2949 3644 τοῖς
2972 3581 3242 3650 ἀγγέλοις
3268 3582 3462 3636 αὑτοῦ.
3492 3581 3647 3634 Ἐπεί-

2061 3691 2198 3727 νασα
2225 3673 2356 3743 γὰρ,
2387 3673 2482 3726 καὶ
2505 3672 2603 3726 ούκ
2631 3671 2868 3726 ἐδώκατέ
2895 3691 2985 3740 μοι
3011 3677 3256 3743 φαγεῖν·
3295 3674 3548 3744 ἐδίψησα,
3573 3673 3652 3727 καὶ

2061 3765 2162 3818 οὐκ
2191 3764 2481 3817 ἐποτίσατέ
2513 3781 2600 3834 με·
2638 3763 2787 3829 ξένος
2837 3764 3020 3834 ήμην,
3057 3767 3164 3819 καὶ
3215 3767 3285 3819 οὐ
3330 3764 3648 3837 συνηγάγετέ

2066 3872 2156 3928 με·
2191 3855 2421 3924 γυμνὸς,
2447 3856 2540 3908 καὶ
2566 3854 2630 3907 ού
2680 3854 3033 3925 περιεϐάλετέ
3067 3871 3169 3926 με·
3209 3857 3460 3927 ἀσθενὴς
3492 3857 3582 3910 καὶ
3607 3857 3656 3907 ἐν

2063 3947 2303 4018 φυλακῇ,
2328 3947 2424 4000 καὶ
2440 3947 2539 3999 οὐκ
2563 3947 2942 4015 ἐπεσκέψασθέ
2968 3964 3058 4017 με.
3098 3949 3253 4002 Τότε
3271 3949 3655 4018 ἀποκριθήσον·

2060 4056 2149 4092 ται
2175 4041 2269 4093 καὶ
2294 4039 2470 4102 αὐτοὶ,
2491 4038 2741 4107 λέγοντες
2761 4055 2776 4070 ο
2806 4039 3000 4110 Κύριε,
3024 4039 3168 4093 πότε
3208 4057 3276 4093 σε
3307 4041 3529 4110 εἴδομεν
3562 4057 3661 4092 πει-

2059 4133 2257 4195 νῶντα,
2288 4131 2594 4202 ἢδιψῶντα,
2627 4131 2659 4200 ἢ
2706 4129 2875 4197 ξένον,
2914 4131 2944 4201 ἢ
2977 4132 3227 4201 γυμνὸν,
3283 4133 3320 4202 ἢ
3373 4132 3596 4199 ἀσθενῆ,
3627 4132 3655 4198 ἢ

2062 4225 2120 4278 ἐν
2158 4222 2396 4294 φυλακῇ,
2429 4223 2526 4275 καὶ
2567 4222 2626 4274 ού
2659 4222 3063 4291 διηκονήσαμέν
3097 4240 3242 4290 crat;
3274 4224 3422 4277 Τότε
3445 4225 3663 4292 ἀποκριο

2061 4314 2284 4384 θήσεται
2317 4313 2522 4376 αὐτοῖς,
2555 4311 2729 4379 λέγων
2751 4327 2764 4340 ο
2819 4311 2989 4382 Ἀμὴν
3015 4311 3172 4379 λέγω
3219 4313 3387 4383 ὑμῖν,
3437 4311 3524 4381 ἐφ’
3553 4311 3664 4363 ὅσον

2059 4407 2161 4462 οὐκ
2183 4405 2474 4476 ἐποιήσατε
2516 4405 2598 4456 ἐνὶ
2625 4401 2829 4456 τούτων
2870 4403 2980 4457 τῶν
3005 4403 3365 4474 ἐλαχίστων,
3403 4404 3530 4458 οὐδὲ
3557 4402 3666 4472 ἐμοὶ

2061 4497 2378 4566 ἐποιήσατε.
2413 4495 2523 4548 Καὶ
2547 4493 2942 4547 ἀπελεύσονται
2971 4485 3123 4546 οὗτοι
3169 4497 3264 4558 εἰς
3293 4495 3530 4548 κόλασιν
3552 4492 3664 4546 αἰώ-

380 4589 512 4657 justi
544 4603 668 4642 vero
711 4587 763 4640 in
798 4586 962 4638 \‘itnttt
997 4594 1282 4638 aternatn.
1329 4601 1347 4633 ι
1385 4581 1488 4636 Eos
1515 4582 1604 4649 qui
1636 4597 1666 4635 a
1694 4579 1954 4643 sinistris,

2072 4605 2214 4649 νιον,
2247 4589 2296 4640 οἱ
2349 4585 2406 4638 δὲ
2469 4584 2668 4637 δίκαιοι
2723 4586 2805 4646 είς
2863 4584 3010 4654 ζωὴν
3045 4581 3322 4639 αἰώνιον.
3363 4602 3384 4636 ι
3443 4585 3582 4647 Τοὺς
3620 4581 3670 4646 ἐξ

387 4685 440 4736 in
479 4683 653 4752 ignem
699 4677 863 4732 mittit
909 4676 1000 4746 qui
1057 4686 1390 4744 pra-paratus
1432 4682 1514 4727 est
1567 4673 1799 4727 diabolo.
1819 4675 1956 4740 Quia

387 4779 528 4831 enim
558 4771 950 4838 compassiouis
982 4779 1232 4838 expertes
1266 4775 1392 4821 sunt
1421 4765 1643 4830 diaboli,
1667 4773 1722 4820 et
1750 4766 1961 4819 hosﬁli-

386 4881 470 4926 ter
497 4879 552 4922 et
584 4867 800 4922 inimice
832 4878 960 4933 erga
1001 4876 1101 4915 nos
1156 4857 1329 4914 affecti
1375 4867 1501 4912 sunt
1531 4873 1546 4911 :
1579 4858 1772 4912 merito
1819 4859 1959 4911 idem

387 4962 703 5032 supplicium
765 4957 984 5019 habent,
1024 4955 1115 5023 qui
1179 4952 1419 5021 ejusdem
1483 4950 1774 5006 voluntatis
1815 4960 1956 5014 sunt,

388 5055 478 5122 qui
511 5061 566 5106 et
594 5051 823 5121 propriis
850 5047 1103 5116 operibus
1159 5041 1428 5097 maledicti
1477 5041 1602 5096 facti
1637 5051 1779 5096 sunt.
1828 5040 1962 5096 Vide

390 5156 566 5200 autem
596 5143 736 5213 quod
777 5143 916 5194 Deus
944 5141 1118 5206 ignem
1145 5151 1248 5189 non
1272 5135 1591 5203 praeparavit
1614 5133 1961 5190 hominibus:

388 5235 710 5304 supplicium
738 5233 880 5286 enim
913 5245 1018 5284 nou
1058 5227 1185 5282 fecit
1215 5236 1434 5295 propter
1459 5240 1581 5291 nos,
1617 5227 1708 5280 sed
1743 5235 1964 5294 promer

389 5325 660 5383 diabolum
693 5337 827 5391 :ego
863 5333 1042 5373 autem
1094 5317 1470 5387 memetipsum
1509 5317 1772 5385 supplicio
1821 5315 1962 5371 facio

388 5418 700 5472 obnoxium.
734 5413 997 5467 l-lorresce
1031 5409 1213 5480 igitur,
1235 5424 1268 5464 ο
1291 5409 1472 5475 homo,
1493 5423 1614 5462 cum
1638 5407 1966 5476 cogitaveris

389 5510 560 5581 ΠΕ]
583 5507 856 5576 lioc,quod
880 5505 950 5558 illi
973 5517 1147 5572 neque
1167 5510 1224 5555 ut
1261 5510 1462 5568 scorta,
1487 5516 1662 5571 neque
1706 5511 1763 5554 ut
1798 5500 1966 5555 latro-

391 5616 688 5672 tu-s,ueqne
703 5598 863 5669 utqui
889 5611 1052 5668 grave
1085 5595 1230 5650 aliud
1262 5593 1522 5665 ﬂagitium
1563 5603 1960 5663 perpetrarunt,

373 5691 703 5765 ‘pnuiuntur,
727 5693 822 5746 sed
860 5700 918 5744 ut
947 5688 1002 5742 bi
1029 5691 1118 5757 qui
1150 5690 1346 5742 bonum
1383 5701 1485 5740 neu
1517 5684 1781 5739 fecerunt.
1825 5683 1962 5740 Pro-

387 5784 534 5840 fecto
561 5785 605 5838 si
631 5786 765 5836 bene
792 5779 1126 5841 consideras,
1153 5785 1337 5844 raptor
1360 5785 1445 5828 est
1469 5776 1560 5843 qui
1589 5776 1751 5828 multa
1780 5776 1959 5840 liabet,

388 5886 441 5930 et
476 5889 581 5928 non
612 5875 920 5936 miseretur,
939 5867 1150 5922 etiamsi
1184 5867 1452 5921 nemiuem
1492 5866 1776 5920 manifesta
1829 5884 1960 5920 cun-

2062 4676 2356 4745 εῦωνύμων
2403 4676 2482 4738 εἰς
2515 4675 2577 4727 τὸ
2628 4673 2737 4744 πῦρ
2770 4673 3069 4741 ἐκπέμπει,
3124 4674 3160 4726 ὃ
3216 4675 3571 4744 ἡτοίμασται
3603 4671 3670 4740 τῷ

2061 4768 2310 4837 διαϐόλῳ.
2362 4767 2512 4819 Ἐπεὶ
2538 4767 2648 4836 γάρ
2691 4752 3037 4835 ἀσυμπαθεῖς
3077 4768 3244 4821 εἰσιν
3297 4769 3356 4820 οἱ
3405 4767 3672 4838 δαίμονες,

2062 4862 2156 4915 καὶ
2194 4861 2417 4931 ἀπηνῶς
2457 4859 2756 4912 διάκεινται
2809 4861 2907 4912 καὶ
2957 4857 3275 4928 ἐχθρωδῶς
3323 4862 3472 4930 πρὸς
3519 4862 3676 4929 ἡμᾶς,

2063 4952 2287 5014 εἰκότως
2313 4951 2410 5018 τῆς
2440 4949 2611 5019 αὐτῆς
2642 4950 2910 5020 τιμωρίας
2947 4949 3255 5013 ἀξιοῦνται
3287 4954 3345 5004 ot
3377 4951 3484 5020 τῆς
3516 4951 3675 5018 αὐτῆς

2061 5040 2289 5112 γνώμης
2323 5041 2556 5107 ὄντες,οἳ
2578 5041 2672 5093 καὶ
2710 5044 2773 5093 ἐκ
2797 5041 2905 5094 τῶν
2938 5041 3082 5094 ίδίων
3109 5043 3324 5096 αὐτῶν
3360 5043 3550 5114 ἔργων
3574 5045 3684 5093 ἐπι·

2063 5133 2363 5202 κατάρατοι
2394 5131 2810 5199 ἐγένοντοὋρα
2827 5130 2882 5183 δὲ
2904 5131 2986 5183 ὅτι
3004 5131 3102 5200 οὐχ
3141 5134 3484 5204 ἡτοίμασεν
3509 5135 3539 5186 ὁ
3561 5131 3681 5190 θεὸς

2061 5226 2122 5279 τὸ
2150 5225 2262 5295 πῦρ
2285 5226 2402 5287 τοῖς
2429 5223 2761 5294 ἀνθρώποις,
2796 5221 2919 5275 οὐδὲ
2947 5225 3042 5292 τὴν
3070 5224 3336 5278 κόλασιν
3363 5227 3599 5295 ἐποίησε
3627 5221 3686 5274 δι’

2062 5319 2232 5389 ἡμᾶς,
2267 5316 2405 5370 ἀλλά
2435 5316 2523 5369 διά
2579 5315 2670 5368 τὸν
2697 5314 2960 5379 διάϐολον,
2997 5314 3111 5383 ἐγὼ
3167 5316 3238 5370 δὲ
3276 5318 3436 5371 ποιῶ
3461 5313 3687 5389 ἐμαυτὸν

2062 5413 2129 5480 τῇ
2159 5409 2379 5463 κολάσει
2407 5407 2687 5462 ὑπόδικον.
2718 5407 2911 5476 Φρίξον
2940 5407 3020 5471 δὲ,
3049 5407 3381 5478 ἄνθρωπε,
3435 5411 3692 5476 ἐννοήσας

2061 5498 2308 5552 ἐντεῦθεν
2339 5501 2420 5552 ὅτι
2457 5498 2564 5550 ἰδοὺ
2599 5491 2744 5550 οὗτοι
2765 5495 2888 5549 οῦτε
2921 5497 2996 5559 ὡς
3028 5497 3249 5566 πόρνοι
3269 5539 3287 5564 ,
3330 5498 3470 5551 οὔτε
3501 5499 3577 5558 ὡς
3602 5496 3693 5563 ἂρ·

2063 5607 2261 5659 παγες,
2296 5588 2420 5642 οὔτε
2455 5589 2530 5652 ὡς
2562 5588 2691 5642 ἄλλο
2721 5604 2770 5639 τι
2807 5587 3348 5656 πλημμελήσαντες
3373 5591 3578 5652 κακὸν,
3613 5603 3696 5638 κο-

2062 5683 2336 5747 λάζονται,
2368 5681 2481 5734 ἀλλ’
2526 5680 2599 5743 ὡς
2635 5680 2709 5749 μὴ
2746 5680 3069 5749 ποιήσαντες
3128 5681 3406 5749 ἀγαθόν.
3469 5681 3564 5753 Τῷ
3590 5681 3694 5731 ὄντι

2063 5779 2171 5848 γὰρ
2200 5777 2294 5828 ἐὰν
2323 5775 2504 5837 καλῶς
2536 5775 2838 5843 σκοπήσῃς,
2870 5773 3052 5842 ἅρπαξ
3084 5774 3272 5828 ἐστὶν
3302 5777 3336 5826 ὁ
3361 5777 3548 5829 πολλα
3571 5777 3700 5841 ἔχων

2065 5867 2158 5918 καὶ
2192 5865 2265 5935 μὴ
2306 5863 2492 5927 ἐλεῶν,
2549 5861 2650 5915 κᾶν
2678 5862 2846 5931 μηδὲν
2876 5861 3117 5932 ἀδικήσῃ
3169 5866 3525 5937 προδήλως.
3564 5865 3697 5919 Ὅσα
