  <div class='ocr_page' id='page_1' title='image "/cluster/home/n/w/nwhite01/storage/ocr_20150623/123/hvd.32044019208198/224.png"; bbox 0 0 3968 6460; ppageno 0'>
   <div class='ocr_carea' id='block_1_1' title="bbox 293 461 390 526">
    <p class='ocr_par' dir='ltr' id='par_1_1' title="bbox 293 461 390 526">
     <span class='ocr_line' id='line_1_1' title="bbox 293 461 390 526; baseline -0.103 1"><span class='ocrx_word' id='word_1_1' title='bbox 293 461 390 526; x_wconf 67' lang='grc'>433</span> 
     </span>
    </p>
   </div>
   <div class='ocr_carea' id='block_1_2' title="bbox 293 575 1421 650">
    <p class='ocr_par' dir='ltr' id='par_1_2' title="bbox 293 575 1421 650">
     <span class='ocr_line' id='line_1_2' title="bbox 293 575 1421 650; baseline 0.034 -45"><span class='ocrx_word' id='word_1_2' title='bbox 293 576 394 644; x_wconf 60' lang='grc' dir='ltr'><strong>γὰρ</strong></span> <span class='ocrx_word' id='word_1_3' title='bbox 425 575 538 644; x_wconf 66' lang='grc' dir='ltr'><strong>ἔχει</strong></span> <span class='ocrx_word' id='word_1_4' title='bbox 571 576 935 650; x_wconf 75' lang='grc' dir='ltr'>περισσότερα</span> <span class='ocrx_word' id='word_1_5' title='bbox 968 580 1062 634; x_wconf 88' lang='grc' dir='ltr'><strong>τοῦ</strong></span> <span class='ocrx_word' id='word_1_6' title='bbox 1101 582 1332 648; x_wconf 75' lang='grc' dir='ltr'><strong>δέοντος,</strong></span> <span class='ocrx_word' id='word_1_7' title='bbox 1391 586 1421 650; x_wconf 76' lang='grc' dir='ltr'>ἥ</span> 
     </span>
    </p>
   </div>
   <div class='ocr_carea' id='block_1_3' title="bbox 290 669 1857 750">
    <p class='ocr_par' dir='ltr' id='par_1_3' title="bbox 290 669 1857 750">
     <span class='ocr_line' id='line_1_3' title="bbox 290 669 1857 750; baseline 0.009 -29"><span class='ocrx_word' id='word_1_8' title='bbox 290 670 396 723; x_wconf 79' lang='grc' dir='ltr'>ἀπὸ</span> <span class='ocrx_word' id='word_1_9' title='bbox 413 669 522 722; x_wconf 88' lang='grc' dir='ltr'><strong>τῶν</strong></span> <span class='ocrx_word' id='word_1_10' title='bbox 545 672 856 743; x_wconf 75' lang='grc' dir='ltr'>χρῃξόντων</span> <span class='ocrx_word' id='word_1_11' title='bbox 880 676 999 744; x_wconf 83' lang='grc' dir='ltr'>μὲν,</span> <span class='ocrx_word' id='word_1_12' title='bbox 1033 678 1107 748; x_wconf 84' lang='grc' dir='ltr'>μὴ</span> <span class='ocrx_word' id='word_1_13' title='bbox 1149 679 1536 750; x_wconf 89' lang='grc' dir='ltr'>λαμϐανόντων</span> <span class='ocrx_word' id='word_1_14' title='bbox 1586 682 1643 736; x_wconf 83' lang='grc' dir='ltr'>δὲ</span> <span class='ocrx_word' id='word_1_15' title='bbox 1675 682 1734 748; x_wconf 79' lang='grc' dir='ltr'>ἐξ</span> <span class='ocrx_word' id='word_1_16' title='bbox 1760 681 1857 737; x_wconf 67' lang='lat' dir='ltr'><strong>ati-</strong></span> 
     </span>
    </p>
   </div>
   <div class='ocr_carea' id='block_1_4' title="bbox 287 761 1856 845">
    <p class='ocr_par' dir='ltr' id='par_1_4' title="bbox 287 761 1856 845">
     <span class='ocr_line' id='line_1_4' title="bbox 287 761 1856 845; baseline 0.007 -29"><span class='ocrx_word' id='word_1_17' title='bbox 287 761 400 816; x_wconf 87' lang='grc' dir='ltr'>τοῦ.</span> <span class='ocrx_word' id='word_1_18' title='bbox 436 763 501 815; x_wconf 80' lang='lat' dir='ltr'><strong>Et</strong></span> <span class='ocrx_word' id='word_1_19' title='bbox 532 763 640 833; x_wconf 73' lang='grc' dir='ltr'><strong>γὰρ</strong></span> <span class='ocrx_word' id='word_1_20' title='bbox 670 766 751 827; x_wconf 87' lang='grc' dir='ltr'><strong>είς</strong></span> <span class='ocrx_word' id='word_1_21' title='bbox 782 767 959 819; x_wconf 81' lang='grc' dir='ltr'>κοινὸν</span> <span class='ocrx_word' id='word_1_22' title='bbox 1012 769 1186 823; x_wconf 88' lang='grc' dir='ltr'>ταῦτα</span> <span class='ocrx_word' id='word_1_23' title='bbox 1219 773 1543 842; x_wconf 82' lang='grc' dir='ltr'><strong>κατέθηκεν,</strong></span> <span class='ocrx_word' id='word_1_24' title='bbox 1592 769 1734 845; x_wconf 79' lang='grc' dir='ltr'>ἦσαν</span> <span class='ocrx_word' id='word_1_25' title='bbox 1789 774 1856 828; x_wconf 80' lang='grc' dir='ltr'>ἂν</span> 
     </span>
    </p>
   </div>
   <div class='ocr_carea' id='block_1_5' title="bbox 285 855 1857 931">
    <p class='ocr_par' dir='ltr' id='par_1_5' title="bbox 285 855 1857 931">
     <span class='ocr_line' id='line_1_5' title="bbox 285 855 1857 931; baseline 0.008 -23"><span class='ocrx_word' id='word_1_26' title='bbox 285 856 526 908; x_wconf 71' lang='grc' dir='ltr'>κὶκείνοι</span> <span class='ocrx_word' id='word_1_27' title='bbox 549 855 818 920; x_wconf 81' lang='grc' dir='ltr'>ἀνενδεεϊς</span> <span class='ocrx_word' id='word_1_28' title='bbox 839 873 853 886; x_wconf 85' lang='grc'><em>’</em></span> <span class='ocrx_word' id='word_1_29' title='bbox 883 858 978 911; x_wconf 92' lang='grc' dir='ltr'><strong>νῦν</strong></span> <span class='ocrx_word' id='word_1_30' title='bbox 997 859 1053 913; x_wconf 81' lang='grc' dir='ltr'>δὲ</span> <span class='ocrx_word' id='word_1_31' title='bbox 1085 861 1210 915; x_wconf 62' lang='grc' dir='ltr'><strong>ἐπεὶ⁹</strong></span> <span class='ocrx_word' id='word_1_32' title='bbox 1233 863 1523 918; x_wconf 83' lang='grc' dir='ltr'>ἀπέκλεισε</span> <span class='ocrx_word' id='word_1_33' title='bbox 1550 865 1742 931; x_wconf 85' lang='grc' dir='ltr'>ταῦτα,</span> <span class='ocrx_word' id='word_1_34' title='bbox 1763 867 1857 920; x_wconf 80' lang='grc' dir='ltr'>καὶ</span> 
     </span>
    </p>
   </div>
   <div class='ocr_carea' id='block_1_6' title="bbox 286 945 1857 1017">
    <p class='ocr_par' dir='ltr' id='par_1_6' title="bbox 286 945 1857 1017">
     <span class='ocr_line' id='line_1_6' title="bbox 286 945 1857 1017; baseline 0.01 -19"><span class='ocrx_word' id='word_1_35' title='bbox 286 945 668 1017; x_wconf 85' lang='grc' dir='ltr'>ίδιοποιήσατο,</span> <span class='ocrx_word' id='word_1_36' title='bbox 702 947 791 1001; x_wconf 77' lang='grc' dir='ltr'>διὰ</span> <span class='ocrx_word' id='word_1_37' title='bbox 839 949 1002 1004; x_wconf 89' lang='grc' dir='ltr'>τοῦτο</span> <span class='ocrx_word' id='word_1_38' title='bbox 1055 953 1311 1008; x_wconf 77' lang='grc' dir='ltr'><strong>πένονται</strong></span> <span class='ocrx_word' id='word_1_39' title='bbox 1357 958 1591 1011; x_wconf 87' lang='grc' dir='ltr'>ἐκεῖνοι·</span> <span class='ocrx_word' id='word_1_40' title='bbox 1653 957 1795 1012; x_wconf 83' lang='grc' dir='ltr'>ὥστε</span> <span class='ocrx_word' id='word_1_41' title='bbox 1828 962 1857 1013; x_wconf 86' lang='grc' dir='ltr'>ὁ</span> 
     </span>
    </p>
   </div>
   <div class='ocr_carea' id='block_1_7' title="bbox 283 1037 1858 1118">
    <p class='ocr_par' dir='ltr' id='par_1_7' title="bbox 283 1037 1858 1118">
     <span class='ocr_line' id='line_1_7' title="bbox 283 1037 1858 1118; baseline 0.011 -28"><span class='ocrx_word' id='word_1_42' title='bbox 283 1037 608 1108; x_wconf 84' lang='grc' dir='ltr'>ἀνελεήμων</span> <span class='ocrx_word' id='word_1_43' title='bbox 676 1039 860 1110; x_wconf 76' lang='grc' dir='ltr'>ἅρπαξ</span> <span class='ocrx_word' id='word_1_44' title='bbox 913 1044 1052 1108; x_wconf 66' lang='grc' dir='ltr'>ἐστὶ,</span> <span class='ocrx_word' id='word_1_45' title='bbox 1093 1047 1403 1113; x_wconf 80' lang='grc' dir='ltr'>τοσούτους</span> <span class='ocrx_word' id='word_1_46' title='bbox 1432 1051 1633 1105; x_wconf 86' lang='grc' dir='ltr'>ἀδικῶν</span> <span class='ocrx_word' id='word_1_47' title='bbox 1694 1052 1858 1118; x_wconf 82' lang='grc' dir='ltr'><strong>ὅσους</strong></span> 
     </span>
    </p>
   </div>
   <div class='ocr_carea' id='block_1_8' title="bbox 283 1133 1858 1215">
    <p class='ocr_par' dir='ltr' id='par_1_8' title="bbox 283 1133 1858 1215">
     <span class='ocr_line' id='line_1_8' title="bbox 283 1133 1858 1215; baseline 0.012 -32"><span class='ocrx_word' id='word_1_48' title='bbox 283 1133 591 1202; x_wconf 77' lang='grc' dir='ltr'><strong>εὐεργετεῖν</strong></span> <span class='ocrx_word' id='word_1_49' title='bbox 622 1133 872 1204; x_wconf 74' lang='grc' dir='ltr'>ἠδύνατο,</span> <span class='ocrx_word' id='word_1_50' title='bbox 901 1139 995 1191; x_wconf 78' lang='grc' dir='ltr'>καὶ</span> <span class='ocrx_word' id='word_1_51' title='bbox 1033 1142 1134 1192; x_wconf 88' lang='grc' dir='ltr'>οὐκ</span> <span class='ocrx_word' id='word_1_52' title='bbox 1179 1142 1571 1215; x_wconf 79' lang='grc' dir='ltr'><strong>εὐηργέτησεν,</strong></span> <span class='ocrx_word' id='word_1_53' title='bbox 1603 1147 1725 1200; x_wconf 85' lang='grc' dir='ltr'>ὅθεν</span> <span class='ocrx_word' id='word_1_54' title='bbox 1751 1148 1858 1201; x_wconf 89' lang='grc' dir='ltr'>ἀπ-</span> 
     </span>
    </p>
   </div>
   <div class='ocr_carea' id='block_1_9' title="bbox 283 1220 1858 1307">
    <p class='ocr_par' dir='ltr' id='par_1_9' title="bbox 283 1220 1858 1307">
     <span class='ocr_line' id='line_1_9' title="bbox 283 1220 1858 1307; baseline 0.01 -31"><span class='ocrx_word' id='word_1_55' title='bbox 283 1222 596 1278; x_wconf 79' lang='grc' dir='ltr'>ελεύσονται</span> <span class='ocrx_word' id='word_1_56' title='bbox 630 1220 776 1280; x_wconf 81' lang='grc' dir='ltr'>οῦτοι</span> <span class='ocrx_word' id='word_1_57' title='bbox 802 1230 884 1291; x_wconf 87' lang='grc' dir='ltr'><strong>είς</strong></span> <span class='ocrx_word' id='word_1_58' title='bbox 937 1230 1160 1285; x_wconf 86' lang='grc' dir='ltr'>κόλασιν</span> <span class='ocrx_word' id='word_1_59' title='bbox 1191 1233 1408 1289; x_wconf 81' lang='grc' dir='ltr'>αἰώνιον</span> <span class='ocrx_word' id='word_1_60' title='bbox 1437 1238 1530 1290; x_wconf 73' lang='grc' dir='ltr'>καὶ</span> <span class='ocrx_word' id='word_1_61' title='bbox 1589 1238 1858 1307; x_wconf 86' lang='grc' dir='ltr'>μηδέποτε</span> 
     </span>
    </p>
   </div>
   <div class='ocr_carea' id='block_1_10' title="bbox 284 1315 1858 1396">
    <p class='ocr_par' dir='ltr' id='par_1_10' title="bbox 284 1315 1858 1396">
     <span class='ocr_line' id='line_1_10' title="bbox 284 1315 1858 1396; baseline 0.01 -30"><span class='ocrx_word' id='word_1_62' title='bbox 284 1315 592 1384; x_wconf 80' lang='grc' dir='ltr'>λήγουσαν·</span> <span class='ocrx_word' id='word_1_63' title='bbox 626 1318 675 1370; x_wconf 87' lang='grc' dir='ltr'><strong>οί</strong></span> <span class='ocrx_word' id='word_1_64' title='bbox 714 1317 772 1371; x_wconf 85' lang='grc' dir='ltr'><strong>δέ</strong></span> <span class='ocrx_word' id='word_1_65' title='bbox 799 1317 1001 1373; x_wconf 87' lang='grc' dir='ltr'>δίκαιοι</span> <span class='ocrx_word' id='word_1_66' title='bbox 1044 1323 1124 1385; x_wconf 86' lang='grc' dir='ltr'><strong>εἰς</strong></span> <span class='ocrx_word' id='word_1_67' title='bbox 1175 1321 1322 1396; x_wconf 81' lang='grc' dir='ltr'>ζωὴν</span> <span class='ocrx_word' id='word_1_68' title='bbox 1377 1326 1615 1383; x_wconf 86' lang='grc' dir='ltr'>αίώνιον.</span> <span class='ocrx_word' id='word_1_69' title='bbox 1648 1331 1858 1395; x_wconf 79' lang='grc' dir='ltr'>Ὥσπερ</span> 
     </span>
    </p>
   </div>
   <div class='ocr_carea' id='block_1_11' title="bbox 283 1407 1858 1488">
    <p class='ocr_par' dir='ltr' id='par_1_11' title="bbox 283 1407 1858 1488">
     <span class='ocr_line' id='line_1_11' title="bbox 283 1407 1858 1488; baseline 0.009 -29"><span class='ocrx_word' id='word_1_70' title='bbox 283 1407 391 1477; x_wconf 86' lang='grc' dir='ltr'><strong>γάρ</strong></span> <span class='ocrx_word' id='word_1_71' title='bbox 419 1409 470 1460; x_wconf 76' lang='lat' dir='ltr'><strong>oi</strong></span> <span class='ocrx_word' id='word_1_72' title='bbox 513 1409 661 1477; x_wconf 82' lang='grc' dir='ltr'>ἆγιοι</span> <span class='ocrx_word' id='word_1_73' title='bbox 710 1410 989 1466; x_wconf 81' lang='grc' dir='ltr'>ἄπαυστον</span> <span class='ocrx_word' id='word_1_74' title='bbox 1039 1413 1223 1482; x_wconf 80' lang='grc' dir='ltr'>ἔχουσι</span> <span class='ocrx_word' id='word_1_75' title='bbox 1254 1417 1448 1488; x_wconf 73' lang='grc' dir='ltr'>χαρὰν,</span> <span class='ocrx_word' id='word_1_76' title='bbox 1479 1418 1621 1472; x_wconf 73' lang='grc' dir='ltr'>οὕτω</span> <span class='ocrx_word' id='word_1_77' title='bbox 1675 1420 1771 1472; x_wconf 75' lang='grc' dir='ltr'>καὶ</span> <span class='ocrx_word' id='word_1_78' title='bbox 1809 1421 1858 1473; x_wconf 83' lang='lat' dir='ltr'><strong>oi</strong></span> 
     </span>
    </p>
   </div>
   <div class='ocr_carea' id='block_1_12' title="bbox 281 1500 1860 1583">
    <p class='ocr_par' dir='ltr' id='par_1_12' title="bbox 281 1500 1860 1583">
     <span class='ocr_line' id='line_1_12' title="bbox 281 1500 1860 1583; baseline 0.009 -31"><span class='ocrx_word' id='word_1_79' title='bbox 281 1500 460 1552; x_wconf 75' lang='grc' dir='ltr'>ἄδικοι</span> <span class='ocrx_word' id='word_1_80' title='bbox 489 1500 767 1555; x_wconf 77' lang='grc' dir='ltr'>ἄπαυστον</span> <span class='ocrx_word' id='word_1_81' title='bbox 794 1503 1037 1570; x_wconf 76' lang='grc' dir='ltr'>κόλασιν,</span> <span class='ocrx_word' id='word_1_82' title='bbox 1062 1506 1163 1560; x_wconf 80' lang='grc' dir='ltr'>κᾶν</span> <span class='ocrx_word' id='word_1_83' title='bbox 1209 1507 1488 1579; x_wconf 82' lang='grc' dir='ltr'>Ὠριγένης</span> <span class='ocrx_word' id='word_1_84' title='bbox 1519 1511 1734 1583; x_wconf 82' lang='grc' dir='ltr'>φλυαρῇ</span> <span class='ocrx_word' id='word_1_85' title='bbox 1769 1513 1860 1567; x_wconf 88' lang='grc' dir='ltr'>λέ-</span> 
     </span>
    </p>
   </div>
   <div class='ocr_carea' id='block_1_13' title="bbox 284 1591 1860 1678">
    <p class='ocr_par' dir='ltr' id='par_1_13' title="bbox 284 1591 1860 1678">
     <span class='ocr_line' id='line_1_13' title="bbox 284 1591 1860 1678; baseline 0.012 -37"><span class='ocrx_word' id='word_1_86' title='bbox 284 1607 394 1654; x_wconf 83' lang='grc' dir='ltr'><strong>γων</strong></span> <span class='ocrx_word' id='word_1_87' title='bbox 425 1591 510 1644; x_wconf 86' lang='grc' dir='ltr'>ὅτι</span> <span class='ocrx_word' id='word_1_88' title='bbox 550 1593 668 1646; x_wconf 77' lang='grc' dir='ltr'>ἐστὶ</span> <span class='ocrx_word' id='word_1_89' title='bbox 719 1594 994 1661; x_wconf 83' lang='grc' dir='ltr'>κολάσεως</span> <span class='ocrx_word' id='word_1_90' title='bbox 1038 1597 1211 1663; x_wconf 82' lang='grc' dir='ltr'>τέλος,</span> <span class='ocrx_word' id='word_1_91' title='bbox 1239 1601 1332 1653; x_wconf 62' lang='grc' dir='ltr'><strong>καί⁵</strong></span> <span class='ocrx_word' id='word_1_92' title='bbox 1363 1602 1465 1655; x_wconf 76' lang='grc' dir='ltr'>οὐκ</span> <span class='ocrx_word' id='word_1_93' title='bbox 1495 1603 1584 1657; x_wconf 77' lang='grc' dir='ltr'>ἀεὶ</span> <span class='ocrx_word' id='word_1_94' title='bbox 1613 1622 1860 1678; x_wconf 85' lang='grc' dir='ltr'>τιμωρη-</span> 
     </span>
    </p>
   </div>
   <div class='ocr_carea' id='block_1_14' title="bbox 283 1677 1861 1757">
    <p class='ocr_par' dir='ltr' id='par_1_14' title="bbox 283 1677 1861 1757">
     <span class='ocr_line' id='line_1_14' title="bbox 283 1677 1861 1757; baseline 0.013 -28"><span class='ocrx_word' id='word_1_95' title='bbox 283 1677 541 1748; x_wconf 83' lang='grc' dir='ltr'>θήσονται</span> <span class='ocrx_word' id='word_1_96' title='bbox 573 1683 622 1735; x_wconf 89' lang='grc' dir='ltr'><strong>οί</strong></span> <span class='ocrx_word' id='word_1_97' title='bbox 659 1683 996 1754; x_wconf 75' lang='grc' dir='ltr'>ἁμαρτωλοὶ,</span> <span class='ocrx_word' id='word_1_98' title='bbox 1029 1686 1154 1741; x_wconf 67' lang='grc' dir='ltr'>ἀλλ’</span> <span class='ocrx_word' id='word_1_99' title='bbox 1191 1688 1370 1752; x_wconf 76' lang='grc' dir='ltr'>ἔσται,</span> <span class='ocrx_word' id='word_1_100' title='bbox 1395 1692 1484 1746; x_wconf 86' lang='grc' dir='ltr'>ὅτε</span> <span class='ocrx_word' id='word_1_101' title='bbox 1523 1694 1601 1757; x_wconf 86' lang='grc' dir='ltr'><strong>είς</strong></span> <span class='ocrx_word' id='word_1_102' title='bbox 1629 1694 1722 1749; x_wconf 82' lang='grc' dir='ltr'>τὸν</span> <span class='ocrx_word' id='word_1_103' title='bbox 1750 1696 1861 1749; x_wconf 88' lang='grc' dir='ltr'><strong>τῶν</strong></span> 
     </span>
    </p>
   </div>
   <div class='ocr_carea' id='block_1_15' title="bbox 281 1766 1864 1859">
    <p class='ocr_par' dir='ltr' id='par_1_15' title="bbox 281 1766 1864 1859">
     <span class='ocr_line' id='line_1_15' title="bbox 281 1766 1864 1859; baseline 0.014 -40"><span class='ocrx_word' id='word_1_104' title='bbox 281 1766 510 1822; x_wconf 85' lang='grc' dir='ltr'>δικαίων</span> <span class='ocrx_word' id='word_1_105' title='bbox 533 1770 699 1826; x_wconf 87' lang='grc' dir='ltr'>τόπον</span> <span class='ocrx_word' id='word_1_106' title='bbox 733 1773 1067 1841; x_wconf 78' lang='grc' dir='ltr'>ἐλεύσονται,</span> <span class='ocrx_word' id='word_1_107' title='bbox 1099 1777 1189 1832; x_wconf 80' lang='grc' dir='ltr'>διὰ</span> <span class='ocrx_word' id='word_1_108' title='bbox 1221 1779 1320 1850; x_wconf 85' lang='grc' dir='ltr'>τῆς</span> <span class='ocrx_word' id='word_1_109' title='bbox 1346 1782 1624 1848; x_wconf 76' lang='grc' dir='ltr'>κολάσεως</span> <span class='ocrx_word' id='word_1_110' title='bbox 1657 1786 1864 1859; x_wconf 88' lang='grc' dir='ltr'>καθαρ-</span> 
     </span>
    </p>
   </div>
   <div class='ocr_carea' id='block_1_16' title="bbox 281 1859 1860 1948">
    <p class='ocr_par' dir='ltr' id='par_1_16' title="bbox 281 1859 1860 1948">
     <span class='ocr_line' id='line_1_16' title="bbox 281 1859 1860 1948; baseline 0.013 -34"><span class='ocrx_word' id='word_1_111' title='bbox 281 1859 491 1925; x_wconf 78' lang='grc' dir='ltr'>θέντες.</span> <span class='ocrx_word' id='word_1_112' title='bbox 563 1863 878 1935; x_wconf 79' lang='grc' dir='ltr'>Ἒλέγχεται</span> <span class='ocrx_word' id='word_1_113' title='bbox 929 1868 1040 1940; x_wconf 81' lang='grc' dir='ltr'>γὰρ</span> <span class='ocrx_word' id='word_1_114' title='bbox 1090 1871 1341 1926; x_wconf 86' lang='grc' dir='ltr'>ἐντεῦθεν</span> <span class='ocrx_word' id='word_1_115' title='bbox 1391 1877 1662 1948; x_wconf 82' lang='grc' dir='ltr'>φανερῶς,</span> <span class='ocrx_word' id='word_1_116' title='bbox 1701 1881 1860 1934; x_wconf 86' lang='grc' dir='ltr'>τοῦτο</span> 
     </span>
    </p>
   </div>
   <div class='ocr_carea' id='block_1_17' title="bbox 284 1952 1859 2036">
    <p class='ocr_par' dir='ltr' id='par_1_17' title="bbox 284 1952 1859 2036">
     <span class='ocr_line' id='line_1_17' title="bbox 284 1952 1859 2036; baseline 0.015 -31"><span class='ocrx_word' id='word_1_117' title='bbox 284 1953 408 2020; x_wconf 78' lang='grc' dir='ltr'>μὲν,</span> <span class='ocrx_word' id='word_1_118' title='bbox 438 1955 496 2008; x_wconf 81' lang='grc' dir='ltr'><strong>ἐν</strong></span> <span class='ocrx_word' id='word_1_119' title='bbox 517 1952 600 2020; x_wconf 77' lang='grc' dir='ltr'>οἷς</span> <span class='ocrx_word' id='word_1_120' title='bbox 638 1957 784 2027; x_wconf 80' lang='grc' dir='ltr'>λέγει</span> <span class='ocrx_word' id='word_1_121' title='bbox 828 1962 856 2014; x_wconf 80' lang='grc' dir='ltr'>ὁ</span> <span class='ocrx_word' id='word_1_122' title='bbox 887 1960 1090 2033; x_wconf 83' lang='grc' dir='ltr'>Κύριος</span> <span class='ocrx_word' id='word_1_123' title='bbox 1110 1979 1124 1994; x_wconf 64' lang='grc' dir='ltr'>θ</span> <span class='ocrx_word' id='word_1_124' title='bbox 1167 1964 1386 2020; x_wconf 88' lang='grc' dir='ltr'>κόλασιν</span> <span class='ocrx_word' id='word_1_125' title='bbox 1426 1969 1669 2036; x_wconf 74' lang='grc' dir='ltr'>αἰώνιον,</span> <span class='ocrx_word' id='word_1_126' title='bbox 1701 1989 1859 2028; x_wconf 79' lang='grc' dir='ltr'>τουτ-</span> 
     </span>
    </p>
   </div>
   <div class='ocr_carea' id='block_1_18' title="bbox 280 2046 1861 2135">
    <p class='ocr_par' dir='ltr' id='par_1_18' title="bbox 280 2046 1861 2135">
     <span class='ocr_line' id='line_1_18' title="bbox 280 2046 1861 2135; baseline 0.012 -36"><span class='ocrx_word' id='word_1_127' title='bbox 280 2046 432 2100; x_wconf 70' lang='grc' dir='ltr'>ἐστιν</span> <span class='ocrx_word' id='word_1_128' title='bbox 481 2048 736 2104; x_wconf 85' lang='grc' dir='ltr'>οὐδέποτε</span> <span class='ocrx_word' id='word_1_129' title='bbox 764 2052 1058 2123; x_wconf 83' lang='grc' dir='ltr'>λήγουσαν,</span> <span class='ocrx_word' id='word_1_130' title='bbox 1117 2057 1274 2110; x_wconf 88' lang='grc' dir='ltr'>τοῦτο</span> <span class='ocrx_word' id='word_1_131' title='bbox 1301 2058 1388 2124; x_wconf 84' lang='grc' dir='ltr'>δὲ,</span> <span class='ocrx_word' id='word_1_132' title='bbox 1424 2061 1483 2113; x_wconf 85' lang='grc' dir='ltr'><strong>ἐν</strong></span> <span class='ocrx_word' id='word_1_133' title='bbox 1538 2054 1620 2127; x_wconf 71' lang='grc' dir='ltr'>οἷς</span> <span class='ocrx_word' id='word_1_134' title='bbox 1653 2063 1861 2135; x_wconf 84' lang='grc' dir='ltr'>προϐά-</span> 
     </span>
    </p>
   </div>
   <div class='ocr_carea' id='block_1_19' title="bbox 279 2141 1859 2224">
    <p class='ocr_par' dir='ltr' id='par_1_19' title="bbox 279 2141 1859 2224">
     <span class='ocr_line' id='line_1_19' title="bbox 279 2141 1859 2224; baseline 0.012 -32"><span class='ocrx_word' id='word_1_135' title='bbox 279 2155 398 2203; x_wconf 86' lang='grc' dir='ltr'>τοις</span> <span class='ocrx_word' id='word_1_136' title='bbox 434 2141 533 2210; x_wconf 84' lang='grc' dir='ltr'><strong>μέν</strong></span> <span class='ocrx_word' id='word_1_137' title='bbox 589 2145 916 2213; x_wconf 72' lang='grc' dir='ltr'>παρεικάζει</span> <span class='ocrx_word' id='word_1_138' title='bbox 959 2149 1084 2212; x_wconf 75' lang='grc' dir='ltr'>τοὺς</span> <span class='ocrx_word' id='word_1_139' title='bbox 1122 2148 1386 2217; x_wconf 89' lang='grc' dir='ltr'>δικαίους,</span> <span class='ocrx_word' id='word_1_140' title='bbox 1416 2153 1622 2224; x_wconf 76' lang='grc' dir='ltr'>ἐρίφοις</span> <span class='ocrx_word' id='word_1_141' title='bbox 1649 2155 1706 2209; x_wconf 81' lang='grc' dir='ltr'>δὲ</span> <span class='ocrx_word' id='word_1_142' title='bbox 1733 2158 1859 2222; x_wconf 81' lang='grc' dir='ltr'>τοὺς</span> 
     </span>
    </p>
   </div>
   <div class='ocr_carea' id='block_1_20' title="bbox 284 2231 1861 2318">
    <p class='ocr_par' dir='ltr' id='par_1_20' title="bbox 284 2231 1861 2318">
     <span class='ocr_line' id='line_1_20' title="bbox 284 2231 1861 2318; baseline 0.012 -36"><span class='ocrx_word' id='word_1_143' title='bbox 284 2231 674 2302; x_wconf 82' lang='grc' dir='ltr'>ἁμαρτωλούς.</span> <span class='ocrx_word' id='word_1_144' title='bbox 717 2235 929 2307; x_wconf 84' lang='grc' dir='ltr'>Ὠσπερ</span> <span class='ocrx_word' id='word_1_145' title='bbox 965 2237 1074 2309; x_wconf 83' lang='grc' dir='ltr'><strong>γὰρ</strong></span> <span class='ocrx_word' id='word_1_146' title='bbox 1110 2239 1299 2310; x_wconf 82' lang='grc' dir='ltr'>ἔριφος</span> <span class='ocrx_word' id='word_1_147' title='bbox 1351 2243 1452 2296; x_wconf 86' lang='grc' dir='ltr'>οὐκ</span> <span class='ocrx_word' id='word_1_148' title='bbox 1483 2245 1547 2298; x_wconf 77' lang='grc' dir='ltr'>ἄν</span> <span class='ocrx_word' id='word_1_149' title='bbox 1603 2247 1861 2318; x_wconf 73' lang='grc' dir='ltr'>ποτε.γέο</span> 
     </span>
    </p>
   </div>
   <div class='ocr_carea' id='block_1_21' title="bbox 281 2325 1858 2411">
    <p class='ocr_par' dir='ltr' id='par_1_21' title="bbox 281 2325 1858 2411">
     <span class='ocr_line' id='line_1_21' title="bbox 281 2325 1858 2411; baseline 0.013 -37"><span class='ocrx_word' id='word_1_150' title='bbox 281 2339 428 2376; x_wconf 84' lang='grc' dir='ltr'>νοιτο</span> <span class='ocrx_word' id='word_1_151' title='bbox 464 2325 755 2396; x_wconf 80' lang='grc' dir='ltr'>πρόϐατον,</span> <span class='ocrx_word' id='word_1_152' title='bbox 811 2328 982 2394; x_wconf 88' lang='grc' dir='ltr'>οῦτως</span> <span class='ocrx_word' id='word_1_153' title='bbox 1009 2332 1130 2387; x_wconf 79' lang='grc' dir='ltr'>οὐδὲ</span> <span class='ocrx_word' id='word_1_154' title='bbox 1160 2334 1189 2386; x_wconf 84' lang='grc' dir='ltr'>ὀ</span> <span class='ocrx_word' id='word_1_155' title='bbox 1219 2334 1540 2406; x_wconf 83' lang='grc' dir='ltr'>ἁμαρτωλὸς</span> <span class='ocrx_word' id='word_1_156' title='bbox 1573 2340 1858 2411; x_wconf 87' lang='grc' dir='ltr'>καθαρθή-</span> 
     </span>
    </p>
   </div>
   <div class='ocr_carea' id='block_1_22' title="bbox 283 2415 1860 2496">
    <p class='ocr_par' dir='ltr' id='par_1_22' title="bbox 283 2415 1860 2496">
     <span class='ocr_line' id='line_1_22' title="bbox 283 2415 1860 2496; baseline 0.011 -30"><span class='ocrx_word' id='word_1_157' title='bbox 283 2415 439 2469; x_wconf 78' lang='grc' dir='ltr'>σεταί</span> <span class='ocrx_word' id='word_1_158' title='bbox 463 2432 613 2481; x_wconf 86' lang='grc' dir='ltr'>ποτε,</span> <span class='ocrx_word' id='word_1_159' title='bbox 638 2418 734 2470; x_wconf 72' lang='grc' dir='ltr'><strong>καὶ</strong></span> <span class='ocrx_word' id='word_1_160' title='bbox 759 2418 962 2483; x_wconf 81' lang='grc' dir='ltr'>δίκαιος</span> <span class='ocrx_word' id='word_1_161' title='bbox 992 2423 1285 2492; x_wconf 86' lang='grc' dir='ltr'>γενήσεται</span> <span class='ocrx_word' id='word_1_162' title='bbox 1304 2440 1317 2454; x_wconf 83' lang='lat'><strong><em>°</em></strong></span> <span class='ocrx_word' id='word_1_163' title='bbox 1352 2426 1542 2490; x_wconf 89' lang='grc' dir='ltr'>σκότος</span> <span class='ocrx_word' id='word_1_164' title='bbox 1577 2427 1633 2482; x_wconf 85' lang='grc' dir='ltr'>δὲ</span> <span class='ocrx_word' id='word_1_165' title='bbox 1665 2428 1860 2496; x_wconf 83' lang='grc' dir='ltr'>ἐξώτε-</span> 
     </span>
    </p>
   </div>
   <div class='ocr_carea' id='block_1_23' title="bbox 283 2508 1859 2583">
    <p class='ocr_par' dir='ltr' id='par_1_23' title="bbox 283 2508 1859 2583">
     <span class='ocr_line' id='line_1_23' title="bbox 283 2508 1859 2583; baseline 0.012 -27"><span class='ocrx_word' id='word_1_166' title='bbox 283 2523 406 2578; x_wconf 76' lang='grc' dir='ltr'>ρον,</span> <span class='ocrx_word' id='word_1_167' title='bbox 457 2511 518 2559; x_wconf 86' lang='grc' dir='ltr'><strong>τδ</strong></span> <span class='ocrx_word' id='word_1_168' title='bbox 566 2508 914 2580; x_wconf 74' lang='grc' dir='ltr'>πορρώτερον</span> <span class='ocrx_word' id='word_1_169' title='bbox 943 2511 1035 2564; x_wconf 91' lang='grc' dir='ltr'><strong>τοῦ</strong></span> <span class='ocrx_word' id='word_1_170' title='bbox 1066 2513 1243 2580; x_wconf 82' lang='grc' dir='ltr'>φωτὸς</span> <span class='ocrx_word' id='word_1_171' title='bbox 1272 2514 1368 2568; x_wconf 89' lang='grc' dir='ltr'><strong>τοῦ</strong></span> <span class='ocrx_word' id='word_1_172' title='bbox 1414 2516 1583 2583; x_wconf 82' lang='grc' dir='ltr'>θείου,</span> <span class='ocrx_word' id='word_1_173' title='bbox 1616 2520 1711 2573; x_wconf 78' lang='grc' dir='ltr'>καὶ</span> <span class='ocrx_word' id='word_1_174' title='bbox 1769 2520 1859 2575; x_wconf 88' lang='grc' dir='ltr'><strong>διά</strong></span> 
     </span>
    </p>
   </div>
   <div class='ocr_carea' id='block_1_24' title="bbox 278 2597 1858 2679">
    <p class='ocr_par' dir='ltr' id='par_1_24' title="bbox 278 2597 1858 2679">
     <span class='ocr_line' id='line_1_24' title="bbox 278 2597 1858 2679; baseline 0.009 -27"><span class='ocrx_word' id='word_1_175' title='bbox 278 2597 444 2652; x_wconf 78' lang='grc' dir='ltr'>τοῦτο</span> <span class='ocrx_word' id='word_1_176' title='bbox 471 2601 568 2653; x_wconf 71' lang='grc' dir='ltr'>καὶ</span> <span class='ocrx_word' id='word_1_177' title='bbox 595 2599 983 2671; x_wconf 81' lang='grc' dir='ltr'>χαλεπωτέραν</span> <span class='ocrx_word' id='word_1_178' title='bbox 1008 2604 1193 2659; x_wconf 91' lang='grc' dir='ltr'>ποιοῦν</span> <span class='ocrx_word' id='word_1_179' title='bbox 1215 2606 1313 2679; x_wconf 78' lang='grc' dir='ltr'>τὴν</span> <span class='ocrx_word' id='word_1_180' title='bbox 1344 2607 1586 2665; x_wconf 89' lang='grc' dir='ltr'>κόλασιν.</span> <span class='ocrx_word' id='word_1_181' title='bbox 1613 2612 1768 2664; x_wconf 84' lang='grc' dir='ltr'>Ἔστι</span> <span class='ocrx_word' id='word_1_182' title='bbox 1801 2612 1858 2666; x_wconf 83' lang='grc' dir='ltr'>δὲ</span> 
     </span>
    </p>
   </div>
   <div class='ocr_carea' id='block_1_25' title="bbox 285 2691 1859 2774">
    <p class='ocr_par' dir='ltr' id='par_1_25' title="bbox 285 2691 1859 2774">
     <span class='ocr_line' id='line_1_25' title="bbox 285 2691 1859 2774; baseline 0.009 -31"><span class='ocrx_word' id='word_1_183' title='bbox 285 2691 385 2744; x_wconf 80' lang='grc' dir='ltr'><strong>καί</strong></span> <span class='ocrx_word' id='word_1_184' title='bbox 411 2693 589 2744; x_wconf 78' lang='grc' dir='ltr'>αἰτίαν</span> <span class='ocrx_word' id='word_1_185' title='bbox 613 2693 773 2764; x_wconf 84' lang='grc' dir='ltr'>τήνδε</span> <span class='ocrx_word' id='word_1_186' title='bbox 803 2694 980 2749; x_wconf 82' lang='grc' dir='ltr'>εἰπεῖν</span> <span class='ocrx_word' id='word_1_187' title='bbox 1011 2698 1092 2762; x_wconf 86' lang='grc' dir='ltr'><strong>είς</strong></span> <span class='ocrx_word' id='word_1_188' title='bbox 1129 2698 1308 2765; x_wconf 88' lang='grc' dir='ltr'>τοῦτο,</span> <span class='ocrx_word' id='word_1_189' title='bbox 1341 2703 1370 2754; x_wconf 85' lang='grc' dir='ltr'><strong>ό</strong></span> <span class='ocrx_word' id='word_1_190' title='bbox 1402 2702 1727 2774; x_wconf 77' lang='grc' dir='ltr'>ἁμαρτωλὸς</span> <span class='ocrx_word' id='word_1_191' title='bbox 1763 2705 1859 2758; x_wconf 78' lang='grc' dir='ltr'>καὶ</span> 
     </span>
    </p>
   </div>
   <div class='ocr_carea' id='block_1_26' title="bbox 282 2782 1861 2866">
    <p class='ocr_par' dir='ltr' id='par_1_26' title="bbox 282 2782 1861 2866">
     <span class='ocr_line' id='line_1_26' title="bbox 282 2782 1861 2866; baseline 0.012 -33"><span class='ocrx_word' id='word_1_192' title='bbox 282 2782 520 2838; x_wconf 79' lang='grc' dir='ltr'>ἐνταῦθα</span> <span class='ocrx_word' id='word_1_193' title='bbox 557 2785 654 2852; x_wconf 87' lang='grc' dir='ltr'>μὲν</span> <span class='ocrx_word' id='word_1_194' title='bbox 686 2786 876 2850; x_wconf 84' lang='grc' dir='ltr'>σκότος</span> <span class='ocrx_word' id='word_1_195' title='bbox 908 2788 1042 2860; x_wconf 82' lang='grc' dir='ltr'>ἔχει,</span> <span class='ocrx_word' id='word_1_196' title='bbox 1105 2793 1354 2847; x_wconf 86' lang='grc' dir='ltr'>ἐκπεσὼν</span> <span class='ocrx_word' id='word_1_197' title='bbox 1380 2794 1474 2848; x_wconf 87' lang='grc' dir='ltr'><strong>τοῦ</strong></span> <span class='ocrx_word' id='word_1_198' title='bbox 1523 2797 1620 2866; x_wconf 83' lang='grc' dir='ltr'>τῆς</span> <span class='ocrx_word' id='word_1_199' title='bbox 1653 2797 1861 2853; x_wconf 83' lang='grc' dir='ltr'>δικαιο-</span> 
     </span>
    </p>
   </div>
   <div class='ocr_carea' id='block_1_27' title="bbox 287 2871 1859 2957">
    <p class='ocr_par' dir='ltr' id='par_1_27' title="bbox 287 2871 1859 2957">
     <span class='ocr_line' id='line_1_27' title="bbox 287 2871 1859 2957; baseline 0.014 -35"><span class='ocrx_word' id='word_1_200' title='bbox 287 2871 456 2942; x_wconf 81' lang='grc' dir='ltr'>σύνης</span> <span class='ocrx_word' id='word_1_201' title='bbox 485 2873 691 2938; x_wconf 79' lang='grc' dir='ltr'>Ἠλίου,</span> <span class='ocrx_word' id='word_1_202' title='bbox 726 2875 840 2929; x_wconf 81' lang='grc' dir='ltr'>ἀλλ’</span> <span class='ocrx_word' id='word_1_203' title='bbox 871 2881 993 2933; x_wconf 80' lang='grc' dir='ltr'>ἐπεὶ</span> <span class='ocrx_word' id='word_1_204' title='bbox 1021 2881 1176 2948; x_wconf 90' lang='grc' dir='ltr'>ἐλπίς</span> <span class='ocrx_word' id='word_1_205' title='bbox 1232 2885 1348 2938; x_wconf 86' lang='grc' dir='ltr'>ἐστι</span> <span class='ocrx_word' id='word_1_206' title='bbox 1387 2887 1711 2957; x_wconf 81' lang='grc' dir='ltr'>μεταϐολῆς,</span> <span class='ocrx_word' id='word_1_207' title='bbox 1769 2890 1859 2945; x_wconf 79' lang='grc' dir='ltr'><strong>διὰ</strong></span> 
     </span>
    </p>
   </div>
   <div class='ocr_carea' id='block_1_28' title="bbox 283 2962 1860 3052">
    <p class='ocr_par' dir='ltr' id='par_1_28' title="bbox 283 2962 1860 3052">
     <span class='ocr_line' id='line_1_28' title="bbox 283 2962 1860 3052; baseline 0.015 -39"><span class='ocrx_word' id='word_1_208' title='bbox 283 2962 446 3016; x_wconf 85' lang='grc' dir='ltr'>τοῦτο</span> <span class='ocrx_word' id='word_1_209' title='bbox 473 2964 572 3018; x_wconf 84' lang='grc' dir='ltr'>οὐκ</span> <span class='ocrx_word' id='word_1_210' title='bbox 600 2965 716 3020; x_wconf 81' lang='grc' dir='ltr'>ἔστι</span> <span class='ocrx_word' id='word_1_211' title='bbox 743 2968 804 3022; x_wconf 84' lang='grc' dir='ltr'>τὸ</span> <span class='ocrx_word' id='word_1_212' title='bbox 839 2971 1029 3037; x_wconf 87' lang='grc' dir='ltr'>σκότος</span> <span class='ocrx_word' id='word_1_213' title='bbox 1055 2974 1214 3028; x_wconf 89' lang='grc' dir='ltr'>τοῦτο</span> <span class='ocrx_word' id='word_1_214' title='bbox 1237 2975 1500 3048; x_wconf 75' lang='grc' dir='ltr'>ἐξώτερον</span> <span class='ocrx_word' id='word_1_215' title='bbox 1525 2997 1540 3011; x_wconf 77' lang='grc' dir='ltr'><strong>ο</strong></span> <span class='ocrx_word' id='word_1_216' title='bbox 1569 2980 1702 3052; x_wconf 83' lang='grc' dir='ltr'><strong>μεθὸ</strong></span> <span class='ocrx_word' id='word_1_217' title='bbox 1733 2982 1860 3052; x_wconf 81' lang='grc' dir='ltr'><strong>μὲν-</strong></span> 
     </span>
    </p>
   </div>
   <div class='ocr_carea' id='block_1_29' title="bbox 282 3058 1859 3146">
    <p class='ocr_par' dir='ltr' id='par_1_29' title="bbox 282 3058 1859 3146">
     <span class='ocr_line' id='line_1_29' title="bbox 282 3058 1859 3146; baseline 0.014 -38"><span class='ocrx_word' id='word_1_218' title='bbox 282 3073 370 3109; x_wconf 86' lang='grc' dir='ltr'><strong>τοι</strong></span> <span class='ocrx_word' id='word_1_219' title='bbox 422 3058 700 3126; x_wconf 74' lang='grc' dir='ltr'>ἀποθάνοι,</span> <span class='ocrx_word' id='word_1_220' title='bbox 749 3063 846 3118; x_wconf 79' lang='grc' dir='ltr'>καὶ</span> <span class='ocrx_word' id='word_1_221' title='bbox 873 3065 1130 3137; x_wconf 76' lang='grc' dir='ltr'>ἐπισταίη</span> <span class='ocrx_word' id='word_1_222' title='bbox 1285 3071 1393 3123; x_wconf 90' lang='grc' dir='ltr'><strong>τῶν</strong></span> <span class='ocrx_word' id='word_1_223' title='bbox 1450 3075 1859 3146; x_wconf 81' lang='grc' dir='ltr'>πεπραγμένων</span> 
     </span>
    </p>
   </div>
   <div class='ocr_carea' id='block_1_30' title="bbox 282 3140 1870 3234">
    <p class='ocr_par' dir='ltr' id='par_1_30' title="bbox 282 3140 1870 3234">
     <span class='ocr_line' id='line_1_30' title="bbox 282 3140 1870 3234; baseline 0.012 -33"><span class='ocrx_word' id='word_1_224' title='bbox 282 3149 559 3218; x_wconf 80' lang='grc' dir='ltr'>ἐξέτασις,</span> <span class='ocrx_word' id='word_1_225' title='bbox 601 3154 905 3224; x_wconf 82' lang='grc' dir='ltr'>διαδέχεται</span> <span class='ocrx_word' id='word_1_226' title='bbox 962 3158 1124 3212; x_wconf 78' lang='grc' dir='ltr'>αὑτὸν</span> <span class='ocrx_word' id='word_1_227' title='bbox 1175 3140 1270 3215; x_wconf 62' lang='grc' dir='ltr'>καὶ</span> <span class='ocrx_word' id='word_1_228' title='bbox 1303 3140 1610 3234; x_wconf 35' lang='grc' dir='ltr'>ἐξώτερον-ο</span> <span class='ocrx_word' id='word_1_229' title='bbox 1643 3140 1742 3220; x_wconf 76' lang='grc' dir='ltr'><strong>οῦκ</strong></span> <span class='ocrx_word' id='word_1_230' title='bbox 1776 3166 1870 3220; x_wconf 64' lang='grc' dir='ltr'>ἔτι*</span> 
     </span>
    </p>
   </div>
   <div class='ocr_carea' id='block_1_31' title="bbox 883 437 2925 548">
    <p class='ocr_par' dir='ltr' id='par_1_31' title="bbox 883 437 2925 548">
     <span class='ocr_line' id='line_1_31' title="bbox 883 437 2925 548; baseline 0.01 -22"><span class='ocrx_word' id='word_1_231' title='bbox 883 467 1333 532; x_wconf 79' lang='lat' dir='ltr'><strong>ENARRATIO</strong></span> <span class='ocrx_word' id='word_1_232' title='bbox 1375 473 1456 534; x_wconf 85' lang='lat' dir='ltr'><strong>IN</strong></span> <span class='ocrx_word' id='word_1_233' title='bbox 1497 437 1999 536; x_wconf 56' lang='lat' dir='ltr'><strong>EVANGELIUH</strong></span> <span class='ocrx_word' id='word_1_234' title='bbox 2033 474 2415 539; x_wconf 65' lang='lat' dir='ltr'><strong>MATTR.‘E|.</strong></span> <span class='ocrx_word' id='word_1_235' title='bbox 2459 504 2525 515; x_wconf 90' lang='lat'><strong>—</strong></span> <span class='ocrx_word' id='word_1_236' title='bbox 2555 483 2712 543; x_wconf 76' lang='lat' dir='ltr'><strong>CAP.</strong></span> <span class='ocrx_word' id='word_1_237' title='bbox 2751 484 2925 548; x_wconf 75' lang='lat' dir='ltr'><strong>XXV.</strong></span> 
     </span>
    </p>
   </div>
   <div class='ocr_carea' id='block_1_32' title="bbox 3421 485 3527 546">
    <p class='ocr_par' dir='ltr' id='par_1_32' title="bbox 3421 485 3527 546">
     <span class='ocr_line' id='line_1_32' title="bbox 3421 485 3527 546; baseline 0 -1"><span class='ocrx_word' id='word_1_238' title='bbox 3421 485 3527 546; x_wconf 57' lang='lat' dir='ltr'><strong>fit</strong></span> 
     </span>
    </p>
   </div>
   <div class='ocr_carea' id='block_1_33' title="bbox 1414 583 1860 666">
    <p class='ocr_par' dir='ltr' id='par_1_33' title="bbox 1414 585 1860 657">
     <span class='ocr_line' id='line_1_33' title="bbox 1414 585 1860 657; baseline 0.009 -20"><span class='ocrx_word' id='word_1_239' title='bbox 1414 587 1608 657; x_wconf 57' lang='lat' dir='ltr'><strong>ipnaos</strong></span> <span class='ocrx_word' id='word_1_240' title='bbox 1645 585 1860 651; x_wconf 82' lang='grc' dir='ltr'>πάντως</span> 
     </span>
    </p>
   </div>
   <div class='ocr_carea' id='block_1_34' title="bbox 1963 583 3531 666">
    <p class='ocr_par' dir='ltr' id='par_1_34' title="bbox 1967 587 3531 666">
     <span class='ocr_line' id='line_1_34' title="bbox 1967 587 3531 666; baseline 0.006 -27"><span class='ocrx_word' id='word_1_241' title='bbox 1967 587 2186 642; x_wconf 87' lang='lat' dir='ltr'><strong>tutnclia</strong></span> <span class='ocrx_word' id='word_1_242' title='bbox 2222 589 2439 645; x_wconf 81' lang='lat' dir='ltr'><strong>alliciat.</strong></span> <span class='ocrx_word' id='word_1_243' title='bbox 2467 591 2599 658; x_wconf 84' lang='lat' dir='ltr'><strong>Quia</strong></span> <span class='ocrx_word' id='word_1_244' title='bbox 2645 592 2787 648; x_wconf 87' lang='lat' dir='ltr'><strong>enim</strong></span> <span class='ocrx_word' id='word_1_245' title='bbox 2839 596 3082 663; x_wconf 61' lang='lat' dir='ltr'><strong>quaedam</strong></span> <span class='ocrx_word' id='word_1_246' title='bbox 3128 597 3288 651; x_wconf 73' lang='lat' dir='ltr'><strong>habet</strong></span> <span class='ocrx_word' id='word_1_247' title='bbox 3335 597 3531 666; x_wconf 87' lang='lat' dir='ltr'><strong>quibus</strong></span> 
     </span>
    </p>
   </div>
   <div class='ocr_carea' id='block_1_35' title="bbox 1959 680 3526 759">
    <p class='ocr_par' dir='ltr' id='par_1_35' title="bbox 1959 680 3526 759">
     <span class='ocr_line' id='line_1_35' title="bbox 1959 680 3526 759; baseline 0.005 -26"><span class='ocrx_word' id='word_1_248' title='bbox 1959 693 2062 733; x_wconf 89' lang='lat' dir='ltr'><strong>non</strong></span> <span class='ocrx_word' id='word_1_249' title='bbox 2100 680 2320 752; x_wconf 75' lang='lat' dir='ltr'><strong>indiget,</strong></span> <span class='ocrx_word' id='word_1_250' title='bbox 2351 684 2488 753; x_wconf 89' lang='lat' dir='ltr'><strong>rapit</strong></span> <span class='ocrx_word' id='word_1_251' title='bbox 2518 686 2738 739; x_wconf 86' lang='lat' dir='ltr'><strong>omnino</strong></span> <span class='ocrx_word' id='word_1_252' title='bbox 2770 687 2836 740; x_wconf 86' lang='lat' dir='ltr'><strong>ab</strong></span> <span class='ocrx_word' id='word_1_253' title='bbox 2870 688 2953 741; x_wconf 86' lang='lat' dir='ltr'><strong>his</strong></span> <span class='ocrx_word' id='word_1_254' title='bbox 2997 691 3088 757; x_wconf 88' lang='lat' dir='ltr'><strong>qui</strong></span> <span class='ocrx_word' id='word_1_255' title='bbox 3133 699 3371 759; x_wconf 78' lang='lat' dir='ltr'><strong>egent,et</strong></span> <span class='ocrx_word' id='word_1_256' title='bbox 3421 704 3526 742; x_wconf 86' lang='lat' dir='ltr'><strong>non</strong></span> 
     </span>
    </p>
   </div>
   <div class='ocr_carea' id='block_1_36' title="bbox 1958 773 3526 850">
    <p class='ocr_par' dir='ltr' id='par_1_36' title="bbox 1958 773 3526 850">
     <span class='ocr_line' id='line_1_36' title="bbox 1958 773 3526 850; baseline 0.005 -25"><span class='ocrx_word' id='word_1_257' title='bbox 1958 773 2230 841; x_wconf 88' lang='lat' dir='ltr'><strong>accipiunt</strong></span> <span class='ocrx_word' id='word_1_258' title='bbox 2262 775 2328 826; x_wconf 90' lang='lat' dir='ltr'><strong>ah</strong></span> <span class='ocrx_word' id='word_1_259' title='bbox 2360 775 2498 844; x_wconf 91' lang='lat' dir='ltr'><strong>ipso.</strong></span> <span class='ocrx_word' id='word_1_260' title='bbox 2525 775 2654 830; x_wconf 87' lang='lat' dir='ltr'><strong>Nam</strong></span> <span class='ocrx_word' id='word_1_261' title='bbox 2682 778 2727 832; x_wconf 89' lang='lat' dir='ltr'><strong>si</strong></span> <span class='ocrx_word' id='word_1_262' title='bbox 2753 777 2803 830; x_wconf 91' lang='lat' dir='ltr'><strong>in</strong></span> <span class='ocrx_word' id='word_1_263' title='bbox 2835 792 3120 834; x_wconf 86' lang='lat' dir='ltr'><strong>commune</strong></span> <span class='ocrx_word' id='word_1_264' title='bbox 3149 797 3210 837; x_wconf 93' lang='lat' dir='ltr'><strong>ea</strong></span> <span class='ocrx_word' id='word_1_265' title='bbox 3243 781 3526 850; x_wconf 87' lang='lat' dir='ltr'><strong>posuisset,</strong></span> 
     </span>
    </p>
   </div>
   <div class='ocr_carea' id='block_1_37' title="bbox 1959 862 3528 938">
    <p class='ocr_par' dir='ltr' id='par_1_37' title="bbox 1959 862 3528 938">
     <span class='ocr_line' id='line_1_37' title="bbox 1959 862 3528 938; baseline 0.004 -20"><span class='ocrx_word' id='word_1_266' title='bbox 1959 862 2190 919; x_wconf 76' lang='lat' dir='ltr'><strong>fuissent</strong></span> <span class='ocrx_word' id='word_1_267' title='bbox 2223 865 2410 936; x_wconf 83' lang='lat' dir='ltr'><strong>utique</strong></span> <span class='ocrx_word' id='word_1_268' title='bbox 2442 877 2494 922; x_wconf 87' lang='lat' dir='ltr'><strong>et</strong></span> <span class='ocrx_word' id='word_1_269' title='bbox 2526 869 2599 922; x_wconf 86' lang='lat' dir='ltr'><strong>illi</strong></span> <span class='ocrx_word' id='word_1_270' title='bbox 2632 884 2737 922; x_wconf 88' lang='lat' dir='ltr'><strong>non</strong></span> <span class='ocrx_word' id='word_1_271' title='bbox 2773 869 2939 937; x_wconf 80' lang='lat' dir='ltr'><strong>indigi</strong></span> <span class='ocrx_word' id='word_1_272' title='bbox 2973 889 2986 924; x_wconf 86' lang='lat'><strong>:</strong></span> <span class='ocrx_word' id='word_1_273' title='bbox 3016 887 3153 926; x_wconf 89' lang='lat' dir='ltr'><strong>nunc</strong></span> <span class='ocrx_word' id='word_1_274' title='bbox 3196 882 3370 926; x_wconf 89' lang='lat' dir='ltr'><strong>autem</strong></span> <span class='ocrx_word' id='word_1_275' title='bbox 3405 876 3528 938; x_wconf 89' lang='lat' dir='ltr'><strong>quia</strong></span> 
     </span>
    </p>
   </div>
   <div class='ocr_carea' id='block_1_38' title="bbox 1960 954 3528 1042">
    <p class='ocr_par' dir='ltr' id='par_1_38' title="bbox 1960 954 3528 1042">
     <span class='ocr_line' id='line_1_38' title="bbox 1960 954 3528 1042; baseline 0.003 -33"><span class='ocrx_word' id='word_1_276' title='bbox 1960 954 2199 1019; x_wconf 89' lang='lat' dir='ltr'><strong>reclusit,</strong></span> <span class='ocrx_word' id='word_1_277' title='bbox 2237 967 2292 1012; x_wconf 89' lang='lat' dir='ltr'><strong>et</strong></span> <span class='ocrx_word' id='word_1_278' title='bbox 2343 959 2551 1027; x_wconf 87' lang='lat' dir='ltr'><strong>propria</strong></span> <span class='ocrx_word' id='word_1_279' title='bbox 2595 958 2764 1042; x_wconf 37' lang='lat' dir='ltr'><strong>fecit»</strong></span> <span class='ocrx_word' id='word_1_280' title='bbox 2783 970 3066 1029; x_wconf 77' lang='lat' dir='ltr'><strong>propterea</strong></span> <span class='ocrx_word' id='word_1_281' title='bbox 3116 961 3189 1014; x_wconf 84' lang='lat' dir='ltr'><strong>illi</strong></span> <span class='ocrx_word' id='word_1_282' title='bbox 3241 961 3528 1014; x_wconf 82' lang='lat' dir='ltr'><strong>esurittnt:</strong></span> 
     </span>
    </p>
   </div>
   <div class='ocr_carea' id='block_1_39' title="bbox 1960 1049 3528 1122">
    <p class='ocr_par' dir='ltr' id='par_1_39' title="bbox 1960 1049 3528 1122">
     <span class='ocr_line' id='line_1_39' title="bbox 1960 1049 3528 1122; baseline -0.001 -20"><span class='ocrx_word' id='word_1_283' title='bbox 1960 1057 2122 1118; x_wconf 88' lang='lat' dir='ltr'><strong>atque</strong></span> <span class='ocrx_word' id='word_1_284' title='bbox 2149 1050 2218 1104; x_wconf 91' lang='lat' dir='ltr'><strong>ita</strong></span> <span class='ocrx_word' id='word_1_285' title='bbox 2244 1060 2296 1104; x_wconf 93' lang='lat' dir='ltr'><strong>et</strong></span> <span class='ocrx_word' id='word_1_286' title='bbox 2319 1064 2503 1120; x_wconf 89' lang='lat' dir='ltr'><strong>raptor</strong></span> <span class='ocrx_word' id='word_1_287' title='bbox 2532 1061 2612 1106; x_wconf 91' lang='lat' dir='ltr'><strong>est</strong></span> <span class='ocrx_word' id='word_1_288' title='bbox 2639 1055 2731 1122; x_wconf 78' lang='lat' dir='ltr'><strong>qui</strong></span> <span class='ocrx_word' id='word_1_289' title='bbox 2762 1055 3174 1114; x_wconf 88' lang='lat' dir='ltr'><strong>immiscricors,</strong></span> <span class='ocrx_word' id='word_1_290' title='bbox 3213 1062 3291 1104; x_wconf 90' lang='lat' dir='ltr'><strong>tot</strong></span> <span class='ocrx_word' id='word_1_291' title='bbox 3333 1049 3528 1115; x_wconf 82' lang='lat' dir='ltr'><strong>injuria</strong></span> 
     </span>
    </p>
   </div>
   <div class='ocr_carea' id='block_1_40' title="bbox 1961 1139 3539 1212">
    <p class='ocr_par' dir='ltr' id='par_1_40' title="bbox 1961 1139 3539 1212">
     <span class='ocr_line' id='line_1_40' title="bbox 1961 1139 3539 1212; baseline -0.001 -18"><span class='ocrx_word' id='word_1_292' title='bbox 1961 1139 2218 1208; x_wconf 72' lang='lat' dir='ltr'><strong>alliciens,</strong></span> <span class='ocrx_word' id='word_1_293' title='bbox 2243 1153 2374 1211; x_wconf 87' lang='lat' dir='ltr'><strong>quot</strong></span> <span class='ocrx_word' id='word_1_294' title='bbox 2406 1144 2680 1198; x_wconf 79' lang='lat' dir='ltr'><strong>beneﬁciis</strong></span> <span class='ocrx_word' id='word_1_295' title='bbox 2710 1143 2924 1198; x_wconf 80' lang='lat' dir='ltr'><strong>allicere</strong></span> <span class='ocrx_word' id='word_1_296' title='bbox 2956 1147 3148 1212; x_wconf 87' lang='lat' dir='ltr'><strong>potuit,</strong></span> <span class='ocrx_word' id='word_1_297' title='bbox 3176 1153 3229 1194; x_wconf 89' lang='lat' dir='ltr'><strong>et</strong></span> <span class='ocrx_word' id='word_1_298' title='bbox 3265 1157 3366 1194; x_wconf 88' lang='lat' dir='ltr'><strong>non</strong></span> <span class='ocrx_word' id='word_1_299' title='bbox 3401 1139 3539 1203; x_wconf 43' lang='lat' dir='ltr'><strong>ulle:</strong></span> 
     </span>
    </p>
   </div>
   <div class='ocr_carea' id='block_1_41' title="bbox 1960 1231 3532 1305">
    <p class='ocr_par' dir='ltr' id='par_1_41' title="bbox 1960 1231 3532 1305">
     <span class='ocr_line' id='line_1_41' title="bbox 1960 1231 3532 1305; baseline -0.001 -19"><span class='ocrx_word' id='word_1_300' title='bbox 1960 1233 2051 1286; x_wconf 90' lang='lat' dir='ltr'><strong>cit.</strong></span> <span class='ocrx_word' id='word_1_301' title='bbox 2091 1231 2217 1287; x_wconf 73' lang='lat' dir='ltr'><strong>ltleo</strong></span> <span class='ocrx_word' id='word_1_302' title='bbox 2267 1234 2421 1288; x_wconf 88' lang='lat' dir='ltr'><strong>ilutut</strong></span> <span class='ocrx_word' id='word_1_303' title='bbox 2474 1236 2526 1289; x_wconf 87' lang='lat' dir='ltr'><strong>lti</strong></span> <span class='ocrx_word' id='word_1_304' title='bbox 2569 1236 2620 1290; x_wconf 90' lang='lat' dir='ltr'><strong>in</strong></span> <span class='ocrx_word' id='word_1_305' title='bbox 2662 1235 2980 1305; x_wconf 90' lang='lat' dir='ltr'><strong>supplicium</strong></span> <span class='ocrx_word' id='word_1_306' title='bbox 3013 1247 3271 1289; x_wconf 73' lang='lat' dir='ltr'><strong>mteruum</strong></span> <span class='ocrx_word' id='word_1_307' title='bbox 3307 1243 3360 1288; x_wconf 91' lang='lat' dir='ltr'><strong>et</strong></span> <span class='ocrx_word' id='word_1_308' title='bbox 3395 1249 3532 1286; x_wconf 87' lang='lat' dir='ltr'><strong>nuu-</strong></span> 
     </span>
    </p>
   </div>
   <div class='ocr_carea' id='block_1_42' title="bbox 1960 1324 3530 1397">
    <p class='ocr_par' dir='ltr' id='par_1_42' title="bbox 1960 1324 3530 1397">
     <span class='ocr_line' id='line_1_42' title="bbox 1960 1324 3530 1397; baseline 0.003 -23"><span class='ocrx_word' id='word_1_309' title='bbox 1960 1338 2118 1391; x_wconf 81' lang='lat' dir='ltr'><strong>quam</strong></span> <span class='ocrx_word' id='word_1_310' title='bbox 2178 1324 2506 1392; x_wconf 87' lang='lat' dir='ltr'><strong>linieudum;</strong></span> <span class='ocrx_word' id='word_1_311' title='bbox 2553 1327 2685 1397; x_wconf 85' lang='lat' dir='ltr'><strong>justi</strong></span> <span class='ocrx_word' id='word_1_312' title='bbox 2741 1343 2872 1382; x_wconf 86' lang='lat' dir='ltr'><strong>vero</strong></span> <span class='ocrx_word' id='word_1_313' title='bbox 2923 1329 2974 1380; x_wconf 89' lang='lat' dir='ltr'><strong>in</strong></span> <span class='ocrx_word' id='word_1_314' title='bbox 3029 1328 3191 1380; x_wconf 82' lang='lat' dir='ltr'><strong>vitant</strong></span> <span class='ocrx_word' id='word_1_315' title='bbox 3250 1338 3530 1381; x_wconf 64' lang='lat' dir='ltr'><strong>aeternam.</strong></span> 
     </span>
    </p>
   </div>
   <div class='ocr_carea' id='block_1_43' title="bbox 1959 1413 3537 1488">
    <p class='ocr_par' dir='ltr' id='par_1_43' title="bbox 1959 1413 3537 1488">
     <span class='ocr_line' id='line_1_43' title="bbox 1959 1413 3537 1488; baseline 0.002 -21"><span class='ocrx_word' id='word_1_316' title='bbox 1959 1413 2096 1470; x_wconf 82' lang='lat' dir='ltr'><strong>Nam</strong></span> <span class='ocrx_word' id='word_1_317' title='bbox 2141 1417 2282 1470; x_wconf 85' lang='lat' dir='ltr'><strong>sicut</strong></span> <span class='ocrx_word' id='word_1_318' title='bbox 2313 1419 2486 1471; x_wconf 81' lang='lat' dir='ltr'><strong>sancti</strong></span> <span class='ocrx_word' id='word_1_319' title='bbox 2529 1419 2847 1474; x_wconf 84' lang='lat' dir='ltr'><strong>iucessaliile</strong></span> <span class='ocrx_word' id='word_1_320' title='bbox 2894 1420 3094 1474; x_wconf 81' lang='lat' dir='ltr'><strong>habent</strong></span> <span class='ocrx_word' id='word_1_321' title='bbox 3141 1420 3414 1488; x_wconf 76' lang='lat' dir='ltr'><strong>gaudium,</strong></span> <span class='ocrx_word' id='word_1_322' title='bbox 3462 1419 3537 1482; x_wconf 66' lang='lat' dir='ltr'><strong>ita</strong></span> 
     </span>
    </p>
   </div>
   <div class='ocr_carea' id='block_1_44' title="bbox 1962 1505 3529 1577">
    <p class='ocr_par' dir='ltr' id='par_1_44' title="bbox 1962 1505 3529 1577">
     <span class='ocr_line' id='line_1_44' title="bbox 1962 1505 3529 1577; baseline -0.001 -18"><span class='ocrx_word' id='word_1_323' title='bbox 1962 1505 2142 1574; x_wconf 66' lang='lat' dir='ltr'><strong>iniusti</strong></span> <span class='ocrx_word' id='word_1_324' title='bbox 2179 1505 2562 1562; x_wconf 82' lang='lat' dir='ltr'><strong>indesinentem</strong></span> <span class='ocrx_word' id='word_1_325' title='bbox 2597 1525 2808 1577; x_wconf 72' lang='lat' dir='ltr'><strong>poenam</strong></span> <span class='ocrx_word' id='word_1_326' title='bbox 2836 1526 2849 1562; x_wconf 90' lang='lat'><strong>:</strong></span> <span class='ocrx_word' id='word_1_327' title='bbox 2875 1511 3090 1562; x_wconf 87' lang='lat' dir='ltr'><strong>tametsi</strong></span> <span class='ocrx_word' id='word_1_328' title='bbox 3119 1507 3376 1577; x_wconf 80' lang='lat' dir='ltr'><strong>Origenes</strong></span> <span class='ocrx_word' id='word_1_329' title='bbox 3427 1524 3529 1560; x_wconf 85' lang='lat' dir='ltr'><strong>nu-</strong></span> 
     </span>
    </p>
   </div>
   <div class='ocr_carea' id='block_1_45' title="bbox 1961 1595 3531 1667">
    <p class='ocr_par' dir='ltr' id='par_1_45' title="bbox 1961 1595 3531 1667">
     <span class='ocr_line' id='line_1_45' title="bbox 1961 1595 3531 1667; baseline 0.001 -19"><span class='ocrx_word' id='word_1_330' title='bbox 1961 1605 2115 1667; x_wconf 81' lang='lat' dir='ltr'><strong>getur</strong></span> <span class='ocrx_word' id='word_1_331' title='bbox 2153 1596 2337 1650; x_wconf 89' lang='lat' dir='ltr'><strong>dicens</strong></span> <span class='ocrx_word' id='word_1_332' title='bbox 2372 1595 2485 1652; x_wconf 81' lang='lat' dir='ltr'><strong>fore</strong></span> <span class='ocrx_word' id='word_1_333' title='bbox 2523 1598 2902 1666; x_wconf 80' lang='lat' dir='ltr'><strong>suppliciorum</strong></span> <span class='ocrx_word' id='word_1_334' title='bbox 2953 1601 3136 1662; x_wconf 87' lang='lat' dir='ltr'><strong>linem,</strong></span> <span class='ocrx_word' id='word_1_335' title='bbox 3162 1609 3215 1652; x_wconf 89' lang='lat' dir='ltr'><strong>ct</strong></span> <span class='ocrx_word' id='word_1_336' title='bbox 3248 1616 3350 1652; x_wconf 85' lang='lat' dir='ltr'><strong>non</strong></span> <span class='ocrx_word' id='word_1_337' title='bbox 3383 1615 3531 1652; x_wconf 86' lang='lat' dir='ltr'><strong>scut-</strong></span> 
     </span>
    </p>
   </div>
   <div class='ocr_carea' id='block_1_46' title="bbox 1960 1689 3534 1758">
    <p class='ocr_par' dir='ltr' id='par_1_46' title="bbox 1960 1689 3534 1758">
     <span class='ocr_line' id='line_1_46' title="bbox 1960 1689 3534 1758; baseline 0.001 -18"><span class='ocrx_word' id='word_1_338' title='bbox 1960 1703 2060 1758; x_wconf 87' lang='lat' dir='ltr'><strong>per</strong></span> <span class='ocrx_word' id='word_1_339' title='bbox 2117 1689 2418 1756; x_wconf 88' lang='lat' dir='ltr'><strong>puniendos</strong></span> <span class='ocrx_word' id='word_1_340' title='bbox 2481 1701 2814 1758; x_wconf 81' lang='lat' dir='ltr'><strong>peccatores,</strong></span> <span class='ocrx_word' id='word_1_341' title='bbox 2882 1690 2974 1744; x_wconf 86' lang='lat' dir='ltr'><strong>sed</strong></span> <span class='ocrx_word' id='word_1_342' title='bbox 3041 1690 3162 1744; x_wconf 74' lang='lat' dir='ltr'><strong>fore</strong></span> <span class='ocrx_word' id='word_1_343' title='bbox 3246 1689 3534 1758; x_wconf 80' lang='lat' dir='ltr'><strong>aliquando</strong></span> 
     </span>
    </p>
   </div>
   <div class='ocr_carea' id='block_1_47' title="bbox 1965 1781 3532 1850">
    <p class='ocr_par' dir='ltr' id='par_1_47' title="bbox 1965 1781 3532 1850">
     <span class='ocr_line' id='line_1_47' title="bbox 1965 1781 3532 1850; baseline 0 -17"><span class='ocrx_word' id='word_1_344' title='bbox 1965 1787 2194 1849; x_wconf 82' lang='lat' dir='ltr'><strong>tempus,</strong></span> <span class='ocrx_word' id='word_1_345' title='bbox 2233 1781 2448 1850; x_wconf 84' lang='lat' dir='ltr'><strong>qnando</strong></span> <span class='ocrx_word' id='word_1_346' title='bbox 2496 1783 2548 1835; x_wconf 92' lang='lat' dir='ltr'><strong>in</strong></span> <span class='ocrx_word' id='word_1_347' title='bbox 2592 1781 2862 1849; x_wconf 76' lang='lat' dir='ltr'><strong>iustorum</strong></span> <span class='ocrx_word' id='word_1_348' title='bbox 2913 1784 3124 1836; x_wconf 75' lang='lat' dir='ltr'><strong>venturi</strong></span> <span class='ocrx_word' id='word_1_349' title='bbox 3153 1783 3259 1835; x_wconf 85' lang='lat' dir='ltr'><strong>sint</strong></span> <span class='ocrx_word' id='word_1_350' title='bbox 3293 1798 3532 1834; x_wconf 76' lang='lat' dir='ltr'><strong>Ct)ttSot‘--</strong></span> 
     </span>
    </p>
   </div>
   <div class='ocr_carea' id='block_1_48' title="bbox 1963 1867 3534 1942">
    <p class='ocr_par' dir='ltr' id='par_1_48' title="bbox 1963 1867 3534 1942">
     <span class='ocr_line' id='line_1_48' title="bbox 1963 1867 3534 1942; baseline 0.002 -21"><span class='ocrx_word' id='word_1_351' title='bbox 1963 1867 2096 1922; x_wconf 87' lang='lat' dir='ltr'><strong>tium</strong></span> <span class='ocrx_word' id='word_1_352' title='bbox 2163 1871 2372 1940; x_wconf 80' lang='lat' dir='ltr'><strong>purgati</strong></span> <span class='ocrx_word' id='word_1_353' title='bbox 2427 1887 2455 1924; x_wconf 87' lang='lat' dir='ltr'><strong>a</strong></span> <span class='ocrx_word' id='word_1_354' title='bbox 2511 1873 2710 1940; x_wconf 75' lang='lat' dir='ltr'><strong>poenis.</strong></span> <span class='ocrx_word' id='word_1_355' title='bbox 2756 1871 3012 1942; x_wconf 77' lang='lat' dir='ltr'><strong>Arguitur</strong></span> <span class='ocrx_word' id='word_1_356' title='bbox 3062 1881 3238 1924; x_wconf 87' lang='lat' dir='ltr'><strong>autem</strong></span> <span class='ocrx_word' id='word_1_357' title='bbox 3305 1887 3368 1925; x_wconf 75' lang='lat' dir='ltr'><strong>ex</strong></span> <span class='ocrx_word' id='word_1_358' title='bbox 3433 1871 3534 1924; x_wconf 87' lang='lat' dir='ltr'><strong>hoc</strong></span> 
     </span>
    </p>
   </div>
   <div class='ocr_carea' id='block_1_49' title="bbox 1964 1961 3530 2031">
    <p class='ocr_par' dir='ltr' id='par_1_49' title="bbox 1964 1961 3530 2031">
     <span class='ocr_line' id='line_1_49' title="bbox 1964 1961 3530 2031; baseline -0.001 -16"><span class='ocrx_word' id='word_1_359' title='bbox 1964 1961 2082 2016; x_wconf 89' lang='lat' dir='ltr'><strong>luco</strong></span> <span class='ocrx_word' id='word_1_360' title='bbox 2136 1962 2438 2026; x_wconf 82' lang='lat' dir='ltr'><strong>mauileste,</strong></span> <span class='ocrx_word' id='word_1_361' title='bbox 2486 1979 2606 2016; x_wconf 88' lang='lat' dir='ltr'><strong>nam</strong></span> <span class='ocrx_word' id='word_1_362' title='bbox 2681 1962 2943 2017; x_wconf 84' lang='lat' dir='ltr'><strong>Dominus</strong></span> <span class='ocrx_word' id='word_1_363' title='bbox 2996 1963 3168 2016; x_wconf 84' lang='lat' dir='ltr'><strong>dicit:</strong></span> <span class='ocrx_word' id='word_1_364' title='bbox 3210 1961 3530 2031; x_wconf 77' lang='lat' dir='ltr'><strong>Sllppllt‘ltllﬂ</strong></span> 
     </span>
    </p>
   </div>
   <div class='ocr_carea' id='block_1_50' title="bbox 1959 2053 3532 2124">
    <p class='ocr_par' dir='ltr' id='par_1_50' title="bbox 1959 2053 3532 2124">
     <span class='ocr_line' id='line_1_50' title="bbox 1959 2053 3532 2124; baseline -0.001 -16"><span class='ocrx_word' id='word_1_365' title='bbox 1959 2063 2242 2117; x_wconf 69' lang='lat' dir='ltr'><strong>aeternum,</strong></span> <span class='ocrx_word' id='word_1_366' title='bbox 2266 2054 2366 2108; x_wconf 90' lang='lat' dir='ltr'><strong>hoc</strong></span> <span class='ocrx_word' id='word_1_367' title='bbox 2400 2063 2795 2124; x_wconf 89' lang='lat' dir='ltr'><strong>est,nuuquam</strong></span> <span class='ocrx_word' id='word_1_368' title='bbox 2835 2055 3110 2108; x_wconf 76' lang='lat' dir='ltr'><strong>desinens.</strong></span> <span class='ocrx_word' id='word_1_369' title='bbox 3143 2054 3223 2109; x_wconf 91' lang='lat' dir='ltr'><strong>Un</strong></span> <span class='ocrx_word' id='word_1_370' title='bbox 3248 2055 3294 2108; x_wconf 79' lang='lat' dir='ltr'><strong>le</strong></span> <span class='ocrx_word' id='word_1_371' title='bbox 3325 2067 3374 2108; x_wconf 88' lang='lat' dir='ltr'><strong>et</strong></span> <span class='ocrx_word' id='word_1_372' title='bbox 3416 2053 3532 2106; x_wconf 88' lang='lat' dir='ltr'><strong>ovi-</strong></span> 
     </span>
    </p>
   </div>
   <div class='ocr_carea' id='block_1_51' title="bbox 1959 2141 3528 2212">
    <p class='ocr_par' dir='ltr' id='par_1_51' title="bbox 1959 2141 3528 2212">
     <span class='ocr_line' id='line_1_51' title="bbox 1959 2141 3528 2212; baseline -0.001 -15"><span class='ocrx_word' id='word_1_373' title='bbox 1959 2141 2059 2197; x_wconf 88' lang='lat' dir='ltr'><strong>bus</strong></span> <span class='ocrx_word' id='word_1_374' title='bbox 2086 2151 2361 2211; x_wconf 85' lang='lat' dir='ltr'><strong>comparat</strong></span> <span class='ocrx_word' id='word_1_375' title='bbox 2387 2142 2584 2212; x_wconf 85' lang='lat' dir='ltr'><strong>justos,</strong></span> <span class='ocrx_word' id='word_1_376' title='bbox 2633 2144 2784 2198; x_wconf 90' lang='lat' dir='ltr'><strong>hedis</strong></span> <span class='ocrx_word' id='word_1_377' title='bbox 2819 2154 2995 2198; x_wconf 89' lang='lat' dir='ltr'><strong>autem</strong></span> <span class='ocrx_word' id='word_1_378' title='bbox 3017 2153 3354 2212; x_wconf 74' lang='lat' dir='ltr'><strong>peccatur-cs:</strong></span> <span class='ocrx_word' id='word_1_379' title='bbox 3391 2145 3528 2197; x_wconf 75' lang='lat' dir='ltr'><strong>sicut</strong></span> 
     </span>
    </p>
   </div>
   <div class='ocr_carea' id='block_1_52' title="bbox 1959 2234 3529 2303">
    <p class='ocr_par' dir='ltr' id='par_1_52' title="bbox 1959 2234 3529 2303">
     <span class='ocr_line' id='line_1_52' title="bbox 1959 2234 3529 2303; baseline -0.001 -15"><span class='ocrx_word' id='word_1_380' title='bbox 1959 2234 2104 2288; x_wconf 87' lang='lat' dir='ltr'><strong>enim</strong></span> <span class='ocrx_word' id='word_1_381' title='bbox 2134 2234 2325 2289; x_wconf 62' lang='lat' dir='ltr'><strong>haedus</strong></span> <span class='ocrx_word' id='word_1_382' title='bbox 2366 2250 2636 2303; x_wconf 87' lang='lat' dir='ltr'><strong>nunquam</strong></span> <span class='ocrx_word' id='word_1_383' title='bbox 2674 2234 2732 2290; x_wconf 84' lang='lat' dir='ltr'><strong>lit</strong></span> <span class='ocrx_word' id='word_1_384' title='bbox 2769 2236 2902 2302; x_wconf 84' lang='lat' dir='ltr'><strong>ovis,</strong></span> <span class='ocrx_word' id='word_1_385' title='bbox 2946 2235 3025 2289; x_wconf 85' lang='lat' dir='ltr'><strong>sic</strong></span> <span class='ocrx_word' id='word_1_386' title='bbox 3073 2251 3346 2303; x_wconf 87' lang='lat' dir='ltr'><strong>nunquam</strong></span> <span class='ocrx_word' id='word_1_387' title='bbox 3402 2250 3529 2303; x_wconf 82' lang='lat' dir='ltr'><strong>pee-</strong></span> 
     </span>
    </p>
   </div>
   <div class='ocr_carea' id='block_1_53' title="bbox 1959 2324 3531 2396">
    <p class='ocr_par' dir='ltr' id='par_1_53' title="bbox 1959 2324 3531 2396">
     <span class='ocr_line' id='line_1_53' title="bbox 1959 2324 3531 2396; baseline 0.001 -18"><span class='ocrx_word' id='word_1_388' title='bbox 1959 2335 2112 2378; x_wconf 91' lang='lat' dir='ltr'><strong>cator</strong></span> <span class='ocrx_word' id='word_1_389' title='bbox 2162 2324 2475 2394; x_wconf 79' lang='lat' dir='ltr'><strong>purgabitur</strong></span> <span class='ocrx_word' id='word_1_390' title='bbox 2522 2336 2575 2381; x_wconf 91' lang='lat' dir='ltr'><strong>et</strong></span> <span class='ocrx_word' id='word_1_391' title='bbox 2641 2327 2741 2380; x_wconf 89' lang='lat' dir='ltr'><strong>erit</strong></span> <span class='ocrx_word' id='word_1_392' title='bbox 2803 2327 3004 2396; x_wconf 87' lang='lat' dir='ltr'><strong>justus.</strong></span> <span class='ocrx_word' id='word_1_393' title='bbox 3041 2327 3302 2381; x_wconf 65' lang='lat' dir='ltr'><strong>Tenebrae</strong></span> <span class='ocrx_word' id='word_1_394' title='bbox 3355 2339 3531 2381; x_wconf 87' lang='lat' dir='ltr'><strong>autem</strong></span> 
     </span>
    </p>
   </div>
   <div class='ocr_carea' id='block_1_54' title="bbox 1960 2415 3535 2486">
    <p class='ocr_par' dir='ltr' id='par_1_54' title="bbox 1960 2415 3535 2486">
     <span class='ocr_line' id='line_1_54' title="bbox 1960 2415 3535 2486; baseline 0.002 -18"><span class='ocrx_word' id='word_1_395' title='bbox 1960 2415 2279 2482; x_wconf 68' lang='lat' dir='ltr'><strong>exteriores,</strong></span> <span class='ocrx_word' id='word_1_396' title='bbox 2310 2431 2429 2485; x_wconf 69' lang='lat' dir='ltr'><strong>qua:</strong></span> <span class='ocrx_word' id='word_1_397' title='bbox 2470 2417 2656 2485; x_wconf 90' lang='lat' dir='ltr'><strong>procul</strong></span> <span class='ocrx_word' id='word_1_398' title='bbox 2691 2427 2815 2471; x_wconf 89' lang='lat' dir='ltr'><strong>sunt</strong></span> <span class='ocrx_word' id='word_1_399' title='bbox 2864 2432 2896 2471; x_wconf 93' lang='lat' dir='ltr'><strong>a</strong></span> <span class='ocrx_word' id='word_1_400' title='bbox 2952 2417 3072 2471; x_wconf 89' lang='lat' dir='ltr'><strong>luce</strong></span> <span class='ocrx_word' id='word_1_401' title='bbox 3105 2419 3304 2484; x_wconf 65' lang='lat' dir='ltr'><strong>(liviira,</strong></span> <span class='ocrx_word' id='word_1_402' title='bbox 3329 2428 3380 2472; x_wconf 92' lang='lat' dir='ltr'><strong>ct</strong></span> <span class='ocrx_word' id='word_1_403' title='bbox 3412 2433 3535 2486; x_wconf 80' lang='lat' dir='ltr'><strong>pru-</strong></span> 
     </span>
    </p>
   </div>
   <div class='ocr_carea' id='block_1_55' title="bbox 1960 2507 3536 2577">
    <p class='ocr_par' dir='ltr' id='par_1_55' title="bbox 1960 2507 3536 2577">
     <span class='ocr_line' id='line_1_55' title="bbox 1960 2507 3536 2577; baseline 0.001 -19"><span class='ocrx_word' id='word_1_404' title='bbox 1960 2514 2138 2576; x_wconf 91' lang='lat' dir='ltr'><strong>pterea</strong></span> <span class='ocrx_word' id='word_1_405' title='bbox 2171 2507 2470 2576; x_wconf 77' lang='lat' dir='ltr'><strong>graviorem</strong></span> <span class='ocrx_word' id='word_1_406' title='bbox 2499 2507 2705 2561; x_wconf 80' lang='lat' dir='ltr'><strong>faciunt</strong></span> <span class='ocrx_word' id='word_1_407' title='bbox 2739 2524 2975 2577; x_wconf 71' lang='lat' dir='ltr'><strong>pmnam.</strong></span> <span class='ocrx_word' id='word_1_408' title='bbox 3016 2511 3196 2564; x_wconf 78' lang='lat' dir='ltr'><strong>Potest</strong></span> <span class='ocrx_word' id='word_1_409' title='bbox 3230 2514 3353 2564; x_wconf 84' lang='lat' dir='ltr'><strong>item</strong></span> <span class='ocrx_word' id='word_1_410' title='bbox 3402 2526 3536 2562; x_wconf 76' lang='lat' dir='ltr'><strong>cau-</strong></span> 
     </span>
    </p>
   </div>
   <div class='ocr_carea' id='block_1_56' title="bbox 1959 2598 3537 2671">
    <p class='ocr_par' dir='ltr' id='par_1_56' title="bbox 1959 2598 3537 2671">
     <span class='ocr_line' id='line_1_56' title="bbox 1959 2598 3537 2671; baseline 0.002 -18"><span class='ocrx_word' id='word_1_411' title='bbox 1959 2615 2016 2653; x_wconf 90' lang='lat' dir='ltr'><strong>sa</strong></span> <span class='ocrx_word' id='word_1_412' title='bbox 2043 2600 2285 2670; x_wconf 77' lang='lat' dir='ltr'><strong>quaedam</strong></span> <span class='ocrx_word' id='word_1_413' title='bbox 2338 2598 2515 2654; x_wconf 85' lang='lat' dir='ltr'><strong>al&#39;l‘erri</strong></span> <span class='ocrx_word' id='word_1_414' title='bbox 2552 2600 2618 2654; x_wconf 92' lang='lat' dir='ltr'><strong>ad</strong></span> <span class='ocrx_word' id='word_1_415' title='bbox 2653 2601 2785 2654; x_wconf 66' lang='lat' dir='ltr'><strong>haec.</strong></span> <span class='ocrx_word' id='word_1_416' title='bbox 2829 2599 3085 2671; x_wconf 66' lang='lat' dir='ltr'><strong>Reccator</strong></span> <span class='ocrx_word' id='word_1_417' title='bbox 3139 2602 3280 2655; x_wconf 83' lang='lat' dir='ltr'><strong>enim</strong></span> <span class='ocrx_word' id='word_1_418' title='bbox 3336 2602 3387 2654; x_wconf 93' lang='lat' dir='ltr'><strong>in</strong></span> <span class='ocrx_word' id='word_1_419' title='bbox 3436 2602 3537 2656; x_wconf 81' lang='lat' dir='ltr'><strong>hac</strong></span> 
     </span>
    </p>
   </div>
   <div class='ocr_carea' id='block_1_57' title="bbox 1961 2691 3533 2759">
    <p class='ocr_par' dir='ltr' id='par_1_57' title="bbox 1961 2691 3533 2759">
     <span class='ocr_line' id='line_1_57' title="bbox 1961 2691 3533 2759; baseline 0.003 -15"><span class='ocrx_word' id='word_1_420' title='bbox 1961 2692 2066 2745; x_wconf 85' lang='lat' dir='ltr'><strong>vita</strong></span> <span class='ocrx_word' id='word_1_421' title='bbox 2113 2691 2168 2745; x_wconf 92' lang='lat' dir='ltr'><strong>in</strong></span> <span class='ocrx_word' id='word_1_422' title='bbox 2215 2691 2449 2745; x_wconf 82' lang='lat' dir='ltr'><strong>tenebris</strong></span> <span class='ocrx_word' id='word_1_423' title='bbox 2496 2699 2599 2756; x_wconf 85' lang='lat' dir='ltr'><strong>est,</strong></span> <span class='ocrx_word' id='word_1_424' title='bbox 2627 2706 2750 2745; x_wconf 90' lang='lat' dir='ltr'><strong>nam</strong></span> <span class='ocrx_word' id='word_1_425' title='bbox 2799 2692 3002 2746; x_wconf 76' lang='lat' dir='ltr'><strong>excidit</strong></span> <span class='ocrx_word' id='word_1_426' title='bbox 3049 2707 3078 2746; x_wconf 88' lang='lat' dir='ltr'><strong>a</strong></span> <span class='ocrx_word' id='word_1_427' title='bbox 3125 2692 3234 2745; x_wconf 84' lang='lat' dir='ltr'><strong>sole</strong></span> <span class='ocrx_word' id='word_1_428' title='bbox 3275 2692 3533 2759; x_wconf 74' lang='lat' dir='ltr'><strong>juStitiae:</strong></span> 
     </span>
    </p>
   </div>
   <div class='ocr_carea' id='block_1_58' title="bbox 1959 2783 3535 2854">
    <p class='ocr_par' dir='ltr' id='par_1_58' title="bbox 1959 2783 3535 2854">
     <span class='ocr_line' id='line_1_58' title="bbox 1959 2783 3535 2854; baseline 0.001 -18"><span class='ocrx_word' id='word_1_429' title='bbox 1959 2785 2052 2836; x_wconf 89' lang='lat' dir='ltr'><strong>sed</strong></span> <span class='ocrx_word' id='word_1_430' title='bbox 2081 2783 2202 2849; x_wconf 88' lang='lat' dir='ltr'><strong>quia</strong></span> <span class='ocrx_word' id='word_1_431' title='bbox 2231 2798 2356 2853; x_wconf 90' lang='lat' dir='ltr'><strong>spes</strong></span> <span class='ocrx_word' id='word_1_432' title='bbox 2391 2792 2476 2838; x_wconf 89' lang='lat' dir='ltr'><strong>est</strong></span> <span class='ocrx_word' id='word_1_433' title='bbox 2518 2783 2914 2849; x_wconf 86' lang='lat' dir='ltr'><strong>conversionis,</strong></span> <span class='ocrx_word' id='word_1_434' title='bbox 2941 2793 3222 2854; x_wconf 82' lang='lat' dir='ltr'><strong>propterea</strong></span> <span class='ocrx_word' id='word_1_435' title='bbox 3261 2799 3363 2837; x_wconf 88' lang='lat' dir='ltr'><strong>non</strong></span> <span class='ocrx_word' id='word_1_436' title='bbox 3407 2794 3535 2838; x_wconf 88' lang='lat' dir='ltr'><strong>sunt</strong></span> 
     </span>
    </p>
   </div>
   <div class='ocr_carea' id='block_1_59' title="bbox 1960 2876 3533 2945">
    <p class='ocr_par' dir='ltr' id='par_1_59' title="bbox 1960 2876 3533 2945">
     <span class='ocr_line' id='line_1_59' title="bbox 1960 2876 3533 2945; baseline 0.001 -13"><span class='ocrx_word' id='word_1_437' title='bbox 1960 2876 2192 2932; x_wconf 71' lang='lat' dir='ltr'><strong>tenebrae</strong></span> <span class='ocrx_word' id='word_1_438' title='bbox 2227 2877 2327 2932; x_wconf 67' lang='lat' dir='ltr'><strong>illa:</strong></span> <span class='ocrx_word' id='word_1_439' title='bbox 2365 2879 2684 2932; x_wconf 83' lang='lat' dir='ltr'><strong>exteriores.</strong></span> <span class='ocrx_word' id='word_1_440' title='bbox 2712 2877 2878 2932; x_wconf 85' lang='lat' dir='ltr'><strong>Porro</strong></span> <span class='ocrx_word' id='word_1_441' title='bbox 2925 2879 3011 2934; x_wconf 89' lang='lat' dir='ltr'><strong>ubi</strong></span> <span class='ocrx_word' id='word_1_442' title='bbox 3063 2889 3304 2934; x_wconf 89' lang='lat' dir='ltr'><strong>mortuus</strong></span> <span class='ocrx_word' id='word_1_443' title='bbox 3351 2878 3533 2945; x_wconf 70' lang='lat' dir='ltr'><strong>fuerit,</strong></span> 
     </span>
    </p>
   </div>
   <div class='ocr_carea' id='block_1_60' title="bbox 1960 2966 3537 3036">
    <p class='ocr_par' dir='ltr' id='par_1_60' title="bbox 1960 2966 3537 3036">
     <span class='ocr_line' id='line_1_60' title="bbox 1960 2966 3537 3036; baseline -0.001 -14"><span class='ocrx_word' id='word_1_444' title='bbox 1960 2975 2014 3022; x_wconf 80' lang='lat' dir='ltr'><strong>et</strong></span> <span class='ocrx_word' id='word_1_445' title='bbox 2047 2966 2305 3021; x_wconf 87' lang='lat' dir='ltr'><strong>institerit</strong></span> <span class='ocrx_word' id='word_1_446' title='bbox 2332 2982 2554 3023; x_wconf 83' lang='lat' dir='ltr'><strong>examen</strong></span> <span class='ocrx_word' id='word_1_447' title='bbox 2593 2967 2887 3031; x_wconf 78' lang='lat' dir='ltr'><strong>factorum,</strong></span> <span class='ocrx_word' id='word_1_448' title='bbox 2911 2969 3184 3036; x_wconf 84' lang='lat' dir='ltr'><strong>excipiunt</strong></span> <span class='ocrx_word' id='word_1_449' title='bbox 3213 2984 3333 3022; x_wconf 90' lang='lat' dir='ltr'><strong>eum</strong></span> <span class='ocrx_word' id='word_1_450' title='bbox 3386 2979 3537 3023; x_wconf 75' lang='lat' dir='ltr'><strong>exte-</strong></span> 
     </span>
    </p>
   </div>
   <div class='ocr_carea' id='block_1_61' title="bbox 1960 3056 3533 3128">
    <p class='ocr_par' dir='ltr' id='par_1_61' title="bbox 1960 3056 3533 3128">
     <span class='ocr_line' id='line_1_61' title="bbox 1960 3056 3533 3128; baseline 0.003 -17"><span class='ocrx_word' id='word_1_451' title='bbox 1960 3057 2152 3112; x_wconf 88' lang='lat' dir='ltr'><strong>riores.</strong></span> <span class='ocrx_word' id='word_1_452' title='bbox 2194 3056 2311 3112; x_wconf 86' lang='lat' dir='ltr'><strong>Non</strong></span> <span class='ocrx_word' id='word_1_453' title='bbox 2359 3057 2501 3112; x_wconf 88' lang='lat' dir='ltr'><strong>enim</strong></span> <span class='ocrx_word' id='word_1_454' title='bbox 2556 3057 2694 3112; x_wconf 85' lang='lat' dir='ltr'><strong>ultra</strong></span> <span class='ocrx_word' id='word_1_455' title='bbox 2741 3059 3109 3112; x_wconf 81' lang='lat' dir='ltr'><strong>conversionis</strong></span> <span class='ocrx_word' id='word_1_456' title='bbox 3162 3074 3283 3128; x_wconf 78' lang='lat' dir='ltr'><strong>spes</strong></span> <span class='ocrx_word' id='word_1_457' title='bbox 3314 3061 3533 3123; x_wconf 85' lang='lat' dir='ltr'><strong>est,scd.</strong></span> 
     </span>
    </p>
   </div>
   <div class='ocr_carea' id='block_1_62' title="bbox 1959 3151 3534 3220">
    <p class='ocr_par' dir='ltr' id='par_1_62' title="bbox 1959 3151 3534 3220">
     <span class='ocr_line' id='line_1_62' title="bbox 1959 3151 3534 3220; baseline 0.001 -14"><span class='ocrx_word' id='word_1_458' title='bbox 1959 3151 2188 3206; x_wconf 90' lang='lat' dir='ltr'><strong>sustinet</strong></span> <span class='ocrx_word' id='word_1_459' title='bbox 2224 3151 2568 3220; x_wconf 77' lang='lat' dir='ltr'><strong>omnigenam</strong></span> <span class='ocrx_word' id='word_1_460' title='bbox 2605 3151 2772 3205; x_wconf 85' lang='lat' dir='ltr'><strong>divini</strong></span> <span class='ocrx_word' id='word_1_461' title='bbox 2806 3151 3106 3218; x_wconf 86' lang='lat' dir='ltr'><strong>splendoris</strong></span> <span class='ocrx_word' id='word_1_462' title='bbox 3154 3153 3534 3220; x_wconf 81' lang='lat' dir='ltr'><strong>privationem.</strong></span> 
     </span>
    </p>
   </div>
   <div class='ocr_carea' id='block_1_63' title="bbox 285 3241 1860 3328">
    <p class='ocr_par' dir='ltr' id='par_1_63' title="bbox 285 3241 1858 3328">
     <span class='ocr_line' id='line_1_63' title="bbox 285 3241 1858 3328; baseline 0.011 -35"><span class='ocrx_word' id='word_1_463' title='bbox 285 3241 397 3311; x_wconf 77' lang='grc' dir='ltr'><strong>γάρ</strong></span> <span class='ocrx_word' id='word_1_464' title='bbox 445 3241 598 3306; x_wconf 80' lang='grc' dir='ltr'>ἐλπίς</span> <span class='ocrx_word' id='word_1_465' title='bbox 626 3246 744 3299; x_wconf 87' lang='grc' dir='ltr'>ἐστι</span> <span class='ocrx_word' id='word_1_466' title='bbox 778 3247 1102 3318; x_wconf 84' lang='grc' dir='ltr'>μεταϐολῆς,</span> <span class='ocrx_word' id='word_1_467' title='bbox 1136 3249 1271 3305; x_wconf 84' lang='grc' dir='ltr'><strong>ἀλλά</strong></span> <span class='ocrx_word' id='word_1_468' title='bbox 1306 3253 1542 3324; x_wconf 83' lang='grc' dir='ltr'>παντελῆ</span> <span class='ocrx_word' id='word_1_469' title='bbox 1601 3255 1858 3328; x_wconf 82' lang='grc' dir='ltr'>στέρησιν</span> 
     </span>
    </p>
   </div>
   <div class='ocr_carea' id='block_1_64' title="bbox 1963 3241 3539 3328">
    <p class='ocr_par' dir='ltr' id='par_1_64' title="bbox 1965 3241 3539 3310">
     <span class='ocr_line' id='line_1_64' title="bbox 1965 3241 3539 3310; baseline 0.003 -15"><span class='ocrx_word' id='word_1_470' title='bbox 1965 3241 2212 3310; x_wconf 87' lang='lat' dir='ltr'><strong>Quandiu</strong></span> <span class='ocrx_word' id='word_1_471' title='bbox 2277 3245 2420 3297; x_wconf 89' lang='lat' dir='ltr'><strong>enim</strong></span> <span class='ocrx_word' id='word_1_472' title='bbox 2474 3243 2562 3297; x_wconf 87' lang='lat' dir='ltr'><strong>hic</strong></span> <span class='ocrx_word' id='word_1_473' title='bbox 2614 3252 2718 3308; x_wconf 85' lang='lat' dir='ltr'><strong>est,</strong></span> <span class='ocrx_word' id='word_1_474' title='bbox 2770 3243 2981 3298; x_wconf 85' lang='lat' dir='ltr'><strong>etiamsi</strong></span> <span class='ocrx_word' id='word_1_475' title='bbox 3036 3245 3170 3297; x_wconf 89' lang='lat' dir='ltr'><strong>hutta</strong></span> <span class='ocrx_word' id='word_1_476' title='bbox 3225 3245 3313 3298; x_wconf 85' lang='lat' dir='ltr'><strong>Dei</strong></span> <span class='ocrx_word' id='word_1_477' title='bbox 3363 3245 3539 3300; x_wconf 84' lang='lat' dir='ltr'><strong>minus</strong></span> 
     </span>
    </p>
   </div>
   <div class='ocr_carea' id='block_1_65' title="bbox 282 3332 1860 3418">
    <p class='ocr_par' dir='ltr' id='par_1_65' title="bbox 282 3332 1860 3418">
     <span class='ocr_line' id='line_1_65' title="bbox 282 3332 1860 3418; baseline 0.011 -33"><span class='ocrx_word' id='word_1_478' title='bbox 282 3332 394 3386; x_wconf 77' lang='grc' dir='ltr'><strong>τῶν</strong></span> <span class='ocrx_word' id='word_1_479' title='bbox 420 3333 515 3388; x_wconf 88' lang='grc' dir='ltr'><strong>τοῦ</strong></span> <span class='ocrx_word' id='word_1_480' title='bbox 565 3335 700 3390; x_wconf 84' lang='grc' dir='ltr'>Θεοῦ</span> <span class='ocrx_word' id='word_1_481' title='bbox 729 3339 949 3406; x_wconf 85' lang='grc' dir='ltr'>ἀγαθῶν</span> <span class='ocrx_word' id='word_1_482' title='bbox 989 3342 1301 3410; x_wconf 82' lang='grc' dir='ltr'>ὑφίσταται.</span> <span class='ocrx_word' id='word_1_483' title='bbox 1349 3346 1438 3398; x_wconf 85' lang='grc' dir='ltr'>Ἐν</span> <span class='ocrx_word' id='word_1_484' title='bbox 1467 3347 1578 3418; x_wconf 83' lang='grc' dir='ltr'>ὅσῳ</span> <span class='ocrx_word' id='word_1_485' title='bbox 1627 3348 1734 3418; x_wconf 80' lang='grc' dir='ltr'><strong>γὰρ</strong></span> <span class='ocrx_word' id='word_1_486' title='bbox 1769 3350 1860 3402; x_wconf 82' lang='grc' dir='ltr'><strong>ὲν-</strong></span> 
     </span>
    </p>
   </div>
   <div class='ocr_carea' id='block_1_66' title="bbox 282 3426 1860 3510">
    <p class='ocr_par' dir='ltr' id='par_1_66' title="bbox 282 3426 1860 3510">
     <span class='ocr_line' id='line_1_66' title="bbox 282 3426 1860 3510; baseline 0.01 -31"><span class='ocrx_word' id='word_1_487' title='bbox 282 3426 466 3482; x_wconf 87' lang='grc' dir='ltr'>ταῦθά</span> <span class='ocrx_word' id='word_1_488' title='bbox 517 3431 654 3496; x_wconf 83' lang='grc' dir='ltr'>ἐστι,</span> <span class='ocrx_word' id='word_1_489' title='bbox 713 3431 816 3486; x_wconf 84' lang='grc' dir='ltr'>κᾶν</span> <span class='ocrx_word' id='word_1_490' title='bbox 851 3434 1088 3506; x_wconf 80' lang='grc' dir='ltr'>μετρίως</span> <span class='ocrx_word' id='word_1_491' title='bbox 1127 3436 1378 3510; x_wconf 81' lang='grc' dir='ltr'>ἀπολαύῃ</span> <span class='ocrx_word' id='word_1_492' title='bbox 1417 3438 1526 3492; x_wconf 89' lang='grc' dir='ltr'><strong>τῶν</strong></span> <span class='ocrx_word' id='word_1_493' title='bbox 1576 3439 1671 3494; x_wconf 86' lang='grc' dir='ltr'><strong>τοῦ</strong></span> <span class='ocrx_word' id='word_1_494' title='bbox 1706 3441 1860 3495; x_wconf 83' lang='grc' dir='ltr'>’Θεοῦ</span> 
     </span>
    </p>
   </div>
   <div class='ocr_carea' id='block_1_67' title="bbox 288 3522 1866 3601">
    <p class='ocr_par' dir='ltr' id='par_1_67' title="bbox 288 3522 1866 3601">
     <span class='ocr_line' id='line_1_67' title="bbox 288 3522 1866 3601; baseline 0.011 -29"><span class='ocrx_word' id='word_1_495' title='bbox 288 3522 531 3589; x_wconf 81' lang='grc' dir='ltr'>ἀγαθῶν,</span> <span class='ocrx_word' id='word_1_496' title='bbox 565 3525 674 3578; x_wconf 88' lang='grc' dir='ltr'><strong>τῶν</strong></span> <span class='ocrx_word' id='word_1_497' title='bbox 711 3526 985 3598; x_wconf 71' lang='grc' dir='ltr'>αἰσθητῶν</span> <span class='ocrx_word' id='word_1_498' title='bbox 1011 3529 1110 3600; x_wconf 84' lang='grc' dir='ltr'>τῆς</span> <span class='ocrx_word' id='word_1_499' title='bbox 1146 3531 1374 3594; x_wconf 77' lang='grc' dir='ltr'>κτίσεως</span> <span class='ocrx_word' id='word_1_500' title='bbox 1405 3532 1568 3601; x_wconf 82' lang='grc' dir='ltr'>λέγω,</span> <span class='ocrx_word' id='word_1_501' title='bbox 1595 3535 1690 3588; x_wconf 63' lang='grc' dir='ltr'><strong>καλ¹</strong></span> <span class='ocrx_word' id='word_1_502' title='bbox 1718 3534 1866 3589; x_wconf 75' lang='grc' dir='ltr'>δοκεῖ</span> 
     </span>
    </p>
   </div>
   <div class='ocr_carea' id='block_1_68' title="bbox 283 3611 1860 3698">
    <p class='ocr_par' dir='ltr' id='par_1_68' title="bbox 283 3611 1860 3698">
     <span class='ocr_line' id='line_1_68' title="bbox 283 3611 1860 3698; baseline 0.009 -32"><span class='ocrx_word' id='word_1_503' title='bbox 283 3612 470 3679; x_wconf 80' lang='grc' dir='ltr'>δοῦλος</span> <span class='ocrx_word' id='word_1_504' title='bbox 493 3611 632 3670; x_wconf 73' lang='grc' dir='ltr'>εἶναι</span> <span class='ocrx_word' id='word_1_505' title='bbox 655 3618 907 3672; x_wconf 85' lang='grc' dir='ltr'>ὁπωσοῦν</span> <span class='ocrx_word' id='word_1_506' title='bbox 936 3618 1032 3672; x_wconf 88' lang='grc' dir='ltr'><strong>τοῦ</strong></span> <span class='ocrx_word' id='word_1_507' title='bbox 1069 3619 1227 3686; x_wconf 85' lang='grc' dir='ltr'>Θεοῦ,</span> <span class='ocrx_word' id='word_1_508' title='bbox 1253 3623 1310 3675; x_wconf 83' lang='grc' dir='ltr'><strong>ἐν</strong></span> <span class='ocrx_word' id='word_1_509' title='bbox 1338 3622 1415 3692; x_wconf 84' lang='grc' dir='ltr'>τῷ</span> <span class='ocrx_word' id='word_1_510' title='bbox 1442 3625 1576 3695; x_wconf 80' lang='grc' dir='ltr'>οἴκῳ</span> <span class='ocrx_word' id='word_1_511' title='bbox 1601 3626 1767 3680; x_wconf 85' lang='grc' dir='ltr'>αὐτοῦ</span> <span class='ocrx_word' id='word_1_512' title='bbox 1794 3629 1860 3698; x_wconf 82' lang='grc' dir='ltr'>τῇ</span> 
     </span>
    </p>
   </div>
   <div class='ocr_carea' id='block_1_69' title="bbox 286 3704 1863 3786">
    <p class='ocr_par' dir='ltr' id='par_1_69' title="bbox 286 3704 1863 3786">
     <span class='ocr_line' id='line_1_69' title="bbox 286 3704 1863 3786; baseline 0.011 -31"><span class='ocrx_word' id='word_1_513' title='bbox 286 3704 463 3758; x_wconf 88' lang='grc' dir='ltr'>κτίσει</span> <span class='ocrx_word' id='word_1_514' title='bbox 495 3709 663 3779; x_wconf 84' lang='grc' dir='ltr'>ταύτῃ</span> <span class='ocrx_word' id='word_1_515' title='bbox 684 3708 907 3776; x_wconf 84' lang='grc' dir='ltr'>διάγων,</span> <span class='ocrx_word' id='word_1_516' title='bbox 935 3709 1030 3763; x_wconf 77' lang='grc' dir='ltr'><strong>καὶ</strong></span> <span class='ocrx_word' id='word_1_517' title='bbox 1060 3709 1154 3764; x_wconf 77' lang='grc' dir='ltr'><strong>ὑπ’</strong></span> <span class='ocrx_word' id='word_1_518' title='bbox 1185 3713 1348 3766; x_wconf 83' lang='grc' dir='ltr'>αὐτοῦ</span> <span class='ocrx_word' id='word_1_519' title='bbox 1380 3717 1718 3786; x_wconf 86' lang='grc' dir='ltr'>τρεφόμενος</span> <span class='ocrx_word' id='word_1_520' title='bbox 1767 3719 1863 3772; x_wconf 76' lang='grc' dir='ltr'>καὶ</span> 
     </span>
    </p>
   </div>
   <div class='ocr_carea' id='block_1_70' title="bbox 281 3796 1861 3867">
    <p class='ocr_par' dir='ltr' id='par_1_70' title="bbox 281 3796 1861 3867">
     <span class='ocr_line' id='line_1_70' title="bbox 281 3796 1861 3867; baseline 0.008 -18"><span class='ocrx_word' id='word_1_521' title='bbox 281 3796 700 3867; x_wconf 80' lang='grc' dir='ltr'>διεξαγόμενος·</span> <span class='ocrx_word' id='word_1_522' title='bbox 734 3801 855 3854; x_wconf 85' lang='grc' dir='ltr'>τότε</span> <span class='ocrx_word' id='word_1_523' title='bbox 889 3800 946 3854; x_wconf 86' lang='grc' dir='ltr'>δὲ</span> <span class='ocrx_word' id='word_1_524' title='bbox 974 3803 1322 3856; x_wconf 85' lang='grc' dir='ltr'>παντάπασιν</span> <span class='ocrx_word' id='word_1_525' title='bbox 1368 3805 1740 3861; x_wconf 87' lang='grc' dir='ltr'>ἀποκόπτεται</span> <span class='ocrx_word' id='word_1_526' title='bbox 1767 3807 1861 3862; x_wconf 92' lang='grc' dir='ltr'><strong>τοῦ</strong></span> 
     </span>
    </p>
   </div>
   <div class='ocr_carea' id='block_1_71' title="bbox 286 3888 1862 3965">
    <p class='ocr_par' dir='ltr' id='par_1_71' title="bbox 286 3888 1862 3965">
     <span class='ocr_line' id='line_1_71' title="bbox 286 3888 1862 3965; baseline 0.01 -25"><span class='ocrx_word' id='word_1_527' title='bbox 286 3888 447 3955; x_wconf 84' lang='grc' dir='ltr'>θεοῦ,</span> <span class='ocrx_word' id='word_1_528' title='bbox 481 3889 696 3953; x_wconf 81' lang='grc' dir='ltr'>οὐδενὸς</span> <span class='ocrx_word' id='word_1_529' title='bbox 731 3892 978 3963; x_wconf 84' lang='grc' dir='ltr'>μετέχων</span> <span class='ocrx_word' id='word_1_530' title='bbox 1035 3893 1144 3948; x_wconf 92' lang='grc' dir='ltr'><strong>τῶν</strong></span> <span class='ocrx_word' id='word_1_531' title='bbox 1199 3895 1364 3948; x_wconf 81' lang='grc' dir='ltr'>αὑτοῦ</span> <span class='ocrx_word' id='word_1_532' title='bbox 1413 3899 1654 3965; x_wconf 88' lang='grc' dir='ltr'>ἀγαθῶν.</span> <span class='ocrx_word' id='word_1_533' title='bbox 1693 3899 1862 3955; x_wconf 78' lang='grc' dir='ltr'>Τοῦτο</span> 
     </span>
    </p>
   </div>
   <div class='ocr_carea' id='block_1_72' title="bbox 287 3977 1861 4059">
    <p class='ocr_par' dir='ltr' id='par_1_72' title="bbox 287 3977 1861 4059">
     <span class='ocr_line' id='line_1_72' title="bbox 287 3977 1861 4059; baseline 0.008 -30"><span class='ocrx_word' id='word_1_534' title='bbox 287 3977 408 4032; x_wconf 78' lang='grc' dir='ltr'>ἔστι</span> <span class='ocrx_word' id='word_1_535' title='bbox 449 3979 512 4032; x_wconf 80' lang='grc' dir='ltr'>τὸ</span> <span class='ocrx_word' id='word_1_536' title='bbox 553 3979 763 4047; x_wconf 87' lang='grc' dir='ltr'>σκότος,</span> <span class='ocrx_word' id='word_1_537' title='bbox 799 3983 1166 4054; x_wconf 82' lang='grc' dir='ltr'>συγκριτικῶς</span> <span class='ocrx_word' id='word_1_538' title='bbox 1230 3984 1521 4054; x_wconf 80' lang='grc' dir='ltr'>λεγόμενον</span> <span class='ocrx_word' id='word_1_539' title='bbox 1575 3987 1861 4059; x_wconf 76' lang='grc' dir='ltr'>ἐξώτερον,</span> 
     </span>
    </p>
   </div>
   <div class='ocr_carea' id='block_1_73' title="bbox 281 4070 1864 4150">
    <p class='ocr_par' dir='ltr' id='par_1_73' title="bbox 281 4070 1864 4150">
     <span class='ocr_line' id='line_1_73' title="bbox 281 4070 1864 4150; baseline 0.008 -28"><span class='ocrx_word' id='word_1_540' title='bbox 281 4070 361 4134; x_wconf 78' lang='grc' dir='ltr'>ὡς</span> <span class='ocrx_word' id='word_1_541' title='bbox 396 4072 531 4142; x_wconf 77' lang='grc' dir='ltr'>πρδς</span> <span class='ocrx_word' id='word_1_542' title='bbox 577 4073 637 4126; x_wconf 76' lang='grc' dir='ltr'>τὸ</span> <span class='ocrx_word' id='word_1_543' title='bbox 662 4073 917 4128; x_wconf 79' lang='grc' dir='ltr'>ἐνταῦθα.</span> <span class='ocrx_word' id='word_1_544' title='bbox 952 4078 1131 4148; x_wconf 85' lang='grc' dir='ltr'>Ὅπερ</span> <span class='ocrx_word' id='word_1_545' title='bbox 1160 4078 1260 4131; x_wconf 84' lang='grc' dir='ltr'>οὐκ</span> <span class='ocrx_word' id='word_1_546' title='bbox 1287 4077 1433 4132; x_wconf 79' lang='grc' dir='ltr'>ἔστιν</span> <span class='ocrx_word' id='word_1_547' title='bbox 1463 4078 1745 4150; x_wconf 82' lang='grc' dir='ltr'>ἐξώτερον,</span> <span class='ocrx_word' id='word_1_548' title='bbox 1787 4083 1864 4146; x_wconf 86' lang='grc' dir='ltr'>ὡς</span> 
     </span>
    </p>
   </div>
   <div class='ocr_carea' id='block_1_74' title="bbox 286 4165 1866 4245">
    <p class='ocr_par' dir='ltr' id='par_1_74' title="bbox 286 4165 1866 4245">
     <span class='ocr_line' id='line_1_74' title="bbox 286 4165 1866 4245; baseline 0.008 -30"><span class='ocrx_word' id='word_1_549' title='bbox 286 4165 365 4233; x_wconf 79' lang='grc' dir='ltr'>μὴ</span> <span class='ocrx_word' id='word_1_550' title='bbox 393 4165 669 4228; x_wconf 75' lang='grc' dir='ltr'>παντελῶς</span> <span class='ocrx_word' id='word_1_551' title='bbox 697 4166 1145 4237; x_wconf 85' lang='grc' dir='ltr'>ἀποκοπτομένου</span> <span class='ocrx_word' id='word_1_552' title='bbox 1165 4169 1412 4223; x_wconf 83' lang='grc' dir='ltr'>ἐντεῦθεν</span> <span class='ocrx_word' id='word_1_553' title='bbox 1443 4172 1542 4242; x_wconf 80' lang='grc' dir='ltr'><strong>ήδη</strong></span> <span class='ocrx_word' id='word_1_554' title='bbox 1562 4171 1655 4225; x_wconf 90' lang='grc' dir='ltr'><strong>τοῦ</strong></span> <span class='ocrx_word' id='word_1_555' title='bbox 1686 4174 1866 4245; x_wconf 85' lang='grc' dir='ltr'>ἁμαρ-</span> 
     </span>
    </p>
   </div>
   <div class='ocr_carea' id='block_1_75' title="bbox 279 4256 1865 4336">
    <p class='ocr_par' dir='ltr' id='par_1_75' title="bbox 279 4256 1865 4336">
     <span class='ocr_line' id='line_1_75' title="bbox 279 4256 1865 4336; baseline 0.006 -28"><span class='ocrx_word' id='word_1_556' title='bbox 279 4256 480 4309; x_wconf 82' lang='grc' dir='ltr'>τωλοῦ.</span> <span class='ocrx_word' id='word_1_557' title='bbox 525 4256 686 4310; x_wconf 75' lang='grc' dir='ltr'>Ἀλλὰ</span> <span class='ocrx_word' id='word_1_558' title='bbox 725 4260 787 4312; x_wconf 85' lang='grc' dir='ltr'>σὺ</span> <span class='ocrx_word' id='word_1_559' title='bbox 824 4259 995 4328; x_wconf 87' lang='grc' dir='ltr'>φεῦγε</span> <span class='ocrx_word' id='word_1_560' title='bbox 1048 4259 1111 4314; x_wconf 85' lang='grc' dir='ltr'><strong>τδ</strong></span> <span class='ocrx_word' id='word_1_561' title='bbox 1167 4261 1508 4333; x_wconf 76' lang='grc' dir='ltr'>ἄσπλαγχνον</span> <span class='ocrx_word' id='word_1_562' title='bbox 1534 4301 1551 4328; x_wconf 93' lang='grc'><strong>,</strong></span> <span class='ocrx_word' id='word_1_563' title='bbox 1613 4263 1707 4318; x_wconf 77' lang='grc' dir='ltr'>καὶ</span> <span class='ocrx_word' id='word_1_564' title='bbox 1763 4264 1865 4336; x_wconf 84' lang='grc' dir='ltr'>τὴν</span> 
     </span>
    </p>
   </div>
   <div class='ocr_carea' id='block_1_76' title="bbox 279 4346 1864 4425">
    <p class='ocr_par' dir='ltr' id='par_1_76' title="bbox 279 4346 1864 4425">
     <span class='ocr_line' id='line_1_76' title="bbox 279 4346 1864 4425; baseline 0.006 -25"><span class='ocrx_word' id='word_1_565' title='bbox 279 4346 661 4420; x_wconf 69' lang='grc' dir='ltr'>ἐλεημοσύνην</span> <span class='ocrx_word' id='word_1_566' title='bbox 690 4349 925 4420; x_wconf 77' lang='grc' dir='ltr'>ἐργάζου</span> <span class='ocrx_word' id='word_1_567' title='bbox 960 4353 1054 4404; x_wconf 77' lang='grc' dir='ltr'>καὶ</span> <span class='ocrx_word' id='word_1_568' title='bbox 1082 4352 1353 4421; x_wconf 72' lang='grc' dir='ltr'>αἰσθητῶς</span> <span class='ocrx_word' id='word_1_569' title='bbox 1395 4352 1516 4423; x_wconf 83' lang='grc' dir='ltr'>μὲν,</span> <span class='ocrx_word' id='word_1_570' title='bbox 1553 4354 1692 4425; x_wconf 84' lang='grc' dir='ltr'>πλὴν</span> <span class='ocrx_word' id='word_1_571' title='bbox 1725 4356 1864 4411; x_wconf 83' lang='grc' dir='ltr'><strong>ἀλλά</strong></span> 
     </span>
    </p>
   </div>
   <div class='ocr_carea' id='block_1_77' title="bbox 277 4438 1863 4514">
    <p class='ocr_par' dir='ltr' id='par_1_77' title="bbox 277 4438 1863 4514">
     <span class='ocr_line' id='line_1_77' title="bbox 277 4438 1863 4514; baseline 0.008 -25"><span class='ocrx_word' id='word_1_572' title='bbox 277 4438 384 4490; x_wconf 73' lang='grc' dir='ltr'>καὶ</span> <span class='ocrx_word' id='word_1_573' title='bbox 409 4440 810 4509; x_wconf 85' lang='grc' dir='ltr'>πνευματικῶς.</span> <span class='ocrx_word' id='word_1_574' title='bbox 839 4441 1050 4511; x_wconf 80' lang='grc' dir='ltr'>Θρέψον</span> <span class='ocrx_word' id='word_1_575' title='bbox 1078 4442 1186 4512; x_wconf 84' lang='grc' dir='ltr'>γὰρ</span> <span class='ocrx_word' id='word_1_576' title='bbox 1214 4443 1306 4496; x_wconf 71' lang='grc' dir='ltr'>τὸν</span> <span class='ocrx_word' id='word_1_577' title='bbox 1333 4442 1568 4514; x_wconf 79' lang='grc' dir='ltr'>Χριστὸν</span> <span class='ocrx_word' id='word_1_578' title='bbox 1589 4446 1863 4501; x_wconf 89' lang='grc' dir='ltr'>πεινῶντα</span> 
     </span>
    </p>
   </div>
   <div class='ocr_carea' id='block_1_78' title="bbox 277 4528 1855 4604">
    <p class='ocr_par' dir='ltr' id='par_1_78' title="bbox 277 4528 1855 4604">
     <span class='ocr_line' id='line_1_78' title="bbox 277 4528 1855 4604; baseline 0.009 -24"><span class='ocrx_word' id='word_1_579' title='bbox 277 4528 385 4599; x_wconf 80' lang='grc' dir='ltr'>τὴν</span> <span class='ocrx_word' id='word_1_580' title='bbox 413 4531 686 4602; x_wconf 71' lang='grc' dir='ltr'>ἡμετέραν</span> <span class='ocrx_word' id='word_1_581' title='bbox 719 4532 994 4604; x_wconf 79' lang='grc' dir='ltr'>σωτηρίαν</span> <span class='ocrx_word' id='word_1_582' title='bbox 1021 4549 1036 4564; x_wconf 83' lang='grc'><em>’</em></span> <span class='ocrx_word' id='word_1_583' title='bbox 1101 4534 1240 4587; x_wconf 84' lang='grc' dir='ltr'>ἀλλά</span> <span class='ocrx_word' id='word_1_584' title='bbox 1298 4537 1390 4588; x_wconf 74' lang='grc' dir='ltr'>καὶ</span> <span class='ocrx_word' id='word_1_585' title='bbox 1437 4537 1530 4589; x_wconf 81' lang='grc' dir='ltr'>τὸν</span> <span class='ocrx_word' id='word_1_586' title='bbox 1585 4538 1855 4593; x_wconf 88' lang='grc' dir='ltr'>πεινῶντα</span> 
     </span>
    </p>
   </div>
   <div class='ocr_carea' id='block_1_79' title="bbox 1968 3329 3534 3410">
    <p class='ocr_par' dir='ltr' id='par_1_79' title="bbox 1968 3329 3534 3410">
     <span class='ocr_line' id='line_1_79' title="bbox 1968 3329 3534 3410; baseline -0.001 -16"><span class='ocrx_word' id='word_1_587' title='bbox 1968 3340 2195 3394; x_wconf 89' lang='lat' dir='ltr'><strong>ubertim</strong></span> <span class='ocrx_word' id='word_1_588' title='bbox 2220 3329 2478 3408; x_wconf 79' lang='lat' dir='ltr'><strong>suscipiat</strong></span> <span class='ocrx_word' id='word_1_589' title='bbox 2505 3338 2718 3410; x_wconf 91' lang='lat' dir='ltr'><strong>[loquor</strong></span> <span class='ocrx_word' id='word_1_590' title='bbox 2740 3338 2806 3392; x_wconf 89' lang='lat' dir='ltr'><strong>de</strong></span> <span class='ocrx_word' id='word_1_591' title='bbox 2824 3337 3166 3392; x_wconf 90' lang='lat' dir='ltr'><strong>seusibilibus</strong></span> <span class='ocrx_word' id='word_1_592' title='bbox 3194 3347 3248 3392; x_wconf 90' lang='lat' dir='ltr'><strong>et</strong></span> <span class='ocrx_word' id='word_1_593' title='bbox 3272 3338 3534 3410; x_wconf 88' lang='lat' dir='ltr'><strong>creatis],</strong></span> 
     </span>
    </p>
   </div>
   <div class='ocr_carea' id='block_1_80' title="bbox 1966 3431 3530 3501">
    <p class='ocr_par' dir='ltr' id='par_1_80' title="bbox 1966 3431 3530 3501">
     <span class='ocr_line' id='line_1_80' title="bbox 1966 3431 3530 3501; baseline -0.001 -15"><span class='ocrx_word' id='word_1_594' title='bbox 1966 3432 2177 3486; x_wconf 88' lang='lat' dir='ltr'><strong>videtur</strong></span> <span class='ocrx_word' id='word_1_595' title='bbox 2207 3446 2327 3486; x_wconf 87' lang='lat' dir='ltr'><strong>esse</strong></span> <span class='ocrx_word' id='word_1_596' title='bbox 2361 3431 2753 3501; x_wconf 86' lang='lat' dir='ltr'><strong>quodammodo</strong></span> <span class='ocrx_word' id='word_1_597' title='bbox 2786 3446 2979 3486; x_wconf 86' lang='lat' dir='ltr'><strong>servus</strong></span> <span class='ocrx_word' id='word_1_598' title='bbox 3012 3431 3099 3487; x_wconf 85' lang='lat' dir='ltr'><strong>Dei</strong></span> <span class='ocrx_word' id='word_1_599' title='bbox 3129 3432 3252 3486; x_wconf 88' lang='lat' dir='ltr'><strong>dum</strong></span> <span class='ocrx_word' id='word_1_600' title='bbox 3285 3431 3336 3485; x_wconf 92' lang='lat' dir='ltr'><strong>in</strong></span> <span class='ocrx_word' id='word_1_601' title='bbox 3371 3433 3530 3486; x_wconf 84' lang='lat' dir='ltr'><strong>dumo</strong></span> 
     </span>
    </p>
   </div>
   <div class='ocr_carea' id='block_1_81' title="bbox 1964 3523 3542 3595">
    <p class='ocr_par' dir='ltr' id='par_1_81' title="bbox 1964 3523 3542 3595">
     <span class='ocr_line' id='line_1_81' title="bbox 1964 3523 3542 3595; baseline -0.001 -16"><span class='ocrx_word' id='word_1_602' title='bbox 1964 3525 2100 3595; x_wconf 84' lang='lat' dir='ltr'><strong>ejus,</strong></span> <span class='ocrx_word' id='word_1_603' title='bbox 2132 3524 2235 3578; x_wconf 88' lang='lat' dir='ltr'><strong>hoc</strong></span> <span class='ocrx_word' id='word_1_604' title='bbox 2264 3526 2421 3578; x_wconf 89' lang='lat' dir='ltr'><strong>estin</strong></span> <span class='ocrx_word' id='word_1_605' title='bbox 2452 3525 2740 3590; x_wconf 90' lang='lat' dir='ltr'><strong>creaturis,</strong></span> <span class='ocrx_word' id='word_1_606' title='bbox 2775 3535 3046 3588; x_wconf 81' lang='lat' dir='ltr'><strong>versatur,</strong></span> <span class='ocrx_word' id='word_1_607' title='bbox 3075 3525 3140 3578; x_wconf 90' lang='lat' dir='ltr'><strong>ab</strong></span> <span class='ocrx_word' id='word_1_608' title='bbox 3173 3524 3396 3593; x_wconf 88' lang='lat' dir='ltr'><strong>ipsoque</strong></span> <span class='ocrx_word' id='word_1_609' title='bbox 3443 3523 3542 3578; x_wconf 85' lang='lat' dir='ltr'><strong>ali-</strong></span> 
     </span>
    </p>
   </div>
   <div class='ocr_carea' id='block_1_82' title="bbox 1965 3615 3539 3673">
    <p class='ocr_par' dir='ltr' id='par_1_82' title="bbox 1965 3615 3539 3673">
     <span class='ocr_line' id='line_1_82' title="bbox 1965 3615 3539 3673; baseline -0.002 0"><span class='ocrx_word' id='word_1_610' title='bbox 1965 3627 2052 3673; x_wconf 88' lang='lat' dir='ltr'><strong>tur</strong></span> <span class='ocrx_word' id='word_1_611' title='bbox 2077 3627 2132 3672; x_wconf 89' lang='lat' dir='ltr'><strong>et</strong></span> <span class='ocrx_word' id='word_1_612' title='bbox 2155 3619 2434 3672; x_wconf 88' lang='lat' dir='ltr'><strong>educatur.</strong></span> <span class='ocrx_word' id='word_1_613' title='bbox 2460 3616 2610 3671; x_wconf 88' lang='lat' dir='ltr'><strong>Tunc</strong></span> <span class='ocrx_word' id='word_1_614' title='bbox 2656 3625 2839 3671; x_wconf 90' lang='lat' dir='ltr'><strong>autem</strong></span> <span class='ocrx_word' id='word_1_615' title='bbox 2881 3617 3130 3671; x_wconf 80' lang='lat' dir='ltr'><strong>outuibus</strong></span> <span class='ocrx_word' id='word_1_616' title='bbox 3171 3618 3341 3670; x_wconf 82' lang='lat' dir='ltr'><strong>modis</strong></span> <span class='ocrx_word' id='word_1_617' title='bbox 3369 3631 3397 3668; x_wconf 93' lang='lat' dir='ltr'><strong>a</strong></span> <span class='ocrx_word' id='word_1_618' title='bbox 3432 3615 3539 3670; x_wconf 89' lang='lat' dir='ltr'><strong>Deo</strong></span> 
     </span>
    </p>
   </div>
   <div class='ocr_carea' id='block_1_83' title="bbox 1967 3708 3537 3774">
    <p class='ocr_par' dir='ltr' id='par_1_83' title="bbox 1967 3708 3537 3774">
     <span class='ocr_line' id='line_1_83' title="bbox 1967 3708 3537 3774; baseline 0.001 -10"><span class='ocrx_word' id='word_1_619' title='bbox 1967 3711 2245 3774; x_wconf 87' lang='lat' dir='ltr'><strong>dividitur,</strong></span> <span class='ocrx_word' id='word_1_620' title='bbox 2299 3709 2432 3764; x_wconf 87' lang='lat' dir='ltr'><strong>nihil</strong></span> <span class='ocrx_word' id='word_1_621' title='bbox 2467 3724 2752 3764; x_wconf 87' lang='lat' dir='ltr'><strong>commune</strong></span> <span class='ocrx_word' id='word_1_622' title='bbox 2786 3724 2908 3764; x_wconf 90' lang='lat' dir='ltr'><strong>cum</strong></span> <span class='ocrx_word' id='word_1_623' title='bbox 2945 3708 3086 3763; x_wconf 88' lang='lat' dir='ltr'><strong>illius</strong></span> <span class='ocrx_word' id='word_1_624' title='bbox 3121 3710 3274 3763; x_wconf 85' lang='lat' dir='ltr'><strong>bonis</strong></span> <span class='ocrx_word' id='word_1_625' title='bbox 3310 3709 3537 3765; x_wconf 86' lang='lat' dir='ltr'><strong>habens.</strong></span> 
     </span>
    </p>
   </div>
   <div class='ocr_carea' id='block_1_84' title="bbox 1966 3801 3538 3870">
    <p class='ocr_par' dir='ltr' id='par_1_84' title="bbox 1966 3801 3538 3870">
     <span class='ocr_line' id='line_1_84' title="bbox 1966 3801 3538 3870; baseline -0.001 -15"><span class='ocrx_word' id='word_1_626' title='bbox 1966 3803 2061 3856; x_wconf 68' lang='lat' dir='ltr'><strong>Hae</strong></span> <span class='ocrx_word' id='word_1_627' title='bbox 2091 3812 2213 3856; x_wconf 90' lang='lat' dir='ltr'><strong>sunt</strong></span> <span class='ocrx_word' id='word_1_628' title='bbox 2249 3816 2345 3868; x_wconf 90' lang='lat' dir='ltr'><strong>per</strong></span> <span class='ocrx_word' id='word_1_629' title='bbox 2381 3805 2839 3870; x_wconf 87' lang='lat' dir='ltr'><strong>comparationem</strong></span> <span class='ocrx_word' id='word_1_630' title='bbox 2875 3801 2940 3854; x_wconf 89' lang='lat' dir='ltr'><strong>ad</strong></span> <span class='ocrx_word' id='word_1_631' title='bbox 2981 3802 3077 3856; x_wconf 90' lang='lat' dir='ltr'><strong>has</strong></span> <span class='ocrx_word' id='word_1_632' title='bbox 3119 3802 3354 3854; x_wconf 57' lang='lat' dir='ltr'><strong>tenebrat</strong></span> <span class='ocrx_word' id='word_1_633' title='bbox 3387 3809 3538 3853; x_wconf 68' lang='lat' dir='ltr'><strong>exteo</strong></span> 
     </span>
    </p>
   </div>
   <div class='ocr_carea' id='block_1_85' title="bbox 1967 3892 3540 3964">
    <p class='ocr_par' dir='ltr' id='par_1_85' title="bbox 1967 3892 3540 3964">
     <span class='ocr_line' id='line_1_85' title="bbox 1967 3892 3540 3964; baseline -0.001 -16"><span class='ocrx_word' id='word_1_634' title='bbox 1967 3895 2156 3959; x_wconf 89' lang='lat' dir='ltr'><strong>riores,</strong></span> <span class='ocrx_word' id='word_1_635' title='bbox 2181 3909 2248 3950; x_wconf 89' lang='lat' dir='ltr'><strong>eo</strong></span> <span class='ocrx_word' id='word_1_636' title='bbox 2281 3895 2424 3964; x_wconf 88' lang='lat' dir='ltr'><strong>quod</strong></span> <span class='ocrx_word' id='word_1_637' title='bbox 2477 3893 2565 3948; x_wconf 87' lang='lat' dir='ltr'><strong>hic</strong></span> <span class='ocrx_word' id='word_1_638' title='bbox 2613 3908 2720 3948; x_wconf 88' lang='lat' dir='ltr'><strong>non</strong></span> <span class='ocrx_word' id='word_1_639' title='bbox 2768 3893 3016 3947; x_wconf 87' lang='lat' dir='ltr'><strong>omnibus</strong></span> <span class='ocrx_word' id='word_1_640' title='bbox 3067 3892 3237 3944; x_wconf 78' lang='lat' dir='ltr'><strong>modis</strong></span> <span class='ocrx_word' id='word_1_641' title='bbox 3291 3901 3540 3960; x_wconf 68' lang='lat' dir='ltr'><strong>t‘teccator</strong></span> 
     </span>
    </p>
   </div>
   <div class='ocr_carea' id='block_1_86' title="bbox 1969 3979 3536 4052">
    <p class='ocr_par' dir='ltr' id='par_1_86' title="bbox 1969 3979 3536 4052">
     <span class='ocr_line' id='line_1_86' title="bbox 1969 3979 3536 4052; baseline -0.002 -15"><span class='ocrx_word' id='word_1_642' title='bbox 1969 3991 2264 4037; x_wconf 87' lang='lat' dir='ltr'><strong>resecatur.</strong></span> <span class='ocrx_word' id='word_1_643' title='bbox 2292 3983 2360 4036; x_wconf 85' lang='lat' dir='ltr'><strong>At</strong></span> <span class='ocrx_word' id='word_1_644' title='bbox 2395 3991 2449 4036; x_wconf 91' lang='lat' dir='ltr'><strong>tu</strong></span> <span class='ocrx_word' id='word_1_645' title='bbox 2490 3981 2613 4052; x_wconf 77' lang='lat' dir='ltr'><strong>fuge</strong></span> <span class='ocrx_word' id='word_1_646' title='bbox 2649 3980 3154 4035; x_wconf 88' lang='lat' dir='ltr'><strong>immiscricordiam</strong></span> <span class='ocrx_word' id='word_1_647' title='bbox 3191 3988 3243 4034; x_wconf 80' lang='lat' dir='ltr'><strong>et</strong></span> <span class='ocrx_word' id='word_1_648' title='bbox 3273 3979 3356 4033; x_wconf 78' lang='lat' dir='ltr'><strong>fac</strong></span> <span class='ocrx_word' id='word_1_649' title='bbox 3390 3980 3536 4034; x_wconf 80' lang='lat' dir='ltr'><strong>elee-</strong></span> 
     </span>
    </p>
   </div>
   <div class='ocr_carea' id='block_1_87' title="bbox 1967 4071 3536 4146">
    <p class='ocr_par' dir='ltr' id='par_1_87' title="bbox 1967 4071 3536 4146">
     <span class='ocr_line' id='line_1_87' title="bbox 1967 4071 3536 4146; baseline -0.005 -14"><span class='ocrx_word' id='word_1_650' title='bbox 1967 4091 2241 4146; x_wconf 83' lang='lat' dir='ltr'><strong>mosynas,</strong></span> <span class='ocrx_word' id='word_1_651' title='bbox 2265 4085 2318 4131; x_wconf 88' lang='lat' dir='ltr'><strong>et</strong></span> <span class='ocrx_word' id='word_1_652' title='bbox 2367 4074 2499 4129; x_wconf 86' lang='lat' dir='ltr'><strong>alias</strong></span> <span class='ocrx_word' id='word_1_653' title='bbox 2552 4073 2768 4144; x_wconf 87' lang='lat' dir='ltr'><strong>quidem</strong></span> <span class='ocrx_word' id='word_1_654' title='bbox 2825 4073 3126 4136; x_wconf 88' lang='lat' dir='ltr'><strong>sensibiles,</strong></span> <span class='ocrx_word' id='word_1_655' title='bbox 3169 4071 3303 4126; x_wconf 89' lang='lat' dir='ltr'><strong>alias</strong></span> <span class='ocrx_word' id='word_1_656' title='bbox 3358 4083 3536 4125; x_wconf 90' lang='lat' dir='ltr'><strong>autem</strong></span> 
     </span>
    </p>
   </div>
   <div class='ocr_carea' id='block_1_88' title="bbox 1967 4161 3533 4240">
    <p class='ocr_par' dir='ltr' id='par_1_88' title="bbox 1967 4161 3533 4240">
     <span class='ocr_line' id='line_1_88' title="bbox 1967 4161 3533 4240; baseline -0.007 -15"><span class='ocrx_word' id='word_1_657' title='bbox 1967 4168 2296 4240; x_wconf 87' lang='lat' dir='ltr'><strong>spirituales.</strong></span> <span class='ocrx_word' id='word_1_658' title='bbox 2348 4165 2515 4221; x_wconf 90' lang='lat' dir='ltr'><strong>Pasce</strong></span> <span class='ocrx_word' id='word_1_659' title='bbox 2572 4165 2868 4228; x_wconf 89' lang='lat' dir='ltr'><strong>Christum,</strong></span> <span class='ocrx_word' id='word_1_660' title='bbox 2913 4163 3003 4232; x_wconf 91' lang='lat' dir='ltr'><strong>qui</strong></span> <span class='ocrx_word' id='word_1_661' title='bbox 3055 4164 3228 4217; x_wconf 83' lang='lat' dir='ltr'><strong>esurit</strong></span> <span class='ocrx_word' id='word_1_662' title='bbox 3303 4161 3533 4217; x_wconf 83' lang='lat' dir='ltr'><strong>salutem</strong></span> 
     </span>
    </p>
   </div>
   <div class='ocr_carea' id='block_1_89' title="bbox 1966 4256 3540 4324">
    <p class='ocr_par' dir='ltr' id='par_1_89' title="bbox 1966 4256 3540 4324">
     <span class='ocr_line' id='line_1_89' title="bbox 1966 4256 3540 4324; baseline -0.006 -6"><span class='ocrx_word' id='word_1_663' title='bbox 1966 4273 2233 4318; x_wconf 85' lang='lat' dir='ltr'><strong>nostram.</strong></span> <span class='ocrx_word' id='word_1_664' title='bbox 2265 4257 2369 4314; x_wconf 89' lang='lat' dir='ltr'><strong>Sed</strong></span> <span class='ocrx_word' id='word_1_665' title='bbox 2400 4268 2451 4312; x_wconf 88' lang='lat' dir='ltr'><strong>et</strong></span> <span class='ocrx_word' id='word_1_666' title='bbox 2485 4258 2811 4311; x_wconf 83' lang='lat' dir='ltr'><strong>esurientem</strong></span> <span class='ocrx_word' id='word_1_667' title='bbox 2850 4256 3124 4310; x_wconf 87' lang='lat' dir='ltr'><strong>doctrinas</strong></span> <span class='ocrx_word' id='word_1_668' title='bbox 3159 4256 3203 4309; x_wconf 91' lang='lat' dir='ltr'><strong>si</strong></span> <span class='ocrx_word' id='word_1_669' title='bbox 3235 4257 3449 4324; x_wconf 84' lang='lat' dir='ltr'><strong>paveris</strong></span> <span class='ocrx_word' id='word_1_670' title='bbox 3485 4263 3540 4309; x_wconf 87' lang='lat' dir='ltr'><strong>et</strong></span> 
     </span>
    </p>
   </div>
   <div class='ocr_carea' id='block_1_90' title="bbox 1967 4349 3536 4426">
    <p class='ocr_par' dir='ltr' id='par_1_90' title="bbox 1967 4349 3536 4426">
     <span class='ocr_line' id='line_1_90' title="bbox 1967 4349 3536 4426; baseline -0.004 -17"><span class='ocrx_word' id='word_1_671' title='bbox 1967 4353 2260 4426; x_wconf 86' lang='lat' dir='ltr'><strong>putaveris,</strong></span> <span class='ocrx_word' id='word_1_672' title='bbox 2287 4351 2480 4421; x_wconf 87' lang='lat' dir='ltr'><strong>pavisti</strong></span> <span class='ocrx_word' id='word_1_673' title='bbox 2509 4349 2783 4404; x_wconf 76' lang='lat' dir='ltr'><strong>Christum</strong></span> <span class='ocrx_word' id='word_1_674' title='bbox 2809 4359 2862 4403; x_wconf 91' lang='lat' dir='ltr'><strong>et</strong></span> <span class='ocrx_word' id='word_1_675' title='bbox 2890 4351 3108 4418; x_wconf 87' lang='lat' dir='ltr'><strong>putasti.</strong></span> <span class='ocrx_word' id='word_1_676' title='bbox 3132 4349 3189 4402; x_wconf 90' lang='lat' dir='ltr'><strong>lu</strong></span> <span class='ocrx_word' id='word_1_677' title='bbox 3225 4349 3536 4404; x_wconf 80' lang='lat' dir='ltr'><strong>Christiano</strong></span> 
     </span>
    </p>
   </div>
   <div class='ocr_carea' id='block_1_91' title="bbox 1967 4441 3540 4507">
    <p class='ocr_par' dir='ltr' id='par_1_91' title="bbox 1967 4441 3540 4507">
     <span class='ocr_line' id='line_1_91' title="bbox 1967 4441 3540 4507; baseline -0.006 -3"><span class='ocrx_word' id='word_1_678' title='bbox 1967 4449 2112 4504; x_wconf 87' lang='lat' dir='ltr'><strong>enim</strong></span> <span class='ocrx_word' id='word_1_679' title='bbox 2144 4445 2391 4502; x_wconf 86' lang='lat' dir='ltr'><strong>Christus</strong></span> <span class='ocrx_word' id='word_1_680' title='bbox 2419 4451 2524 4507; x_wconf 89' lang='lat' dir='ltr'><strong>est,</strong></span> <span class='ocrx_word' id='word_1_681' title='bbox 2552 4453 2605 4497; x_wconf 90' lang='lat' dir='ltr'><strong>et</strong></span> <span class='ocrx_word' id='word_1_682' title='bbox 2638 4442 2769 4496; x_wconf 88' lang='lat' dir='ltr'><strong>lldes</strong></span> <span class='ocrx_word' id='word_1_683' title='bbox 2803 4442 2966 4496; x_wconf 86' lang='lat' dir='ltr'><strong>alitur</strong></span> <span class='ocrx_word' id='word_1_684' title='bbox 3005 4452 3058 4495; x_wconf 86' lang='lat' dir='ltr'><strong>et</strong></span> <span class='ocrx_word' id='word_1_685' title='bbox 3097 4442 3291 4497; x_wconf 86' lang='lat' dir='ltr'><strong>crescit</strong></span> <span class='ocrx_word' id='word_1_686' title='bbox 3339 4441 3540 4497; x_wconf 76' lang='lat' dir='ltr'><strong>doetri-</strong></span> 
     </span>
    </p>
   </div>
   <div class='ocr_carea' id='block_1_92' title="bbox 1970 4534 3532 4608">
    <p class='ocr_par' dir='ltr' id='par_1_92' title="bbox 1970 4534 3532 4608">
     <span class='ocr_line' id='line_1_92' title="bbox 1970 4534 3532 4608; baseline -0.006 -12"><span class='ocrx_word' id='word_1_687' title='bbox 1970 4541 2079 4596; x_wconf 89' lang='lat' dir='ltr'><strong>nis.</strong></span> <span class='ocrx_word' id='word_1_688' title='bbox 2108 4537 2212 4592; x_wconf 90' lang='lat' dir='ltr'><strong>Sed</strong></span> <span class='ocrx_word' id='word_1_689' title='bbox 2239 4546 2295 4591; x_wconf 90' lang='lat' dir='ltr'><strong>et</strong></span> <span class='ocrx_word' id='word_1_690' title='bbox 2331 4537 2374 4590; x_wconf 87' lang='lat' dir='ltr'><strong>si</strong></span> <span class='ocrx_word' id='word_1_691' title='bbox 2409 4535 2608 4589; x_wconf 88' lang='lat' dir='ltr'><strong>videris</strong></span> <span class='ocrx_word' id='word_1_692' title='bbox 2642 4534 2984 4608; x_wconf 76' lang='lat' dir='ltr'><strong>peregrinum</strong></span> <span class='ocrx_word' id='word_1_693' title='bbox 3018 4551 3043 4589; x_wconf 87' lang='lat' dir='ltr'><strong>a</strong></span> <span class='ocrx_word' id='word_1_694' title='bbox 3077 4550 3305 4603; x_wconf 89' lang='lat' dir='ltr'><strong>superna</strong></span> <span class='ocrx_word' id='word_1_695' title='bbox 3335 4535 3532 4602; x_wconf 87' lang='lat' dir='ltr'><strong>patria,</strong></span> 
     </span>
    </p>
   </div>
   <div class='ocr_carea' id='block_1_93' title="bbox 275 4620 1860 4701">
    <p class='ocr_par' dir='ltr' id='par_1_93' title="bbox 275 4621 1858 4701">
     <span class='ocr_line' id='line_1_93' title="bbox 275 4621 1858 4701; baseline 0.008 -28"><span class='ocrx_word' id='word_1_696' title='bbox 275 4621 637 4686; x_wconf 80' lang='grc' dir='ltr'>διδασκαλίας</span> <span class='ocrx_word' id='word_1_697' title='bbox 669 4623 762 4677; x_wconf 78' lang='grc' dir='ltr'><strong>ἐὰν</strong></span> <span class='ocrx_word' id='word_1_698' title='bbox 803 4623 1009 4696; x_wconf 78' lang='grc' dir='ltr'>θρέψῃς</span> <span class='ocrx_word' id='word_1_699' title='bbox 1036 4625 1130 4678; x_wconf 80' lang='grc' dir='ltr'>καὶ</span> <span class='ocrx_word' id='word_1_700' title='bbox 1165 4627 1412 4699; x_wconf 81' lang='grc' dir='ltr'>ποτίσης,</span> <span class='ocrx_word' id='word_1_701' title='bbox 1449 4627 1684 4699; x_wconf 77' lang='grc' dir='ltr'>ἔθρεψας</span> <span class='ocrx_word' id='word_1_702' title='bbox 1721 4631 1858 4701; x_wconf 86' lang='grc' dir='ltr'>Χρι-</span> 
     </span>
    </p>
   </div>
   <div class='ocr_carea' id='block_1_94' title="bbox 1963 4620 3537 4701">
    <p class='ocr_par' dir='ltr' id='par_1_94' title="bbox 1963 4627 3537 4698">
     <span class='ocr_line' id='line_1_94' title="bbox 1963 4627 3537 4698; baseline -0.005 -8"><span class='ocrx_word' id='word_1_703' title='bbox 1963 4643 2133 4690; x_wconf 82' lang='lat' dir='ltr'><strong>tecum</strong></span> <span class='ocrx_word' id='word_1_704' title='bbox 2173 4639 2224 4684; x_wconf 89' lang='lat' dir='ltr'><strong>et</strong></span> <span class='ocrx_word' id='word_1_705' title='bbox 2255 4627 2464 4698; x_wconf 76' lang='lat' dir='ltr'><strong>collige,</strong></span> <span class='ocrx_word' id='word_1_706' title='bbox 2504 4627 2604 4680; x_wconf 90' lang='lat' dir='ltr'><strong>hoc</strong></span> <span class='ocrx_word' id='word_1_707' title='bbox 2650 4635 2753 4691; x_wconf 79' lang='lat' dir='ltr'><strong>est,</strong></span> <span class='ocrx_word' id='word_1_708' title='bbox 2780 4628 2902 4680; x_wconf 83' lang='lat' dir='ltr'><strong>(lum</strong></span> <span class='ocrx_word' id='word_1_709' title='bbox 2932 4627 3233 4697; x_wconf 78' lang='lat' dir='ltr'><strong>ingrederis</strong></span> <span class='ocrx_word' id='word_1_710' title='bbox 3266 4628 3318 4680; x_wconf 91' lang='lat' dir='ltr'><strong>in</strong></span> <span class='ocrx_word' id='word_1_711' title='bbox 3349 4627 3537 4692; x_wconf 74' lang='lat' dir='ltr'><strong>ctelos,</strong></span> 
     </span>
    </p>
   </div>
   <div class='ocr_carea' id='block_1_95' title="bbox 277 4715 1863 4793">
    <p class='ocr_par' dir='ltr' id='par_1_95' title="bbox 277 4715 1863 4793">
     <span class='ocr_line' id='line_1_95' title="bbox 277 4715 1863 4793; baseline 0.007 -27"><span class='ocrx_word' id='word_1_712' title='bbox 277 4715 412 4767; x_wconf 74' lang='grc' dir='ltr'>στὸν</span> <span class='ocrx_word' id='word_1_713' title='bbox 441 4717 534 4769; x_wconf 76' lang='grc' dir='ltr'>καὶ</span> <span class='ocrx_word' id='word_1_714' title='bbox 567 4718 842 4781; x_wconf 80' lang='grc' dir='ltr'>ὲπότισας.</span> <span class='ocrx_word' id='word_1_715' title='bbox 888 4715 950 4771; x_wconf 89' lang='grc' dir='ltr'><strong>Ὃ</strong></span> <span class='ocrx_word' id='word_1_716' title='bbox 979 4719 1090 4788; x_wconf 68' lang='grc' dir='ltr'><strong>γὰρ</strong></span> <span class='ocrx_word' id='word_1_717' title='bbox 1113 4720 1170 4771; x_wconf 78' lang='grc' dir='ltr'><strong>ἐν</strong></span> <span class='ocrx_word' id='word_1_718' title='bbox 1195 4718 1272 4788; x_wconf 83' lang='grc' dir='ltr'>τῷ</span> <span class='ocrx_word' id='word_1_719' title='bbox 1291 4720 1600 4792; x_wconf 84' lang='grc' dir='ltr'>Χριστιανῷ</span> <span class='ocrx_word' id='word_1_720' title='bbox 1629 4724 1863 4793; x_wconf 77' lang='grc' dir='ltr'>Χριστὸς</span> 
     </span>
    </p>
   </div>
   <div class='ocr_carea' id='block_1_96' title="bbox 275 4807 1862 4883">
    <p class='ocr_par' dir='ltr' id='par_1_96' title="bbox 275 4807 1862 4883">
     <span class='ocr_line' id='line_1_96' title="bbox 275 4807 1862 4883; baseline 0.008 -24"><span class='ocrx_word' id='word_1_721' title='bbox 275 4807 381 4859; x_wconf 76' lang='grc' dir='ltr'><strong>καὶ</strong></span> <span class='ocrx_word' id='word_1_722' title='bbox 403 4809 436 4874; x_wconf 87' lang='grc' dir='ltr'>ἠ</span> <span class='ocrx_word' id='word_1_723' title='bbox 466 4807 645 4871; x_wconf 78' lang='grc' dir='ltr'>πίστις</span> <span class='ocrx_word' id='word_1_724' title='bbox 676 4808 940 4878; x_wconf 82' lang='grc' dir='ltr'>τρέφεται</span> <span class='ocrx_word' id='word_1_725' title='bbox 975 4811 1069 4863; x_wconf 75' lang='grc' dir='ltr'><strong>καὶ</strong></span> <span class='ocrx_word' id='word_1_726' title='bbox 1100 4809 1323 4876; x_wconf 76' lang='grc' dir='ltr'>αὒξεται</span> <span class='ocrx_word' id='word_1_727' title='bbox 1345 4813 1432 4866; x_wconf 74' lang='grc' dir='ltr'><strong>διὰ</strong></span> <span class='ocrx_word' id='word_1_728' title='bbox 1469 4816 1569 4883; x_wconf 83' lang='grc' dir='ltr'>τῆς</span> <span class='ocrx_word' id='word_1_729' title='bbox 1607 4816 1862 4871; x_wconf 84' lang='grc' dir='ltr'>διδασκα-</span> 
     </span>
    </p>
   </div>
   <div class='ocr_carea' id='block_1_97' title="bbox 272 4899 1860 4976">
    <p class='ocr_par' dir='ltr' id='par_1_97' title="bbox 272 4899 1860 4976">
     <span class='ocr_line' id='line_1_97' title="bbox 272 4899 1860 4976; baseline 0.008 -27"><span class='ocrx_word' id='word_1_730' title='bbox 272 4899 428 4962; x_wconf 80' lang='grc' dir='ltr'>λίας.</span> <span class='ocrx_word' id='word_1_731' title='bbox 475 4899 636 4952; x_wconf 79' lang='grc' dir='ltr'>Ἀλλὰ</span> <span class='ocrx_word' id='word_1_732' title='bbox 663 4901 765 4954; x_wconf 64' lang='grc' dir='ltr'>κᾶν</span> <span class='ocrx_word' id='word_1_733' title='bbox 795 4902 910 4974; x_wconf 74' lang='grc' dir='ltr'>ἴδῃς</span> <span class='ocrx_word' id='word_1_734' title='bbox 949 4902 1092 4964; x_wconf 83' lang='grc' dir='ltr'>τινὰ,</span> <span class='ocrx_word' id='word_1_735' title='bbox 1125 4901 1273 4969; x_wconf 81' lang='grc' dir='ltr'>ξένον</span> <span class='ocrx_word' id='word_1_736' title='bbox 1301 4905 1584 4975; x_wconf 85' lang='grc' dir='ltr'>γινόμενον</span> <span class='ocrx_word' id='word_1_737' title='bbox 1613 4907 1714 4976; x_wconf 83' lang='grc' dir='ltr'>τῆς</span> <span class='ocrx_word' id='word_1_738' title='bbox 1745 4909 1860 4962; x_wconf 80' lang='grc' dir='ltr'><strong>ἀνω</strong></span> 
     </span>
    </p>
   </div>
   <div class='ocr_carea' id='block_1_98' title="bbox 272 4989 1857 5068">
    <p class='ocr_par' dir='ltr' id='par_1_98' title="bbox 272 4989 1857 5068">
     <span class='ocr_line' id='line_1_98' title="bbox 272 4989 1857 5068; baseline 0.008 -28"><span class='ocrx_word' id='word_1_739' title='bbox 272 4989 565 5059; x_wconf 71' lang='grc' dir='ltr'>πατρίδος,</span> <span class='ocrx_word' id='word_1_740' title='bbox 599 4993 986 5061; x_wconf 87' lang='grc' dir='ltr'>συνεισάγαγε,</span> <span class='ocrx_word' id='word_1_741' title='bbox 1019 4995 1287 5058; x_wconf 81' lang='grc' dir='ltr'>τουτέστι,</span> <span class='ocrx_word' id='word_1_742' title='bbox 1330 4998 1427 5050; x_wconf 84' lang='grc' dir='ltr'>σὺν</span> <span class='ocrx_word' id='word_1_743' title='bbox 1455 4997 1531 5068; x_wconf 84' lang='grc' dir='ltr'><strong>τῷ</strong></span> <span class='ocrx_word' id='word_1_744' title='bbox 1565 5000 1659 5051; x_wconf 61' lang='grc' dir='ltr'><strong>καί⁵</strong></span> <span class='ocrx_word' id='word_1_745' title='bbox 1693 4998 1857 5064; x_wconf 71' lang='grc' dir='ltr'>αὐτὸς</span> 
     </span>
    </p>
   </div>
   <div class='ocr_carea' id='block_1_99' title="bbox 275 5082 1864 5160">
    <p class='ocr_par' dir='ltr' id='par_1_99' title="bbox 275 5082 1864 5160">
     <span class='ocr_line' id='line_1_99' title="bbox 275 5082 1864 5160; baseline 0.006 -26"><span class='ocrx_word' id='word_1_746' title='bbox 275 5082 625 5152; x_wconf 83' lang='grc' dir='ltr'>εἱσέρχεσθαι</span> <span class='ocrx_word' id='word_1_747' title='bbox 650 5087 730 5149; x_wconf 87' lang='grc' dir='ltr'><strong>είς</strong></span> <span class='ocrx_word' id='word_1_748' title='bbox 754 5087 1039 5157; x_wconf 75' lang='grc' dir='ltr'>οὐρανοὺς,</span> <span class='ocrx_word' id='word_1_749' title='bbox 1071 5087 1330 5157; x_wconf 78' lang='grc' dir='ltr'>εἰσάγαγε</span> <span class='ocrx_word' id='word_1_750' title='bbox 1355 5091 1626 5151; x_wconf 74' lang='grc' dir='ltr'>κάκεῖνον,</span> <span class='ocrx_word' id='word_1_751' title='bbox 1664 5092 1738 5160; x_wconf 80' lang='grc' dir='ltr'>μὴ</span> <span class='ocrx_word' id='word_1_752' title='bbox 1769 5091 1864 5146; x_wconf 78' lang='grc' dir='ltr'>άλ-</span> 
     </span>
    </p>
   </div>
   <div class='ocr_carea' id='block_1_100' title="bbox 273 5175 1863 5250">
    <p class='ocr_par' dir='ltr' id='par_1_100' title="bbox 273 5175 1863 5250">
     <span class='ocr_line' id='line_1_100' title="bbox 273 5175 1863 5250; baseline 0.006 -24"><span class='ocrx_word' id='word_1_753' title='bbox 273 5175 397 5237; x_wconf 86' lang='grc' dir='ltr'>λοις</span> <span class='ocrx_word' id='word_1_754' title='bbox 444 5177 749 5245; x_wconf 79' lang='grc' dir='ltr'>κηρύσσων,</span> <span class='ocrx_word' id='word_1_755' title='bbox 803 5179 964 5241; x_wconf 83' lang='grc' dir='ltr'>αὐτὸς</span> <span class='ocrx_word' id='word_1_756' title='bbox 1015 5180 1072 5232; x_wconf 86' lang='grc' dir='ltr'><strong>δέ</strong></span> <span class='ocrx_word' id='word_1_757' title='bbox 1104 5181 1360 5250; x_wconf 78' lang='grc' dir='ltr'>ἀδόκιμος</span> <span class='ocrx_word' id='word_1_758' title='bbox 1409 5180 1484 5234; x_wconf 84' lang='grc' dir='ltr'><strong>ῶν</strong></span> <span class='ocrx_word' id='word_1_759' title='bbox 1506 5197 1519 5211; x_wconf 83' lang='lat'><strong><em>°</em></strong></span> <span class='ocrx_word' id='word_1_760' title='bbox 1556 5182 1660 5236; x_wconf 82' lang='grc' dir='ltr'><strong>κάν</strong></span> <span class='ocrx_word' id='word_1_761' title='bbox 1688 5200 1769 5246; x_wconf 87' lang='grc' dir='ltr'><strong>τις</strong></span> <span class='ocrx_word' id='word_1_762' title='bbox 1801 5184 1863 5235; x_wconf 82' lang='grc' dir='ltr'>τὸ</span> 
     </span>
    </p>
   </div>
   <div class='ocr_carea' id='block_1_101' title="bbox 274 5267 1862 5345">
    <p class='ocr_par' dir='ltr' id='par_1_101' title="bbox 274 5267 1862 5345">
     <span class='ocr_line' id='line_1_101' title="bbox 274 5267 1862 5345; baseline 0.007 -27"><span class='ocrx_word' id='word_1_763' title='bbox 274 5267 385 5336; x_wconf 79' lang='grc' dir='ltr'>τῆς</span> <span class='ocrx_word' id='word_1_764' title='bbox 409 5267 719 5337; x_wconf 80' lang='grc' dir='ltr'>ἀφθαρσίας</span> <span class='ocrx_word' id='word_1_765' title='bbox 751 5271 967 5340; x_wconf 73' lang='grc' dir='ltr'>ἱμάτιον</span> <span class='ocrx_word' id='word_1_766' title='bbox 1006 5271 1275 5345; x_wconf 85' lang='grc' dir='ltr'>ἀποϐάλῃ,</span> <span class='ocrx_word' id='word_1_767' title='bbox 1316 5271 1344 5325; x_wconf 86' lang='grc' dir='ltr'>ὂ</span> <span class='ocrx_word' id='word_1_768' title='bbox 1392 5273 1481 5327; x_wconf 75' lang='grc' dir='ltr'><strong>διὰ</strong></span> <span class='ocrx_word' id='word_1_769' title='bbox 1535 5272 1629 5328; x_wconf 91' lang='grc' dir='ltr'><strong>τοῦ</strong></span> <span class='ocrx_word' id='word_1_770' title='bbox 1661 5273 1862 5344; x_wconf 80' lang='grc' dir='ltr'>βαπτί-</span> 
     </span>
    </p>
   </div>
   <div class='ocr_carea' id='block_1_102' title="bbox 279 5360 1865 5432">
    <p class='ocr_par' dir='ltr' id='par_1_102' title="bbox 279 5360 1865 5432">
     <span class='ocr_line' id='line_1_102' title="bbox 279 5360 1865 5432; baseline 0.006 -23"><span class='ocrx_word' id='word_1_771' title='bbox 279 5373 495 5425; x_wconf 80' lang='grc' dir='ltr'>σματος</span> <span class='ocrx_word' id='word_1_772' title='bbox 527 5360 672 5430; x_wconf 79' lang='grc' dir='ltr'>ἔσχε,</span> <span class='ocrx_word' id='word_1_773' title='bbox 701 5362 796 5414; x_wconf 73' lang='grc' dir='ltr'>καὶ</span> <span class='ocrx_word' id='word_1_774' title='bbox 819 5362 1157 5432; x_wconf 85' lang='grc' dir='ltr'>γυμνωθείη,</span> <span class='ocrx_word' id='word_1_775' title='bbox 1192 5363 1406 5417; x_wconf 80' lang='grc' dir='ltr'>ἕνδυσον</span> <span class='ocrx_word' id='word_1_776' title='bbox 1437 5365 1620 5428; x_wconf 68' lang='grc' dir='ltr'>αὐτὸν,</span> <span class='ocrx_word' id='word_1_777' title='bbox 1655 5366 1748 5418; x_wconf 69' lang='grc' dir='ltr'>καὶ</span> <span class='ocrx_word' id='word_1_778' title='bbox 1773 5365 1865 5420; x_wconf 70' lang='grc' dir='ltr'>τὸν</span> 
     </span>
    </p>
   </div>
   <div class='ocr_carea' id='block_1_103' title="bbox 273 5447 1859 5528">
    <p class='ocr_par' dir='ltr' id='par_1_103' title="bbox 273 5447 1859 5528">
     <span class='ocr_line' id='line_1_103' title="bbox 273 5447 1859 5528; baseline 0.004 -25"><span class='ocrx_word' id='word_1_779' title='bbox 273 5447 614 5504; x_wconf 80' lang='grc' dir='ltr'>ἀσθενοῦντα</span> <span class='ocrx_word' id='word_1_780' title='bbox 643 5456 704 5522; x_wconf 82' lang='grc' dir='ltr'>τῇ</span> <span class='ocrx_word' id='word_1_781' title='bbox 748 5453 948 5519; x_wconf 86' lang='grc' dir='ltr'>πίστει,</span> <span class='ocrx_word' id='word_1_782' title='bbox 985 5454 1061 5519; x_wconf 87' lang='grc' dir='ltr'>ὡς</span> <span class='ocrx_word' id='word_1_783' title='bbox 1090 5456 1118 5508; x_wconf 88' lang='grc' dir='ltr'><strong>ὁ</strong></span> <span class='ocrx_word' id='word_1_784' title='bbox 1149 5453 1360 5519; x_wconf 84' lang='grc' dir='ltr'>Παῦλός</span> <span class='ocrx_word' id='word_1_785' title='bbox 1410 5472 1565 5526; x_wconf 86' lang='grc' dir='ltr'>φησι,</span> <span class='ocrx_word' id='word_1_786' title='bbox 1618 5457 1859 5528; x_wconf 87' lang='grc' dir='ltr'>προσλα-</span> 
     </span>
    </p>
   </div>
   <div class='ocr_carea' id='block_1_104' title="bbox 275 5533 1858 5617">
    <p class='ocr_par' dir='ltr' id='par_1_104' title="bbox 275 5533 1858 5617">
     <span class='ocr_line' id='line_1_104' title="bbox 275 5533 1858 5617; baseline 0.004 -24"><span class='ocrx_word' id='word_1_787' title='bbox 275 5533 385 5593; x_wconf 72' lang='grc' dir='ltr'>ϐαΰ</span> <span class='ocrx_word' id='word_1_788' title='bbox 408 5555 424 5570; x_wconf 75' lang='grc'><strong><em>⁸</em></strong></span> <span class='ocrx_word' id='word_1_789' title='bbox 451 5540 545 5593; x_wconf 77' lang='grc' dir='ltr'>καὶ</span> <span class='ocrx_word' id='word_1_790' title='bbox 567 5540 657 5595; x_wconf 78' lang='grc' dir='ltr'>τὸν</span> <span class='ocrx_word' id='word_1_791' title='bbox 682 5541 1080 5614; x_wconf 76' lang='grc' dir='ltr'>καθειργμένον</span> <span class='ocrx_word' id='word_1_792' title='bbox 1106 5545 1166 5598; x_wconf 81' lang='grc' dir='ltr'><strong>ἐν</strong></span> <span class='ocrx_word' id='word_1_793' title='bbox 1195 5547 1262 5614; x_wconf 77' lang='grc' dir='ltr'>τῇ</span> <span class='ocrx_word' id='word_1_794' title='bbox 1290 5545 1523 5617; x_wconf 84' lang='grc' dir='ltr'>φυλακῇ,</span> <span class='ocrx_word' id='word_1_795' title='bbox 1539 5546 1614 5616; x_wconf 83' lang='grc' dir='ltr'>τῷ</span> <span class='ocrx_word' id='word_1_796' title='bbox 1648 5547 1858 5616; x_wconf 88' lang='grc' dir='ltr'>σώματι</span> 
     </span>
    </p>
   </div>
   <div class='ocr_carea' id='block_1_105' title="bbox 1970 4715 3537 4786">
    <p class='ocr_par' dir='ltr' id='par_1_105' title="bbox 1970 4715 3537 4786">
     <span class='ocr_line' id='line_1_105' title="bbox 1970 4715 3537 4786; baseline -0.004 -8"><span class='ocrx_word' id='word_1_797' title='bbox 1970 4720 2217 4778; x_wconf 89' lang='lat' dir='ltr'><strong>introduc</strong></span> <span class='ocrx_word' id='word_1_798' title='bbox 2240 4727 2296 4773; x_wconf 90' lang='lat' dir='ltr'><strong>et</strong></span> <span class='ocrx_word' id='word_1_799' title='bbox 2321 4718 2489 4782; x_wconf 89' lang='lat' dir='ltr'><strong>illum,</strong></span> <span class='ocrx_word' id='word_1_800' title='bbox 2514 4732 2580 4772; x_wconf 89' lang='lat' dir='ltr'><strong>ne</strong></span> <span class='ocrx_word' id='word_1_801' title='bbox 2616 4715 2737 4771; x_wconf 88' lang='lat' dir='ltr'><strong>aliis</strong></span> <span class='ocrx_word' id='word_1_802' title='bbox 2772 4719 3072 4786; x_wconf 64' lang='lat' dir='ltr'><strong>praedicans</strong></span> <span class='ocrx_word' id='word_1_803' title='bbox 3108 4719 3222 4786; x_wconf 83' lang='lat' dir='ltr'><strong>ipse</strong></span> <span class='ocrx_word' id='word_1_804' title='bbox 3249 4719 3323 4772; x_wconf 92' lang='lat' dir='ltr'><strong>sis</strong></span> <span class='ocrx_word' id='word_1_805' title='bbox 3346 4731 3537 4786; x_wconf 88' lang='lat' dir='ltr'><strong>repro-</strong></span> 
     </span>
    </p>
   </div>
   <div class='ocr_carea' id='block_1_106' title="bbox 1969 4809 3536 4882">
    <p class='ocr_par' dir='ltr' id='par_1_106' title="bbox 1969 4809 3536 4882">
     <span class='ocr_line' id='line_1_106' title="bbox 1969 4809 3536 4882; baseline -0.003 -13"><span class='ocrx_word' id='word_1_806' title='bbox 1969 4815 2087 4869; x_wconf 89' lang='lat' dir='ltr'><strong>bus.</strong></span> <span class='ocrx_word' id='word_1_807' title='bbox 2129 4811 2195 4865; x_wconf 86' lang='lat' dir='ltr'><strong>Et</strong></span> <span class='ocrx_word' id='word_1_808' title='bbox 2249 4811 2294 4867; x_wconf 91' lang='lat' dir='ltr'><strong>si</strong></span> <span class='ocrx_word' id='word_1_809' title='bbox 2349 4810 2471 4882; x_wconf 90' lang='lat' dir='ltr'><strong>quis</strong></span> <span class='ocrx_word' id='word_1_810' title='bbox 2525 4809 2947 4878; x_wconf 87' lang='lat' dir='ltr'><strong>iucorruptionis</strong></span> <span class='ocrx_word' id='word_1_811' title='bbox 2997 4822 3198 4864; x_wconf 84' lang='lat' dir='ltr'><strong>restem</strong></span> <span class='ocrx_word' id='word_1_812' title='bbox 3253 4809 3536 4879; x_wconf 72' lang='lat' dir='ltr'><strong>abiecerit,</strong></span> 
     </span>
    </p>
   </div>
   <div class='ocr_carea' id='block_1_107' title="bbox 1967 4901 3534 4976">
    <p class='ocr_par' dir='ltr' id='par_1_107' title="bbox 1967 4901 3534 4976">
     <span class='ocr_line' id='line_1_107' title="bbox 1967 4901 3534 4976; baseline 0.001 -22"><span class='ocrx_word' id='word_1_813' title='bbox 1967 4921 2128 4976; x_wconf 83' lang='lat' dir='ltr'><strong>quam</strong></span> <span class='ocrx_word' id='word_1_814' title='bbox 2178 4917 2272 4972; x_wconf 90' lang='lat' dir='ltr'><strong>per</strong></span> <span class='ocrx_word' id='word_1_815' title='bbox 2329 4901 2655 4972; x_wconf 85' lang='lat' dir='ltr'><strong>baptismum</strong></span> <span class='ocrx_word' id='word_1_816' title='bbox 2715 4902 2908 4967; x_wconf 82' lang='lat' dir='ltr'><strong>induit,</strong></span> <span class='ocrx_word' id='word_1_817' title='bbox 2947 4911 3000 4956; x_wconf 90' lang='lat' dir='ltr'><strong>et</strong></span> <span class='ocrx_word' id='word_1_818' title='bbox 3039 4902 3212 4956; x_wconf 90' lang='lat' dir='ltr'><strong>nudus</strong></span> <span class='ocrx_word' id='word_1_819' title='bbox 3248 4904 3339 4967; x_wconf 89' lang='lat' dir='ltr'><strong>sit,</strong></span> <span class='ocrx_word' id='word_1_820' title='bbox 3377 4901 3534 4973; x_wconf 66' lang='grc'><strong>142</strong></span> 
     </span>
    </p>
   </div>
   <div class='ocr_carea' id='block_1_108' title="bbox 1974 4993 3537 5062">
    <p class='ocr_par' dir='ltr' id='par_1_108' title="bbox 1974 4993 3537 5062">
     <span class='ocr_line' id='line_1_108' title="bbox 1974 4993 3537 5062; baseline -0.004 -10"><span class='ocrx_word' id='word_1_821' title='bbox 1974 4998 2134 5052; x_wconf 89' lang='lat' dir='ltr'><strong>indue</strong></span> <span class='ocrx_word' id='word_1_822' title='bbox 2162 4995 2329 5049; x_wconf 89' lang='lat' dir='ltr'><strong>illum.</strong></span> <span class='ocrx_word' id='word_1_823' title='bbox 2382 4994 2447 5046; x_wconf 84' lang='lat' dir='ltr'><strong>Et</strong></span> <span class='ocrx_word' id='word_1_824' title='bbox 2481 4994 2750 5048; x_wconf 86' lang='lat' dir='ltr'><strong>inlirmum</strong></span> <span class='ocrx_word' id='word_1_825' title='bbox 2799 4993 2902 5047; x_wconf 84' lang='lat' dir='ltr'><strong>ﬁde</strong></span> <span class='ocrx_word' id='word_1_826' title='bbox 2959 4993 3039 5062; x_wconf 89' lang='lat' dir='ltr'><strong>(ut</strong></span> <span class='ocrx_word' id='word_1_827' title='bbox 3081 4993 3276 5047; x_wconf 85' lang='lat' dir='ltr'><strong>Paulus</strong></span> <span class='ocrx_word' id='word_1_828' title='bbox 3318 4993 3537 5057; x_wconf 80' lang='lat' dir='ltr'><strong>dicit&quot;)</strong></span> 
     </span>
    </p>
   </div>
   <div class='ocr_carea' id='block_1_109' title="bbox 1977 5084 3539 5153">
    <p class='ocr_par' dir='ltr' id='par_1_109' title="bbox 1977 5084 3539 5153">
     <span class='ocr_line' id='line_1_109' title="bbox 1977 5084 3539 5153; baseline -0.001 -11"><span class='ocrx_word' id='word_1_829' title='bbox 1977 5103 2192 5143; x_wconf 89' lang='lat' dir='ltr'><strong>assume</strong></span> <span class='ocrx_word' id='word_1_830' title='bbox 2241 5095 2336 5141; x_wconf 89' lang='lat' dir='ltr'><strong>:et</strong></span> <span class='ocrx_word' id='word_1_831' title='bbox 2382 5086 2620 5140; x_wconf 88' lang='lat' dir='ltr'><strong>vinctum</strong></span> <span class='ocrx_word' id='word_1_832' title='bbox 2670 5084 2723 5139; x_wconf 85' lang='lat' dir='ltr'><strong>in</strong></span> <span class='ocrx_word' id='word_1_833' title='bbox 2780 5100 3018 5145; x_wconf 76' lang='lat' dir='ltr'><strong>carcere.</strong></span> <span class='ocrx_word' id='word_1_834' title='bbox 3057 5085 3156 5138; x_wconf 88' lang='lat' dir='ltr'><strong>huc</strong></span> <span class='ocrx_word' id='word_1_835' title='bbox 3188 5095 3272 5139; x_wconf 88' lang='lat' dir='ltr'><strong>est</strong></span> <span class='ocrx_word' id='word_1_836' title='bbox 3311 5101 3539 5153; x_wconf 85' lang='lat' dir='ltr'><strong>corpore</strong></span> 
     </span>
    </p>
   </div>
   <div class='ocr_carea' id='block_1_110' title="bbox 1967 5175 3532 5246">
    <p class='ocr_par' dir='ltr' id='par_1_110' title="bbox 1967 5175 3532 5246">
     <span class='ocr_line' id='line_1_110' title="bbox 1967 5175 3532 5246; baseline -0.004 -10"><span class='ocrx_word' id='word_1_837' title='bbox 1967 5181 2058 5236; x_wconf 88' lang='lat' dir='ltr'><strong>illo</strong></span> <span class='ocrx_word' id='word_1_838' title='bbox 2089 5178 2610 5243; x_wconf 83' lang='lat' dir='ltr'><strong>tenebroso,invise,</strong></span> <span class='ocrx_word' id='word_1_839' title='bbox 2633 5177 2704 5231; x_wconf 93' lang='lat' dir='ltr'><strong>illi</strong></span> <span class='ocrx_word' id='word_1_840' title='bbox 2731 5177 2883 5246; x_wconf 87' lang='lat' dir='ltr'><strong>quasi</strong></span> <span class='ocrx_word' id='word_1_841' title='bbox 2916 5175 3252 5244; x_wconf 90' lang='lat' dir='ltr'><strong>splendorem</strong></span> <span class='ocrx_word' id='word_1_842' title='bbox 3282 5179 3532 5231; x_wconf 79' lang='lat' dir='ltr'><strong>admoni-</strong></span> 
     </span>
    </p>
   </div>
   <div class='ocr_carea' id='block_1_111' title="bbox 1970 5269 3537 5338">
    <p class='ocr_par' dir='ltr' id='par_1_111' title="bbox 1970 5269 3537 5338">
     <span class='ocr_line' id='line_1_111' title="bbox 1970 5269 3537 5338; baseline 0.001 -11"><span class='ocrx_word' id='word_1_843' title='bbox 1970 5274 2171 5328; x_wconf 85' lang='lat' dir='ltr'><strong>tionem</strong></span> <span class='ocrx_word' id='word_1_844' title='bbox 2219 5273 2452 5326; x_wconf 90' lang='lat' dir='ltr'><strong>donans.</strong></span> <span class='ocrx_word' id='word_1_845' title='bbox 2475 5270 2584 5325; x_wconf 90' lang='lat' dir='ltr'><strong>Has</strong></span> <span class='ocrx_word' id='word_1_846' title='bbox 2610 5285 2703 5325; x_wconf 85' lang='lat' dir='ltr'><strong>sex</strong></span> <span class='ocrx_word' id='word_1_847' title='bbox 2750 5269 2957 5338; x_wconf 89' lang='lat' dir='ltr'><strong>species</strong></span> <span class='ocrx_word' id='word_1_848' title='bbox 3009 5269 3294 5325; x_wconf 88' lang='lat' dir='ltr'><strong>charitatis</strong></span> <span class='ocrx_word' id='word_1_849' title='bbox 3345 5286 3537 5328; x_wconf 89' lang='lat' dir='ltr'><strong>omnes</strong></span> 
     </span>
    </p>
   </div>
   <div class='ocr_carea' id='block_1_112' title="bbox 1970 5360 3536 5434">
    <p class='ocr_par' dir='ltr' id='par_1_112' title="bbox 1970 5360 3536 5434">
     <span class='ocr_line' id='line_1_112' title="bbox 1970 5360 3536 5434; baseline -0.002 -15"><span class='ocrx_word' id='word_1_850' title='bbox 1970 5364 2130 5434; x_wconf 88' lang='lat' dir='ltr'><strong>imple</strong></span> <span class='ocrx_word' id='word_1_851' title='bbox 2159 5364 2370 5432; x_wconf 90' lang='lat' dir='ltr'><strong>quidem</strong></span> <span class='ocrx_word' id='word_1_852' title='bbox 2400 5360 2949 5431; x_wconf 88' lang='lat' dir='ltr'><strong>corporaliter,imple</strong></span> <span class='ocrx_word' id='word_1_853' title='bbox 2977 5373 3151 5416; x_wconf 85' lang='lat' dir='ltr'><strong>autem</strong></span> <span class='ocrx_word' id='word_1_854' title='bbox 3172 5373 3222 5416; x_wconf 86' lang='lat' dir='ltr'><strong>ct</strong></span> <span class='ocrx_word' id='word_1_855' title='bbox 3242 5363 3536 5432; x_wconf 71' lang='lat' dir='ltr'><strong>spirituali~</strong></span> 
     </span>
    </p>
   </div>
   <div class='ocr_carea' id='block_1_113' title="bbox 1967 5451 3538 5520">
    <p class='ocr_par' dir='ltr' id='par_1_113' title="bbox 1967 5451 3538 5520">
     <span class='ocr_line' id='line_1_113' title="bbox 1967 5451 3538 5520; baseline 0.003 -14"><span class='ocrx_word' id='word_1_856' title='bbox 1967 5462 2083 5520; x_wconf 82' lang='lat' dir='ltr'><strong>ter;</strong></span> <span class='ocrx_word' id='word_1_857' title='bbox 2121 5469 2242 5507; x_wconf 90' lang='lat' dir='ltr'><strong>nam</strong></span> <span class='ocrx_word' id='word_1_858' title='bbox 2273 5468 2395 5506; x_wconf 89' lang='lat' dir='ltr'><strong>cum</strong></span> <span class='ocrx_word' id='word_1_859' title='bbox 2426 5451 2652 5520; x_wconf 86' lang='lat' dir='ltr'><strong>duplicis</strong></span> <span class='ocrx_word' id='word_1_860' title='bbox 2703 5460 2908 5505; x_wconf 70' lang='lat' dir='ltr'><strong>natura:</strong></span> <span class='ocrx_word' id='word_1_861' title='bbox 2937 5453 3127 5516; x_wconf 88' lang='lat' dir='ltr'><strong>simus,</strong></span> <span class='ocrx_word' id='word_1_862' title='bbox 3184 5468 3250 5507; x_wconf 80' lang='lat' dir='ltr'><strong>ex</strong></span> <span class='ocrx_word' id='word_1_863' title='bbox 3278 5455 3453 5507; x_wconf 86' lang='lat' dir='ltr'><strong>anima</strong></span> <span class='ocrx_word' id='word_1_864' title='bbox 3483 5463 3538 5510; x_wconf 86' lang='lat' dir='ltr'><strong>ct</strong></span> 
     </span>
    </p>
   </div>
   <div class='ocr_carea' id='block_1_114' title="bbox 1965 5542 3209 5614">
    <p class='ocr_par' dir='ltr' id='par_1_114' title="bbox 1965 5542 3209 5614">
     <span class='ocr_line' id='line_1_114' title="bbox 1965 5542 3209 5614; baseline 0 -16"><span class='ocrx_word' id='word_1_865' title='bbox 1965 5559 2214 5612; x_wconf 86' lang='lat' dir='ltr'><strong>corpore.</strong></span> <span class='ocrx_word' id='word_1_866' title='bbox 2235 5551 2462 5614; x_wconf 90' lang='lat' dir='ltr'><strong>possunt</strong></span> <span class='ocrx_word' id='word_1_867' title='bbox 2497 5543 2608 5597; x_wconf 67' lang='lat' dir='ltr'><strong>haec</strong></span> <span class='ocrx_word' id='word_1_868' title='bbox 2636 5553 2689 5596; x_wconf 83' lang='lat' dir='ltr'><strong>et</strong></span> <span class='ocrx_word' id='word_1_869' title='bbox 2715 5542 2964 5599; x_wconf 81' lang='lat' dir='ltr'><strong>bifariam</strong></span> <span class='ocrx_word' id='word_1_870' title='bbox 3003 5545 3209 5614; x_wconf 83' lang='lat' dir='ltr'><strong>perlici.</strong></span> 
     </span>
    </p>
   </div>
   <div class='ocr_carea' id='block_1_115' title="bbox 275 5630 3534 5724">
    <p class='ocr_par' dir='ltr' id='par_1_115' title="bbox 275 5630 3534 5712">
     <span class='ocr_line' id='line_1_115' title="bbox 275 5630 3534 5712; baseline 0.001 -26"><span class='ocrx_word' id='word_1_871' title='bbox 275 5630 461 5703; x_wconf 81' lang='grc' dir='ltr'>τούτῳ</span> <span class='ocrx_word' id='word_1_872' title='bbox 506 5635 584 5707; x_wconf 80' lang='grc' dir='ltr'><strong>τῷ</strong></span> <span class='ocrx_word' id='word_1_873' title='bbox 630 5637 911 5707; x_wconf 83' lang='grc' dir='ltr'>σκοτεινῷ,</span> <span class='ocrx_word' id='word_1_874' title='bbox 955 5638 1268 5711; x_wconf 83' lang='grc' dir='ltr'>ἐπίσκεψαι,</span> <span class='ocrx_word' id='word_1_875' title='bbox 1320 5638 1511 5712; x_wconf 81' lang='grc' dir='ltr'>ὥσπερ</span> <span class='ocrx_word' id='word_1_876' title='bbox 1563 5659 1616 5694; x_wconf 90' lang='grc' dir='ltr'><strong>τι</strong></span> <span class='ocrx_word' id='word_1_877' title='bbox 1667 5643 1869 5710; x_wconf 83' lang='grc' dir='ltr'>φέγγος</span> <span class='ocrx_word' id='word_1_878' title='bbox 1931 5638 2084 5709; x_wconf 76' lang='grc' dir='ltr'>αὐτῷ</span> <span class='ocrx_word' id='word_1_879' title='bbox 2149 5639 2249 5710; x_wconf 82' lang='grc' dir='ltr'>τὴν</span> <span class='ocrx_word' id='word_1_880' title='bbox 2275 5636 2553 5692; x_wconf 80' lang='grc' dir='ltr'>νουθεσίαν</span> <span class='ocrx_word' id='word_1_881' title='bbox 2607 5639 2968 5711; x_wconf 78' lang='grc' dir='ltr'>δωρούμενος.</span> <span class='ocrx_word' id='word_1_882' title='bbox 3019 5640 3202 5692; x_wconf 81' lang='grc' dir='ltr'>Ταῦτα</span> <span class='ocrx_word' id='word_1_883' title='bbox 3241 5641 3418 5701; x_wconf 85' lang='grc' dir='ltr'>πάντα</span> <span class='ocrx_word' id='word_1_884' title='bbox 3464 5640 3534 5699; x_wconf 72' lang='grc' dir='ltr'>τὰ</span> 
     </span>
    </p>
   </div>
   <div class='ocr_carea' id='block_1_116' title="bbox 284 5720 3532 5804">
    <p class='ocr_par' dir='ltr' id='par_1_116' title="bbox 284 5720 3532 5804">
     <span class='ocr_line' id='line_1_116' title="bbox 284 5720 3532 5804; baseline 0.005 -29"><span class='ocrx_word' id='word_1_885' title='bbox 284 5720 348 5787; x_wconf 78' lang='grc' dir='ltr'><strong>ἓξ</strong></span> <span class='ocrx_word' id='word_1_886' title='bbox 389 5723 505 5794; x_wconf 75' lang='grc' dir='ltr'>εἴδη</span> <span class='ocrx_word' id='word_1_887' title='bbox 539 5724 643 5790; x_wconf 78' lang='grc' dir='ltr'>τῆς</span> <span class='ocrx_word' id='word_1_888' title='bbox 695 5728 919 5799; x_wconf 88' lang='grc' dir='ltr'>ἀγάπης</span> <span class='ocrx_word' id='word_1_889' title='bbox 971 5729 1212 5783; x_wconf 82' lang='grc' dir='ltr'>ἐπιτέλει</span> <span class='ocrx_word' id='word_1_890' title='bbox 1246 5731 1344 5802; x_wconf 78' lang='grc' dir='ltr'>μὲν</span> <span class='ocrx_word' id='word_1_891' title='bbox 1395 5731 1488 5784; x_wconf 71' lang='grc' dir='ltr'>καὶ</span> <span class='ocrx_word' id='word_1_892' title='bbox 1524 5731 1873 5800; x_wconf 74' lang='grc' dir='ltr'>σωματικῶς,</span> <span class='ocrx_word' id='word_1_893' title='bbox 1915 5729 2054 5800; x_wconf 76' lang='grc' dir='ltr'>πλὴν</span> <span class='ocrx_word' id='word_1_894' title='bbox 2083 5721 2220 5784; x_wconf 76' lang='grc' dir='ltr'>ἀλλὰ</span> <span class='ocrx_word' id='word_1_895' title='bbox 2271 5729 2365 5785; x_wconf 72' lang='grc' dir='ltr'>καὶ</span> <span class='ocrx_word' id='word_1_896' title='bbox 2413 5729 2690 5802; x_wconf 73' lang='grc' dir='ltr'>ψυχικῶς·</span> <span class='ocrx_word' id='word_1_897' title='bbox 2753 5732 2958 5793; x_wconf 87' lang='grc' dir='ltr'>διπλῶν</span> <span class='ocrx_word' id='word_1_898' title='bbox 2999 5732 3300 5804; x_wconf 74' lang='grc' dir='ltr'>γὰρῦντων</span> <span class='ocrx_word' id='word_1_899' title='bbox 3353 5729 3532 5803; x_wconf 79' lang='grc' dir='ltr'>ἡμῶν.</span> 
     </span>
    </p>
   </div>
   <div class='ocr_carea' id='block_1_117' title="bbox 283 5812 2193 5896">
    <p class='ocr_par' dir='ltr' id='par_1_117' title="bbox 283 5812 2193 5896">
     <span class='ocr_line' id='line_1_117' title="bbox 283 5812 2193 5896; baseline 0.004 -26"><span class='ocrx_word' id='word_1_900' title='bbox 283 5817 350 5870; x_wconf 72' lang='grc' dir='ltr'><strong>ἐκ</strong></span> <span class='ocrx_word' id='word_1_901' title='bbox 379 5812 558 5884; x_wconf 71' lang='grc' dir='ltr'>ψυχῆς</span> <span class='ocrx_word' id='word_1_902' title='bbox 591 5819 684 5871; x_wconf 73' lang='grc' dir='ltr'>καὶ</span> <span class='ocrx_word' id='word_1_903' title='bbox 736 5817 1010 5889; x_wconf 85' lang='grc' dir='ltr'>σώματος,</span> <span class='ocrx_word' id='word_1_904' title='bbox 1042 5819 1298 5876; x_wconf 79' lang='grc' dir='ltr'>δύνανται</span> <span class='ocrx_word' id='word_1_905' title='bbox 1325 5821 1496 5876; x_wconf 88' lang='grc' dir='ltr'>ταῦτα</span> <span class='ocrx_word' id='word_1_906' title='bbox 1528 5822 1730 5887; x_wconf 86' lang='grc' dir='ltr'>διπλῶς</span> <span class='ocrx_word' id='word_1_907' title='bbox 1761 5821 2193 5896; x_wconf 85' lang='grc' dir='ltr'>κατορθωθῆναι.</span> 
     </span>
    </p>
   </div>
   <div class='ocr_carea' id='block_1_118' title="bbox 358 5929 826 5999">
    <p class='ocr_par' dir='ltr' id='par_1_118' title="bbox 358 5929 826 5999">
     <span class='ocr_line' id='line_1_118' title="bbox 358 5929 826 5999; baseline 0.019 -16"><span class='ocrx_word' id='word_1_908' title='bbox 358 5929 406 5960; x_wconf 84' lang='grc'><strong>⁸⁷</strong></span> <span class='ocrx_word' id='word_1_909' title='bbox 439 5929 456 5984; x_wconf 96' lang='lat' dir='ltr'><strong>l</strong></span> <span class='ocrx_word' id='word_1_910' title='bbox 486 5929 614 5988; x_wconf 89' lang='lat' dir='ltr'><strong>Cor.</strong></span> <span class='ocrx_word' id='word_1_911' title='bbox 653 5947 733 5999; x_wconf 87' lang='grc' dir='ltr'>ιιι,</span> <span class='ocrx_word' id='word_1_912' title='bbox 769 5932 826 5992; x_wconf 67' lang='lat'><strong>2.</strong></span> 
     </span>
    </p>
   </div>
  </div>
