3968 6460
476 414 590 482 435
1329 413 1916 477 THEOPHYLACTI
1960 415 2375 480 BULGARI/E
2415 421 2772 484 ARCHIEP.
3596 427 3685 494 436

1041 528 1270 590 CAPUT
1309 530 1499 588 XXVI.

2719 536 2971 592 ΚΕΦΛΛ.
3023 538 3166 606 KC’.

484 674 559 728 De
592 670 912 742 Nagdalena
943 669 1248 744 Dominum,
1277 681 1521 744 tangente.
1544 669 1630 744 De
1673 669 1956 744 Basckate.
1985 671 2056 727 De

2160 669 2309 744 ΠερὶΔ
2327 669 2438 738 τῆς
2485 669 2827 744 ἀλειψάσξης
2854 671 2962 725 τὸν
3001 672 3410 744 Κύριρνμύρφ.
3442 675 3564 744 Περὶ
3600 679 3689 732 τοῦ

552 739 774 814 mystica
802 757 971 798 caena.
994 740 1072 797 De
1109 739 1392 797 traditione
1424 739 1645 798 Christi.
1675 741 1750 796 De
1781 744 2056 811 negatione

2226 739 2457 814 πάσχα,
2483 739 2633 809 Περὶ
2652 742 2758 814 τοι)
2782 759 2841 814 μ
2855 739 3105 814 υστικοῦ
3130 739 3396 814 δεῖπνον,
3428 739 3555 814 Περί
3601 745 3686 814 τῆς

556 810 720 868 Petri.
1851 810 1859 811 7
2226 810 2609 937 ῗίῇῗὲἆεὲἷς
2637 811 2743 866 τοῦ
2773 812 3060 880 Χριστοῦ.
3110 812 3251 882 Περὶ
3281 811 3390 880 τῆς
3415 810 3690 885 ἀρκήσεώξ

2262 899 2334 936 ου
2363 898 2614 951 ιιετρου.
2999 928 3006 933 .

553 993 838 1050 Vsas.t.t
895 993 961 1049 Et
1021 991 1223 1048 factum
1285 1001 1392 1057 est,
1434 1006 1555 1046 cum
1619 1002 2057 1048 consummasset

2234 995 2375 1050 «Καὶ
2404 995 2621 1066 έγένετο
2656 997 2744 1051 ὅτε
2783 997 3030 1052 ἐτέλεσεν
3054 997 3082 1050 ό
3115 996 3322 1067 Ἰησοῦς
3359 997 3556 1062 πάντας
3584 1002 3691 1067 τοὺς

481 1088 640 1143 Jesus
677 1099 958 1142 sermones
1007 1085 1105 1140 hos
1151 1097 1360 1148 omnes,
1387 1083 1522 1138 dixit
1571 1082 1851 1149 discipulis
1897 1083 2052 1138 suis:

2160 1085 2348 1155 λόγους
2381 1084 2622 1150 τούτους,
2670 1079 2793 1138 εἷπε
2818 1086 2931 1149 τοῖς
2964 1082 3234 1154 μαθηταῖς
3268 1082 3432 1138 αὑτοῦ
3458 1099 3471 1112 ·
3501 1085 3688 1151 Οίδατε,

484 1177 650 1234 Scitis
676 1177 801 1248 quia
827 1184 952 1245 post
983 1174 1204 1230 biduum
1237 1173 1441 1229 Pascha
1460 1173 1571 1240 llet,
1591 1183 1646 1231 et
1677 1173 1848 1229 Filius
1879 1172 2057 1230 homi-

2160 1178 2234 1232 ’ότι
2267 1177 2403 1248 μετὰ
2451 1176 2544 1231 δύο
2574 1175 2787 1248 ἡμέρας
2823 1175 2886 1230 τὸ
2920 1175 3112 1246 Πάσχα
3141 1175 3372 1244 γίνεται.
3407 1175 3557 1230 Καὶό
3581 1176 3690 1241 Tib;

482 1269 566 1324 nis
605 1269 844 1324 tradetur
873 1275 932 1322 ut
966 1265 1336 1336 cruciﬁgalur.
1360 1283 1378 1318 ι
1413 1264 1549 1332 Quia
1609 1265 1760 1336 regni
1808 1267 2056 1322 meminit

2160 1268 2249 1324 τοῦ
2279 1269 2570 1340 ἀνθρώπου
2600 1267 2950 1340 παραδίδοται
3009 1270 3089 1332 είς
3145 1268 3206 1321 τὸ
3265 1267 3638 1338 σταυρωθῆναι.
3673 1288 3690 1320 ι

481 1369 535 1415 et
588 1359 988 1424 retributionis,
1034 1356 1357 1426 tempestive
1416 1365 1822 1427 consequenter
1871 1367 1928 1416 et
1985 1359 2053 1414 de

2169 1360 2387 1432 Ἐπειδὴ
2419 1359 2692 1432 βασιλείας
2742 1359 2992 1431 ἐμνήσθη
3031 1360 3125 1414 καί
3176 1359 3590 1425 άνταποδόσεως,
3617 1361 3692 1414 to.

485 1449 738 1520 passione
781 1463 876 1504 sua
913 1449 1153 1511 disserit,
1194 1445 1346 1517 quasi
1399 1447 1624 1503 dicens:
1651 1445 1828 1504 Etiam
1866 1448 1920 1504 hi
1956 1448 2047 1519 qui

2160 1454 2364 1523 καίρως
2389 1453 2577 1506 λοιπὸν
2609 1453 2704 1507 καὶ
2733 1453 2863 1524 περὶ
2894 1452 2988 1507 τοῦ
3023 1451 3228 1515 πάθους
3251 1449 3346 1507 τοῦ
3383 1451 3570 1505 οἰκείου
3599 1453 3693 1505 δια.

480 1557 568 1598 me
597 1539 988 1605 cruciﬁteriut,
1004 1539 1127 1610 igne
1163 1539 1474 1609 punientur.

2160 1545 2390 1614 λέγεται,
2414 1546 2698 1617 μονονουχὶ
2735 1547 2895 1600 τοῦτο
2920 1545 3116 1615 λέγων,
3139 1547 3222 1600 ὅτι
3266 1545 3374 1599 Καὶ
3403 1546 3452 1598 οί
3478 1544 3692 1617 σταυρώ-

2159 1637 2349 1700 σαντές
2385 1654 2452 1708 με
2486 1636 2580 1691 τοῦ
2619 1637 2792 1708 πυρὸς
2821 1637 3244 1710 ἀξιωθήσονται.

550 1717 711 1774 Vsus.
738 1716 854 1772 2-5.
884 1734 902 1769 ι
940 1714 1092 1771 Tunc
1109 1713 1431 1803 congregati
1477 1721 1602 1771 sunt
1648 1713 1920 1784 principes
1962 1728 2053 1770 sa-

2232 1751 2254 1784 r
2283 1730 2418 1784 Τότε
2473 1729 2817 1801 συνήχθησαν
2851 1732 2898 1784 οί
2933 1732 3214 1802 ἀρχιερεῖς
3253 1729 3351 1783 καὶ
3381 1728 3430 1782 oi
3461 1729 3693 1801 Γραμμα-

477 1813 782 1876 rerdotum,
808 1819 862 1865 et
892 1808 1123 1872 scribat,
1155 1817 1212 1863 et
1240 1807 1488 1862 seniores
1526 1806 1733 1878 populi,
1758 1807 1813 1862 in
1845 1805 2048 1862 atrium

2160 1826 2265 1888 τεῖς
2297 1823 2392 1878 καὶ
2421 1822 2470 1876 oi
2505 1822 2866 1894 πρεσϐύτεροι
2899 1822 2994 1877 τοῦ
3023 1822 3154 1876 λαοῦ
3185 1823 3268 1886 είς
3315 1819 3413 1892 τὴν
3435 1821 3590 1888 αὐλὴν
3614 1820 3694 1875 τοῦ

478 1906 738 1976 principis
763 1905 1128 1970 sacerdotum,
1153 1904 1246 1974 qui
1277 1903 1564 1959 dicebatur
1592 1901 1819 1973 Caipha,
1838 1913 1893 1968 et
1922 1917 2052 1958 con-

2160 1882 2456 1990 ἀρχιερέως
2493 1882 2585 1970 τοῦ
2622 1882 2917 1987 λεγομένου
2954 1915 3200 1983 Καῖάφα.
3248 1882 3696 1967 καὶ-συνεϐουλεύ-

477 1997 655 2052 silium
687 1997 923 2052 inierunt
950 2006 1006 2051 ut
1043 1995 1228 2052 Jesnm
1273 1994 1396 2051 dolo
1445 2003 1694 2050 tenerent
1727 1997 1791 2050 νει
1834 1994 2054 2051 occide-

2160 2027 2322 2065 σαντο
2383 2009 2468 2062 ἵνα
2516 2007 2608 2062 τδν
2650 2003 2875 2077 Ἰησοῦν’
2909 2006 3045 2076 δόλῳ
3087 2006 3408 2076 κρατήσωσι
3459 2005 3546 2058 καὶ
3578 1995 3693 2059 tuo;

478 2097 617 2144 rent.
646 2088 904 2143 Dicebant
927 2095 1104 2142 autem
1131 2105 1145 2142 :
1171 2085 1285 2142 Non
1333 2085 1385 2140 in
1434 2085 1520 2142 die
1564 2084 1724 2153 festo,
1756 2100 1824 2141 ne
1855 2085 2056 2141 tumul-

2160 2098 2441 2153 κτείνωσιν
2465 2114 2479 2129 ·
2511 2096 2698 2165 ἔλεγον
2732 2097 2788 2150 δέ
2815 2113 2830 2127 ·
2882 2096 2976 2167 Μὴ
3007 2097 3064 2150 έν
3104 2098 3170 2166 τῇ
3199 2096 3385 2165 ἑορτῇ,
3418 2095 3500 2148 ἵνα
3531 2093 3598 2165 μὴ
3624 2095 3696 2148 θός

481 2193 567 2235 tus
606 2179 699 2234 ﬁat
741 2179 792 2234 in
832 2179 1048 2250 populo.
1093 2200 1112 2233 ι
1147 2178 1282 2234 Cum
1325 2180 1410 2234 lex
1444 2178 1760 2250 praeciperet
1793 2185 1852 2232 ut
1885 2193 2050 2233 unum

2160 2189 2320 2260 ρυϐος
2351 2189 2574 2260 γένηται
2611 2187 2670 2241 ὲν
2721 2186 2800 2258 τῷ
2822 2185 2958 2256 λαῷ.
3002 2205 3022 2239 ι
3081 2185 3190 2241 Τοῦ
3223 2187 3386 2257 νόμου
3421 2185 3696 2248 κελεύοντος

481 2281 688 2326 tantum
720 2271 984 2327 haberent
1030 2270 1338 2340 pontiﬁcem
1387 2286 1482 2341 per
1524 2283 1687 2324 omne
1737 2269 1881 2324 illius
1933 2270 2054 2324 vita

2160 2280 2250 2333 Eva.
2272 2274 2414 2334 εῖναι
2452 2277 2716 2349 ἀρχιερέα
2763 2276 2852 2331 διὰ
2879 2277 3020 2347 βίου,
3051 2276 3282 2340 πολλοὺς
3312 2276 3522 2330 ἐποίουν
3562 2275 3694 2330 αὐτοὶ

482 2375 716 2432 tempus,
761 2361 835 2416 illi
887 2370 1077 2417 contra
1131 2360 1303 2432 legem
1350 2359 1552 2415 multos
1600 2357 1892 2425 faciebant,
1917 2372 2054 2429 quos

2160 2370 2511 2443 παρανόμως,
2565 2368 2889 2439 ἀμείϐοντες
2928 2368 3127 2432 αὐτοὺς
3161 2368 3286 2422 κατ’
3322 2367 3555 2422 ἐνιαυτόν
3578 2383 3591 2396 °
3629 2367 3695 2421 διὸ

479 2454 769 2523 quotannis
824 2451 1387 2508 mutabantzidcirco
1432 2452 1499 2506 ad
1548 2450 1856 2521 pontiﬁcem
1908 2451 2055 2507 illius

2160 2465 2250 2518 καὶ
2276 2463 2412 2534 πρὸς
2437 2461 2528 2517 τὸν
2551 2449 2645 2516 τοῦ
2675 2461 2922 2515 ἐνιαυτοῦ
2955 2461 3166 2513 ἐκείνου
3196 2458 3457 2530 ἀρχιερέα
3480 2458 3696 2529 ἔρχονται

479 2547 607 2602 anni
659 2545 883 2600 veniunt
930 2545 995 2600 de
1042 2543 1337 2599 homicidio
1376 2543 1660 2599 consilium
1713 2543 1923 2610 inituri,
1962 2543 2052 2598 ubi

479 2638 764 2708 Oportebat
795 2636 965 2708 magis
1001 2635 1299 2691 homicidas
1333 2635 1533 2704 puniri.
1562 2633 1844 2705 Principes
1872 2642 2051 2689 autem

479 2731 820 2790 sacerdotum
854 2730 989 2786 dicit
1021 2745 1116 2786 eos
1148 2731 1238 2799 qui
1269 2729 1384 2800 jam
1411 2743 1592 2784 annuo
1621 2742 1847 2783 munere
1879 2727 2050 2784 iuncti

478 2821 1007 2878 fuerant.C:eterum
1055 2821 1378 2877 sceleratam
1416 2820 1615 2875 caedem
1662 2819 2049 2889 perpetraturi,

479 2931 588 2972 non
671 2916 877 2980 Deum,
933 2913 1028 2968 sed
1098 2911 1310 2968 turbam
1373 2911 1656 2968 timebant.
1729 2909 2050 2966 Timuerunt

479 3008 624 3064 enim
642 3021 708 3063 ne
734 3023 842 3079 quo
875 3015 1054 3077 pacto,
1089 3004 1131 3062 si
1166 3003 1220 3060 in
1257 3004 1342 3060 die
1376 3003 1515 3060 festo
1547 3003 1694 3057 illum
1724 3003 2054 3072 occiderent,

2156 2553 2568 2626 βουλευσόμενοι
2591 2554 2720 2624 περὶ
2754 2554 2936 2623 φόνου,
2967 2552 3090 2606 ὅθεν
3119 2551 3228 2606 ἔδει
3259 2551 3459 2621 μᾶλλον
3481 2551 3595 2612 τοὺς
3615 2567 3696 2615 φο-

2154 2646 2347 2710 νευτὰς
2377 2643 2704 2708 κολάζεσθαι
2724 2661 2739 2677 ο
2771 2644 3048 2714 ἀρχιερεῖς
3083 2642 3139 2696 δὲ
3174 2641 3323 2710 λέγει
3368 2641 3492 2704 τοὺς
3515 2638 3697 2706 πεπλη-

2155 2736 2404 2809 ρωκότας
2467 2735 2570 2807 ήδη
2625 2733 2722 2806 τὴν
2777 2733 3048 2790 ἐνιαύσιον
3110 2733 3477 2804 λειτουργίαν.
3531 2730 3624 2785 Τδν
3650 2729 3698 2784 δὲ

2153 2829 2370 2886 ἀνόσιον
2415 2826 2577 2898 φόνον
2614 2825 2903 2898 μέλλοντες
2959 2826 3228 2899 πράξειν,
3273 2825 3395 2896 οὐχὶ
3433 2821 3520 2877 τὸν
3567 2819 3695 2884 Θεὸν,

2154 2919 2293 2974 ἀλλὰ
2332 2918 2424 2974 τὸν
2454 2917 2610 2989 ϐχλον
2644 2915 2958 2988 φοϐοῦνται.
3006 2917 3310 2972 Ἐδεδίεσαν
3345 2914 3451 2986 γὰρ
3480 2913 3550 2984 μή
3579 2927 3698 2977 πως,

2155 3015 2214 3069 ὲν
2247 3015 2313 3084 τῇ
2353 3015 2514 3084 ἑορτῇ
2553 3011 2934 3082 φονευσάντων
2990 3011 3179 3076 αύτδν,
3231 3007 3487 3079 διεγερθῇ
3519 3006 3546 3059 ὁ
3569 3003 3700 3074 ϐχλος

481 3101 636 3157 turba
669 3100 722 3154 in
751 3099 1006 3154 ultionem
1042 3097 1391 3152 excitaretur.
1443 3093 1539 3150 Vel
1571 3095 1731 3150 etiam
1764 3095 1890 3167 quia
1928 3104 2057 3150 tunc

2160 3108 2236 3172 είς
2267 3107 2504 3178 ἄμυναν,
2535 3105 2570 3177 ἢ
2611 3103 2824 3160 καὶτοῦ
2851 3104 3152 3174 προσάγειν
3181 3102 3287 3166 τας
3345 3096 3704 3170 νενομισμένας

480 3191 757 3248 oﬂ‘erenda
799 3197 958 3246 erant
996 3189 1179 3244 omnia
1227 3187 1497 3243 sacriﬁcia
1543 3188 1597 3242 in
1645 3186 1764 3258 lege
1811 3187 2052 3254 decreta,

2160 3200 2351 3264 θυσίας
2406 3199 2713 3270 ἀπόσχηται
2742 3197 2832 3254 διὰ
2857 3196 2958 3270 τὴν
3002 3197 3324 3269 μιαιφονίαν
3379 3193 3586 3257 αὐτῶν,

482 3302 551 3341 ne
593 3283 822 3356 populus
869 3292 1091 3354 propter
1124 3281 1477 3338 homicidium
1513 3295 1543 3334 a
1573 3278 1860 3336 sacriﬁciis
1904 3281 2056 3336 absi-

2160 3290 2498 3346 άπολέσωσιν
2533 3289 2691 3346 αὐτοὶ
2715 3289 2786 3344 τὰ
2816 3289 2882 3342 ὲκ
2911 3287 3021 3342 τῶν
3052 3286 3261 3342 θυσιῶν
3296 3283 3461 3355 κέρδη
3481 3298 3494 3314 ο
3524 3281 3639 3343 ῐσως
3659 3277 3706 3332 δὲ

481 3383 674 3440 steret,
711 3373 1108 3444 perderentque
1134 3371 1236 3442 ipsi
1265 3369 1473 3425 lucrum
1511 3369 1652 3440 quod
1680 3383 1744 3423 ex
1775 3369 2058 3425 sacrificiis

483 3466 778 3523 habebant.
819 3464 1092 3521 Fortassis
1139 3473 1318 3518 autem
1369 3471 1424 3518 et
1472 3463 1574 3517 hoe
1629 3464 1950 3530 timuerunt,
1991 3477 2060 3518 ne

485 3559 626 3614 forte
655 3558 709 3612 in
741 3558 828 3612 die
861 3557 998 3613 festo
1027 3555 1232 3624 occiso,
1252 3553 1396 3610 illius
1427 3569 1572 3608 mors
1602 3554 1832 3609 nobilior
1861 3565 1916 3611 et
1945 3554 2060 3610 cla-

485 3652 598 3706 rior
627 3649 1095 3719 ﬁeretzoptabaut
1123 3648 1267 3704 enim
1299 3646 1614 3703 memoriam
1658 3645 1776 3716 ejus
1819 3646 2056 3703 abolere.

484 3740 565 3798 Illi
588 3743 752 3812 igitur
773 3750 900 3798 ante
923 3739 1119 3797 festum
1145 3739 1429 3797 consilium
1451 3740 1707 3805 inierunt,
1729 3747 1787 3794 ut
1817 3739 1898 3794 vel
1921 3738 2060 3794 forte

485 3843 608 3907 post
638 3837 778 3892 diem
811 3833 1005 3890 festum
1032 3834 1364 3890 occiderent.
1395 3833 1464 3887 At
1493 3847 1599 3888 non
1619 3833 1836 3904 quando
1861 3832 1936 3887 illi
1966 3847 2061 3888 vo-

487 3927 718 3993 luerunt,
767 3926 860 3982 sed
888 3926 1106 3998 quando
1141 3925 1256 3997 ipse
1299 3924 1467 3980 voluit
1491 3924 1626 3994 pati,
1661 3938 1722 3980 se
1742 3922 2060 3996 capiendum

485 4020 566 4075 eis
591 4019 857 4090 permisit,
883 4033 979 4090 per
1014 4028 1226 4090 tempus
1263 4018 1470 4074 scilicet
1499 4018 1745 4086 Pascha,
1765 4027 1823 4072 ut
1849 4020 2065 4088 quando

489 4113 728 4184 typicum
752 4112 1120 4180 Pascha,tunc
1132 4121 1186 4169 et
1201 4127 1384 4168 verum
1401 4112 1607 4167 Pascha
1643 4111 1819 4167 ﬁeret.
1844 4111 2065 4170 Discere

491 4217 670 4266 autem
699 4214 755 4261 et
780 4207 900 4262 illos
917 4205 1276 4262 cadisavidos
1301 4205 1463 4260 fuisse
1486 4219 1796 4275 possumus.
1819 4205 1950 4260 Nam
1971 4207 2064 4276 qui

495 4298 748 4353 nolebant
773 4298 921 4352 illum
949 4297 1200 4353 occidere
1225 4297 1279 4352 in
1308 4297 1394 4352 die
1415 4296 1576 4363 festo,
1594 4310 1718 4352 cum
1745 4297 2057 4354 invenerunt

2166 4302 2233 4371 τῇ
2266 4301 2426 4373 ἑορτῇ
2455 4299 2714 4371 φονεῦσαι
2739 4300 2924 4367 αὑτὸν,
2970 4301 3058 4355 ὅτε
3089 4293 3248 4369 εὖρον
3279 4299 3371 4352 τὸν
3402 4292 3716 4368 προδιδόντα.

493 4389 846 4457 proditorem,
873 4396 1001 4443 tunc
1023 4387 1336 4444 occiderunt
1363 4394 1674 4457 contempta
1696 4387 1860 4444 etiam
1883 4389 2057 4456 turba,

2167 4393 2291 4447 τότε
2337 4393 2644 4464 φονεύουσι,
2700 4393 3220 4465 καταφρονήσαντες
3277 4390 3374 4445 καὶ
3419 4386 3512 4442 τοῦ
3556 4381 3715 4453 δχλουν

492 4479 654 4534 modo
679 4479 929 4535 voluntas
962 4493 1150 4534 eorum
1181 4477 1351 4536 ﬁeret.

2171 4485 2333 4557 μόνον
2365 4485 2455 4540 ἴνα
2480 4485 2540 4540 τὸ
2573 4485 2783 4556 θέλημα
2814 4483 2996 4538 αὐτῶν
3023 4483 3274 4554 γένηται.

564 4567 728 4626 Vens.
751 4569 806 4636 6,
832 4570 888 4625 7.
921 4589 940 4624 ι
974 4569 1110 4628 Cum
1137 4581 1317 4628 autem
1362 4583 1505 4631 esset
1529 4573 1684 4632 Jesus
1713 4574 1768 4629 in
1799 4571 2057 4628 Bethania

2245 4595 2266 4628 ι
2310 4575 2416 4630 Τοῦ
2446 4576 2503 4631 δὲ
2548 4575 2724 4648 Ἰησοῦ
2774 4573 3069 4646 γενομένου
3121 4576 3182 4629 ὲν
3218 4572 3476 4644 Βηθανίᾳ,
3510 4569 3565 4622 έν
3589 4561 3718 4632 nisi;

491 4661 546 4718 in
598 4661 759 4718 domo
812 4661 1048 4720 Simonis
1097 4662 1318 4736 leprosi,
1352 4668 1584 4723 accessit
1616 4667 1682 4722 ad
1716 4681 1840 4723 eum
1874 4664 2057 4720 mulier

2170 4667 2415 4740 Σίμωνος
2444 4666 2542 4722 τοῦ
2574 4667 2799 4739 λεπροῦ,
2835 4666 3144 4738 προσῆλθεν
3181 4665 3332 4735 αὐτῷ
3362 4663 3498 4734 γυνὴ
3531 4657 3716 4715 ἁλάϐαο

492 4752 699 4811 habens
759 4753 1089 4810 alabastrum
1161 4759 1422 4828 unguenti
1497 4758 1752 4829 preciosi,
1781 4767 1836 4814 et
1881 4757 2057 4812 eﬂ'udil

2172 4777 2334 4832 στρον
2370 4759 2544 4830 μύρου
2575 4759 2774 4829 ἔχουσα
2828 4757 3156 4830 βαρυτίμου,
3211 4757 3306 4810 καὶ
3361 4754 3610 4821 κατέχεεν
3633 4744 3716 4800 ἐπὶ

492 4863 659 4919 super
713 4856 876 4919 caput
939 4848 1109 4920 ipsius
1159 4851 1544 4907 recumbentis.
1578 4871 1596 4906 ι
1631 4851 1787 4924 143
1835 4850 2057 4918 Quidam

2175 4849 2271 4920 τὴν
2297 4849 2540 4918 κεφαλὴν
2571 4847 2739 4902 αὐτοῦ
2780 4847 3160 4916 ἀνακειμένου.
3203 4865 3222 4898 ι
3264 4845 3421 4906 Τινὲς
3467 4841 3608 4913 τρεῖς
3645 4832 3719 4924 λέ-

493 4940 682 4997 dicunt
715 4949 822 4997 tres
850 4955 971 4996 esse
1013 4941 1266 5000 mulieres
1300 4957 1421 5013 qua:
1470 4917 1727 4998 anserini
1742 4917 2057 4997 'Dominum

2170 4917 2359 5010 γουσιν
2380 4917 2528 4992 εἶναι
2551 4937 2650 5001 τὰς
2679 4936 2978 5006 ἀλειψάσας
2999 4937 3090 4990 τὸν
3112 4935 3320 5006 Κύριον
3349 4935 3627 5004 γυναῖκας,
3653 4917 3718 4978 ὧν

495 5041 788 5104 unguento,
804 5047 1035 5103 quarum
1067 5033 1230 5089 etiam
1257 5043 1490 5104 quatuor
1513 5035 1856 5106 evangelista:
1878 5035 2057 5108 memi-

2172 5029 2265 5084 καὶ
2313 5031 2361 5082 oi
2393 5029 2660 5100 τέσσαρες
2690 5028 3075 5098 εὐαγγελισταὶ
3125 5027 3454 5098 μέμνηνται·
3508 5021 3645 5078 άλλοι
3669 5015 3719 5070 δδ

496 5133 693 5181 nerunt
717 5141 733 5192 ;
755 5125 846 5182 alii
879 5136 1061 5183 autem
1095 5126 1232 5183 duas
1270 5109 1457 5183 dicunt
1485 5146 1498 5182 :
1534 5143 1696 5182 uuam
1728 5128 1869 5198 apud
1898 5127 2057 5183 Joan-

2169 5121 2264 5176 δύο
2297 5121 2499 5186 ταύτας
2528 5122 2682 5190 φασὶ,
2731 5121 2861 5192 μίαν
2901 5120 2999 5192 τὴν
3053 5122 3206 5192 παρὰ
3231 5120 3310 5191 τῷ
3359 5116 3590 5184 Ἰωάννῃ,
3613 5111 3720 5198 ἣτις

498 5231 647 5281 nem,
689 5232 811 5288 qua:
861 5218 1144 5276 estMaria
1199 5235 1355 5276 soror
1409 5218 1604 5275 Lazari
1637 5236 1652 5274 :
1685 5197 1868 5283 aliam.
1913 5219 2057 5290 cujus

2171 5215 2291 5269 ἐστὶ
2310 5215 2500 5288 Μαρία
2526 5217 2559 5287 ἡ
2585 5215 2787 5287 ἀδελφὴ
2815 5216 2910 5269 τοῦ
2931 5215 3206 5286 Λαζάρου,
3232 5215 3327 5270 καὶ
3349 5212 3443 5283 τὴν
3470 5207 3560 5264 νῦν
3587 5197 3720 5272 παρά

495 5307 785 5362 Mattnaeus
818 5321 963 5364 nunc
1003 5309 1268 5373 meminit,
1295 5323 1416 5380 qua:
1445 5309 1633 5366 eadem
1666 5323 1791 5364 cum
1822 5307 1914 5363 illa
1945 5323 2057 5378 qua

2171 5307 2252 5378 τῷ
2276 5307 2542 5378 Ματθαίῳ
2569 5309 3073 5380 μνημονευομένην,
3108 5309 3232 5378 ἥτις
3259 5307 3406 5360 ἐστὶν
3434 5306 3468 5374 ἡ
3511 5295 3638 5364 αὐτὴ
3659 5293 3717 5362 τῇ

495 5399 639 5470 apud
667 5397 906 5456 Marcum
938 5407 994 5457 et
1027 5400 1252 5458 Lucam.
1279 5390 1556 5459 Simonem
1587 5409 1767 5457 autem
1802 5399 1947 5456 hunc
1992 5400 2057 5456 le-

2172 5398 2326 5470 παρὰ
2361 5399 2440 5470 τῷ
2489 5401 2675 5472 Δουκᾷ
2706 5401 2800 5454 καὶ
2845 5401 2924 5470 τῷ
2970 5401 3204 5470 Μάρκῳ,
3265 5398 3368 5450 Τὸν
3415 5395 3470 5448 δὲ
3521 5389 3718 5472 Σίμωνα

498 5468 720 5560 prosum
756 5491 974 5561 quidam
1005 5493 1194 5549 dicunt
1222 5495 1386 5551 fuisse
1425 5503 1636 5565 patrem
1669 5493 2057 5564 Lazari,quem

2170 5468 2360 5546 τοῦτον
2397 5468 2490 5546 τὸν
2528 5468 2749 5563 λεπρὸν,
2785 5468 2919 5562 φασί
2948 5468 3091 5555 τινες
3125 5468 3221 5544 καὶ
3250 5489 3460 5557 πατέρα
3486 5477 3616 5536 εῐναι
3635 5468 3717 5527 τοῦ

495 5581 744 5638 Christus
785 5597 817 5638 a
863 5583 1012 5654 lepra
1046 5585 1371 5654 puriﬁeavit,
1393 5596 1447 5642 et
1481 5587 1620 5658 apud
1650 5602 1774 5643 cum
1814 5585 2057 5642 cmnarit.

2172 5581 2450 5656 Λαζάρου,
2488 5583 2547 5637 ὃν
2587 5582 2696 5636 ἀπὸ
2730 5583 2828 5652 τῆς
2872 5582 3081 5653 λέπρας
3130 5578 3453 5651 καθαρίσας,
3502 5565 3719 5658 εἱστιᾶτο

499 5668 707 5726 Dicitur
736 5653 1086 5742 autemquod
1117 5681 1171 5728 et
1195 5671 1351 5730 Jesus
1389 5675 1476 5744 qui
1516 5653 1740 5730 dixerat
1785 5673 2057 5744 discipulis

2173 5675 2302 5744 παρ’
2328 5653 2496 5744 αὐτῷ.
2529 5674 2762 5740 Λέγεται
2791 5673 2847 5725 δὲ
2877 5673 2958 5725 ὃτι
2984 5672 3078 5726 καὶ
3131 5673 3160 5724 ὁ
3197 5669 3397 5739 Κύριος
3427 5659 3587 5717 εἰπὼν
3619 5653 3718 5712 τοῖς

497 5763 613 5818 suis
645 5781 658 5817 :
685 5761 842 5820 Abite
871 5763 938 5824 ad
964 5766 1274 5834 quemdam,
1304 5775 1356 5822 et
1387 5768 1635 5822 ostendet
1687 5768 1838 5822 vobis
1864 5781 2057 5822 ccena-

2175 5765 2470 5835 μαθηταῖς,
2507 5763 2791 5818 Ἀπέλθετε
2815 5763 2948 5834 πρὸς
2975 5763 3067 5817 τὸν
3092 5763 3260 5828 δεῖνα,
3301 5759 3393 5814 καὶ
3420 5753 3574 5818 δείξει
3602 5744 3715 5813 ύμῖν

498 5850 681 5908 culum
728 5862 984 5923 stratum,
1013 5857 1080 5912 ad
1122 5855 1270 5912 illum
1311 5855 1520 5913 miserit
1563 5871 1675 5913 eos.
1713 5855 1954 5926 Denique
2008 5865 2057 5911 ct

2171 5855 2424 5925 ἀνώγεων
2488 5854 2856 5924 ἐστρωμένον,
2905 5855 3040 5920 πρὸς
3065 5854 3252 5910 τοῦτον
3300 5844 3600 5908 ἀποστέλλει
3631 5835 3715 5890 αὐ-

2161 3383 2258 3436 καὶ
2281 3381 2440 3436 τοῦτο
2461 3379 2776 3450 ἐφοϐοῦντο,
2811 3380 3025 3451 μήποτε
3071 3380 3128 3432 ὲν
3157 3379 3225 3448 τῇ
3270 3375 3429 3446 ἑορτῇ
3457 3369 3707 3442 φονευθένο

2160 3491 2275 3541 τος,
2300 3473 2572 3544 ἐπίσημος
2609 3471 2834 3542 γένηται
2858 3473 2953 3525 καὶ
2981 3469 3191 3536 ἔνδοξος
3215 3466 3386 3523 αὺτοῦ
3419 3469 3446 3520 ό
3473 3463 3705 3525 θάνατος’

2162 3566 2319 3622 αὐτοὶ
2348 3568 2458 3636 γὰρ
2496 3563 2786 3636 ἠϐούλοντο
2834 3564 3099 3632 ἀφανίσαι
3133 3561 3196 3616 τὸ
3245 3559 3584 3632 μνημόσυνον
3624 3553 3709 3609 αύ·

2163 3655 2279 3712 τοῦ.
2324 3657 2553 3722 Ἐκεῖνοι
2581 3657 2681 3729 μὲν
2712 3651 2807 3710 οῦν
2857 3655 3002 3710 οῦτω
3033 3654 3138 3727 πρδ
3162 3653 3264 3725 τῆς
3295 3651 3487 3725 ἑορτῆς
3520 3647 3710 3720 βουλευ-

2165 3750 2349 3815 θέντες
2372 3749 2512 3822 μετὰ
2533 3749 2632 3820 τὴν
2647 3749 2842 3821 ἑορτὴν
2867 3748 3011 3820 τάχα
3035 3745 3292 3817 φονεῦσαι
3312 3761 3328 3778 ο
3353 3746 3381 3800 ὁ
3404 3744 3478 3808 δὲ,
3502 3739 3708 3804 δεικνὺς,

2164 3842 2245 3897 δτι
2273 3842 2372 3914 οὐχ
2401 3843 2490 3897 ὅτε
2512 3840 2864 3914 ἦθελον,’άλλ’
2893 3842 2981 3896 ὅτε
3011 3839 3280 3911 ἠθέλησεν
3308 3836 3490 3900 αὐτὸς,
3516 3834 3709 3902 πάσχει,

2167 3934 2542 4006 συνεχώρησεν
2573 3935 2756 4000 αὐτοῖς
2776 3935 2917 3990 κατὰ
2942 3933 3033 3989 τὸν
3060 3931 3250 4003 καιρὸν
3281 3931 3374 3986 τοῦ
3405 3928 3588 4000 Πάσχα
3608 3923 3714 3978 συλ-

2164 4025 2350 4082 λαϐεῖν
2369 4043 2384 4058 ο
2422 4026 2512 4082 ίνα
2539 4027 2626 4081 ὅτε
2655 4027 2718 4080 τδ
2755 4025 2985 4081 τυπικὸν
3013 4024 3204 4094 Πάσχα
3235 4022 3466 4091 ἐγίνετο,
3501 4019 3610 4074 τότε
3635 4013 3714 4069 καὶ

2163 4115 2229 4172 τὸ
2252 4117 2503 4189 άληθινδν
2531 4117 2729 4188 Πάσχα
2763 4117 2984 4190 ἐκϐαίη.
3023 4117 3179 4170 Ἔστι
3215 4115 3276 4170 δι
3322 4115 3417 4170 καὶ
3444 4111 3542 4184 τὴν
3587 4123 3716 4180 μιαιο

2167 4208 2358 4279 φονίαν
2389 4209 2571 4265 αὐτῶν
2600 4208 2958 4280 καταμαθεῖν.
3005 4209 3068 4263 Οί
3095 4207 3204 4278 γὰρ
3231 4206 3308 4278 μὴ
3346 4203 3643 4277 βουλόμενοι
3666 4197 3716 4250 έν
