3968 6460
278 456 373 517 437

846 461 1292 522 ENARRATIO
1332 462 1412 527 IN
1449 462 1948 525 EVANGELIUM
1990 468 2377 541 ωτι-[ιλιι.
2418 493 2484 502 -
2524 470 2682 532 CAP.
2726 451 2931 534 XXVI.

3419 471 3443 532 4
3455 474 3524 535 3S

280 565 401 627 τούς
426 581 438 594 ⁸
470 567 664 636 ἀμέλει
692 568 788 622 καὶ
839 570 1152 636 ὑπεδέξατο,
1181 571 1255 634 ὥς
1295 589 1450 639 φασι,
1505 572 1596 625 τὸν
1626 573 1850 643 Κύριον,

1958 581 2193 647 suscepit
2229 581 2309 648 (ut
2346 580 2554 648 dicunt)
2593 582 2899 646 Dominum,
2964 583 3061 652 qui
3099 592 3155 638 et
3188 583 3330 653 apud
3375 582 3524 638 illum

282 658 370 710 καὶ
389 657 518 727 παρ’
540 658 690 729 αὐτῷ
710 660 769 712 τὸ
790 662 977 732 Πάσχα
1001 665 1262 720 ἐτέλεσεν.
1279 664 1345 720 '[l
1364 666 1492 733 γοῦν
1512 668 1647 736 γυνὴ
1670 666 1853 725 ἰδοῦσα

277 747 363 799 τὸν
394 747 597 818 λεπρὸν
648 749 1068 819 καθαρισθέντα,
1105 754 1410 825 ἐθάρρησεν
1469 755 1545 819 ὡς
1588 756 1684 808 καὶ
1713 756 1851 828 αὑτὴ

276 840 371 908 τῆς
403 839 655 907 ἀφέσεως
676 840 945 907 τεύξεται,
981 844 1073 896 καὶ
1110 846 1573 918 καθαρισθήσεται
1604 848 1704 917 τὴν
1751 849 1852 917 ψυ-

277 930 433 1001 χικὴν
456 931 668 1002 λέπραν
692 948 706 963 ·
747 932 931 987 πίστιν
964 934 1019 987 δὲ
1052 936 1252 1005 πολλὴν
1273 937 1595 1001 ἐνεδείξατο,
1628 940 1689 991 τὸ
1710 938 1853 992 οὕτω

276 1024 456 1094 τίμιον
492 1023 665 1095 μύρον
719 1026 1055 1097 καταχέασα,
1102 1029 1197 1081 καὶ
1244 1027 1585 1098 ἀφειδήσασα
1616 1029 1808 1082 τούτου
1834 1044 1850 1062 ⁶

278 1117 368 1170 ἐπὶ
399 1115 500 1188 τὴν
534 1118 780 1189 κεφαλὴν
807 1118 863 1171 δὲ
912 1118 1071 1173 τοῦτο
1103 1122 1384 1191 καταχέει,
1420 1121 1498 1191 τῷ
1528 1123 1852 1194 κυριωτάτῳ

279 1208 435 1278 μέρει
465 1209 566 1279 τὴν
583 1210 746 1281 τιμὴν
777 1211 1150 1280 προσάγουσα.
1183 1213 1294 1265 Καὶ
1326 1214 1392 1267 σὺ
1417 1212 1547 1281 γοῦν
1573 1216 1623 1268 εί
1648 1215 1853 1284 λέπραν

276 1299 418 1369 ἔχεις
467 1301 707 1374 ψυχικὴν
748 1304 842 1357 καὶ
900 1306 1255 1374 φαρισαῖκὴν,
1291 1308 1680 1379 τετυφωμένην
1732 1309 1852 1380 ἦτοι

276 1392 737 1463 ἀποκεκομμένην
770 1394 929 1458 Θεοῦ,
964 1395 1114 1463 δέξαι
1154 1396 1246 1449 τὸν
1290 1396 1496 1466 Ἰησοῦν
1531 1400 1611 1462 είς
1642 1400 1741 1471 τὴν
1774 1403 1854 1454 ol-

278 1483 401 1535 κίαν
440 1502 557 1547 σου,
598 1487 691 1540 καὶ
726 1486 953 1558 μύρισον
979 1490 1144 1543 αὑτὸν
1173 1491 1250 1561 τῷ
1283 1491 1440 1561 μύρῳ
1466 1493 1575 1545 τῶν
1608 1494 1851 1562 ἀρετῶν·

276 1572 505 1627 δύνασαι
559 1576 667 1647 γὰρ
696 1577 998 1647 καθάραντί
1050 1597 1110 1633 σε
1162 1580 1262 1651 τῆς
1299 1580 1506 1653 λέπρας
1540 1583 1617 1652 τῷ
1677 1583 1850 1655 Ἰησοῦ

277 1667 543 1720 σκευάσαι
574 1668 767 1739 μύρον,
797 1669 893 1725 καὶ
925 1672 1065 1727 κατά
1099 1673 1199 1743 τῆς
1229 1674 1471 1746 κεφαλῆς
1499 1677 1664 1731 αὐτοῦ
1687 1695 1856 1732 κατα-

274 1755 415 1823 χέαι.
455 1757 552 1821 Τίς
610 1759 667 1813 δὲ
713 1761 745 1830 ἡ
794 1762 1007 1834 κεφαλὴ
1065 1764 1160 1818 τοῦ
1199 1766 1441 1837 Χριστοῦ
1470 1808 1499 1835 ,η
1532 1768 1565 1839 ἢ
1598 1770 1631 1839 ἠ
1664 1768 1856 1841 θεότης

275 1847 467 1915 αὐτοῦ,
494 1851 631 1918 πρὸς
666 1851 733 1921 ἢν
766 1854 798 1923 ή
833 1854 1030 1909 εὐωδία
1054 1856 1163 1912 τῶν
1196 1858 1407 1928 ἀρετῶν
1448 1861 1851 1932 προσφέρεται;

282 1955 300 1986 ι
335 1939 773 2012 Κατευθυνθήτω
821 1945 952 2014 γὰρ,
994 1947 1196 2017 φησιν,
1240 1950 1580 2020 ήπροσευχή
1636 1968 1738 2021 μου
1780 1952 1855 2016 ὡς

275 2026 530 2101 θυμίαμα
556 2030 789 2087 ἐνώπιόν
832 2052 949 2099 σου,
974 2036 1171 2108 Κύριε.
1200 2057 1219 2090 ι
1259 2038 1499 2094 Εύωδίαν
1525 2036 1619 2095 οῦν
1662 2042 1761 2111 τὴν
1792 2044 1857 2095 ὲκ

271 2118 371 2173 τοῦ
402 2121 800 2178 πολυσυνθέτου
836 2125 1010 2198 μύρου
1060 2128 1171 2183 τῶν
1202 2131 1414 2201 ἀρετῶν
1446 2132 1763 2203 προσάγαγε
1789 2135 1855 2204 τῇ

277 2209 499 2282 θεύτητι
527 2214 619 2267 τοῦ
656 2215 896 2288 Χριστοῦ
917 2233 932 2250 ο
968 2218 1104 2274 ἀλλά
1132 2220 1196 2291 δὴ
1228 2222 1323 2275 καὶ
1363 2224 1414 2275 εἰ
1462 2224 1537 2294 μὴ
1571 2226 1732 2294 μόνον
1760 2223 1857 2279 ἀν·-

278 2303 500 2375 θρωπον
527 2305 683 2377 ψιλὸν
733 2309 898 2366 αὑτὸν
942 2311 1319 2382 δογματίζεις,
1373 2314 1510 2369 ἀλλά
1568 2314 1663 2369 καὶ
1700 2314 1855 2381 Θεὸν,

278 2397 401 2450 τότε
436 2397 531 2469 τὴν
556 2400 798 2473 κεφαλὴν
820 2403 985 2459 αὑτοῦ
1015 2406 1135 2477 ἦτοι
1158 2407 1256 2478 τὴν
1285 2407 1512 2475 θεότητα
1535 2408 1856 2476 εὖωδίασας,

277 2492 584 2553 τουτέστιν,
615 2492 976 2565 έθεολόγησας

359 2600 377 2632 t
445 2582 665 2648 ’ἰδόντες
710 2585 769 2640 δὲ
818 2587 872 2641 ol
918 2587 1159 2660 μαθηταὶ
1210 2591 1400 2655 αὐτοῦ,
1450 2595 1859 2669 ἠγανάκτησαν,

276 2671 534 2741 λέγοντες
557 2691 571 2705 ·
596 2676 690 2741 El;
722 2678 776 2732 τί
802 2680 836 2750 ἡ
858 2680 1104 2735 ἀπώλεια
1136 2682 1304 2755 αῦτη;
1326 2686 1554 2756 ⁴ἠδύνατο
1577 2690 1689 2762 γὰρ
1702 2692 1860 2746 τοῦτο

276 2764 343 2816 1b
368 2766 537 2837 μύρον
588 2770 863 2840 πραθῆναι
908 2773 1145 2839 πολλοῦ,
1193 2780 1287 2831 καὶ
1330 2778 1549 2849 δοθῆναι
1597 2786 1854 2852 πτωχοῖς.

275 2856 446 2920 Γνοὺς
477 2859 537 2911 δὲ
584 2861 611 2913 ὁ
657 2861 863 2931 Ἰησοῦς
896 2860 1047 2918 εἶπεν
1083 2868 1267 2933 αὐτοῖς
1293 2885 1306 2899 ·
1338 2870 1402 2923 Τί
1454 2873 1659 2937 κόπους
1713 2891 1859 2946 παρ·

280 2948 438 3018 έχετε
470 2954 537 3022 τῇ
580 2955 835 3022 γυναικί;
864 2958 1068 3028 Ἔργον
1110 2961 1220 3032 γὰρ
1252 2962 1419 3017 καλὸν
1449 2965 1745 3035 εἰργάσατο
1779 2969 1858 3033 είς

280 3041 387 3110 ὲμέ
409 3058 424 3073 ο
459 3043 689 3099 πάντοτε
717 3046 826 3119 γὰρ
850 3049 978 3112 τοὺς
1009 3053 1257 3122 πτωχοὺς
1281 3052 1434 3124 ἔχετε
1470 3056 1589 3126 μεθ’
1626 3058 1853 3125 ἑαυτῶν,

280 3133 385 3201 ἐμὲ
419 3133 476 3187 δὲ
504 3134 565 3188 οὐ
607 3136 841 3193 πάντοτε
871 3139 1049 3211 ἔχετε.
1085 3161 1106 3196 ι
1150 3144 1213 3198 Ol
1248 3146 1489 3217 μαθηταὶ
1525 3148 1697 3203 πολλὰ
1728 3152 1856 3221 περὶ

281 3224 659 3300 ὲλεημοσύνης
695 3230 1049 3299 ἀκούσαντες,
1079 3235 1173 3289 καὶ
1202 3235 1368 3291 πολὺν
1396 3238 1567 3308 αὐτῆς
1599 3241 1855 3310 ποιούμε-

1957 666 2183 736 perfecit
2217 664 2440 723 Pascha.
2471 668 2663 723 Mulier
2710 671 2873 739 igitur
2922 688 3042 727 cum
3081 674 3303 729 vidisset
3349 674 3527 743 lepro-

1957 772 2075 812 sum
2139 760 2502 827 purilicatum,
2560 760 2763 816 conlisa
2820 772 2903 817 est
2946 764 3089 833 quod
3134 772 3189 819 et
3238 766 3350 835 ipsa
3406 781 3529 834 pec-

1958 858 2199 905 catorum
2229 863 2652 922 consequeretur
2690 854 3087 917 remissionem,
3116 864 3170 909 et
3204 866 3526 927 purgaretur

1958 956 1989 996 a
2023 941 2169 1011 lepra
2240 944 2455 999 animae.
2525 944 2771 1013 Magnam
2825 954 3003 1001 autem
3046 946 3203 1001 ﬁdem
3255 948 3524 1015 ostendit,

1955 1033 2099 1100 quod
2153 1040 2259 1085 tam
2305 1034 2598 1101 pretiosum
2629 1046 2958 1102 unguentum
3002 1046 3054 1089 et
3106 1036 3308 1105 absque
3354 1039 3531 1106 parci-

1958 1123 2136 1179 monia
2190 1123 2244 1178 in
2294 1136 2449 1194 caput
2502 1125 2620 1195 ejus
2669 1126 2890 1192 eﬂ’udit,
2950 1128 3207 1183 honorem
3265 1129 3529 1184 exhibens

1958 1213 2203 1269 membro
2241 1215 2531 1283 praecipuo.
2582 1214 2648 1269 Et
2704 1226 2759 1269 tu
2823 1231 3038 1285 quoque
3087 1216 3131 1270 si
3164 1216 3309 1285 lepra
3362 1216 3527 1270 Iaho-

1958 1321 2069 1373 ras,
2102 1315 2156 1359 et
2208 1306 2515 1377 pharisaica
2568 1307 2714 1375 lepra
2767 1306 2984 1361 inﬂatus
3036 1322 3119 1370 es,
3167 1321 3287 1376 qua:
3344 1322 3375 1361 a
3419 1305 3529 1361 Deo

1958 1409 2195 1469 separat,
2231 1400 2449 1468 suscipe
2502 1398 2684 1453 Jesum
2742 1400 2795 1453 in
2846 1400 3060 1453 domum
3102 1407 3270 1465 tuam,
3302 1409 3356 1454 et
3389 1413 3531 1469 unge

1959 1506 2080 1547 eum
2136 1502 2409 1560 unguento
2460 1493 2744 1546 virtutum.
2780 1490 2941 1545 Potes
2998 1493 3141 1544 enim
3193 1506 3391 1560 parare
3428 1507 3530 1544 un—

1958 1595 2215 1649 guentum
2251 1582 2511 1653 Jesu,qui
2542 1583 2746 1653 lepratn
2777 1594 2923 1637 tuam
2965 1582 3235 1653 purgavit,
3278 1592 3331 1637 et
3368 1591 3531 1651 caput

1958 1676 2075 1744 ejus
2113 1692 2432 1747 perungere.
2452 1676 2603 1742 Quod
2632 1686 2808 1730 autem
2839 1685 2923 1730 est
2965 1686 3127 1745 caput
3169 1674 3411 1731 Christi?
3438 1673 3531 1728 Di-

1960 1770 2161 1835 vinitas
2197 1770 2437 1839 ejus,cui
2470 1770 2765 1841 fragrantia
2798 1769 3061 1825 virtutum
3091 1767 3338 1824 oiIertur.
3364 1787 3382 1820 ι
3434 1768 3529 1822 Di-

1963 1862 2390 1931 rigatur,inquit,
2418 1862 2593 1915 oratio
2644 1875 2760 1915 mea
2812 1860 2952 1915 sicut
2988 1861 3276 1931 thymiama
3320 1859 3371 1914 in
3403 1874 3532 1914 con-

1886 1942 1925 1996 B
1961 1955 2146 2016 spectu
2198 1954 2313 2011 tuo,
2341 1946 2568 2002 Domine
2600 1948 2666 2002 '3.
2722 1967 2741 2001 ι
2780 1947 2930 2003 Aﬂ'er
2976 1949 3141 2017 igitur
3175 1948 3527 2017 fragrantiam

1960 2037 2219 2104 unguenti
2273 2051 2339 2091 ex
2394 2038 2579 2093 multis
2628 2036 2921 2092 virtutibus
2968 2036 3204 2093 coniecti
3261 2037 3528 2093 divinitati

1958 2127 2180 2186 Christi.
2211 2128 2351 2196 Quin
2401 2130 2565 2185 etiam
2594 2131 2637 2186 si
2669 2145 2775 2184 non
2817 2130 2991 2186 solum
3048 2131 3320 2185 hominem
3379 2130 3526 2185 illunt

1959 2235 2080 2275 esse
2136 2221 2412 2287 docueris,
2462 2221 2554 2277 sed
2614 2222 2817 2277 dixeris
2878 2231 2934 2276 et
2985 2221 3179 2287 Deum,
3207 2233 3331 2277 tunc
3371 2234 3531 2292 caput

1959 2325 2140 2375 suum,
2166 2312 2266 2366 hoc
2297 2322 2381 2368 est
2406 2312 2767 2383 divinitatem,
2808 2311 3066 2382 fragranti
3102 2322 3376 2383 unguento
3412 2328 3531 2383 pcr-

1960 2400 2174 2466 l‘undes,
2192 2396 2303 2457 hoc~
2320 2412 2421 2469 est,
2449 2403 2755 2475 theologum
2790 2418 2937 2476 ages.

2032 2585 2200 2642 Vsus.
2234 2586 2389 2643 8-H.
2431 2604 2451 2640 ι
2489 2586 2745 2643 Videntes
2774 2593 2955 2640 autem
2988 2584 3237 2655 discipuli
3269 2586 3529 2655 indignati

1961 2686 2109 2746 sunt,
2146 2678 2390 2734 dicentes
2417 2695 2431 2733 :
2475 2676 2557 2732 Ad
2585 2677 2716 2746 quid
2746 2677 2976 2746 perditio
3006 2675 3159 2731 ham?
3184 2673 3366 2730 Potuit
3385 2676 3528 2729 enim

1962 2770 2107 2826 istud
2140 2776 2474 2838 unguentum
2508 2769 2803 2823 venundari
2837 2784 3028 2839 magno
3066 2779 3121 2823 et
3178 2768 3295 2823 dari
3332 2783 3532 2837 paupe-

1963 2860 2138 2916 ribus.
2163 2862 2240 2916 Eo
2275 2869 2457 2915 autem
2485 2859 2728 2929 cognito,
2762 2858 2925 2914 Jesus
2955 2860 3033 2915 ait
3064 2859 3170 2915 illis
3195 2874 3212 2914 :
3246 2859 3385 2926 Quid
3414 2875 3531 2914 mo-

1961 2953 2085 3009 lesti
2116 2954 2247 3009 estis
2292 2952 2540 3007 mulieri?
2588 2954 2735 3021 Opus
2763 2954 2909 3007 enim
2954 2953 3151 3006 bonum
3193 2960 3417 3021 operata
3446 2960 3534 3007 est

1960 3059 2087 3115 erga
2117 3059 2223 3099 me.
2251 3043 2386 3099 Nam
2429 3059 2642 3115 semper
2673 3059 2932 3114 pauperes
2982 3044 3190 3101 habetis
3228 3046 3528 3111 vobiscum,

1962 3151 2048 3192 me
2074 3151 2204 3192 vero
2230 3152 2335 3191 non
2379 3151 2593 3205 semper
2642 3136 2874 3191 habetis.
2923 3155 2942 3189 ι
2982 3135 3235 3206 Discipuli
3271 3138 3530 3207 quoniam

1963 3226 2132 3282 multa
2163 3228 2229 3282 de
2258 3227 2601 3297 eleetnosyna
2648 3228 2955 3292 audierant,
2990 3243 3348 3299 magnamque
3387 3228 3531 3283 illius

283 3331 364 3368 νοι
391 3316 568 3384 λόγον,
602 3319 917 3390 ἐμέμψαντο
947 3325 1045 3396 τὴν
1073 3329 1329 3395 γυναῖκα,
1360 3329 1435 3393 ὡς
1506 3332 1707 3401 μᾶλλον
1769 3334 1855 3387 τὸν

1968 3318 2234 3373 rationem
2302 3318 2642 3382 habuerant,
2706 3319 3167 3388 reprehenderunt
3222 3320 3529 3386 mulierem,

282 3405 433 3459 ἔλεον
447 3407 738 3478 ζητοῦντος
753 3412 844 3465 τοῦ
866 3413 1026 3479 Θεοῦ,
1053 3416 1085 3487 ἢ
1109 3418 1209 3488 τὴν
1239 3419 1319 3483 είς
1344 3421 1505 3475 αὑτὸν
1533 3426 1698 3493 τιμήν
1722 3442 1734 3455 ·
1757 3428 1783 3478 ὁ
1804 3426 1855 3480 δὲ

1966 3416 2223 3478 tanquam
2292 3408 2402 3462 Deo
2470 3408 2899 3463 misericordiam
2982 3410 3156 3480 magis
3218 3410 3531 3478 requirente

282 3498 607 3569 ἐπιπλήττει
637 3504 749 3566 τοῖς
783 3503 1085 3574 μαθηταῖς,
1117 3507 1252 3562 διότι
1273 3510 1519 3579 ἀκαίρως
1542 3513 1862 3583 ἐμέμψαντο

281 3589 383 3661 τὴν
404 3594 659 3659 γυναῖκα.
678 3596 769 3648 Δεῖ
786 3596 895 3667 γὰρ
921 3597 997 3669 μὴ
1018 3599 1086 3652 τὰ
1115 3600 1292 3672 ὑψηλὰ
1310 3604 1560 3658 ἀπαιτεῖν
1576 3605 1726 3677 παρά
1752 3607 1860 3660 τῶν

282 3681 411 3752 ἀρτι
447 3684 803 3753 προσιόντων,
833 3688 928 3741 καὶ
963 3684 1221 3757 μάλιστα
1246 3694 1397 3763 παρά
1430 3696 1657 3761 γυναίου
1698 3698 1861 3750 ἀσθε-

285 3772 433 3837 νοῦς,
464 3774 601 3829 ἀλλά
625 3776 725 3848 τὴν
752 3779 983 3849 μετρίαν
1010 3781 1139 3850 γοῦν
1171 3783 1351 3838 αὐτῶν
1380 3788 1563 3839 πίστιν
1586 3787 1857 3858 δέχεσθαι.

287 3861 456 3915 ὀταν
494 3863 603 3935 γάρ
645 3882 726 3928 τις
763 3870 1051 3943 προσφέρῃ
1096 3871 1173 3942 τῷ
1215 3873 1334 3946 Θεῷ
1382 3875 1576 3947 δῶρον,
1615 3878 1689 3948 μὴ
1724 3879 1863 3933 ἀπόο

285 3968 490 4022 στρεφε
520 3956 706 4023 αὑτὸν,
750 3959 883 4029 μηδὲ
924 3961 1173 4017 κατάκλα
1205 3964 1303 4034 τὴν
1328 3965 1640 4036 προθυμίαν
1672 3967 1858 4035 αὐτοῦ,

284 4045 541 4101 ἀπολύων
576 4048 739 4103 αὑτὸν
768 4051 848 4114 είς
873 4052 933 4105 τὸ
967 4053 1239 4109 διαδοῦναι
1279 4060 1535 4128 πτωχοῖς,
1564 4059 1679 4113 ἀλλ’
1725 4062 1861 4129 ἄφες

285 4136 581 4209 πληρῶσαι
609 4142 710 4210 τὴν
739 4147 1123 4213 προσαγωγὴν.
1154 4147 1215 4199 El
1258 4148 1442 4216 μέντοι
1469 4150 1861 4223 βουλευόμενος

282 4244 371 4290 τις
428 4230 720 4302 συμϐούλῳ
778 4249 861 4287 σοι
916 4236 1199 4305 χρήσεται,
1257 4239 1485 4309 πότερον
1547 4243 1630 4295 δεῖ
1676 4242 1860 4298 δοῦναι

285 4327 549 4394 πτωχοῖς,
585 4326 619 4397 ἢ
648 4331 1023 4399 προσαγαγεῖν
1050 4331 1128 4402 τῷ
1158 4332 1299 4404 Θεῷ,
1335 4335 1737 4406 συμϐούλευσον
1764 4340 1861 4392 αὑ-

277 4416 365 4484 τῷ
392 4416 579 4471 δοῦναι
602 4423 871 4489 πτωχοῖς·
905 4422 1026 4493 μεθ’
1055 4424 1082 4476 ὃ
1136 4426 1317 4495 μέντοι
1353 4432 1714 4500 προσαγάγοι,
1758 4451 1860 4488 πε-

284 4508 482 4577 ριττόν
517 4509 667 4563 ἐστιν
714 4512 1082 4585 ἀποστρέφειν
1132 4518 1295 4572 αὐτόν
1323 4535 1337 4550 ·
1369 4520 1450 4573 δεῖ
1502 4522 1609 4594 γὰρ
1647 4524 1746 4596 τὴν
1779 4528 1860 4591 είς

274 4598 378 4650 τὸν
408 4598 540 4653 Θεὸν
568 4601 735 4674 τιμὴν
779 4607 1093 4677 προκρίνειν
1133 4611 1351 4665 πάντων
1385 4613 1593 4678 ἁπλῶς,
1636 4618 1729 4671 καὶ
1760 4619 1859 4688 τῆς

274 4690 658 4762 ἔλεημοσύνης
709 4697 880 4766 αὐτῆς
904 4716 919 4731 ·
959 4700 1093 4769 μηδὲ
1126 4703 1236 4773 γὰρ
1276 4706 1399 4756 ἐπεὶ
1431 4705 1516 4758 διὰ
1548 4707 1855 4780 φιλανθρωο

275 4781 416 4835 πίαν
456 4784 771 4856 ἀναδέχεται
821 4791 902 4851 είς
955 4791 1147 4845 ἑαυτὸν
1190 4795 1217 4846 ὁ
1260 4795 1497 4862 Χριστὸς
1537 4797 1628 4849 τὸν
1685 4798 1857 4867 ἔλεον,

271 4878 514 4947 νομίσῃς
564 4879 645 4931 ὅτι
702 4880 784 4933 δεῖ
834 4886 1196 4954 καταφρονεῖν
1252 4886 1347 4939 τοῦ
1400 4888 1559 4951 Θεοῦ,
1615 4891 1707 4944 καὶ
1756 4892 1858 4962 τὴν

274 4968 658 5041 ιλεημοσύνην
706 4972 867 5041 μόνον
905 4976 1246 5046 ἐπιτηδεύειν
1279 4995 1293 5010 ο
1338 4979 1460 5033 ἐπεὶ
1491 4981 1633 5035 οὕτω
1662 4999 1726 5051 γε
1765 4984 1859 5039 καὶ

276 5058 584 5127 ῖεροσυλεῖν
616 5059 697 5113 δεῖ
725 5061 930 5129 λοιπὸν,
972 5064 1062 5117 καὶ
1090 5067 1155 5119 ὲκ
1186 5067 1295 5120 τῶν
1342 5069 1681 5139 συληθέντων
1705 5071 1859 5143 ἐλεη-

274 5144 525 5217 μοσύνην
556 5150 754 5203 ποιεῖν.
796 5149 937 5204 Ἀλλ’
969 5153 1070 5207 οὐκ
1101 5155 1216 5208 ἐστι
1259 5156 1418 5210 τοῦτο
1441 5174 1455 5188 ο
1502 5158 1584 5212 ὅτι
1614 5159 1723 5230 γὰρ
1753 5162 1854 5216 οὐκ

273 5236 401 5289 ἐστι
433 5238 630 5292 ταυτὸν
675 5240 736 5293 τὸ
771 5242 943 5296 ἐλεεῖν
991 5248 1240 5317 πτωχοὺς
1285 5248 1380 5302 καὶ
1410 5248 1473 5302 τὸ
1500 5252 1728 5321 τιμῆσαι
1761 5251 1853 5307 τὸν

271 5328 517 5398 Χριστὸν
568 5332 732 5389 αὑτὸν
794 5336 1021 5402 ἐκεῖνον,
1075 5340 1169 5391 καὶ
1234 5340 1593 5411 θεραπεῦσαι,
1648 5343 1848 5399 ἄκουε·

279 5438 302 5471 ι
336 5420 475 5484 Τοὺς
504 5426 753 5495 πτωχοὺς
786 5428 916 5498 γὰρ,
940 5429 1094 5498 φησὶ,
1133 5431 1366 5484 πάντοτε
1401 5432 1554 5504 ἔχετε
1580 5435 1699 5505 μεθ’
1722 5435 1852 5489 έαυ-

274 5512 411 5577 τῶν,
437 5515 536 5582 ἐμὲ
557 5515 613 5569 δὲ
646 5516 707 5569 ού
740 5520 973 5573 πάντοτε
1008 5519 1180 5591 ἔχετε.
1204 5540 1223 5575 ι
1271 5522 1431 5594 Ὁρᾷς
1456 5524 1549 5578 οὖν
1583 5525 1701 5589 πῶς
1724 5526 1854 5580 ἄλλο

273 5606 401 5658 ἐστὶ
431 5606 491 5659 τδ
522 5607 613 5659 τὸν
654 5609 889 5678 Χριστὸν
930 5611 1279 5683 θεραπεύειν,
1321 5617 1417 5669 καὶ
1448 5617 1574 5671 ἄλλο
1604 5618 1665 5670 τὸ
1708 5635 1855 5671 πτω·

277 5697 413 5765 χοῦς
476 5696 668 5761 ἐλεεῖν,
709 5701 757 5752 εί
810 5702 906 5755 καὶ
956 5702 1047 5758 διὰ
1098 5704 1506 5777 φιλανθρωπίαν
1557 5710 1585 5761 ὁ
1619 5707 1854 5779 Χριστὸς

276 5790 361 5850 εἰς
387 5788 582 5842 ἑαυτὸν
609 5789 927 5861 ἀναδέχεται
962 5794 1027 5849 τὰ
1054 5795 1131 5859 εἰς
1157 5798 1280 5861 τοὺς
1312 5799 1546 5869 πένητας
1572 5800 1851 5870 γινόμενα.

351 5900 401 5933 ⁸⁸
438 5900 579 5958 Psai.
614 5918 736 5971 cu,
778 5905 833 5959 2.

1962 3514 2125 3570 quam
2169 3500 2426 3554 honorem
2468 3516 2645 3555 suum.
2681 3499 2774 3555 ille
2822 3511 3001 3555 autem
3028 3502 3325 3571 increpavit
3365 3502 3532 3556 disci-

1961 3590 2136 3661 pulos,
2170 3604 2235 3646 eo
2267 3593 2410 3661 quod
2439 3590 2814 3661 intempestive
2842 3591 3121 3645 mulierem
3153 3592 3532 3663 reprehendis-

1961 3691 2106 3738 sent.
2156 3682 2273 3737 Non
2319 3683 2466 3737 enim
2501 3697 2711 3737 summa
2752 3685 2973 3752 exigere
3010 3683 3078 3738 ab
3122 3683 3206 3738 his
3235 3686 3326 3753 qui
3362 3697 3533 3751 nuper

1961 3775 2027 3828 ad
2073 3773 2232 3829 ﬁdem
2289 3774 2509 3829 adducti
2562 3786 2708 3839 sunt,
2761 3776 2996 3829 maxime
3036 3774 3103 3829 ab
3152 3776 3364 3828 inﬁrma
3414 3790 3532 3829 mu—

1962 3865 2115 3932 liere,
2144 3868 2237 3921 sed
2262 3866 2593 3922 mediocrem
2615 3882 2800 3921 eorum
2832 3867 2987 3921 tidem
3005 3867 3278 3936 suscipere
3298 3876 3531 3936 oportet.

1963 3957 2189 4025 Quando
2220 3958 2383 4029 igitur
2407 3958 2532 4028 quis
2564 3957 2720 4014 offert
2760 3959 2868 4014 Deo
2901 3958 3127 4023 donum,
3167 3974 3234 4013 ne
3264 3964 3532 4015 averseris

1963 4048 2138 4115 illum,
2175 4062 2350 4118 neque
2378 4048 2693 4118 contringas
2726 4047 3063 4103 alacritatem
3089 4048 3226 4118 ejus,
3257 4049 3532 4105 abducens

1962 4138 2113 4193 illum
2155 4145 2214 4192 ut
2266 4138 2359 4193 det
2395 4138 2745 4209 pauperibus,
2786 4139 2880 4194 sed
2932 4139 3049 4193 sine
3108 4138 3339 4208 implere
3381 4139 3534 4195 obla-

1963 4232 2187 4286 tionem.
2221 4230 2375 4298 Quod
2414 4231 2461 4286 si
2492 4230 2615 4301 quis
2649 4232 2878 4288 consilio
2906 4240 2997 4288 tuo
3028 4232 3317 4302 indiguerit
3350 4244 3531 4288 utrum

1961 4330 2213 4393 oporteat
2256 4322 2456 4389 facere,
2495 4324 2822 4393 pauperibus
2849 4322 3003 4387 dare,
3036 4324 3121 4377 vel
3155 4322 3353 4379 otl‘erre
3398 4324 3530 4390 Dee,

1961 4413 2187 4468 consule
2222 4412 2299 4466 illi
2333 4422 2393 4467 ut
2426 4414 2515 4468 det
2538 4414 2902 4482 pauperibus:
2940 4422 2997 4467 at
3030 4429 3152 4469 cum
3182 4413 3361 4478 oli'ert,
3394 4416 3534 4469 indi-

1961 4519 2123 4574 gnum
2155 4512 2240 4559 est
2277 4505 2521 4559 aversari
2560 4504 2735 4559 illum.
2772 4505 2936 4560 Decet
2967 4505 3112 4559 enim
3147 4514 3205 4559 ut
3236 4503 3398 4577 144
3427 4506 3531 4561 ho-

1962 4610 2146 4651 norem
2182 4611 2340 4667 quem
2374 4596 2484 4652 Deo
2517 4598 2800 4662 debemus,
2833 4598 3182 4665 praeferamus
3216 4598 3533 4667 simpliciter

1887 4680 1935 4735 ι)
1961 4686 2236 4753 omnibus,
2264 4689 2426 4743 etiam
2452 4688 2811 4757 eieemosynae
2857 4688 2977 4757 ipsi.
3020 4686 3140 4743 Noli
3182 4687 3349 4755 enim,
3401 4689 3529 4757 quia

1962 4790 2182 4850 propter
2225 4780 2611 4857 benignitatem
2644 4780 2896 4838 Christus
2940 4783 3169 4851 suscipit
3216 4782 3529 4837 misericor-

1961 4877 2103 4931 diam
2130 4877 2282 4947 quasi
2306 4876 2409 4932 sibi
2434 4878 2578 4933 tacta
2598 4888 2763 4943 esset,
2780 4878 3031 4933 existima
3043 4895 3097 4933 re
3113 4879 3255 4948 quod
3282 4888 3529 4947 oporteat

1960 4978 2309 5026 contemnere
2342 4968 2509 5026 Deum
2558 4981 2612 5026 et
2641 4970 3038 5042 eleemosynam
3075 4980 3278 5026 tantum
3314 4986 3528 5038 curare,

1962 5061 2087 5129 quia
2110 5062 2192 5117 sic
2213 5072 2269 5116 et
2284 5062 2625 5133 sacrilegium
2652 5063 2862 5126 liceret,
2892 5071 2946 5117 et
2970 5074 3031 5117 ex
3066 5062 3365 5131 sacrilegiis
3384 5071 3530 5117 esset

1960 5150 2299 5223 eleemosyna
2321 5152 2519 5207 danda.
2540 5152 2736 5208 Verum
2756 5168 2859 5209 non
2877 5153 2955 5208 sic
2971 5154 3151 5217 habet,
3173 5154 3302 5224 quia
3322 5170 3428 5208 non
3446 5164 3531 5210 est

1957 5243 2125 5307 idem,
2177 5246 2421 5302 misereri
2463 5261 2785 5319 pauperum,
2837 5255 2891 5303 et
2938 5246 3114 5302 colere
3153 5262 3219 5302 ac
3258 5248 3529 5304 honorare

1958 5340 2250 5410 ipsummet
2276 5337 2576 5393 Christum.
2598 5339 2736 5391 Audi
2767 5356 2780 5392 :
2805 5338 3104 5407 «Pauperes
3121 5340 3290 5405 enim,
3325 5340 3522 5408 inquit,

1959 5443 2174 5497 semper
2204 5428 2411 5484 habetis
2446 5414 2745 5492 vobiscum,
2781 5444 2865 5483 me
2905 5439 3084 5483 antem
3114 5446 3220 5485 non
3253 5445 3522 5499 semper.»

1958 5521 2126 5578 Vides
2177 5522 2342 5593 igitur
2372 5523 2645 5591 quomodo
2694 5521 2840 5577 aliud
2875 5522 2945 5578 sit
2983 5537 3171 5579 curam
3216 5524 3528 5593 impendere

1960 5612 2200 5680 Christo,
2256 5621 2310 5666 et
2369 5610 2517 5665 aliud
2592 5610 2840 5669 misereri
2894 5615 3242 5684 pauperibus,
3314 5624 3528 5668 tantem

1960 5704 2214 5759 Christus
2243 5713 2463 5773 propter
2499 5703 2887 5773 benignitatem
2923 5707 3184 5776 suscipiat
3209 5705 3431 5775 perinde
3463 5717 3528 5758 ac

1964 5796 2007 5849 si
2039 5796 2092 5849 in
2130 5809 2189 5851 se
2219 5792 2533 5859 collocetur,
2564 5794 2704 5864 quod
2746 5794 3076 5865 pauperibus
3107 5794 3454 5865 impenditur.
