3968 6460
375 372 486 444 439

1230 376 1816 472 ΤΗΕΟΡΗᾚΕᾹΟΤῙ
1858 377 2274 440 BULGARIE
2316 384 2680 452 ARCHIEP.

3530 386 3631 451 HO

449 488 614 544 Vens.
663 485 753 556 12,
786 488 873 545 i5.
913 507 932 542 ι
985 489 1137 557 Quod
1164 492 1306 546 enim
1343 493 1456 547 lucc
1486 502 1815 564 unguentum
1851 490 1985 554 hoc,

2133 513 2150 547 ι
2197 497 2445 553 Βαλοῦσα
2476 499 2586 572 γὰρ
2615 500 2755 574 αὕτη
2786 502 2847 556 τὸ
2884 501 3055 574 μύρον
3095 499 3253 557 τοῦτο
3279 501 3373 556 ἐπὶ
3405 501 3498 555 τοῦ
3535 502 3638 555 σώ-

381 583 528 638 misit
586 595 750 652 super
791 580 987 654 corpus
1037 583 1259 650 meuni,
1320 585 1388 639 ad
1447 586 1815 657 sepeliendum
1868 599 1953 640 me

2094 587 2232 651 ιατός
2265 605 2390 658 μου,
2425 591 2562 662 πρὸς
2599 594 2661 645 τὸ
2706 594 3030 664 ἐνταφιάσαι
3067 611 3132 664 με
3175 594 3423 664 ἐποίησε.
3467 594 3638 665 Ἀμὴν

384 673 527 732 fecit.
589 677 757 731 Amen
789 678 910 732 dico
965 679 1137 743 vobis,
1217 678 1530 748 ubicunque
1592 679 1948 744 praedicatum

2094 678 2204 746 ἐγω
2231 681 2380 750 ὑμῖν,
2412 682 2545 736 ὅπου
2592 685 2688 738 ἐὰν
2717 686 2964 757 κηρυχθῇ
3012 685 3072 738 τὸ
3116 685 3452 754 Εὐαγγέλιον
3484 684 3638 740 τοῦτο

380 768 547 824 interit
587 769 689 824 ltoc
721 769 1066 840 Evangelium
1101 772 1154 825 in
1189 779 1303 826 toto
1334 771 1555 834 mundo,
1598 772 1702 826 hoc
1738 782 1956 841 quoque

2094 785 2122 821 ν
2180 770 2286 839 ὅλῳ
2341 773 2420 844 τῷ
2477 775 2691 846 κόσμῳ,
2751 775 3120 848 λαληθήσεται
3170 777 3265 829 καὶ
3309 776 3337 828 6
3388 777 3642 845 ἐποίησεν

381 863 524 928 quod
557 862 672 918 haec
716 862 864 927 fecit,
898 865 1211 919 narrabitur
1256 865 1307 918 in
1345 865 1660 918 memoriam
1697 864 1888 936 ipsius.
1930 881 1950 916 ι

384 953 552 1008 Docet
595 969 693 1009 nos
724 955 867 1025 quod
899 956 1092 1010 mulier
1131 956 1244 1012 haec
1276 955 1428 1026 juxta
1465 955 1704 1010 divinam
1732 956 1958 1026 dispen-

385 1045 652 1100 sationem
686 1046 786 1100 hoc
821 1045 1032 1112 fecerit,
1066 1047 1402 1118 praesignans
1435 1056 1662 1102 mortem
1700 1045 1864 1110 illius,
1902 1053 1962 1100 et

385 1137 631 1204 corporis
681 1138 1036 1206 sepulturam.
1095 1137 1208 1193 Non
1259 1140 1402 1194 enim
1452 1139 1662 1196 tulisset
1711 1138 1961 1196 Christus

387 1234 662 1294 unguento
691 1227 842 1298 ungi,
869 1227 969 1282 nisi
998 1227 1313 1299 mysterium
1333 1228 1598 1297 quoddam
1621 1228 1958 1295 subfuisset;

391 1319 643 1382 praedixit
674 1328 857 1374 autem
891 1329 1147 1389 tanquam
1179 1321 1338 1388 Deus,
1360 1322 1502 1392 quod
1529 1332 1674 1378 esset
1701 1321 1962 1388 futurum,

393 1411 535 1477 quod
570 1413 621 1464 in
657 1411 885 1482 gloriam
935 1416 1054 1487 ejus
1099 1415 1300 1486 ubique
1335 1416 1660 1486 praedicetur
1690 1432 1776 1473 res
1804 1432 1964 1487 quam

395 1502 526 1558 fecit
557 1505 770 1565 mulier.
817 1505 950 1564 Vide
983 1517 1166 1567 autem
1212 1511 1308 1567 Dei
1351 1512 1803 1579 misericordiam,
1828 1526 1966 1582 quo-

398 1600 558 1654 modo
618 1602 900 1658 mulierem
957 1606 1170 1675 magnis
1216 1605 1375 1662 donis
1425 1615 1758 1662 remunerat.
1821 1604 1973 1662 Facit

400 1693 545 1746 enim
598 1708 718 1750 eam
773 1697 1179 1755 memorabilem
1239 1699 1462 1770 ubique,
1518 1699 1758 1770 quandiu
1811 1713 1971 1755 suum

408 1784 763 1856 Evangelium
793 1788 1116 1844 duraturum
1148 1789 1242 1845 sit.
1274 1789 1552 1858 Quomodo
1581 1799 1758 1846 autem
1792 1790 1974 1860 sepul-

2067 859 2229 933 αῦτη,
2275 864 2356 926 είς
2404 865 2752 935 μνημόσυνον
2789 867 2978 937 αὐτῆς.
3021 885 3040 920 ι
3078 867 3332 921 Διδάσκει
3363 866 3531 936 ἡμᾶς,
3562 866 3642 918 ὅτι

2069 954 2216 1009 κατά
2268 972 2391 1011 τινα
2448 955 2602 1011 θείαν
2653 959 2868 1029 κίνησιν
2927 961 3152 1030 ἐποίησε
3197 957 3356 1012 τοῦτο
3407 960 3438 1029 ἠ
3483 959 3643 1029 γυνὴ,

2070 1049 2424 1120 προτυποῦσα
2461 1051 2554 1106 τὸν
2601 1053 2830 1108 θάνατον
2875 1055 3064 1122 αὑτοῦ,
3115 1056 3208 1110 καὶ
3263 1055 3362 1127 τὴν
3394 1056 3490 1108 τοῦ
3544 1052 3648 1108 σώο

2075 1157 2245 1212 ματος
2281 1145 2459 1213 ταφήν
2479 1159 2499 1178 ο
2555 1144 2618 1197 οὐ
2651 1143 2759 1217 γὰρ
2791 1144 2857 1199 ἂν
2887 1145 3145 1216 ἠνέσχετο
3171 1145 3200 1198 6
3244 1147 3449 1218 Κύριος
3493 1144 3649 1216 μύρῳ

2071 1234 2491 1306 καταχρίεσθαι,
2525 1236 2575 1290 εί
2618 1237 2693 1308 μὴ
2728 1239 3025 1309 μυστήριόν
3055 1257 3108 1292 τι
3149 1239 3362 1309 ἐδήλου.
3401 1239 3489 1302 Ὠς
3519 1238 3648 1302 Θεδς

2072 1323 2132 1378 δέ
2172 1327 2401 1397 προεῐπε
2455 1327 2520 1381 τὸ
2563 1328 2847 1400 ἐσόμενον,
2889 1331 2974 1385 δτι
3031 1331 3112 1395 εἰς
3164 1329 3428 1401 καύχημα
3482 1329 3653 1400 αὐτῆς

2081 1417 2264 1488 μέλλει
2294 1418 2572 1475 λαλεῖσθαι
2599 1421 2876 1494 πανταχοῦ
2901 1422 2929 1476 6
2967 1422 3222 1490 ἐποίησεν
3248 1423 3409 1494 ἔργον
3433 1424 3467 1494 ἠ
3491 1423 3650 1494 γυνή.

2082 1509 2188 1564 Ἴδε
2212 1510 2271 1565 δέ
2305 1514 2405 1584 τὴν
2429 1513 2524 1567 τοῦ
2557 1513 2693 1569 Θεοῦ
2736 1515 3176 1587 φιλανθρωπίαν,
3217 1516 3336 1577 πῶς
3367 1516 3654 1585 ἀμείϐεται

2079 1600 2180 1672 τὴν
2207 1606 2444 1672 γυναῖκα
2479 1607 2692 1682 μεγάλῃ
2727 1608 2910 1681 χάριτι
2934 1623 2951 1641 ο
2983 1611 3130 1663 ποιεῖ
3154 1610 3264 1680 γὰρ
3303 1609 3475 1680 αὐτὴν
3519 1626 3658 1680 μνη-

2087 1694 2404 1766 μονεύεσθαι
2431 1697 2628 1764 διόλου,
2687 1700 2847 1774 ἄχρις
2894 1699 2961 1756 ἂν
3003 1699 3064 1755 τὸ
3109 1699 3273 1755 αὑτοῦ
3325 1698 3659 1768 Εύαγγέλιον

2083 1786 2432 1861 διασώζηται.
2461 1792 2588 1857 Πῶς
2619 1793 2677 1847 δέ
2701 1794 2781 1856 εἰς
2809 1795 2900 1848 τὸν
2931 1794 3298 1867 ἐνταφιασμδν
3337 1791 3502 1848 αὑτοῦ
3534 1809 3659 1846 συν·

405 1884 524 1928 tura
567 1851 693 1944 ejus
739 1877 1096 1949 praesignatur
1139 1851 1452 1950 unguento?
1482 1877 1596 1934 Mos
1628 1886 1746 1935 erat
1775 1851 1976 1933 ludatis

2094 1851 2338 1936 ιϐάλλετο
2363 1885 2425 1938 τὸ
2458 1851 2668 1954 μύρονς
2722 1851 2884 1948 ’Ἰέθος
2937 1881 3008 1955 ἦν
3045 1851 3159 1949 τοῖς
3200 1851 3487 1947 ’Ἰουδαίοις
3523 1883 3663 1953 μετὰ

405 1983 528 2020 cum
574 1978 850 2039 unguento
897 1980 1233 2027 mortuorum
1267 1986 1498 2044 corpora
1547 1971 1797 2041 sepelire,
1839 1971 1980 2026 sicut

412 2069 468 2114 et
496 2059 736 2133 AEgyptii
769 2061 1062 2132 faciebant,
1095 2072 1154 2120 ut
1189 2066 1510 2136 incorrupta
1540 2072 1844 2129 manerent,
1880 2077 1982 2118 nec

409 2155 664 2210 feterent.
693 2154 943 2212 Ostendit
965 2158 1130 2230 igitur
1152 2158 1367 2227 mulier,
1392 2159 1589 2230 inquit,
1614 2172 1680 2213 ex
1705 2159 1808 2213 hoc
1831 2155 1979 2227 quod

411 2256 744 2318 unguentum
795 2247 1007 2315 effudit,
1052 2265 1249 2320 corpus
1300 2265 1479 2306 meum
1516 2250 1668 2305 brevi
1714 2248 1982 2318 sepelien-

411 2339 562 2396 dum.
601 2339 725 2396 Haec
751 2350 932 2397 autem
963 2343 1145 2398 omnia
1173 2342 1302 2399 dicit
1349 2341 1664 2399 demulcens
1694 2351 1748 2397 et
1787 2341 1984 2396 debere

417 2421 795 2502 tans'Judam,
835 2451 934 2507 per
967 2452 1128 2508 quem
1174 2437 1466 2507 sepulturae
1523 2435 1817 2492 tradendus
1844 2442 1982 2490 erat.

417 2526 664 2598 intellige
692 2527 821 2584 item
856 2543 951 2598 per
981 2543 1286 2599 auagogen,
1321 2529 1590 2600 leprosum
1621 2527 1834 2598 quidem
1865 2539 1989 2582 esse

415 2617 671 2689 gentiizm
708 2619 999 2690 populum:
1045 2620 1325 2676 mulierem
1372 2631 1551 2676 autem
1597 2618 1984 2689 peccatricem,

418 2711 894 2781 congregationem
967 2717 1023 2767 et
1068 2711 1369 2768 Ecclesiam
1409 2727 1475 2768 ex
1537 2713 1806 2784 gentibus,
1871 2723 1992 2781 qua:

419 2814 776 2875 unguentum,
829 2804 934 2861 ltoc
975 2815 1059 2863 est
1103 2805 1299 2882 iidem,
1344 2806 1399 2860 in
1431 2804 1632 2861 Chriin
1673 2815 1855 2873 caput,
1888 2802 1992 2858 hoc

419 2905 503 2950 est
529 2895 804 2964 deitatem,
831 2894 1036 2952 eﬁ‘udit.
1055 2894 1245 2952 Omnis
1271 2897 1413 2951 enim
1436 2898 1661 2951 credens
1678 2892 1847 2949 Deum
1873 2907 1995 2950 esse

423 2986 728 3053 Chrismm,
784 2997 1118 3058 unguentum
1172 2986 1398 3043 en'undit
1443 2989 1500 3042 in
1555 2995 1720 3056 caput
1767 2984 1989 3041 Christi.

421 3077 593 3134 Judas
620 3087 801 3134 autem
845 3079 937 3149 qui
973 3078 1276 3150 increpavit
1310 3077 1588 3134 mulierem
1635 3075 1796 3149 (sicut
1824 3074 1996 3131 Joan-

2084 1971 2274 2045 μύρων
2298 1975 2646 2045 ἐνταφιάζειν
2679 1975 2749 2029 τὰ
2778 1976 3028 2047 σώματα,
3051 1975 3126 2040 ὡς
3156 1975 3249 2030 καὶ
3274 1977 3324 2028 οἱ
3369 1975 3660 2044 Αἰγύπτιοι

2086 2065 2339 2134 ἐποίουν,
2381 2066 2468 2122 διὰ
2519 2066 2580 2120 τὺ
2612 2067 2832 2140 ἄσηπτα
2903 2067 3188 2139 τηρεῖσθαι
3224 2069 3320 2122 καὶ
3357 2067 3485 2122 ἄνευ
3536 2066 3662 2120 δυσ-

2082 2159 2268 2224 ωδίας.
2293 2159 2577 2214 Δείκνυσιν
2601 2155 2714 2224 οῦν,
2742 2161 2929 2231 φησὶν,
2956 2163 2989 2232 ὴ
3018 2161 3158 2231 γυνὴ
3181 2162 3244 2213 ἐκ
3274 2159 3366 2213 τοῦ
3394 2159 3456 2212 τὸ
3485 2157 3660 2229 μύρον

2084 2253 2375 2325 καταχέαι,
2396 2254 2479 2307 ὅτι
2511 2254 2571 2308 τδ
2603 2252 2763 2325 σῶμά
2799 2271 2898 2324 μου
2931 2253 3443 2323 ἐνταφιασθήσεται.
3475 2250 3664 2304 Ταῦτα

2083 2345 2141 2399 δὲ
2205 2344 2386 2398 πάντα
2435 2344 2605 2412 λέγει,
2644 2345 2910 2399 δυσωπῶν
2945 2346 3039 2399 καὶ
3074 2347 3355 2416 ἐντρέπων
3395 2343 3488 2398 τὸν
3533 2343 3664 2396 Ἰούο

2084 2437 2202 2504 δαν,
2226 2436 2293 2490 δι’
2315 2431 2376 2491 οὗ
2405 2436 2595 2507 ἔμελλε
2620 2439 2764 2508 ταφῇ
2787 2437 3187 2509 παραδοθῆναι.
3227 2437 3441 2506 Νόησον
3474 2434 3533 2488 δέ
3572 2435 3666 2488 καὶ

2087 2531 2233 2587 κατὰ
2263 2528 2579 2601 ἀναγωγὴν,
2605 2529 2806 2601 λεπρδν
2841 2529 2941 2602 μέν
2972 2526 3115 2585 εἶναι
3153 2528 3242 2584 τὸν
3279 2528 3494 2583 ἐθνικὺν
3512 2526 3661 2591 λαὸν,

2089 2624 2320 2692 γυναῖκα
2345 2621 2402 2676 δέ
2429 2621 2763 2693 άμαρτωλὴν
2791 2622 2890 2694 την
2943 2621 3003 2686 ἐξ
3024 2621 3195 2674 ἐθνῶν
3224 2619 3552 2690 συναγωγὴν
3576 2618 3670 2671 καὶ

2102 2715 2452 2785 Ἐκκλησίαν,
2471 2712 2595 2785 ἥτις
2619 2712 2678 2767 τδ
2703 2711 2896 2784 μύρον,
2922 2713 3168 2767 τουτέστι
3220 2713 3319 2784 τὴν
3348 2711 3557 2774 πίστιν,
3589 2711 3669 2772 είς

2089 2809 2191 2880 τὴν
2216 2807 2313 2862 τοῦ
2366 2805 2604 2878 Χριστοῦ
2638 2804 2916 2877 κεφαλὴν,
2961 2807 3080 2878 ἦτοι
3128 2806 3227 2878 τὴν
3271 2806 3528 2875 θεότητα,
3583 2803 3670 2870 ἐξ·

2093 2899 2236 2971 έχεε.
2262 2898 2378 2962 Πᾶς
2418 2897 2530 2967 γὰρ
2565 2897 2594 2950 6
2630 2896 2901 2950 πιστεύων
2935 2896 3066 2950 Θεὸν
3106 2891 3247 2950 εἶναι
3279 2892 3371 2948 τὸν
3409 2893 3670 2964 Χριστὸν,
3725 2920 3740 2934 ι

2097 2991 2270 3062 μύρον
2299 2988 2555 3061 καταχέει
2594 2990 2673 3052 εἰς
2699 2987 2799 3060 τὴν
2825 2988 3068 3059 κεφαλὴν
3105 2987 3199 3041 τοῦ
3232 2985 3470 3057 Χριστοῦ
3491 3001 3505 3015 ο
3541 2987 3570 3040 6
3617 2985 3672 3038 δέ

2107 3082 2308 3148 Ἰούδας
2345 3081 2681 3153 ἐπιτιμήσας
2709 3083 2776 3153 τῇ
2804 3081 3046 3149 γυναικὶ,
3093 3079 3170 3143 ὡς
3225 3079 3481 3150 Ἰωάννης
3518 3078 3671 3147 φησὶ,
3729 3077 3748 3133 ὅ

424 3186 524 3227 nes
567 3171 718 3244 dicit)
770 3171 998 3242 ﬁguram
1043 3180 1192 3226 tenet
1237 3169 1565 3232 Judaaorum,
1600 3169 1694 3240 qui
1733 3183 1904 3239 usque
1940 3169 1985 3225 in

2098 3177 2272 3232 τύπον
2310 3175 2495 3248 ἐπέχει
2527 3175 2635 3229 τῶν
2675 3174 2968 3238 Ἰουδαίων,
3005 3172 3114 3226 τῶν
3141 3171 3223 3226 ἔτι
3275 3170 3371 3225 καὶ
3400 3168 3496 3222 νῦν
3536 3184 3666 3236 γογ·

428 3264 574 3320 bunc
609 3265 749 3320 diem
786 3275 973 3320 contra
1001 3262 1296 3320 Ecclesiam
1329 3271 1691 3320 murmurant.

500 3355 670 3412 Vens.
711 3356 898 3412 46-16.
942 3376 961 3408 ι
1002 3354 1153 3411 Tunc
1203 3355 1339 3411 abiit
1393 3371 1533 3411 unus
1581 3355 1650 3412 de
1693 3354 1994 3422 duodecim,

426 3450 525 3521 qui
554 3449 836 3504 dicebatur
865 3446 1035 3504 Judas
1068 3447 1379 3510 lscariotes,
1408 3448 1473 3502 ad
1495 3446 1780 3520 principes
1814 3461 1996 3503 sacer-

427 3543 640 3608 dotum,
678 3551 732 3598 et
777 3542 853 3596 ait
883 3540 1191 3608 illis:Quid
1237 3539 1398 3596 vultis
1447 3539 1578 3595 mihi
1612 3539 1763 3604 dare,
1805 3547 1861 3595 et
1901 3553 2000 3609 ego

434 3632 591 3689 vobis
623 3633 833 3687 tradam
863 3632 1054 3687 illum?
1080 3632 1147 3686 At
1176 3632 1251 3688 illi
1279 3632 1679 3687 constituerunt
1705 3633 1754 3686 ei
1783 3631 2002 3701 triginta

437 3735 748 3798 argenteos.
778 3726 842 3781 Et
891 3741 956 3781 ex
985 3739 1052 3780 eo
1091 3733 1336 3794 tempore
1371 3723 1647 3793 quaerebat
1684 3722 2003 3794 opportuni-

433 3828 595 3874 tatem
632 3827 690 3873 ut
719 3834 842 3874 eum
869 3818 1126 3873 traderet.
1161 3835 1182 3870 ι
1212 3815 1347 3872 Cum
1386 3816 1560 3872 aliena
1603 3815 1794 3872 mulier
1825 3829 2004 3870 mere-

405 3891 418 3910 ’
435 3913 538 3968 trix
566 3921 775 3966 tantum
797 3910 1075 3967 exhiberet
1091 3911 1372 3974 honorem,
1397 3920 1522 3964 tunc
1545 3909 1842 3979 discipulus
1873 3907 2007 3964 abiit

432 4004 748 4074 proditurus
790 4003 961 4059 illum.
997 4001 1114 4057 Non
1141 4003 1284 4058 enim
1312 4003 1513 4057 frustra
1541 4002 1812 4072 adjicitur,
1849 4000 2004 4057 Tunc

434 4098 592 4163 abiit,
621 4099 716 4154 sed
744 4105 804 4151 ut
826 4096 1145 4152 ostendatur
1165 4094 1500 4163 impudentia
1525 4091 1698 4150 Judte.
1726 4091 1883 4165 145
1907 4093 2010 4148 Ad.

437 4191 574 4246 didit
601 4199 804 4253 autem,
829 4187 1135 4250 lscariotes,
1171 4193 1231 4240 ut
1260 4186 1528 4241 notiorem
1573 4199 1696 4240 eum
1737 4184 2007 4239 redderet.

441 4285 574 4338 Erat
598 4284 742 4336 enim
769 4287 828 4338 et
858 4279 998 4334 alius
1035 4276 1225 4344 Judas,
1255 4277 1348 4347 qui
1386 4274 1650 4330 Lebbaeus
1689 4273 2007 4329 dicebatur:

442 4375 532 4430 hic
556 4387 685 4428 vero
713 4371 962 4444 proditor
993 4379 1162 4425 erata
1194 4382 1331 4439 pago
1373 4368 1465 4437 qui
1501 4364 1783 4421 dicebatur
1810 4364 2009 4420 lscara.

440 4467 525 4524 illi
561 4474 741 4521 autem
773 4460 1408 4530 conStituerunttriginta
1435 4467 1748 4529 argenteos,
1779 4457 1883 4513 hoc
1901 4469 2009 4526 est,

2099 3268 2376 3339 γυζόντων
2406 3267 2547 3321 κατὰ
2564 3267 2665 3338 τῆς
2696 3263 3048 3337 Ἐκκλησίας.

2177 3379 2197 3413 ι
2237 3360 2373 3413 Τότε
2407 3357 2696 3429 πορευθεὶς
2736 3353 2818 3421 εἷς
2867 3357 2978 3411 τῶν
3027 3354 3258 3421 δώδεκα,
3307 3355 3336 3408 6
3381 3352 3679 3424 λεγόμενος

2111 3453 2312 3517 Ἰούδας
2353 3451 2727 3521 Ἰσκαριώτης,
2755 3447 2895 3521 πρὸς
2929 3450 3058 3512 τοὺς
3099 3448 3378 3520 ἀρχιερεῖς
3425 3441 3548 3499 εἷπε
3573 3462 3587 3476 ·
3615 3442 3681 3497 Τί

2103 3545 2288 3600 θέλετέ
2311 3561 2398 3615 μοι
2418 3541 2621 3609 δοῦναι,
2645 3543 2799 3612 κάγὼ
2817 3541 3126 3613 παραδώσω
3146 3539 3342 3608 αύτόν;
3369 3541 3430 3592 Ol
3447 3538 3505 3593 δέ
3523 3537 3681 3606 ἐστη-

2104 3654 2207 3692 σαν
2238 3634 2387 3706 αὐτῷ
2415 3635 2714 3706 τριάκοντα
2740 3631 2982 3705 ἀργύρια
3007 3647 3021 3662 ’
3059 3633 3157 3685 καὶ
3194 3631 3301 3684 άπὸ
3335 3632 3457 3684 τότε
3499 3626 3682 3692 ἐζήτει

2105 3728 2412 3800 εὐκαιρίαν,
2435 3727 2525 3781 ἵνα
2553 3725 2715 3780 αὐτὸν
2744 3724 2992 3797 παραδῷ.
3023 3743 3042 3777 t
3073 3724 3201 3778 Ὅτε
3237 3725 3271 3794 ἡ
3303 3722 3563 3793 ἀλλοτρία
3585 3737 3683 3789 γυ-

2105 3821 2194 3892 νὴ,
2236 3822 2270 3891 ἡ
2323 3819 2517 3890 πόρνη,
2576 3816 2844 3889 τοσαύτην
2889 3815 3200 3881 ἐπεδείξατο
3248 3814 3437 3885 τιμὴν,
3494 3811 3618 3865 τότε
3657 3811 3686 3863 6

2112 3912 2361 3986 μαθητὴς
2403 3912 2704 3983 ἀπέρχεται
2753 3908 3051 3979 προδώσων
3086 3907 3272 3960 αὐτόν.
3315 3906 3390 3959 Ού
3423 3904 3534 3975 γὰρ
3582 3903 3686 3974 μά-

2109 4023 2210 4076 την
2271 4005 2448 4058 κείται
2519 4003 2601 4066 τὸ,
2660 4003 2783 4055 τότε
2827 3999 3138 4072 πορευθεὶς,
3200 3996 3317 4051 ἀλλ’
3381 3997 3470 4050 ἵνα
3536 3994 3686 4068 δείξῃ

2108 4096 2209 4168 τὴν
2249 4094 2524 4148 ἀναίδειαν
2552 4091 2646 4145 τοῦ
2687 4091 2893 4145 Ἰούδα·
2925 4092 2954 4144 6
2995 4087 3350 4159 Ἰσκαριώτης
3406 4086 3465 4140 δέ
3523 4101 3692 4157 προσ-

2110 4187 2350 4259 τίθησιν,
2388 4185 2477 4240 ἵνα
2519 4182 2942 4255 γνωριμώτερον
2975 4181 3139 4236 αύτδν
3173 4181 3396 4250 ποιήσῃ.
3434 4173 3549 4231 Ἦν
3582 4175 3690 4246 γὰρ

2113 4281 2213 4335 καὶ·
2235 4279 2422 4351 ἐτερος
2461 4276 2681 4344 Ἰούδας,
2711 4277 2740 4330 6
2773 4276 2868 4330 καὶ
2917 4273 3205 4336 Λεϐϐαῖος.
3248 4263 3418 4334 Οὗτος
3448 4269 3630 4340 μέντοι
3662 4268 3690 4320 6

2118 4373 2386 4448 προδότης
2417 4371 2525 4427 άπὸ
2553 4369 2750 4440 κώμης
2773 4369 2916 4431 τινὸς
2940 4363 3030 4438 ἦν,
3071 4366 3194 4437 ἥτις
3221 4364 3471 4418 ἐκαλεῖτο
3513 4360 3690 4416 Ἰσκά·

2116 4483 2207 4540 ρα.
2243 4464 2308 4518 Oi
2331 4463 2386 4516 δέ
2419 4461 2652 4532 ἔστησαν
2685 4458 2978 4529 τριάκοντα
3000 4455 3260 4526 ἀργύρια,
3282 4455 3408 4509 ἀντὶ
3435 4452 3557 4519 τοῦ,
3575 4469 3695 4505 συνο

439 4563 795 4621 decreverunt
824 4569 880 4615 ut
912 4559 960 4615 ei
997 4557 1276 4620 darentur,
1304 4570 1410 4612 non
1437 4563 1614 4610 autem
1642 4563 1702 4608 ut
1733 4551 1885 4608 multi
1912 4566 1982 4622 pu

2114 4557 2443 4628 ἐφώνησαν,
2475 4550 2777 4624 ’ἀφώρισαν
2838 4550 3051 4616 δοῦναι,
3107 4549 3208 4619 οὐχ
3271 4546 3346 4611 ῶς
3395 4547 3445 4600 οί
3509 4542 3696 4597 πολλοὶ

446 4665 585 4721 tant,
614 4655 1004 4725 appenderuut.
1042 4647 1326 4716 Qumrebat
1353 4647 1517 4718 igitur
1548 4645 1985 4716 opportunitaten

2115 4648 2346 4712 νοοῦσιν,
2374 4645 2497 4701 ἀντὶ
2517 4643 2611 4698 τοῦ
2635 4642 3095 4712 ἐζυγοστάτησαν.
3144 4640 3362 4712 Ἑζήτει
3386 4637 3480 4690 οῦν
3512 4638 3698 4690 εὐκαιο

444 4761 504 4807 ιιι
532 4748 682 4805 illum
703 4748 875 4804 solum
902 4745 1142 4799 traderet
1166 4742 1264 4797 eis.
1289 4739 1575 4796 Timebant
1601 4737 1747 4793 enim
1776 4735 1985 4792 turbam

2118 4741 2264 4814 ρίαν,
2297 4737 2458 4808 μόνον
2485 4734 2648 4789 αὐτὼ
2672 4733 3006 4805 παραδοῦναι
3029 4732 3211 4789 αὐτοῖς
3233 4747 3248 4761 ·
3268 4725 3564 4799 ἐφοϐοῦντο
3589 4725 3697 4794 γὰρ

444 4853 500 4900 et
553 4842 760 4898 idcirco
823 4838 1202 4894 conduxerunt
1257 4830 1453 4889 ludam
1511 4840 1570 4885 ut
1619 4828 1884 4886 iudicaret
1935 4827 1984 4883 ei

2115 4834 2207 4887 τὸν
2236 4831 2414 4903 δχλον,
2453 4828 2546 4883 καὶ
2588 4826 2677 4880 διὰ
2723 4827 2882 4879 τοῦτο
2923 4822 3302 4895 ἐμισθώσαντο
3334 4822 3425 4873 τὸν
3475 4817 3695 4883 Ἰούδαν,

443 4935 661 5009 quando
689 4933 836 4990 sol-us
867 4939 1031 4987 esset.
1211 4949 1213 4951 ί

2117 4925 2206 4979 ἕνα
2242 4923 2602 4997 καταμηνύσῃ
2641 4923 2825 4986 αὐτοῖς
2872 4921 2960 4975 ὅτε
2998 4917 3313 4988 καταμόνας
3348 4913 3487 4970 ἐστί.

517 5028 684 5083 Vens.
719 5023 904 5080 17-19.
947 5041 966 5075 ι
1007 5020 1190 5076 Primo
1242 5027 1422 5073 autem
1454 5016 1541 5070 die
1585 5026 1897 5086 azymorum
1928 5025 1985 5066 ac

2191 5020 2272 5091 Τῇ
2305 5019 2364 5072 δέ
2395 5015 2592 5089 πρώτῃ
2630 5014 2738 5068 τῶν
2765 5011 3016 5082 ἀζύμων,
3042 5008 3350 5081 προσῆλθον
3373 5006 3423 5059 οἱ
3459 5002 3700 5076 μαθηταὶ

446 5127 730 5180 cesserunt
764 5114 1012 5185 discipuli
1061 5112 1129 5168 ad
1157 5111 1368 5174 .lesum,
1399 5109 1642 5165 dicentes
1683 5105 1731 5161 ei
1758 5121 1773 5160 :
1805 5103 1907 5160 Ubi
1940 5102 1985 5157 vi

2123 5112 2202 5184 τῷ
2213 5109 2413 5181 Ἰησοῦ,
2429 5108 2681 5175 λέγοντες
2698 5103 2865 5175 αὐτῷ·
2889 5103 2997 5156 Ποῦ
3020 5101 3193 5162 θέλεις
3217 5097 3600 5169 ἑτοιμάσωμέν
3619 5110 3702 5146 σοι

448 5225 699 5288 paremus
725 5211 828 5266 tibi
850 5209 918 5264 ad
945 5207 1211 5263 edendum
1239 5201 1488 5260 Pascha?
1511 5200 1580 5255 At
1603 5199 1692 5255 ille
1720 5198 1860 5254 dixit
1887 5214 1901 5252 :
1946 5197 1985 5250 It

2127 5205 2321 5275 φαγεῖν
2339 5201 2398 5255 τὺ
2416 5199 2638 5269 Πάσχα;
2669 5197 2727 5251 ’0
2745 5195 2801 5249 δέ
2824 5189 2997 5249 εἶπεν·
3031 5193 3303 5261 Ὑπάγετε
3325 5192 3402 5252 είς
3421 5189 3522 5259 τὴν
3548 5187 3702 5241 πόλιν

446 5281 500 5364 iu
549 5305 824 5362 civitatem
878 5300 947 5356 ad
977 5289 1305 5369 quemdam,
1353 5303 1407 5350 et
1453 5293 1618 5349 dicite
1665 5292 1714 5348 ei
1772 5308 1786 5346 :
1848 5288 1985 5360 Magi

2125 5295 2263 5367 πρὸς
2279 5294 2368 5348 τὸν
2394 5294 2563 5360 δεῖνα,
2581 5291 2673 5344 καὶ
2692 5289 2883 5343 εἴπατε
2901 5285 3073 5356 αὐτῷ’
3111 5285 3170 5339 '0
3195 5281 3515 5343 διδάσκαλος
3531 5281 3700 5348 λέγει·

447 5412 562 5462 ster
593 5399 761 5456 dicit:
793 5398 1033 5466 Tempus
1097 5408 1278 5450 meum
1326 5405 1494 5461 prope
1538 5396 1644 5453 est,
1693 5387 1832 5458 apud
1865 5395 1919 5442 te
1949 5384 1985 5450 [ι

2141 5385 2200 5439 '0
2241 5384 2432 5454 καιρός
2467 5399 2571 5454 μου
2603 5379 2770 5450 ἐγγύς
2801 5381 2951 5433 ἐστι’
2984 5376 3120 5450 πρὸς
3157 5376 3216 5429 σὲ
3252 5373 3391 5428 ποιῶ
3418 5372 3477 5425 τὸ
3517 5372 3705 5439 Πάσχα

415 5486 538 5550 ‘cio
565 5490 772 5546 Pascha
816 5463 950 5544 eum
971 5485 1248 5556 discipulis
1283 5483 1440 5538 meis.
1473 5479 1541 5536 Et
1574 5481 1816 5536 iecerunt
1859 5477 1985 5533 disci

2133 5478 2270 5550 μετὰ
2310 5476 2418 5530 τῶν
2451 5474 2709 5547 μαθητῶν
2736 5491 2864 5542 μου.
2915 5473 3026 5526 Καὶ
3074 5469 3338 5538 ἐποίησαν
3379 5467 3430 5518 oi.
3461 5463 3705 5556 μαθηται

454 5585 562 5654 puli
629 5582 772 5637 sicut
835 5555 1119 5635 constituit
1183 5575 1288 5632 illis
1335 5575 1515 5638 Jesus,
1576 5581 1634 5628 et
1701 5585 1985 5642 paraverur

2130 5571 2206 5635 ὡς
2248 5569 2538 5635 συνέταξεν
2585 5568 2769 5628 αὐτοῖς
2808 5566 2836 5617 6
2875 5561 3101 5634 Ἰησοῦς,
3155 5561 3250 5614 καὶ
3293 5557 3601 5630 ἡτοίμασαν
3645 5555 3704 5606 τὸ

452 5645 684 5734 i’ascha.
719 5693 738 5728 ι
798 5673 1036 5729 Primam
1094 5686 1409 5745 azymorum
1469 5667 1612 5725 diem
1673 5674 1852 5733 vocat,
1899 5678 1985 5734 qu:

2127 5665 2342 5734 Πάσχα.
2361 5661 2623 5734 »Πρώτην
2648 5658 2728 5731 (α)
2761 5656 2869 5711 τῶν
2898 5655 3145 5726 ἀζύμων,
3171 5652 3271 5724 τὴν
3299 5651 3404 5722 πρὸ
3428 5648 3541 5702 τῶν
3571 5645 3703 5711 ἀζύ-

522 5799 600 5866 (n)
631 5797 836 5855 Textus
868 5799 936 5854 ab
966 5795 1357 5868 interpolatore
1392 5800 1702 5868 corruptus.
1729 5787 2031 5868 Genuinttm
2141 5781 2404 5868 Romanis
2435 5780 2667 5868 optimae
2684 5761 3703 5868 uoltis.§§llicetiuﬂ9£dﬁqt

522 5830 600 5866 ιη)
642 5830 836 5855 ιῦλιιιδ
868 5830 936 5854 συ
968 5830 1357 5868 ιιιιῠιμυιαιυιυ
1392 5830 1702 5862 ιυιιυγιυσο
1731 5830 1975 5846 υν-ι-ηυ..

451 5871 606 5926 siit-rt
637 5870 826 5926 Petrus
870 5869 1136 5926 Arcudius
1171 5867 1266 5924 lib.
1293 5880 1381 5934 ιιι,
1410 5879 1530 5934 cap.
1567 5863 1622 5928 5,
1653 5876 1722 5918 ex
1755 5857 1985 5916 codicibt

2141 5830 2416 5926 satis;
2441 5830 2546 5921 ξττρίδ
2579 5830 2712 5905 "es.
2728 5830 2966 5919 usus:
3012 5845 3179 5917 φησιν
3228 5830 3480 5914 sua...
3518 5830 3628 5890 στάν
3654 5847 3702 5887 τς
