3968 6460
873 461 1318 527 ENARBATIO
1358 467 1441 530 IN
1482 469 1845 534 EVANGELJ

1951 479 1982 540 ι1
2022 481 2414 551 ΜΑΤΤΗᾹΞῙ.
2453 515 2524 526 --
2551 491 2709 553 CAP.
2749 492 2959 557 XXVI.

3424 498 3527 561 H2

294 584 419 682 μωνλ
451 568 615 682 φησὶν
654 571 885 645 ἡμέραν,
917 572 1029 631 οἷόν
1077 595 1132 631 τι
1162 579 1305 649 λέγω
1336 598 1350 614 ο
1393 584 1459 653 τῇ
1512 585 1842 659 Παρασκευῇ

1952 593 2091 649 diem
2124 612 2439 670 azymorum
2463 604 2750 673 prmcedit;
2777 615 2833 660 ut
2855 608 3086 679 exempli
3110 610 3284 682 gratia
3310 609 3483 665 dicam
3507 632 3522 668 :

292 656 529 748 ἑσπέρας
557 658 782 729 ἔμελλον
800 664 997 720 ἐκεῖνοι
1027 671 1221 736 φαγεῖν
1254 671 1314 724 τὸ
1348 672 1561 743 Πάσχα,
1594 676 1689 728 καὶ
1717 656 1856 748 αὖτῆ

289 747 534 801 ἐκαλεῖτο
580 752 689 806 τῶν
733 753 960 825 ἀζύμων
981 773 994 787 '
1027 760 1054 812 6
1082 759 1214 828 γοῦν
1253 762 1458 834 Κύριος
1490 766 1698 835 πέμπει
1730 747 1857 832 τοὺς

290 840 537 929 μαθητὰς
566 846 631 913 τῇ
688 845 939 918 πέμπτῃ,
983 850 1049 920 ἣν
1088 850 1347 922 ὀνομάζει
1392 857 1419 907 6
1463 856 1856 929 εὐαγγελιστὴς

287 926 511 998 πρώτην
542 930 652 984 τῶν
686 934 932 1004 ἀζύμων,
963 937 1038 1000 ὡς
1070 940 1175 1010 πρὸ
1217 943 1313 1011 τῆς
1355 945 1719 1016 Παρασκευῆς
1765 945 1856 1002 οὗ·

287 1033 404 1082 σαν,
458 1020 576 1075 καθ’
622 1024 691 1095 ἢν
750 1027 1111 1100 Παρασκευὴν
1152 1034 1217 1102 τῇ
1274 1034 1482 1107 ἑσπέρα
1526 1039 1714 1109 ἢσθιον
1790 1041 1857 1095 τὰ

285 1110 492 1180 ἄζυμα.
541 1114 945 1186 Προσέρχονται
982 1119 1162 1174 τοίνυν
1205 1122 1254 1175 οἱ
1287 1124 1548 1195 μαθηταὶ,
1595 1129 1690 1182 καὶ
1719 1130 1857 1201 ἐρω-

284 1200 443 1254 τῶσι·
478 1203 586 1257 Ποῦ
620 1205 793 1270 θέλεις
812 1209 1197 1282 ἑτοιμάσωμέν
1215 1229 1298 1266 σοι
1325 1220 1519 1285 φαγεῖν
1544 1219 1604 1273 τὸ
1633 1200 1853 1293 Πάσχα;

284 1294 357 1346 Οὐ
394 1295 503 1367 γὰρ
544 1291 688 1367 εἶχον
729 1298 852 1353 οὔτε
882 1303 1101 1366 ἐκεῖνοι,
1149 1304 1272 1359 οὔτε
1314 1308 1474 1372 αὐτὸς
1509 1310 1638 1365 ἴδιον
1683 1291 1850 1367 οἷκονθ

280 1384 602 1441 ἀποστέλλει
631 1389 687 1441 δὲ
719 1390 917 1454 αὐτοὺς
985 1393 1121 1464 πρὸς
1162 1395 1449 1468 ἄνθρωπον
1492 1402 1566 1472 μὴ
1594 1404 1857 1470 γινωσκό-

282 1494 446 1548 μενον
491 1482 632 1551 μήτε
684 1481 1049 1551 γινώσκοντα,
1104 1486 1293 1558 ὥσπερ
1334 1492 1430 1544 καὶ
1470 1494 1564 1547 ἐπὶ
1590 1495 1690 1561 τῆς
1731 1495 1853 1550 ὄνου

276 1571 526 1641 ἐποίησε,
551 1573 812 1629 δεικνύων
838 1577 1043 1642 αὐτοῖς,
1072 1580 1154 1633 ὅτι
1182 1581 1406 1637 δύναται
1437 1585 1527 1638 καὶ
1558 1586 1666 1641 ἀπὸ
1685 1586 1857 1656 ψιλῶν

280 1663 547 1731 ῥημάτων
595 1669 781 1722 πεῖσαι
840 1669 935 1722 καὶ
979 1670 1107 1734 τοὺς
1169 1673 1415 1743 μηδό>.ως
1470 1677 1635 1732 αὑτὸν
1690 1679 1856 1749 γινώ-

277 1769 531 1818 σκοντας,
565 1757 927 1823 ὑποδέξασθαι
962 1762 1147 1816 αὐτόν.
1205 1765 1402 1819 Ἤθελε
1435 1769 1543 1839 γάρ
1569 1770 1630 1823 τὸ
1657 1772 1852 1844 Πάσχα

274 1846 519 1914 τελέσαι,
579 1848 668 1902 ἵνα
738 1850 813 1921 μὴ
871 1852 997 1924 δόξῃ
1051 1854 1294 1920 ἐναντίος
1340 1852 1479 1912 εἶναι
1532 1860 1612 1930 τῷ
1660 1862 1809 1935 νόμῳ
1837 1877 1851 1893 ⁸

276 1938 472 2009 καιρδν
495 1939 553 1992 δὲ
578 1940 742 1995 αὐτοῦ
769 1942 1028 2014 ὀνομάζει
1066 1945 1165 2017 τὴν
1196 1950 1431 2019 σφαγὴν,
1458 1949 1535 2015 ὡς
1569 1953 1636 2005 ἂν
1672 1932 1856 2022 μάθω-
1884 1932 1926 1989 Β

276 2048 377 2100 μεν
412 2032 498 2085 ὅτι
529 2032 629 2086 οὐκ
651 2032 886 2102 ἀγνοῶν,
916 2036 1039 2090 οὺδέ
1065 2037 1214 2092 ἄκων
1240 2041 1601 2110 σφαγιάζεται
1626 2062 1640 2077 ·
1677 2063 1853 2117 προσ-

273 2126 460 2194 τίθησι
490 2125 550 2179 δὲ
587 2125 686 2196 τῷ,
720 2128 802 2181 ὅτι
833 2130 975 2200 Πρὸς
1018 2133 1076 2184 σὲ
1103 2132 1240 2185 ποιῶ
1263 2133 1323 2187 τὸ
1354 2134 1565 2207 Πάσχα,
1599 2139 1720 2192 ἀντὶ
1755 2139 1851 2193 τοῦ

275 2217 335 2270 ἐν
375 2221 445 2286 τῇ
502 2221 569 2289 σῇ
612 2219 781 2290 οἰκία,
837 2222 897 2275 τὸ
950 2224 1090 2293 μετά
1137 2225 1245 2279 τῶν
1295 2227 1553 2298 μαθητῶν
1595 2248 1720 2301 μου,
1767 2232 1855 2286 ἵνα

273 2309 526 2377 ἀρκοῦσα
558 2309 783 2383 γένηται
829 2314 864 2385 ἡ
895 2316 1239 2390 παρασκευὴ,
1277 2318 1354 2383 ὡς
1382 2320 1593 2375 πολλῶν
1626 2322 1850 2393 μελλόν-

271 2417 379 2453 των
413 2404 632 2470 φαγεῖν.

351 2511 371 2544 ι
424 2492 615 2563 Ὀψίας
662 2494 719 2547 δὲ
761 2496 1084 2569 γενομένης,
1120 2501 1371 2555 ἀνέκειτο
1419 2505 1556 2574 μετά
1604 2506 1708 2560 τῶν
1758 2507 1853 2562 δὼο

268 2583 425 2650 δεκα,
484 2585 580 2638 καὶ
636 2586 922 2643 ἐσθιόντων
971 2591 1172 2659 αὐτῶν,
1226 2592 1424 2649 εἶπεν
1482 2599 1657 2671 Ἀμὴν
1706 2602 1850 2671 λέγω

269 2676 420 2745 ὑμῖν,
452 2676 536 2729 ὅτι
561 2671 642 2739 εἷς
672 2678 732 2743 ἐξ
763 2679 915 2750 ὑμῶν
953 2682 1265 2755 παραδώσει
1298 2704 1388 2757 με.
1423 2690 1531 2742 Καὶ
1578 2691 1851 2763 λυπούμευ

268 2784 349 2819 νοι
394 2768 629 2839 σφόδρα,
675 2769 910 2840 ἤρξαντο
955 2772 1135 2842 λέγειν
1176 2777 1324 2849 αὐτῷ
1372 2778 1600 2846 ἕκαστος
1641 2785 1841 2839 αὐτῶν·

261 2859 360 2930 «Μή
414 2878 467 2913 τι
513 2861 624 2929 ἐγώ
670 2862 812 2933 εἰμι,
854 2864 1058 2936 Κύριε;
1115 2885 1136 2920 ι
1184 2867 1280 2923 Ἐκ
1336 2871 1531 2925 τούτου
1570 2876 1850 2945 νομίζουσί

267 2965 416 3012 τινες
445 2950 529 3003 ὅτι
561 2949 639 3021 τῷ
675 2953 910 3025 ἐνιαυτῷ
936 2956 1134 3027 ἐκείνῳ
1170 2959 1271 3013 οὐκ
1302 2959 1473 3031 ἔφαγε
1503 2963 1563 3016 τὸ
1598 2967 1790 3037 Πάσχα
1824 2971 1853 3022 6

288 3042 545 3111 Κύριοςο
609 3044 825 3115 λέγουσι
890 3049 1000 3121 γὰρ
1048 3052 1130 3105 ὄτι
1183 3054 1461 3126 ἱστάμενοι
1514 3057 1702 3129 ἤσθιον
1760 3061 1850 3114 τὸν

271 3134 447 3204 ἀμνόν
475 3152 490 3166 ⁸
536 3137 565 3190 6
596 3138 654 3192 δὲ
691 3141 925 3212 Χριστὸς
972 3143 1239 3212 ἀνέκειτο,
1289 3148 1390 3201 οὐκ
1431 3149 1539 3221 ἄρα
1588 3151 1759 3222 ἔφαγε
1789 3154 1851 3208 τὸ

1962 686 2057 745 Die
2114 691 2436 750 Parasceves
2504 698 2715 767 vesperi
2776 703 3156 757 manducaturi
3218 706 3379 759 'erant
3449 705 3521 757 illi

1959 779 2190 846 Pascha.
2250 794 2305 840 et
2355 786 2471 840 haec
2521 790 2815 844 vocabatur
2866 806 3200 862 azymorum.
3268 795 3524 848 Dominus

1960 871 2124 941 igitur
2166 874 2331 929 mittit
2367 877 2660 947 discipulos
2704 880 2792 934 die
2823 882 3036 951 quinto,
3089 900 3247 953 quem
3283 888 3521 938 nominat

1958 961 2299 1034 Evangelista
2337 968 2567 1037 primum
2611 988 2940 1041 azymorum,
2980 984 3034 1027 ut
3083 975 3171 1043 qui
3199 983 3323 1030 ante
3358 977 3521 1029 Para-

1959 1068 2152 1109 scevcn
2183 1067 2350 1119 esset,
2382 1058 2434 1113 in
2464 1076 2567 1129 qua
2601 1060 2898 1118 Parasceve
2925 1068 3132 1134 vesperi
3171 1070 3525 1122 comedehant

1958 1158 2168 1216 azyma.
2196 1150 2472 1205 Accedunt
2498 1152 2659 1221 igitur
2694 1154 2939 1223 discipuli
2966 1166 3019 1208 et
3052 1168 3270 1227 rogant:
3304 1160 3403 1213 Ubi
3447 1164 3526 1215 vis

1958 1251 2206 1305 paremus
2238 1239 2329 1294 tibi
2365 1242 2431 1296 ad
2457 1244 2721 1298 edendum
2769 1244 3011 1300 Pascha?
3043 1245 3156 1300 Non
3192 1249 3334 1301 enim
3369 1253 3528 1305 hahe-

1958 1325 2089 1380 bant
2130 1344 2301 1396 neque
2331 1330 2403 1385 illi
2431 1347 2604 1401 neque
2631 1334 2746 1404 ipse
2781 1337 3023 1405 proprias
3048 1338 3212 1392 aedes.
3239 1338 3397 1392 Mittit
3429 1356 3526 1392 au-

1959 1425 2064 1472 tem
2103 1417 2218 1473 illos
2253 1421 2318 1474 ad
2343 1421 2616 1479 hominem
2640 1426 2730 1493 qui
2760 1440 2866 1479 non
2899 1430 3325 1497 cognoscebantur
3353 1446 3525 1497 neque

1959 1508 2342 1575 cognoscebat,
2374 1510 2514 1565 sicut
2546 1522 2599 1566 et
2628 1512 2693 1567 de
2734 1514 2885 1568 asina
2927 1512 3171 1570 fecerat:
3210 1529 3524 1572 monstrans

1958 1596 2066 1651 illis
2090 1600 2230 1667 quod
2277 1601 2450 1669 possit
2480 1603 2638 1658 nudis
2670 1604 2848 1658 verbis
2880 1608 3208 1673 persuadere
3238 1608 3402 1661 etiam
3444 1612 3524 1663 eis

1955 1687 2047 1758 qui
2095 1688 2253 1758 plane
2282 1706 2389 1745 non
2423 1703 2775 1763 cognoscunt,
2826 1707 2882 1750 ut
2909 1711 3030 1751 eum
3079 1697 3369 1768 excipiant.
3416 1697 3525 1755 Vo-

1959 1779 2053 1833 luit
2077 1791 2254 1836 autem
2286 1782 2489 1838 Pascha
2530 1786 2810 1855 perficere,
2841 1804 2908 1843 ne
2932 1788 3032 1858 legi
3066 1794 3374 1845 contrarius
3404 1806 3524 1846 esse

1958 1871 2228 1928 videatur.
2278 1873 2515 1946 Tempus
2558 1892 2686 1932 vero
2738 1894 2892 1934 suum
2928 1887 3172 1936 nominat
3199 1883 3525 1938 immolatio-

1959 1980 2119 2021 nem:
2154 1976 2211 2021 ut
2250 1966 2522 2023 discamus
2555 1971 2698 2038 quod
2730 1986 2832 2024 non
2870 1972 3118 2040 ignorans
3159 1988 3329 2040 neque
3369 1974 3522 2026 invo—

1955 2057 2223 2114 luntarius
2260 2059 2584 2116 immoletur.
2616 2062 2698 2117 Ad
2736 2062 2787 2117 id
2821 2064 2959 2133 quod
2996 2065 3090 2128 ait,
3120 2064 3275 2134 Apud
3306 2074 3355 2118 te
3388 2063 3527 2117 iacio

1955 2148 2184 2217 Pascha,
2219 2151 2270 2205 id
2312 2161 2395 2206 est
2448 2153 2501 2206 in
2546 2153 2704 2208 domo
2755 2162 2866 2219 tua,
2898 2155 3101 2225 adjicit,
3146 2171 3264 2209 cum
3302 2155 3529 2222 dispulis

1956 2240 2130 2296 mcis:
2183 2247 2241 2294 ut
2270 2250 2555 2311 pararetur
2589 2252 2845 2313 quantum
2892 2253 2977 2300 sat
3028 2254 3172 2300 esset
3206 2245 3385 2298 multis
3432 2245 3521 2313 qui

1954 2330 2116 2386 simul
2144 2331 2288 2386 esuri
2321 2342 2498 2388 erant.

2024 2510 2191 2567 Vens.
2240 2511 2435 2566 20-22.
2477 2531 2495 2564 ι
2540 2511 2778 2583 Vespere
2815 2523 2991 2569 autem
3029 2515 3170 2569 facto
3216 2515 3521 2570 discumbe-

1953 2602 2042 2657 bat
2069 2618 2191 2657 eum
2228 2603 2534 2667 duodecim,
2570 2614 2624 2658 et
2669 2606 2952 2659 edentihns
2983 2606 3109 2669 illis,
3142 2607 3310 2661 dixit:
3352 2608 3519 2661 Amen

1953 2695 2075 2750 dico
2120 2696 2294 2761 vobis,
2328 2698 2468 2765 quod
2502 2712 2641 2751 unus
2683 2705 2922 2750 vestrum
2962 2713 3047 2751 me
3077 2699 3387 2766 proditurus
3417 2710 3518 2751 est.

1954 2788 2020 2843 Et
2047 2787 2226 2842 maesti
2264 2788 2459 2841 redditi
2501 2789 2865 2850 vehementer.
2898 2800 3178 2859 cmperunt
3207 2791 3399 2860 singuli
3435 2793 3522 2844 di-

1952 2892 2075 2934 cere
2100 2878 2184 2933 ei:
2224 2876 2359 2931 Num
2391 2894 2490 2946 ego
2534 2893 2675 2941 sum,
2712 2880 2970 2934 Domine?
3011 2900 3031 2933 ι
3084 2882 3160 2937 Ex
3201 2883 3300 2935 hoc
3332 2892 3524 2949 putant

1950 2971 2168 3039 quidam
2219 2973 2357 3041 quod
2402 2974 2503 3025 hoc
2551 2986 2694 3027 anno
2744 2988 2846 3026 non
2908 2974 3207 3029 comederit
3263 2975 3523 3030 Dominus

1953 3059 2184 3116 Pascha.
2252 3063 2447 3117 Dicunt
2506 3063 2650 3116 enim
2710 3065 2851 3133 quod
2904 3075 3108 3118 stantes
3170 3067 3524 3120 comedebant

1957 3164 2178 3221 agnum.
2228 3150 2478 3205 Christus
2511 3161 2688 3206 autem
2725 3153 3088 3217 recumbebat,
3123 3154 3283 3223 igitur
3314 3154 3522 3209 Pascha

272 3227 491 3300 Πάσχα.
541 3231 729 3302 Φαμὲν
783 3228 878 3287 οὖν
934 3234 1017 3287 ὅτι
1070 3235 1240 3306 ἔφαγε
1289 3239 1504 3310 πρῶτον
1547 3242 1608 3296 τὸ
1656 3245 1845 3317 Πάσχα

1953 3258 2059 3297 non
2099 3243 2355 3298 comedit.
2410 3242 2644 3298 Dicimus
2699 3244 2884 3313 itaque
2935 3245 3074 3313 quod
3125 3247 3272 3314 prius
3314 3245 3520 3301 Pascha

278 3320 573 3391 ἱστάμενος
602 3339 616 3354 ο
641 3318 761 3377 εἶτα
792 3326 1079 3380 ἀναπεσὼν
1115 3330 1401 3400 παρέδωκε
1423 3333 1484 3386 τὸ
1521 3336 1716 3392 οἰκεῖον
1744 3356 1849 3410 μυ-

278 3412 503 3484 στήριον
532 3429 550 3446 ο
572 3415 787 3485 πρῶτον
833 3417 943 3490 γὰρ
985 3417 1044 3472 τδ
1076 3421 1305 3476 τυπικὸν
1336 3423 1580 3491 τελέσας,
1610 3426 1752 3484 οὕτω
1786 3431 1848 3486 τὸ

279 3504 534 3575 ἀληθινὸν
584 3507 871 3563 ἐπετέλεσε
897 3525 909 3538 ·
959 3514 1325 3584 προαγγέλλει
1361 3516 1419 3571 δὲ
1464 3518 1532 3573 τά
1581 3521 1710 3591 περὶ¹
1755 3522 1849 3577 τὸν

287 3596 512 3664 Ἰούδαν,
550 3598 638 3661 ενα
666 3599 1028 3672 διορθὼσηται
1051 3606 1234 3669 αὐτὸν,
1264 3609 1579 3666 αἰδεσθέντα
1604 3615 1651 3667 εἰ
1686 3615 1763 3686 μή
1791 3633 1845 3671 τι

276 3685 429 3754 ἄλλο,
483 3689 585 3760 τὴν
632 3690 761 3758 γοῦν
812 3694 999 3765 κοινὴν
1046 3698 1345 3767 τράπεζαν,
1394 3701 1490 3755 καὶ
1539 3685 1845 3771 γνόντανὸτι

272 3777 400 3833 Θεδν
425 3778 610 3849 μέλλει
640 3781 982 3851 προδιδόναι,
1030 3784 1124 3839 τὸν
1143 3785 1244 3851 τὰς
1284 3787 1508 3859 καρδίας
1542 3792 1737 3846 εἰδότα.
1781 3794 1845 3847 Οἱ

271 3868 325 3921 δὲ
358 3870 596 3942 μαθηταὶ
638 3873 907 3942 ἠγωνίων·
948 3878 998 3930 εἰ
1026 3877 1134 3948 γάρ
1179 3879 1274 3932 καὶ
1303 3881 1539 3952 καθαρὸν
1589 3881 1734 3954 εἶχον
1781 3886 1843 3939 τὸ

276 3963 535 4028 σονειδδς,
573 3964 721 4035 ὅμως
752 3965 915 4021 πλέον
959 3970 1245 4026 ἐπίστευον
1278 3973 1356 4042 τῷ
1385 3974 1630 4046 Χριστῷ,
1654 3978 1688 4048 ἢ
1720 3978 1846 4031 ἐαυ-

273 4058 407 4120 τοῖς,
455 4056 532 4120 ὡς
564 4057 760 4129 ἐκείνῳ
793 4061 1041 4132 κρεῖττον
1066 4062 1228 4116 εἰδότι
1256 4066 1357 4128 τὰς
1384 4066 1565 4121 αὐτῶν
1593 4069 1842 4141 καρδίας.

345 4254 365 4289 ι
408 4236 468 4290 Ὅ
492 4236 550 4290 δὲ
589 4237 911 4312 ἀποκριθεὶς
948 4235 1103 4295 εἶπεν
1123 4256 1138 4272 ⁶
1183 4241 1242 4295 '0
1270 4243 1523 4315 ἐμϐάψας
1557 4246 1673 4318 μετ’
1704 4247 1839 4319 ἐμοῦ

271 4330 328 4382 ἐν
369 4329 448 4400 τῷ
486 4330 724 4403 τρυϐλίῳ
761 4332 860 4403 τὴν
906 4336 1084 4405 χεῖρα,
1115 4327 1270 4400 οὗτός
1302 4354 1371 4407 με
1404 4339 1739 4410 παραδώσει.
1778 4340 1841 4398 '0

273 4420 372 4491 μὲν
422 4421 546 4486 Υἱὸς
588 4422 684 4476 τοῦ
729 4425 1017 4496 ἀνθρώπου
1060 4426 1259 4495 ὑπάγει
1306 4429 1486 4494 καθὼς
1531 4431 1843 4504 γέγραπται

272 4513 403 4583 περὶ
451 4515 650 4568 αὐτοῦ’
693 4517 815 4569 οὐαὶ
865 4518 922 4571 δὲ
969 4516 1351 4592 τῷ.άνθρώπῳ
1391 4523 1586 4594 ἐκείνῳ
1614 4523 1681 4578 δι’
1722 4517 1782 4578 οὗ
1809 4526 1840 4581 6

1951 3344 2102 3390 stans
2130 3334 2464 3397 comederit.
2521 3335 2715 3389 deinde
2748 3338 3066 3390 recumbens
3113 3337 3332 3391 tradidit
3364 3353 3520 3392 suum

1950 3436 2399 3485 sacramentum:
2476 3427 2712 3498 primum
2775 3429 2916 3483 enim
2973 3428 3197 3498 perfecit
3259 3430 3520 3501 tlguralia,

1948 3519 2144 3576 deinde
2172 3534 2362 3574 verum
2410 3518 2660 3588 perfecit.
2691 3518 3027 3574 Prmnuntiat
3063 3530 3239 3575 autem
3264 3522 3328 3576 de
3357 3521 3521 3588 Juda,

1949 3618 2007 3664 ut
2040 3610 2316 3665 reveritus
2346 3610 2672 3680 corrigatur,
2700 3618 2754 3663 et
2786 3610 2830 3665 si
2863 3610 2931 3664 ob
2966 3611 3099 3665 nihil
3131 3612 3299 3676 aliud,
3329 3612 3517 3666 saltem

1945 3702 2031 3758 vel
2060 3702 2127 3757 ob
2151 3717 2489 3757 communem
2521 3717 2787 3765 nzensam,
2816 3702 2899 3757 vel
2943 3703 3085 3772 quod
3120 3704 3283 3758 sciret
3313 3718 3372 3757 se
3396 3718 3521 3771 pro-

1948 3793 2186 3848 diturum
2216 3793 2410 3859 Deum,
2437 3793 2602 3847 corda
2628 3805 3066 3864 cognoscentem.
3108 3794 3360 3865 Discipuli
3394 3810 3519 3850 vero

1950 3881 2345 3939 turbabantur:
2379 3894 2432 3939 et
2466 3883 2598 3938 liceb
2637 3900 2835 3953 purum
2866 3901 2959 3939 cor
3011 3886 3273 3940 haberent
3329 3902 3392 3941 ac
3432 3902 3520 3939 sa-

1947 3990 2071 4028 nam
2108 3974 2517 4038 conscientiam,
2558 3983 2797 4029 attamen
2834 3978 3003 4045 magis
3042 3976 3330 4030 credebant
3362 3976 3522 4031 Chri-

1943 4075 2048 4130 sto,
2077 4080 2235 4134 quam
2278 4065 2383 4120 sibi
2425 4064 2579 4135 ipsis,
2628 4065 2788 4137 146
2810 4081 2874 4121 eo
2908 4066 3048 4136 quod
3080 4066 3167 4121 ille
3195 4067 3387 4123 melius
3418 4084 3517 4125 sua

1945 4158 2111 4213 corda
2134 4168 2504 4229 cognosceret,
2540 4175 2701 4229 quam
2735 4160 2857 4229 ipsi.
3152 4156 3155 4160 ⁷

2018 4249 2181 4305 Vens.
2253 4249 2435 4304 25-25.
2495 4267 2517 4300 ι
2569 4249 2641 4303 At
2696 4251 2810 4320 ipse
2869 4250 3222 4320 respondens,
3267 4250 3516 4317 ait:Qui

1948 4341 2174 4398 intinxit
2196 4357 2403 4396 mecum
2436 4356 2655 4397 manum
2682 4342 2735 4397 in
2765 4342 2972 4405 catino,
3002 4342 3088 4396 hic
3114 4359 3197 4397 me
3221 4343 3517 4399 traditurus

1945 4448 2048 4493 est.
2084 4436 2258 4492 Filius
2307 4436 2523 4506 quidem
2578 4436 2813 4492 hominis
2861 4435 3009 4490 vadit
3060 4436 3201 4491 sicut
3256 4436 3516 4505 scriptum

1945 4537 2029 4583 est
2055 4528 2122 4583 de
2149 4527 2238 4583 illo
2277 4545 2290 4581 :
2327 4543 2409 4582 va:
2441 4538 2622 4584 autem
2653 4528 2854 4583 homini
2905 4526 2979 4581 illi
3011 4542 3105 4596 per
3145 4542 3306 4597 quem
3341 4527 3517 4584 Filius

270 4603 400 4668 Υἱὸς
433 4605 530 4658 τοῦ
558 4606 849 4678 ἀνθρώπου
881 4609 1254 4681 παραδίδοται.
1288 4613 1468 4667 Καλὸν
1493 4609 1561 4686 ἦν
1600 4615 1749 4687 αὐτῷ
1787 4619 1837 4672 εἰ

1951 4618 2182 4674 hominis
2214 4618 2481 4688 proditur.
2509 4618 2714 4671 Bonum
2749 4624 2866 4670 erat
2896 4617 2945 4671 ei
2978 4617 3022 4671 si
3057 4624 3215 4672 natus
3247 4633 3350 4671 non
3384 4615 3517 4671 tuis-

268 4696 369 4749 οὐκ
410 4695 675 4770 ἐγεννήθη
724 4701 752 4753 6
782 4700 1068 4770 ἄνθρωπος
1113 4703 1340 4767 ἐκεῖνος.
1383 4704 1729 4777 Ἀποκριθεὶς
1779 4708 1838 4762 δέ

277 4786 483 4853 Ἰούδας
514 4790 542 4842 6
584 4791 907 4859 παραδιδοὺς
937 4793 1121 4859 αὑτὸν,
1158 4788 1278 4847 εἶπε
1307 4812 1322 4827 ο
1355 4797 1505 4867 Μήτι
1540 4797 1650 4866 ἐγώ
1696 4799 1834 4868 εἰμι,

279 4877 505 4942 Ῥαεὸἰς
532 4880 694 4948 Λέγει
728 4882 875 4953 αὒτῷ
897 4899 912 4913 ⁸
938 4884 1009 4938 Σὺ
1044 4881 1226 4949 εἶπας.
1252 4905 1271 4939 ι
1307 4886 1549 4958 Ἐλέγχει
1582 4890 1836 4961 φανερῶς

264 4968 358 5023 τδν
423 4972 713 5044 προδότην,
784 4975 974 5046 ἐπειδὴ
1036 4976 1284 5047 κρυφίως
1359 4977 1714 5049 ἐλεγχόμενος
1770 4981 1833 5034 οὐ

263 5171 432 5250 λέγω,
456 5174 522 5243 τῇ
553 5172 778 5250 πέμπτῃ
812 5175 1053 5250 εσπέρας
1075 5176 1297 5249 ἔμελλον
1321 5181 1516 5235 ἐκεῖνοι
1549 5182 1743 5250 φαγεῖν
1770 5183 1834 5237 τὸ

264 5244 472 5323 πάσῃ,
514 5242 711 5323 μεθἐῇν
723 5242 1479 5323 -ἐπιφώσκεεηΠαρασιξευῄ.
1507 5242 1705 5323 Πρώτη
1728 5254 1837 5308 τῶν

274 5267 472 5311 παῦλα,
517 5267 615 5312 μευ
635 5267 711 5308 εην
744 5267 1043 5315 επιφωσκει
1074 5267 1107 5318 η
1133 5267 1479 5319 ιιαρασκευη.
1507 5267 1550 5304 ll
1591 5267 1705 5323 ωτη
1728 5270 1835 5308 των

274 5312 533 5383 Ἀζύμων
562 5314 987 5396 ἐκαλεῖτοηπαρὰ
1010 5318 1085 5387 τῷ
1116 5318 1285 5388 νόμῳ,
1311 5317 1399 5374 οἷα
1421 5320 1484 5390 δὴ
1510 5267 1609 5445 τῆς
1638 5323 1835 5392 ἑορτῆς

274 5381 579 5445 ἀρχομένης
626 5384 733 5437 ἀπὸ
770 5402 869 5445 της
917 5386 1156 5445 ἑσπέρας
1186 5388 1308 5442 καθ’
1356 5392 1424 5445 ἢν
1453 5389 1549 5444 ἐσθ
1576 5408 1725 5445 ονται
1766 5394 1835 5445 τὰ

264 5381 579 5461 (δεχομένη-ς
626 5384 733 5461 ἀπὸ
770 5384 874 5461 τῇς
917 5381 1156 5461 ἑσπέρας
1180 5381 1308 5442 καθ’
1356 5392 1424 5461 ἢν
1453 5381 1725 5445 ἐσθίονταὶ
1766 5381 1836 5447 τά

264 5398 579 5515 αρχομενης
626 5398 733 5465 alto
770 5402 869 5506 τὶς
917 5398 1156 5459 εσπερας
1186 5398 1308 5442 καθ’
1356 5398 1424 5461 ῆν
1453 5398 1725 5445 ἐσθίονται
1766 5398 1831 5447 τὰ

264 5453 477 5534 ἄιυμα.
506 5452 728 5534 Ὀ-γουν
827 5455 999 5534 ulpici;
1037 5460 1245 5534 πέμπει
1294 5461 1420 5534 τοὺς
1464 5461 1715 5534 μαθητὰς
1764 5466 1831 5534 τῇ

266 5522 519 5601 πέμπτῃ,
559 5525 625 5601 ἢν
677 5522 930 5601 ὀνομάζει
957 5528 995 5601 6_
1016 5522 1411 5601 εὐαγγελιστὴς
1447 5522 1673 5601 πρώτην
1696 5522 1833 5586 -τῶῧ

276 5589 657 5670 ’ᾼζύμώφςὼς
694 5589 799 5670 πρξ)
827 5589 926 5670 τῇς
977 5589 1212 5670 ἑσπέρας
1266 5589 1592 5666 οὖσαν,καθ’
1620 5589 1687 5670 ἢν
1741 5603 1830 5655 ἐσ-

264 5660 439 5740 πέραν
493 5662 679 5732 ἢσθιον
731 5660 803 5718 τά
856 5660 1064 5740 ᾷςυμα.
1115 5660 1153 5720 ἰ
1195 5660 1455 5723 Primam
1515 5660 1824 5740 azymorum

266 5730 637 5807 djmn__vocat,
689 5748 810 5807 quae
856 5730 999 5807 diem
1044 5754 1357 5807 azymorum
1413 5730 1714 5807 praecedit;
1763 5750 1823 5796 ut

266 5798 342 5879 sic
398 5798 629 5867 dicam,
665 5798 849 5871 quinta
896 5798 1452 5879 feria_m_anducaturi
1499 5819 1654 5864 erant
1701 5798 1811 5879 'pa-

1944 4721 2032 4766 set
2060 4710 2225 4765 homo
2274 4708 2384 4764 ille.
2436 4708 2793 4779 Respondens
2841 4717 3022 4761 autem
3056 4706 3243 4773 Judas,
3274 4708 3365 4778 qui
3398 4717 3513 4763 tra-

1943 4800 2075 4855 didit
2097 4814 2242 4867 eum,
2266 4799 2441 4854 dixit:
2468 4796 2717 4868 Numego
2748 4812 2891 4865 sum,
2928 4797 3135 4852 Rabhi?
3166 4798 3255 4852 Ait
3284 4799 3358 4852 illi
3385 4815 3400 4852 :
3432 4797 3511 4852 Tu

1940 4890 2148 4947 dixisti.
2180 4909 2203 4944 ι
2256 4889 2543 4946 Manifeste
2575 4891 2903 4956 proditorem
2936 4890 3285 4961 reprehendit
3312 4911 3326 4945 :
3372 4906 3510 4961 quo-

1940 4982 2087 5037 niam
2144 4995 2266 5037 cum
2318 4981 2456 5035 clam
2514 4981 3025 5051 reprehenderetur,
3092 4996 3196 5036 non
3251 4982 3509 5037 emenda-

1944 5196 2155 5262 morum
2187 5183 2480 5239 vocabatur
2518 5184 2570 5239 in
2617 5183 2756 5262 lege,
2790 5197 2855 5238 eo
2882 5183 3024 5251 quod
3054 5179 3513 5262 festumnineipie-

1942 5251 2092 5324 bata
2123 5268 2346 5324 vespera
2407 5270 2513 5322 qua
2571 5250 2929 5324 vescebantur
2968 5251 3195 5324 azymis.
3245 5250 3506 5324 Dominus

1943 5321 2110 5392 igitur
2132 5321 2294 5378 mittit
2316 5321 2608 5393 discipulos
2635 5323 2842 5391 quinta,
2865 5321 3295 5393 quam'nominat
3327 5321 3506 5374 Evan-

1942 5392 2131 5461 gelista
2206 5392 2833 5463 primam’azymorum,
2885 5394 3026 5463 quia_
3071 5392 3238 5463 prima
3280 5405 3511 5463 vespera

1941 5460 2079 5525 erat,
2126 5460 2230 5531 qua
2279 5460 2637 5518 comedebant
2690 5460 2949 5531 azyma.)
3005 5460 3510 5531 Lectionem_l_iane

1936 5528 2157 5588 codices
2194 5533 2284 5587 alii
2336 5534 2697 5588 conﬁrmant°
2736 5528 2847 5592 ille,
2879 5548 2985 5599 quo
3033 5547 3160 5586 usus
3191 5540 3274 5585 est
3326 5528 3504 5584 (Eco-

1932 5599 2238 5671 lampadins
2273 5604 2454 5671 inisua
2483 5603 2729 5658 versione
2754 5619 2768 5656 :
2797 5602 3128 5657 Parisienses
3150 5599 3510 5671 pluresapgtd

1930 5666 2266 5739 Lequienum
2326 5670 2553 5727 Dissert.
2590 5689 2641 5729 vi
2675 5672 3077 5737 Damasceuica,
3112 5666 3258 5725 num.
3306 5666 3508 5739 XLer

1926 5748 1981 5792 et
2029 5737 2264 5798 'Veneta:
2317 5740 2604 5799 Marciana:
2678 5744 3013 5799 bibliotheca:
3055 5742 3158 5795 duo
3201 5740 3271 5795 29
3309 5748 3363 5792 et
3404 5737 3503 5791 30.

1924 5806 2189 5865 Praeviam
2261 5813 2706 5871 dissertationem
2776 5813 2997 5870 consule
3068 5811 3246 5880 capite
3301 5804 3504 5872 XVII,

267 5870 418 5934 Schn,
462 5882 581 5938 post
617 5870 777 5944 quam
829 5876 1092 5933 successit
1119 5876 1434 5934 Parasceve.
1474 5880 1649 5935 Prima
1693 5870 1820 5949 a'zy-
1921 5893 2071 5935 num.
2100 5881 2188 5935 66.
