3968 6460
462 394 575 456 M3

1318 398 1904 462 THEOPHYLACTI
1947 395 2359 459 BULGARI/E
2398 393 2758 455 ARCHIEP.

3595 399 3684 461 454

465 510 648 560 batur.
679 503 973 574 Propterea
1005 505 1316 564 manifestat
1343 510 1520 572 illum,
1560 510 1779 565 dicens:
1814 508 1913 575 Qui
1949 508 2035 563 in-

2143 504 2438 575 διωρθοῦτο
2463 519 2476 534 ⁸
2500 503 2588 558 διὰ
2617 505 2777 557 τοῦτο
2803 498 2899 558 οὖν
2929 506 3157 575 φανεροῖ
3184 505 3369 570 αὐτδν,
3393 505 3557 574 λέγων
3579 525 3592 540 ο
3632 514 3682 566 ὀ

463 600 624 653 tinxit
651 616 904 656 mecum:
945 612 1004 653 ut
1028 602 1110 656 vel
1149 601 1230 656 sic
1274 601 1600 669 corrigatur.
1636 601 1833 656 Verum
1863 598 2033 655 Judas

462 687 748 758 impudens
789 690 1089 760 intingebat
1115 691 1167 745 in
1195 692 1381 746 eodem
1426 691 1625 756 catino,
1659 706 1752 746 seu
1783 689 2030 746 scutella.

463 779 666 836 Deinde
711 781 863 847 dicit,
923 780 1095 837 Filius
1143 782 1358 851 quidem
1421 781 1653 836 hominis
1700 781 1849 835 vadit
1895 780 2037 835 sicut

464 872 728 942 scripturn
752 883 832 926 est
857 873 925 928 de
953 873 1066 936 illo,
1092 873 1194 928 hoc
1223 882 1327 935 est,
1371 873 1584 926 etiamsi
1642 871 2032 942 prmdelinitum

463 961 534 1016 sit
582 962 858 1018 Christum
903 962 1012 1033 pati
1058 964 1125 1017 ad
1181 963 1407 1018 salutem
1460 962 1664 1026 mundi,
1715 978 1819 1015 non
1854 972 2032 1016 tamen

464 1066 683 1124 propter
732 1057 835 1110 hoc
865 1056 1122 1111 colendus
1152 1053 1340 1120 ludas,
1382 1052 1476 1110 sed
1504 1071 1580 1109 vm
1608 1055 1702 1109 illi.
1739 1054 1854 1108 Non
1887 1054 2031 1108 enim

464 1158 846 1213 utcooperans
877 1147 1070 1201 divina:
1111 1148 1372 1201 voluntati
1413 1147 1516 1201 hoc
1547 1145 1692 1210 fecit,
1739 1147 1832 1201 sed
1879 1161 2031 1201 suam

467 1237 726 1290 malitiam
754 1238 1064 1308 perlicieus.
1098 1239 1228 1293 Nam
1265 1240 1310 1294 si
1341 1240 1624 1308 diligenter
1659 1240 2035 1292 considerave—

465 1330 562 1393 ris,
597 1329 770 1383 noluit
792 1331 1044 1385 Christus
1081 1331 1451 1399 prmcedenter
1491 1331 1756 1400 crnt-iligi.
1793 1329 2036 1384 insinuat

466 1429 646 1474 autem
694 1420 827 1474 illud
885 1436 981 1490 per
1026 1421 1127 1476 hoc
1183 1422 1324 1491 quod
1383 1423 1704 1490 deprecatur
1759 1421 2034 1490 poculum.

467 1511 734 1578 Quoniam
783 1523 962 1567 autem
1004 1515 1208 1567 sciebat
1243 1523 1367 1567 ante
1408 1515 1588 1568 omnia
1637 1513 1833 1568 sarcula
1887 1513 2031 1580 quod

469 1604 627 1658 aliter
661 1620 764 1659 non
801 1615 946 1659 esset
973 1604 1228 1675 possibile
1259 1605 1457 1659 salvari
1493 1604 1741 1660 homines
1769 1649 1783 1672 ,
1814 1614 2038 1675 propter

466 1695 728 1750 malitiam
761 1695 963 1751 inimici
996 1695 1354 1750 voluntarium
1393 1696 1453 1750 lit
1489 1697 1614 1765 ipsi,
1657 1695 1799 1767 quod
1831 1711 2040 1766 praece-

465 1787 653 1841 denter
677 1801 780 1841 non
812 1797 929 1842 erat
954 1786 1196 1842 volitum.
1226 1785 1422 1842 Dicens
1447 1797 1648 1851 autem,
1683 1786 1884 1842 bonum
1915 1800 2036 1841 esse

2137 594 2394 666 ἐμϐάψας
2449 593 2568 664 μετ’
2614 592 2774 663 ἐμοῦ,
2823 593 2899 657 ὡς
2953 593 3019 648 ἂν
3079 595 3185 649 κᾶν
3233 594 3377 648 οὕτω
3421 596 3681 672 διορθωθῇ.

2149 686 2400 758 ’Λναιδὴς
2443 687 2503 740 δέ
2535 684 2610 740 ὣν
2653 685 2682 738 ὁ
2733 683 2960 750 Ἰούδας,
3010 686 3312 742 ἐνέϐαπτεν
3350 689 3405 740 ἐν
3433 687 3506 758 τῷ
3539 692 3684 746 αὐτού

2134 778 2394 850 τρυϐλίῳ,
2445 779 2566 849 ἢτοι
2613 776 2870 848 πινακίῳ.
2917 771 3052 830 Εἶτά
3087 794 3276 848 φησιν·
3325 778 3391 832 '0
3427 779 3520 849 μέν
3573 782 3684 849 Υἱὸς

2137 869 2233 924 τοῦ
2264 870 2555 943 ἀνθρώπου
2589 869 2791 938 ὑπάγει
2821 867 3003 934 καθὼς
3029 870 3343 940 γέγραπται
3376 873 3500 943 περὶ
3521 875 3685 940 αὐτοῦ,

2137 958 2442 1021 τουτέστιν,
2463 960 2510 1010 εί
2545 958 2640 1010 καὶ
2666 956 2977 1030 προώριστο
3003 961 3197 1013 παθεῖν
3227 961 3321 1012 ἐπὶ
3354 964 3587 1035 σωτηρίᾳ
3606 967 3686 1021 τοῦ

2143 1048 2349 1118 κόσμου
2381 1049 2408 1102 ὁ
2433 1050 2692 1121 Χριστὸς,
2719 1050 2834 1104 ἀλλ’
2863 1051 2922 1104 οὐ
2947 1052 3120 1120 δήπου
3155 1052 3246 1106 διὰ
3272 1053 3429 1107 τοῦτο
3453 1058 3688 1124 τιμητέος

2135 1139 2164 1192 ὁ
2183 1170 2187 1174 -
2207 1139 2428 1204 Ἰούδας,
2457 1140 2575 1194 ἀλλ’
2609 1141 2732 1196 οὐαὶ
2775 1141 2925 1212 αὐτῷ
2952 1159 2966 1174 ·
2997 1143 3056 1196 οὐ
3085 1143 3194 1212 γὰρ
3222 1143 3300 1204 ὡς
3339 1146 3603 1216 συνεργῶν
3629 1150 3686 1218 τῇ

2135 1231 2230 1286 τοῦ
2287 1232 2422 1286 Θεοῦ
2470 1231 2635 1306 βουλῇ
2680 1234 2838 1288 τοῦτο
2877 1235 3136 1308 ἔπραξεν,
3181 1235 3320 1290 ἀλλὰ
3368 1238 3465 1306 τὴν
3503 1241 3688 1294 οίκείαν

2137 1327 2339 1380 κακίαν
2382 1326 2794 1396 ἐκθεραπεύων.
2825 1328 2936 1381 Καὶ
2979 1328 3086 1400 γὰρ
3119 1330 3169 1382 εί
3211 1329 3456 1398 ἀκριϐῶς
3502 1334 3688 1402 σκοπή-

2139 1433 2273 1483 σεις,
2307 1417 2426 1470 οὐδὲ
2455 1417 2648 1487 ἧθελεν
2674 1419 2701 1471 δ
2730 1418 2964 1490 Χριστὸς
3001 1421 3429 1490 προηγουμένως
3466 1439 3688 1493 σταυρω-

2138 1507 2325 1576 θῆναι.
2385 1507 2672 1578 Ἐμφαίνει
2721 1508 2778 1562 δέ
2823 1509 2980 1563 τοῦτο
3009 1510 3103 1565 καὶ
3130 1511 3222 1564 διὰ
3256 1510 3350 1564 τοῦ
3381 1511 3690 1583 ἀπεύχεσθαι

2138 1599 2198 1653 τὸ
2235 1599 2497 1671 ποτήριον
2524 1617 2539 1632 ο
2577 1600 2702 1654 ἐπεὶ
2731 1599 2788 1654 δέ
2816 1600 2933 1671 ᾔδει
2964 1601 3070 1672 πρὸ
3115 1601 3338 1656 πάντων
3369 1587 3476 1655 τῶν
3501 1603 3690 1658 αἰώνων

2138 1692 2213 1756 ὡς
2241 1691 2416 1758 ἄλλως
2442 1693 2503 1746 οὐ
2539 1693 2768 1747 δυνατὸν
2799 1693 3041 1764 σωθῆναι
3079 1693 3208 1757 τοὺς
3239 1693 3576 1767 ἀνθρώπους,
3613 1696 3690 1751 διά

2139 1783 2238 1857 τὴν
2274 1785 2477 1840 κακίαν
2521 1785 2617 1839 τοῦ
2672 1784 2889 1858 ἐχθροῦ,
2942 1784 3164 1858 θελητὸν
3203 1786 3416 1856 γίνεται
3455 1789 3592 1857 αὐτῷ
3638 1791 3693 1842 τδ

465 1875 736 1931 hominem
764 1877 912 1931 illum
943 1893 1050 1932 non
1094 1892 1215 1932 esse
1243 1888 1453 1946 natum,
1508 1878 1745 1934 ostendit
1771 1877 1914 1946 quod
1943 1892 2038 1931 na-

2143 1876 2574 1947 προηγουμένως
2601 1875 2888 1948 ἀθέλητον.
2927 1876 3118 1946 Λέγων
3150 1877 3208 1932 δὲ
3245 1879 3328 1931 ὅτι
3357 1879 3526 1950 ,καλὸν
3552 1875 3613 1949 ἦν
3650 1881 3690 1933 εί

471 1974 594 2020 tura
623 1983 728 2021 non
765 1967 1060 2023 subsistere
1092 1968 1284 2024 melius
1317 1970 1411 2036 sit,
1454 1984 1614 2038 quam
1649 1968 1946 2024 subsistere
1985 1971 2038 2024 in

464 2059 722 2126 peccatis.
750 2057 988 2114 Observa
1029 2069 1207 2115 autem
1253 2061 1497 2127 verbum,
1531 2059 1688 2114 Vadit
1717 2077 1731 2114 :
1767 2061 2038 2133 signiﬁcat

465 2149 611 2202 enim
653 2151 1148 2220 peregrinationem
1198 2151 1369 2223 magis
1417 2167 1580 2222 quam
1626 2161 1853 2209 mortem
1918 2168 2041 2210 esse

466 2254 621 2296 suam
646 2241 1000 2299 occisionem.

543 2418 709 2475 Vens.
738 2420 828 2475 26.
863 2440 881 2473 ι
919 2420 1275 2477 Veseentibus
1303 2430 1481 2475 autem
1522 2420 1622 2487 eis,
1655 2417 2042 2490 accepitJesus

470 2527 689 2584 panem,
737 2524 790 2569 et
861 2529 982 2570 cum
1034 2515 1235 2585 egisset
1283 2514 1506 2584 gratias,
1569 2513 1732 2580 fregit
1784 2511 2042 2583 deditque

469 2603 770 2671 discipulis,
820 2615 873 2658 et
917 2605 1052 2659 dixit
1085 2623 1099 2660 :
1137 2605 1403 2676 Accipite,
1452 2606 1764 2661 comedite:
1813 2605 1917 2660 hoc
1943 2613 2030 2659 est

468 2709 668 2764 corpus
720 2711 921 2751 meum.
984 2716 1002 2750 ο
1041 2697 1306 2767 Apposuit
1346 2707 1525 2753 autem
1567 2698 1933 2762 vescenttbus,
1982 2704 2043 2752 ut

467 2785 778 2841 ostenderet
830 2787 1201 2843 crudelitatem
1235 2785 1410 2856 .Iudae,
1456 2789 1583 2858 quia
1649 2791 1700 2843 in
1750 2803 1935 2844 mensa
1988 2796 2042 2843 et

469 2876 854 2932 communione
886 2878 1132 2932 ciborum
1160 2878 1326 2944 illius,
1363 2879 1581 2948 quando
1610 2879 1654 2933 si
1683 2888 1738 2932 et
1767 2877 1878 2934 fera
1906 2873 2043 2935 luis-

471 2978 576 3033 set,
604 2969 1023 3024 mansuetiorem
1055 2985 1113 3024 se
1142 2970 1476 3025 exhibuisset
1505 2987 1519 3024 :
1553 2979 1681 3025 tunc
1708 2983 1885 3040 neque
1915 2985 2039 3026 cum

473 3069 818 3131 argueretur,
861 3059 1146 3124 intellexit,
1185 3061 1276 3116 sed
1309 3071 1362 3114 et
1406 3075 1602 3130 corpus
1636 3061 1780 3116 illius
1818 3069 2042 3131 gustatis

471 3167 578 3207 non
625 3151 894 3212 nmnituit.
933 3152 1159 3219 Quidam
1202 3163 1376 3207 autem
1414 3152 1595 3208 dicunt
1641 3153 1785 3224 quod
1818 3169 2041 3224 egresso

2141 1968 2242 2021 οὐκ
2272 1969 2537 2040 ἐγεννήθη
2585 1970 2614 2023 ὁ
2644 1968 2929 2040 ἄνθρωπος
2968 1969 3199 2036 ἐκεῖνος,
3250 1969 3517 2025 δείκνυσιν
3564 1972 3693 2043 ὅτιὴ

2141 2061 2453 2132 ἄνυπαρξία
2518 2061 2786 2132 κρείττων
2820 2063 2918 2133 τῆς
2962 2063 3019 2115 ἐν
3063 2061 3364 2132 ἁμαρτίαις
3402 2061 3686 2130 ὑπάρξεως.

2144 2152 2285 2224 Ὅρα
2329 2154 2386 2207 δὲ
2445 2153 2538 2207 καὶ
2590 2155 2688 2226 τὴν
2741 2153 2885 2221 λέξιν
2930 2153 3025 2208 τοῦ
3099 2153 3360 2223 Ὑπάγει.
3430 2152 3693 2225 Ἐμῳαίνει

2141 2243 2251 2316 γὰρ
2295 2243 2373 2308 ὡς
2403 2245 2684 2316 ἀποδημία
2717 2244 2942 2316 μᾶλλον,
2983 2247 3043 2299 οὐ
3073 2245 3305 2310 θάνατος
3351 2243 3499 2298 ἔσται
3547 2245 3578 2314 ὴ
3621 2245 3695 2298 νέ-

2142 2350 2351 2405 κρωσις
2391 2333 2577 2388 αὐτοῦ.

2217 2441 2237 2476 c
2281 2424 2602 2478 Ἐσθιόντων
2621 2424 2677 2478 δέ
2704 2424 2907 2488 αὐτῶν,
2937 2424 3120 2479 λαϐὼν
3144 2426 3172 2478 ὁ
3208 2423 3418 2496 Ἰησοῦς
3449 2423 3536 2478 τὸν
3555 2425 3696 2496 ἄρτον

2142 2515 2238 2568 καὶ
2267 2515 2696 2587 εὐχαριστήσας,
2723 2516 2920 2569 ἐκλασε
2955 2517 3050 2572 καὶ
3079 2516 3259 2571 ἐδίδου
3293 2518 3406 2580 τοῖς
3435 2516 3695 2588 μαθηταῖς,

2141 2606 2237 2660 καὶ
2268 2603 2426 2659 εἷπε·
2493 2607 2730 2670 Λάϐετε,
2775 2607 3012 2676 φάγετεο
3070 2608 3232 2661 τοῦτο
3295 2607 3414 2663 ἐστι
3463 2609 3522 2662 τὺ
3564 2609 3700 2678 σῶμα

2147 2713 2274 2767 μου.
2308 2716 2326 2750 ι
2351 2697 2452 2752 Διὰ
2475 2697 2636 2750 τοῦτο
2661 2697 2971 2769 προσέθηκε
2985 2697 3066 2760 τὸ,
3091 2698 3409 2764 ἐσθιόντων,
3441 2699 3523 2752 ἵνα
3540 2715 3696 2770 παρα-

2145 2790 2318 2861 στήσῃ
2371 2789 2472 2860 τὴν
2513 2790 2914 2861 ἀπανθρωπίαν
2955 2790 3048 2844 τοῦ
3114 2791 3311 2857 Ἰούδα,
3347 2793 3430 2845 ὅτι
3483 2793 3538 2844 ἐν
3578 2807 3696 2862 τρα-

2143 2878 2285 2950 πέζῃ
2319 2879 2413 2932 καὶ
2446 2878 2554 2932 τῶν
2586 2879 2765 2934 αὐτῶν
2798 2880 3104 2951 βρωμάτων
3132 2883 3416 2953 κοινωνίᾳ,
3443 2882 3526 2934 ὅτε
3550 2883 3593 2934 εί
3617 2882 3700 2936 καὶ

2142 2969 2331 3043 θηρίον
2361 2966 2450 3040 ἦν,
2483 2973 2789 3042 πραότερος
2826 2973 2892 3028 ἂν
2937 2974 3201 3043 ἐγεγόνει,
3241 2977 3363 3028 τότε
3410 2975 3524 3029 οὐδέ
3569 2975 3697 3043 ἐλεγ-

2140 3060 2368 3132 χόμενος
2407 3062 2663 3133 συνῆκεν,
2690 3062 2824 3117 ἀλλὰ
2863 3065 2956 3118 καὶ
2997 3064 3091 3119 τοῦ
3125 3065 3383 3136 σώματος
3403 3065 3558 3120 αὐτοῦ
3587 3083 3698 3134 γευ-

2142 3151 2358 3222 όμενος,
2419 3153 2480 3207 οὐ
2528 3156 2929 3225 μεταμελείται.
2971 3156 3128 3220 me;
3174 3157 3235 3212 δέ
3309 3176 3475 3228 φασιν
3521 3161 3594 3214 ὅτι
3625 3157 3695 3223 ἐξ·

472 3241 610 3297 Juda
637 3243 861 3297 tradidit
894 3251 1293 3299 sacramentum
1323 3244 1446 3298 aliis
1480 3244 1782 3315 discipulis.
1807 3243 2038 3302 Proinde

2146 3243 2393 3308 ελθόντος
2419 3245 2516 3299 τοῦ
2561 3245 2752 3310 Ἰούδα,
2793 3247 3065 3316 μετέδωκε
3099 3248 3208 3303 τῶν
3241 3249 3554 3320 μυστηρίων
3601 3251 3697 3312 τοῖς

471 3341 528 3388 et
555 3347 657 3387 nos
683 3333 762 3387 sic
793 3331 974 3388 facere
1010 3333 1291 3398 debemus,
1321 3345 1372 3389 et
1399 3334 1568 3390 malos
1610 3350 1639 3388 a
1683 3337 2038 3392 sacramentis

2153 3335 2337 3400 ἄλλοις
2389 3337 2683 3407 μαθηταῖς.
2741 3339 2952 3392 Οὐκοῦν
3003 3341 3096 3393 καὶ
3147 3342 3310 3410 ἡμεῖς
3357 3341 3496 3395 οὕτω
3549 3341 3698 3395 ποιεῖν

471 3424 754 3480 abarcere.
788 3425 1004 3480 Gratias
1035 3440 1249 3495 quoque
1283 3427 1392 3496 agit
1425 3427 1702 3483 fracturus
1731 3443 1947 3497 panem,
1980 3436 2038 3482 ut

2149 3423 2462 3496 ὀφείλομεν,
2492 3427 2587 3480 καὶ
2620 3429 2749 3491 τούς
2777 3430 3048 3500 πονηροὺς
3075 3430 3364 3497 ἀπείργειν
3389 3429 3492 3482 τῶν
3518 3445 3700 3497 μυστη-

471 3525 526 3570 et
556 3532 654 3571 nos
684 3518 894 3572 erudiat
927 3531 1051 3572 cum
1095 3521 1389 3588 gratiarum
1430 3521 1645 3575 actione
1687 3536 1878 3589 panem
1907 3519 2038 3576 olfe-

2152 3517 2305 3591 ρίων.
2341 3519 2674 3591 Εὐχαριστεῖ
2697 3519 2755 3574 δέ
2787 3520 2996 3590 μέλλων
3037 3521 3234 3574 κλάσαι
3267 3521 3360 3574 τὸν
3396 3523 3572 3593 ἄρτον,
3600 3520 3698 3590 ἄμα

473 3609 728 3674 tendum,
755 3618 809 3664 ct
843 3618 899 3663 ut
931 3611 1182 3666 ostendat
1209 3625 1267 3666 se
1290 3626 1411 3666 cum
1451 3612 1782 3681 gratitudine
1813 3611 2038 3667 fractio-

2156 3611 2257 3680 μέν
2297 3611 2385 3665 ἵνα
2435 3611 2529 3665 καὶ
2572 3613 2721 3682 ἡμᾶς
2766 3612 3033 3687 παιδεύσῃ
3085 3614 3202 3682 μετ’
3234 3613 3578 3684 εὐχαριστίας
3621 3611 3699 3666 τὸν

473 3715 598 3755 nem
649 3702 730 3756 sui
776 3703 1037 3774 corporis,
1081 3704 1183 3759 hoc
1223 3713 1306 3758 est
1340 3705 1695 3772 occisionem,
1742 3706 2037 3777 suscipere,

2148 3702 2313 3774 ἄρτον
2373 3702 2805 3776 προσφέρεσθαι,
2857 3703 2972 3774 ἅμα
3023 3705 3078 3758 δὲ
3137 3704 3234 3758 καὶ
3303 3705 3392 3758 ἵνα
3440 3703 3580 3773 δείξῃ
3627 3702 3699 3755 ὅτι

478 3807 656 3862 neque
687 3809 827 3864 a-gre
858 3793 1022 3860 ferre,
1055 3811 1155 3850 ceu
1198 3797 1249 3850 in
1287 3812 1344 3851 re
1374 3813 1494 3866 qua:
1525 3797 1801 3868 displiceat
1829 3799 1955 3861 sibi,
1988 3808 2038 3854 et

2149 3794 2490 3866 εὐχαρίστως
2507 3795 2605 3866 τὴν
2627 3795 2818 3849 κλάσιν
2841 3794 2935 3848 τοῦ
2953 3793 3153 3848 οίκείου
3181 3792 3454 3866 σώματος,
3482 3793 3592 3865 ἦτοι
3614 3791 3700 3861 τὴν

476 3894 538 3939 ut
591 3900 690 3940 nos
721 3901 843 3942 cum
896 3888 1226 3957 gratitudine
1268 3890 1587 3959 martyrium
1640 3891 2038 3960 aggrediamur.

2150 3887 2418 3957 νέκρωσιν
2442 3886 2676 3956 δέχεται,
2705 3888 2797 3940 καὶ⁵
2820 3887 2879 3940 οὐ
2907 3886 3250 3958 δυσχεραίνει
3276 3887 3351 3951 ὡς
3374 3889 3462 3942 ἐπὶ
3482 3883 3698 3954 ἀκουσίῳ

473 3973 647 4031 Porro
675 3975 896 4034 dicens:
954 3997 972 4030 ι
1012 3980 1127 4034 Hoc
1168 3989 1250 4035 est
1276 3994 1470 4048 corpus
1515 3996 1714 4047 meum,
1751 4000 1770 4033 ι
1805 3982 2038 4036 ostendit

2145 3977 2274 4041 τινὶ,
2311 3977 2406 4030 καὶ
2452 3976 2538 4029 ἵνα
2568 3977 2664 4031 καὶ
2691 3978 2854 4048 ἡμεῖς
2885 3975 3027 4030 οὕτω
3068 3975 3356 4047 δεχώμεθα
3387 3975 3697 4046 εὐχαρίστως

476 4067 622 4138 quod
665 4069 840 4140 ipsum
881 4084 1080 4140 corpus
1115 4069 1326 4124 Domini
1359 4079 1442 4126 est
1472 4071 1627 4140 panis
1667 4072 1760 4141 qui
1803 4071 2038 4126 sanctifi-

2149 4068 2210 4120 τὸ
2261 4068 2583 4140 μαρτύριον,
2641 4066 2824 4121 Εἰπὼν
2875 4067 2953 4129 δέ,
2992 4087 3010 4120 t
3061 4067 3230 4120 Τοῦτο
3275 4068 3424 4122 ἔστιν
3455 4067 3511 4120 τὸ
3559 4063 3699 4132 σῶμά

477 4172 636 4215 catur
668 4161 720 4213 in
777 4161 991 4227 altario,
1043 4171 1100 4216 et
1147 4177 1254 4217 non
1307 4162 1642 4233 respondens
1682 4162 1872 4232 ligura.
1925 4162 2038 4217 Non

2155 4176 2286 4228 μου,
2328 4178 2345 4212 ι
2372 4159 2606 4214 δεικνύει
2636 4160 2718 4214 ὅτι
2747 4159 2878 4212 αὐτὸ
2905 4159 2965 4211 τὸ
2990 4159 3148 4229 σῶμα
3169 4159 3261 4212 τοῦ
3297 4161 3500 4230 Κυρίου
3526 4156 3698 4210 ἐστὶνό

476 4251 622 4305 enim
671 4251 826 4316 dixit,
883 4249 994 4307 lloc
1027 4262 1108 4306 est
1168 4253 1361 4322 tigura,
1394 4254 1510 4316 sed,
1550 4252 1665 4307 Hoc
1707 4264 1787 4307 est
1843 4267 2038 4322 corpus

2151 4250 2315 4320 ἄρτος
2357 4251 2385 4302 ὁ
2429 4252 2791 4322 ἀγιαζὸμενος
2832 4254 2890 4306 ἐν
2933 4251 3011 4322 τῷ
3045 4252 3441 4321 θυσιαστηρίῳ,
3475 4250 3562 4303 καὶ
3590 4247 3697 4314 οὐχὶ

477 4358 676 4399 meum.
744 4341 1005 4397 lnetl‘abili
1057 4345 1200 4398 enim
1249 4344 1562 4414 operatione
1604 4343 2041 4410 transformatur,

478 4436 690 4491 etiamsi
745 4437 898 4490 nobis
951 4435 1200 4490 videatur
1273 4435 1427 4504 panis
1479 4454 1491 4490 :
1542 4435 1794 4506 quoniam
1841 4436 2044 4491 inﬁrmi

478 4540 687 4590 sumus,
739 4534 795 4580 et
846 4524 1204 4579 abhorremus
1259 4528 1454 4581 crudas
1506 4541 1697 4581 carnes
1739 4527 2043 4593 comedere,

482 4617 716 4672 maxime
749 4616 984 4672 hominis
1014 4632 1230 4672 carnem
1269 4636 1283 4672 :
1311 4629 1364 4674 ct
1407 4617 1528 4674 ideo
1551 4619 1702 4687 panis
1732 4617 1888 4690 147
1921 4622 2042 4690 qui-

481 4707 603 4762 dem
637 4705 791 4761 nobis
820 4715 1064 4777 apparet,
1101 4710 1195 4762 sed
1224 4723 1410 4762 revera
1436 4723 1562 4762 caro
1586 4718 1690 4764 est.

2147 4343 2458 4397 ἀντίτυπον.
2477 4344 2550 4397 Οὐ
2577 4345 2686 4416 γάρ
2715 4340 2858 4414 εἷπε,
2880 4345 3049 4398 Τοῦτό
3074 4347 3188 4398 ἐστι
3207 4345 3518 4405 ἀντίτυπον,
3551 4340 3695 4406 ἀλλὰ,

2150 4432 2320 4487 Τοῦτο
2341 4434 2458 4486 ἐστι
2487 4433 2548 4487 τὸ
2572 4435 2731 4506 σῶμά
2758 4449 2880 4507 μου’
2906 4437 3129 4509 ἀρρήτῳ
3153 4436 3263 4508 γὰρ
3278 4433 3525 4506 ἐνεργείᾳ
3551 4447 3696 4503 μετα-

2151 4527 2416 4587 ποιεῖται,
2468 4525 2573 4580 κᾶν
2649 4526 2905 4596 φαίνηται
2957 4529 3091 4596 ἡμῖν
3147 4527 3344 4595 ἄρτος·
3425 4523 3546 4578 ἐπεὶ
3600 4519 3696 4588 γὰρ

2149 4619 2396 4682 ἀσθενεῖς
2424 4620 2612 4688 ἐσμεν,
2636 4617 2732 4670 καὶ
2759 4617 2860 4670 οὐκ
2897 4616 2963 4670 ἂν
2997 4615 3301 4687 ἐδεξάμεθα
3323 4614 3488 4685 κρέας
3511 4609 3694 4666 ἐσθίειν

2148 4710 2318 4781 ὠμὸν,
2371 4710 2464 4764 καὶ
2491 4709 2781 4780 ἀνθρώπου
2835 4709 3031 4779 σάρκα,
3071 4709 3160 4764 διὰ
3206 4708 3364 4763 τοῦτο
3411 4707 3566 4776 ἄρτος
3609 4701 3696 4772 μὲν

2149 4803 2279 4874 ημῖν
2310 4799 2583 4869 φαίνεται,
2623 4797 2760 4870 σάρξ
2787 4798 2842 4851 δὲ
2869 4799 2946 4869 τῷ
2974 4798 3089 4852 ὄντι
3119 4797 3259 4852 ἐστί.

561 4889 722 4945 γεω.
751 4889 842 4954 27,
865 4887 956 4944 ‘28.
1005 4906 1024 4939 ι
1063 4887 1128 4942 Ει
1157 4899 1377 4958 accepto
1428 4888 1640 4959 poculo,
1673 4891 1861 4962 gratiis
1887 4892 2038 4955 actisI

2175 4875 2182 4881 ”
2223 4912 2242 4947 r
2275 4893 2382 4948 Kal.
2406 4892 2585 4948 λαϐὼν
2611 4892 2671 4945 τὸ
2703 4894 2984 4962 ποτήριον,
3017 4890 3108 4944 καὶ
3139 4889 3550 4960 εὐχαριστήσας,
3579 4883 3694 4935 ἐδω-

480 4986 629 5041 dedit
677 4984 784 5038 illis
811 4983 1022 5048 dicens,
1083 4981 1257 5037 Bibite
1286 4997 1352 5036 ex
1395 4983 1496 5038 hoc
1522 4998 1712 5039 Otttnes
1749 5002 1762 5038 :
1803 4984 1891 5038 hic
1961 4994 2038 5040 est

2148 5003 2244 5041 κεν
2277 4984 2478 5047 αὐτοῖς,
2515 4984 2691 5050 λέγων
2715 4997 2730 5012 ·
2778 4982 2935 5035 Πίετε
2970 4982 3028 5048 ἐξ
3071 4980 3234 5034 αὐτοῦ
3278 4981 3510 5041 πάντεσς’
3545 4971 3695 5026 Τοῦτο

479 5076 624 5132 enim
661 5075 879 5145 sanguis
925 5088 1098 5140 meus,
1155 5075 1244 5146 qui
1281 5085 1366 5131 est
1418 5076 1540 5130 novi
1579 5075 1931 5141 Testamenti,
1956 5075 2038 5146 qui

2149 5078 2254 5149 γάρ
2285 5077 2398 5131 ἐστι
2431 5077 2493 5130 τὺ
2535 5074 2674 5147 αἷμά
2707 5093 2830 5147 μου,
2864 5075 2924 5128 τὸ
2962 5075 3062 5141 τῆς
3107 5073 3298 5142 καινῆς
3333 5069 3615 5139 Διαθήκηςο
3642 5059 3697 5113 τδ

479 5184 578 5240 pro
599 5167 782 5224 multis
812 5167 1104 5223 eﬂunditur
1135 5169 1185 5223 in
1224 5168 1597 5224 remissionem
1618 5177 1990 5234 peccatorum.
2025 5185 2038 5218 ι

2150 5171 2280 5242 περὶ
2325 5169 2540 5223 πολλῶν
2588 5169 2948 5239 ἐκχυνόμενον
2985 5167 3064 5229 είς
3121 5166 3316 5234 ἄφεσιν
3365 5155 3646 5233 ἁμαρτιῶν.
3674 5169 3692 5204 I

483 5263 640 5318 Sicut
662 5269 814 5317 vetus
842 5260 1246 5317 Testamentum
1283 5259 1703 5316 immolationem
1732 5260 1964 5315 habebat
1997 5271 2038 5316 el

2154 5265 2364 5334 Ὠσπερ
2408 5267 2440 5334 ἡ
2475 5262 2686 5316 παλαιὰ
2731 5261 2974 5330 Διαθήκη
3018 5259 3247 5328 σφάγιον
3291 5254 3404 5328 εἶχε
3435 5254 3524 5308 καὶ
3551 5245 3694 5314 αἷμα,

482 5354 935 5428 εαυευίηεηικὶιο
963 5363 1018 5409 et
1039 5368 1234 5408 novum
1291 5353 1695 5409 Testamentum
1737 5353 2038 5423 sanguinem

2151 5354 2294 5408 οὕτω
2328 5355 2423 5407 καὶ
2466 5356 2500 5424 ἡ
2540 5352 2702 5422 καινὴ
2743 5347 2885 5421 αἷμα
2911 5350 3025 5420 ἔχει
3054 5352 3144 5403 καὶ
3172 5351 3404 5419 σφαγήν.
3438 5341 3561 5412 Περὶ
3584 5334 3696 5388 πολε

485 5446 650 5500 habet
681 5460 745 5500 ac
771 5445 1001 5500 hostiam
1027 5446 1100 5501 ".
1135 5446 1238 5502 Pro
1267 5446 1448 5502 multis
1473 5454 1649 5501 autem
1678 5446 1809 5502 dicit
1829 5444 2050 5514 eﬁ‘undi,

485 5539 588 5592 hoc
617 5547 726 5603 est,
749 5552 848 5608 pm
871 5538 1140 5597 omnibus.
1199 5537 1336 5594 Sunt
1380 5539 1521 5596 enim
1565 5547 1620 5594 et
1649 5554 1841 5596 omnes
1879 5539 2051 5594 multi.

483 5628 664 5696 Quare
691 5639 871 5685 autem
904 5645 1066 5700 supra
1115 5631 1332 5701 quidem
1389 5648 1495 5687 non
1557 5631 1696 5688 dixit
1737 5650 1750 5686 :
1794 5631 2052 5702 Accipite,

559 5814 606 5845 "
643 5813 806 5871 Hebr.
853 5834 905 5884 v,
934 5817 987 5873 5.

2156 5445 2263 5498 λῶν
2289 5445 2346 5498 δέ
2391 5440 2545 5498 εἶπεν
2591 5442 2935 5514 ἐκχύνεσθαι,
2989 5441 3110 5495 ἀντὶ
3151 5439 3267 5504 τοῦ,
3317 5437 3443 5506 περὶ
3482 5432 3692 5486 πάντων.

2155 5537 2265 5592 Καὶ
2297 5538 2346 5590 oi.
2377 5536 2577 5600 πάντες
2615 5535 2723 5605 γὰρ
2749 5533 2932 5586 πολλοί
2963 5535 3089 5585 είσι.
3117 5530 3271 5596 Τίνος
3310 5531 3366 5584 δέ
3402 5527 3577 5580 ἕνεκεν
3599 5517 3696 5572 ἄνω

2163 5632 2262 5703 μέν
2291 5631 2394 5686 οὐκ
2453 5625 2574 5684 εἶπε
2600 5647 2614 5662 ο
2647 5627 2878 5695 Λάϐετε,
2911 5628 3111 5698 φάγετε
3135 5625 3350 5690 πάντες,
3377 5613 3596 5676 ἐνταῦθα
3615 5605 3694 5660 δέ’
