3968 6460
283 449 384 515 145

852 449 1300 513 ENARRATIO
1339 451 1422 514 IN
1457 452 1959 518 EVANGELIUM
2000 459 2389 524 MATTHAZI.
2424 485 2493 499 -
2526 462 2687 527 CAP.
2727 464 2941 527 XXVI.

3421 461 3527 528 446

278 558 436 611 Πίετε
474 552 534 619 ἐξ
563 550 728 609 αὑτοῦ
758 554 997 618 πάντεςς
1033 556 1096 609 Oi
1148 556 1245 626 μέν
1290 573 1454 626 φασιν
1498 559 1579 612 ὅτι
1628 559 1716 613 διὰ
1757 559 1849 615 τδν

1961 567 2216 623 comedite
2245 583 2454 638 omnes,
2488 570 2590 626 hoc
2618 580 2795 626 autem
2829 572 2944 627 loco
2984 590 2996 626 :
3027 570 3201 627 Bibite
3226 584 3291 626 ex
3322 586 3387 627 eo
3411 588 3529 627 om-

296 647 491 703 ¹Ιούδαν
514 644 673 699 τοῦτο
709 639 860 698 εἶπεν
885 662 899 677 ο
929 646 958 699 6
996 646 1106 716 γὰρ
1143 647 1345 711 Ἰούδας
1395 649 1487 702 τὸν
1540 651 1639 720 μὲν
1687 650 1852 721 ἄρτον

275 740 489 803 ἔλαϐεν,
537 740 637 793 οὐκ
682 738 853 809 ἔφαγε
896 739 973 805 δὲ,
1007 739 1122 794 ἀλλ’
1160 742 1384 812 ἔκρυψε,
1419 744 1554 815 πρὸς
1582 743 1641 798 τδ
1685 744 1851 812 δεῖξαι

274 835 394 899 τοῖς
432 831 704 895 Ἰουδαίοις
739 833 821 886 ὅτι
864 833 956 887 τὸν
993 834 1156 903 ἄρτον
1204 834 1361 900 σῶμα
1406 836 1598 890 ἑαυτοῦ
1640 836 1797 892 καλεῖ
1822 839 1851 892 6

288 924 519 996 Ἰησοῦς
544 925 605 978 τὸ
625 924 681 978 δέ
698 924 847 993 πόμα
867 926 961 978 καὶ
981 926 1129 981 ἄκων
1144 927 1283 989 ἔπιε,
1302 928 1377 1001 μή
1397 928 1693 999 δυνάμενος
1719 932 1852 987 πάν-

272 1040 386 1086 τως
402 1022 609 1094 κρύψαι
634 1021 786 1075 αύτό.
809 1021 908 1075 Διὰ
935 1021 1092 1076 τοῦτο
1127 1018 1220 1076 οὖν
1247 1019 1369 1077 εἷπε
1399 1040 1412 1055 ο
1437 1025 1597 1078 Πίετε
1628 1027 1848 1091 πάντες.

272 1117 342 1168 Οί
366 1116 421 1168 δὲ
450 1113 934 1185 άναγωγικώτερόν
965 1132 1131 1182 φασιν
1162 1116 1242 1170 ὅτι
1272 1118 1332 1170 τὸ
1367 1117 1466 1188 μὲν
1492 1118 1589 1190 τὴν
1624 1119 1850 1192 στερεὰν

270 1206 483 1277 τροφὴν
510 1205 829 1276 προσίεσθαι
888 1205 949 1259 ού
981 1207 1197 1260 πάντων
1231 1207 1397 1270 ἐστὶν,
1454 1208 1589 1263 ἀλλὰ
1620 1209 1731 1263 τῶν
1757 1227 1841 1266 τε·

270 1297 565 1366 λειοτέρων
590 1313 602 1327 ·
632 1297 692 1350 τὸ
723 1296 781 1350 δέ
810 1296 1147 1363 ποτίζεσθαι,
1174 1301 1392 1354 πάντων
1417 1317 1429 1331 ·
1456 1300 1544 1354 διὰ
1573 1300 1732 1355 τοῦτο
1756 1295 1850 1356 οὖν

269 1390 513 1444 ἐνταῦθα
553 1390 655 1462 ἔφη
682 1406 697 1420 ο
728 1390 886 1444 Πίετε
912 1393 1134 1455 πάντες.
1166 1392 1239 1446 Τδ
1272 1393 1381 1465 γὰρ
1408 1394 1477 1448 τά
1505 1394 1850 1469 ἁπλούστερα

266 1482 389 1535 τῶν
416 1482 703 1552 δογμάτων
733 1482 1158 1552 παραδέχεσθαι,
1191 1485 1431 1541 πάντων.

357 1589 378 1625 ι
411 1573 570 1641 Λέγω
595 1573 653 1626 δὲ
678 1573 823 1643 ὑμῖν,
853 1574 935 1627 ὅτι
962 1575 1023 1627 ού
1054 1575 1129 1645 μὴ
1163 1575 1270 1629 πίω
1293 1577 1389 1630 ἀπ’
1410 1576 1534 1649 ἄρτι
1565 1579 1628 1632 ἐκ
1656 1577 1848 1634 τούτου

248 1664 372 1745 ,τοῦ
392 1666 727 1735 γεννήματος
755 1668 855 1735 τῆς
884 1665 1154 1736 ἀμπέλου,
1201 1666 1307 1731 ἕως
1346 1668 1443 1738 τῆς
1470 1669 1683 1741 ήμέρας
1712 1672 1851 1726 ὲκεί-

265 1770 397 1823 νης,
433 1754 561 1806 ὅταν
590 1753 722 1807 αὐτὸ
754 1754 893 1807 πίνω
938 1755 1058 1825 μεθ’
1111 1755 1265 1826 ὑμῶν
1320 1758 1505 1812 καινὸν
1535 1759 1593 1812 ἐν
1640 1762 1706 1832 τῇ
1749 1760 1845 1831 βαο

268 1844 454 1915 σιλείᾳ
480 1844 571 1899 τοῦ
594 1846 805 1916 Πατρός
838 1863 958 1916 μου.
1003 1866 1021 1899 ι
1055 1847 1397 1919 Γευσάμενος
1438 1850 1530 1903 τοῦ
1563 1854 1843 1923 ποτηρίου,

266 1934 641 1989 ἁποτάττεται
683 1936 867 1990 λοιπὸν
905 1937 984 2007 τῷ
1034 1940 1334 2010 σωματικῷ
1382 1942 1585 2012 πόματι
1610 1960 1626 1975 ο
1662 1945 1848 1999 καινὸν

263 2027 338 2080 δέ
364 2045 483 2083 τινα
509 2028 709 2099 τρόπον
729 2029 970 2097 γεύσεως
991 2030 1382 2099 ἐπαγγέλλεται
1404 2034 1462 2085 ἐν
1483 2036 1549 2105 τῇ
1580 2034 1849 2107 βασιλείᾳ,

265 2118 575 2186 τουτέστιν,
616 2122 675 2174 ἐν
713 2124 779 2191 τῇ
832 2121 1154 2177 ἀναστάσει.
1187 2124 1454 2187 Ἀναστὰς
1493 2126 1623 2197 γὰρ,
1680 2127 1852 2197 ἔφαγε

266 2209 373 2263 καὶ
404 2208 527 2262 [me
574 2210 759 2264 καινόν
805 2227 928 2265 τινα
971 2211 1174 2283 τρόπον
1200 2228 1215 2245 ο
1267 2212 1326 2266 ού
1374 2214 1480 2285 γὰρ
1513 2214 1589 2278 ὡς
1634 2214 1853 2287 χρῄζων

267 2301 486 2371 τροφῆς
525 2301 841 2372 σωματικῆς
872 2302 1113 2370 γεύσεως
1159 2304 1364 2374 νόμοις,
1398 2305 1535 2359 ἀλλὰ
1560 2306 1856 2378 πιστούμε-

266 2409 367 2455 νος
396 2393 493 2464 τὴν
531 2392 705 2463 ἀληθῆ
759 2393 853 2448 τού
907 2394 1159 2465 σώματος
1220 2395 1425 2464 φύσινο
1478 2396 1753 2467 βασιλείαν
1795 2398 1853 2453 δέ

266 2482 505 2545 εἰκότως
546 2481 646 2552 τὴν
688 2481 883 2536 ἑαυτοῦ
931 2482 1225 2537 ἀνάστασιν
1262 2485 1537 2555 ὀνομάζει,
1582 2487 1716 2540 Τότε
1744 2488 1853 2560 γάρ

271 2572 600 2643 κατήργησε
630 2572 719 2626 τὸν
747 2573 997 2641 θάνατον,
1030 2573 1283 2641 βασιλεὺς
1312 2576 1390 2647 τῷ
1415 2577 1528 2630 δντι
1560 2579 1749 2648 φανείς
1776 2596 1790 2610 ·
1817 2579 1850 2649 ἢ

266 2665 371 2716 καὶ
399 2662 543 2717 οὕτω
584 2667 828 2733 νοήσαις⁹
870 2667 1071 2721 Καινὺν
1099 2668 1270 2737 πόμα,
1311 2669 1711 2739 ήάποκάλυψις
1745 2673 1853 2724 τῶν

270 2755 593 2826 μυστηρίων
614 2755 708 2810 τοῦ
729 2755 885 2821 Θεοῦ,
914 2757 951 2814 ἃ.
970 2759 1091 2812 τότε
1118 2761 1177 2813 ὲν
1204 2764 1270 2832 τῇ
1304 2760 1551 2833 βασιλείᾳ
1575 2763 1667 2816 τοῦ
1693 2763 1851 2832 Θεοῦ,

262 2846 549 2900 τουτέστιν
566 2848 622 2901 ἐν
642 2850 709 2920 τῇ
734 2849 963 2921 δευτέρα
989 2852 1285 2923 παρουσίᾳ,
1311 2852 1851 2924 ἀποκαλυφθήσεται,

267 2939 440 2992 καινά
469 2939 619 3005 δντα,
649 2941 951 3006 τουτέστιν,
1005 2940 1096 2998 οἶα
1127 2944 1226 2999 ούκ
1272 2946 1586 3016 ἠκούσαμεν
1624 2947 1811 3001 ἄλλοτε
1835 2964 1850 2979 ’

274 3031 451 3085 πίνειν
486 3032 541 3086 δὲ
568 3033 753 3087 ἐκεῖνα
782 3034 1002 3102 λέγεται
1026 3037 1054 3089 6
1079 3037 1317 3105 Χριστὸς
1362 3038 1483 3105 μεθ’
1512 3037 1689 3108 ἡμῶν,
1719 3038 1853 3092 διότι

268 3120 375 3191 τὴν
404 3123 683 3195 ἡμετέραν
721 3123 989 3193 ὠφέλειαν
1026 3126 1233 3196 τροφὴν
1297 3125 1391 3179 καὶ
1439 3126 1598 3179 πόσιν
1643 3127 1853 3182 οίκείαν

276 3214 521 3283 ήγεῖται.

344 3324 368 3357 ι
384 3307 491 3359 Καὶ
506 3306 862 3379 ὑμνήσαντες,
881 3307 1102 3380 ἐξῆλθον
1122 3309 1201 3373 είς
1220 3311 1282 3365 τὸ
1303 3310 1429 3383 ὅρος
1446 3310 1550 3366 τῶν
1565 3311 1809 3369 Ἐλαιῶν.
1825 3330 1845 3365 ι

260 3395 412 3452 Μεθ’
458 3396 488 3450 δ
516 3398 861 3469 ἐδείπνησαν,
906 3399 1177 3471 ὖμνησαν,
1221 3402 1308 3455 ἴνα
1352 3402 1612 3472 μάθωμεν
1643 3405 1726 3458 ὅτι
1756 3404 1851 3458 καὶ

261 3489 424 3558 ἡμᾶς
448 3487 592 3542 οὕτω
624 3490 706 3543 δεῖ
748 3492 941 3545 ποιεῖν.
990 3492 1084 3555 Εἰς
1114 3491 1170 3545 δέ
1219 3492 1282 3545 τὸ
1324 3492 1449 3563 δρος
1477 3493 1582 3547 τῶν
1624 3494 1852 3549 Ἐλαιῶν

262 3579 517 3650 ἔρχεται,
546 3578 642 3633 καὶ
669 3580 769 3634 ούκ
807 3582 888 3645 εἰς
916 3582 1074 3636 ἄλλον
1109 3581 1289 3645 τόπον,
1324 3583 1411 3637 ῖνα
1454 3584 1529 3654 μὴ
1559 3584 1682 3656 δόξῃ
1719 3585 1850 3654 φεύ-

262 3688 395 3739 γειν
419 3686 435 3701 ·
470 3671 533 3724 οὐ
562 3670 671 3743 γὰρ
693 3674 771 3736 είς
804 3671 1080 3741 ἄγνωστον
1108 3674 1273 3727 τόπον
1302 3676 1594 3745 ἀναχωρεῖ,
1620 3674 1736 3729 ἀλλ’
1771 3676 1852 3739 είς

263 3762 555 3834 γνώριμον
580 3766 691 3828 τοῖς
733 3764 1009 3828 Ἰουδαίοις
1034 3781 1047 3795 ·
1090 3766 1206 3837 ἄμα
1234 3766 1292 3820 δὲ
1324 3767 1416 3821 καὶ
1444 3766 1722 3835 ὑποχωρεῖ
1754 3765 1855 3835 τῆς

265 3855 568 3925 μιαιφόνου
611 3856 839 3922 πόλεως,
893 3857 1293 3928 ἐγκαταλείψας
1350 3859 1542 3931 αὐτὴν,
1594 3858 1681 3911 ίνα
1732 3859 1853 3912 ἐπι-

261 3947 502 4018 διωχθῇ,
533 3948 630 4002 καὶ
657 3949 856 4021 ἐλέγχῃ
887 3948 1089 4012 αὐτοὺς
1123 3948 1370 4021 ὕστερον,
1405 3949 1486 4003 ὅτι
1523 3947 1619 4003 καὶ
1642 3947 1857 4017 ὑποχω-

270 4037 482 4109 ροῦντα
509 4039 826 4093 ἐπεδίωκον.

354 4148 375 4182 ι
424 4131 559 4183 Τότε
606 4130 755 4201 λέγει
807 4131 994 4197 αὐτοῖς
1042 4132 1070 4184 6
1120 4130 1369 4203 Ἰησοῦς⁸
1426 4131 1635 4196 Πάντες
1695 4132 1855 4203 ὑμεῖς

268 4212 809 4293 σκανδαλισθήσεσθε
842 4224 902 4276 έν
946 4222 1071 4294 ἐμοὶ
1117 4224 1175 4276 ἐν
1221 4226 1286 4292 τῇ
1328 4223 1484 4276 νυκτὶ
1527 4222 1723 4295 ταύτῃ.
1758 4221 1857 4276 Γέ-

266 4329 522 4383 γραπται
547 4314 654 4384 γάρ
679 4329 694 4345 ο
728 4312 960 4378 Πατάξω
1000 4313 1092 4368 τὸν
1121 4314 1375 4383 ποιμένα,
1406 4314 1500 4368 καὶ
1529 4314 1846 4385 διασκορπι-

268 4404 540 4475 σθήσεται
596 4404 665 4458 τὰ
714 4405 963 4476 πρόϐατα
1013 4406 1112 4475 τῆς
1164 4405 1420 4476 ποίμνης.
1479 4407 1635 4461 Μετὰ
1682 4407 1736 4460 δὲ
1795 4408 1854 4461 τδ

266 4494 570 4565 ἐγερθῆναί
616 4512 705 4566 με,
752 4495 976 4566 προάξω
1019 4496 1166 4567 ὑμᾶς
1200 4497 1277 4561 εἰς
1327 4495 1427 4567 τὴν
1478 4495 1786 4550 Γαλιλαίαν.
1828 4514 1849 4547 ι

1956 659 2099 714 nes?
2134 659 2272 715 Sunt
2315 663 2405 732 qui
2442 662 2626 718 dicant
2678 675 2895 733 propter
2939 662 3127 719 Judam
3176 666 3279 720 hoc
3301 666 3520 720 dictum.

1951 749 2118 805 Judas
2143 755 2285 807 enim
2308 769 2503 824 panem
2537 759 2770 825 accepit,
2802 764 2856 809 et
2892 771 2995 809 non
3034 758 3283 821 comedit,
3309 760 3400 811 sed
3432 772 3524 812 oc-

1952 843 2194 911 cultavit,
2228 855 2286 899 nt
2325 856 2654 901 monstraret
2683 846 2883 901 Judaeis
2939 848 3078 916 quod
3112 864 3299 917 panem
3328 864 3524 919 corpus

1952 945 2107 987 suum
2140 946 2382 990 vocasset
2412 934 2570 992 Jesus
2601 955 2612 991 :
2647 936 2895 1007 poculum
2920 946 3102 991 autem
3130 939 3333 993 invitus
3367 938 3521 1004 bibit,

1952 1040 2071 1081 cum
2107 1042 2211 1082 non
2230 1037 2409 1097 posset
2436 1029 2729 1083 occultare.
2758 1026 3050 1097 Propterea
3091 1029 3192 1083 hoc
3220 1028 3336 1083 loco
3372 1030 3519 1083 dice-

1951 1114 2284 1173 batzBibite
2313 1132 2521 1173 omnes.
2574 1117 2731 1173 Juxta
2787 1132 3063 1187 anagogen
3097 1129 3275 1171 autem
3316 1119 3525 1185 dicunt,

1952 1209 2094 1278 quod
2122 1223 2227 1264 non
2257 1209 2330 1264 sit
2370 1211 2611 1265 omnium
2642 1210 2901 1265 accedere
2947 1211 3014 1263 ad
3061 1209 3291 1263 solidum
3324 1209 3527 1274 cibum,

1952 1299 2045 1355 sed
2095 1300 2471 1370 perfectiomm
2513 1300 2742 1355 :bibere
2777 1310 2954 1355 autem
3012 1300 3251 1355 omnium
3305 1301 3394 1354 sit.
3440 1298 3525 1354 ld-

1951 1390 2098 1445 circo
2130 1390 2229 1445 hoc
2253 1390 2369 1445 loco
2394 1390 2607 1446 dicebat
2644 1407 2657 1445 :
2699 1390 2872 1445 Bibite
2913 1406 3123 1445 omnes.
3181 1390 3525 1460 Simpliciora

1952 1483 2094 1537 enim
2123 1482 2370 1553 dogmata
2395 1484 2638 1554 recipere
2662 1484 2902 1537 omnium
2931 1492 3032 1538 est.

2021 1574 2186 1631 Vens.
2218 1576 2307 1630 29.
2349 1594 2367 1628 ι
2400 1574 2529 1631 Dico
2562 1575 2940 1639 antemvobis,
2993 1573 3135 1645 quod
3185 1589 3288 1628 non
3344 1572 3525 1628 bibam

1949 1667 2187 1736 postltzec
2208 1680 2269 1720 ex
2303 1665 2401 1721 hoc
2432 1665 2609 1720 fructu
2669 1666 2815 1731 vitis,
2849 1680 3019 1735 usque
3072 1666 3124 1719 in
3159 1666 3299 1719 diem
3354 1665 3525 1732 illum,

1950 1772 2071 1812 cum
2105 1756 2233 1810 illud
2266 1756 2441 1811 bibam
2486 1757 2769 1813 vobiscum
2827 1773 3023 1811 novum
3072 1772 3126 1809 tn
3159 1771 3321 1826 regno
3348 1755 3532 1811 Patris

1952 1848 2078 1903 mei.
2110 1867 2128 1900 ι
2166 1847 2389 1919 Sumpto
2439 1848 2632 1919 poculo
2664 1849 2942 1903 renuntiat
2976 1848 3233 1917 deinceps
3264 1848 3528 1919 corporali

1956 1938 2180 2008 potioni.
2230 1938 2435 1993 Novum
2488 1952 2666 1994 autem
2736 1940 3021 2008 promittit,
3079 1941 3129 1995 id
3184 1948 3287 2005 est,
3331 1952 3525 1992 novum

1956 2030 2238 2099 quemdam
2267 2031 2483 2086 modum
2547 2031 2873 2101 sumptionis
2903 2031 2955 2084 in
2984 2046 3172 2099 regno,
3203 2030 3303 2082 hoc
3329 2037 3411 2083 est
3471 2028 3527 2081 iu

1957 2125 2373 2178 resurrectione.
2400 2122 2533 2177 Cum
2565 2124 2961 2178 resurrexisset
2993 2124 3156 2187 enim,
3215 2122 3442 2175 comedit
3469 2134 3531 2175 ac

1956 2215 2094 2271 bibit
2123 2232 2260 2272 novo
2286 2218 2516 2287 quodam
2545 2217 2702 2271 modo
2730 2233 2744 2270 :
2782 2231 2883 2269 non
2912 2216 3053 2270 enim
3079 2215 3233 2285 quasi
3267 2214 3534 2283 indigeret

1954 2306 2094 2369 cibo,
2131 2306 2464 2377 corporalem
2488 2307 2718 2377 sumpsit
2754 2307 2934 2361 cibum
2965 2324 2978 2360 :
3008 2308 3098 2359 sed
3128 2315 3182 2358 ut
3212 2305 3531 2359 crederetur

1956 2414 2087 2454 vera
2118 2398 2364 2466 corporis
2389 2406 2597 2452 natura.
2661 2397 2904 2467 Regnum
2940 2408 3118 2451 antem
3153 2398 3346 2450 merito
3376 2409 3525 2449 suam

1958 2491 2406 2546 resurrectionem
2433 2492 2713 2545 nominat:
2749 2500 2877 2545 tunc
2925 2491 3066 2544 enim
3120 2490 3350 2543 abolevit
3382 2504 3530 2543 mor.

1958 2593 2088 2649 tem,
2119 2592 2173 2638 et
2208 2598 2264 2637 re
2312 2582 2424 2651 ipsa
2480 2598 2657 2651 regem
2684 2597 2741 2636 se
2795 2582 3185 2651 comprobavit.
3243 2581 3336 2634 Vel
3368 2581 3528 2633 etiam

1959 2677 2039 2732 sic
2073 2677 2337 2748 intelligas
2370 2693 2384 2731 :
2423 2676 2629 2732 Novum
2657 2675 2902 2747 poculum
2949 2672 3204 2748 revelatio
3235 2680 3312 2725 est
3344 2684 3529 2723 sacra-

1958 2778 2264 2824 mentorum
2300 2768 2414 2835 Dei,
2444 2785 2563 2839 qua:
2600 2776 2726 2821 tunc
2758 2768 2811 2820 in
2841 2744 3005 2837 regno
3048 2762 3162 2825 Dei,
3194 2763 3295 2816 hoc
3333 2770 3417 2814 est
3478 2759 3529 2812 in

1958 2860 2889 2929 secundofadventn,!revelabuntur,
2915 2874 3031 2925 qua:
3062 2872 3187 2911 vere
3212 2864 3338 2909 sunt
3370 2866 3527 2918 nova,

1957 2953 2135 3023 qualia
2166 2967 2272 3006 non
2306 2951 2609 3006 audivimus
2634 2951 2864 3019 uspiam.
2901 2949 3164 3004 Caeterum
3221 2962 3284 3000 ea
3336 2945 3523 2999 bibere

1958 3044 2161 3099 dicitur
2199 3043 2452 3100 Christus
2493 3043 2797 3108 nobiscum,
2828 3058 2892 3097 eo
2935 3041 3079 3111 quod
3105 3047 3344 3094 nostram
3382 3035 3534 3091 utili-

1960 3145 2130 3192 tatem
2163 3136 2341 3190 cibum
2377 3144 2428 3189 et
2452 3143 2635 3205 potum
2673 3149 2827 3188 suum
2855 3131 3148 3186 existimat.

2026 3307 2190 3364 Vens.
2233 3308 2323 3365 50.
2360 3327 2378 3361 ι
2411 3308 2476 3364 Ει
2510 3323 2630 3363 cum
2665 3306 2926 3377 hymnum
2971 3305 3253 3369 dixissent,
3286 3303 3533 3357 exierunt

1954 3400 2008 3455 in
2036 3410 2271 3455 montem
2294 3398 2587 3455 Olivarum.
2620 3415 2638 3450 ι
2671 3397 2960 3467 Postquam
2985 3403 3359 3460 caanavernnt,
3385 3395 3533 3463 hym-

1954 3508 2083 3547 num
2121 3492 2419 3547 dixerunt:
2450 3499 2511 3546 ut
2559 3491 2830 3546 discamus
2860 3499 2914 3544 et
2964 3505 3063 3542 nos
3104 3488 3183 3542 sic
3226 3485 3427 3540 facere.
3474 3484 3532 3539 In

1953 3593 2189 3638 montem
2221 3583 2496 3637 Olivarum
2526 3583 2695 3646 venit,
2729 3591 2782 3636 et
2808 3597 2913 3635 non
2940 3581 2993 3634 in
3024 3579 3186 3635 alium
3226 3578 3425 3640 locum,
3465 3591 3532 3631 ne

1953 3684 2235 3744 putaretur
2270 3675 2456 3744 fugere
2491 3691 2505 3727 :
2541 3689 2644 3728 non
2680 3674 2822 3728 enim
2849 3672 2901 3726 in
2948 3671 3194 3741 ignotum
3245 3670 3420 3723 locum
3445 3682 3534 3721 se-

1952 3768 2118 3834 cedit,
2155 3768 2250 3822 sed
2273 3767 2327 3821 in
2356 3781 2480 3821 eum
2512 3765 2603 3835 qui
2664 3763 2864 3839 ludatis
2901 3774 3061 3817 notas
3116 3772 3253 3815 erat.
3313 3744 3530 3816 Seeeilit

1954 3868 2137 3914 autem
2167 3873 2195 3912 a
2226 3858 2572 3927 sanguinaria
2602 3858 2848 3921 civitate,
2885 3872 3048 3925 quam
3078 3854 3295 3922 reliquit
3326 3864 3382 3904 ιιι
3406 3868 3532 3919 per-

1959 3950 2294 4004 secutionem
2327 3949 2585 4018 patiatur,
2619 3959 2675 4003 et
2720 3956 2913 4018 arguat
2966 3947 3085 4002 illos
3129 3956 3315 4015 postea
3346 3944 3436 4012 qui
3482 3951 3536 3997 et

1956 4043 2235 4097 cedentem
2269 4041 2517 4095 insectati
2552 4040 2775 4094 fuerint.

2026 4132 2187 4188 Vens.
2213 4132 2303 4195 31,
2329 4131 2418 4186 '52.
2454 4150 2472 4184 ι
2508 4133 2661 4185 Tune
2685 4131 2816 4185 dicit
2846 4129 2951 4185 illis
2978 4129 3139 4186 Jesns
3170 4146 3183 4183 :
3213 4126 3412 4183 Omnes
3436 4140 3537 4182 vos

1955 4224 2273 4280 scandalum
2308 4224 2583 4294 patiemini
2636 4240 2733 4294 per
2781 4236 2867 4277 me
2911 4222 2965 4276 in
3018 4221 3122 4277 ista
3166 4228 3343 4275 nocte.
3386 4216 3535 4273 Scri-

1955 4324 2108 4386 ptum
2132 4322 2212 4370 est
2233 4313 2407 4381 enim,
2426 4313 2730 4369 Percutiam
2766 4321 3062 4383 pastorem,
3087 4320 3141 4365 et
3161 4310 3536 4378 dispergentur

1955 4422 2085 4462 oves
2107 4406 2306 4477 gregis.
2350 4406 2645 4476 Postquam
2681 4414 2859 4459 autem
2906 4417 3273 4467 resurrexero,
3328 4413 3535 4471 praece-

1956 4499 2078 4552 dam
2108 4499 2272 4553 vosin
2297 4496 2595 4554 Galilaeam.
2631 4515 2650 4549 ι
2692 4496 2894 4552 Futura
2931 4506 3186 4566 tanquam
3213 4495 3353 4550 Deus
3389 4509 3533 4562 pra:-

283 4585 378 4647 Ὧς
407 4583 539 4647 Θεὸς
565 4584 821 4655 προλέγει
858 4585 929 4639 τὰ
965 4586 1201 4655 ἐσόμενα
1224 4602 1239 4617 ο
1290 4586 1378 4639 ἴνα
1422 4586 1479 4639 δὲ
1512 4586 1587 4657 μὴ
1620 4585 1851 4639 σκανδα-

1963 4590 2112 4645 dicit.
2146 4588 2209 4643 Et
2234 4596 2292 4642 ut
2322 4603 2430 4643 non
2462 4586 2803 4643 oﬂ'endantur
2830 4587 2983 4656 quasi
3017 4588 3085 4640 ab
3109 4586 3228 4655 ipso
3249 4587 3427 4639 acrius
3444 4600 3537 4639 ae-

268 4674 535 4728 λισθῶσιν
581 4677 656 4739 ὡς
698 4676 1166 4747 κατηγορούμενοι
1206 4676 1298 4731 ὑπ’
1333 4677 1523 4742 αὐτοῦ,
1566 4675 1721 4731 εἶπεν
1767 4679 1852 4732 ὅτι

270 4764 589 4833 γέγραπται
614 4780 627 4795 ⁸
656 4764 887 4831 Πατάξω
910 4765 1000 4819 τὸν
1027 4768 1287 4837 ποιμένα,
1304 4766 1397 4819 καὶ
1427 4764 1853 4837 διασκορπισθή-

273 4875 460 4910 σονται
492 4857 561 4909 τὰ
608 4857 879 4926 πρόϐατα,
934 4859 1092 4911 τοῦτο
1161 4860 1550 4928 αἰνιττόμενος,
1580 4861 1664 4913 ὅτι
1709 4860 1853 4928 Ἐγὼ

273 4952 525 5019 συνεῖχον
553 4950 721 5018 ὑμᾶς,
750 4949 811 5003 τὸ
837 4950 892 5003 δὲ
947 4950 1048 5020 ἐμὲ
1078 4950 1329 5005 ἀπελθεῖν
1359 4952 1501 5021 ὑμᾶς
1530 4954 1816 5022 σκορπίσει
1836 4968 1849 4982 °

272 5042 517 5106 πατάξαι
551 5041 607 5095 δὲ
634 5042 851 5109 λέγεται
888 5043 918 5095 6
961 5042 1150 5114 Πατὴρ
1190 5043 1282 5097 τὸν
1316 5043 1467 5110 Υἱδν,
1497 5043 1633 5097 διότι
1660 5043 1853 5119 γνώμῃ

274 5133 466 5194 αὐτοῦ,
520 5134 639 5203 ἦτοι
681 5135 1096 5205 παραχωρήσει,
1141 5133 1497 5204 ἐσταύρωσαν
1538 5136 1587 5187 οί
1612 5134 1853 5188 Ἰουδαῖοι

271 5223 363 5276 τὸν
395 5224 604 5295 Κύριον
624 5240 638 5253 ⁸
672 5225 968 5295 δυνάμενος
996 5226 1105 5295 γὰρ
1140 5224 1401 5291 κωλύσαι,
1448 5220 1567 5279 εῐτα
1616 5225 1692 5297 μὴ
1742 5243 1853 5279 κω-

271 5314 465 5381 λύσας,
496 5316 712 5385 λέγεται
753 5314 993 5382 πατάξαι
1021 5318 1109 5373 διὰ
1139 5318 1237 5388 τὴν
1265 5317 1683 5391 παραχώρησιν.
1720 5315 1855 5373 Εἶτα

278 5408 418 5462 λύων
456 5408 637 5463 αὐτῶν
679 5409 780 5481 τὴν
828 5409 1024 5482 λύπην,
1074 5411 1481 5481 εὐαγγελίζεται
1524 5414 1726 5477 αὐτοῖς,
1770 5412 1853 5466 ὅτι

290 5501 715 5572 Ὲγερθήσομαι,
742 5502 836 5558 καὶ
866 5502 1105 5576 προάξω,
1136 5504 1401 5569 τουτέστι,
1446 5504 1745 5574 προφθάσω
1773 5506 1853 5566 είς

276 5592 376 5661 τὴν
410 5592 703 5648 Γαλιλαίαν
741 5596 906 5667 ὑμᾶς,
937 5597 1198 5651 δεικνύων
1229 5596 1477 5650 ἐντεῦθεν
1505 5596 1586 5650 ὅτι
1620 5597 1717 5666 τὴν
1754 5599 1852 5666 μὲν

286 5674 655 5755 Ἰερουσαλὴμ⁹
668 5687 1048 5757 ἐγκαταλείψει
1068 5728 1083 5754 ,
1112 5688 1189 5752 είς
1218 5688 1273 5741 δὲ
1304 5687 1370 5741 τά
1399 5687 1525 5758 έθνη
1552 5687 1851 5751 ἀπελεύσε-

277 5784 386 5825 ται·
421 5773 519 5845 τὴν
551 5776 663 5844 γάρ
694 5776 985 5831 Γαλιλαίαν
1014 5779 1217 5832 ἐθνικοὶ
1260 5778 1559 5847 κατῴκουν.

354 5883 372 5915 ι
416 5866 763 5937 Ἀποκριθεὶς
790 5868 843 5923 δὲ
892 5871 920 5922 ὁ
963 5870 1190 5940 Πέτρος,
1243 5865 1392 5923 εἶπεν
1434 5870 1616 5941 αύτῷ·
1656 5870 1715 5923 Ei
1757 5870 1846 5922 καὶ

1963 4680 2163 4745 cusati,
2187 4675 2321 4733 dixit
2348 4679 2607 4747 scriptum
2633 4691 2753 4732 esse
2779 4698 2793 4733 :
2832 4675 2997 4747 148
3018 4675 3320 4729 Percntiam
3355 4682 3536 4740 pasto-

1963 4788 2099 4835 rem,
2124 4771 2589 4840 etdispergentur
2619 4783 2748 4823 oves
2796 4769 2995 4838 gregis,
3034 4767 3137 4820 hoc
3188 4766 3476 4819 insinuans
3513 4781 3529 4817 :

1966 4865 2075 4933 Ego
2105 4864 2359 4919 contineo
2392 4878 2512 4927 vos,
2539 4876 2693 4916 mens
2710 4871 2887 4915 autem
2907 4860 3180 4914 discessus
3203 4873 3298 4911 vos
3325 4858 3534 4925 disper-

1963 4967 2071 5026 get.
2106 4956 2392 5010 Perculere
2418 4964 2597 5008 autem
2623 4954 2821 5007 dicitur
2852 4952 3013 5005 Pater
3042 4949 3348 5011 Filium,eo
3389 4947 3533 5014 quod

1961 5048 2258 5111 voluntate,
2283 5048 2384 5102 hoc
2422 5056 2507 5101 est
2537 5044 2893 5116 permissione
2943 5046 3080 5108 ejus,
3145 5040 3536 5096 cruciﬁxerunt

1960 5136 2127 5193 Judaei
2155 5136 2436 5193 Dominum
2473 5155 2487 5192 :
2520 5137 2646 5207 quia
2685 5151 2805 5190 eum
2841 5136 2955 5203 ipse
2988 5134 3156 5202 possit
3191 5147 3285 5187 eos
3339 5130 3531 5199 probi-

1962 5230 2090 5286 bere
2141 5240 2196 5285 et
2242 5244 2348 5284 non
2399 5228 2669 5299 prohibet,
2710 5227 2909 5283 dicitur
2951 5235 3234 5295 percutere
3294 5234 3521 5294 propter

1962 5321 2399 5392 permissionem.
2473 5318 2678 5375 Deinde
2724 5316 2942 5373 solvens
2985 5330 3171 5371 eorum
3231 5315 3532 5381 tristitiam,

1962 5409 2297 5479 evangelizat
2325 5409 2440 5464 eis:
2470 5408 2766 5480 Resurgam
2797 5417 2851 5462 et
2880 5406 3103 5477 przeibo,
3136 5406 3239 5461 hoc
3263 5415 3365 5469 est,
3396 5420 3538 5474 prae-

1961 5505 2179 5561 veniam
2206 5518 2301 5558 vos
2337 5502 2387 5557 in
2417 5500 2718 5568 Galilaeam,
2751 5502 2995 5556 indicans
3030 5502 3127 5556 hoc
3153 5500 3271 5555 loco
3311 5498 3533 5554 relictu-

1963 5612 2081 5650 rum
2121 5610 2179 5651 se
2200 5592 2525 5658 Jerusalem,
2568 5602 2623 5647 et
2650 5596 2715 5648 ad
2760 5603 2948 5662 gentes
2976 5606 3384 5649 concessurum.
3427 5586 3537 5645 Ga-

1962 5690 2154 5745 lilreant
2186 5688 2328 5743 enim
2355 5686 2585 5759 gentiles
2614 5686 2937 5743 inhabitant.

2036 5866 2198 5921 Vens.
2231 5866 2322 5933 3'5,
2359 5867 2428 5923 54
2491 5885 2509 5920 ι
2551 5864 2907 5938 Respondcns
2940 5876 3115 5921 autem
3145 5865 3333 5919 Petrus
3396 5859 3532 5915 dixit
