3968 6460
419 387 524 454 4U

1266 384 1844 448 THEOPHYLACTI
1880 387 2293 450 BULGARI/E
2330 391 2691 452 ARCHIEP.

3566 388 3664 453 448

424 504 500 558 illi
543 528 553 561 :
586 503 699 560 Etsi
737 515 928 559 omnes
963 499 1320 558 scandalizati
1363 502 1566 558 fuerint
1592 504 1643 558 in
1673 514 1746 568 te,
1781 521 1882 575 ego
1913 515 1995 561 ta-

2105 508 2303 569 πάντες
2359 506 2908 578 σκανδαλισθήσονται
2967 506 3027 561 ὲν
3087 508 3192 572 σοὶ,
3245 505 3357 575 ἐγὼ
3413 504 3664 558 οὐδέποτε

427 610 546 649 men
577 609 851 664 nunquam
887 594 1197 648 scandalum
1233 595 1428 662 patiar.
1483 592 1622 650 Dicit
1647 596 1720 650 illi
1786 595 1944 653 Jesns
1977 617 1990 652 :

423 683 593 739 Amen
617 688 737 740 dico
768 685 861 740 tibi
893 683 1033 754 quod
1054 685 1106 738 in
1141 687 1240 739 hac
1260 697 1435 750 nocte,
1465 688 1784 758 priusquam
1823 690 1997 760 gallus

423 785 624 836 cantet,
657 784 737 830 ter
763 789 848 831 me
885 775 1126 845 negabis.
1166 794 1186 829 ι
1225 775 1307 831 Ob
1344 777 1564 832 multam
1604 780 1801 834 mentis
1831 782 1998 836 conli-

424 866 659 920 dentiam
695 865 887 922 Petrus
920 868 1068 923 solus
1101 868 1452 938 pollicebatur
1497 884 1555 924 se
1578 885 1681 924 non
1720 873 1996 926 seandali-

424 966 604 1012 zatum
641 957 728 1024 iri,
759 966 812 1013 et
835 958 1038 1013 idcirco
1055 960 1300 1028 permisit
1331 959 1476 1014 illum
1498 959 1750 1017 Christus
1775 966 1992 1030 cadere,

424 1059 482 1103 ut
511 1050 702 1104 doceat
725 1067 790 1104 ne
813 1051 936 1120 quis
958 1050 1012 1104 in
1045 1052 1222 1120 seipso
1244 1051 1502 1116 confidat,
1535 1055 1628 1108 sed
1665 1055 1715 1108 in
1751 1055 1862 1111 Deo
1900 1075 1914 1111 :
1942 1066 1996 1113 et

425 1141 530 1194 fide
557 1141 804 1212 digniora
837 1143 1194 1196 existimanda
1228 1142 1390 1198 verba
1425 1144 1649 1211 Christi,
1688 1161 1848 1214 quam
1903 1165 1998 1204 no-

424 1243 595 1285 stram
629 1233 1056 1288 conscientiam:
1115 1233 1369 1303 quoniant
1391 1244 1448 1288 et
1488 1238 1739 1306 superbia
1777 1239 1996 1310 plenum

422 1330 541 1376 erat
584 1324 764 1379 dicere
804 1342 817 1378 :
859 1343 878 1376 ι
915 1325 970 1379 Si
997 1341 1185 1380 omnes
1209 1327 1560 1382 scandalizati
1591 1328 1812 1386 fuerint.
1855 1351 1874 1384 ι
1901 1331 1999 1389 Os-

425 1411 671 1464 tenditur
696 1413 836 1466 cnim
865 1427 985 1468 esse
1009 1429 1271 1485 arrogans
1321 1427 1373 1470 ct
1404 1418 1653 1486 ignorans
1673 1436 1824 1475 suam
1851 1421 1998 1477 infir-

423 1501 683 1558 mitatem.
731 1503 985 1560 Praedicit
1028 1506 1192 1575 igitur
1231 1507 1490 1565 Dominus
1542 1511 1617 1565 illi
1672 1523 1726 1567 et
1777 1513 1994 1582 horam,

431 1593 574 1661 quod
602 1594 655 1648 in
693 1594 782 1650 illa
809 1605 984 1664 nocte,
1016 1608 1068 1652 et
1108 1600 1420 1670 priusquam
1454 1603 1630 1672 gallus
1687 1615 1868 1661 cantet
1895 1646 1912 1672 ,
1943 1617 1999 1663 et

424 1700 710 1742 numerum
765 1691 1134 1761 negationum,
1169 1707 1367 1764 nempe
1399 1697 1542 1766 quod
1591 1704 1675 1751 ter
1711 1707 1998 1769 negaturus

421 1777 513 1832 sit.

493 1868 659 1925 Vens.
687 1850 875 1926 55:56.
908 1890 928 1924 ι
965 1872 1104 1928 Dicit
1122 1873 1194 1928 illi
1221 1875 1414 1931 Petrus
1442 1898 1453 1934 :
1485 1878 1709 1935 Etiamsi
1745 1891 1998 1952 nportne-
2028 1851 2072 1911 Β

423 1957 496 2010 rit
532 1973 617 2012 me
639 1959 774 2014 mori
808 1969 1004 2026 tecum,
1031 1965 1342 2034 neutiquam
1379 1975 1429 2022 te
1465 1971 1688 2037 negabo.
1733 1970 1997 2028 Similiter

423 2059 603 2102 autem
634 2059 687 2102 et
715 2064 904 2105 omnes
923 2051 1170 2122 discipuli
1214 2055 1482 2112 dicebant.
1519 2057 1670 2116 Tunc
1738 2064 1881 2116 venit
1908 2062 1998 2118 Je-

423 2151 518 2192 sus
547 2153 668 2192 cum
726 2139 833 2194 illis
884 2141 935 2195 in
969 2142 1147 2196 villam
1201 2160 1322 2214 qua:
1361 2147 1559 2204 dicitur
1609 2151 1993 2218 Gethsemane,

422 2239 477 2284 ct
515 2230 646 2284 dixit
676 2231 989 2302 discipulis:
1025 2234 1218 2292 Sedete
1240 2239 1329 2294 hic
1352 2241 1522 2296 donec
1548 2244 1738 2298 vadam
1764 2254 1819 2300 et
1845 2261 1993 2301 orem

425 2319 554 2376 illic.
591 2339 610 2374 ›
654 2321 844 2378 Petrus
868 2326 1154 2394 genuinam
1191 2344 1340 2384 suam
1370 2330 1706 2389 affectionem
1726 2331 1998 2394 declarare

426 2413 634 2480 volens,
662 2417 1264 2475 contradicitSalvatori
1300 2439 1314 2476 :
1350 2424 1608 2481 liberatus
1629 2428 1770 2482 enim
1808 2443 1838 2482 a
1867 2444 1993 2499 pro-

423 2505 644 2560 ditionis
682 2517 849 2573 metu,
877 2523 943 2563 ex
975 2524 1170 2580 magno
1207 2527 1391 2570 amore
1421 2526 1476 2572 et
1499 2518 1788 2575 ambitione
1834 2525 2000 2593 coepit

421 2607 476 2650 ct
504 2603 692 2650 contra
719 2596 838 2652 illos
866 2598 1167 2670 insurgere,
1211 2610 1267 2658 et
1297 2605 1516 2660 Christo
1561 2609 1857 2665 reluctari:
1899 2613 1995 2668 sed

419 2695 475 2742 ct
501 2687 590 2742 alii
651 2688 906 2758 discipuli
957 2692 1193 2747 nondum
1262 2698 1469 2766 experti
1523 2701 1870 2768 tentationes,
1923 2718 1996 2758 ex

421 2781 719 2851 ignorantia
745 2782 966 2852 polliciti
1000 2793 1129 2839 sunt
1168 2800 1287 2854 qua:
1346 2798 1603 2856 prestare
1659 2807 1763 2848 non
1803 2805 1995 2864 potue-

426 2885 575 2928 runt.
631 2873 909 2928 Transivit
945 2885 1121 2931 autem
1159 2877 1405 2934 Christus
1437 2879 1490 2935 in
1539 2881 1714 2938 locum
1753 2899 1997 2942 seorsum

423 2976 697 3022 oraturus.
739 2965 865 3023 Otio
911 2969 1053 3022 enim
1082 2978 1135 3025 et
1165 2973 1589 3042 sequestratione
1620 2990 1756 3047 opus
1802 2979 2000 3036 habent

419 3075 630 3130 preces.

504 3152 894 3255 Vens._57_-39.
947 3179 966 3213 ι
1017 3161 1082 3255 Et
1130 3169 1408 3255 assumpto
1455 3163 1616 3217 Petro
1682 3175 1738 3219 et
1791 3164 2070 3255 duobnsc

427 3245 555 3300 filiis
615 3247 881 3315 Zebeda-l,
912 3254 1075 3323 cmpit
1106 3253 1242 3308 affici
1297 3255 1477 3310 dolore
1516 3271 1578 3309 ac
1609 3256 1996 3312 mtestitudine.

425 3337 578 3394 Tunc
601 3340 733 3396 dicit
769 3343 874 3400 illis
903 3344 1084 3413 Jesus,
1110 3345 1306 3402 Tristis
1337 3357 1419 3402 est
1475 3349 1653 3403 anima
1695 3364 1811 3404 mea
1830 3365 2001 3420 usque

424 3431 492 3485 ad
553 3443 804 3490 mortem.
850 3435 1067 3493 Maneto
1113 3439 1223 3503 hic,
1255 3450 1308 3493 et
1361 3440 1580 3510 vigilate
1636 3456 1868 3498 mecum.
1937 3442 2003 3498 Et

425 3537 744 3592 progressus
793 3527 1068 3595 pusillum,
1155 3530 1386 3600 procidit
1437 3531 1503 3586 .iu
1574 3531 1765 3586 faciem
1824 3547 2000 3600 suam,

426 3628 591 3668 orans
618 3622 673 3668 et
701 3615 882 3673 dicens
918 3636 933 3674 :
958 3618 1120 3675 Pater
1146 3622 1239 3687 mi,
1279 3621 1323 3677 si
1351 3623 1607 3690 possibile
1632 3631 1733 3689 est,
1765 3632 2002 3679 transeat

429 3718 458 3757 a
488 3720 573 3760 me
600 3707 740 3762 calix
796 3708 916 3764 iste.
971 3710 1353 3769 Verumtamen
1399 3729 1506 3769 non
1551 3715 1695 3770 sicut
1733 3729 1833 3784 ego
1858 3716 2000 3779 volo,

430 3797 525 3852 sed
557 3798 697 3853 sicut
721 3807 800 3856 tu.
834 3821 854 3855 ι
893 3801 1010 3858 Νοη
1040 3819 1229 3860 omnes
1285 3807 1508 3860 assumit
1565 3807 1876 3877 discipulos,
1907 3808 2001 3862 sed

431 3899 543 3945 tres
573 3901 798 3960 tantum,
834 3896 1031 3966 quibus
1076 3898 1389 3953 ostenderat
1444 3898 1669 3968 gloriam
1716 3900 1768 3953 in
1815 3907 2000 3952 monte

431 3981 790 4043 Thaborzne
812 4004 932 4044 cum
980 3989 1245 4044 vidissent
1273 4004 1398 4044 eum
1452 4001 1696 4044 orantem
1751 3997 1806 4043 et
1862 3989 2007 4044 labo-

431 4089 662 4145 rantem,
717 4080 1238 4136 scandalizarentur.
1273 4084 1541 4137 Caeterum
1573 4091 1624 4135 et
1683 4082 1802 4136 illos
1836 4082 2003 4136 relin-

431 4171 574 4240 quit,
598 4180 650 4224 ct
685 4171 796 4226 abit
820 4173 872 4224 in
905 4173 1326 4228 secretissimum
1357 4171 1554 4238 locum,
1586 4187 1648 4227 ac
1669 4182 1805 4227 orat.
1833 4172 2005 4228 Porro

431 4261 574 4334 quod
601 4269 825 4316 mm~tus
849 4272 932 4318 est
956 4271 1014 4317 et
1063 4263 1250 4318 dolore
1290 4263 1540 4326 aﬂiritur,
1598 4279 1692 4333 per
1720 4265 2004 4334 dispensa-

435 4355 638 4409 tionem
671 4353 857 4420 liebat,
893 4363 952 4408 ut
1003 4356 1259 4410 credatur
1310 4369 1474 4410 verus
1505 4371 1628 4411 esse
1666 4357 1846 4412 homo.
1887 4357 2004 4412 lfu-

435 4460 608 4501 manae
636 4446 778 4501 enim
824 4454 1030 4501 natura:
1069 4457 1152 4501 est
1193 4447 1385 4503 timere
1423 4459 1673 4515 mortem,
1733 4464 1800 4506 eo
1858 4448 2002 4518 quod

439 4535 602 4608 1&9
643 4546 838 4607 praeter
873 4545 1121 4592 naturam
1153 4538 1390 4608 ingressa
1442 4549 1526 4594 est
1561 4554 1728 4606 mors,
1757 4551 1810 4595 et
1841 4554 2002 4610 prop-
2034 4529 2078 4584 Ι)

443 4639 588 4684 terea
613 4627 755 4682 illam
795 4627 927 4697 fugit
967 4636 1182 4694 natura,
1215 4630 1342 4684 item
1377 4637 1436 4683 ut
1487 4631 1696 4701 ignoret
1736 4631 2004 4694 diabolus,

433 4727 492 4772 et
527 4718 744 4772 invadat
781 4732 904 4772 eum
932 4729 992 4773 ut
1029 4734 1221 4789 purum
1258 4720 1550 4781 hominem,
1591 4737 1697 4790 quo
1729 4732 1902 4775 morte
1927 4720 2008 4788 ip-

431 4825 551 4866 sum
581 4809 850 4876 conficiat,
878 4820 933 4866 et
959 4811 1038 4864 sic
1069 4821 1403 4866 conteratur.
1438 4810 1529 4866 Vel
1573 4813 1748 4877 aliter,
1785 4812 1842 4868 Si
1901 4813 2010 4867 Do-

435 4903 616 4957 minus
643 4903 694 4958 in
726 4913 949 4956 mortem
984 4903 1284 4966 insiliissot,
1323 4905 1563 4960 dedisset
1614 4903 1813 4959 Jmla-is
1838 4920 2008 4959 excu-

432 4996 695 5051 sationem
736 4995 875 5066 quod
933 5010 1037 5049 non
1072 5006 1408 5062 peccassent,
1430 4997 1573 5065 quod
1609 4998 1679 5049 ita
1713 4997 1846 5051 citra
1885 5013 1998 5050 me-

437 5098 551 5144 tum
589 5089 652 5141 ad
677 5101 901 5142 mortem
936 5086 1283 5157 prosiliisset.
1313 5086 1387 5140 Ex
1434 5089 1534 5141 hoc
1571 5089 1696 5142 item
1751 5088 2007 5142 discimus

437 5195 504 5237 ne
536 5195 633 5235 nos
658 5179 752 5247 ipsi
783 5178 837 5234 in
865 5178 1213 5233 tentationem
1245 5177 1567 5246 injiciamns,
1604 5178 1698 5231 sed
1727 5192 2010 5245 precemur

434 5284 491 5329 nt
524 5274 811 5329 liberemur
833 5273 898 5324 ab
926 5271 1026 5325 eis.
1063 5270 1126 5324 Et
1153 5277 1429 5340 propterea
1458 5285 1565 5324 non
1623 5269 1780 5337 longa
1805 5269 2012 5324 distan-

435 5365 507 5420 tia
539 5381 566 5418 a
596 5363 872 5431 discipulis
941 5361 1304 5432 progreditur,
1342 5361 1436 5415 sed
1495 5374 1660 5430 prope
1692 5369 1802 5414 tres
1841 5359 2008 5413 disci-

434 5457 591 5526 pulos
624 5465 831 5517 manet,
864 5463 923 5507 ut
949 5455 1235 5508 audientes
1267 5467 1388 5504 eum
1429 5465 1698 5506 memores
1737 5451 1846 5506 sint
1877 5457 1936 5504 ut
1957 5457 2011 5504 et

435 5547 538 5615 ipsi
566 5549 616 5600 in
649 5546 1034 5601 tentationibus
1063 5545 1262 5614 delapsi
1293 5551 1584 5613 precentur
1603 5541 1878 5597 similiter.
1905 5538 2010 5596 Ca-

431 5635 592 5693 licem
621 5652 745 5693 vero
780 5638 1081 5707 passionem
1107 5634 1372 5700 nominat,
1401 5631 1484 5686 vel
1516 5643 1730 5701 propter
1761 5647 2008 5686 somnum

433 5744 598 5798 quem
623 5729 772 5797 facit,
794 5730 875 5786 vel
900 5730 1044 5802 quod
1079 5726 1279 5784 laetitiae
1301 5739 1463 5780 causa
1496 5723 1566 5778 sit
1587 5737 1648 5776 ac
1684 5731 1880 5777 nostra:
1917 5738 2010 5778 sa-

432 5821 585 5877 lutis.
619 5820 741 5877 Vult
771 5832 952 5877 autem
1015 5817 1299 5876 transferri
1325 5814 1572 5876 calicem,
1607 5813 1690 5868 vel
1741 5824 1798 5869 ut
1860 5831 2012 5870 utnu-

2099 597 2648 668 σκανδαλισθήσομαι.
2704 600 2847 668 Ἔφη
2905 597 3054 668 αὖτῷ
3104 599 3132 651 6
3191 595 3440 667 Ἰησοῦς⁹
3498 596 3668 666 ’Δμὴν

2096 690 2240 756 λέγω
2267 707 2349 743 σοι
2375 690 2454 743 ὅτι
2481 692 2538 743 ὲν
2564 688 2736 761 ταύτῃ
2772 692 2838 760 τῇ
2867 689 3044 752 νυκτὶ,
3085 690 3215 759 πρὶν
3259 688 3529 758 ἀλέκτορα
3559 704 3670 752 φω-

2097 782 2277 851 νῆσαι,
2311 782 2433 852 τρὶς
2461 783 2755 854 ἀπαρνήσῃ
2796 799 2886 852 με.
2918 799 2936 834 ι
2979 781 3118 835 Ὑπὸ
3150 780 3353 850 πολλῆς
3381 778 3669 840 αὐθαδείας

2096 872 2125 926 ό
2156 873 2358 944 Πέτρος
2390 873 2548 942 μόνος
2575 873 2915 942 ὑπισχνεῖται
2949 871 3023 943 μὴ
3064 871 3526 939 σκανδαλισθῆναι
3551 885 3564 897 ·
3589 869 3668 922 διδ

2099 965 2279 1019 εῐασεν
2305 965 2468 1018 αὑτὸν
2495 967 2522 1018 ό
2545 965 2782 1034 Χριστὸς
2806 967 3015 1028 πεσεῖν,
3061 965 3149 1018 ῖνα
3189 963 3355 1036 πείσῃ
3386 963 3459 1032 μὴ
3492 961 3670 1030 ἑαυτῷ

2100 1056 2342 1128 θαρρεῖν,
2376 1056 2514 1110 ἀλλά
2559 1056 2636 1123 τῷ
2681 1056 2821 1128 Θεῷ,
2871 1056 2967 1112 καὶ
3017 1058 3368 1125 πιστοτέρους
3416 1053 3668 1124 ἡγεῖσθαι

2097 1149 2226 1211 τοὺς
2269 1147 2361 1201 τοῦ
2391 1149 2629 1219 Χριστοῦ
2669 1149 2861 1219 λόγους
2896 1151 2996 1219 τῆς
3030 1148 3238 1210 οἰκείας
3269 1146 3625 1217 συνειδήσεως
3649 1162 3666 1177 ο

2097 1240 2219 1296 ἐπεὶ
2267 1242 2360 1296 καὶ
2416 1241 2716 1313 ὑπεροψίας
2758 1241 2918 1312 γέμει
2955 1242 3015 1295 τὸ
3061 1241 3274 1293 εἰπεῖν·
3329 1258 3349 1291 ι
3375 1240 3439 1291 Εἰ
3469 1237 3668 1300 πάντες

2100 1334 2649 1404 σκανδαλισθήσονται
2672 1350 2690 1365 ο
2723 1353 2742 1386 ι
2787 1333 3033 1387 δείκνυσι
3067 1331 3180 1402 γὰρ
3209 1331 3371 1384 αὐτὸν
3411 1331 3670 1394 ἀλαζόνα,

2099 1426 2196 1481 καὶ
2226 1425 2301 1496 μὴ
2341 1425 2773 1496 ἐπιγινώσκοντα
2801 1424 2901 1497 τὴν
2929 1424 3134 1478 οἰκείαν
3177 1421 3490 1479 ἀσθένειαν,
3527 1421 3670 1490 Προ-

2098 1521 2244 1589 λέγει
2276 1515 2372 1574 οὖν
2401 1520 2552 1590 αὒτῷ
2576 1520 2604 1572 6
2634 1517 2837 1590 Κύριος
2860 1517 2955 1572 καὶ
2983 1515 3081 1588 τὴν
3107 1515 3276 1587 ὥραν,
3301 1517 3384 1568 ὃτι
3419 1516 3476 1566 ὲν
3497 1513 3673 1584 ταύτῃ

2097 1616 2164 1684 τῇ
2205 1613 2380 1676 νυκτὶ,
2429 1611 2526 1666 καὶ
2571 1612 2700 1682 πρὶν
2737 1611 2770 1682 ἢ
2809 1610 3077 1681 ἀλέκτορα
3133 1607 3406 1678 ιρωνῆσαι,
3448 1606 3544 1660 καὶ
3585 1607 3674 1657 τόν

2099 1703 2331 1775 ἀριθμὸν
2352 1701 2463 1757 τῶν
2495 1702 2800 1784 ἀρνήσεων,
2829 1701 2912 1755 ὅτι
2941 1702 3005 1754 ὲκ
3031 1698 3214 1771 τρίτου
3250 1699 3566 1768 ἀρνήσεται.

2175 1899 2194 1932 ι
2233 1880 2400 1950 Λέγει
2431 1877 2581 1949 αὐτῷ
2607 1879 2634 1931 6
2667 1878 2890 1948 Πέτροςο
2925 1875 3047 1930 Κᾶν
3074 1875 3168 1949 δὲῃ
3206 1891 3275 1945 με
3305 1873 3400 1926 σὺν
3427 1872 3510 1925 σοὶ
3541 1871 3678 1923 ἀπο-

2097 1971 2297 2039 θανεῖν,
2329 1972 2389 2025 οὒ
2423 1971 2498 2042 μή
2535 1987 2592 2023 σε
2619 1970 3048 2041 ἀπαρνήσωμαι.
3077 1967 3311 2038 Ὁμοίως
3337 1966 3394 2020 δὲ
3422 1966 3516 2018 καὶ
3541 1963 3677 2016 πάν-

2095 2081 2187 2128 τες
2216 2065 2265 2116 οί
2300 2062 2540 2134 μαθηταὶ
2589 2058 2762 2116 εἷπον.
2811 2061 2945 2116 Τότε
2997 2061 3217 2131 ἔρχεται
3272 2061 3387 2128 μετ’
3435 2056 3620 2112 αὐτῶν
3647 2055 3677 2108 ό

2107 2155 2313 2225 Ἰησοῦς
2341 2156 2422 2218 εἰς
2453 2154 2651 2226 χωρίον
2696 2154 2985 2223 λεγόμενον
3021 2153 3370 2221 Γεθσημανὴ,
3403 2151 3499 2203 καὶ
3525 2149 3676 2217 λέγει

2094 2250 2208 2311 τοῖς
2255 2248 2523 2319 μαθηταῖς
2550 2263 2565 2279 ο
2620 2246 2897 2300 Καθίσατε
2935 2244 3124 2310 αὐτοῦ,
3159 2243 3266 2306 ἕως
3312 2235 3373 2296 οὗ
3419 2239 3677 2297 ἀπελθὼν

2095 2338 2462 2412 προσεύξομαι
2495 2339 2627 2392 ἐκεῖ.
2658 2356 2676 2388 ι
2717 2335 2776 2391 '0
2807 2336 3009 2407 Πέτρος
3036 2335 3204 2390 θέλων
3233 2332 3570 2400 ἐνδείξασθαι
3597 2333 3677 2385 ὅτι

2095 2431 2324 2500 γνησίαν
2358 2429 2470 2498 ἔχει
2500 2428 2757 2491 διάθεσιν,
2806 2427 3076 2493 ἀντιλέγει
3106 2424 3184 2492 τῷ
3229 2425 3464 2495 Σωτῆρι*
3493 2423 3674 2476 ἀπαλ-

2095 2521 2279 2589 λαγεὶς
2309 2522 2416 2591 γὰρ
2441 2517 2536 2572 τοῦ
2559 2519 2647 2572 διὰ
2679 2517 2776 2588 τὴν
2807 2516 3098 2585 προδοσίαν
3148 2515 3334 2584 φόϐου,
3375 2516 3439 2567 ἐκ
3471 2511 3676 2580 πολλῆς

2095 2614 2317 2684 ἀγάπης
2342 2615 2434 2666 καὶ
2464 2611 2772 2683 φιλοτιμίας
2813 2609 3014 2682 ἤρξατο
3051 2607 3144 2660 καὶ
3191 2605 3298 2658 τῶν
3327 2604 3503 2658 ἄλλων
3542 2618 3676 2655 κατ-

2095 2704 2501 2770 εξανίστασθαι,
2565 2703 2661 2756 καὶ
2708 2702 2786 2772 τῷ
2835 2700 3058 2771 Χριστῷ
3106 2695 3499 2754 ἀνθίστασθαι⁶
3541 2692 3678 2746 ἀλλά

2095 2799 2192 2854 καὶ
2213 2800 2262 2851 oi
2294 2797 2470 2850 λοιποί
2493 2795 2736 2866 μαθηταὶ
2783 2794 2892 2847 ἀπὸ
2919 2792 3142 2861 ἀγνοίας
3179 2787 3538 2860 ὑπισχνοῦντο
3567 2784 3677 2855 πρὸ

2096 2890 2197 2962 τῆς
2220 2889 2328 2943 τῶν
2350 2886 2669 2959 πειρασμῶν
2696 2885 2914 2956 πείρας,
2938 2884 2975 2939 ἀ
3000 2885 3100 2937 οὐκ
3117 2881 3342 2954 ἔμελλον
3365 2877 3674 2933 τελειῶσαι.

2109 2982 2437 3053 ’Δπέρχεται
2463 2980 2520 3033 δὲ
2555 2979 2662 3051 ἰδίᾳ
2709 2975 3162 3049 προσευξόμενος.
3201 2973 3406 3044 Σχολῆς
3441 2973 3551 3042 γάρ
3582 2969 3680 3023 καὶ

2101 3073 2354 3145 ίδιασμοῦ
2389 3073 2558 3126 δεῖται
2585 3073 2618 3141 ἡ
2648 3071 2947 3141 προσευχή.

2177 3187 2195 3220 ι
2230 3169 2339 3222 Καὶ
2372 3162 2705 3235 παραλαϐὼν
2729 3163 2822 3216 τὸν
2867 3162 3072 3230 Πέτρον
3103 3159 3196 3214 καὶ
3223 3159 3350 3222 τοὺς
3401 3155 3496 3211 δύο
3523 3156 3678 3220 uicit;

2103 3258 2413 3324 Ζεϐεδαίου,
2454 3255 2658 3328 ἠρξατο
2699 3251 2990 3307 λυπεῖσθαι
3039 3254 3134 3304 καὶ
3183 3251 3475 3320 ἀδημονεῖν
3506 3265 3521 3280 ·
3552 3247 3677 3300 τότε

2103 3353 2252 3422 λέγει
2269 3352 2450 3414 αὐτοῖς
2471 3367 2486 3382 ’
2515 3347 2824 3418 Περίλυπός
2849 3347 2996 3400 ἐστιν
3015 3346 3049 3415 ἡ
3077 3343 3222 3414 ψυχή
3255 3359 3357 3412 μου
3383 3341 3488 3405 ἕως
3515 3339 3680 3395 θανά-

2100 3463 2196 3500 του
2221 3459 2235 3475 ο
2274 3443 2493 3512 μείνατε
2535 3437 2636 3493 ῶδε
2676 3439 2770 3492 καὶ
2815 3439 3139 3508 γρηγορεῖτε
3190 3434 3306 3506 μετ’
3355 3432 3532 3505 ἐμοῦ’
3582 3429 3682 3486 καὶ

2103 3529 2380 3605 προελθὼν
2408 3527 2622 3599 μικρὸν,
2647 3526 2840 3580 ἔπεσεν
2865 3525 2960 3578 ἐπὶ
2989 3521 3484 3596 πρόσωπονάὐτοῦ,
3509 3535 3684 3593 προσ-

2104 3623 2401 3694 ευχόμενος
2433 3622 2531 3674 καὶ
2568 3620 2741 3688 λέγων
2763 3632 2778 3647 ⁶
2811 3617 2995 3688 Πάτερ
3027 3634 3151 3687 μου,
3183 3617 3232 3670 εἰ
3257 3615 3483 3669 δυνατόν
3538 3615 3680 3680 ἐστι,

2106 3711 2424 3784 παρελθέτω
2451 3709 2548 3764 ἀπ’
2570 3708 2704 3779 ἐμοῦ
2733 3708 2795 3762 τὸ
2819 3707 3078 3778 ποτήριον
3100 3706 3279 3760 τοῦτο.
3311 3705 3456 3776 Πλὴν
3479 3703 3580 3775 οὐχ
3601 3704 3682 3767 ὡς

2103 3801 2216 3871 ἐγὼ
2251 3802 2410 3868 θέλω,
2440 3801 2554 3855 ἀλλ’
2599 3800 2674 3863 ὡς
2716 3799 2803 3856 σύ,
2837 3819 2854 3850 ι
2885 3800 2958 3852 Ού
3007 3799 3216 3858 πάντας
3260 3797 3686 3868 παραλαμϐάνει

2105 3895 2231 3959 τοὺς
2263 3894 2532 3966 μαθητὰς,
2575 3891 2711 3946 ἀλλά
2740 3893 2868 3955 τοὺς
2894 3893 3043 3962 τρεῖς
3075 3885 3157 3954 οἷς
3189 3889 3358 3955 ἔδειξε
3392 3891 3491 3962 τὴν
3517 3889 3682 3955 δόξαν

2106 3989 2165 4042 ἐν
2192 3987 2272 4058 τῷ
2300 3984 2522 4054 Θαϐὼρ,
2563 3984 2650 4037 ἵνα
2685 3983 2760 4054 μὴ
2797 3982 2997 4046 ἰδόντες
3037 3982 3201 4036 αὐτὸν
3248 3981 3686 4052 προσευχόμενον

2106 4080 2202 4137 καὶ
2225 4077 2623 4149 ἀδημονοῦντα,
2657 4076 3144 4131 σκανδαλισθῶσιν’
3173 4076 3322 4145 ὅμως
3347 4074 3402 4127 δὲ
3429 4075 3522 4126 καὶ
3551 4071 3686 4124 τού·

2106 4195 2232 4240 τους
2270 4177 2496 4247 ἀφίησι,
2535 4172 2630 4227 καὶ
2668 4169 2918 4224 ἀπελθὼν
2968 4169 3236 4225 ἰδιαίτατα
3281 4166 3682 4237 προσεύχεται·

2107 4265 2466 4337 οἰκονομικῶς
2496 4265 2554 4318 δὲ
2577 4263 2828 4315 λυπεῖται
2853 4263 2946 4315 καὶ
2978 4260 3260 4328 ἀδημονεῖ,
3290 4258 3441 4318 ὅπως
3473 4254 3685 4310 πιστῶν

2111 4375 2270 4429 σηται
2289 4359 2372 4410 ὅτι
2406 4354 2621 4425 ἀληθῶς
2643 4352 2928 4424 ἄνθρωπος
2953 4347 3042 4422 ἦν.
3065 4351 3178 4420 Τῆς
3205 4351 3314 4422 γάρ
3334 4347 3690 4419 ἀνθρωπίνης

2109 4451 2322 4521 φύσεως
2354 4448 2416 4502 τὸ
2460 4447 2664 4517 δειλιᾷν
2717 4444 2966 4500 θάνατον’
3000 4443 3135 4497 διότι
3183 4444 3278 4496 καὶ
3320 4441 3474 4511 παρά
3521 4438 3690 4509 φύσιν

2105 4542 2354 4612 εἰσῆλθεν
2386 4543 2414 4594 6
2448 4540 2698 4602 θάνατος,
2751 4538 2846 4590 καὶ
2889 4535 2978 4589 διὰ
3023 4535 3182 4588 τοῦτο
3214 4535 3247 4606 ἠ
3281 4533 3443 4602 φύσις
3489 4532 3690 4600 φεύγει

2106 4634 2292 4688 τοῦτον
2313 4649 2328 4662 ·
2351 4631 2468 4699 ἅμα
2488 4631 2542 4683 δὲ
2571 4629 2658 4682 ἵνα
2679 4627 2775 4682 καὶ
2797 4627 2932 4697 λάθῃ
2963 4626 3054 4679 τὸν
3083 4624 3347 4690 διάϐολον,
3368 4623 3465 4678 καὶ
3487 4625 3693 4692 ἐπιπη-

2107 4727 2242 4798 δήσῃ
2272 4725 2420 4794 αὐτῷ
2448 4723 2523 4786 ὡς
2553 4721 2693 4792 ψιλῷ
2735 4719 3028 4791 ἀνθρώπῳ,
3057 4718 3198 4772 ὥστε
3242 4715 3557 4772 θανατῶσαι
3584 4715 3694 4768 αὐο

2107 4822 2219 4886 τὸν,
2249 4821 2348 4876 καὶ
2380 4818 2522 4872 οὕτω
2561 4817 2842 4888 συντριϐῇ.
2897 4815 3108 4879 Ἀλλως
3141 4831 3222 4877 τε,
3259 4814 3323 4866 Εἰ
3367 4813 3691 4881 ὲπεπήδησε

2107 4913 2188 4984 τῷ
2233 4912 2447 4982 θανάτῳ
2489 4911 2517 4964 ό
2572 4909 2797 4980 Κύριος,
2855 4907 3056 4960 ἔδωκεν
3111 4907 3178 4960 ἂν
3237 4907 3349 4968 τοῖς
3405 4903 3693 4965 Ἰουδαίοις

2108 5004 2427 5073 ἀπολογίαν,
2460 5003 2535 5066 ὡς
2567 5002 2664 5071 ούχ
2695 5001 2942 5071 ἥμαρτον
2989 4998 3412 5059 ἀποκτείναντες
3433 4995 3527 5048 τὸν
3558 4995 3688 5047 ἔπι-

2108 5092 2429 5163 πηδήσαντα
2449 5090 2524 5160 τῷ
2553 5089 2737 5144 πάθει.
2771 5087 2867 5140 Ἐκ
2909 5088 3098 5142 τούτου
3129 5087 3187 5141 δὲ
3220 5087 3564 5158 μανθάνομεν
3593 5085 3692 5137 καὶ

2109 5182 2265 5236 αὐτοὶ
2294 5181 2370 5252 μὴ
2409 5179 2755 5251 ὲπιρῤίπτειν
2782 5179 3010 5241 ἑαυτοὺς
3051 5180 3132 5242 εἰς
3170 5177 3537 5248 πειρασμοὺς,
3569 5174 3690 5228 ἀλλ’

2108 5270 2362 5341 εὔχεσθαι
2391 5269 2653 5340 ῥυσθῆναι
2683 5271 2747 5322 ὲκ
2771 5269 2975 5322 τούτων
2996 5284 3011 5300 ο
3046 5267 3133 5322 διά
3159 5267 3318 5321 τοῦτο
3351 5269 3461 5338 γάρ
3494 5267 3592 5319 καὶ
3623 5267 3691 5320 οὐ

2111 5363 2243 5414 πολὺ
2303 5359 2699 5430 παρεξέρχεται
2745 5359 3053 5430 διάστημα,
3105 5360 3240 5414 ἀλλά
3293 5359 3524 5428 πλησίον
3577 5357 3691 5410 τῶν

2109 5453 2276 5523 τριῶν
2324 5451 2604 5522 μαθητῶν,
2651 5451 2737 5504 ἵνα
2794 5451 3083 5514 ἀκούοντες
3137 5449 3326 5514 αὑτοῦ,
3373 5451 3694 5520 μνήσωνται

2112 5546 2205 5597 καὶ
2252 5545 2405 5598 αὐτοὶ
2449 5545 2778 5613 πειρασμοῖς
2829 5543 3237 5613 περιπεσόντες,
3271 5543 3366 5594 καὶ
3411 5542 3481 5595 τά
3525 5541 3696 5612 ὃμοια

2111 5635 2402 5699 εὔξωνται·
2430 5636 2690 5704 ποτήριον
2720 5634 2775 5687 δὲ
2804 5634 3061 5704 ὀνομάζει
3090 5636 3150 5687 τὸ
3193 5635 3386 5697 πάθος,
3415 5634 3448 5705 ἢ
3477 5634 3568 5686 διὰ
3599 5632 3695 5686 τὸν

2111 5727 2176 5780 ὲκ
2203 5725 2391 5779 τούτου
2422 5725 2609 5788 ὕπνον,
2641 5725 2673 5795 ἢ
2704 5725 2836 5780 διότι
2886 5726 3225 5796 εὐφροσύνης
3263 5726 3436 5778 αἴτιον
3461 5724 3554 5777 καί
3584 5740 3697 5775 σω-

2110 5813 2306 5884 τηρίας
2349 5814 2482 5884 ἡμῖν
2518 5812 2734 5883 ἐγένετο
2762 5829 2777 5846 ο
2808 5812 2950 5868 θέλει
2993 5813 3050 5868 δὲ
3099 5813 3582 5886 παραϐιϐασθῆναι
3627 5812 3695 5865 τὸ
