3968 6460
293 326 397 387 ΗΕ)

846 330 1293 395 ENARRATIO
1329 334 1409 396 IN
1449 329 1881 397 EVANGELIU

1987 325 2373 388 MATTH/EI.
2409 351 2477 362 --
2511 326 2669 389 CAP.
2709 325 2927 387 XXVI.

3438 326 3548 389 450

296 440 577 508 ποτήριον,
626 437 659 509 ἦ
713 439 801 493 ἵνα
830 441 999 513 δείξῃ,
1040 443 1123 496 ὅτι
1177 443 1252 508 ὡς
1296 442 1583 515 ἄνθρωπος
1623 442 1873 512 φυσικοῖς

1987 446 2126 493 stret
2157 453 2217 492 se
2259 446 2315 490 ut
2347 436 2615 490 hominem
2650 438 2969 492 naturaliter
2991 437 3264 507 deprecari
3297 446 3545 499 mortem.

297 532 483 603 νόμοις
526 536 873 604 παραιτεῖται
907 537 999 590 τὸν
1045 536 1297 602 θάνατον,
1343 536 1488 590 καθὰ
1518 535 1865 606 προείρηται,

295 623 330 693 ἧ
359 623 497 676 διότι
529 624 627 676 οὐκ
675 625 831 694 ἤθελε
880 627 1199 697 τηλικοῦτον
1246 628 1551 698 ἁμάρτημα
1604 627 1871 697 ἁμαρτεῖν

295 714 422 779 τοὺς
463 715 771 786 Ἐϐραίους,
804 716 943 771 ὥστε
994 719 1061 773 δι’
1085 719 1219 774 αὐτὸ
1261 721 1581 791 καθαίρεσιν
1614 718 1869 786 γενέσθαι

296 804 388 859 τοῦ
420 806 549 860 ναοῦ
586 808 679 860 καὶ
706 810 980 863 ἀπώλειαν
1028 812 1121 864 τοῦ
1150 811 1301 867 λαοῦ.
1340 813 1486 883 Πλὴν
1516 811 1577 864 τὸ
1611 810 1873 882 πατρικὸν

299 896 510 968 θέλημα
544 898 792 967 βούλεται
845 901 1118 968 γενέσθαι,
1148 903 1235 957 ἴνα
1270 902 1365 957 καὶ
1396 906 1554 973 ἡμεῖς
1586 902 1872 973 μάθωμεν,

295 990 378 1044 ὅτι
405 991 456 1042 εί
483 990 576 1043 καὶ
605 992 637 1060 ή
666 990 826 1059 φύσις
870 992 1120 1047 ἀνθέλκει
1151 996 1319 1065 ἡμᾶς,
1358 996 1443 1048 δεῖ
1484 994 1767 1048 πείθεσθαι
1794 993 1874 1065 τῷ

298 1078 416 1148 Θεῷ
443 1080 666 1146 μᾶλλον,
699 1081 731 1150 ἢ
761 1081 822 1134 τὸ
846 1083 1055 1136 ἐκείνου
1084 1084 1196 1156 (54)
1232 1085 1444 1155 θέλημα
1474 1084 1734 1157 πληροῦν.

373 1190 392 1221 ι
428 1172 537 1224 Καὶ
575 1171 793 1242 ἔρχεται
834 1174 969 1244 πρὸς
997 1177 1123 1237 τοὺς
1156 1177 1426 1248 μαθητὰς,
1482 1179 1578 1232 καὶ
1625 1179 1873 1249 εὑρίσκει

296 1261 498 1323 αὐτοὺς
542 1262 922 1331 καθεύδοντας,
975 1268 1068 1320 καί⁵
1116 1267 1263 1337 λέγει
1312 1269 1391 1339 τῷ
1432 1270 1657 1341 Πέτρῳ·
1688 1268 1875 1333 Οὕτως

296 1352 397 1405 ούκ
448 1354 705 1424 ἰσχύσατε
762 1356 891 1425 μίαν
947 1357 1094 1429 ὥραν
1146 1361 1492 1432 γρηγορῆσαι
1551 1361 1668 1431 μετ’
1702 1361 1872 1433 ἐμοῦ;

295 1443 628 1513 Γρηγορεῖτε
660 1448 755 1499 καὶ
796 1450 1184 1520 προσεύχεσθε,
1228 1452 1315 1505 ἵνα
1362 1453 1435 1525 μὴ
1480 1453 1757 1523 εἰσέλθητε
1797 1453 1877 1515 εἰς

298 1539 629 1605 πειρασμόν.
667 1539 740 1592 Τὸ
788 1540 888 1611 μὲν
945 1543 1162 1613 πνεῦμα
1212 1543 1513 1615 πρόθυμον,
1564 1547 1599 1613 ή
1637 1545 1693 1598 δὲ
1740 1544 1876 1614 σὰρξ

296 1627 556 1697 ἀσθενής.
592 1648 611 1680 ›
639 1628 859 1701 Ἐπειδὴ
894 1631 1098 1703 θρασὺς
1129 1628 1198 1705 ἦν
1227 1637 1254 1688 ὁ
1286 1636 1493 1705 Πέτρος
1524 1634 1618 1689 καὶ
1650 1634 1700 1687 οἱ
1727 1634 1876 1689 ἄλλοι

299 1720 568 1790 μαθηταὶ,
599 1722 811 1792 ἐλέγχει
858 1726 1037 1778 αὐτῶν
1078 1727 1178 1797 τήν
1213 1727 1522 1792 ἀσθένειαν,
1555 1728 1629 1791 ὡς
1671 1745 1877 1799 προπε⁶

296 1813 535 1883 τέστερα
566 1815 979 1885 φθεγξαμένων,
1019 1819 1113 1872 καὶ
1150 1819 1384 1890 μάλιστα
1423 1819 1502 1890 τῷ
1533 1819 1724 1891 Πέτρῳ
1761 1819 1876 1872 δια-

298 1904 543 1974 λέγεται.
582 1907 738 1961 Οὕτω
767 1910 897 1979 μίαν
926 1909 1074 1981 ὥραν
1102 1911 1489 1982 ούκίσχύσατε
1523 1911 1875 1983 ἀγρυπνῆσαι

304 2000 421 2070 μετ’
452 2001 621 2070 ἐμοῦς
651 2002 746 2055 καὶ
772 2003 887 2066 πῶς
924 2004 1022 2067 τὰς
1058 2004 1236 2075 ψυχὰς
1262 2005 1415 2075 ὑμῶν
1444 2004 1583 2075 ὑπὲρ
1618 2004 1750 2071 ἐμοῦ
1783 2005 1879 2075 θή-

302 2108 463 2159 σετε;
506 2091 670 2145 Ἀλλὰ
715 2094 876 2147 πάλιν
926 2095 1113 2167 ἐπειδὴ
1149 2096 1236 2150 διὰ
1265 2097 1359 2150 τοῦ
1402 2096 1624 2168 ἐλέγχου
1655 2095 1876 2166 ἔπληξε,

301 2185 600 2256 θεραπεύει
631 2188 687 2239 ἐν
734 2186 811 2255 τῷ
850 2188 1045 2253 είπεῖν,
1084 2189 1255 2243 ὅτιτὸ
1301 2190 1397 2260 μὲν
1436 2190 1654 2260 πνεῦμα
1677 2190 1879 2260 πρόθυ-

304 2294 427 2346 μον,
461 2277 579 2329 am
611 2280 645 2349 ή
694 2279 795 2349 τῆς
838 2279 1038 2349 σαρκὸς
1090 2281 1402 2336 ἀντιπίπτει
1427 2282 1697 2345 ἀσθένεια,
1721 2299 1880 2337 τουτ-

302 2368 439 2433 έστι,
486 2370 820 2439 συγγνώμης
878 2370 1015 2437 ἀξιῶ
1045 2371 1209 2440 ὑμᾶς,
1252 2372 1334 2426 ὅτι
1372 2372 1431 2425 ού
1466 2373 1555 2427 διά
1598 2372 1879 2441 καταφρό-

302 2477 462 2529 νησιν
524 2462 964 2528 ἀπενυστάξατε,
1024 2462 1160 2517 ἀλλὰ
1224 2463 1292 2517 δι’
1347 2464 1633 2517 ἀσθένειαν
1665 2479 1678 2491 ·
1738 2461 1881 2514 ὥστε

300 2554 492 2609 λοιπὸν
536 2556 658 2608 ἐπεὶ
712 2555 957 2621 ἀσθενεῖς
1014 2558 1157 2623 ἐστε,
1213 2558 1287 2631 μὴ
1337 2558 1692 2630 θρασύνεσθε,
1746 2556 1882 2611 ἀλλὰ

302 2647 678 2718 προσεύχεσθε
708 2648 792 2702 ἵνα
845 2649 919 2719 μὴ
950 2648 1227 2721 εἰσέλθητε
1262 2652 1342 2714 είς
1379 2650 1681 2721 πειρασμὸν
1719 2649 1884 2720 μηδί-

302 2737 415 2802 λως
440 2754 454 2769 ο
483 2740 632 2793 ἄλλοι
667 2741 723 2794 δὲ
753 2741 835 2805 τὸ,
863 2742 955 2811 Μὴ
979 2741 1256 2813 εἰσέλθητε
1285 2743 1365 2801 εἰς
1390 2742 1717 2814 πειρασμὸν,
1733 2740 1885 2795 νοοῦ-

305 2847 399 2884 σιν
430 2832 558 2885 ἀντὶ⁵
587 2832 705 2896 τοῦ,
740 2832 831 2903 Μὴ
867 2831 1123 2904 νικηθῆτε
1170 2833 1273 2887 ὑπὸ
1313 2833 1406 2887 τοῦ
1448 2832 1777 2905 πειρασμοῦ.
1809 2832 1882 2887 Ού

302 2929 424 2995 γὰρ
455 2925 543 2995 δὴ,
579 2926 739 2994 φασὶ,
774 2926 983 2979 κελεύει
1015 2928 1160 2997 ἡμᾶς
1207 2926 1569 2997 ἀπειράστους
1619 2921 1782 2980 εἶναι.
1820 2926 1883 2979 Οί

299 3018 609 3087 πειρασμοὶ
640 3018 748 3088 γάρ
795 3022 932 3073 εἰσιν
975 3020 1023 3072 οἰ
1075 3017 1487 3087 στεφανοῦντες,
1521 3017 1656 3071 ἀλλὰ
1700 3018 1759 3072 τὸ
1809 3017 1883 3089 μὴ

1970 532 2111 586 sicut
2160 530 2474 600 prtedictum
2498 539 2581 584 est
2616 546 2631 583 :
2665 529 2748 583 vel
2775 531 2915 598 quod
2960 530 3132 586 noluit
3172 530 3388 587 Juda‘os
3442 543 3547 585 tam

1971 638 2135 694 grave
2165 629 2443 692 peccatum
2470 636 2717 692 peccare,
2759 634 2977 690 propter
3001 624 3142 692 quod
3166 624 3543 678 destrueretur

1974 716 2227 785 templum
2251 715 2557 786 periretque
2580 714 2829 783 populus.
2856 714 3246 771 Verumtamen
3271 728 3547 786 paternam

1972 805 2302 860 voluntatem
2342 804 2458 859 ﬁeri
2482 805 2596 860 vult
2630 822 2645 861 :
2680 814 2738 859 ut
2769 814 2825 860 et
2880 821 2979 861 nos
3006 808 3279 862 discamus
3310 808 3450 876 quod
3482 805 3550 859 li-

1973 909 2057 955 cet
2091 908 2280 954 natura
2312 899 2630 963 reluctetur,
2662 897 2770 953 Deo
2796 906 2976 953 tamen
3045 899 3215 969 magis
3270 901 3551 969 obtempe-

1974 1007 2097 1046 rare
2124 1006 2285 1062 quam
2316 999 2555 1045 nostram
2609 990 2946 1046 voluntatem
2982 990 3207 1061 implere
3236 978 3550 1047 debeamus.

2057 1164 2219 1220 Vens.
2252 1165 2345 1229 40,
2380 1165 2468 1219 Μ.
2502 1184 2521 1217 ι
2560 1163 2626 1221 Ει
2648 1166 2794 1220 venit
2821 1166 2886 1221 ad
2915 1166 3230 1237 discipulos,
3265 1165 3543 1222 etinvenit

1977 1272 2072 1313 eos
2101 1258 2453 1322 dormientes,
2481 1267 2535 1312 et
2561 1258 2693 1312 dicit
2726 1258 2889 1313 Petro
2919 1275 2934 1312 :
2966 1259 3116 1314 Adeo
3165 1274 3271 1315 non
3306 1259 3555 1328 potuistis

1977 1365 2079 1403 una
2132 1349 2262 1402 hora
2315 1349 2536 1419 vigilare
2589 1349 2844 1404 meeum?
2878 1350 3109 1419 Vigilate
3165 1358 3220 1405 et
3278 1359 3453 1415 orate,
3489 1365 3556 1404 ne

1956 1442 2191 1497 intretis
2224 1442 2276 1496 in
2315 1443 2692 1497 teutatiouem.
2740 1442 2974 1512 Spiritus
3004 1443 3218 1511 quidem
3276 1450 3554 1511 promptus

1976 1546 2082 1601 est,
2108 1543 2164 1589 at
2194 1551 2321 1590 caro
2347 1536 2579 1591 inﬁrma.
2617 1554 2634 1587 ι
2662 1535 2926 1603 Quoniam
2962 1536 3137 1589 audax
3178 1546 3295 1589 erat
3329 1536 3542 1600 Petrus,

1978 1637 2027 1683 et
2059 1627 2149 1682 alii
2196 1628 2470 1698 discipuli,
2497 1629 2673 1698 arguit
2725 1628 2936 1682 illorum
2974 1627 3367 1691 inﬁrmitatem,
3412 1625 3553 1695 quod

1982 1719 2271 1775 temeraria
2304 1718 2505 1773 fuerint
2529 1719 2688 1775 locuti
2723 1736 2738 1774 :
2771 1728 2822 1774 et
2842 1717 3003 1773 Petro
3033 1719 3330 1789 praesertim
3374 1717 3555 1787 loqui-

1981 1823 2087 1869 tur.
2119 1813 2267 1868 Adeo
2291 1828 2395 1867 una
2429 1813 2562 1867 hora
2593 1827 2699 1867 non
2758 1812 3011 1882 potuistis
3059 1812 3280 1882 vigilare
3308 1811 3555 1865 meeum?

1976 1907 2321 1975 etquomodo
2378 1905 2588 1960 animas
2638 1914 2846 1959 vestras
2873 1919 2970 1972 pro
3030 1918 3115 1957 me
3160 1903 3417 1974 ponetis?
3449 1903 3554 1969 Sed

1977 1996 2172 2051 iterum
2207 2006 2488 2067 postquam
2570 1996 2997 2064 reprehensione
3070 1994 3555 2064 eosfprtestrinxit,

1979 2098 2134 2144 curat
2195 2088 2425 2143 dicendo
2460 2086 2738 2157 :Spirilus
2764 2087 2978 2156 quidem
3034 2095 3314 2155 promptus
3373 2095 3475 2151 εει,
3504 2094 3560 2139 at

1977 2180 2163 2235 carnis
2218 2178 2528 2233 obluctatur
2562 2178 2920 2233 imbecillitas.
2976 2175 3089 2233 Hoc
3122 2186 3226 2244 est,
3267 2176 3432 2233 Venia
3463 2191 3560 2230 vos

1983 2272 2197 2341 dignor,
2232 2271 2374 2341 quod
2406 2285 2512 2325 non
2545 2278 2769 2341 prepter
2798 2277 3169 2340 contemptum
3215 2268 3559 2325 obdormive-

1980 2363 2121 2427 ritis,
2158 2362 2250 2416 sed
2288 2371 2507 2429 propter
2530 2360 2919 2416 inﬁrmitatem.
2965 2359 3122 2416 Unde
3148 2361 3394 2430 posthac,
3432 2360 3557 2428 quia

1980 2452 2180 2508 inﬁrmi
2208 2453 2366 2519 estis,
2407 2468 2513 2507 non
2546 2453 2668 2508 sitis
2703 2462 2810 2506 tam
2876 2453 3107 2508 audaces
3136 2468 3152 2506 :
3185 2453 3278 2507 sed
3318 2461 3467 2507 orate
3503 2459 3562 2504 ut

1982 2544 2036 2599 in
2067 2545 2269 2599 nullam
2303 2546 2516 2599 intretis
2540 2544 2911 2599 teutationem.
2952 2544 3055 2599 Alii
3109 2552 3312 2607 autem,
3344 2541 3423 2598 Ne
3473 2543 3558 2597 in-

1984 2636 2139 2691 tretis
2163 2637 2214 2689 in
2248 2636 2618 2700 tetztatiouem,
2673 2634 3001 2706 intelligunt,
3063 2649 3130 2689 ne
3180 2634 3470 2689 vincamiui
3524 2651 3554 2687 a

1986 2731 2307 2786 tentatioue.
2369 2727 2487 2782 Non
2532 2728 2674 2782 enim
2701 2726 2859 2797 jubet
2915 2741 3013 2782 nos
3070 2726 3187 2781 sine
3259 2727 3560 2781 tentatioue

1984 2836 2125 2887 esse,
2151 2836 2271 2875 nam
2302 2821 2628 2874 tentationes
2661 2833 2759 2874 nos
2788 2826 3073 2885 coronant,
3107 2820 3199 2874 sed
3223 2832 3287 2873 ne
3311 2833 3343 2872 a
3374 2829 3560 2873 tenta-

1997 2912 2141 2966 tione
2168 2911 2576 2974 absorbeamur,
2612 2918 2664 2964 et
2711 2909 2974 2965 intremus
3035 2911 3088 2964 in
3138 2919 3384 2965 ventrem
3446 2909 3564 2979 ejus

1988 3001 2144 3069 quasi
2169 3000 2356 3056 bestiae
2381 3000 2685 3071 cujusdam,
2711 3001 2811 3056 hoc
2831 3000 2986 3070 jubet
3012 3016 3192 3056 orare.
3218 3000 3354 3055 Nam
3386 3003 3561 3055 vietus

299 3108 689 3178 καταποθῆναι
720 3109 824 3161 ὑπὸ
861 3108 955 3162 τοῦ
997 3110 1326 3180 πειρασμοῦ,
1372 3112 1466 3164 καὶ
1510 3111 1769 3166 εἰσελθεῖν
1806 3113 1881 3175 εἰς

1989 3107 2017 3144 a
2050 3092 2367 3157 tentatioue,
2399 3093 2702 3163 ingreditur
2724 3094 2779 3149 in
2805 3107 2947 3160 eam,
2979 3094 3086 3149 hoc
3115 3101 3221 3163 est,
3244 3092 3563 3151 absorbetur

299 3202 410 3269 τὴν
448 3199 658 3252 κοιλίαν
705 3199 871 3252 αὐτοῦ
924 3200 999 3263 ὡς
1047 3200 1237 3271 θηρίου
1267 3201 1433 3267 τινὸς,
1485 3201 1643 3257 τοῦτο
1674 3186 1923 3258 κελεύει.
1987 3182 2056 3238 ab
2088 3196 2174 3238 ea-
2682 3195 2697 3206 ’

299 3287 567 3358 εὔχεσθαι
586 3306 601 3320 ο
628 3291 657 3342 ὁ
678 3290 785 3360 γὰρ
812 3290 1064 3360 ἡττηθεὶς
1092 3291 1198 3343 ὑπὸ
1222 3292 1316 3344 τοῦ
1348 3293 1679 3362 πειρασμοῦ,
1704 3295 1885 3365 εἰσῆλ-

304 3378 408 3430 θεν
440 3378 521 3442 εἰς
545 3378 728 3443 αὐτὸν,
763 3380 1033 3448 τουτέστι,
1068 3380 1341 3454 κατεπόθη
1373 3383 1465 3437 ὑπ’
1491 3384 1680 3439 αὐτοῦ.

391 3488 408 3521 ι
438 3470 604 3525 Πάλιν
629 3472 691 3524 ἐκ
724 3470 973 3541 δευτέρου
1006 3473 1257 3527 ἀπελθὼν
1286 3474 1646 3545 προσηύξατο,
1671 3475 1843 3545 λέγων
1866 3493 1882 3510 ’

301 3564 497 3632 Πάτερ
517 3579 638 3631 μου,
672 3564 719 3615 εί
737 3563 796 3615 ού
821 3562 1043 3617 δύναται
1066 3562 1220 3617 τοῦτο
1235 3564 1294 3617 τὸ
1316 3565 1573 3637 ποτήριον
1596 3566 1887 3637 παρελθεῖν

303 3657 412 3711 ἀπ’
439 3657 573 3727 ἐμοῦ
596 3658 692 3711 ὲὰν
723 3658 796 3727 μὴ
824 3658 955 3711 αὐτὸ
984 3657 1109 3725 πίω,
1132 3660 1415 3731 γενηθήτω
1440 3662 1500 3714 τὺ
1526 3662 1737 3733 θέλημὰ
1767 3678 1881 3715 σου·

304 3750 410 3801 καὶ
432 3747 599 3801 ἐλθὼν
624 3747 874 3819 εὑρίσκει
924 3749 1123 3812 αὐτοὺς
1148 3751 1311 3803 πάλιν
1336 3750 1722 3814 καθεύδοντας⁸
1744 3746 1885 3821 ἦσαν

304 3840 428 3907 γὰρ
487 3839 663 3895 αὐτῶν
710 3840 761 3891 oi
814 3839 1081 3910 ὀφθαλμοὶ
1133 3839 1517 3911 βεϐαρημένοι.
1572 3842 1682 3898 Καὶ
1727 3843 1885 3912 ἀφεὶς

305 3928 549 3994 αὐτοὺς,
592 3930 841 3984 ἀπελθὼν
883 3930 1044 3985 πάλιν
1079 3931 1423 4002 προσηύξατο
1461 3933 1525 3986 ὲκ
1562 3933 1768 4004 τρίτου,
1792 3933 1884 3986 τὸν

304 4022 479 4075 αὑτὸν
502 4021 657 4089 λόγον
694 4021 885 4087 είπών.
922 4039 942 4075 ι
974 4023 1247 4089 Μάνθανε,
1272 4018 1316 4078 ὦ
1344 4023 1619 4095 ἄνθρωπε,
1647 4026 1884 4097 συνεχῶς

304 4111 711 4183 προσεύχεσθαι
744 4115 801 4167 ὲν
834 4116 945 4177 τοῖς
972 4117 1317 4186 πειρασμοῖς,
1348 4116 1579 4183 ἀκούων,
1610 4120 1693 4173 ὅτι
1723 4119 1819 4173 καὶ
1854 4120 1883 4172 ὁ

308 4207 522 4275 Κύριος
568 4207 828 4271 πολλάκις
886 4207 1103 4279 ηὔχετο.
1153 4209 1341 4280 Εύρὼν
1380 4211 1437 4264 δὲ
1482 4211 1679 4276 αὐτοὺς
1720 4213 1883 4268 πάλιν

311 4299 696 4365 καθεύδοντας,
736 4301 797 4354 ού
858 4300 1172 4372 διήλεγξεν,
1220 4300 1308 4355 ἴνα
1360 4302 1434 4374 μὴ
1480 4302 1718 4375 λυπήσῃ,
1767 4302 1882 4357 ἀλλ’

308 4391 529 4461 ἀφίησι.
556 4392 664 4445 Καὶ
691 4392 940 4446 ἀπελθὼν
969 4393 1310 4464 προσηύξατο
1334 4396 1398 4449 ἐκ
1421 4397 1628 4466 τρίτου,
1650 4394 1882 4465 βεϐαιῶν

2062 3490 2228 3546 Vsus.
2265 3490 2367 3545 42-
2386 3491 2475 3563 Η.
2510 3510 2529 3545 ι
2588 3491 2797 3547 Rursus
2828 3492 2996 3548 altera
3044 3491 3162 3548 vice
3195 3493 3327 3549 abiit
3366 3500 3420 3551 et
3444 3508 3568 3548 ora-

1985 3585 2063 3639 vit
2090 3586 2272 3641 dieens
2302 3604 2316 3641 :
2349 3587 2515 3643 Pater
2544 3589 2638 3655 mi,
2668 3591 2713 3644 si
2759 3604 2864 3646 non
2896 3600 3075 3660 potest
3133 3592 3235 3647 hoc
3312 3592 3561 3662 poculum

1986 3678 2216 3732 transire
2276 3693 2304 3731 a
2342 3694 2429 3733 me
2461 3680 2562 3735 nisi
2598 3680 2778 3736 bibam
2820 3682 2973 3751 illud,
3024 3685 3117 3739 ﬁat
3170 3685 3420 3741 voluntas
3449 3694 3562 3741 tua.

1984 3765 2050 3821 Et
2082 3768 2225 3821 venit
2276 3777 2330 3823 et
2357 3770 2558 3839 reperit
2584 3785 2680 3827 eos
2742 3772 2934 3827 iterum
2991 3775 3341 3835 dormientes.
3401 3778 3568 3831 Erant

1983 3859 2125 3914 enim
2164 3859 2303 3914 oculi
2333 3874 2520 3915 eorum
2553 3864 2784 3932 gravati.
2820 3864 2887 3918 Et
2933 3865 3137 3921 relictis
3199 3867 3559 3942 illis,_iterum

1985 3952 2136 4019 abiit,
2164 3967 2227 4007 ac
2251 3954 2428 4008 oravit
2467 3957 2627 4010 tertio
2659 3957 2906 4011 eumdem
2939 3973 3247 4014 sermonem
3283 3961 3496 4016 dicens.
3536 3980 3555 4014 ι

1985 4044 2161 4109 Disce,
2186 4044 2368 4109 homo,
2402 4048 2656 4104 continuo
2683 4051 2893 4120 precari
2920 4051 2972 4105 in
3000 4052 3407 4120 tentationibus,
3462 4071 3563 4111 au-

1984 4136 2141 4193 diens
2169 4147 2224 4193 et
2276 4137 2559 4194 Dominum
2606 4156 2749 4211 saepe
2778 4157 2985 4201 orasse.
3017 4143 3152 4199 Cum
3198 4157 3379 4203 autem
3414 4148 3565 4204 iuve-

1984 4226 2152 4281 nisset
2183 4227 2378 4280 iterum
2404 4228 2754 4294 dormientes,
2791 4246 2899 4287 non
2930 4234 3294 4303 reprehendit,
3326 4249 3396 4292 ne
3461 4237 3565 4292 tri-

1991 4316 2140 4372 stitia
2183 4316 2341 4388 159
2362 4318 2614 4389 alliceret,
2639 4323 2733 4377 sed
2753 4322 2971 4394 reliquit
2994 4335 3051 4381 et
3080 4326 3233 4394 abiit,
3281 4342 3346 4383 ac
3388 4330 3569 4385 oravit

1987 4404 2166 4467 tertio,
2199 4407 2526 4464 conﬁrmans
2546 4425 2605 4465 se
2632 4411 2902 4468 hominem
2924 4428 3067 4471 esse.
3089 4413 3388 4474 Ternarius
3416 4421 3562 4475 enim

311 4483 377 4534 τὸ
436 4482 805 4553 ἀνθρώπινον⁹
858 4482 1116 4554 ἀληθείας
1155 4484 1261 4557 γὰρ
1313 4486 1638 4551 ἐνδεικτικὸς
1685 4489 1715 4541 ὁ
1758 4487 1881 4561 τρία

1989 4511 2246 4553 numerus
2303 4500 2549 4558 veritatis
2594 4504 3047 4564 demonstrativus
3071 4516 3125 4564 et
3162 4510 3565 4569 conﬁrmativus

313 4570 550 4642 ἀριθμὸς
579 4575 672 4625 καὶ
709 4572 1071 4642 βεϐαιώσεως.

395 4678 415 4711 ι
449 4661 580 4714 Τότε
605 4661 823 4733 ἔρχεται
854 4664 988 4733 πρὸς
1010 4664 1136 4727 τοὺς
1169 4663 1415 4735 μαθητὰς
1447 4665 1634 4732 αὐτοῦ,
1674 4667 1770 4722 καὶ
1801 4668 1889 4722 λέ-

315 4768 407 4820 γει
442 4751 622 4814 αὐτοῖς
650 4769 664 4783 ’
701 4751 1006 4807 Καθεύδετε
1052 4754 1114 4806 τὸ
1163 4756 1348 4808 λοιπὸν
1395 4758 1491 4812 καί⁸
1522 4759 1888 4817 ἀναπαύεσθε.

328 4842 467 4895 Ἰδοὺ
495 4844 723 4914 ήγγικεν
746 4845 780 4915 ή
812 4843 954 4914 ὥρα,
979 4845 1074 4900 καὶ
1101 4847 1130 4899 ὁ
1165 4846 1290 4910 Υίδς
1329 4848 1423 4902 τοῦ
1457 4850 1744 4922 ἀνθρώπου
1786 4870 1893 4907 πα-

317 4933 592 5005 ραδίδοται
626 4936 706 5001 είς
754 4937 943 5008 χεῖρας
984 4937 1344 5009 ἁμαρτωλῶν.
1380 4940 1711 5013 Ἐγείρεσθε,
1747 4944 1894 5013 ἀγω-

1990 4597 2095 4643 est.

2065 4677 2232 4737 Vens.
2261 4681 2355 4748 45,
2382 4682 2471 4739 46.
2505 4704 2524 4738 ι
2558 4684 2708 4743 Tune
2736 4690 2883 4746 venit
2917 4693 2985 4747 ad
3016 4692 3308 4765 discipulos
3331 4711 3480 4765 suos,
3508 4706 3563 4753 et

1997 4769 2130 4825 dicit
2153 4772 2291 4840 illis;
2322 4772 2565 4833 Dormite
2606 4778 2715 4848 iam
2742 4789 2797 4836 et
2816 4785 3138 4851 requiescite
3167 4804 3182 4841 :
3213 4802 3342 4845 ecce
3369 4807 3565 4860 appro-

1997 4862 2281 4933 pinquavit
2312 4866 2462 4935 hora,
2494 4880 2548 4924 et
2574 4870 2742 4930 Filius
2774 4874 3009 4934 hontitiis
3041 4880 3268 4935 traditur
3291 4883 3346 4937 in
3374 4899 3564 4941 manus

2000 4964 2370 5025 peccatorum.
2405 4958 2641 5034 Surgite,
2674 4980 2883 5034 eamus,
2931 4984 3058 5027 ecce
3105 4975 3557 5046 appropinquavit

1276 5090 1371 5151 Ex
1395 5089 1741 5158 collatione
1766 5096 1952 5163 codd.
1983 5101 2214 5169 Venet.
2247 5109 2310 5171 S.
2352 5112 2576 5176 Marci.

392 5234 515 5315 (δή)
546 5233 817 5314 Interpres
855 5248 952 5302 pro
988 5233 1204 5315 ἐκείνου
1261 5234 1663 5315 legisse.debet_
1695 5241 1892 5315 ήμῶνο

404 5259 515 5303 to.)
547 5259 817 5302 Itttcrprcs
856 5259 952 5302 pro
988 5259 1204 5288 εχεινου
1261 5259 1457 5306 legisse
1491 5259 1650 5295 debet
1695 5259 1728 5315 η

315 5319 447 5372 qua
486 5304 645 5375 lectio
680 5318 800 5357 eum
821 5319 991 5375 sensu
1024 5305 1226 5375 optime
1257 5309 1524 5375 congruit.
1556 5310 1687 5367 Cod.
1732 5259 1776 5366 β

318 5444 560 5506 videtur,
595 5459 753 5508 quam

323 5718 651 5786 δολούμενος
685 5718 1006 5792 ηὔχετοίμῆ
1033 5725 1227 5793 στῆσαι
1258 5718 1369 5789 τοῖς
1398 5718 1763 5783 λιθοϐολοῦσιν
1794 5734 1891 5785 ao.

1777 5324 1894 5367 ala-

318 5377 488 5453 vinus
533 5373 719 5436 habet,
747 5373 844 5453 καὶ
885 5376 949 5453 τὸ
991 5373 1226 5453 εκείνου,
1281 5386 1328 5428 et
1356 5373 1493 5453 ejus,
1526 5383 1666 5449 quod
1709 5384 1881 5439 rectiu

2008 5373 2075 5446 ιιῖ
2093 5373 2452 5453 'd-aiis’aieﬁii

786 5443 820 5514 ἢ
850 5444 911 5495 τὸ
938 5445 1073 5521 editi
1105 5443 1558 5521 te;_t_us._:-_{M_oi
1574 5459 1695 5521 post
1719 5457 1901 5521 verba,

320 5510 546 5591 θέλημα
573 5510 977 5591 πληροῦνβοέι.
1103 5516 1248 5591 addit
1272 5533 1285 5569 :
1318 5517 1389 5568 Ἦ
1406 5517 1496 5591 διὰ
1512 5510 1674 5574 τοῦτο
1703 5510 1902 5591 ηὔχετὸ

321 5583 624 5664 παρελθεῖν
655 5582 753 5664 ἀπ’
782 5583 947 5664 αὑτρῦ
977 5585 1490 5664 τὸχποῖήριονηίκζα
1521 5591 1619 5664 ,μὴ
1671 5582 1895 5664 mam

319 5653 440 5738 Isi;
470 5652 766 5738 ’Ἰουδαίοις
800 5655 831 5722 ή
870 5652 1134 5738 ἁμαρτία,
1161 5652 1348 5725 ὥσπερ
1376 5660 1413 5738 ὁ.
1434 5652 1703 5738 Στέῲανρς
1744 5652 1897 5714 ’λιθοῖ

1998 5250 2326 5348 ᾐνιτήνῇξῆ
2347 5259 2517 5348 »αξιτῷ
2534 5264 2847 5348 ’γινομένην
2874 5266 3177 5348 ἁμαρτίαν.
3202 5273 3315 5330 Καὶ
3339 5276 3559 5348 ἔρχεται

2006 5323 2698 5430 ἳξὲῖέῖἃῗερξιῗὲηζῖάἒιέὶ
2732 5323 2925 5430 τέληέ
2938 5323 3042 5430 .Y'?‘
3073 5323 3289 5430 ita"???
3298 5323 3556 5430 ὶδὲἓῦἓιῗξ

2474 5416 2538 5488 eo
2560 5404 2729 5488 calli,
2757 5422 2825 5488 ne
2850 5407 3048 5466 Judaeis
3076 5425 3352 5488 peccatum
3376 5404 3560 5488 ἷηιρυί

2008 5470 2221 5555 teretur
2255 5473 2645 5555 :qua‘ralione
2676 5474 3002 5555 Stephanus,
3038 5470 3177 5555 dum
3210 5470 3558 5555 lapidaretrur,

2000 5534 2729 5624 rogabat,inestatueretur
2774 5534 2862 5611 iis,
2905 5534 3002 5624 qui
3034 5534 3557 5624 iisu'in'iipidliééliil

1999 5616 2278 5689 peccaturi]
2331 5610 2472 5677 quod
2524 5622 2654 5670 tunc
2726 5610 3126 5689 perpetrabant.
3173 5624 3238 5679 Ει
3286 5610 3557 5684 ὶοηίῖὶὶὶ

1997 5675 2312 5744 discipulos,
2349 5675 2371 5728 i
2409 5689 2513 5738 etc.
