3968 6460
392 258 496 322 451

1243 253 1830 316 THEOPHYLACTI
1871 251 2284 314 BULGARI/E
2319 253 2360 310 A
2374 251 2689 315 RCHIEP.

3584 249 3690 312 452

391 369 483 442 ῳιί
529 383 614 425 me
645 366 842 423 tradet.
876 385 896 420 ι
927 364 1235 422 Osteudcns
1289 366 1428 435 quod
1458 380 1560 420 non
1597 379 1732 435 opus
1775 364 1971 419 habeat

2086 379 2203 434 μεν,
2237 363 2347 418 ίδοὺ
2373 364 2604 433 ἡγγικεν
2639 363 2669 414 6
2715 359 3041 430 παραδιδούς
3077 377 3178 432 με.
3217 378 3238 412 ι
3277 357 3585 425 Δεικνύων,
3615 365 3694 419 ὅτι

393 461 610 516 i'l-lorum
639 457 883 532 subsidio
925 456 1143 528 quando
1198 457 1268 510 sit
1321 454 1642 519 tradendus,
1671 454 1804 509 dicit
1831 454 1972 509 illis:

393 550 637 607 Dormite
667 565 829 604 nunc.
867 546 958 602 Vel
979 562 1074 618 per
1097 546 1324 601 ironiam
1375 547 1478 600 hoc
1507 545 1662 610 dixit,
1719 543 1870 614 quasi
1901 545 1976 598 tta

396 644 604 699 diceret
645 659 659 698 :
690 642 828 697 Ecce
863 639 1308 710 appropinquavit
1349 638 1616 708 proditor.
1645 645 1701 691 et
1724 637 1766 693 si
1798 636 1977 706 placet

395 735 569 798 vobis,
601 741 656 788 et
689 733 952 804 permittit
1004 741 1236 799 tempus,
1268 729 1527 784 dormite.
1556 729 1772 783 Excitat
1811 728 1976 798 igitur

398 827 520 882 illos
551 842 579 880 a
617 827 735 880 loco
769 825 861 880 illo
882 824 972 879 ubi
991 823 1205 889 orabat,
1239 831 1294 876 et
1333 821 1539 876 accedit
1563 821 1631 876 ad
1659 835 1753 876 eos
1775 820 1864 889 qui
1898 819 1980 890 ip-

401 934 522 975 sum
573 916 1029 988 comprehensuri
1049 925 1226 982 erant,
1254 927 1308 971 et
1335 914 1574 971 occurrit
1597 915 1676 969 eis
1701 912 1854 984 quasi
1885 911 1979 975 lae-

403 1023 514 1065 tum
568 1011 840 1080 quidpiam
881 1008 984 1063 sibi
1047 1008 1284 1062 oblaturi
1345 1007 1612 1063 venirent.
1647 1005 1739 1061 Sic
1786 1013 1840 1060 et
1888 1002 1978 1059 illa

400 1119 518 1173 quae
551 1111 800 1172 precatus
847 1113 950 1166 est,
980 1110 1230 1172 precatus
1268 1109 1356 1156 est
1403 1109 1459 1154 ut
1494 1099 1808 1155 credibilior
1839 1106 1980 1156 esset

401 1194 756 1264 tliSpPltsalio,
796 1202 849 1247 et
898 1193 1040 1262 quod
1073 1193 1333 1248 voluisset
1395 1207 1499 1247 non
1536 1192 1668 1261 pati,
1709 1201 1767 1246 ut
1791 1204 1978 1246 serva-

403 1296 590 1338 rentur
666 1283 872 1338 llcbra'i
901 1298 930 1336 a
991 1283 1319 1352 perditione,
1365 1297 1486 1351 quae
1539 1282 1618 1336 eis
1664 1280 1981 1336 imminebat

402 1388 622 1447 propter
648 1386 924 1447 peccatum
969 1372 1112 1445 quod
1150 1373 1202 1429 in
1246 1374 1417 1444 ipsum
1481 1380 1637 1430 erant
1709 1381 1980 1443 perpetra-

408 1470 534 1526 turi.

472 1647 636 1704 Vens.
667 1648 860 1704 47-50.
891 1666 908 1700 ι
971 1646 1032 1702 Ει
1058 1645 1146 1702 illo
1178 1645 1360 1702 adhuc
1421 1644 1696 1715 loquente,
1725 1656 1853 1699 ecce
1881 1641 1980 1698 Ju-

2079 456 2142 510 ού
2177 458 2368 527 χρείαν
2398 455 2510 526 ἔχει
2541 455 2638 524 τῆς
2668 455 2800 525 παρ’
2825 454 3006 508 αὐτῶν
3035 451 3414 522 ἐπικουρίας,
3445 453 3536 506 ὅτε
3573 455 3694 524 μέλ-

2077 547 2160 601 λει
2193 547 2588 617 παραδοθῆναι,
2637 547 2806 616 φησὶν
2847 546 3064 610 αὐτοῖς·
3107 544 3444 600 Καθεύδετε
3499 544 3563 600 τὸ
3593 546 3693 601 λοι-

2078 639 2215 693 πόν*
2262 639 2296 710 ἢ
2341 639 2462 693 κατ’
2497 639 2781 709 εἰρωνείαν
2827 638 2990 693 τοῦτό
3041 656 3249 711 φησιν,
3292 638 3504 692 ὡσανεὶ
3545 638 3696 694 τοῦτο

2077 731 2284 801 λέγων·
2314 730 2447 785 Ἰδοὺ
2494 731 2724 802 ἤγγικεν
2776 733 2804 785 6
2855 731 3171 803 προδότης,
3233 730 3337 784 καὶ
3389 730 3440 784 εί
3479 731 3694 800 ἀρέσκει

2080 819 2231 888 ὑμῖν,
2271 820 2365 873 καὶ
2395 820 2624 890 παρέχει
2651 820 2680 873 6
2709 821 2920 892 καιρὸς,
2958 821 3294 876 καθεύδετε.
3339 820 3584 890 Ἒγείρει
3608 819 3696 875 οὖν

2082 913 2282 976 αὐτοὺς
2314 912 2421 967 ἀπὸ
2451 911 2546 966 τοῦ
2576 913 2742 966 τόπου
2773 913 2983 968 ἐκείνου
3010 913 3148 968 ἔνθα
3184 912 3576 984 προσηύχετο,
3606 915 3696 968 καὶ

2081 1004 2447 1077 προσέρχεται
2501 1006 2616 1068 τοῖς
2670 1005 2956 1075 μέλλουσιν
3003 1003 3180 1059 αὐτόν
3233 1004 3557 1072 συλλαϐεῖν,
3607 1007 3695 1059 καὶ

2080 1096 2444 1170 προσυπαντᾷ
2473 1095 2674 1162 αὐτοῖς,
2705 1097 2780 1161 ὡς
2811 1115 2862 1150 τι
2892 1098 3244 1169 εὐφρόσυνον
3279 1096 3547 1167 μέλλουσι
3576 1096 3692 1151 δοῦ-

2079 1208 2170 1246 ναι
2203 1188 2378 1260 αὐτῷ.
2410 1188 2568 1244 Οὕτω
2593 1190 2688 1243 καὶ
2719 1192 2898 1245 ἐκεῖνα
2934 1191 2970 1246 ἃ
2999 1191 3235 1262 ηὔχετο,
3277 1189 3374 1244 διὰ
3399 1191 3466 1244 τὸ
3492 1189 3692 1244 matb-

2086 1280 2286 1335 σασθαι
2312 1279 2411 1352 τὴν
2438 1279 2750 1352 οἰκονομίαν
2775 1280 2996 1353 ηὗχετο,
3030 1284 3133 1337 καὶ
3163 1281 3350 1335 θέλων
3373 1281 3454 1352 μὴ
3483 1281 3690 1350 παθεῖν,

2083 1373 2174 1428 ἵνα
2209 1371 2623 1445 συντηρηθῶσιν
2652 1375 2702 1428 οῖ
2765 1374 3005 1447 Ἑϐραῖοι
3055 1377 3125 1430 ὲκ
3177 1377 3290 1446 τῆς
3323 1373 3626 1438 ἀπωλείας,
3657 1376 3689 1446 ἢ

2083 1465 2279 1536 ἔμελλε
2308 1464 2721 1537 καταλήψεσθαι
2744 1467 2942 1532 αὐτοὺς
2961 1467 3049 1522 διὰ
3075 1466 3184 1536 τὴν
3210 1468 3299 1530 είς
3321 1465 3492 1520 αὐτὸν
3523 1467 3693 1540 ἀμαρ-

2081 1559 2224 1612 τίαν.

2163 1667 2182 1700 ι
2216 1647 2329 1703 Καὶ
2357 1646 2437 1702 ἔτι
2467 1647 2635 1702 αὐτοῦ
2676 1647 2985 1715 λαλοῦντος,
3039 1649 3158 1704 ίδοὺ
3215 1647 3434 1713 Ἰούδας
3474 1644 3557 1715 εἷς
3591 1651 3690 1706 τῶν

402 1742 499 1795 das
524 1757 660 1795 unus
689 1756 754 1797 ex
785 1740 1067 1796 duodecim
1101 1739 1268 1803 venit,
1305 1747 1360 1794 et
1386 1752 1508 1792 cum
1536 1751 1599 1792 eo
1627 1735 1784 1790 turba
1815 1732 1980 1789 multa

2086 1735 2290 1792 δώδεκα
2313 1732 2466 1808 ἦλθε,
2501 1737 2597 1792 καὶ
2641 1738 2758 1808 μετ’
2790 1737 2954 1792 αὐτοῦ
2998 1739 3164 1810 δχλος
3201 1739 3384 1803 πολὺς
3421 1741 3561 1810 μετὰ
3595 1760 3689 1813 μα-

404 1849 525 1888 cum
563 1833 752 1903 gladiis
795 1843 849 1887 et
882 1833 1135 1898 fustibus,
1171 1831 1320 1885 missi
1355 1846 1384 1884 a
1447 1825 1778 1898 principibus
1799 1839 1982 1882 sacer-

405 1925 586 1978 dotmn
617 1935 678 1982 ct
702 1925 1012 1978 senioribus
1085 1922 1284 1992 populi.
1317 1921 1368 1975 Is
1409 1934 1539 1976 vero
1599 1919 1688 1987 qui
1737 1915 1983 1971 tradebat

404 2031 550 2077 cum,
585 2014 730 2068 dedit
751 2014 858 2066 illis
883 2012 1116 2082 signum,
1162 2011 1388 2067 dicens:
1420 2009 1805 2077 Quemcunque
1825 2020 1982 2061 oscu-

407 2108 547 2162 latus
579 2105 755 2170 fuero,
788 2106 900 2174 ipse
925 2113 1030 2166 est,
1055 2114 1233 2158 tenete
1267 2119 1412 2158 eum.
1472 2101 1534 2156 Et
1572 2099 1862 2155 confestim
1888 2112 1981 2152 ac-

406 2203 604 2256 cedens
624 2208 689 2252 ad
712 2197 917 2264 Jesum,
945 2197 1080 2251 dixit
1109 2215 1124 2251 :
1150 2197 1282 2261 Ave,
1313 2195 1507 2260 Ralibi,
1539 2191 1873 2248 etosculatus
1898 2198 1982 2244 est

406 2307 550 2345 eum.
613 2290 866 2354 Dixitque
913 2289 986 2344 illi
1033 2287 1194 2343 Jesus
1236 2287 1490 2349 :Amice,
1549 2286 1614 2340 ad
1655 2283 1783 2354 quid
1818 2281 1984 2338 ades!

408 2387 560 2442 Tunc
591 2397 959 2449 accesserunt,
982 2395 1036 2439 et
1059 2398 1251 2439 manus
1275 2383 1571 2451 iniecerunt
1607 2382 1660 2436 in
1688 2381 1894 2444 Jesum,
1923 2387 1981 2435 et

408 2487 668 2544 ceperunt
699 2493 842 2532 eum.
886 2496 904 2530 ι
972 2475 1135 2530 Vides
1199 2489 1350 2530 arma
1423 2474 1738 2544 pontiﬁcum
1799 2471 1980 2542 qualia

408 2568 554 2623 sint?
581 2567 747 2635 Ligna
778 2579 830 2622 et
859 2569 1043 2637 gladii.
1079 2567 1155 2626 lta
1181 2560 1338 2623 erant
1367 2566 1597 2638 pacifici,
1627 2576 1684 2621 et
1729 2565 1975 2633 spiritum

410 2660 844 2713 mansuetudinis
878 2660 1158 2716 habentes.
1191 2659 1340 2716 Unus
1369 2667 1546 2713 autem
1575 2675 1640 2712 ex
1673 2655 1976 2718 duodecim,

409 2749 547 2803 dixit
581 2748 949 2820 Evangelista,
969 2751 1245 2806 admirans
1263 2750 1406 2819 quod
1436 2751 1563 2805 licet
1589 2765 1653 2803 ex
1705 2746 1894 2815 primis
1923 2754 1981 2801 et

406 2839 600 2895 electis
631 2850 799 2908 esset,
823 2840 1036 2897 diabolo
1070 2856 1128 2896 se
1155 2841 1395 2895 tradidit.
1431 2839 1604 2907 Unde,
1635 2840 1814 2905 homo,
1845 2847 1897 2892 et
1923 2845 1977 2892 tu

409 2935 562 2998 time,
597 2933 716 2987 licet
751 2947 816 2986 ex
851 2932 1284 2988 familiarissimis
1317 2933 1417 2999 sis,
1452 2945 1517 2987 ne
1569 2945 1803 3000 unquam
1837 2929 1978 2984 desi-

409 3026 511 3078 dite
563 3040 722 3079 vaces
743 3036 793 3077 et
827 3024 1066 3110 exi-idas.
1098 3025 1322 3095 Signum
1355 3035 1534 3079 autem
1589 3024 1735 3078 dedit
1784 3020 1975 3086 ludas,
2009 3064 2052 3125 ο

401 3131 475 3170 eo
519 3118 664 3186 quod
689 3133 788 3171 nox
819 3127 956 3182 erat,
997 3127 1051 3172 et
1091 3133 1196 3172 non
1223 3125 1475 3186 p0terant
1506 3115 1892 3170 internoscere.
1917 3112 1984 3168 Et

404 3207 591 3272 aliter,
649 3207 751 3273 Qui
805 3216 1066 3261 venerant
1125 3206 1189 3258 ad
1236 3205 1823 3274 comprehendendum,
1875 3218 1982 3257 non

409 3307 662 3352 erantex
699 3299 852 3351 turba
887 3307 985 3363 tot,
1007 3305 1138 3368 quot
1172 3311 1238 3350 ex
1285 3296 1457 3349 servis
1520 3293 1857 3364 pontiﬁcum,
1889 3292 1982 3362 qui

410 3388 632 3442 omnino
663 3386 800 3442 forte
829 3402 931 3441 non
951 3395 1312 3459 cognoverant
1340 3384 1543 3450 Jesum,
1571 3385 1663 3438 sed
1687 3382 1855 3438 Judas
1883 3398 1982 3438 no-

413 3489 522 3531 tum
558 3479 688 3533 facit
717 3479 795 3534 eis
839 3476 1153 3549 Magistrum
1201 3477 1410 3533 osculo.
1469 3475 1602 3530 Nam
1648 3489 1772 3530 cum
1815 3475 1985 3530 sciret

413 3573 712 3626 bonitatem
737 3569 970 3638 Domini,
1009 3570 1242 3625 audebat
1282 3569 1430 3626 illum
1463 3567 1716 3624 osculari.
1771 3567 1864 3624 llle
1887 3581 1984 3621 au-

413 3676 521 3720 tem
548 3663 653 3719 l'ert
684 3679 860 3733 usque
885 3663 950 3718 ad
980 3665 1326 3720 novissimam
1377 3663 1565 3718 horam
1613 3661 1835 3716 studens
1889 3675 1985 3716 sua

409 3756 817 3828 longanimitate
883 3755 1030 3809 illum
1105 3754 1328 3812 lucrari.
1375 3753 1508 3809 Cum
1561 3765 1746 3806 autem
1811 3766 1986 3820 neque

406 3851 488 3904 sic
547 3848 869 3902 emendatus
920 3855 1026 3913 est,
1062 3856 1190 3901 tunc
1247 3847 1371 3901 fecit
1404 3847 1522 3900 illos
1550 3847 1766 3912 cadere,
1801 3859 1989 3914 quem-

404 3943 695 3998 admodum
764 3939 892 3995 dicit
939 3925 1200 4003 foannes,
1275 3948 1334 3992 ut
1384 3939 1470 3994 vel
1523 3939 1768 3993 cadendo
1822 3952 1989 4008 agno-

408 4043 561 4086 scant
591 4031 758 4100 ipsius
789 4029 1063 4083 virtutem.
1100 4025 1251 4082 Unde
1283 4044 1402 4082 cum
1445 4042 1621 4097 neque
1655 4029 1732 4083 sic
1758 4027 1985 4082 destite-

411 4124 519 4178 rint
548 4136 696 4177 asua
727 4121 1054 4184 temeritate,
1105 4130 1231 4175 tunc
1277 4121 1630 4192 semetipsum
1680 4119 1763 4174 eis
1815 4134 1986 4187 expo-

410 4216 540 4272 suit.
568 4215 760 4272 Judam
805 4225 984 4269 autem
1024 4213 1256 4268 amicum
1307 4223 1482 4274 vocat,
1537 4213 1814 4266 incessens
1839 4226 1984 4279 cum,

409 4319 463 4362 et
497 4323 724 4378 carpens
757 4317 1016 4377 tauquam
1047 4304 1298 4359 videlicet
1353 4304 1513 4357 amici
1563 4301 1804 4358 osculum
1857 4316 1986 4370 prat-

2087 1829 2296 1900 χαιρῶν
2325 1829 2422 1883 καὶ
2451 1829 2644 1896 ξύλων,
2677 1829 2786 1883 ἀπὸ
2813 1829 2924 1884 τῶν
2971 1830 3296 1902 ἀρχιερέων
3327 1832 3428 1885 καὶ
3457 1833 3689 1902 πρεσδυο

2080 1923 2257 1991 τέρων
2301 1920 2396 1974 τοῦ
2440 1920 2591 1975 λαοῦ.
2645 1923 2702 1975 '0
2755 1921 2813 1975 δὲ
2860 1923 3202 1995 παραδιδοὺς
3252 1922 3449 1988 αὐτὸν,
3496 1923 3686 1979 ἔδωκεν
3734 1949 3740 1955 ·

2083 2013 2268 2076 αὐτοῖς
2297 2015 2544 2084 σημεῖον,
2581 2013 2754 2082 λέγων
2776 2030 2790 2045 ο
2827 2015 2923 2069 ’ον
2951 2015 3017 2070 ἂν
3053 2016 3308 2084 φιλήσω,
3357 2017 3526 2080 αὐτός
3557 2020 3682 2084 ἐστι,

2081 2108 2394 2178 κρατήσατε
2419 2106 2601 2161 αὐτόν.
2629 2108 2740 2162 Καὶ
2769 2107 2970 2173 εὐθέως
3006 2107 3346 2178 προσελθὼν
3375 2109 3456 2180 τῷ
3492 2110 3682 2181 Ἰησοῦ,

2081 2196 2202 2252 εἷπε
2227 2216 2242 2231 ο
2275 2199 2470 2268 Χαῖρε,
2517 2197 2735 2252 Ῥαδδί·
2777 2200 2872 2253 καὶ
2901 2201 3282 2269 κατεφίλησεν
3311 2200 3504 2255 αὐτόν.
3547 2201 3602 2254 ’0
3631 2202 3682 2254 δὲ

2093 2287 2302 2361 Ἰησοῦς
2334 2285 2491 2344 εἶπεν
2543 2289 2696 2361 αὐτῷ
2729 2308 2744 2322 ο
2800 2291 3036 2362 Ἑταῖρε,
3079 2293 3171 2360 ἐφ’
3201 2283 3252 2360 ᾦ
3311 2293 3520 2362 πάρεις
3557 2292 3682 2346 Τότε

2095 2381 2510 2454 προσελθόντες,
2539 2382 2806 2436 ἐπέϐαλον
2848 2383 2947 2446 τὰς
2986 2385 3181 2453 χεῖρας
3212 2384 3312 2437 ἐπὶ
3337 2383 3434 2439 τὸν
3459 2384 3678 2453 Ἰησοῦν,

2085 2475 2183 2528 καὶ
2232 2475 2548 2546 ἐκράτησαν
2597 2476 2782 2530 αὐτόν.
2812 2494 2831 2527 ι
2880 2477 3043 2547 Ὁρᾷς
3092 2477 3165 2532 τὰ
3218 2475 3338 2530 τῶν
3387 2475 3679 2548 ἀρχιερέων

2085 2566 2256 2636 σκεύη
2283 2582 2298 2631 ;
2329 2565 2477 2620 Ξύλα
2506 2566 2602 2619 καὶ
2643 2565 2932 2637 μάχαιραι.
2966 2564 3163 2630 οὕτως
3207 2562 3361 2638 ἦσαν
3401 2565 3677 2636 είρηνικοὶ,

2081 2657 2255 2711 καὶτὸ
2281 2657 2499 2727 πνεῦμα
2523 2659 2618 2728 τῆς
2637 2657 2946 2728 πραότητος
2966 2655 3188 2728 ἔχοντες
3208 2675 3225 2690 ·
3251 2657 3316 2712 τὸ
3337 2657 3423 2724 δὲ,
3472 2653 3553 2720 εἷς
3577 2656 3676 2710 τῶν

2081 2749 2317 2815 δώδεκα,
2353 2744 2510 2803 εἶπεν
2539 2749 2568 2802 6
2589 2749 3003 2820 εὐαγγελιστὴς,
3033 2748 3371 2821 θαυμάζων,
3400 2750 3486 2803 ὅτι
3512 2747 3676 2802 καίτοι

2083 2839 2459 2910 ὲξειλεγμένος
2495 2840 2592 2908 ὣν,
2623 2840 2719 2894 καὶ
2747 2841 2887 2911 μετά
2915 2841 3026 2895 τῶν
3058 2843 3307 2914 πρώτων
3333 2840 3674 2912 ταττόμενος.

2083 2931 2232 3001 ὅμως
2255 2929 2335 3002 τῷ
2373 2931 2603 3002 διαϐόλῳ
2629 2931 2859 2984 δέδωκεν
2904 2932 3118 2987 ἑαυτόν.
3152 2932 3335 2987 Ὥστε
3369 2932 3469 2985 καὶ
3495 2929 3560 2984 σὺ
3587 2946 3676 2998 φο-

2087 3021 2210 3086 ϐοῦ,
2246 3023 2524 3093 άνθρωπε,
2557 3024 2662 3078 κᾶν
2702 3023 2815 3077 τῶν
2863 3025 3225 3080 οἰκειοτάτων
3277 3025 3420 3095 εῖης,
3474 3022 3699 3096 μήποτε

2085 3115 2562 3189 ἀπορῤᾳθυμήσας
2613 3117 2876 3188 ὲκπέσῃς.
2929 3119 3229 3190 Σύσσημον
3279 3119 3337 3172 δὲ
3393 3119 3604 3172 δίδωσιν
3647 3116 3672 3169 6

2097 3207 2318 3273 Ἰούδας,
2345 3207 2481 3262 διότι
2519 3207 2613 3261 καὶ
2637 3207 2734 3275 νὺξ
2764 3203 2854 3279 ἦν,
2887 3209 2980 3262 καὶ
3011 3210 3113 3263 οὐκ
3141 3209 3425 3280 ἠδύναντο
3450 3205 3669 3276 διαγνῶ-

2085 3313 2174 3350 ναι
2198 3312 2213 3328 ο
2249 3295 2425 3360 άλλως
2469 3312 2530 3349 τε
2559 3297 2653 3351 καὶ
2689 3298 2740 3351 ot
2793 3297 3037 3362 ἐλθόντες
3065 3297 3385 3364 συλλαδεῖν,
3415 3297 3517 3350 οὐκ
3541 3291 3670 3367 ἦσαν

2083 3389 2148 3442 ὲκ
2195 3387 2288 3441 τοῦ
2337 3388 2497 3458 δχλου
2549 3389 2816 3455 τοσοῦτοι,
2863 3391 2978 3445 ὅσοι
3033 3391 3097 3444 ἐκ
3146 3389 3268 3444 τῶν
3329 3388 3537 3443 δούλων
3581 3385 3666 3440 τοῦ

2085 3478 2412 3548 ἀρχιερέως,
2437 3479 2487 3533 οἳ
2513 3480 2620 3535 οὐδ’
2646 3480 2784 3544 ὅλως
2813 3483 2954 3552 τάχα
2984 3481 3290 3553 ἐγνώριζον
3327 3481 3420 3536 τὸν
3449 3479 3664 3550 Ἰησοῦν.

2098 3569 2238 3622 Ἀλλ’
2271 3570 2300 3622 ὁ
2342 3571 2592 3643 μαθητὴς
2647 3573 2902 3645 γνωρίζει
2961 3573 3148 3638 αὐτοῖς
3191 3573 3288 3628 τὸν
3331 3573 3660 3635 διδάσκαλον,

2084 3661 2149 3714 ὲκ
2191 3661 2282 3715 τοῦ
2342 3664 2695 3732 καταφιλεῖνο
2747 3666 2903 3728 εἰδὼς
2959 3665 3070 3736 γάρ
3105 3666 3209 3737 τὴν
3263 3663 3663 3737 φιλανθρωπίαν

2084 3752 2178 3806 τοῦ
2213 3753 2440 3825 Κυρίου,
2475 3753 2805 3825 θρασύνεται
2835 3756 2930 3810 καὶ
2967 3756 3224 3828 φιλῆσαι.
3255 3756 3320 3810 Ὀ
3344 3755 3402 3810 δὲ
3428 3755 3661 3825 ἀνέχεται

2087 3841 2218 3914 ἄχρι
2245 3845 2338 3898 καὶ
2374 3845 2475 3916 τῆς
2518 3845 2836 3911 τελευταίας
2878 3847 3048 3917 ὥρας.
3087 3847 3412 3913 σπουδάζων
3444 3844 3531 3900 διὰ
3569 3843 3659 3914 τῆς

2091 3935 2473 4007 μακροθυμίας
2499 3936 2660 3991 αὐτὸν
2711 3938 2998 4009 κερδῆσαι.
3033 3939 3168 3992 Ὅτε
3221 3937 3283 3994 δὲ
3333 3935 3457 3992 οὐδε
3498 3934 3658 3998 οὕτως

2085 4027 2480 4100 ἐσωφρονίσθη,
2523 4030 2646 4083 τότε
2681 4032 2827 4083 ποιεῖ
2860 4029 3057 4092 αὐτοὺς
3091 4031 3305 4096 πεσεῖν,
3340 4028 3416 4092 ὡς
3437 4029 3466 4082 6
3489 4026 3656 4080 Ἰωάν·

2086 4134 2184 4188 νης
2211 4119 2398 4188 φησὶν,
2446 4120 2532 4173 ἵνα
2566 4121 2671 4174 κᾶν
2721 4120 2811 4175 διὰ
2851 4121 2944 4174 τοῦ
2999 4123 3209 4187 πεσεῖν,
3263 4118 3527 4187 ἑπιγνῶσι
3565 4115 3654 4186 τὴν

2085 4208 2252 4263 αὑτοῦ
2298 4209 2563 4280 δύναμινο
2611 4211 2796 4275 ὡς’δὲ
2838 4211 2948 4267 οὐδ’
2994 4211 3169 4276 οὕτως
3212 4212 3529 4276 ἀπέστησαν
3565 4208 3652 4274 τῆς

2086 4299 2448 4373 θρασύτητος,
2481 4302 2605 4356 τότε
2653 4303 2934 4358 ἐκδίδωσιν
2979 4304 3172 4358 ἑαυτόν
3195 4320 3211 4337 ο
3245 4305 3461 4373 ἑταῖρον
3490 4300 3545 4354 δὲ
3569 4299 3652 4352 τὸν

411 4403 650 4459 bentem.
701 4399 853 4466 Quod
915 4415 1041 4454 vero
1097 4397 1248 4463 dicit,
1287 4396 1364 4450 Ad
1395 4395 1520 4464 quid
1549 4395 1695 4458 ades,
1755 4396 1858 4448 hoc
1878 4402 1980 4459 est,

2098 4392 2302 4447 Ἰούδαν
2354 4395 2534 4459 καλεῖ,
2590 4393 2872 4464 κωμῳδῶν
2924 4394 3090 4450 αὑτὸν
3132 4395 3229 4450 καὶ
3270 4387 3648 4461 διασύρων,ὡς

410 4508 522 4566 qua
550 4493 844 4547 intentione
871 4489 961 4544 hic
990 4489 1118 4544 ades
1143 4488 1167 4541 7
1221 4487 1466 4556 Nunquid
1505 4492 1561 4539 ut
1593 4485 1836 4540 amicus?
1889 4487 1984 4540 sed

416 4602 527 4644 non
565 4586 846 4655 oportebat
909 4597 1031 4638 cum
1073 4581 1264 4652 gladiis
1300 4577 1578 4634 advenire.
1627 4575 1878 4646 Nunquid
1921 4586 1983 4632 ut

416 4677 700 4736 inimicus?
730 4685 783 4732 et
808 4673 1082 4747 quomodo
1111 4669 1379 4728 oscularis
1400 4669 1424 4724 2
1448 4668 1640 4739 Arguit
1665 4667 1825 4739 igitur
1857 4681 1982 4724 eum

413 4779 479 4829 ut
510 4771 776 4828 dolosam.

486 4949 651 5006 Vens.
676 4947 864 5003 51-54.
901 4964 920 4998 ι
945 4947 1012 5001 Ει
1042 4958 1169 5001 ecce
1197 4957 1333 5000 unus
1350 4956 1415 4998 ex
1436 4941 1522 4998 his
1545 4939 1639 5013 qui
1673 4949 1828 4996 erant
1859 4954 1983 4994 cum

410 5039 560 5105 Jesu,
576 5039 876 5095 extendens
899 5051 1141 5100 manum,
1163 5033 1315 5106 151
1335 5033 1535 5089 exemit
1549 5032 1781 5102 gladium
1803 5046 1988 5098 suum,

413 5141 472 5189 et
499 5132 810 5203 percutiens
840 5143 1054 5185 servum
1086 5126 1346 5197 principis
1395 5127 1757 5188 sacerdotum,
1791 5139 1984 5194 ampu-

417 5221 550 5277 tavit
572 5219 867 5276 auriculam
883 5218 1018 5288 ejus.
1054 5215 1209 5273 Tunc
1237 5215 1370 5272 dicit
1401 5216 1474 5271 illi
1508 5215 1705 5272 Iesus:
1742 5215 1983 5270 Conver-

414 5323 468 5370 te
487 5312 721 5385 gladium
755 5322 906 5366 tuum
956 5311 1012 5366 in
1048 5311 1225 5366 locum
1268 5323 1447 5365 suum.
1490 5306 1692 5366 Omnes
1717 5308 1863 5363 enim
1890 5309 1982 5379 qui

415 5402 720 5471 acceperint
748 5401 1004 5474 gladium,
1037 5400 1214 5472 gladio
1241 5401 1513 5471 peribunt.
1540 5400 1622 5455 Au
1655 5411 1814 5472 putas
1841 5401 1984 5470 quod

418 5509 522 5549 non
553 5492 754 5562 possint
791 5506 934 5548 nunc
959 5505 1149 5562 rogare
1180 5489 1396 5547 Patrem
1442 5505 1642 5555 meum,
1673 5499 1727 5546 et
1756 5492 1973 5545 exhibe-

416 5585 497 5641 bit
523 5583 653 5639 mihi
680 5583 859 5656 plures
879 5599 1040 5654 quam
1067 5583 1351 5639 duodecim
1379 5583 1617 5653 legiones
1635 5582 1987 5655 angelorum?

421 5678 541 5746 Quo
571 5687 727 5750 pacto
771 5676 932 5748 igitur
976 5675 1341 5748 implebuntur
1376 5675 1690 5746 Scriptum,
1746 5679 1872 5747 quia
1907 5678 1985 5733 sic

2080 4484 2244 4555 δῆθεν
2269 4484 2489 4556 ἑταίρου
2511 4485 2725 4555 φίλημα
2743 4485 2922 4540 δόνταο
2941 4486 3003 4539 τὺ
3025 4487 3106 4552 δὲ,
3123 4486 3241 4554 Ἐφ’
3269 4479 3315 4554 ᾧ
3343 4485 3522 4554 πάρει,
3540 4479 3648 4534 ἀντὶ

2084 4575 2200 4640 τοῦ,
2218 4577 2312 4629 ἐπὶ
2337 4576 2477 4648 ποίῳ
2506 4575 2696 4648 σκοπῷ
2728 4577 2891 4648 πάρει
2920 4576 3185 4645 ὲνταῦθα;
3218 4573 3367 4650 Ἆρα
3381 4575 3456 4637 ὡς
3485 4572 3642 4641 φίλοςὶ

2085 4666 2182 4720 καὶ
2217 4665 2322 4738 μὴν
2349 4666 2450 4720 οὐκ
2476 4665 2587 4720 ἔδει
2614 4667 2760 4738 μετά
2790 4667 3077 4739 μαχαιρῶν
3106 4668 3390 4740 παρεῖναι.
3425 4661 3557 4719 Ἀλλ’
3576 4659 3644 4721 ὡς

2085 4757 2312 4829 ἐχθρύςς
2339 4759 2433 4812 καὶ
2463 4757 2578 4822 πῶς
2611 4757 2973 4829 καταφιλεῖς;
3017 4758 3262 4831 Ἐλέγχει
3293 4756 3469 4813 τοίνυν
3494 4749 3640 4808 αὐτὸν

2084 4849 2160 4912 ὡς
2195 4847 2390 4902 δόλιον.

2165 4964 2184 4997 ι
2221 4943 2334 4998 Καὶ
2392 4942 2502 4998 ίδοὺ
2559 4939 2640 5008 είς
2670 4943 2779 4998 τῶν
2813 4943 2953 5017 μετά
2993 4943 3193 5016 Ἰησοῦ,
3238 4941 3479 5003 ἐκτείνας
3545 4933 3634 5003 τὴν

2086 5036 2266 5106 χεῖρα,
2302 5034 2591 5089 ἀπέσπασε
2631 5033 2730 5106 τὴν
2791 5034 3070 5106 μάχαιραν
3103 5033 3294 5100 αὑτοῦ,
3348 5030 3444 5086 καὶ
3472 5023 3633 5081 πατά-

2088 5125 2183 5192 ξας
2226 5125 2317 5180 τὸν
2365 5125 2550 5180 δοῦλον
2598 5123 2694 5180 τοῦ
2746 5126 3072 5198 ἀρχιερέως,
3125 5125 3347 5195 ἀφεῖλεν
3387 5116 3543 5175 αὐτοῦ
3578 5110 3632 5164 τὸ

2085 5217 2266 5274 ὠτίον.
2314 5217 2448 5272 Τότε
2498 5217 2648 5286 λέγει
2700 5218 2852 5289 αὐτῷ
2903 5219 2932 5272 6
2975 5217 3220 5286 Ἰησοῦς·
3291 5205 3632 5282 Ἀπόστρεψόν

2088 5326 2181 5364 σου
2211 5309 2307 5380 τὴν
2335 5309 2616 5381 μάχαιραν
2658 5309 2740 5374 είς
2771 5311 2864 5364 τὸν
2890 5310 3056 5364 τόπον
3091 5310 3280 5381 αὐτῆς.
3313 5307 3508 5365 Πάντες
3533 5297 3628 5367 γὰρ

2086 5407 2134 5458 οἱ
2159 5405 2414 5469 λαθόντες
2446 5403 2743 5477 μάχαιραν,
2781 5407 2838 5460 ὲν
2871 5407 3118 5478 μαχαίρᾳ
3157 5401 3567 5460 ἀποθανοῦνται·
3595 5389 3624 5459 ἢ

2087 5496 2262 5560 δοκεῖς
2293 5498 2374 5550 ὅτι
2413 5497 2471 5550 οὐ
2497 5497 2872 5569 δύναμαιάρτι
2900 5499 3274 5570 παρακαλέσαι
3307 5496 3395 5549 τὸν
3428 5485 3624 5554 Πατέρα

2091 5606 2214 5658 μου,
2265 5588 2360 5642 καὶ
2403 5591 2750 5662 παραστήσει
2794 5607 2883 5662 μοι
2912 5591 3128 5654 πλείους
3171 5589 3420 5662 ἢδὼδεκα
3447 5573 3622 5646 λεγεῶ·

2091 5697 2187 5745 νας
2214 5679 2465 5750 ἀγγέλων
2493 5697 2507 5748 ;
2541 5681 2662 5747 Πῶς
2694 5681 2785 5737 οὖν
2819 5683 3184 5755 πληρωθῶσιν
3221 5682 3275 5737 αἱ
3305 5680 3343 5733 Γ
3350 5673 3521 5750 pavori,
3550 5668 3617 5718 δτι
