3968 6460
328 319 437 382 453

907 314 1353 379 ENARRATIO
1391 312 1473 374 IN
1512 310 1910 374 EYANGELIi

2047 312 2434 374 ΜΛΤΤΗᾸΞῙ.
2468 337 2539 351 -
2576 313 2715 375 CAP
2774 315 2985 379 XXVI.

3478 317 3582 382 454

319 427 469 480 οὕτω
512 424 595 479 δεῖ
631 423 917 496 γενέσθαι;
974 442 992 475 ι
1028 423 1234 494 Πέτρος
1287 416 1356 491 ἦν
1407 421 1435 474 6
1486 418 1583 489 τὴν
1630 417 1905 489 μάχαιραν

2018 426 2223 488 Oportet
2253 419 2412 473 lieri?
2453 438 2471 471 ι
2504 419 2700 474 Petrus
2744 431 2859 475 erat
2894 421 2984 492 qui
3011 420 3247 492 gladium
3277 434 3575 491 exemerat,

323 518 700 588 σπασάμενος,
723 517 868 570 καθά
926 516 1179 584 Ἰωάννης
1221 514 1386 585 φησίν
1412 528 1426 545 ο
1475 501 1589 582 εἶχε
1620 511 1677 566 δὲ
1710 511 1910 581 μάχαι-

322 628 451 679 ραν,
487 611 562 673 ὡς
592 610 714 680 ἄρτι
745 609 805 662 τὸ
825 608 1012 681 ἀρνίον
1048 606 1239 672 θύσας,
1277 606 1306 659 6
1354 605 1580 674 ἔφαγον.
1618 604 1708 672 Μὴ
1733 604 1903 670 ἐγκα-

321 702 514 772 λῶμεν
551 702 609 755 δὲ
642 700 720 770 τῷ
784 702 995 773 Πέτρῳ.
1058 700 1134 753 Ού
1174 699 1283 770 γὰρ
1322 698 1463 769 ὑπὲρ
1507 696 1727 759 ἑαυτοῦ,
1790 694 1905 749 ἀλλ’

325 793 472 863 ὑπὲρ
497 792 589 847 τοῦ
619 791 940 845 διδασκάλου
971 791 1245 862 ζηλώσας,
1271 788 1430 843 τοῦτο
1455 788 1714 860 ἐποίησεν
1743 803 1757 819 ⁸
1792 788 1820 842 6
1847 786 1905 840 δὲ

326 884 544 955 Κύριος
585 882 1010 955 μεταρυθμίζων
1039 883 1204 937 αὐτὸν
1241 884 1323 947 είς
1348 881 1715 953 εὐαγγελικὴν
1747 881 1901 936 πολι-

319 977 503 1042 τείαν,
534 976 773 1030 διδάσκει
804 976 878 1046 μὴ
928 974 1165 1048 χρῆσθαι
1215 975 1483 1046 μαχαίρᾳ,
1508 974 1612 1029 κᾶν
1642 975 1734 1028 τὸν
1770 974 1904 1029 Θεὸν

320 1069 463 1139 δοκῇ
497 1086 577 1132 τις
618 1069 876 1123 ἐκδικεῖν.
916 1068 1110 1137 Τεμὼν
1164 1067 1221 1121 δὲ
1268 1068 1331 1120 τὸ
1382 1066 1542 1121 ὠτίον
1594 1067 1624 1119 ό
1672 1068 1900 1136 Πέτρος,

321 1161 603 1213 δείκνυσιν
646 1162 727 1214 ὅτι
773 1161 1035 1232 ἀνηκοΐαν
1093 1159 1311 1213 ἐνόσουν
1361 1159 1411 1211 οἱ
1475 1158 1744 1211 Ἰουδαῖοι·
1784 1154 1903 1212 εἶτα

325 1253 427 1306 καὶ
456 1254 516 1305 τὸ
551 1252 644 1305 τοῦ
681 1254 846 1324 νόμου
885 1252 1050 1324 ῥητὸν
1072 1252 1306 1324 τίθησιν,
1338 1253 1422 1306 ὅτι
1450 1252 1481 1305 6
1531 1252 1726 1324 φονεὺς
1756 1252 1905 1305 ἀντιο

323 1344 619 1412 φονεύεται
641 1360 654 1375 ο
690 1345 718 1397 6
768 1344 876 1415 γὰρ
912 1345 1079 1415 νόμος
1108 1344 1264 1397 τοῦτό
1294 1360 1481 1415 φησιν,
1512 1344 1594 1397 ὅτι
1625 1345 1672 1396 οἱ
1712 1342 1903 1396 λαϐόν-

320 1450 425 1497 τες
452 1434 725 1505 μάχαιραν
778 1438 836 1488 ὲν
866 1435 1115 1506 μαχαίρᾳ
1144 1433 1564 1489 ἀποθανοῦνται.
1596 1433 1904 1489 Δίνίττεται

322 1525 390 1578 δὲ
436 1518 520 1580 ὅτι
568 1527 670 1603 ύπδ
713 1508 809 1594 τῆς
841 1526 947 1581 τῶν
982 1524 1272 1595 Ῥωμαίων
1306 1524 1581 1596 μαχαίρας
1605 1522 1904 1594 ἀναιρεθή-

326 1637 517 1674 σονται
558 1621 605 1672 οἱ
638 1619 761 1672 κατ’
788 1617 953 1671 αὐτοῦ
998 1616 1254 1681 λαϐόντες
1288 1618 1389 1689 τὴν
1448 1619 1728 1688 μάχαιραν
1776 1616 1906 1670 ’1ου-

324 1711 475 1761 δαῖοι
494 1726 509 1739 ο
538 1709 637 1761 οὐκ
664 1704 783 1760 εἷπε
807 1708 888 1773 δὲ,
928 1708 1012 1761 ὃτι
1041 1707 1282 1778 Δύναμαι
1317 1711 1662 1778 παραστῆσαι
1696 1706 1904 1761 δώδεκα

2009 517 2066 563 ut
2099 507 2337 565 Joannes
2384 510 2513 564 dicit
2540 511 2607 566 6°.
2662 510 2905 567 llabebat
2947 522 3123 569 autem
3156 515 3417 583 gladium,
3465 530 3572 585 quo

2006 617 2204 672 agnum
2246 600 2559 656 Pascltaletn
2602 610 2887 657 mactarat.
2930 604 3046 659 Non
3087 607 3366 675 arguimus
3396 615 3575 661 autem

2006 692 2252 758 Petrum,
2306 693 2562 763 quoniam
2614 708 2721 747 non
2769 709 2866 763 pro
2905 709 2985 759 se,
3043 696 3136 751 sed
3173 712 3269 765 pro
3324 697 3577 767 Magistro

2005 784 2123 840 zelo
2152 786 2347 841 ardens
2376 786 2476 841 boc
2512 786 2658 841 fecit.
2700 786 2962 842 Dominus
2993 804 3120 845 vero
3157 791 3424 860 adaptans
3451 806 3575 846 eum

2006 877 2073 930 ad
2123 875 2488 946 evangelicam
2520 877 2705 942 vitam,
2743 879 2899 933 docet
2945 894 3049 933 non
3081 883 3339 935 utendum
3375 884 3575 949 gladio,

2005 969 2220 1023 etiamsi
2254 970 2378 1040 quis
2413 970 2579 1026 Deum
2622 970 2815 1026 ulcisci
2853 972 3119 1028 videatur.
3155 975 3322 1030 Porro
3375 976 3568 1031 Petrus

2005 1074 2291 1132 amputans
2322 1066 2641 1131 auriculam,
2683 1067 2921 1122 ostendit
2945 1065 3162 1123 Judzeos
3203 1069 3573 1125 inobcdieutia

2006 1156 2274 1211 laborare.
2321 1157 2523 1213 Deinde
2564 1168 2616 1213 et
2637 1159 2838 1214 dictum
2866 1160 2997 1230 legis
3027 1161 3195 1230 ponit,
3224 1162 3364 1231 quod
3398 1162 3574 1215 homi-

2005 1248 2123 1304 cida
2179 1257 2234 1304 et
2272 1250 2384 1319 ipse
2431 1251 2720 1308 occiditur.
2769 1251 2879 1306 Lex
2922 1252 3066 1306 enim
3117 1252 3219 1308 hoc
3254 1254 3406 1316 dicit,
3435 1254 3577 1323 quod

1996 1341 2097 1410 qui
2138 1343 2450 1411 acceperint
2480 1343 2739 1411 gladium,
2777 1344 3076 1398 moriantur
3096 1345 3298 1413 gladio.
3337 1345 3579 1400 Insinuat

2004 1441 2186 1486 autem
2246 1434 2387 1501 quod
2433 1432 2796 1487 Romanorum
2853 1434 3029 1504 gladio
3088 1435 3319 1505 perituri
3396 1444 3581 1491 essent

2004 1523 2195 1590 Judaei,
2225 1533 2413 1579 contra
2473 1541 2534 1580 se
2591 1527 2830 1595 gladium
2888 1527 3235 1596 accipientes.
3297 1525 3415 1581 Jam
3471 1543 3579 1583 non

2006 1613 2163 1677 dixit,
2200 1614 2423 1669 Possum
2465 1616 2725 1670 exhibere
2754 1615 3053 1669 duodecim
3088 1614 3327 1685 legiones
3357 1616 3579 1687 angelo-

2008 1722 2167 1771 rum;
2202 1708 2321 1772 sed,
2361 1723 2519 1762 orare
2543 1706 2760 1763 Patrem
2802 1723 3005 1773 meum,
3056 1708 3423 1778 dispensative
3448 1709 3581 1765 dicit

322 1800 603 1869 λεγεῶνας
646 1800 915 1868 ἀγγέλων,
948 1799 1108 1865 ἀλλά,
1158 1799 1540 1870 παρακαλέσαι
1566 1799 1656 1852 τὸν
1687 1798 1906 1869 Πατέρα

2018 1800 2148 1855 sicut
2202 1799 2387 1867 homo,
2448 1810 2668 1869 propter
2734 1816 2920 1856 eorum
2980 1801 3375 1858 inﬁrmitatem.
3418 1801 3579 1856 Multa

330 1910 461 1963 μου,
502 1892 857 1962 οἰκονομικῶς
875 1892 1034 1944 τοῦτο
1056 1891 1228 1959 λέγων
1252 1891 1327 1955 ὠς
1348 1891 1656 1963 ἄνθρωπος,
1684 1891 1773 1945 διά
1797 1893 1908 1961 ττὴν

326 1984 516 2036 αὐτῶν
579 1984 883 2037 ἀσθένειαν.
938 1982 1114 2036 Πολλὰ
1167 1983 1277 2055 γὰρ
1316 1978 1385 2053 ἧν
1452 1983 1572 2037 τότε
1629 1982 1907 2049 ἐπιδείξας

328 2075 675 2145 ἀνθρώπινα,
730 2076 821 2129 τὸν
876 2074 1097 2145 ἱδρῶτα,
1144 2075 1242 2146 τὴν
1289 2075 1510 2137 δειλίαν,
1540 2074 1635 2129 καὶ
1673 2076 1775 2128 οὐκ
1833 2075 1901 2129 ἂν

330 2170 483 2235 ἔδοξε
516 2168 717 2221 πιθανὰ
770 2168 972 2237 λέγειν,
1000 2166 1067 2222 ἀν
1124 2166 1311 2236 ἔλεγεν
1344 2168 1427 2221 ὅτι
1474 2168 1719 2239 Δύναμαι
1745 2167 1908 2232 αὐτὸς

334 2261 451 2330 ἐγὼ
517 2260 868 2331 παραστῆσαι
905 2260 1190 2329 ἀγγέλους.
1224 2261 1369 2314 Ἀντὶ
1408 2260 1515 2314 τῶν
1546 2259 1753 2313 δώδεκα
1787 2255 1904 2326 οὖν,

335 2354 496 2423 φησὶ,
536 2352 816 2423 μαθητῶν,
847 2353 1200 2424 παρέστησαν
1243 2351 1311 2407 ἄν
1346 2368 1437 2423 μοι
1459 2351 1669 2405 δώδεκα
1690 2352 1909 2422 τάγμα·

336 2466 403 2502 τα
434 2448 702 2517 ἀγγέλων,
735 2446 784 2499 εί
838 2445 1049 2515 ἧθελον.
1080 2443 1298 2513 Λεγεὼν
1349 2442 1458 2513 γάρ
1497 2443 1612 2494 ἐστι
1653 2440 1714 2494 τὸ
1748 2440 1909 2510 μέγι-

337 2558 464 2594 στον
511 2542 720 2610 τάγμα,
786 2535 1142 2609 ἑξακισχίλιοι
1195 2536 1400 2598 ἱππεῖς.
1457 2535 1550 2586 Δεῖ
1583 2529 1697 2596 οὖν,
1748 2534 1905 2603 φησὶ,

334 2632 513 2686 ταῦτα
544 2633 720 2685 πάντα
742 2630 1015 2700 γενέσθαι,
1037 2630 1185 2692 ὅπως
1215 2625 1583 2698 πληρωθῶσιν
1606 2627 1662 2681 ai.
1690 2624 1909 2696 Γραφαὶ

338 2728 396 2780 σί
429 2724 605 2779 ταῦτα
640 2722 1198 2795 προαναφωνήσασαι.
1228 2719 1342 2790 Ούχ
1369 2719 1452 2772 ὅτι
1478 2718 1535 2771 δὲ
1589 2715 1910 2788 προανεφώ⁸

338 2812 510 2888 νησαν
533 2817 587 2869 αἱ
617 2814 853 2884 Γραφαὶ,
893 2811 984 2866 διὰ
1015 2812 1173 2866 τοῦτο
1201 2811 1252 2863 oi
1300 2808 1543 2863 Ἰουδαῖοι
1575 2807 1760 2875 κακοὶ,
1814 2805 1910 2860 ἀλ-

336 2908 405 2962 λά
432 2908 567 2961 διότι
593 2904 818 2977 ἔμελλον
873 2903 981 2958 ἀπὸ
1012 2903 1257 2974 πονηρᾶς
1302 2900 1678 2973 προαιρέσεως
1731 2898 1907 2953 ταῦτα

340 3004 567 3074 ποιῆσαι
630 3004 679 3055 οἱ
754 3001 1016 3065 Ἰουδαῖοι,
1067 2999 1156 3053 διὰ
1197 2997 1355 3051 τοῦτο
1396 2996 1454 3050 ἐν
1485 2996 1604 3059 ταῖς
1659 2994 1906 3065 Γραφαῖς

340 3095 518 3150 ταῦτα
544 3093 807 3164 ἐτέθησαν
843 3090 948 3144 ὑπὸ
979 3089 1071 3144 τοῦ
1110 3087 1448 3159 Πνεύματος.

420 3203 440 3237 ι
486 3185 575 3238 Ἐν
603 3181 785 3252 ἐκείνῃ
818 3183 880 3252 τῇ
913 3179 1035 3251 ὥρᾳ
1062 3177 1216 3233 εἶπεν
1237 3180 1266 3231 ό
1310 3176 1520 3249 Ἰησοῦς
1556 3177 1677 3241 τοῖς
1707 3174 1904 3248 δχλοις⁶

350 3272 443 3338 Ὦς
480 3272 576 3327 ἐπὶ
599 3272 804 3346 λῃστὴν
835 3267 1088 3340 ἐξήλθετε
1121 3267 1259 3338 μετὰ
1291 3264 1576 3337 μαχαιρῶν
1610 3266 1708 3319 καὶ
1737 3264 1913 3330 ξύλων

342 3363 631 3419 συλλαϐεῖν
674 3379 763 3434 με’
788 3361 906 3415 καθ’
938 3360 1153 3431 ἡμέραν
1206 3358 1353 3428 πρὸς
1392 3359 1535 3427 ὑμᾶς
1568 3356 1910 3427 ἐκαθεζόμην

338 3456 614 3509 διδάσκων
643 3454 701 3507 ὲν
727 3451 803 3523 τῷ
836 3450 989 3523 ίερῷ,
1020 3449 1114 3504 καὶ⁵
1136 3450 1236 3503 οὐκ
1260 3449 1602 3522 ἐκρατήσατέ
1625 3466 1693 3520 με
1712 3465 1727 3479 ·
1753 3448 1915 3503 τοῦτο

339 3548 402 3603 δὲ
439 3547 558 3602 δλον
589 3546 811 3615 γέγονεν
843 3544 929 3597 ῐνα
946 3540 1306 3613 πληρωθῶσιν
1333 3543 1389 3595 αἱ
1410 3543 1621 3613 Γραφαὶ
1641 3543 1752 3597 τῶν
1772 3559 1912 3615 προ-

340 3638 557 3709 φητῶν.
601 3655 620 3689 ι
655 3637 905 3690 Δείκνυσι
934 3635 1032 3705 τὴν
1063 3634 1256 3703 ἄλογον
1301 3633 1484 3687 αὐτῶν
1540 3634 1913 3705 ἐπιχείρησιν,

338 3732 445 3785 καὶ
473 3732 555 3784 ὅτι
606 3730 667 3783 ού
725 3730 825 3798 τῆς
882 3727 1060 3780 αὐτῶν
1093 3725 1276 3796 ἰσχύος
1315 3725 1503 3794 γέγονε
1542 3726 1603 3778 τὸ
1630 3724 1917 3780 συλλαϐεῖν

339 3822 534 3877 αὐτόν.
570 3819 701 3872 Ὅτε
721 3821 830 3889 γὰρ
850 3818 1021 3889 ήμην,
1039 3817 1224 3889 φησὶν,
1244 3818 1305 3870 έν
1325 3815 1402 3886 τῷ
1431 3816 1474 3869 ίε
1485 3815 1581 3887 ρῷ,
1596 3816 1819 3887 ὴθέλετέ
1847 3833 1918 3887 με

342 3915 595 3985 συσχεῖν,
625 3913 720 3967 καὶ
751 3912 889 3965 διότι
914 3911 976 3964 ού
1009 3909 1351 3981 συνεχώρουν
1401 3908 1551 3979 ὑμῖν,
1590 3907 1690 3962 οὐκ
1719 3909 1919 3980 ἠδυνή-

341 4009 507 4076 θητε,
536 4005 628 4058 νῦν
658 4005 715 4058 δὲ
741 4001 883 4058 έκὼν
909 4000 1210 4074 προδίδωμι
1249 4000 1484 4071 ἐμαυτόν
1507 4016 1519 4029 ·
1549 3995 1667 4053 οῖδα
1688 3998 1798 4071 γὰρ
1835 4000 1927 4059 ὅτι,

341 4097 617 4153 ἀδύνατόν
652 4098 773 4149 ἐστι
804 4091 1203 4164 διαψευσθῆναι
1229 4092 1329 4155 τάς
1370 4091 1619 4163 Γραφάς,
1648 4090 1707 4144 αῖ
1731 4092 1918 4162 προεῖ-

343 4206 453 4242 πον
474 4187 575 4259 τὴν
604 4186 875 4258 ὑμετέραν
907 4186 1128 4243 κακίαν.

429 4389 447 4421 ι
474 4367 608 4423 Τότε
635 4369 684 4422 oi.
710 4367 952 4440 μαθηταὶ
978 4367 1181 4430 πάντες
1211 4364 1441 4436 ἀφέντες
1474 4363 1659 4431 αὑτὸν,
1691 4362 1913 4433 ἔφυγον.

1931 3110 1979 3172 α

2006 1892 2151 1946 enim
2176 1904 2304 1946 tunc
2328 1902 2485 1946 erant
2507 1893 2705 1962 quibus
2752 1893 2985 1948 humana
3020 1895 3217 1948 veritas
3246 1896 3574 1950 ostendeba-

2011 1993 2121 2048 tur,
2160 1992 2217 2038 nt
2244 1984 2410 2038 sudor
2443 1994 2502 2039 et
2544 1984 2703 2037 timor
2733 2001 2746 2038 :
2793 1994 2846 2038 et
2880 1999 2985 2039 non
3041 1986 3186 2039 visus
3218 1986 3406 2041 fuisset
3440 1987 3580 2040 veri-

2009 2075 2209 2129 similia
2247 2075 2449 2137 dicere.
2492 2075 2536 2129 si
2581 2075 2831 2138 dixisset.
2883 2074 3105 2132 Possum
3142 2078 3255 2145 ipse
3310 2078 3579 2135 adducere

2010 2166 2253 2234 angelos.
2309 2166 2414 2220 Pro
2471 2166 2753 2221 duodecim
2803 2167 2985 2236 igitur,
3037 2170 3235 2238 inquit,
3297 2169 3579 2239 apostolis.

2008 2260 2313 2313 astitissent
2362 2258 2490 2313 mihi
2519 2259 2803 2313 duodecim
2836 2261 3110 2316 exercitus
3144 2260 3482 2332 angelorum,
3531 2262 3579 2317 si

2008 2350 2227 2420 quidem
2248 2349 2565 2405 voluissem.
2593 2348 2756 2420 Legio
2786 2351 2930 2405 enim
2955 2361 3039 2405 est
3068 2367 3321 2420 magnum
3362 2368 3579 2422 agmen,

2008 2455 2202 2512 nempe
2227 2457 2320 2496 sex
2364 2442 2530 2495 millia
2573 2443 2838 2510 equitum.
2889 2439 3115 2509 Oportet
3163 2443 3344 2513 igitur,
3384 2444 3580 2513 inquit,

2008 2533 2126 2587 ha-c
2179 2533 2357 2586 omnia
2419 2532 2557 2596 ﬁeri,
2620 2541 2678 2585 ut
2750 2531 3076 2601 impleantur
3131 2533 3426 2601 Scriptum
3463 2550 3585 2604 qua:

2010 2625 2124 2678 haec
2151 2623 2539 2693 praedixerunt.
2576 2622 2691 2677 Non
2725 2622 2867 2691 quod
2900 2623 3021 2676 ideo
3051 2620 3218 2677 Judaei
3263 2623 3408 2687 mali,
3452 2626 3579 2692 quin

2010 2716 2375 2787 praedixerunt
2416 2713 2714 2784 Scriptum
2760 2730 2778 2770 :
2807 2714 2903 2770 sed
2940 2715 3067 2785 quia
3096 2713 3268 2771 Judrei
3297 2716 3410 2771 haec
3441 2716 3577 2770 mala

2009 2804 2287 2859 voluntate
2345 2803 2540 2857 tacturi
2587 2812 2766 2869 erant,
2818 2804 2939 2860 ideo
2987 2802 3223 2875 Spiritus
3252 2812 3473 2862 sanctus
3506 2821 3570 2860 ea

2011 2896 2306 2967 Scripturis
2331 2892 2585 2967 prodidit.

2089 3180 2257 3238 Vens.
2292 3182 2383 3249 55,
2419 3180 2511 3239 56.
2553 3198 2574 3236 ι
2609 3182 2668 3237 in
2714 3181 2804 3237 illa
2834 3180 2964 3237 hora
3026 3180 3163 3238 dixit
3187 3178 3345 3237 Iesus
3368 3178 3585 3236 turbis:

2017 3271 2311 3345 Tanquam‘
2331 3277 2400 3328 ad
2434 3274 2698 3330 latronem
2725 3273 2918 3329 existis
2947 3288 3069 3329 cum
3101 3274 3295 3341 gladlis
3335 3284 3390 3329 et
3416 3272 3581 3329 fusti-

2015 3366 2118 3423 bus
2174 3376 2232 3423 ut
2286 3368 2766 3439 cotnpreltendatis
2806 3383 2893 3423 me
2943 3386 2957 3423 :
3015 3369 3256 3435 quotidie
3316 3369 3457 3439 apud
3493 3384 3590 3425 vos

2015 3460 2271 3516 sedebam
2304 3461 2504 3515 docens
2530 3459 2583 3513 in
2611 3459 2831 3529 templo,
2855 3467 2911 3513 et
2937 3474 3040 3512 non
3079 3474 3164 3513 me
3196 3459 3439 3534 cepistis.
3474 3458 3587 3515 Hoc

2017 3558 2199 3606 autem
2227 3559 2394 3605 totum
2430 3547 2636 3604 factum
2675 3559 2759 3605 est
2801 3541 2862 3604 ut
2907 3548 3312 3618 complerentur
3346 3550 3593 3621 Scriptu-

2014 3658 2091 3699 ra:
2114 3643 2520 3713 prophetarum.
2553 3660 2573 3695 ι
2611 3640 2863 3698 Ostendit
2894 3643 3121 3697 stultum
3164 3643 3378 3699 illorum
3413 3658 3585 3699 cona-

2020 3744 2158 3801 tum,
2184 3744 2240 3789 et
2278 3735 2423 3803 quod
2460 3748 2570 3788 non
2607 3732 2937 3789 fortitudinis
2960 3734 3171 3789 illorum
3196 3733 3382 3797 fuerit.
3417 3735 3591 3805 ipsum

2018 3822 2428 3893 comprehendi.
2476 3821 2707 3889 Quando
2737 3824 2904 3888 enim,
2941 3824 3137 3892 inquit,
3184 3838 3335 3879 eram
3372 3825 3424 3878 in
3456 3833 3592 3879 tetu-

2019 3916 2129 3987 plo,
2191 3914 2457 3971 volebatis
2513 3929 2600 3970 me
2644 3915 3121 3984 comprehendere,
3172 3923 3228 3970 et
3300 3916 3426 3984 quia
3486 3931 3591 3970 non

2021 4006 2379 4063 concedebam
2405 4006 2578 4072 vobis,
2613 4015 2741 4061 tunc
2770 4021 2875 4062 non
2900 4006 3165 4075 poteratis
3194 4022 3213 4074 ;
3249 4021 3391 4061 nunc
3411 4018 3590 4061 autem

2021 4106 2216 4168 sponte
2246 4097 2511 4166 meipsum
2542 4096 2715 4153 oﬂero
2744 4114 2759 4153 :
2790 4112 2911 4151 nam
2943 4097 3059 4154 scio
3088 4097 3422 4167 impossibile
3446 4096 3596 4151 Scri—

2022 4198 2236 4261 pturas,
2268 4204 2387 4261 quae
2414 4198 2650 4245 vestram
2676 4189 3041 4260 praedixerunt
3062 4189 3346 4256 malitiam,
3371 4187 3597 4245 menda-

2025 4295 2114 4337 ces
2143 4296 2281 4337 εεειε.

2078 4357 2266 4429 Ὗειιε.
2297 4372 2491 4430 56-58.
2526 4392 2545 4427 ι
2583 4371 2740 4429 Tunc
2769 4373 3015 4445 discipuli
3044 4388 3255 4442 omnes,
3287 4372 3481 4429 relicto
3507 4386 3596 4437 eo,

343 4461 417 4515 Οἱ
450 4459 528 4523 δὲ,
581 4460 957 4529 κρατήσαντες
1008 4456 1098 4512 τὸν
1148 4454 1378 4528 Ἰησοῦν,
1435 4455 1731 4526 ἀπήγαγον
1786 4452 1910 4523 πρὸς

2026 4467 2304 4537 fugerunt.
2335 4467 2405 4522 At
2437 4466 2507 4521 illi
2535 4467 2987 4537 comprehensum
3014 4463 3197 4522 Jesum
3231 4465 3504 4520 duxerunt
3530 4465 3598 4519 ad

348 4552 611 4619 Καϊάφαν
638 4549 726 4601 τὸν
749 4548 1031 4618 ἀρχιερέα,
1080 4547 1213 4601 ὅπου
1261 4548 1311 4600 οἱ
1364 4546 1719 4618 Γραμματεῖς
1754 4544 1910 4598 καὶοὶ

2028 4558 2289 4631 Caipham
2346 4560 2646 4630 principem
2717 4558 3083 4623 sacerdotum,
3148 4556 3235 4611 ubi
3301 4554 3508 4610 Scriba:
3543 4563 3598 4609 et

350 4640 721 4712 πρεσϐύτεροι
773 4639 1139 4709 συνήχθησαν’
1187 4640 1215 4693 6
1265 4639 1322 4693 δὲ
1379 4638 1583 4709 Πέτρος
1638 4634 1910 4708 ⁴ἠκολούθει

2028 4650 2274 4705 seniores
2334 4656 2722 4704 convenerant.
2776 4644 2973 4701 Petrus
3020 4654 3203 4700 autem
3264 4644 3601 4713 sequebatur

350 4733 510 4803 αὐτῷ
538 4731 645 4786 ἀπὸ
674 4723 951 4802 μακρόθεν
979 4731 1083 4792 ἕως
1118 4732 1216 4803 τῆς
1248 4730 1420 4802 αὐλῆς
1438 4733 1547 4799 ,τοῦ
1581 4728 1910 4801 ἀρχιερέως⁴

2031 4755 2157 4796 eum
2180 4740 2389 4810 procul,
2421 4752 2593 4809 usque
2625 4738 2691 4792 ad
2713 4738 2913 4791 atrium
2943 4736 3206 4806 principis
3225 4736 3596 4791 sacerdotum.

354 4828 453 4879 καὶ
510 4823 767 4879 εἰσελθὼν
820 4823 949 4890 ἐσω,
990 4822 1226 4889 ἐκάθητο
1282 4824 1421 4894 μετά
1461 4824 1568 4876 τῶν
1611 4820 1910 4894 ὑπηρετῶν,

2028 4831 2097 4887 Et
2134 4833 2415 4902 ingressus
2437 4830 2605 4895 intro,
2636 4828 2857 4884 sedebat
2885 4842 3010 4882 cum
3044 4825 3334 4890 ministris,
3358 4833 3416 4879 ut
3448 4826 3603 4880 vide-

357 4918 491 4972 ίδεῖν
518 4919 577 4970 τὸ
628 4918 801 4980 τέλος.
844 4935 863 4968 ι
902 4917 965 4970 Οἱ
1001 4916 1100 4987 μὲν
1152 4915 1302 4969 ἄλλοι
1352 4915 1592 4987 μαθηταὶ
1633 4915 1910 4984 ἐφυγονί

2029 4933 2116 4979 ret
2145 4924 2331 4979 linem.
2366 4942 2386 4976 ι
2424 4922 2531 4977 Alii
2554 4921 2771 4992 quidem
2796 4918 3043 4989 discipuli
3074 4918 3331 4989 fugerunt
3358 4932 3374 4971 :
3408 4916 3604 4973 Petrus

354 5013 414 5065 δὲ
442 5010 648 5083 Πέτρος
696 5010 1029 5083 θερμότερον
1071 5010 1415 5081 διακείμενος
1463 5009 1594 5079 περὶ
1644 5008 1737 5061 τὸν
1769 5007 1910 5061 διδά-

2031 5030 2160 5071 vero
2189 5015 2501 5070 ferventiori
2534 5012 2692 5084 152
2729 5027 2857 5083 erga
2913 5010 3235 5081 Magistrum
3265 5007 3486 5073 alfectu,
3518 5021 3605 5063 se-

359 5104 584 5169 σκαλον,
616 5103 899 5174 ἠκολούθει
937 5103 1236 5175 μακρόθεν.
1271 5103 1333 5157 Ei
1367 5102 1424 5156 δὲ
1466 5102 1560 5155 καὶ
1589 5104 1617 5155 6
1675 5100 1910 5170 Ἰωάννησ

2037 5107 2311 5177 quebatur
2330 5107 2538 5176 procul.
2571 5106 2828 5174 Quamvis
2851 5112 3031 5159 autem
3056 5110 3112 5158 et
3144 5099 3384 5157 Joannes
3407 5114 3606 5168 seque-

2048 5208 2219 5266 retur,
2262 5212 2368 5255 non
2398 5207 2581 5254 tamen
2604 5206 2665 5253 ut
2698 5194 3012 5265 discipulus,
3049 5192 3143 5249 sed
3172 5202 3233 5247 ut
3271 5200 3431 5247 notus
3467 5205 3606 5262 pon-

2038 5290 2191 5345 tiﬁci.

2107 5380 2272 5438 Vens.
2309 5381 2400 5449 59,
2423 5380 2516 5436 60.
2556 5397 2577 5432 ι
2624 5378 2907 5446 Principes
2963 5386 3141 5433 autem
3176 5373 3522 5431 sacerdotum
3552 5380 3609 5427 et

2035 5476 2280 5533 seniores
2333 5483 2389 5528 et
2458 5482 2628 5526 totum
2703 5471 2988 5526 consilium
3043 5469 3361 5537 quaerebant
3410 5465 3606 5520 falsum

2036 5567 2408 5625 testimonium
2439 5573 2629 5620 contra
2649 5559 2860 5630 Jesum,
2886 5572 2945 5619 ut
2963 5564 3123 5619 morti
3152 5577 3276 5619 eum
3308 5559 3605 5624 traderent,

358 5194 668 5265 ἠκολούθει,
702 5194 816 5248 ἀλλ’
847 5194 946 5266 οὐχ
975 5195 1051 5259 ὡς
1079 5194 1351 5269 μαθητὴς,
1385 5193 1499 5249 ἀλλ’
1528 5192 1604 5258 ὡς
1647 5192 1930 5265 γνώριμος

352 5286 452 5340 τοῦ
495 5287 816 5358 ἀρχιερέως.

435 5401 455 5434 ι
498 5381 560 5435 Οί
602 5381 880 5453 ἀρχιερεῖς
918 5384 1011 5437 καὶ
1044 5382 1093 5437 οῖ
1144 5380 1510 5453 πρεσϐύτεροι
1572 5378 1665 5435 καὶ
1712 5376 1772 5430 τὸ
1804 5393 1928 5432 συν-

352 5476 539 5546 έδριον
572 5477 693 5529 ὅλον
758 5475 985 5544 ἐζήτουν
1018 5472 1495 5545 ψευδομαρτυρίαν
1524 5469 1667 5525 κατά
1697 5467 1793 5523 τοῦ
1826 5468 1928 5539 ’1η-

351 5560 476 5625 σοῦ,
519 5561 667 5626 ὅπως
704 5560 865 5615 αὑτὸν
918 5561 1289 5628 θανατώσωσι,
1328 5562 1421 5615 καὶ
1454 5560 1551 5631 οὐχ
1595 5552 1779 5631 εὖρον.
1820 5559 1927 5613 Καὶ

434 5740 480 5771 ⁸⁸
501 5738 833 5808 Joan.sutt,
856 5742 944 5799 l0.
