3968 6460
375 277 412 285 κ
476 250 583 314 455

1320 244 1910 306 TlIEOPllYLACTl
1952 244 2366 305 BULGARIIE
2399 243 2755 306 ARCHIEP.

3609 253 3702 314 456

475 373 530 420 et
562 375 668 417 non
695 359 1039 416 invenerunt.
1075 357 1283 413 Etcum
1313 359 1465 413 multi
1498 358 1618 414 falsi
1661 368 1826 415 testes
1857 373 2038 414 acces-

2150 356 2364 414 πολλῶν
2392 353 2864 438 ψευδομαρτύρων
2893 356 3332 427 προσελθόντων,
3359 357 3459 430 οὐχ
3489 336 3652 433 εὖρον.
3687 386 3702 418 ι

479 455 701 519 sissent,
756 466 861 506 non
923 451 1271 506 invenerunt.
1313 469 1332 504 ι
1387 451 1470 506 Ad
1519 451 1781 522 Caipham
1846 452 2049 506 ducunt

475 545 685 610 Jesum,
729 559 856 599 nam
883 542 972 598 ille
1021 553 1141 598 erat
1176 543 1420 613 pontifex
1453 544 1579 598 anni
1634 543 1799 608 illius,
1857 543 1948 598 ubi
1995 550 2051 599 et

477 640 666 710 reliqui
699 637 1115 708 pernoctabant,
1139 650 1242 691 non
1267 635 1616 692 comedentcs
1659 646 1789 692 tunc
1812 635 2044 702 Pascha,

475 732 569 788 sed
598 740 976 800 exspectantes
1032 739 1090 784 ut
1117 729 1430 785 occiderent
1465 729 1771 795 Dominum,
1790 728 2050 798 praevari-

475 823 741 879 cabantur
764 823 955 892 legem.
985 821 1248 877 Dominus
1291 822 1433 876 enim
1471 821 1584 892 ipse
1619 821 1858 892 legitimo
1905 830 2044 877 tem-

478 931 607 984 pore
637 917 968 978 comederat,
1006 913 1080 968 illi
1115 927 1242 969 vero
1268 920 1620 968 contemnunt
1647 911 1843 984 legem,
1886 911 2047 970 modo

468 1007 729 1062 occidant
758 1007 1055 1061 Christum.
1569 1008 1574 1012 ’

550 1185 714 1241 Vens.
747 1184 940 1240 61-63.
979 1202 999 1237 ι
1034 1183 1336 1241 Novissime
1384 1192 1566 1240 autem
1620 1189 1888 1239 venerunt
1941 1183 2047 1240 duo

471 1278 600 1332 falsi
670 1287 855 1344 testes,
908 1286 963 1333 et
1005 1277 1305 1332 dixerunt:
1346 1274 1446 1331 Hic
1505 1275 1662 1342 dixit,
1691 1274 2048 1332 Possumde-

478 1379 690 1422 struere
727 1367 991 1436 templum
1028 1364 1142 1430 Dei,
1196 1374 1252 1420 et
1281 1367 1334 1420 in
1367 1365 1548 1420 triduo
1589 1365 1859 1420 aedificare
1889 1364 2044 1421 illud.

470 1456 544 1512 Et
592 1473 819 1527 surgens
880 1460 1132 1528 princeps
1175 1458 1518 1512 sacerdotum
1560 1457 1699 1512 dixit
1746 1457 1822 1513 illi
1853 1475 1868 1514 :
1897 1457 2045 1514 Nihil

478 1548 809 1618 respondes?
864 1563 963 1604 cur
1009 1549 1098 1604 isti
1137 1551 1422 1603 adversunt
1467 1558 1520 1604 te
1561 1551 1930 1606 testimonium
1960 1553 2044 1608 di-

478 1643 644 1695 cunt?
671 1639 830 1695 Jesus
856 1651 1033 1694 autem
1063 1640 1298 1696 tacebat.
1321 1640 1389 1696 Et
1422 1642 1757 1709 respOndens
1787 1643 2044 1714 princeps

2153 446 2248 510 Εἰς
2277 445 2369 499 τὸν
2395 447 2653 515 Καϊάφαν
2690 445 2966 515 ἀπάγουσι
3000 446 3092 500 τὸν
3128 446 3361 516 Ἰησοῦν·
3394 449 3591 514 ἐκεῖνος
3615 454 3710 525 γὰρ

2148 531 2219 607 ἦν
2270 537 2562 609 ἀρχιερεὺς
2612 535 2708 590 τοῦ
2760 537 3010 592 ἐνιαυτοῦ
3058 540 3312 593 ἐκείνου·
3367 539 3496 595 ἔνθα
3531 544 3619 598 καὶ
3666 547 3709 601 οί

2150 627 2329 681 λοιποὶ
2355 627 2793 700 διενυκτέρευον,
2849 628 2923 700 μὴ
2956 629 3228 699 φαγόντες
3251 630 3375 684 τότε
3418 631 3478 686 τὸ
3515 634 3708 708 Πάσχα,

2148 719 2266 774 ἀλλ’
2321 720 2739 790 ἀναμείναντες,
2795 721 2882 775 ἴνα
2934 722 3307 777 ἀποκτείνωσι
3357 723 3452 777 τὸν
3502 725 3707 798 Κύριον,

2150 814 2247 867 καὶ
2275 811 2626 883 παραϐάντες
2665 813 2759 867 τὸν
2789 813 2985 884 νόμον⁶
3015 814 3044 867 6
3071 813 3173 881 μὲν
3203 813 3317 885 γάρ
3348 815 3549 886 Κύριος
3585 820 3710 874 κατὰ

2153 901 2246 956 τὸν
2295 904 2682 974 νενομισμένον
2739 903 2932 975 καιρὸν
2987 903 3221 974 ἔφαγεν,
3278 904 3481 959 ἐκείνοι
3513 906 3588 974 δὲ,
3632 908 3707 966 ίνα

2153 992 2316 1064 μόνον
2344 994 2710 1050 ἀποκτείνωσι
2747 995 2842 1051 τὸν
2899 994 3130 1068 Κύριον,
3187 997 3589 1069 καταφρονοῦσι
3622 1004 3704 1056 καὶ

2147 1085 2245 1140 τοῦ
2278 1085 2463 1158 νόμου.

2225 1197 2245 1233 ι
2278 1179 2547 1250 Ὕστερον
2574 1179 2634 1235 δὲ
2692 1181 3083 1252 προσελθόντες
3125 1181 3225 1236 δύο
3262 1181 3706 1258 ψευδομάρτυρες,

2146 1265 2302 1326 εἷπον
2334 1287 2349 1303 ⁸
2389 1264 2562 1336 Οὗτος
2589 1271 2716 1345 ἔφη·
2745 1272 2992 1345 Δύναμαι
3023 1273 3332 1328 καταλῦσαι
3357 1274 3448 1329 τὸν
3479 1277 3595 1330 ναὸν
3627 1278 3706 1332 τοῦ

2146 1359 2306 1430 Θεοῦ,
2359 1361 2454 1417 καὶ
2505 1363 2595 1418 διὰ
2623 1362 2792 1436 τριῶν
2835 1365 3064 1436 ἡμερῶν
3119 1364 3483 1438 οἰκοδομῆσαι
3537 1368 3702 1430 αὐτόν.

2147 1455 2258 1509 Καὶ
2285 1454 2522 1520 ἀναστάς
2552 1457 2581 1510 6
2633 1457 2925 1528 ἀρχιερεὺς
2958 1449 3114 1512 εἶπεν
3145 1456 3302 1529 αὐτῴ
3323 1473 3339 1488 ο
3374 1459 3537 1513 Οὐδὲν
3579 1461 3700 1514 ἀπο·

2145 1543 2338 1616 κρίνῃ;
2371 1544 2424 1598 τί
2451 1537 2599 1600 οῦτοι
2626 1563 2720 1600 σου
2750 1547 3274 1620 καταμαρτυροῦσιν
3300 1566 3316 1617 ;
3354 1549 3412 1603 '0
3434 1549 3491 1604 δὲ
3523 1551 3704 1622 Ἰησοῦς

2144 1634 2379 1690 ἐσιώπα.
2407 1636 2519 1693 Καὶ
2559 1637 2878 1710 ἀποκριθεὶς
2924 1641 2954 1693 6
2995 1640 3316 1713 ἀρχιερεὺς,
3345 1635 3498 1695 εἶπεν
3545 1644 3700 1716 αὒτῷ⁶

474 1730 818 1784 sacerdotum
844 1731 919 1785 ait
945 1730 1018 1784 illi
1051 1748 1064 1784 :
1092 1730 1294 1800 Adjuro
1324 1739 1378 1786 te
1413 1748 1509 1801 per
1549 1733 1714 1788 Deum
1747 1735 1951 1801 vivum,
1985 1745 2038 1792 ut

2161 1727 2456 1799 Ἐξορκίζω
2506 1746 2564 1782 σε
2595 1730 2736 1784 κατὰ
2771 1730 2865 1784 τοῦ
2914 1731 3051 1786 Θεοῦ
3088 1732 3186 1786 τοῦ
3228 1731 3456 1803 ζῶντος,
3483 1733 3566 1788 ἵνα
3587 1736 3701 1805 ἡμῖν

477 1823 626 1878 dicas
655 1823 808 1878 nobis
839 1838 904 1876 an
929 1824 1005 1878 sis
1044 1823 1294 1879 Christus
1323 1823 1493 1879 Filius
1523 1825 1639 1882 Dei.
1682 1825 1826 1881 Dicit
1852 1827 1926 1882 illi
1958 1826 2048 1883 Je-

471 1927 572 1968 sus
591 1933 605 1968 :
627 1914 706 1968 Tu
727 1915 932 1970 dixisti.
963 1933 983 1969 ι
1011 1914 1148 1970 Vere
1170 1915 1244 1970 illi
1265 1915 1554 1971 crantfalsi
1577 1925 1761 1974 testes.
1793 1917 2048 1974 Christus

475 2005 624 2058 enim
657 2018 764 2059 non
787 2006 1017 2071 dixerat,
1041 2005 1266 2060 Possum
1283 2007 1578 2071 destruere,
1601 2005 1714 2073 sed,
1741 2008 1935 2064 solvite
1958 2009 2000 2040 “
2029 2025 2044 2063 ι

477 2108 533 2152 et
566 2112 671 2152 non
716 2099 854 2152 dixit
895 2098 1151 2168 templum
1180 2098 1296 2162 Dei,
1322 2100 1416 2154 sed
1451 2101 1709 2169 templum
1729 2101 1852 2166 hoc,
1874 2101 1927 2156 id
1962 2110 2049 2158 est

478 2207 678 2260 corpus
708 2207 908 2247 meum.
944 2191 1009 2246 Et
1039 2191 1232 2246 iterum
1262 2205 1368 2247 non
1401 2192 1561 2257 dixit,
1599 2191 1924 2260 Ellilicabo,
1953 2195 2048 2249 sed

472 2284 730 2340 excitabo
762 2302 777 2338 ε
828 2294 1094 2352 erantque
1120 2283 1194 2338 illi
1231 2283 1519 2340 manifeste
1551 2285 1671 2340 falsi
1709 2295 1900 2353 testes,
1955 2287 2049 2358 qui

477 2375 732 2429 dicebant
759 2373 1037 2429 Christum
1073 2374 1177 2428 alia
1206 2374 1409 2430 dixisse
1449 2390 1610 2446 quam
1640 2377 1872 2433 dixerat.
1890 2377 2050 2435 Iesus

472 2467 641 2537 igitur
672 2481 795 2522 cum
847 2466 1012 2520 sciret
1046 2464 1308 2535 judicium
1350 2480 1536 2521 eorum
1579 2467 1865 2537 iujustum,
1896 2477 2044 2525 tace-

476 2557 571 2612 bat
602 2575 616 2612 :
651 2557 847 2627 quibus
895 2557 1043 2612 enim
1088 2557 1240 2626 signa
1293 2557 1428 2612 nihil
1464 2569 1869 2627 persuaserant,
1905 2575 2044 2628 quo-

479 2649 638 2704 modo
658 2649 1057 2719 persuasissent
1073 2649 1368 2718 responsa?
1383 2649 1553 2705 Porro
1569 2650 1807 2721 pontifex
1823 2653 2049 2723 cupiens

475 2740 624 2796 illum
669 2741 1040 2809 blasphemum
1081 2742 1381 2807 declarare,
1417 2752 1592 2814 rogat,
1630 2754 1689 2798 ut
1744 2745 1789 2800 si
1823 2744 2043 2813 dixerit,

475 2830 586 2901 Ego
615 2847 734 2886 sum
776 2830 945 2887 Filius
985 2832 1101 2897 Dei,
1127 2844 1381 2904 tanquam
1413 2834 1764 2906 blasphemus
1789 2838 2047 2893 condem-

475 2936 655 2980 netur.
698 2924 755 2980 Si
792 2937 970 2982 autem
1003 2929 1308 2997 negaverit,
1347 2928 1666 2986 testificatus
1723 2931 1796 2986 sit
1848 2940 2039 2988 contra

476 3019 843 3088 semetipsum.
864 3020 934 3074 At
973 3021 1254 3088 Dominus,
1277 3021 1368 3091 qui
1387 3024 1800 3091 comprehendit
1829 3024 2046 3092 sapien-

2149 1819 2330 1892 εῐπῃς,
2360 1821 2410 1874 εί
2455 1822 2520 1875 σὺ
2551 1819 2601 1876 εί
2629 1825 2657 1876 6
2709 1823 2945 1893 Χριστὸς
2986 1825 3015 1877 6
3068 1823 3200 1889 Yib;
3225 1826 3324 1879 τοῦ
3368 1825 3524 1882 Θεοῦ.
3554 1829 3700 1899 Λέγει

2147 1911 2299 1982 αὐτῷ
2328 1914 2356 1965 6
2397 1911 2602 1984 Ἰησοῦς
2625 1930 2637 1943 °
2679 1915 2753 1968 Σὺ
2784 1911 2966 1980 εἶπας.
3005 1935 3023 1969 ι
3050 1917 3520 1992 Ψευδομάρτυρες
3550 1920 3699 1986 ὅντως

2147 1995 2287 2071 ἦσαν
2317 1995 2464 2056 οὗτοι
2489 2019 2504 2034 ⁸
2534 2005 2564 2058 6
2611 2004 2720 2073 γάρ
2751 2007 2984 2076 Χριστὸς
3014 2009 3116 2062 οὐκ
3148 2006 3328 2076 εἶπεν,
3368 2013 3451 2066 ὅτι
3480 2012 3699 2085 Δύναμαι

2147 2092 2477 2164 καταλῦσαι,
2495 2095 2652 2162 ἀλλὰ,
2671 2097 2908 2152 Λύσατε.
2934 2099 3044 2154 Καὶ
3073 2100 3176 2154 οὐκ
3206 2097 3354 2169 εἷπε,
3375 2103 3466 2158 τὸν
3485 2106 3600 2158 ναδν
3617 2105 3696 2159 τοῦ

2148 2184 2306 2252 Θεοῦ,
2329 2187 2486 2255 ἀλλὰ,
2537 2187 2630 2243 τὸν
2661 2189 2788 2244 ναὸν
2816 2189 3028 2260 τοῦτον,
3058 2193 3310 2249 τουτέστι
3333 2193 3394 2248 rb
3415 2195 3568 2266 σῶμά
3592 2213 3697 2267 μου·

2148 2278 2246 2331 καὶ
2273 2279 2440 2333 πάλιν
2495 2279 2600 2334 οὐκ
2652 2278 2842 2337 εἶπενο
2877 2283 3267 2355 Οίκοδομήσω,
3320 2285 3456 2354 ἀλλ’,
3495 2284 3699 2358 Ἐγερῶτ

2150 2367 2294 2424 ὥστε
2339 2371 2595 2444 φανερῶς
2623 2373 3066 2448 ψευδομάρτυρες
3095 2371 3272 2444 οῦτοι,
3307 2377 3448 2433 ἄλλα
3498 2380 3698 2434 είπόντα

2147 2459 2240 2516 τὸν
2269 2461 2527 2535 Χριστὸν,
2548 2454 2694 2520 ’ἄλλα
2722 2465 2974 2537 λέγοντες
3005 2469 3209 2524 εἰπεῖν.
3267 2469 3330 2524 Ὀ
3388 2468 3483 2524 οῦν
3521 2467 3699 2541 Ἰησοῦς

2148 2556 2470 2626 παράνομον
2498 2555 2654 2622 εἰδὼς
2686 2558 2749 2612 τὸ
2773 2543 3064 2632 κριτήριον
3109 2560 3320 2629 αὐτῶν,
3350 2561 3585 2617 ἐσιώπα·
3617 2561 3698 2628 οὓς

2146 2647 2258 2719 γάρ
2307 2650 2510 2719 σημεῖα
2528 2649 2636 2703 οὐκ
2665 2649 2904 2718 ἔπειθον,
2952 2651 3072 2718 πῶς
3124 2652 3196 2708 ἂν
3245 2653 3530 2724 άπολογίαι
3566 2653 3697 2708 Επει-

2149 2757 2283 2808 σαν;
2327 2741 2390 2794 Ὀ
2419 2740 2477 2795 δέ
2529 2742 2842 2815 ἀρχιερεὺς,
2880 2743 3212 2815 βουλόμενος
3261 2745 3420 2816 ῥίψαι
3447 2745 3599 2800 αὑτὸν
3627 2745 3695 2812 εις

2149 2832 2517 2907 βλασφημίαν,
2581 2837 2797 2908 ἐρωτᾷο
2857 2837 2943 2890 ἵνα
2974 2838 3073 2894 ἐὰν
3106 2839 3211 2908 μὲν
3267 2840 3419 2912 εἴπῃ,
3453 2840 3532 2894 ὅτι
3576 2838 3697 2908 Ἐγώ

2146 2927 2262 2997 είμι
2294 2929 2323 2980 6
2370 2927 2498 2991 Υἱὸς
2532 2927 2628 2982 τοῦ
2672 2927 2830 2992 Θεοῦ,
2883 2929 2958 2993 ὡς
2999 2930 3328 3004 βλάσφημος
3385 2931 3693 3002 κατακριθῇ,

2146 3018 2242 3072 ἐὰν
2289 3018 2348 3072 δὲ
2402 3019 2733 3091 ἀρνήσηται,
2766 3021 2865 3093 ἔχῃ
2898 3021 3059 3076 αὐτὸν
3091 3023 3219 3076 καθ’
3255 3022 3450 3078 ἐαυτοῦ
3505 3039 3695 3095 μαρτυ-

475 3118 559 3162 tes
590 3107 642 3162 in
674 3110 910 3164 versutia
949 3124 1070 3175 sua,
1104 3111 1382 3180 respondit
1417 3128 1430 3164 :
1468 3110 1550 3165 Tu
1581 3111 1787 3178 dixisti,
1809 3113 1914 3168 hoc
1937 3123 2038 3182 est,

2149 3111 2414 3183 ρήσαντα.
2457 3111 2642 3165 ’Λλλ’ό
2665 3111 2870 3183 Κύριος
2897 3114 2927 3166 6
2954 3113 3327 3186 δρασσόμενος
3361 3115 3481 3178 τοὺς
3519 3113 3694 3184 σοφοὺς

472 3207 624 3255 tuum
663 3216 724 3256 os
753 3201 1059 3258 confessum
1081 3211 1174 3257 est
1214 3201 1356 3271 quod
1389 3216 1494 3273 ego
1517 3217 1634 3258 sum
1661 3203 1831 3261 Filius
1851 3204 1968 3261 Dei.

542 3493 711 3548 Vsus.
761 3493 850 3547 64.
908 3511 930 3546 ι
999 3492 1383 3549 Verumtamen
1446 3493 1568 3550 dico
1620 3494 1795 3559 vobis,
1845 3495 2042 3550 amodo

469 3584 722 3637 videbitis
755 3581 950 3638 Filium
988 3584 1224 3640 hominis
1253 3588 1532 3641 sedentem
1563 3601 1593 3640 a
1641 3586 1850 3642 dextris
1875 3587 2042 3641 virtu-

473 3677 561 3740 tis,
595 3683 651 3729 et
689 3677 997 3730 venientem
1043 3676 1101 3731 in
1157 3677 1391 3735 nubibus
1441 3680 1585 3736 caeli.
1636 3698 1656 3731 υ
1713 3679 1790 3734 Ex
1821 3679 2041 3735 Daniele

469 3766 727 3835 propheta
757 3766 841 3820 his
871 3766 1134 3835 loquitur.
1174 3767 1267 3822 llle
1299 3769 1446 3824 enim
1498 3770 1670 3840 inquit
1701 3787 1714 3824 :
1772 3767 2036 3825 Videbam

469 3858 609 3912 sicut
642 3857 838 3912 Filium
871 3859 1106 3915 hominis
1155 3861 1462 3917 venientem
1496 3863 1547 3916 in
1585 3862 1842 3918 nubibus.
1896 3863 2032 3919 Nam

467 3950 593 4009 quis
617 3951 878 4018 putabant
899 3951 1249 4021 impostorem
1295 3968 1439 4020 esse,
1469 3967 1535 4009 eo
1560 3954 1705 4024 quod
1752 3955 1805 4008 in
1846 3955 2036 4012 humili

466 4043 662 4096 viatitu
715 4044 1037 4112 apparebat,
1071 4042 1354 4110 Videbitis,
1384 4046 1580 4115 inquit,
1618 4059 1706 4101 me
1752 4055 1879 4100 tunc
1908 4061 2035 4102 cum

466 4135 667 4190 virtute
697 4137 1024 4203 venientem,
1084 4148 1138 4192 et
1178 4139 1505 4193 assidentem
1552 4137 1722 4193 Patri.
1763 4135 2032 4192 Virtutem

465 4225 608 4277 enim
641 4225 729 4278 hic
759 4224 935 4281 Patris
961 4225 1131 4282 dicit:
1167 4235 1222 4282 et
1264 4241 1371 4283 non
1427 4241 1459 4282 a
1493 4237 1659 4295 terra,
1713 4228 1810 4284 sed
1835 4242 1866 4283 a
1899 4227 2037 4283 coelo

466 4315 796 4370 venientem.

540 4496 706 4550 Vens.
738 4495 828 4562 65,
856 4495 949 4554 66.
983 4515 1003 4550 ι
1045 4496 1197 4552 Tunc
1218 4497 1470 4569 princeps
1490 4501 1835 4556 sacerdotum
1858 4501 2030 4558 disci-

463 4586 545 4640 dit
572 4590 894 4643 vestimenta
949 4605 1068 4655 sua,
1123 4589 1312 4645 dicens
1348 4607 1364 4645 :
1419 4589 1820 4660 Blaspbemavit
1849 4607 1865 4647 :
1897 4594 2027 4663 quid

465 4679 684 4746 insuper
717 4695 940 4749 egemus
973 4682 1240 4736 testibus?
1283 4681 1423 4738 Ecce
1450 4698 1592 4738 nunc
1618 4686 1844 4740 audistis
1873 4684 2032 4741 blas-

459 4772 729 4838 pltemiam
765 4771 881 4839 ejus
912 4789 927 4827 :
954 4773 1083 4841 quid
1124 4773 1296 4837 .vobis
1328 4774 1660 4828 videturiAt
1697 4776 1771 4830 illi
1808 4791 2032 4846 respon—

463 4862 656 4916 dentes
680 4865 970 4918 dixerunt:
999 4861 1145 4918 Reus
1157 4871 1240 4918 est
1258 4865 1466 4919 mortis.
1498 4881 1518 4917 ο
1538 4863 1653 4920 Mos
1675 4877 1792 4920 erat
1808 4865 2027 4936 Judaais,

460 4954 676 5020 quando
731 4955 858 5023 quid
917 4955 1256 5010 intolerabile
1314 4955 1614 5019 accidebat,
1691 4959 2030 5030 disrumpere

459 5057 656 5100 vestes.
723 5047 814 5102 Sic
871 5056 924 5102 et
982 5047 1252 5118 Caiphas,
1310 5049 1464 5118 quasi
1535 5051 1876 5108 manifestius
1938 5052 2026 5107 ille

457 5137 812 5205 blasphemus
846 5147 1015 5203 esset,
1067 5140 1394 5207 decepturus
1421 5141 1679 5210 populum
1723 5142 1826 5196 hoc
1858 5141 2028 5198 facie-

455 5228 570 5294 bat,
595 5230 750 5298 quasi
808 5230 913 5284 hac
962 5233 1174 5284 ratione
1225 5245 1426 5299 cogens
1469 5232 1607 5288 alios
1655 5231 1811 5302 153
1845 5234 2028 5289 dicere

458 5321 604 5374 hunc
633 5336 782 5374 reum
808 5334 930 5376 esse
975 5323 1192 5377 mortis.
1233 5323 1616 5378 Verumtamen
1647 5327 1860 5388 discite,
1876 5329 2026 5395 quod

450 5414 682 5482 (Iaiphas
708 5415 858 5484 rupit
896 5417 1218 5470 vestimenta
1250 5431 1370 5482 sua,
1413 5417 1780 5472 sacerdotium
1821 5419 2021 5476 veteris

450 5505 586 5577 legis
613 5521 736 5562 esse
767 5507 1070 5577 disruptum
1099 5518 1156 5563 et
1183 5507 1423 5563 ablatum
1448 5507 1776 5580 significare.

515 5684 760 5760 “,Joan.
793 5700 858 5752 ιι.
901 5685 990 5744 l9.

2144 3203 2205 3258 ἐν
2251 3204 2316 3274 τῇ
2371 3203 2682 3276 πανουργίᾳ
2721 3204 2925 3270 αὐτῶν,
2981 3205 3379 3278 ἀποκρίνεται·
3416 3206 3486 3260 Σὺ
3536 3201 3691 3268 εἶπας,

2146 3294 2268 3348 ἀντὶ
2299 3295 2416 3359 τοῦ,
2453 3295 2530 3348 Τὸ
2561 3295 2652 3348 σὺν
2687 3295 3008 3369 ὡμολόγησε
3043 3298 3245 3368 στόμα,
3289 3299 3371 3352 ὅτι
3412 3297 3518 3367 ἐγώ
3541 3295 3694 3368 είμιό

2144 3386 2274 3449 Tib;
2315 3385 2411 3442 τοῦ
2445 3387 2606 3443 Θεοῦ.

2213 3497 2232 3530 ι
2266 3479 2412 3549 Πλὴν
2454 3478 2598 3547 λέγω
2640 3479 2794 3550 ὑμῖν,
2847 3479 2946 3534 ἀπ’
3005 3480 3130 3551 άρτι
3196 3481 3396 3552 ὄψεσθε
3448 3483 3536 3535 τὸν
3583 3479 3692 3534 Υἱδν

2141 3569 2237 3623 τοῦ
2299 3569 2588 3642 ἀνθρώπου
2656 3572 2967 3642 καθήμενον
3031 3574 3095 3625 ἐκ
3138 3573 3334 3642 δεξιῶν
3403 3576 3499 3645 τῆς
3551 3572 3692 3626 δυνά-

2145 3677 2310 3731 μεως,
2368 3662 2465 3714 καὶ
2523 3661 2815 3734 ἐρχόμενον
2858 3663 2950 3716 ἐπὶ
3003 3663 3114 3717 τῶν
3176 3665 3418 3735 νεφελῶν
3474 3664 3560 3718 τοῦ
3615 3664 3692 3716 ού-

2142 3753 2333 3826 ρανοῦ.
2390 3775 2409 3808 ι
2447 3755 2546 3811 Ἐκ
2586 3757 2686 3826 τῆς
2746 3755 2838 3810 τοῦ
2889 3757 3087 3828 Δανιὴλ
3147 3758 3483 3830 προφητείας
3530 3757 3692 3818 αὐτοῖς

2139 3847 2466 3917 διαλέγεται.
2516 3849 2754 3914 Ἐκεῖνος
2781 3851 2892 3919 γάρ
2929 3867 3116 3922 φησιν,
3158 3851 3241 3904 ὅτι
3282 3849 3436 3906 Εῐδον
3465 3850 3538 3913 ὡς
3582 3848 3690 3900 Υίδν

2139 3939 2430 4012 ἀνθρώπου
2477 3940 2772 4011 ἐρχόμενον
2800 3941 2893 3994 ἐπὶ
2945 3942 3053 3997 τῶν
3101 3943 3366 4012 νεφελῶν.
3410 3940 3555 3996 Ἐπεὶ
3597 3939 3691 4010 γάρ

2141 4033 2391 4104 ἐνόμιζον
2407 4032 2569 4087 αὑτὸν
2607 4032 2811 4087 πλάνον
2843 4029 3004 4099 εἶναι,
3032 4035 3089 4088 ἐν
3122 4035 3363 4105 ταπεινῷ
3389 4031 3687 4104 φαινόμενον

2142 4127 2404 4196 σχήματι,
2426 4127 2612 4196 φησὶν,
2635 4125 2719 4179 ὅτι
2755 4125 3000 4195 Ὀψεσθέ
3031 4142 3100 4197 με
3125 4127 3248 4180 τότε
3271 4125 3410 4196 μετὰ
3433 4124 3688 4195 δυνάμεως

2141 4215 2455 4287 ἐρχόμενον,
2501 4216 2599 4272 καὶ
2636 4218 3050 4288 συγκαθήμενον
3090 4218 3176 4288 τῷ·
3214 4218 3388 4288 Πατρί
3414 4234 3428 4249 ο
3473 4215 3684 4283 δύναμιν

2143 4306 2252 4378 γὰρ
2281 4307 2515 4361 ἐνταῦθα
2557 4307 2658 4377 τὴν
2714 4307 2809 4361 τοῦ
2845 4308 3060 4380 lla-:96;
3093 4309 3243 4378 λέγει
3265 4325 3282 4343 ο
3334 4310 3425 4364 καὶ
3450 4309 3546 4363 οὐκ
3589 4302 3685 4360 άπὸ

2140 4395 2265 4466 γῆς,
2334 4397 2451 4450 ἀλλ’
2507 4396 2603 4451 ἀπ’
2634 4397 2865 4465 οὐρανοῦ
2902 4399 3219 4470 ἐρχόμενον.

2211 4487 2374 4540 «Τότε
2390 4490 2418 4540 6
2439 4488 2732 4558 ἀρχιερεὺς
2749 4487 3001 4560 διέρρηξε
3031 4489 3096 4542 τά
3118 4489 3311 4560 ἱμάτια
3328 4486 3510 4553 αὐτοῦ,
3523 4485 3682 4552 λέγων

2135 4580 2218 4634 ὅτι
2253 4580 2701 4652 Ἐϐλασφήμησε,
2736 4581 2789 4634 τί
2819 4581 2900 4633 ἔτι
2922 4582 3109 4652 χρείαν
3140 4581 3336 4653 ἔχομεν
3375 4578 3677 4652 μαρτύρωνε

2135 4669 2214 4723 ίδε
2262 4669 2357 4724 νῦν
2408 4669 2677 4739 ὴκούσατε
2710 4671 2812 4741 τὴν
2875 4669 3223 4741 βλασφημίαν
3255 4670 3418 4727 αὑτοῦ
3442 4685 3455 4701 °
3489 4668 3539 4722 τί
3567 4667 3678 4735 ὑμῖν

2129 4761 2309 4828 δοκεῖ;
2354 4761 2417 4815 Ol
2462 4761 2520 4814 δὲ
2571 4761 2967 4831 ἀποκριθέντες
3004 4757 3178 4814 είπονο
3214 4763 3432 4832 Ἔνοχος
3472 4757 3674 4812 θανάτου

2131 4853 2279 4908 ἐστίν
2297 4871 2312 4886 ο
2347 4853 2542 4917 »Ἐθος
2558 4850 2625 4926 ἦν
2653 4857 2764 4917 τοῖς
2781 4854 3082 4922 Ἰουδαίοις,
3098 4856 3226 4909 ὅταν
3247 4873 3298 4908 τι
3329 4850 3677 4924 άκαρτέρητον

2134 4945 2372 5012 ἐπέλθοι,
2411 4947 2770 5018 διαρῤήσσειν
2795 4947 2922 5008 τοὺς
2965 4947 3200 5015 χιτῶνας
3220 4967 3236 4982 ο
3265 4947 3440 5010 οὕτως
3457 4939 3544 4998 οὖν
3559 4941 3676 4994 καὶὸ

2134 5039 2411 5108 Καϊάφας,
2441 5039 2514 5102 ὡς
2548 5041 2639 5091 ἐπὶ
2670 5038 2990 5111 βλασφημίᾳ
3028 5039 3162 5110 δήλῃ
3191 5041 3325 5110 πρὸς
3357 5037 3562 5105 ἀπάτην
3592 5027 3672 5084 τοῦ

2132 5129 2290 5200 δχλου
2328 5131 2487 5195 τοῦτο
2509 5131 2788 5202 ἐποίησεν,
2837 5133 2927 5185 ἵνα
2953 5132 3106 5203 δείξῃ
3136 5133 3316 5196 αὐτοῖς
3339 5132 3417 5184 ὅτι
3448 5124 3673 5198 μεγάλως
3771 5121 3775 5125 ’

2133 5223 2556 5294 ἐδλασφήμησεν
2578 5264 2594 5289 ,
2636 5220 2737 5277 εἷθ’
2764 5225 2938 5288 οὕτως
2967 5225 3255 5299 ἀναγκάσῃ
3275 5224 3465 5284 αὐτοὺς
3496 5216 3668 5273 είπεῖν,

2133 5315 2216 5369 ὅτι
2252 5315 2433 5386 ἔνοχος
2459 5316 2693 5372 θανάτου
2729 5318 2867 5374 ἐστί.
2891 5319 3038 5390 Πλὴν
3069 5320 3374 5391 κατάμαθε,
3408 5318 3485 5370 ὅτι
3520 5311 3572 5364 τδ
3589 5307 3669 5359 τὸν

2135 5408 2393 5477 Καϊάφαν
2426 5409 2714 5483 διαρρῆξαι
2747 5413 2818 5466 τὰ
2849 5413 3063 5483 ἱμάτια,
3097 5414 3363 5485 σύμϐολον
3386 5406 3450 5481 ἦν
3471 5405 3556 5461 τοῦ
3585 5399 3667 5469 τὴν

2131 5499 2546 5572 ἀρχιερωσύνην
2575 5504 2676 5575 τῆς
2709 5507 2946 5569 παλαιᾶς
2972 5506 3357 5578 διαρραγῆναι.
