3968 6460
351 386 459 448 4L7

904 369 1349 448 ENARRATIO
1388 390 1466 449 ΙΝ
1507 390 2014 450 EVANGEIJUM
2056 390 2447 450 MA'I‘TI‘L’EL
2490 413 2559 423 -τ
2590 390 2746 449 CAP.
2788 390 3028 451 XXVII.

3503 393 3610 458 658

435 517 454 550 ι
496 498 632 550 Τότε
690 498 993 552 ἐνέπτυσαν
1039 502 1120 564 είς
1171 502 1233 554 τὸ
1279 503 1566 573 πρόσωπον
1601 501 1800 563 αὐτοῦ,
1847 504 1940 556 καὶ

2120 501 2279 558 Vens.
2317 503 2406 565 67,
2444 502 2531 557 68.
2565 522 2581 554 ι
2621 501 2773 557 'l‘uuc
2808 509 3107 573 expuerunt
3166 502 3218 556 in
3254 501 3444 559 l'aciem
3470 504 3609 574 ejus,

352 591 689 658 ἐκολάφισαν
725 591 904 645 αύτόν.
935 593 998 647 Οἱ
1027 592 1084 646 δὲ
1114 595 1441 664 ὲρῤἁπισαν,
1475 595 1723 662 λέγοντες
1743 612 1758 628 ο
1794 597 1933 666 Προ-

355 682 626 750 φήτευσον
669 682 836 751 ἡμῖν,
868 682 1068 755 Χριστὲ
1097 725 1112 749 ,
1157 684 1241 748 τίς
1286 688 1433 736 ἐστιν
1471 685 1499 736 6
1531 685 1732 748 παίσας
1775 701 1868 748 σε,
1909 703 1927 736 ι

355 773 490 825 Ὅτε
532 771 864 844 κατεκρίθη,
902 776 1025 826 τότε
1057 774 1388 839 ἐνεδείξαντο
1417 776 1498 838 είς
1541 776 1704 830 αὑτὸν
1729 775 1798 829 τὰ
1839 777 1936 828 ὲπ-

355 865 645 930 ονείδιστα,
689 866 783 918 καὶ
821 865 1106 931 ἐνέπαιζον
1153 867 1322 939 αύτῷ,
1373 868 1822 940 περιϐάλλοντες,
1859 869 1936 934 ῶς

355 958 542 1027 ἕτερος
597 957 988 1029 εύαγγελιστής
1044 975 1242 1028 φησιν,
1283 962 1482 1031 ίματίῳ
1533 961 1593 1014 τὸ
1644 961 1938 1033 πρόσωπον

356 1046 523 1098 αὐτοῦ
550 1064 562 1074 θ
587 1046 710 1100 ἐπεὶ
731 1046 842 1118 γὰρ
869 1048 944 1112 ὡς
974 1052 1262 1122 προφήτην
1286 1051 1447 1104 αὐτὸν
1475 1049 1641 1122 εἶχον,
1666 1052 1754 1107 διὰ
1779 1053 1937 1106 τοῦτο

356 1139 715 1208 ἐμπαίζουσιν
747 1140 921 1205 οὕτως
959 1141 1143 1215 αὐτῷ]
1175 1144 1486 1214 κολαφίζειν
1513 1145 1568 1201 δέ
1610 1149 1726 1199 ἐστι
1759 1146 1818 1199 τδ
1851 1145 1938 1198 διὰ

359 1231 467 1285 τῶν
497 1233 695 1303 χειρῶν
733 1234 1022 1304 πλήττειν,
1061 1238 1572 1308 συγκαμπτομένων
1599 1239 1707 1292 τῶν
1741 1239 1938 1292 δακτύ-

357 1328 500 1393 λων,
545 1329 638 1381 καὶ
684 1329 770 1380 ἶνα
811 1329 1175 1402 ἀφελέστερον
1218 1330 1392 1397 εἴπω,
1438 1332 1526 1386 διὰ
1568 1331 1662 1386 τοῦ
1706 1331 1935 1403 γρόνθου

356 1419 703 1482 κονδυλίζειν.

438 1529 456 1560 ι
504 1511 562 1564 '0
579 1512 634 1566 δὲ
665 1513 868 1585 Πέτρος
897 1514 1000 1581 ἔξω
1025 1515 1261 1584 ἐκάθητο
1287 1519 1344 1570 ἐν
1371 1520 1436 1588 τῇ
1460 1519 1618 1588 αὐλῇ,
1651 1519 1742 1572 καὶ
1769 1535 1934 1589 προεσ

415 1601 521 1655 ,θεν
574 1602 720 1676 αύτῷ
765 1605 863 1672 μία
907 1604 1191 1676 παιδίσκη,
1248 1605 1515 1674 λέγουσα·
1557 1609 1662 1660 Καὶ
1696 1609 1759 1660 σὺ
1793 1604 1938 1680 ἦσθα

379 1696 505 1749 έετὰ
557 1695 728 1766 Ἰησοῦ
756 1697 848 1751 τοῦ
880 1697 1194 1759 Γαλιλαίους
1235 1699 1295 1751 Ὀ
1329 1701 1385 1754 δὲ
1421 1701 1698 1771 ἠρνήσατο
1729 1702 1935 1772 ἐμπρο-

2039 607 2091 650 et
2126 595 2369 666 colaphis
2402 610 2529 650 eum
2561 595 2894 650 ceciderunt.
2950 592 3053 648 Alii
3084 603 3264 649 autem
3295 595 3502 666 p.~.1mas
3553 597 3609 659 in

2039 688 2230 743 facient
2263 687 2378 757 ejus
2422 689 2687 744 dederunt
2717 729 2732 755 ,
2765 688 3039 744 dicentes:
3078 686 3390 744 Vaticinare
3429 690 3608 763 nobis,

2037 781 2272 850 Christe,
2311 781 2434 851 quis
2475 781 2676 851 estqui
2712 791 2763 835 te
2807 781 3113 850 percussit?
3140 800 3157 832 ι
3199 780 3424 847 Quando
3475 797 3612 842 con-

2039 873 2326 928 demnatus
2361 881 2461 937 est,
2514 882 2638 927 tunc
2677 872 3031 943 ignominiosa
3070 874 3234 926 multa
3259 883 3444 928 contra
3485 889 3608 934 eum

2039 963 2304 1028 fecerunt,
2339 976 2393 1020 et
2425 964 2717 1020 illu‘debant
2745 965 2817 1030 ei,
2843 964 3157 1035 obtegentes
3188 975 3334 1020 veste
3364 965 3444 1037 (ut
3470 967 3610 1028 alius

2039 1056 2369 1124 evangelista
2400 1055 2664 1127 inquit")
2699 1056 2887 1110 faciem
2910 1057 3049 1124 ejus.
3083 1055 3217 1110 Nam
3249 1059 3373 1128 quia
3399 1067 3455 1111 ut
3487 1072 3613 1126 pro.

2043 1148 2261 1217 phetam
2295 1163 2416 1204 eum
2448 1149 2740 1216 habebant,
2774 1148 2892 1202 ideo
2926 1149 2997 1203 ita
3028 1147 3320 1204 illudebant
3354 1150 3420 1204 ei.
3453 1148 3614 1204 Cola-

2041 1241 2262 1310 phizare
2323 1249 2502 1295 autem
2562 1251 2644 1296 εει
2697 1241 2945 1296 manibus
3001 1251 3300 1311 perculere,
3361 1250 3415 1296 et
3455 1243 3615 1296 simul

2041 1331 2338 1386 incurvatis
2361 1332 2563 1402 digitis.
2587 1343 2660 1398 et,
2681 1343 2737 1387 ut
2761 1333 3060 1403 simplicius
3081 1335 3252 1388 dicam
3278 1334 3382 1408 (a),
3409 1335 3614 1390 nodoso

2039 1437 2218 1494 pugno
2248 1425 2473 1481 caedere.

2115 1516 2275 1572 \‘eas.
2312 1516 2500 1572 69-75.
2547 1535 2565 1568 ι
2603 1516 2795 1573 Petrus
2821 1532 2948 1573 vero
2968 1518 3188 1574 sedebat
3215 1518 3344 1574 foris
3367 1518 3418 1573 in
3449 1518 3612 1579 atrio.

2041 1613 2093 1657 et
2126 1607 2436 1662 accessitad
2484 1623 2604 1662 eum
2650 1624 2754 1663 una
2784 1609 2999 1674 ancilla,
3033 1610 3216 1664 dicens
3250 1626 3263 1662 :
3306 1608 3371 1663 Et.
3397 1615 3452 1662 tu
3491 1624 3615 1664 cum

2039 1695 2164 1752 Jcsu
2196 1696 2418 1754 Galile
2449 1699 2612 1755 eras?
2639 1705 2709 1755 At
2739 1701 2828 1756 ille
2859 1699 3074 1768 negavit
3115 1715 3298 1756 coram
3338 1700 3616 1770 omnibus,

364 1789 491 1842 τθεν
519 1791 756 1856 πάντων,
785 1790 960 1860 λέγων
980 1809 993 1824 ⁸
1021 1789 1138 1846 Ούκ
1165 1789 1280 1846 οἶδα
1304 1792 1355 1846 τί
1379 1793 1577 1864 λέγεις.
1621 1793 1935 1860 Ἐξελθόντα

2056 1790 2224 1845 licens
2257 1808 2270 1844 ε
2307 1790 2500 1847 Nescio
2543 1792 2670 1864 quid
2707 1791 2878 1849 dicas.
2908 1794 3041 1848 Cum
3088 1802 3269 1848 autem
3307 1793 3514 1848 exisset
3563 1793 3615 1851 in

354 1880 415 1934 δὲ
454 1881 616 1936 αὑτὸν
671 1885 749 1946 είς
800 1883 892 1936 τὸν
946 1883 1198 1950 πυλῶνα,
1252 1879 1393 1938 εἶδεν
1441 1863 1604 1940 αὑτὸν
1631 1887 1788 1958 ἄλλη,
1838 1888 1931 1940 καὶ

2056 1881 2388 1950 restibulum,
2421 1863 2573 1938 vidit
2601 1897 2726 1939 eum
2767 1883 2934 1939 altera
2968 1883 3186 1950 ancilla,
3217 1893 3272 1938 et
3310 1885 3386 1940 ait
3415 1883 3500 1940 his
3525 1883 3617 1953 qui

352 1971 508 2040 λέγει
541 1975 654 2036 τοῖς
684 1974 816 2026 ὲκεῖο
865 1974 972 2028 Καὶ
1005 1968 1160 2038 οὗτος
1194 1971 1262 2048 ἦν
1309 1977 1447 2047 μετὰ
1491 1976 1667 2047 Ἰησοῦ
1699 1975 1791 2031 τοῦ
1820 1979 1931 2031 Να-

2056 1983 2191 2029 erant
2221 1975 2290 2030 ibi
2329 1996 2339 2032 :
2401 1975 2466 2031 Et
2497 1979 2583 2032 hic
2615 1985 2736 2030 erat
2764 1992 2884 2032 cum
2920 1976 3046 2034 Jesu
3076 1975 3377 2032 Nazareno.
3428 1977 3494 2031 Et
3519 1976 3622 2032 ite-

353 2066 632 2137 ζωραίουο
669 2066 762 2120 καὶ
815 2067 974 2121 πάλιν
1011 2067 1289 2138 ἠρνήσατο
1323 2067 1441 2138 μεθ’
1487 2069 1673 2139 ὅρκου,
1714 2069 1795 2122 ὅτι
1819 2069 1931 2123 Οὐκ

2056 2079 2152 2118 ἰιιη
2183 2067 2402 2136 negavit
2436 2084 2558 2124 cum
2596 2066 2993 2139 jurejurando:
3027 2066 3144 2123 Non
3174 2066 3295 2123 novi
3319 2066 3616 2128 hominem,

350 2153 481 2212 οἶδα
523 2158 612 2212 τὸν
652 2157 971 2229 ἄνθρωπον·
1029 2159 1167 2230 μετὰ
1207 2160 1403 2232 μικρὸν
1445 2160 1500 2213 δὲ
1541 2161 1934 2230 προσελθόντες

2056 2159 2102 2214 Et
2150 2173 2268 2230 post
2308 2154 2556 2234 pusillum
2591 2173 2945 2220 accesserunt
2983 2166 3072 2235 qui
3105 2167 3344 2228 stabant,
3379 2175 3434 2219 et
3470 2163 3621 2220 dixe-

349 2250 405 2303 0i
461 2251 721 2318 ἑστῶτες,
753 2249 906 2308 εῖπον
957 2253 1035 2323 τῷ
1075 2253 1266 2325 Πέτρῳ
1291 2271 1304 2284 θ
1357 2252 1596 2322 Ἀληθῶς
1644 2256 1738 2308 καὶ
1771 2257 1834 2310 σὺ
1876 2254 1934 2320 ἐξ

2056 2260 2162 2306 ὐιιι
2191 2251 2386 2310 Petro:
2415 2255 2552 2309 Vere
2571 2264 2624 2310 et
2651 2265 2704 2309 tu
2722 2269 2785 2310 ex
2811 2255 2918 2310 illis
2945 2271 3036 2311 es:
3068 2271 3190 2309 nam
3221 2265 3276 2310 et
3303 2255 3511 2325 loquela
3530 2265 3619 2318 tua

347 2343 540 2397 αὐτῶν
575 2341 627 2398 εί
651 2359 666 2374 ³
703 2345 802 2399 καὶ
829 2345 936 2415 γὰρ
967 2346 1001 2416 ἡ
1026 2344 1184 2400 λαλιά
1211 2362 1303 2398 σου
1332 2343 1489 2416 δῆλόν
1513 2361 1573 2398 σε
1605 2348 1767 2400 ποιεῖ.
1802 2347 1934 2399 Τότε

2056 2359 2091 2399 ,ε
2123 2344 2466 2400 manifestum
2503 2345 2650 2401 facit.
2685 2346 2838 2401 Tunc
2867 2345 3032 2413 ctepit
3073 2344 3329 2400 detestari
3353 2355 3409 2399 et
3433 2345 3620 2415 jurare

348 2437 564 2508 ἤρξατο
593 2438 1120 2508 καταναθεματίζειν
1149 2437 1248 2494 καὶ
1278 2437 1526 2506 ὀμνύειν,
1559 2440 1640 2492 δτι.
1671 2441 1785 2493 Οὐκ
1815 2434 1934 2496 οῖδα

2056 2437 2186 2507 ιιιοά
2207 2451 2312 2492 non
2344 2447 2526 2492 nosset
2551 2438 2844 2492 hominem.
2884 2437 2950 2492 Et
2987 2436 3244 2491 continuo
3274 2435 3446 2505 gallus
3485 2452 3620 2490 can-

347 2528 454 2582 τδν
487 2529 791 2600 ἄνθρωπον.
842 2531 952 2586 Καὶ
991 2531 1194 2595 εὐθέως
1230 2531 1480 2601 ἀλέκτωρ
1524 2529 1805 2604 ὲφὼνησε·
1843 2534 1937 2586 καὶ

2056 2527 2195 2582 .avit.
2219 2528 2286 2585 Et
2319 2528 2631 2583 recordatus
2659 2537 2740 2583 est
2768 2527 2960 2583 Petrus
2991 2527 3133 2582 verbi
3167 2525 3316 2592 Jesu,
3347 2527 3436 2596 qui
3467 2527 3621 2581 dixe-

349 2619 606 2690 ὲμνὴσθη
657 2623 684 2674 6
731 2621 936 2692 Πέτρος
975 2619 1068 2674 τοῦ
1110 2622 1354 2692 ῥήματος
1408 2617 1622 2689 Ἰησοῦ,
1658 2619 1938 2690 εἰρηκότος

2056 2630 2128 2674 rat
2169 2621 2242 2684 ci.
2273 2619 2590 2690 Priusquam
2632 2621 2806 2690 gallus
2850 2629 3054 2687 cantet,
3109 2629 3190 2673 ter
3240 2635 3328 2674 me
3377 2619 3618 2688 negabis.

350 2711 535 2782 αὐτῷ,
573 2714 654 2766 δτι
692 2715 829 2782 Πρὶν
871 2713 1140 2782 ἀλέκτορα
1182 2713 1463 2782 φωνῆσαι,
1492 2713 1612 2783 τρὶς
1647 2713 1938 2786 ἀπαρνήσῃ

2056 2722 2097 2767 at
2137 2726 2391 2782 egressus
2423 2713 2569 2766 foras
2617 2710 2762 2767 flevit
2809 2725 3011 2766 amare.
3052 2730 3070 2762 ι
3118 2709 3396 2790 immenso
3432 2712 3622 2764 timore

357 2819 474 2873 με’
519 2805 613 2857 καὶ
653 2801 884 2870 ἐξελθὼν
921 2802 1047 2869 ἔξω,
1082 2801 1313 2855 ἔκλαυσε
1350 2803 1584 2872 πικρῶς.
1631 2822 1650 2854 ›
1704 2803 1942 2874 ’Δπείρῳ

355 2895 518 2967 φόϐῳ
562 2895 994 2964 καταγωνισθείς
1029 2898 1058 2949 6
1082 2897 1286 2966 Πέτρος
1308 2936 1320 2956 .
1351 2895 1645 2949 ἐπελάθετο
1675 2896 1783 2948 τῶν
1813 2896 1942 2949 ὑπο-

357 2990 630 3058 σχέσεων,
665 2991 758 3042 καὶ
791 2991 855 3060 τῇ
885 2989 1203 3060 ἀνθρωπίνῃ
1238 2988 1492 3060 ἀσθενείᾳ
1527 2987 1803 3056 δουλεύει,
1833 2983 1944 3042 οἷον

354 3081 755 3152 ἀποτεθνηκὼς
784 3082 860 3154 τῷ
885 3082 1055 3153 φόϐῳ,
1087 3083 1181 3134 καὶ
1217 3081 1352 3153 μηδὲ
1385 3080 1538 3145 εἰδὼς
1567 3081 1596 3136 ὃ
1619 3082 1782 3152 λέγει.
1814 3082 1944 3136 Νόει

2045 2805 2302 2861 laborans
2348 2803 2563 2871 Petrus,
2615 2804 2814 2859 oblitus
2851 2815 2934 2860 est
2964 2804 3404 2875 promissionum,
3436 2811 3489 2858 et
3517 2803 3620 2857 hu-

2047 2911 2220 2952 mana:
2247 2897 2414 2952 servit
2443 2894 2821 2964 imbecillitati,
2855 2894 3010 2966 quasi
3043 2904 3189 2950 metu
3207 2893 3544 2951 exanimatus
3569 2903 3624 2948 et

2046 2989 2265 3046 nescius
2296 2989 2424 3060 quid
2453 2989 2617 3044 dicat.
2672 2987 2910 3058 lntellige
2951 2997 3129 3042 autem
3177 3002 3273 3056 per
3320 3001 3620 3057 auagogen,

2047 3081 2191 3156 quod
2239 3080 2308 3136 ab
2355 3080 2548 3136 ancilla
2576 3078 2767 3135 Petrus
2799 3077 3235 3149 reprehenditur,
3261 3079 3359 3132 hoc
3377 3091 3498 3132 esse
3531 3077 3626 3131 bu.

356 3173 427 3226 δέ
463 3190 552 3243 μοι
603 3174 695 3228 καὶ
726 3174 869 3228 κατὰ
900 3173 1226 3246 ἀναγωγὴν,
1261 3174 1340 3226 ὅτι
1385 3173 1668 3244 ἐλέγχεται
1700 3174 1806 3228 ὑπὸ
1847 3176 1944 3247 τῆς

2056 3188 2222 3228 mana:
2274 3171 2608 3227 inﬁrmitatis
2638 3181 2689 3227 et
2720 3170 2935 3227 servilis
2988 3170 3290 3226 all'ectionis
3339 3170 3620 3233 indicium,

360 3265 664 3338 παιδίσκης
713 3269 741 3320 6
801 3267 1035 3338 Πέτρος.
1096 3268 1380 3334 τουτέστι,
1442 3271 1542 3339 τῆς
1597 3269 1943 3340 ἀνθρωπίνης

360 3357 689 3426 ἀσθενείας,
721 3360 820 3429 τῆς
858 3361 1060 3432 μικρᾶς
1095 3361 1189 3414 καὶ
1226 3361 1662 3432 δουλοπρεποῦς,
1696 3363 1852 3434 ἄχρις
1883 3357 1945 3415 οῦ

362 3452 397 3503 ὁ
430 3450 678 3522 ἀλέκτωρ
727 3455 1019 3523 φωνήσας,
1065 3454 1146 3516 είς
1195 3453 1447 3523 αἴσθησιν
1495 3454 1658 3508 αὐτὸν
1700 3454 1942 3526 ἢγαγεν·

363 3542 623 3614 ἀλέκτωρ
659 3543 717 3598 δέ
745 3547 891 3600 ἐστιν
919 3547 946 3597 6
981 3545 1158 3614 λόγος,
1195 3547 1224 3600 6
1257 3546 1332 3616 μὴ
1363 3547 1468 3599 ὲῶν
1499 3549 1644 3618 ἡμᾶς
1681 3547 1946 3622 ῥᾳθυμεῖν

363 3636 467 3687 καὶ
489 3637 793 3700 καθεύδειν,
823 3637 958 3692 ἀλλὰ
987 3638 1196 3706 λέγων,
1230 3641 1579 3710 Γρηγορεῖτε,
1613 3642 1724 3706 καὶ,
1761 3643 1944 3709 Ἐγει-

369 3744 488 3799 ραι,
529 3729 556 3780 6
586 3730 883 3783 καθεύδων.
922 3731 1057 3786 Ὑπὸ
1092 3729 1186 3785 τοῦ
1217 3731 1374 3799 λόγου
1402 3731 1579 3786 τοίνυν
1619 3731 1810 3804 ῶσπερ
1845 3735 1950 3787 ύπό

363 3836 517 3883 τινος
553 3823 850 3894 ἀλέκτορος
888 3823 1224 3888 διυπνισθεὶς
1255 3825 1282 3877 6
1316 3825 1554 3896 Πέτρος,
1587 3825 1819 3889 ἐξελθὼν
1846 3828 1950 3892 ἔξω

364 3913 469 3980 τῆς
517 3914 686 3985 αὐλῆς
725 3915 819 3969 τοῦ
873 3917 1171 3988 ἀρχιερέως
1192 3958 1206 3980 ,
1238 3917 1486 3972 τουτέστι
1507 3959 1520 3979 ,
1553 3919 1654 3985 τῆς
1691 3921 1948 3990 περιοχῆς

361 4006 464 4060 τοῦ
498 4009 911 4078 πεπωρωμένου
941 4009 1055 4077 νοῦ,
1093 4011 1186 4063 καὶ
1223 4009 1390 4073 ὲκὸὰς
1423 4011 1530 4064 ἀπὸ
1567 4011 1667 4081 τῆς
1693 4012 1950 4082 ἀναισθη-

369 4098 496 4162 σίας
516 4139 531 4165 ,
565 4100 796 4153 ἐκλαυσε
827 4102 1061 4172 πικρῶς.
1095 4103 1240 4166 Ἕως
1270 4103 1368 4173 μὲν
1393 4104 1500 4174 γὰρ
1523 4099 1592 4173 ἦν
1627 4107 1684 4156 ὲν
1715 4107 1778 4174 τῇ
1811 4105 1948 4175 αύλῇ

370 4191 464 4243 τοῦ
496 4193 905 4264 πεπωρωμένου
936 4195 1054 4257 νοδς
1075 4236 1089 4259 ,
1130 4196 1230 4248 ούκ
1260 4195 1475 4250 ἔκλαιεν
1495 4213 1510 4228 ο
1550 4197 1612 4250 ού
1643 4197 1751 4266 γὰρ
1780 4197 1950 4274 ᾐσθά-

373 4295 529 4331 νετο·
557 4287 791 4358 ὁπηνίκα
815 4287 871 4340 δὲ
897 4286 1121 4358 ἐξῆλθεν
1145 4328 1158 4353 ,
1191 4289 1271 4354 είς
1302 4289 1556 4360 αἴσθησιν
1586 4285 1771 4362 ἦλθεν.

957 4403 1207 4459 ΚΕΦΑΛ.
1247 4406 1374 4460 ΚΖ’.

370 4507 517 4576 Περὶ
562 4509 1002 4587 τοῦ-ἡγεμόνος
1051 4517 1335 4573 Πιλάτου.
1386 4520 1525 4587 Περὶ
1584 4519 1693 4586 τῆς
1753 4519 1946 4575 Ἰούδα

437 4584 856 4660 μεξαέεελείας.
902 4587 1037 4660 Περὶ
1069 4588 1175 4642 τοῦ
1208 4584 1491 4660 ᾳίκισμοῦ
1531 4584 1948 4660 καίτξμωριῶν

440 4653 552 4703 τοῦ
582 4653 862 4734 Χριιζτοιξ,
897 4655 997 4707 καί
1024 4653 1438 4734 σταυρῴσεῷς.
1473 4662 1611 4734 Περὶ
1646 4653 1760 4734 ζῆς
1789 4653 1952 4734 itit??-

444 4735 606 4786 σεως
633 4724 740 4800 τοῦ
771 4724 1044 4800 σώματος
1070 4724 1189 4781 τοῦ
1210 4731 1451 4798 Κυρίου,
1483 4724 1582 4784 mil
1612 4724 1954 4800 τῶκφυλάο

440 4807 572 4845 κων
599 4793 705 4848 τοῦ
735 4793 950 4864 τάφου.

449 4923 473 4958 ι
511 4908 732 4978 Πρωῖας
757 4910 814 4965 δὲ
835 4913 1156 4984 γενομένης.
1179 4914 1507 4984 συμϐούλιον
1528 4913 1720 4968 ἔλαϐον
1748 4916 1948 4980 πάντες

363 5000 418 5052 οἱ
451 4998 734 5071 ἀρχιερεῖς
780 5004 876 5056 καὶ
915 5006 965 5057 0i
1004 5005 1364 5076 πρεσσύτεροι
1389 5005 1483 5060 τοῦ
1520 5005 1649 5059 λαοῦ
1689 5005 1829 5060 κατὰ
1853 5006 1949 5059 τοῦ

378 5091 600 5163 Ἰησοῦ,
628 5093 770 5149 ῶστε
801 5096 1110 5153 θανατῶσαι
1138 5099 1302 5158 αὐτόν
1324 5115 1336 5128 ·
1369 5098 1464 5153 καὶ
1492 5098 1758 5168 δήσαντες
1791 5098 1953 5153 αὑτὸν

357 5185 696 5256 ἀπήγαγον,
731 5189 828 5244 καὶ
861 5191 1188 5260 παρέδωκαν
1217 5191 1424 5261 Ποντίῳ
1463 5191 1680 5262 Πιλάτῳ
1712 5189 1791 5261 τῶ
1819 5191 1953 5260 ἠγε-

367 5278 525 5347 μόνι.
563 5298 583 5331 s
620 5281 726 5334 Ἴδε
747 5282 839 5335 τὸν
864 5283 1112 5337 διάϐολον
1139 5283 1255 5347 πῶς
1283 5283 1437 5346 ὅλους
1463 5284 1662 5346 αὐτοὺς
1690 5284 1952 5355 κατέσχεν

368 5369 436 5419 ὲν
465 5371 745 5440 τοιαύταις
786 5376 1021 5447 ἡμέραις
1053 5375 1250 5440 πείσας
1295 5375 1542 5444 φονεύειν
1563 5417 1578 5442 ,
1612 5378 1668 5430 ὲν
1699 5371 1787 5439 αἶς
1819 5374 1952 5429 πολ-

368 5460 494 5515 λῶν
540 5461 648 5515 ἔδει
684 5468 890 5524 θυσιῶν
933 5471 1028 5524 καὶ
1064 5468 1425 5541 προσφορῶν,
1466 5468 1608 5540 ὑπὲρ
1639 5468 1748 5522 τῶν
1779 5467 1956 5523 ἄλλων

365 5557 692 5629 ἁμαρτιῶν,
746 5567 842 5613 καὶ
876 5565 1102 5635 ἁγνείας
1141 5565 1234 5619 καὶ
1279 5563 1638 5635 καθάρσεως’
1684 5564 1735 5618 οί
1765 5563 1822 5618 δὲ
1859 5562 1957 5618 καὶ

454 5679 501 5710 ⁸⁸
547 5676 678 5732 Luc.
719 5690 858 5738 xm,
885 5675 976 5742 65,
1007 5678 1098 5733 64.

455 5837 532 5909 (σε)
563 5839 711 5894 Edit.
747 5837 869 5894 Lut.
901 5839 1104 5903 omisit,
1137 5851 1193 5894 ut
1225 5844 1518 5912 simplicius
1545 5847 1768 5900 airam..

711 5934 978 6001 Parnm“
1030 5936 1145 5996 GR.
1183 5936 1469 6003 CXXIII.

2047 3266 2221 3322 donec
2251 3265 2422 3336 gallus
2453 3273 2680 3322 cantans
2720 3265 2868 3319 illum
2922 3263 3194 3319 recordari
3247 3262 3393 3320 fecit.
3433 3261 3622 3317 Gallus

2048 3369 2229 3415 autem
2258 3367 2340 3414 est
2365 3373 2566 3422 sermo,
2595 3357 2685 3426 qui
2730 3372 2835 3412 non
2874 3356 3003 3411 sinit
3044 3371 3142 3410 nos
3179 3364 3391 3426 torpere
3418 3364 3474 3409 et
3497 3355 3624 3407 dor»

2051 3454 2210 3517 mire,
2258 3451 2352 3506 sed
2413 3451 2569 3516 dicit,
2609 3449 2958 3522 Vigilate,et,
3022 3448 3194 3518 Surge
3246 3448 3337 3519 qui
3396 3446 3622 3506 dormis,

2049 3549 2088 3602 A
2113 3546 2549 3614 scrmoneigitur
2574 3555 2828 3614 tanquam
2857 3557 2885 3596 a
2911 3543 3050 3618 gallo
3084 3541 3334 3613 quopiam
3359 3542 3628 3598 excitatus

2050 3641 2264 3705 Petrus,
2301 3653 2555 3711 egressus
2603 3649 2689 3693 est
2721 3635 2869 3693 foras
2907 3637 3104 3697 atrium
3143 3636 3403 3708 principis
3445 3648 3626 3688 sacerr

2049 3735 2260 3790 dotum.
2321 3733 2424 3787 hoe
2489 3741 2570 3786 est
2613 3728 2872 3784 ambitum
2929 3737 3212 3782 excaecatae
3278 3726 3497 3787 mentis,
3571 3735 3627 3780 et

2049 3841 2298 3897 egressus
2350 3827 2417 3880 ab
2453 3823 2890 3884 insensibilitate.
2931 3821 3076 3878 ﬂevit
3125 3837 3328 3877 amare.
3375 3820 3624 3894 Quandiu

2052 3921 2195 3974 enim
2221 3927 2338 3976 erat
2367 3920 2418 3972 in
2461 3919 2601 3971 atrio
2632 3923 2912 3973 excazcata:
2944 3916 3162 3981 mentis,
3187 3931 3292 3968 non
3327 3914 3496 3978 licvit,
3531 3929 3625 3966 ne-

2051 4027 2160 4084 que
2187 4013 2330 4068 enim
2355 4011 2622 4068 sentiebat.
2659 4029 2672 4065 :
2700 4019 2980 4080 postquam
3001 4011 3176 4065 autem
3199 4007 3384 4075 exivit,
3428 4007 3631 4065 sentire

2053 4107 2235 4174 erepit.

2616 4395 2846 4454 CAPUT
2897 4395 3104 4455 XXVII.

2059 4509 2598 4585 De_PoAntioHPilato
2651 4514 2897 4585 praeside.
2932 4513 3011 4569 De
3051 4515 3412 4585 resipiscentia
3450 4511 3632 4572 Judre.

2124 4582 2202 4637 De
2229 4583 2605 4653 ﬂagellatione,
2624 4582 2786 4654 pinnis
2808 4599 2852 4640 et
2875 4582 3216 4654 cruci/lxiona
3245 4583 3460 4639 Christi.
3495 4585 3637 4648 Quo-

2126 4660 2280 4727 modo
2310 4656 2525 4722 petitum
2548 4657 2705 4727 fuerit
2751 4671 2940 4723 corpus
2975 4653 3187 4727 Domini
3222 4666 3277 4708 ut
3309 4655 3634 4727 sepeliretur,

2127 4733 2177 4779 et
2208 4726 2272 4778 de
2299 4727 2538 4782 custodia
2566 4726 2681 4794 ejus
2711 4727 2950 4798 sepulcra
2973 4726 3282 4780 constituta.

2131 4906 2294 4964 Vens.
2332 4908 2383 4972 1,
2406 4907 2458 4966 2.
2491 4926 2512 4961 ι
2546 4907 2703 4964 Mene
2724 4916 2904 4964 autem
2919 4905 3068 4963 facto
3087 4905 3370 4961 consilium
3402 4904 3639 4962 inierunt

2058 5015 2248 5057 omnes
2274 5000 2549 5071 principes
2577 5000 2918 5059 sacerdotum
2946 5007 3003 5055 et
3036 5000 3279 5054 seniores
3307 4997 3486 5066 populi
3522 4995 3632 5049 ad-

2061 5106 2254 5146 versus
2281 5089 2488 5160 Iesum,
2511 5101 2572 5149 ut
2603 5107 2728 5148 eum
2763 5091 2920 5146 morti
2975 5091 3270 5146 traderent.
3301 5088 3365 5144 Et
3395 5088 3633 5142 vinctum

2060 5199 2185 5240 euut
2221 5183 2586 5249 adduxerunt,
2625 5193 2681 5240 et
2721 5185 3061 5241 tradiderunt
3084 5182 3278 5240 Pontio
3295 5181 3470 5238 Pilato
3503 5196 3640 5250 prai-

2060 5275 2183 5332 sidi.
2224 5295 2244 5328 »
2276 5273 2411 5330 Vide
2455 5276 2731 5334 diabolum
2771 5277 3044 5347 quomodo
3099 5289 3289 5330 omnes
3327 5273 3486 5352 155
3519 5273 3638 5328 illos

2060 5368 2488 5437 comprehendat
2533 5372 2588 5426 in
2640 5369 2832 5427 diebus
2879 5371 3005 5435 illis,
3060 5368 3391 5440 persuadens
3447 5369 3525 5422 eis
3583 5374 3641 5425 ιιι

2061 5465 2335 5532 occidant,
2383 5479 2506 5520 cum
2563 5463 2874 5520 sacriﬁcare
2901 5471 2956 5518 et
3010 5459 3206 5518 oll‘erre
3253 5461 3485 5518 debeant
3539 5473 3638 5518 pro

2061 5561 2290 5618 aliorum
2345 5559 2604 5632 peccetis,
2659 5559 3036 5627 εειιειειιιοιιίε,
3068 5567 3126 5615 et
3169 5555 3508 5630 purgatione.
3558 5550 3640 5612 liii

3244 5925 3320 5996 ιδ
