  <div class='ocr_page' id='page_1' title='image "/cluster/home/n/w/nwhite01/storage/ocr_20150623/123/hvd.32044019208198/238.png"; bbox 0 0 3968 6460; ppageno 0'>
   <div class='ocr_carea' id='block_1_1' title="bbox 363 372 469 441">
    <p class='ocr_par' dir='ltr' id='par_1_1' title="bbox 363 372 469 441">
     <span class='ocr_line' id='line_1_1' title="bbox 363 372 469 441; baseline 0 -1"><span class='ocrx_word' id='word_1_1' title='bbox 363 372 469 441; x_wconf 68' lang='grc'><strong>431</strong></span> 
     </span>
    </p>
   </div>
   <div class='ocr_carea' id='block_1_2' title="bbox 904 381 3018 457">
    <p class='ocr_par' dir='ltr' id='par_1_2' title="bbox 904 381 3018 457">
     <span class='ocr_line' id='line_1_2' title="bbox 904 381 3018 457; baseline 0.007 -15"><span class='ocrx_word' id='word_1_2' title='bbox 904 381 1348 444; x_wconf 75' lang='lat' dir='ltr'><strong>ENARRATIO</strong></span> <span class='ocrx_word' id='word_1_3' title='bbox 1387 383 1468 445; x_wconf 84' lang='lat' dir='ltr'><strong>IN</strong></span> <span class='ocrx_word' id='word_1_4' title='bbox 1503 385 2004 448; x_wconf 73' lang='lat' dir='ltr'><strong>EVANGELIUM</strong></span> <span class='ocrx_word' id='word_1_5' title='bbox 2043 387 2427 452; x_wconf 63' lang='lat' dir='ltr'><strong>MATTIIEI.</strong></span> <span class='ocrx_word' id='word_1_6' title='bbox 2470 415 2540 426; x_wconf 72' lang='grc' dir='ltr'><strong>κ’·</strong></span> <span class='ocrx_word' id='word_1_7' title='bbox 2578 390 2736 454; x_wconf 78' lang='lat' dir='ltr'><strong>CAP.</strong></span> <span class='ocrx_word' id='word_1_8' title='bbox 2773 393 3018 457; x_wconf 82' lang='lat' dir='ltr'><strong>XXVII.</strong></span> 
     </span>
    </p>
   </div>
   <div class='ocr_carea' id='block_1_3' title="bbox 3503 398 3614 470">
    <p class='ocr_par' dir='ltr' id='par_1_3' title="bbox 3503 398 3614 470">
     <span class='ocr_line' id='line_1_3' title="bbox 3503 398 3614 470; baseline 0.081 -9"><span class='ocrx_word' id='word_1_9' title='bbox 3503 398 3614 470; x_wconf 67' lang='grc'><strong>462</strong></span> 
     </span>
    </p>
   </div>
   <div class='ocr_carea' id='block_1_4' title="bbox 369 490 1941 587">
    <p class='ocr_par' dir='ltr' id='par_1_4' title="bbox 369 490 1935 568">
     <span class='ocr_line' id='line_1_4' title="bbox 369 490 1935 568; baseline 0.006 -27"><span class='ocrx_word' id='word_1_10' title='bbox 369 493 498 560; x_wconf 81' lang='grc' dir='ltr'>μίου</span> <span class='ocrx_word' id='word_1_11' title='bbox 526 490 622 544; x_wconf 85' lang='grc' dir='ltr'>τοῦ</span> <span class='ocrx_word' id='word_1_12' title='bbox 654 493 959 563; x_wconf 68' lang='grc' dir='ltr'>προφήτου,</span> <span class='ocrx_word' id='word_1_13' title='bbox 1000 493 1250 563; x_wconf 74' lang='grc' dir='ltr'>λέγοντο..</span> <span class='ocrx_word' id='word_1_14' title='bbox 1275 511 1288 526; x_wconf 92' lang='grc'><strong>·</strong></span> <span class='ocrx_word' id='word_1_15' title='bbox 1313 495 1422 549; x_wconf 72' lang='grc' dir='ltr'><strong>Καὶ</strong></span> <span class='ocrx_word' id='word_1_16' title='bbox 1451 495 1644 550; x_wconf 75' lang='grc' dir='ltr'>ἔλαϐον</span> <span class='ocrx_word' id='word_1_17' title='bbox 1679 497 1746 552; x_wconf 73' lang='grc' dir='ltr'>τὰ</span> <span class='ocrx_word' id='word_1_18' title='bbox 1783 498 1935 568; x_wconf 80' lang='grc' dir='ltr'>τριά-</span> 
     </span>
    </p>
   </div>
   <div class='ocr_carea' id='block_1_5' title="bbox 2051 490 3624 587">
    <p class='ocr_par' dir='ltr' id='par_1_5' title="bbox 2051 501 3624 587">
     <span class='ocr_line' id='line_1_5' title="bbox 2051 501 3624 587; baseline 0.01 -35"><span class='ocrx_word' id='word_1_19' title='bbox 2051 501 2318 568; x_wconf 77' lang='lat' dir='ltr'><strong>impletum</strong></span> <span class='ocrx_word' id='word_1_20' title='bbox 2354 511 2436 557; x_wconf 84' lang='lat' dir='ltr'><strong>est</strong></span> <span class='ocrx_word' id='word_1_21' title='bbox 2473 502 2613 571; x_wconf 84' lang='lat' dir='ltr'><strong>quod</strong></span> <span class='ocrx_word' id='word_1_22' title='bbox 2645 506 2847 560; x_wconf 89' lang='lat' dir='ltr'><strong>dictum</strong></span> <span class='ocrx_word' id='word_1_23' title='bbox 2881 517 2968 564; x_wconf 89' lang='lat' dir='ltr'><strong>est</strong></span> <span class='ocrx_word' id='word_1_24' title='bbox 3015 522 3112 578; x_wconf 89' lang='lat' dir='ltr'><strong>per</strong></span> <span class='ocrx_word' id='word_1_25' title='bbox 3154 509 3446 570; x_wconf 79' lang='lat' dir='ltr'><strong>Jeremiam</strong></span> <span class='ocrx_word' id='word_1_26' title='bbox 3495 532 3624 587; x_wconf 76' lang='lat' dir='ltr'><strong>pro.</strong></span> 
     </span>
    </p>
   </div>
   <div class='ocr_carea' id='block_1_6' title="bbox 357 582 1940 656">
    <p class='ocr_par' dir='ltr' id='par_1_6' title="bbox 357 582 1940 656">
     <span class='ocr_line' id='line_1_6' title="bbox 357 582 1940 656; baseline 0.001 -20"><span class='ocrx_word' id='word_1_27' title='bbox 357 599 528 636; x_wconf 67' lang='grc' dir='ltr'>κοντα</span> <span class='ocrx_word' id='word_1_28' title='bbox 565 582 803 654; x_wconf 79' lang='grc' dir='ltr'>ἀργύρια</span> <span class='ocrx_word' id='word_1_29' title='bbox 833 585 930 654; x_wconf 71' lang='grc' dir='ltr'><strong>τὴν</strong></span> <span class='ocrx_word' id='word_1_30' title='bbox 960 583 1126 654; x_wconf 87' lang='grc' dir='ltr'>τιμὴν</span> <span class='ocrx_word' id='word_1_31' title='bbox 1162 583 1255 638; x_wconf 80' lang='grc' dir='ltr'>τοῦ</span> <span class='ocrx_word' id='word_1_32' title='bbox 1296 585 1689 656; x_wconf 74' lang='grc' dir='ltr'><strong>τετιμημένου,</strong></span> <span class='ocrx_word' id='word_1_33' title='bbox 1731 585 1790 638; x_wconf 86' lang='grc' dir='ltr'>ὃν</span> <span class='ocrx_word' id='word_1_34' title='bbox 1829 588 1940 639; x_wconf 77' lang='grc' dir='ltr'>ἐτι-</span> 
     </span>
    </p>
   </div>
   <div class='ocr_carea' id='block_1_7' title="bbox 366 676 1938 747">
    <p class='ocr_par' dir='ltr' id='par_1_7' title="bbox 366 676 1938 747">
     <span class='ocr_line' id='line_1_7' title="bbox 366 676 1938 747; baseline 0.003 -21"><span class='ocrx_word' id='word_1_35' title='bbox 366 676 613 744; x_wconf 69' lang='grc' dir='ltr'>μὴσαντο</span> <span class='ocrx_word' id='word_1_36' title='bbox 640 677 747 728; x_wconf 80' lang='grc' dir='ltr'><strong>ἀπὸ</strong></span> <span class='ocrx_word' id='word_1_37' title='bbox 783 676 915 729; x_wconf 82' lang='grc' dir='ltr'><strong>υἱῶν</strong></span> <span class='ocrx_word' id='word_1_38' title='bbox 957 677 1194 747; x_wconf 77' lang='grc' dir='ltr'>Ἰσραὴλ,</span> <span class='ocrx_word' id='word_1_39' title='bbox 1226 679 1318 730; x_wconf 77' lang='grc' dir='ltr'><strong>καὶ</strong></span> <span class='ocrx_word' id='word_1_40' title='bbox 1342 678 1546 731; x_wconf 76' lang='grc' dir='ltr'>ἔδωκαν</span> <span class='ocrx_word' id='word_1_41' title='bbox 1575 678 1714 731; x_wconf 77' lang='grc' dir='ltr'>αὐτὰ</span> <span class='ocrx_word' id='word_1_42' title='bbox 1744 680 1824 740; x_wconf 86' lang='grc' dir='ltr'>εἰς</span> <span class='ocrx_word' id='word_1_43' title='bbox 1845 678 1938 732; x_wconf 81' lang='grc' dir='ltr'><strong>τὸν</strong></span> 
     </span>
    </p>
   </div>
   <div class='ocr_carea' id='block_1_8' title="bbox 361 761 1932 842">
    <p class='ocr_par' dir='ltr' id='par_1_8' title="bbox 361 761 1932 842">
     <span class='ocr_line' id='line_1_8' title="bbox 361 761 1932 842; baseline 0.004 -26"><span class='ocrx_word' id='word_1_44' title='bbox 361 761 656 834; x_wconf 71' lang='grc' dir='ltr'>ἀγρὸντοῦ</span> <span class='ocrx_word' id='word_1_45' title='bbox 701 769 988 837; x_wconf 76' lang='grc' dir='ltr'><strong>κεραμέως</strong></span> <span class='ocrx_word' id='word_1_46' title='bbox 1033 769 1177 823; x_wconf 85' lang='grc' dir='ltr'><strong>καθά</strong></span> <span class='ocrx_word' id='word_1_47' title='bbox 1219 770 1477 836; x_wconf 79' lang='grc' dir='ltr'>συνέταξέ</span> <span class='ocrx_word' id='word_1_48' title='bbox 1513 786 1602 838; x_wconf 87' lang='grc' dir='ltr'><strong>μοι</strong></span> <span class='ocrx_word' id='word_1_49' title='bbox 1649 770 1870 842; x_wconf 82' lang='grc' dir='ltr'>Κύριος.</span> <span class='ocrx_word' id='word_1_50' title='bbox 1913 787 1932 822; x_wconf 80' lang='grc' dir='ltr'><strong>ι</strong></span> 
     </span>
    </p>
   </div>
   <div class='ocr_carea' id='block_1_9' title="bbox 363 860 1940 935">
    <p class='ocr_par' dir='ltr' id='par_1_9' title="bbox 363 860 1940 935">
     <span class='ocr_line' id='line_1_9' title="bbox 363 860 1940 935; baseline 0.003 -23"><span class='ocrx_word' id='word_1_51' title='bbox 363 860 653 928; x_wconf 80' lang='grc' dir='ltr'>Κορϐανᾶν</span> <span class='ocrx_word' id='word_1_52' title='bbox 685 860 869 927; x_wconf 78' lang='grc' dir='ltr'>ἔλεγον</span> <span class='ocrx_word' id='word_1_53' title='bbox 916 862 1007 913; x_wconf 69' lang='grc' dir='ltr'>τὸν</span> <span class='ocrx_word' id='word_1_54' title='bbox 1040 865 1098 914; x_wconf 78' lang='grc' dir='ltr'>ἐν</span> <span class='ocrx_word' id='word_1_55' title='bbox 1139 863 1216 932; x_wconf 83' lang='grc' dir='ltr'>τῷ</span> <span class='ocrx_word' id='word_1_56' title='bbox 1255 863 1385 934; x_wconf 75' lang='grc' dir='ltr'>ἱερῷ</span> <span class='ocrx_word' id='word_1_57' title='bbox 1427 864 1728 935; x_wconf 83' lang='grc' dir='ltr'>θησαυρὸν,</span> <span class='ocrx_word' id='word_1_58' title='bbox 1759 865 1842 926; x_wconf 82' lang='grc' dir='ltr'>εἰς</span> <span class='ocrx_word' id='word_1_59' title='bbox 1881 863 1940 917; x_wconf 83' lang='grc' dir='ltr'>ὃν</span> 
     </span>
    </p>
   </div>
   <div class='ocr_carea' id='block_1_10' title="bbox 363 947 1940 1025">
    <p class='ocr_par' dir='ltr' id='par_1_10' title="bbox 363 947 1940 1025">
     <span class='ocr_line' id='line_1_10' title="bbox 363 947 1940 1025; baseline 0.006 -27"><span class='ocrx_word' id='word_1_60' title='bbox 363 947 588 1001; x_wconf 77' lang='grc' dir='ltr'>ἔϐαλλον</span> <span class='ocrx_word' id='word_1_61' title='bbox 633 949 698 1002; x_wconf 88' lang='grc' dir='ltr'><strong>τά</strong></span> <span class='ocrx_word' id='word_1_62' title='bbox 751 952 1174 1021; x_wconf 70' lang='grc' dir='ltr'>προσφερόμενα</span> <span class='ocrx_word' id='word_1_63' title='bbox 1227 953 1305 1023; x_wconf 84' lang='grc' dir='ltr'>τῷ</span> <span class='ocrx_word' id='word_1_64' title='bbox 1347 954 1465 1023; x_wconf 79' lang='grc' dir='ltr'>Θεῷ</span> <span class='ocrx_word' id='word_1_65' title='bbox 1496 949 1673 1025; x_wconf 71' lang='grc' dir='ltr'>δῶραῖ</span> <span class='ocrx_word' id='word_1_66' title='bbox 1703 955 1847 1022; x_wconf 87' lang='grc' dir='ltr'>Ὅρα</span> <span class='ocrx_word' id='word_1_67' title='bbox 1884 956 1940 1009; x_wconf 83' lang='grc' dir='ltr'>δὲ</span> 
     </span>
    </p>
   </div>
   <div class='ocr_carea' id='block_1_11' title="bbox 366 1037 1941 1118">
    <p class='ocr_par' dir='ltr' id='par_1_11' title="bbox 366 1037 1941 1118">
     <span class='ocr_line' id='line_1_11' title="bbox 366 1037 1941 1118; baseline 0.008 -32"><span class='ocrx_word' id='word_1_68' title='bbox 366 1037 484 1099; x_wconf 75' lang='grc' dir='ltr'>πῶς</span> <span class='ocrx_word' id='word_1_69' title='bbox 523 1040 551 1090; x_wconf 89' lang='grc' dir='ltr'>ὁ</span> <span class='ocrx_word' id='word_1_70' title='bbox 584 1037 713 1100; x_wconf 73' lang='grc' dir='ltr'>Θεὸς</span> <span class='ocrx_word' id='word_1_71' title='bbox 746 1044 970 1109; x_wconf 88' lang='grc' dir='ltr'>ματαιοῖ</span> <span class='ocrx_word' id='word_1_72' title='bbox 1012 1043 1209 1107; x_wconf 73' lang='grc' dir='ltr'>αὐτοὺς</span> <span class='ocrx_word' id='word_1_73' title='bbox 1230 1084 1244 1106; x_wconf 86' lang='grc'><strong>,</strong></span> <span class='ocrx_word' id='word_1_74' title='bbox 1279 1043 1418 1096; x_wconf 85' lang='grc' dir='ltr'>ὥστε</span> <span class='ocrx_word' id='word_1_75' title='bbox 1473 1046 1808 1114; x_wconf 76' lang='grc' dir='ltr'>φημίζεσθαι</span> <span class='ocrx_word' id='word_1_76' title='bbox 1842 1047 1941 1118; x_wconf 77' lang='grc' dir='ltr'>τὴν</span> 
     </span>
    </p>
   </div>
   <div class='ocr_carea' id='block_1_12' title="bbox 367 1129 1939 1210">
    <p class='ocr_par' dir='ltr' id='par_1_12' title="bbox 367 1129 1939 1210">
     <span class='ocr_line' id='line_1_12' title="bbox 367 1129 1939 1210; baseline 0.007 -31"><span class='ocrx_word' id='word_1_77' title='bbox 367 1129 648 1196; x_wconf 60' lang='grc' dir='ltr'>μιαιφόνον</span> <span class='ocrx_word' id='word_1_78' title='bbox 688 1132 868 1185; x_wconf 71' lang='grc' dir='ltr'>αὐτῶν</span> <span class='ocrx_word' id='word_1_79' title='bbox 900 1135 1124 1204; x_wconf 79' lang='grc' dir='ltr'>γνώμην</span> <span class='ocrx_word' id='word_1_80' title='bbox 1148 1152 1162 1168; x_wconf 88' lang='grc'><strong>·</strong></span> <span class='ocrx_word' id='word_1_81' title='bbox 1196 1137 1336 1200; x_wconf 86' lang='grc' dir='ltr'>Ἒως</span> <span class='ocrx_word' id='word_1_82' title='bbox 1366 1140 1475 1207; x_wconf 83' lang='grc' dir='ltr'>γὰρ</span> <span class='ocrx_word' id='word_1_83' title='bbox 1518 1142 1618 1208; x_wconf 78' lang='grc' dir='ltr'><strong>τῆς</strong></span> <span class='ocrx_word' id='word_1_84' title='bbox 1664 1142 1902 1210; x_wconf 81' lang='grc' dir='ltr'>σήμερον</span> <span class='ocrx_word' id='word_1_85' title='bbox 1923 1179 1939 1203; x_wconf 85' lang='grc'><strong>,</strong></span> 
     </span>
    </p>
   </div>
   <div class='ocr_carea' id='block_1_13' title="bbox 363 1221 1940 1297">
    <p class='ocr_par' dir='ltr' id='par_1_13' title="bbox 363 1221 1940 1297">
     <span class='ocr_line' id='line_1_13' title="bbox 363 1221 1940 1297; baseline 0.009 -28"><span class='ocrx_word' id='word_1_86' title='bbox 363 1223 549 1288; x_wconf 65' lang='grc' dir='ltr'>φησιν,</span> <span class='ocrx_word' id='word_1_87' title='bbox 571 1221 766 1289; x_wconf 81' lang='grc' dir='ltr'>Ἀγρὸς</span> <span class='ocrx_word' id='word_1_88' title='bbox 790 1224 1022 1292; x_wconf 75' lang='grc' dir='ltr'>αἵματος</span> <span class='ocrx_word' id='word_1_89' title='bbox 1045 1226 1288 1279; x_wconf 83' lang='grc' dir='ltr'>καλεῖται</span> <span class='ocrx_word' id='word_1_90' title='bbox 1315 1228 1342 1278; x_wconf 82' lang='grc' dir='ltr'><strong>ὁ</strong></span> <span class='ocrx_word' id='word_1_91' title='bbox 1360 1228 1529 1297; x_wconf 75' lang='grc' dir='ltr'>ἀγρὸς</span> <span class='ocrx_word' id='word_1_92' title='bbox 1550 1230 1778 1292; x_wconf 81' lang='grc' dir='ltr'>ἐκεῖνος,</span> <span class='ocrx_word' id='word_1_93' title='bbox 1799 1229 1940 1283; x_wconf 78' lang='grc' dir='ltr'>ὥστε</span> 
     </span>
    </p>
   </div>
   <div class='ocr_carea' id='block_1_14' title="bbox 364 1314 1938 1388">
    <p class='ocr_par' dir='ltr' id='par_1_14' title="bbox 364 1314 1938 1388">
     <span class='ocr_line' id='line_1_14' title="bbox 364 1314 1938 1388; baseline 0.008 -27"><span class='ocrx_word' id='word_1_94' title='bbox 364 1314 576 1373; x_wconf 67' lang='grc' dir='ltr'>πάντας</span> <span class='ocrx_word' id='word_1_95' title='bbox 611 1315 1128 1385; x_wconf 77' lang='grc' dir='ltr'>ἀναμιμνήσκεσθαι</span> <span class='ocrx_word' id='word_1_96' title='bbox 1156 1318 1238 1370; x_wconf 80' lang='grc' dir='ltr'><strong>ὅτι</strong></span> <span class='ocrx_word' id='word_1_97' title='bbox 1263 1317 1353 1370; x_wconf 72' lang='grc' dir='ltr'>τὸν</span> <span class='ocrx_word' id='word_1_98' title='bbox 1383 1319 1589 1388; x_wconf 84' lang='grc' dir='ltr'>Κύριον</span> <span class='ocrx_word' id='word_1_99' title='bbox 1621 1321 1938 1387; x_wconf 79' lang='grc' dir='ltr'>ἐφόνευσαν.</span> 
     </span>
    </p>
   </div>
   <div class='ocr_carea' id='block_1_15' title="bbox 362 1402 1941 1479">
    <p class='ocr_par' dir='ltr' id='par_1_15' title="bbox 362 1402 1941 1479">
     <span class='ocr_line' id='line_1_15' title="bbox 362 1402 1941 1479; baseline 0.008 -26"><span class='ocrx_word' id='word_1_100' title='bbox 362 1402 620 1456; x_wconf 73' lang='grc' dir='ltr'>Μένθανε</span> <span class='ocrx_word' id='word_1_101' title='bbox 649 1404 702 1457; x_wconf 74' lang='grc' dir='ltr'>δὲ</span> <span class='ocrx_word' id='word_1_102' title='bbox 739 1408 833 1458; x_wconf 79' lang='grc' dir='ltr'><strong>καὶ</strong></span> <span class='ocrx_word' id='word_1_103' title='bbox 871 1407 1047 1470; x_wconf 82' lang='grc' dir='ltr'>τοῦτο,</span> <span class='ocrx_word' id='word_1_104' title='bbox 1084 1408 1166 1460; x_wconf 85' lang='grc' dir='ltr'>ὅτι</span> <span class='ocrx_word' id='word_1_105' title='bbox 1200 1409 1290 1461; x_wconf 74' lang='grc' dir='ltr'><strong>καὶ</strong></span> <span class='ocrx_word' id='word_1_106' title='bbox 1323 1410 1472 1479; x_wconf 87' lang='grc' dir='ltr'><strong>παρά</strong></span> <span class='ocrx_word' id='word_1_107' title='bbox 1501 1413 1611 1474; x_wconf 85' lang='grc' dir='ltr'>τοῖς</span> <span class='ocrx_word' id='word_1_108' title='bbox 1664 1412 1941 1476; x_wconf 76' lang='grc' dir='ltr'>Ἰουδαίοις</span> 
     </span>
    </p>
   </div>
   <div class='ocr_carea' id='block_1_16' title="bbox 359 1493 1942 1567">
    <p class='ocr_par' dir='ltr' id='par_1_16' title="bbox 359 1493 1942 1567">
     <span class='ocr_line' id='line_1_16' title="bbox 359 1493 1942 1567; baseline 0.008 -24"><span class='ocrx_word' id='word_1_109' title='bbox 359 1493 619 1547; x_wconf 75' lang='grc' dir='ltr'>τοσοῦτον</span> <span class='ocrx_word' id='word_1_110' title='bbox 671 1496 703 1564; x_wconf 84' lang='grc' dir='ltr'><strong>ἡ</strong></span> <span class='ocrx_word' id='word_1_111' title='bbox 752 1495 1031 1564; x_wconf 80' lang='grc' dir='ltr'>φιλοξενία</span> <span class='ocrx_word' id='word_1_112' title='bbox 1070 1498 1470 1562; x_wconf 75' lang='grc' dir='ltr'>ἐσπουδάζετο,</span> <span class='ocrx_word' id='word_1_113' title='bbox 1506 1500 1646 1553; x_wconf 80' lang='grc' dir='ltr'>ὥστε</span> <span class='ocrx_word' id='word_1_114' title='bbox 1695 1504 1790 1554; x_wconf 73' lang='grc' dir='ltr'><strong>καὶ</strong></span> <span class='ocrx_word' id='word_1_115' title='bbox 1828 1505 1942 1567; x_wconf 87' lang='grc' dir='ltr'>τοῖς</span> 
     </span>
    </p>
   </div>
   <div class='ocr_carea' id='block_1_17' title="bbox 358 1582 1944 1664">
    <p class='ocr_par' dir='ltr' id='par_1_17' title="bbox 358 1582 1944 1664">
     <span class='ocr_line' id='line_1_17' title="bbox 358 1582 1944 1664; baseline 0.007 -28"><span class='ocrx_word' id='word_1_116' title='bbox 358 1582 539 1649; x_wconf 80' lang='grc' dir='ltr'>ξένοις</span> <span class='ocrx_word' id='word_1_117' title='bbox 573 1587 651 1648; x_wconf 81' lang='grc' dir='ltr'><strong>είς</strong></span> <span class='ocrx_word' id='word_1_118' title='bbox 696 1587 873 1658; x_wconf 72' lang='grc' dir='ltr'>ταφὴν</span> <span class='ocrx_word' id='word_1_119' title='bbox 901 1592 1102 1659; x_wconf 79' lang='grc' dir='ltr'>χωρίον</span> <span class='ocrx_word' id='word_1_120' title='bbox 1144 1608 1197 1643; x_wconf 90' lang='grc' dir='ltr'><strong>τι</strong></span> <span class='ocrx_word' id='word_1_121' title='bbox 1231 1593 1630 1662; x_wconf 79' lang='grc' dir='ltr'>ἀγορασθῆναι.</span> <span class='ocrx_word' id='word_1_122' title='bbox 1665 1595 1944 1664; x_wconf 69' lang='grc' dir='ltr'><strong>Αἰσχυνώ-</strong></span> 
     </span>
    </p>
   </div>
   <div class='ocr_carea' id='block_1_18' title="bbox 359 1675 1942 1754">
    <p class='ocr_par' dir='ltr' id='par_1_18' title="bbox 359 1675 1942 1754">
     <span class='ocr_line' id='line_1_18' title="bbox 359 1675 1942 1754; baseline 0.009 -27"><span class='ocrx_word' id='word_1_123' title='bbox 359 1675 505 1745; x_wconf 85' lang='grc' dir='ltr'>μεθα</span> <span class='ocrx_word' id='word_1_124' title='bbox 552 1675 646 1732; x_wconf 81' lang='grc' dir='ltr'><strong>οὖν</strong></span> <span class='ocrx_word' id='word_1_125' title='bbox 675 1682 860 1749; x_wconf 76' lang='grc' dir='ltr'>ἡμεῖς,</span> <span class='ocrx_word' id='word_1_126' title='bbox 906 1683 954 1734; x_wconf 79' lang='grc' dir='ltr'>οι</span> <span class='ocrx_word' id='word_1_127' title='bbox 985 1682 1323 1752; x_wconf 79' lang='grc' dir='ltr'>τελειοτέρου</span> <span class='ocrx_word' id='word_1_128' title='bbox 1367 1685 1464 1753; x_wconf 84' lang='grc' dir='ltr'><strong>μὲν</strong></span> <span class='ocrx_word' id='word_1_129' title='bbox 1506 1685 1620 1754; x_wconf 87' lang='grc' dir='ltr'>βίου</span> <span class='ocrx_word' id='word_1_130' title='bbox 1654 1686 1942 1751; x_wconf 80' lang='grc' dir='ltr'>δοκοῦντες</span> 
     </span>
    </p>
   </div>
   <div class='ocr_carea' id='block_1_19' title="bbox 353 1764 1943 1850">
    <p class='ocr_par' dir='ltr' id='par_1_19' title="bbox 353 1764 1943 1850">
     <span class='ocr_line' id='line_1_19' title="bbox 353 1764 1943 1850; baseline 0.009 -30"><span class='ocrx_word' id='word_1_131' title='bbox 353 1764 521 1834; x_wconf 73' lang='grc' dir='ltr'>εἶναι,</span> <span class='ocrx_word' id='word_1_132' title='bbox 551 1773 678 1833; x_wconf 75' lang='grc' dir='ltr'>τοὺς</span> <span class='ocrx_word' id='word_1_133' title='bbox 709 1772 765 1824; x_wconf 82' lang='grc' dir='ltr'>δὲ</span> <span class='ocrx_word' id='word_1_134' title='bbox 801 1765 985 1838; x_wconf 77' lang='grc' dir='ltr'>ξένους</span> <span class='ocrx_word' id='word_1_135' title='bbox 1016 1775 1518 1847; x_wconf 80' lang='grc' dir='ltr'>παραϐλεπόμενοι.</span> <span class='ocrx_word' id='word_1_136' title='bbox 1555 1778 1663 1849; x_wconf 84' lang='grc' dir='ltr'><strong>Τὴν</strong></span> <span class='ocrx_word' id='word_1_137' title='bbox 1691 1779 1857 1850; x_wconf 75' lang='grc' dir='ltr'>τιμὴν</span> <span class='ocrx_word' id='word_1_138' title='bbox 1887 1779 1943 1834; x_wconf 83' lang='grc' dir='ltr'>δὲ</span> 
     </span>
    </p>
   </div>
   <div class='ocr_carea' id='block_1_20' title="bbox 2050 595 3625 681">
    <p class='ocr_par' dir='ltr' id='par_1_20' title="bbox 2050 595 3625 681">
     <span class='ocr_line' id='line_1_20' title="bbox 2050 595 3625 681; baseline 0.013 -35"><span class='ocrx_word' id='word_1_139' title='bbox 2050 599 2264 663; x_wconf 86' lang='lat' dir='ltr'><strong>phetam</strong></span> <span class='ocrx_word' id='word_1_140' title='bbox 2297 595 2560 650; x_wconf 73' lang='lat' dir='ltr'><strong>dicentem</strong></span> <span class='ocrx_word' id='word_1_141' title='bbox 2593 613 2608 651; x_wconf 91' lang='lat'><strong>:</strong></span> <span class='ocrx_word' id='word_1_142' title='bbox 2641 596 2704 651; x_wconf 88' lang='lat' dir='ltr'><strong>Et</strong></span> <span class='ocrx_word' id='word_1_143' title='bbox 2729 610 3056 670; x_wconf 89' lang='lat' dir='ltr'><strong>acceperunt</strong></span> <span class='ocrx_word' id='word_1_144' title='bbox 3081 605 3300 676; x_wconf 88' lang='lat' dir='ltr'><strong>triginta</strong></span> <span class='ocrx_word' id='word_1_145' title='bbox 3337 620 3625 681; x_wconf 74' lang='lat' dir='ltr'><strong>argenteus</strong></span> 
     </span>
    </p>
   </div>
   <div class='ocr_carea' id='block_1_21' title="bbox 2047 688 3626 760">
    <p class='ocr_par' dir='ltr' id='par_1_21' title="bbox 2047 688 3626 760">
     <span class='ocr_line' id='line_1_21' title="bbox 2047 688 3626 760; baseline 0.013 -22"><span class='ocrx_word' id='word_1_146' title='bbox 2047 688 2275 752; x_wconf 87' lang='lat' dir='ltr'><strong>pretium</strong></span> <span class='ocrx_word' id='word_1_147' title='bbox 2307 689 2577 749; x_wconf 73' lang='lat' dir='ltr'><strong>mstimati.</strong></span> <span class='ocrx_word' id='word_1_148' title='bbox 2611 705 2770 759; x_wconf 85' lang='lat' dir='ltr'><strong>quem</strong></span> <span class='ocrx_word' id='word_1_149' title='bbox 2794 694 3116 750; x_wconf 75' lang='lat' dir='ltr'><strong>:estimatum</strong></span> <span class='ocrx_word' id='word_1_150' title='bbox 3147 711 3395 756; x_wconf 91' lang='lat' dir='ltr'><strong>emerunt</strong></span> <span class='ocrx_word' id='word_1_151' title='bbox 3417 718 3446 757; x_wconf 87' lang='lat' dir='ltr'><strong>a</strong></span> <span class='ocrx_word' id='word_1_152' title='bbox 3499 703 3626 760; x_wconf 82' lang='lat' dir='ltr'><strong>ﬂliis</strong></span> 
     </span>
    </p>
   </div>
   <div class='ocr_carea' id='block_1_22' title="bbox 2047 777 3632 861">
    <p class='ocr_par' dir='ltr' id='par_1_22' title="bbox 2047 777 3632 861">
     <span class='ocr_line' id='line_1_22' title="bbox 2047 777 3632 861; baseline 0.012 -28"><span class='ocrx_word' id='word_1_153' title='bbox 2047 777 2234 843; x_wconf 82' lang='lat' dir='ltr'><strong>Israel,</strong></span> <span class='ocrx_word' id='word_1_154' title='bbox 2275 791 2328 835; x_wconf 88' lang='lat' dir='ltr'><strong>et</strong></span> <span class='ocrx_word' id='word_1_155' title='bbox 2368 783 2629 838; x_wconf 83' lang='lat' dir='ltr'><strong>dederunt</strong></span> <span class='ocrx_word' id='word_1_156' title='bbox 2681 799 2773 839; x_wconf 91' lang='lat' dir='ltr'><strong>cos</strong></span> <span class='ocrx_word' id='word_1_157' title='bbox 2820 786 2870 840; x_wconf 93' lang='lat' dir='ltr'><strong>in</strong></span> <span class='ocrx_word' id='word_1_158' title='bbox 2905 803 3091 855; x_wconf 84' lang='lat' dir='ltr'><strong>agrum</strong></span> <span class='ocrx_word' id='word_1_159' title='bbox 3128 791 3294 861; x_wconf 71' lang='lat' dir='ltr'><strong>figuli,</strong></span> <span class='ocrx_word' id='word_1_160' title='bbox 3335 795 3474 850; x_wconf 84' lang='lat' dir='ltr'><strong>sicut</strong></span> <span class='ocrx_word' id='word_1_161' title='bbox 3506 812 3632 851; x_wconf 84' lang='lat' dir='ltr'><strong>cou-</strong></span> 
     </span>
    </p>
   </div>
   <div class='ocr_carea' id='block_1_23' title="bbox 2049 871 3627 944">
    <p class='ocr_par' dir='ltr' id='par_1_23' title="bbox 2049 871 3627 944">
     <span class='ocr_line' id='line_1_23' title="bbox 2049 871 3627 944; baseline 0.011 -21"><span class='ocrx_word' id='word_1_162' title='bbox 2049 871 2219 925; x_wconf 90' lang='lat' dir='ltr'><strong>stituit</strong></span> <span class='ocrx_word' id='word_1_163' title='bbox 2245 874 2372 926; x_wconf 86' lang='lat' dir='ltr'><strong>mihi</strong></span> <span class='ocrx_word' id='word_1_164' title='bbox 2409 873 2689 932; x_wconf 85' lang='lat' dir='ltr'><strong>Dominus.</strong></span> <span class='ocrx_word' id='word_1_165' title='bbox 2731 896 2750 928; x_wconf 79' lang='grc' dir='ltr'><strong>ι</strong></span> <span class='ocrx_word' id='word_1_166' title='bbox 2780 878 3082 935; x_wconf 87' lang='lat' dir='ltr'><strong>Corbonam</strong></span> <span class='ocrx_word' id='word_1_167' title='bbox 3112 883 3364 940; x_wconf 78' lang='lat' dir='ltr'><strong>dicebant</strong></span> <span class='ocrx_word' id='word_1_168' title='bbox 3405 888 3627 944; x_wconf 69' lang='lat' dir='ltr'><strong>thesau.</strong></span> 
     </span>
    </p>
   </div>
   <div class='ocr_carea' id='block_1_24' title="bbox 2050 965 3628 1049">
    <p class='ocr_par' dir='ltr' id='par_1_24' title="bbox 2050 965 3628 1049">
     <span class='ocr_line' id='line_1_24' title="bbox 2050 965 3628 1049; baseline 0.013 -34"><span class='ocrx_word' id='word_1_169' title='bbox 2050 978 2169 1016; x_wconf 86' lang='lat' dir='ltr'><strong>rum</strong></span> <span class='ocrx_word' id='word_1_170' title='bbox 2201 965 2250 1017; x_wconf 91' lang='lat' dir='ltr'><strong>in</strong></span> <span class='ocrx_word' id='word_1_171' title='bbox 2300 966 2518 1036; x_wconf 84' lang='lat' dir='ltr'><strong>templo,</strong></span> <span class='ocrx_word' id='word_1_172' title='bbox 2563 968 2613 1021; x_wconf 91' lang='lat' dir='ltr'><strong>in</strong></span> <span class='ocrx_word' id='word_1_173' title='bbox 2646 983 2804 1038; x_wconf 84' lang='lat' dir='ltr'><strong>quem</strong></span> <span class='ocrx_word' id='word_1_174' title='bbox 2849 971 3134 1026; x_wconf 81' lang='lat' dir='ltr'><strong>mittebant</strong></span> <span class='ocrx_word' id='word_1_175' title='bbox 3179 977 3318 1031; x_wconf 86' lang='lat' dir='ltr'><strong>dona</strong></span> <span class='ocrx_word' id='word_1_176' title='bbox 3356 993 3475 1049; x_wconf 69' lang='lat' dir='ltr'><strong>quae</strong></span> <span class='ocrx_word' id='word_1_177' title='bbox 3518 980 3628 1036; x_wconf 91' lang='lat' dir='ltr'><strong>Deo</strong></span> 
     </span>
    </p>
   </div>
   <div class='ocr_carea' id='block_1_25' title="bbox 2049 1055 3628 1133">
    <p class='ocr_par' dir='ltr' id='par_1_25' title="bbox 2049 1055 3628 1133">
     <span class='ocr_line' id='line_1_25' title="bbox 2049 1055 3628 1133; baseline 0.013 -27"><span class='ocrx_word' id='word_1_178' title='bbox 2049 1055 2432 1111; x_wconf 77' lang='lat' dir='ltr'><strong>olferebantur.</strong></span> <span class='ocrx_word' id='word_1_179' title='bbox 2483 1060 2613 1114; x_wconf 81' lang='lat' dir='ltr'><strong>Vide</strong></span> <span class='ocrx_word' id='word_1_180' title='bbox 2653 1069 2832 1116; x_wconf 85' lang='lat' dir='ltr'><strong>autem</strong></span> <span class='ocrx_word' id='word_1_181' title='bbox 2881 1067 3151 1133; x_wconf 86' lang='lat' dir='ltr'><strong>quomodo</strong></span> <span class='ocrx_word' id='word_1_182' title='bbox 3206 1067 3346 1123; x_wconf 85' lang='lat' dir='ltr'><strong>Deus</strong></span> <span class='ocrx_word' id='word_1_183' title='bbox 3399 1071 3628 1127; x_wconf 78' lang='lat' dir='ltr'><strong>iufatuet</strong></span> 
     </span>
    </p>
   </div>
   <div class='ocr_carea' id='block_1_26' title="bbox 2050 1146 3626 1231">
    <p class='ocr_par' dir='ltr' id='par_1_26' title="bbox 2050 1146 3626 1231">
     <span class='ocr_line' id='line_1_26' title="bbox 2050 1146 3626 1231; baseline 0.014 -34"><span class='ocrx_word' id='word_1_184' title='bbox 2050 1146 2212 1212; x_wconf 91' lang='lat' dir='ltr'><strong>illos,</strong></span> <span class='ocrx_word' id='word_1_185' title='bbox 2281 1158 2339 1201; x_wconf 93' lang='grc' dir='ltr'><strong>ιιι</strong></span> <span class='ocrx_word' id='word_1_186' title='bbox 2399 1153 2714 1207; x_wconf 69' lang='lat' dir='ltr'><strong>traducatur</strong></span> <span class='ocrx_word' id='word_1_187' title='bbox 2770 1171 2922 1210; x_wconf 85' lang='lat' dir='ltr'><strong>mens</strong></span> <span class='ocrx_word' id='word_1_188' title='bbox 2977 1155 3190 1211; x_wconf 88' lang='lat' dir='ltr'><strong>illorum</strong></span> <span class='ocrx_word' id='word_1_189' title='bbox 3254 1163 3626 1231; x_wconf 77' lang='lat' dir='ltr'><strong>sanguinaria.</strong></span> 
     </span>
    </p>
   </div>
   <div class='ocr_carea' id='block_1_27' title="bbox 2051 1239 3629 1323">
    <p class='ocr_par' dir='ltr' id='par_1_27' title="bbox 2051 1239 3629 1323">
     <span class='ocr_line' id='line_1_27' title="bbox 2051 1239 3629 1323; baseline 0.009 -29"><span class='ocrx_word' id='word_1_190' title='bbox 2051 1239 2230 1309; x_wconf 89' lang='lat' dir='ltr'><strong>Usque</strong></span> <span class='ocrx_word' id='word_1_191' title='bbox 2258 1241 2308 1295; x_wconf 93' lang='lat' dir='ltr'><strong>iu</strong></span> <span class='ocrx_word' id='word_1_192' title='bbox 2337 1244 2476 1296; x_wconf 91' lang='lat' dir='ltr'><strong>hunc</strong></span> <span class='ocrx_word' id='word_1_193' title='bbox 2497 1245 2638 1298; x_wconf 90' lang='lat' dir='ltr'><strong>enim</strong></span> <span class='ocrx_word' id='word_1_194' title='bbox 2673 1245 2838 1310; x_wconf 87' lang='lat' dir='ltr'><strong>diem,</strong></span> <span class='ocrx_word' id='word_1_195' title='bbox 2873 1249 2969 1315; x_wconf 90' lang='lat' dir='ltr'><strong>ait,</strong></span> <span class='ocrx_word' id='word_1_196' title='bbox 2994 1265 3123 1319; x_wconf 83' lang='lat' dir='ltr'><strong>ager</strong></span> <span class='ocrx_word' id='word_1_197' title='bbox 3145 1251 3234 1306; x_wconf 90' lang='lat' dir='ltr'><strong>ille</strong></span> <span class='ocrx_word' id='word_1_198' title='bbox 3267 1251 3466 1306; x_wconf 87' lang='lat' dir='ltr'><strong>dicitur</strong></span> <span class='ocrx_word' id='word_1_199' title='bbox 3484 1254 3629 1323; x_wconf 64' lang='lat' dir='ltr'><strong>Agor</strong></span> 
     </span>
    </p>
   </div>
   <div class='ocr_carea' id='block_1_28' title="bbox 2049 1332 3626 1415">
    <p class='ocr_par' dir='ltr' id='par_1_28' title="bbox 2049 1332 3626 1415">
     <span class='ocr_line' id='line_1_28' title="bbox 2049 1332 3626 1415; baseline 0.01 -30"><span class='ocrx_word' id='word_1_200' title='bbox 2049 1332 2346 1402; x_wconf 77' lang='lat' dir='ltr'><strong>sanguinis,</strong></span> <span class='ocrx_word' id='word_1_201' title='bbox 2391 1343 2449 1388; x_wconf 91' lang='lat' dir='ltr'><strong>ut</strong></span> <span class='ocrx_word' id='word_1_202' title='bbox 2489 1350 2678 1392; x_wconf 85' lang='lat' dir='ltr'><strong>omnes</strong></span> <span class='ocrx_word' id='word_1_203' title='bbox 2705 1341 2816 1394; x_wconf 91' lang='lat' dir='ltr'><strong>sint</strong></span> <span class='ocrx_word' id='word_1_204' title='bbox 2869 1357 3137 1398; x_wconf 87' lang='lat' dir='ltr'><strong>memores</strong></span> <span class='ocrx_word' id='word_1_205' title='bbox 3164 1347 3305 1415; x_wconf 92' lang='lat' dir='ltr'><strong>quod</strong></span> <span class='ocrx_word' id='word_1_206' title='bbox 3343 1346 3626 1401; x_wconf 85' lang='lat' dir='ltr'><strong>Dominum</strong></span> 
     </span>
    </p>
   </div>
   <div class='ocr_carea' id='block_1_29' title="bbox 2049 1423 3631 1506">
    <p class='ocr_par' dir='ltr' id='par_1_29' title="bbox 2049 1423 3631 1506">
     <span class='ocr_line' id='line_1_29' title="bbox 2049 1423 3631 1506; baseline 0.011 -30"><span class='ocrx_word' id='word_1_207' title='bbox 2049 1423 2364 1478; x_wconf 86' lang='lat' dir='ltr'><strong>occiderint.</strong></span> <span class='ocrx_word' id='word_1_208' title='bbox 2394 1425 2548 1481; x_wconf 85' lang='lat' dir='ltr'><strong>Disce</strong></span> <span class='ocrx_word' id='word_1_209' title='bbox 2566 1438 2746 1484; x_wconf 86' lang='lat' dir='ltr'><strong>autem</strong></span> <span class='ocrx_word' id='word_1_210' title='bbox 2766 1441 2821 1485; x_wconf 83' lang='lat' dir='ltr'><strong>et</strong></span> <span class='ocrx_word' id='word_1_211' title='bbox 2848 1433 2972 1498; x_wconf 91' lang='lat' dir='ltr'><strong>hoc,</strong></span> <span class='ocrx_word' id='word_1_212' title='bbox 3007 1435 3147 1502; x_wconf 87' lang='lat' dir='ltr'><strong>quod</strong></span> <span class='ocrx_word' id='word_1_213' title='bbox 3172 1445 3224 1490; x_wconf 87' lang='lat' dir='ltr'><strong>et</strong></span> <span class='ocrx_word' id='word_1_214' title='bbox 3251 1439 3391 1506; x_wconf 87' lang='lat' dir='ltr'><strong>apud</strong></span> <span class='ocrx_word' id='word_1_215' title='bbox 3411 1435 3631 1494; x_wconf 74' lang='lat' dir='ltr'><strong>Judzeos</strong></span> 
     </span>
    </p>
   </div>
   <div class='ocr_carea' id='block_1_30' title="bbox 2049 1513 3630 1598">
    <p class='ocr_par' dir='ltr' id='par_1_30' title="bbox 2049 1513 3630 1598">
     <span class='ocr_line' id='line_1_30' title="bbox 2049 1513 3630 1598; baseline 0.01 -30"><span class='ocrx_word' id='word_1_216' title='bbox 2049 1513 2283 1568; x_wconf 78' lang='lat' dir='ltr'><strong>fueritin</strong></span> <span class='ocrx_word' id='word_1_217' title='bbox 2314 1519 2487 1585; x_wconf 86' lang='lat' dir='ltr'><strong>pretio</strong></span> <span class='ocrx_word' id='word_1_218' title='bbox 2514 1518 2858 1590; x_wconf 81' lang='lat' dir='ltr'><strong>hospitalitas</strong></span> <span class='ocrx_word' id='word_1_219' title='bbox 2892 1527 3068 1580; x_wconf 91' lang='lat' dir='ltr'><strong>:unde</strong></span> <span class='ocrx_word' id='word_1_220' title='bbox 3102 1527 3153 1579; x_wconf 92' lang='lat' dir='ltr'><strong>in</strong></span> <span class='ocrx_word' id='word_1_221' title='bbox 3174 1527 3507 1596; x_wconf 84' lang='lat' dir='ltr'><strong>sepulturam</strong></span> <span class='ocrx_word' id='word_1_222' title='bbox 3533 1544 3630 1598; x_wconf 74' lang='lat' dir='ltr'><strong>pc-</strong></span> 
     </span>
    </p>
   </div>
   <div class='ocr_carea' id='block_1_31' title="bbox 2053 1609 3630 1682">
    <p class='ocr_par' dir='ltr' id='par_1_31' title="bbox 2053 1609 3630 1682">
     <span class='ocr_line' id='line_1_31' title="bbox 2053 1609 3630 1682; baseline 0.011 -22"><span class='ocrx_word' id='word_1_223' title='bbox 2053 1609 2387 1676; x_wconf 83' lang='lat' dir='ltr'><strong>regrinorum</strong></span> <span class='ocrx_word' id='word_1_224' title='bbox 2422 1609 2578 1681; x_wconf 75' lang='lat'><strong>155</strong></span> <span class='ocrx_word' id='word_1_225' title='bbox 2604 1628 2791 1682; x_wconf 81' lang='lat' dir='ltr'><strong>agrum</strong></span> <span class='ocrx_word' id='word_1_226' title='bbox 2830 1615 2977 1669; x_wconf 92' lang='lat' dir='ltr'><strong>illum</strong></span> <span class='ocrx_word' id='word_1_227' title='bbox 3017 1631 3290 1674; x_wconf 87' lang='lat' dir='ltr'><strong>emerunt.</strong></span> <span class='ocrx_word' id='word_1_228' title='bbox 3312 1620 3630 1676; x_wconf 69' lang='lat' dir='ltr'><strong>Confunde-</strong></span> 
     </span>
    </p>
   </div>
   <div class='ocr_carea' id='block_1_32' title="bbox 2050 1701 3626 1782">
    <p class='ocr_par' dir='ltr' id='par_1_32' title="bbox 2050 1701 3626 1782">
     <span class='ocr_line' id='line_1_32' title="bbox 2050 1701 3626 1782; baseline 0.011 -30"><span class='ocrx_word' id='word_1_229' title='bbox 2050 1713 2171 1754; x_wconf 89' lang='lat' dir='ltr'><strong>mur</strong></span> <span class='ocrx_word' id='word_1_230' title='bbox 2205 1701 2368 1770; x_wconf 82' lang='lat' dir='ltr'><strong>igitur</strong></span> <span class='ocrx_word' id='word_1_231' title='bbox 2394 1719 2516 1767; x_wconf 89' lang='lat' dir='ltr'><strong>nos,</strong></span> <span class='ocrx_word' id='word_1_232' title='bbox 2557 1706 2646 1774; x_wconf 93' lang='lat' dir='ltr'><strong>qui</strong></span> <span class='ocrx_word' id='word_1_233' title='bbox 2674 1707 2801 1761; x_wconf 67' lang='lat' dir='ltr'><strong>vitae</strong></span> <span class='ocrx_word' id='word_1_234' title='bbox 2824 1707 3166 1776; x_wconf 79' lang='lat' dir='ltr'><strong>perfectioris</strong></span> <span class='ocrx_word' id='word_1_235' title='bbox 3199 1712 3447 1767; x_wconf 75' lang='lat' dir='ltr'><strong>videmur</strong></span> <span class='ocrx_word' id='word_1_236' title='bbox 3479 1728 3626 1782; x_wconf 84' lang='lat' dir='ltr'><strong>esse,</strong></span> 
     </span>
    </p>
   </div>
   <div class='ocr_carea' id='block_1_33' title="bbox 2050 1795 3627 1872">
    <p class='ocr_par' dir='ltr' id='par_1_33' title="bbox 2050 1795 3627 1872">
     <span class='ocr_line' id='line_1_33' title="bbox 2050 1795 3627 1872; baseline 0.009 -28"><span class='ocrx_word' id='word_1_237' title='bbox 2050 1799 2104 1845; x_wconf 90' lang='lat' dir='ltr'><strong>et</strong></span> <span class='ocrx_word' id='word_1_238' title='bbox 2127 1795 2444 1861; x_wconf 86' lang='lat' dir='ltr'><strong>peregrinos</strong></span> <span class='ocrx_word' id='word_1_239' title='bbox 2465 1796 2818 1865; x_wconf 86' lang='lat' dir='ltr'><strong>despicimus.</strong></span> <span class='ocrx_word' id='word_1_240' title='bbox 2842 1799 3104 1867; x_wconf 91' lang='lat' dir='ltr'><strong>Pretium,</strong></span> <span class='ocrx_word' id='word_1_241' title='bbox 3130 1803 3325 1872; x_wconf 83' lang='lat' dir='ltr'><strong>inquit,</strong></span> <span class='ocrx_word' id='word_1_242' title='bbox 3350 1807 3627 1872; x_wconf 69' lang='lat' dir='ltr'><strong>arstimati,</strong></span> 
     </span>
    </p>
   </div>
   <div class='ocr_carea' id='block_1_34' title="bbox 353 1859 1941 1959">
    <p class='ocr_par' dir='ltr' id='par_1_34' title="bbox 353 1859 1938 1942">
     <span class='ocr_line' id='line_1_34' title="bbox 353 1859 1938 1942; baseline 0.007 -29"><span class='ocrx_word' id='word_1_243' title='bbox 353 1859 457 1916; x_wconf 77' lang='grc' dir='ltr'>τοῦ</span> <span class='ocrx_word' id='word_1_244' title='bbox 520 1864 909 1934; x_wconf 73' lang='grc' dir='ltr'>τετιμημένου,</span> <span class='ocrx_word' id='word_1_245' title='bbox 946 1867 1145 1936; x_wconf 71' lang='grc' dir='ltr'>φησὶν,</span> <span class='ocrx_word' id='word_1_246' title='bbox 1209 1869 1452 1938; x_wconf 85' lang='grc' dir='ltr'>δηλονότι</span> <span class='ocrx_word' id='word_1_247' title='bbox 1511 1869 1604 1924; x_wconf 80' lang='grc' dir='ltr'>τοῦ</span> <span class='ocrx_word' id='word_1_248' title='bbox 1657 1870 1899 1942; x_wconf 82' lang='grc' dir='ltr'>Χριστοῦ</span> <span class='ocrx_word' id='word_1_249' title='bbox 1924 1887 1938 1902; x_wconf 74' lang='grc'><strong>⁸</strong></span> 
     </span>
    </p>
   </div>
   <div class='ocr_carea' id='block_1_35' title="bbox 2051 1859 3630 1959">
    <p class='ocr_par' dir='ltr' id='par_1_35' title="bbox 2051 1884 3630 1959">
     <span class='ocr_line' id='line_1_35' title="bbox 2051 1884 3630 1959; baseline 0.006 -22"><span class='ocrx_word' id='word_1_250' title='bbox 2051 1884 2148 1938; x_wconf 82' lang='grc' dir='ltr'>Ιιοο</span> <span class='ocrx_word' id='word_1_251' title='bbox 2168 1896 2249 1940; x_wconf 90' lang='lat' dir='ltr'><strong>cst</strong></span> <span class='ocrx_word' id='word_1_252' title='bbox 2289 1885 2487 1942; x_wconf 86' lang='lat' dir='ltr'><strong>Christi</strong></span> <span class='ocrx_word' id='word_1_253' title='bbox 2519 1907 2532 1944; x_wconf 93' lang='lat'><strong>:</strong></span> <span class='ocrx_word' id='word_1_254' title='bbox 2562 1889 2957 1947; x_wconf 74' lang='lat' dir='ltr'><strong>inaestimabilis</strong></span> <span class='ocrx_word' id='word_1_255' title='bbox 2979 1895 3122 1947; x_wconf 89' lang='lat' dir='ltr'><strong>enim</strong></span> <span class='ocrx_word' id='word_1_256' title='bbox 3148 1892 3270 1959; x_wconf 75' lang='lat' dir='ltr'><strong>fuit,</strong></span> <span class='ocrx_word' id='word_1_257' title='bbox 3301 1907 3355 1949; x_wconf 91' lang='lat' dir='ltr'><strong>et</strong></span> <span class='ocrx_word' id='word_1_258' title='bbox 3387 1897 3630 1950; x_wconf 78' lang='lat' dir='ltr'><strong>a-stima.</strong></span> 
     </span>
    </p>
   </div>
   <div class='ocr_carea' id='block_1_36' title="bbox 353 1951 1936 2030">
    <p class='ocr_par' dir='ltr' id='par_1_36' title="bbox 353 1951 1936 2030">
     <span class='ocr_line' id='line_1_36' title="bbox 353 1951 1936 2030; baseline 0.008 -25"><span class='ocrx_word' id='word_1_259' title='bbox 353 1953 625 2023; x_wconf 78' lang='grc' dir='ltr'>ἀτίμητος</span> <span class='ocrx_word' id='word_1_260' title='bbox 677 1957 777 2025; x_wconf 83' lang='grc' dir='ltr'>μὲν</span> <span class='ocrx_word' id='word_1_261' title='bbox 825 1958 932 2027; x_wconf 81' lang='grc' dir='ltr'><strong>γὰρ</strong></span> <span class='ocrx_word' id='word_1_262' title='bbox 971 1953 1069 2028; x_wconf 79' lang='grc' dir='ltr'>ἦν,</span> <span class='ocrx_word' id='word_1_263' title='bbox 1108 1960 1344 2030; x_wconf 80' lang='grc' dir='ltr'>ἐτιμήθη</span> <span class='ocrx_word' id='word_1_264' title='bbox 1393 1960 1450 2014; x_wconf 76' lang='grc' dir='ltr'>δὲ</span> <span class='ocrx_word' id='word_1_265' title='bbox 1483 1951 1610 2014; x_wconf 19' lang='grc' dir='ltr'>ἀπὸί</span> <span class='ocrx_word' id='word_1_266' title='bbox 1644 1963 1780 2016; x_wconf 79' lang='grc' dir='ltr'>υἱῶν</span> <span class='ocrx_word' id='word_1_267' title='bbox 1832 1965 1936 2016; x_wconf 82' lang='grc' dir='ltr'><strong>Ἰσ-</strong></span> 
     </span>
    </p>
   </div>
   <div class='ocr_carea' id='block_1_37' title="bbox 357 2045 1942 2124">
    <p class='ocr_par' dir='ltr' id='par_1_37' title="bbox 357 2045 1942 2124">
     <span class='ocr_line' id='line_1_37' title="bbox 357 2045 1942 2124; baseline 0.008 -28"><span class='ocrx_word' id='word_1_268' title='bbox 357 2045 524 2116; x_wconf 64' lang='grc' dir='ltr'>ραὴλ,</span> <span class='ocrx_word' id='word_1_269' title='bbox 575 2048 847 2111; x_wconf 73' lang='grc' dir='ltr'>τουτέστι,</span> <span class='ocrx_word' id='word_1_270' title='bbox 898 2050 995 2120; x_wconf 84' lang='grc' dir='ltr'><strong>τὴν</strong></span> <span class='ocrx_word' id='word_1_271' title='bbox 1045 2049 1218 2120; x_wconf 77' lang='grc' dir='ltr'>τιμὴν</span> <span class='ocrx_word' id='word_1_272' title='bbox 1265 2051 1432 2106; x_wconf 81' lang='grc' dir='ltr'>αὑτοῦ</span> <span class='ocrx_word' id='word_1_273' title='bbox 1491 2052 1727 2124; x_wconf 80' lang='grc' dir='ltr'>ἔστησαν</span> <span class='ocrx_word' id='word_1_274' title='bbox 1759 2056 1806 2108; x_wconf 79' lang='grc' dir='ltr'><strong>οἱ</strong></span> <span class='ocrx_word' id='word_1_275' title='bbox 1836 2055 1942 2109; x_wconf 78' lang='grc' dir='ltr'>υἱοὶ</span> 
     </span>
    </p>
   </div>
   <div class='ocr_carea' id='block_1_38' title="bbox 366 2137 1942 2218">
    <p class='ocr_par' dir='ltr' id='par_1_38' title="bbox 366 2137 1942 2218">
     <span class='ocr_line' id='line_1_38' title="bbox 366 2137 1942 2218; baseline 0.009 -30"><span class='ocrx_word' id='word_1_276' title='bbox 366 2137 612 2208; x_wconf 78' lang='grc' dir='ltr'>Ἰσραὴλ,</span> <span class='ocrx_word' id='word_1_277' title='bbox 639 2143 1102 2212; x_wconf 71' lang='grc' dir='ltr'>συμφωνήσαντες</span> <span class='ocrx_word' id='word_1_278' title='bbox 1125 2144 1202 2216; x_wconf 83' lang='grc' dir='ltr'>τῷ</span> <span class='ocrx_word' id='word_1_279' title='bbox 1239 2145 1410 2217; x_wconf 80' lang='grc' dir='ltr'>Ἰούδᾳ</span> <span class='ocrx_word' id='word_1_280' title='bbox 1438 2145 1620 2199; x_wconf 81' lang='grc' dir='ltr'>δοῦναι</span> <span class='ocrx_word' id='word_1_281' title='bbox 1647 2146 1942 2218; x_wconf 83' lang='grc' dir='ltr'>τριάκοντα</span> 
     </span>
    </p>
   </div>
   <div class='ocr_carea' id='block_1_39' title="bbox 351 2230 623 2301">
    <p class='ocr_par' dir='ltr' id='par_1_39' title="bbox 351 2230 623 2301">
     <span class='ocr_line' id='line_1_39' title="bbox 351 2230 623 2301; baseline 0.018 -19"><span class='ocrx_word' id='word_1_282' title='bbox 351 2230 623 2301; x_wconf 78' lang='grc' dir='ltr'>ἀργύρια.</span> 
     </span>
    </p>
   </div>
   <div class='ocr_carea' id='block_1_40' title="bbox 439 2327 1938 2406">
    <p class='ocr_par' dir='ltr' id='par_1_40' title="bbox 439 2327 1938 2406">
     <span class='ocr_line' id='line_1_40' title="bbox 439 2327 1938 2406; baseline 0.009 -29"><span class='ocrx_word' id='word_1_283' title='bbox 439 2343 460 2373; x_wconf 71' lang='grc' dir='ltr'><strong>ι</strong></span> <span class='ocrx_word' id='word_1_284' title='bbox 517 2327 576 2378; x_wconf 86' lang='grc' dir='ltr'><strong>Ὀ</strong></span> <span class='ocrx_word' id='word_1_285' title='bbox 605 2327 663 2380; x_wconf 74' lang='grc' dir='ltr'>δὲ</span> <span class='ocrx_word' id='word_1_286' title='bbox 709 2328 911 2400; x_wconf 81' lang='grc' dir='ltr'>Ἰησοῦς</span> <span class='ocrx_word' id='word_1_287' title='bbox 961 2330 1089 2402; x_wconf 81' lang='grc' dir='ltr'>ἔστη</span> <span class='ocrx_word' id='word_1_288' title='bbox 1136 2331 1446 2404; x_wconf 79' lang='grc' dir='ltr'>ἔμπροσθεν</span> <span class='ocrx_word' id='word_1_289' title='bbox 1497 2333 1591 2389; x_wconf 84' lang='grc' dir='ltr'>τοῦ</span> <span class='ocrx_word' id='word_1_290' title='bbox 1644 2335 1938 2406; x_wconf 76' lang='grc' dir='ltr'>ἡγεμόνος,</span> 
     </span>
    </p>
   </div>
   <div class='ocr_carea' id='block_1_41' title="bbox 353 2417 1942 2496">
    <p class='ocr_par' dir='ltr' id='par_1_41' title="bbox 353 2417 1942 2496">
     <span class='ocr_line' id='line_1_41' title="bbox 353 2417 1942 2496; baseline 0.007 -26"><span class='ocrx_word' id='word_1_291' title='bbox 353 2417 462 2470; x_wconf 75' lang='grc' dir='ltr'>καὶ</span> <span class='ocrx_word' id='word_1_292' title='bbox 505 2419 858 2490; x_wconf 71' lang='grc' dir='ltr'>ἐπηρώτησεν</span> <span class='ocrx_word' id='word_1_293' title='bbox 892 2424 1054 2476; x_wconf 78' lang='grc' dir='ltr'>αὑτὸν</span> <span class='ocrx_word' id='word_1_294' title='bbox 1090 2424 1120 2474; x_wconf 89' lang='grc' dir='ltr'><strong>ό</strong></span> <span class='ocrx_word' id='word_1_295' title='bbox 1171 2423 1418 2494; x_wconf 75' lang='grc' dir='ltr'>ἡγεμὼν,</span> <span class='ocrx_word' id='word_1_296' title='bbox 1468 2425 1642 2496; x_wconf 85' lang='grc' dir='ltr'>λέγων</span> <span class='ocrx_word' id='word_1_297' title='bbox 1671 2443 1686 2458; x_wconf 72' lang='grc' dir='ltr'><strong><em>ο</em></strong></span> <span class='ocrx_word' id='word_1_298' title='bbox 1717 2430 1790 2481; x_wconf 83' lang='grc' dir='ltr'><strong>Σὺ</strong></span> <span class='ocrx_word' id='word_1_299' title='bbox 1834 2423 1887 2481; x_wconf 79' lang='grc' dir='ltr'>εἷ</span> <span class='ocrx_word' id='word_1_300' title='bbox 1915 2429 1942 2480; x_wconf 84' lang='grc' dir='ltr'><strong>ό</strong></span> 
     </span>
    </p>
   </div>
   <div class='ocr_carea' id='block_1_42' title="bbox 351 2506 1942 2591">
    <p class='ocr_par' dir='ltr' id='par_1_42' title="bbox 351 2506 1942 2591">
     <span class='ocr_line' id='line_1_42' title="bbox 351 2506 1942 2591; baseline 0.009 -32"><span class='ocrx_word' id='word_1_301' title='bbox 351 2506 616 2577; x_wconf 73' lang='grc' dir='ltr'>βασιλεὺς</span> <span class='ocrx_word' id='word_1_302' title='bbox 639 2512 747 2564; x_wconf 75' lang='grc' dir='ltr'>τςῖιν</span> <span class='ocrx_word' id='word_1_303' title='bbox 789 2514 1088 2582; x_wconf 80' lang='grc' dir='ltr'>’1ουδαῑων;</span> <span class='ocrx_word' id='word_1_304' title='bbox 1125 2515 1182 2569; x_wconf 91' lang='lat'><strong>&#39;0</strong></span> <span class='ocrx_word' id='word_1_305' title='bbox 1209 2516 1264 2570; x_wconf 83' lang='grc' dir='ltr'>δὲ</span> <span class='ocrx_word' id='word_1_306' title='bbox 1297 2518 1500 2587; x_wconf 81' lang='grc' dir='ltr'>Ἰησοῦς</span> <span class='ocrx_word' id='word_1_307' title='bbox 1536 2518 1638 2591; x_wconf 77' lang='grc' dir='ltr'><strong>ἔφη</strong></span> <span class='ocrx_word' id='word_1_308' title='bbox 1669 2520 1839 2590; x_wconf 82' lang='grc' dir='ltr'>αύτῷ·</span> <span class='ocrx_word' id='word_1_309' title='bbox 1869 2521 1942 2574; x_wconf 85' lang='grc' dir='ltr'><strong>Σὺ</strong></span> 
     </span>
    </p>
   </div>
   <div class='ocr_carea' id='block_1_43' title="bbox 348 2600 1944 2679">
    <p class='ocr_par' dir='ltr' id='par_1_43' title="bbox 348 2600 1944 2679">
     <span class='ocr_line' id='line_1_43' title="bbox 348 2600 1944 2679; baseline 0.009 -27"><span class='ocrx_word' id='word_1_310' title='bbox 348 2600 563 2667; x_wconf 77' lang='grc' dir='ltr'>λέγεις.</span> <span class='ocrx_word' id='word_1_311' title='bbox 613 2605 724 2656; x_wconf 76' lang='grc' dir='ltr'>Καὶ</span> <span class='ocrx_word' id='word_1_312' title='bbox 766 2608 824 2658; x_wconf 86' lang='grc' dir='ltr'>ὲν</span> <span class='ocrx_word' id='word_1_313' title='bbox 871 2607 950 2676; x_wconf 83' lang='grc' dir='ltr'>τῷ</span> <span class='ocrx_word' id='word_1_314' title='bbox 1010 2609 1448 2679; x_wconf 81' lang='grc' dir='ltr'>κατηγορεῖσθαι</span> <span class='ocrx_word' id='word_1_315' title='bbox 1475 2612 1636 2664; x_wconf 78' lang='grc' dir='ltr'>αὑτὸν</span> <span class='ocrx_word' id='word_1_316' title='bbox 1685 2612 1789 2666; x_wconf 84' lang='grc' dir='ltr'>ὑπὸ</span> <span class='ocrx_word' id='word_1_317' title='bbox 1833 2613 1944 2666; x_wconf 84' lang='grc' dir='ltr'><strong>τῶν</strong></span> 
     </span>
    </p>
   </div>
   <div class='ocr_carea' id='block_1_44' title="bbox 351 2693 1940 2776">
    <p class='ocr_par' dir='ltr' id='par_1_44' title="bbox 351 2693 1940 2776">
     <span class='ocr_line' id='line_1_44' title="bbox 351 2693 1940 2776; baseline 0.01 -32"><span class='ocrx_word' id='word_1_318' title='bbox 351 2693 664 2763; x_wconf 82' lang='grc' dir='ltr'>ἀρχιερέων</span> <span class='ocrx_word' id='word_1_319' title='bbox 693 2698 787 2750; x_wconf 71' lang='grc' dir='ltr'><strong>καὶ</strong></span> <span class='ocrx_word' id='word_1_320' title='bbox 811 2698 919 2752; x_wconf 83' lang='grc' dir='ltr'><strong>τῶν</strong></span> <span class='ocrx_word' id='word_1_321' title='bbox 951 2700 1360 2772; x_wconf 87' lang='grc' dir='ltr'>πρεσϐυτέρων,</span> <span class='ocrx_word' id='word_1_322' title='bbox 1389 2703 1543 2755; x_wconf 78' lang='grc' dir='ltr'>οὐδὲν</span> <span class='ocrx_word' id='word_1_323' title='bbox 1587 2705 1940 2776; x_wconf 82' lang='grc' dir='ltr'>ἀπεκρίνατο.</span> 
     </span>
    </p>
   </div>
   <div class='ocr_carea' id='block_1_45' title="bbox 351 2785 1945 2860">
    <p class='ocr_par' dir='ltr' id='par_1_45' title="bbox 351 2785 1945 2860">
     <span class='ocr_line' id='line_1_45' title="bbox 351 2785 1945 2860; baseline 0.009 -24"><span class='ocrx_word' id='word_1_324' title='bbox 351 2785 499 2839; x_wconf 83' lang='grc' dir='ltr'>Τότε</span> <span class='ocrx_word' id='word_1_325' title='bbox 529 2786 672 2855; x_wconf 83' lang='grc' dir='ltr'>λέγει</span> <span class='ocrx_word' id='word_1_326' title='bbox 697 2789 845 2860; x_wconf 82' lang='grc' dir='ltr'>αύτῷ</span> <span class='ocrx_word' id='word_1_327' title='bbox 864 2793 891 2843; x_wconf 91' lang='grc' dir='ltr'>ὀ</span> <span class='ocrx_word' id='word_1_328' title='bbox 909 2791 1165 2856; x_wconf 79' lang='grc' dir='ltr'>Πιλάτος’</span> <span class='ocrx_word' id='word_1_329' title='bbox 1186 2794 1298 2846; x_wconf 85' lang='grc' dir='ltr'><strong>υύκ</strong></span> <span class='ocrx_word' id='word_1_330' title='bbox 1323 2795 1538 2858; x_wconf 76' lang='grc' dir='ltr'>ἀκούεις</span> <span class='ocrx_word' id='word_1_331' title='bbox 1553 2795 1694 2850; x_wconf 84' lang='grc' dir='ltr'>πόσα</span> <span class='ocrx_word' id='word_1_332' title='bbox 1726 2814 1818 2849; x_wconf 92' lang='grc' dir='ltr'><strong>σου</strong></span> <span class='ocrx_word' id='word_1_333' title='bbox 1846 2815 1945 2850; x_wconf 83' lang='grc' dir='ltr'>κα-</span> 
     </span>
    </p>
   </div>
   <div class='ocr_carea' id='block_1_46' title="bbox 346 2881 1945 2960">
    <p class='ocr_par' dir='ltr' id='par_1_46' title="bbox 346 2881 1945 2960">
     <span class='ocr_line' id='line_1_46' title="bbox 346 2881 1945 2960; baseline 0.008 -30"><span class='ocrx_word' id='word_1_334' title='bbox 346 2881 809 2950; x_wconf 74' lang='grc' dir='ltr'>ταμαρτυροῦσι;</span> <span class='ocrx_word' id='word_1_335' title='bbox 860 2886 970 2938; x_wconf 72' lang='grc' dir='ltr'>Καὶ</span> <span class='ocrx_word' id='word_1_336' title='bbox 1000 2886 1101 2938; x_wconf 79' lang='grc' dir='ltr'><strong>οὐκ</strong></span> <span class='ocrx_word' id='word_1_337' title='bbox 1150 2886 1423 2959; x_wconf 77' lang='grc' dir='ltr'>ἀπεκρίθη</span> <span class='ocrx_word' id='word_1_338' title='bbox 1462 2888 1612 2958; x_wconf 77' lang='grc' dir='ltr'>αύτῷ</span> <span class='ocrx_word' id='word_1_339' title='bbox 1651 2889 1786 2960; x_wconf 77' lang='grc' dir='ltr'>πρὸς</span> <span class='ocrx_word' id='word_1_340' title='bbox 1826 2889 1945 2943; x_wconf 73' lang='grc' dir='ltr'>οὐδὲ</span> 
     </span>
    </p>
   </div>
   <div class='ocr_carea' id='block_1_47' title="bbox 351 2967 1946 3048">
    <p class='ocr_par' dir='ltr' id='par_1_47' title="bbox 351 2967 1946 3048">
     <span class='ocr_line' id='line_1_47' title="bbox 351 2967 1946 3048; baseline 0.008 -28"><span class='ocrx_word' id='word_1_341' title='bbox 351 2967 425 3020; x_wconf 75' lang='grc' dir='ltr'>ἓν</span> <span class='ocrx_word' id='word_1_342' title='bbox 455 2969 604 3040; x_wconf 73' lang='grc' dir='ltr'>ῥῆμα</span> <span class='ocrx_word' id='word_1_343' title='bbox 625 2988 642 3002; x_wconf 77' lang='grc' dir='ltr'><strong>ο</strong></span> <span class='ocrx_word' id='word_1_344' title='bbox 672 2971 812 3026; x_wconf 81' lang='grc' dir='ltr'>ὥστε</span> <span class='ocrx_word' id='word_1_345' title='bbox 845 2973 1148 3044; x_wconf 77' lang='grc' dir='ltr'>θαυμάζειν</span> <span class='ocrx_word' id='word_1_346' title='bbox 1185 2979 1276 3031; x_wconf 79' lang='grc' dir='ltr'><strong>τὸν</strong></span> <span class='ocrx_word' id='word_1_347' title='bbox 1323 2979 1568 3048; x_wconf 79' lang='grc' dir='ltr'>ἡγεμόνα</span> <span class='ocrx_word' id='word_1_348' title='bbox 1601 2978 1740 3035; x_wconf 84' lang='grc' dir='ltr'>λίαν.</span> <span class='ocrx_word' id='word_1_349' title='bbox 1791 2999 1810 3032; x_wconf 81' lang='grc' dir='ltr'><strong>ι</strong></span> <span class='ocrx_word' id='word_1_350' title='bbox 1856 2980 1946 3044; x_wconf 84' lang='grc' dir='ltr'>Ὠς</span> 
     </span>
    </p>
   </div>
   <div class='ocr_carea' id='block_1_48' title="bbox 349 3060 1944 3142">
    <p class='ocr_par' dir='ltr' id='par_1_48' title="bbox 349 3060 1944 3142">
     <span class='ocr_line' id='line_1_48' title="bbox 349 3060 1944 3142; baseline 0.01 -31"><span class='ocrx_word' id='word_1_351' title='bbox 349 3060 460 3112; x_wconf 73' lang='grc' dir='ltr'><strong>ἐπὶ</strong></span> <span class='ocrx_word' id='word_1_352' title='bbox 497 3062 774 3130; x_wconf 78' lang='grc' dir='ltr'>δημοσίοις</span> <span class='ocrx_word' id='word_1_353' title='bbox 804 3067 1114 3138; x_wconf 79' lang='grc' dir='ltr'>ἐγκλήμασι</span> <span class='ocrx_word' id='word_1_354' title='bbox 1152 3071 1632 3142; x_wconf 82' lang='grc' dir='ltr'>κατηγορούμενος</span> <span class='ocrx_word' id='word_1_355' title='bbox 1668 3073 1944 3142; x_wconf 82' lang='grc' dir='ltr'>ἀπάγεται</span> 
     </span>
    </p>
   </div>
   <div class='ocr_carea' id='block_1_49' title="bbox 2051 1978 3630 2054">
    <p class='ocr_par' dir='ltr' id='par_1_49' title="bbox 2051 1978 3630 2054">
     <span class='ocr_line' id='line_1_49' title="bbox 2051 1978 3630 2054; baseline 0.007 -23"><span class='ocrx_word' id='word_1_356' title='bbox 2051 1986 2137 2031; x_wconf 91' lang='lat' dir='ltr'><strong>tus</strong></span> <span class='ocrx_word' id='word_1_357' title='bbox 2173 1985 2257 2032; x_wconf 88' lang='lat' dir='ltr'><strong>est</strong></span> <span class='ocrx_word' id='word_1_358' title='bbox 2291 1994 2316 2029; x_wconf 89' lang='lat' dir='ltr'><strong>a</strong></span> <span class='ocrx_word' id='word_1_359' title='bbox 2361 1978 2486 2034; x_wconf 86' lang='lat' dir='ltr'><strong>ﬁliis</strong></span> <span class='ocrx_word' id='word_1_360' title='bbox 2517 1979 2703 2048; x_wconf 89' lang='lat' dir='ltr'><strong>Israel,</strong></span> <span class='ocrx_word' id='word_1_361' title='bbox 2739 1983 2841 2038; x_wconf 90' lang='lat' dir='ltr'><strong>hoc</strong></span> <span class='ocrx_word' id='word_1_362' title='bbox 2868 1992 2973 2049; x_wconf 88' lang='lat' dir='ltr'><strong>est,</strong></span> <span class='ocrx_word' id='word_1_363' title='bbox 3015 1986 3251 2054; x_wconf 89' lang='lat' dir='ltr'><strong>pretium</strong></span> <span class='ocrx_word' id='word_1_364' title='bbox 3285 1986 3400 2054; x_wconf 86' lang='lat' dir='ltr'><strong>ejus</strong></span> <span class='ocrx_word' id='word_1_365' title='bbox 3422 1988 3630 2042; x_wconf 87' lang='lat' dir='ltr'><strong>consti-</strong></span> 
     </span>
    </p>
   </div>
   <div class='ocr_carea' id='block_1_50' title="bbox 2051 2072 3627 2146">
    <p class='ocr_par' dir='ltr' id='par_1_50' title="bbox 2051 2072 3627 2146">
     <span class='ocr_line' id='line_1_50' title="bbox 2051 2072 3627 2146; baseline 0.007 -23"><span class='ocrx_word' id='word_1_366' title='bbox 2051 2079 2265 2125; x_wconf 83' lang='lat' dir='ltr'><strong>tuerunt</strong></span> <span class='ocrx_word' id='word_1_367' title='bbox 2329 2072 2418 2126; x_wconf 83' lang='lat' dir='ltr'><strong>lilii</strong></span> <span class='ocrx_word' id='word_1_368' title='bbox 2469 2072 2656 2140; x_wconf 88' lang='lat' dir='ltr'><strong>Israel,</strong></span> <span class='ocrx_word' id='word_1_369' title='bbox 2703 2076 2845 2146; x_wconf 88' lang='lat' dir='ltr'><strong>pacti</strong></span> <span class='ocrx_word' id='word_1_370' title='bbox 2877 2092 2999 2133; x_wconf 87' lang='lat' dir='ltr'><strong>cum</strong></span> <span class='ocrx_word' id='word_1_371' title='bbox 3044 2075 3180 2132; x_wconf 84' lang='lat' dir='ltr'><strong>Juda</strong></span> <span class='ocrx_word' id='word_1_372' title='bbox 3226 2088 3283 2134; x_wconf 95' lang='lat' dir='ltr'><strong>ut</strong></span> <span class='ocrx_word' id='word_1_373' title='bbox 3325 2081 3518 2136; x_wconf 85' lang='lat' dir='ltr'><strong>darent</strong></span> <span class='ocrx_word' id='word_1_374' title='bbox 3551 2080 3627 2135; x_wconf 90' lang='lat' dir='ltr'><strong>illi</strong></span> 
     </span>
    </p>
   </div>
   <div class='ocr_carea' id='block_1_51' title="bbox 2049 2163 2596 2236">
    <p class='ocr_par' dir='ltr' id='par_1_51' title="bbox 2049 2163 2596 2236">
     <span class='ocr_line' id='line_1_51' title="bbox 2049 2163 2596 2236; baseline 0.002 -19"><span class='ocrx_word' id='word_1_375' title='bbox 2049 2163 2264 2233; x_wconf 82' lang='lat' dir='ltr'><strong>triginta</strong></span> <span class='ocrx_word' id='word_1_376' title='bbox 2293 2174 2596 2236; x_wconf 82' lang='lat' dir='ltr'><strong>argenteos.</strong></span> 
     </span>
    </p>
   </div>
   <div class='ocr_carea' id='block_1_52' title="bbox 2123 2343 3626 2423">
    <p class='ocr_par' dir='ltr' id='par_1_52' title="bbox 2123 2343 3626 2423">
     <span class='ocr_line' id='line_1_52' title="bbox 2123 2343 3626 2423; baseline 0.005 -24"><span class='ocrx_word' id='word_1_377' title='bbox 2123 2343 2286 2401; x_wconf 79' lang='lat' dir='ltr'><strong>Vens.</strong></span> <span class='ocrx_word' id='word_1_378' title='bbox 2308 2347 2495 2402; x_wconf 69' lang='lat' dir='ltr'><strong>ll-H.</strong></span> <span class='ocrx_word' id='word_1_379' title='bbox 2531 2365 2550 2401; x_wconf 81' lang='grc' dir='ltr'><strong>ι</strong></span> <span class='ocrx_word' id='word_1_380' title='bbox 2581 2347 2742 2406; x_wconf 79' lang='lat' dir='ltr'><strong>Jesus</strong></span> <span class='ocrx_word' id='word_1_381' title='bbox 2772 2360 2950 2407; x_wconf 83' lang='lat' dir='ltr'><strong>autem</strong></span> <span class='ocrx_word' id='word_1_382' title='bbox 2978 2353 3271 2407; x_wconf 86' lang='lat' dir='ltr'><strong>stctitante</strong></span> <span class='ocrx_word' id='word_1_383' title='bbox 3316 2353 3626 2423; x_wconf 85' lang='lat' dir='ltr'><strong>praesidem,</strong></span> 
     </span>
    </p>
   </div>
   <div class='ocr_carea' id='block_1_53' title="bbox 2049 2437 3627 2508">
    <p class='ocr_par' dir='ltr' id='par_1_53' title="bbox 2049 2437 3627 2508">
     <span class='ocr_line' id='line_1_53' title="bbox 2049 2437 3627 2508; baseline 0 -17"><span class='ocrx_word' id='word_1_384' title='bbox 2049 2445 2102 2491; x_wconf 84' lang='lat' dir='ltr'><strong>et</strong></span> <span class='ocrx_word' id='word_1_385' title='bbox 2129 2437 2482 2508; x_wconf 81' lang='lat' dir='ltr'><strong>interrogavit</strong></span> <span class='ocrx_word' id='word_1_386' title='bbox 2510 2453 2633 2493; x_wconf 91' lang='lat' dir='ltr'><strong>eum</strong></span> <span class='ocrx_word' id='word_1_387' title='bbox 2673 2456 2869 2508; x_wconf 66' lang='lat' dir='ltr'><strong>praeses</strong></span> <span class='ocrx_word' id='word_1_388' title='bbox 2903 2441 3088 2496; x_wconf 84' lang='lat' dir='ltr'><strong>dicens</strong></span> <span class='ocrx_word' id='word_1_389' title='bbox 3123 2459 3139 2498; x_wconf 90' lang='lat'><strong>:</strong></span> <span class='ocrx_word' id='word_1_390' title='bbox 3183 2442 3264 2496; x_wconf 91' lang='lat' dir='ltr'><strong>Tu</strong></span> <span class='ocrx_word' id='word_1_391' title='bbox 3297 2457 3356 2497; x_wconf 91' lang='lat' dir='ltr'><strong>es</strong></span> <span class='ocrx_word' id='word_1_392' title='bbox 3397 2458 3491 2498; x_wconf 82' lang='lat' dir='ltr'><strong>rex</strong></span> <span class='ocrx_word' id='word_1_393' title='bbox 3529 2442 3627 2497; x_wconf 70' lang='lat' dir='ltr'><strong>Ju,</strong></span> 
     </span>
    </p>
   </div>
   <div class='ocr_carea' id='block_1_54' title="bbox 2048 2528 3620 2590">
    <p class='ocr_par' dir='ltr' id='par_1_54' title="bbox 2048 2528 3620 2590">
     <span class='ocr_line' id='line_1_54' title="bbox 2048 2528 3620 2590; baseline 0.002 -7"><span class='ocrx_word' id='word_1_394' title='bbox 2048 2529 2328 2584; x_wconf 71' lang='lat' dir='ltr'><strong>decorum?</strong></span> <span class='ocrx_word' id='word_1_395' title='bbox 2355 2528 2496 2584; x_wconf 71' lang='grc' dir='ltr'>[ιιι-ιι</span> <span class='ocrx_word' id='word_1_396' title='bbox 2522 2531 2595 2584; x_wconf 94' lang='lat' dir='ltr'><strong>illi</strong></span> <span class='ocrx_word' id='word_1_397' title='bbox 2625 2530 2781 2586; x_wconf 81' lang='lat' dir='ltr'><strong>Jesus</strong></span> <span class='ocrx_word' id='word_1_398' title='bbox 2811 2550 2826 2586; x_wconf 92' lang='lat'><strong>:</strong></span> <span class='ocrx_word' id='word_1_399' title='bbox 2857 2531 2936 2586; x_wconf 92' lang='lat' dir='ltr'><strong>Tu</strong></span> <span class='ocrx_word' id='word_1_400' title='bbox 2964 2533 3119 2588; x_wconf 86' lang='lat' dir='ltr'><strong>dicis.</strong></span> <span class='ocrx_word' id='word_1_401' title='bbox 3145 2533 3211 2588; x_wconf 86' lang='lat' dir='ltr'><strong>Et</strong></span> <span class='ocrx_word' id='word_1_402' title='bbox 3241 2550 3364 2589; x_wconf 91' lang='lat' dir='ltr'><strong>cum</strong></span> <span class='ocrx_word' id='word_1_403' title='bbox 3388 2549 3620 2590; x_wconf 80' lang='lat' dir='ltr'><strong>accusa-</strong></span> 
     </span>
    </p>
   </div>
   <div class='ocr_carea' id='block_1_55' title="bbox 2053 2623 3627 2693">
    <p class='ocr_par' dir='ltr' id='par_1_55' title="bbox 2053 2623 3627 2693">
     <span class='ocr_line' id='line_1_55' title="bbox 2053 2623 3627 2693; baseline 0.006 -18"><span class='ocrx_word' id='word_1_404' title='bbox 2053 2630 2198 2676; x_wconf 91' lang='lat' dir='ltr'><strong>retur</strong></span> <span class='ocrx_word' id='word_1_405' title='bbox 2224 2637 2250 2674; x_wconf 89' lang='lat' dir='ltr'><strong>a</strong></span> <span class='ocrx_word' id='word_1_406' title='bbox 2286 2623 2616 2692; x_wconf 86' lang='lat' dir='ltr'><strong>principibus</strong></span> <span class='ocrx_word' id='word_1_407' title='bbox 2643 2625 3006 2690; x_wconf 86' lang='lat' dir='ltr'><strong>sacerdotum,</strong></span> <span class='ocrx_word' id='word_1_408' title='bbox 3045 2635 3101 2680; x_wconf 91' lang='lat' dir='ltr'><strong>et</strong></span> <span class='ocrx_word' id='word_1_409' title='bbox 3129 2627 3461 2693; x_wconf 85' lang='lat' dir='ltr'><strong>senioribus,</strong></span> <span class='ocrx_word' id='word_1_410' title='bbox 3491 2627 3627 2684; x_wconf 84' lang='lat' dir='ltr'><strong>nihil</strong></span> 
     </span>
    </p>
   </div>
   <div class='ocr_carea' id='block_1_56' title="bbox 2052 2713 3623 2787">
    <p class='ocr_par' dir='ltr' id='par_1_56' title="bbox 2052 2713 3623 2787">
     <span class='ocr_line' id='line_1_56' title="bbox 2052 2713 3623 2787; baseline 0.002 -20"><span class='ocrx_word' id='word_1_411' title='bbox 2052 2715 2348 2783; x_wconf 78' lang='lat' dir='ltr'><strong>reSpondit.</strong></span> <span class='ocrx_word' id='word_1_412' title='bbox 2383 2713 2540 2768; x_wconf 87' lang='lat' dir='ltr'><strong>Tunc</strong></span> <span class='ocrx_word' id='word_1_413' title='bbox 2580 2714 2709 2768; x_wconf 87' lang='lat' dir='ltr'><strong>dicit</strong></span> <span class='ocrx_word' id='word_1_414' title='bbox 2742 2715 2816 2769; x_wconf 91' lang='lat' dir='ltr'><strong>illi</strong></span> <span class='ocrx_word' id='word_1_415' title='bbox 2856 2715 3096 2772; x_wconf 88' lang='lat' dir='ltr'><strong>Pilatus:</strong></span> <span class='ocrx_word' id='word_1_416' title='bbox 3130 2714 3244 2770; x_wconf 83' lang='lat' dir='ltr'><strong>Non</strong></span> <span class='ocrx_word' id='word_1_417' title='bbox 3272 2717 3430 2773; x_wconf 87' lang='lat' dir='ltr'><strong>audis</strong></span> <span class='ocrx_word' id='word_1_418' title='bbox 3462 2731 3623 2787; x_wconf 84' lang='lat' dir='ltr'><strong>quam</strong></span> 
     </span>
    </p>
   </div>
   <div class='ocr_carea' id='block_1_57' title="bbox 2051 2807 3628 2880">
    <p class='ocr_par' dir='ltr' id='par_1_57' title="bbox 2051 2807 3628 2880">
     <span class='ocr_line' id='line_1_57' title="bbox 2051 2807 3628 2880; baseline -0.001 -20"><span class='ocrx_word' id='word_1_419' title='bbox 2051 2807 2216 2861; x_wconf 90' lang='lat' dir='ltr'><strong>multa</strong></span> <span class='ocrx_word' id='word_1_420' title='bbox 2241 2807 2500 2861; x_wconf 87' lang='lat' dir='ltr'><strong>adversus</strong></span> <span class='ocrx_word' id='word_1_421' title='bbox 2523 2814 2576 2860; x_wconf 91' lang='lat' dir='ltr'><strong>te</strong></span> <span class='ocrx_word' id='word_1_422' title='bbox 2603 2807 2784 2861; x_wconf 90' lang='lat' dir='ltr'><strong>dicant</strong></span> <span class='ocrx_word' id='word_1_423' title='bbox 2811 2807 3151 2862; x_wconf 73' lang='lat' dir='ltr'><strong>testimonia?</strong></span> <span class='ocrx_word' id='word_1_424' title='bbox 3183 2807 3247 2861; x_wconf 86' lang='lat' dir='ltr'><strong>Et</strong></span> <span class='ocrx_word' id='word_1_425' title='bbox 3269 2822 3374 2862; x_wconf 89' lang='lat' dir='ltr'><strong>non</strong></span> <span class='ocrx_word' id='word_1_426' title='bbox 3407 2822 3628 2880; x_wconf 81' lang='lat' dir='ltr'><strong>respou.</strong></span> 
     </span>
    </p>
   </div>
   <div class='ocr_carea' id='block_1_58' title="bbox 2051 2898 3628 2966">
    <p class='ocr_par' dir='ltr' id='par_1_58' title="bbox 2051 2898 3628 2966">
     <span class='ocr_line' id='line_1_58' title="bbox 2051 2898 3628 2966; baseline 0.003 -18"><span class='ocrx_word' id='word_1_427' title='bbox 2051 2898 2196 2952; x_wconf 91' lang='lat' dir='ltr'><strong>ditei</strong></span> <span class='ocrx_word' id='word_1_428' title='bbox 2233 2898 2298 2951; x_wconf 89' lang='lat' dir='ltr'><strong>ad</strong></span> <span class='ocrx_word' id='word_1_429' title='bbox 2326 2898 2489 2952; x_wconf 90' lang='lat' dir='ltr'><strong>ullum</strong></span> <span class='ocrx_word' id='word_1_430' title='bbox 2520 2898 2762 2963; x_wconf 80' lang='lat' dir='ltr'><strong>verbum,</strong></span> <span class='ocrx_word' id='word_1_431' title='bbox 2797 2899 2869 2952; x_wconf 89' lang='lat' dir='ltr'><strong>ita</strong></span> <span class='ocrx_word' id='word_1_432' title='bbox 2893 2907 2949 2952; x_wconf 90' lang='lat' dir='ltr'><strong>ut</strong></span> <span class='ocrx_word' id='word_1_433' title='bbox 2975 2898 3265 2953; x_wconf 85' lang='lat' dir='ltr'><strong>miraretur</strong></span> <span class='ocrx_word' id='word_1_434' title='bbox 3295 2915 3494 2966; x_wconf 68' lang='lat' dir='ltr'><strong>prmses</strong></span> <span class='ocrx_word' id='word_1_435' title='bbox 3530 2914 3628 2954; x_wconf 82' lang='lat' dir='ltr'><strong>ve-</strong></span> 
     </span>
    </p>
   </div>
   <div class='ocr_carea' id='block_1_59' title="bbox 2053 2989 3628 3059">
    <p class='ocr_par' dir='ltr' id='par_1_59' title="bbox 2053 2989 3628 3059">
     <span class='ocr_line' id='line_1_59' title="bbox 2053 2989 3628 3059; baseline -0.002 -14"><span class='ocrx_word' id='word_1_436' title='bbox 2053 2991 2352 3045; x_wconf 83' lang='lat' dir='ltr'><strong>hementer.</strong></span> <span class='ocrx_word' id='word_1_437' title='bbox 2388 3008 2406 3042; x_wconf 85' lang='grc' dir='ltr'><strong>ι</strong></span> <span class='ocrx_word' id='word_1_438' title='bbox 2445 2991 2608 3058; x_wconf 86' lang='lat' dir='ltr'><strong>Quasi</strong></span> <span class='ocrx_word' id='word_1_439' title='bbox 2649 2989 2958 3059; x_wconf 87' lang='lat' dir='ltr'><strong>capitalium</strong></span> <span class='ocrx_word' id='word_1_440' title='bbox 2999 2991 3288 3047; x_wconf 90' lang='lat' dir='ltr'><strong>criminum</strong></span> <span class='ocrx_word' id='word_1_441' title='bbox 3325 3007 3452 3047; x_wconf 87' lang='lat' dir='ltr'><strong>reus</strong></span> <span class='ocrx_word' id='word_1_442' title='bbox 3481 2993 3628 3048; x_wconf 73' lang='lat' dir='ltr'><strong>sisti.</strong></span> 
     </span>
    </p>
   </div>
   <div class='ocr_carea' id='block_1_60' title="bbox 2054 3081 3626 3156">
    <p class='ocr_par' dir='ltr' id='par_1_60' title="bbox 2054 3081 3626 3156">
     <span class='ocr_line' id='line_1_60' title="bbox 2054 3081 3626 3156; baseline -0.001 -21"><span class='ocrx_word' id='word_1_443' title='bbox 2054 3092 2141 3136; x_wconf 83' lang='lat' dir='ltr'><strong>tur</strong></span> <span class='ocrx_word' id='word_1_444' title='bbox 2167 3081 2362 3146; x_wconf 88' lang='lat' dir='ltr'><strong>Pilato,</strong></span> <span class='ocrx_word' id='word_1_445' title='bbox 2394 3092 2449 3138; x_wconf 89' lang='lat' dir='ltr'><strong>et</strong></span> <span class='ocrx_word' id='word_1_446' title='bbox 2483 3083 2849 3151; x_wconf 78' lang='lat' dir='ltr'><strong>interrogatur</strong></span> <span class='ocrx_word' id='word_1_447' title='bbox 2873 3097 2998 3136; x_wconf 89' lang='lat' dir='ltr'><strong>num</strong></span> <span class='ocrx_word' id='word_1_448' title='bbox 3044 3082 3323 3150; x_wconf 83' lang='lat' dir='ltr'><strong>invaserit,</strong></span> <span class='ocrx_word' id='word_1_449' title='bbox 3347 3093 3402 3138; x_wconf 93' lang='lat' dir='ltr'><strong>et</strong></span> <span class='ocrx_word' id='word_1_450' title='bbox 3433 3086 3626 3156; x_wconf 63' lang='lat' dir='ltr'><strong>conju.</strong></span> 
     </span>
    </p>
   </div>
   <div class='ocr_carea' id='block_1_61' title="bbox 353 3152 1941 3244">
    <p class='ocr_par' dir='ltr' id='par_1_61' title="bbox 353 3152 1941 3232">
     <span class='ocr_line' id='line_1_61' title="bbox 353 3152 1941 3232; baseline 0.006 -24"><span class='ocrx_word' id='word_1_451' title='bbox 353 3152 500 3222; x_wconf 74' lang='grc' dir='ltr'>πρὸς</span> <span class='ocrx_word' id='word_1_452' title='bbox 543 3155 795 3222; x_wconf 77' lang='grc' dir='ltr'>Πιλᾶτον,</span> <span class='ocrx_word' id='word_1_453' title='bbox 822 3158 945 3211; x_wconf 77' lang='grc' dir='ltr'>ὅθεν</span> <span class='ocrx_word' id='word_1_454' title='bbox 985 3161 1079 3213; x_wconf 80' lang='grc' dir='ltr'>καὶ</span> <span class='ocrx_word' id='word_1_455' title='bbox 1122 3162 1303 3232; x_wconf 78' lang='grc' dir='ltr'>ἐρωτᾷ</span> <span class='ocrx_word' id='word_1_456' title='bbox 1351 3163 1514 3215; x_wconf 81' lang='grc' dir='ltr'>αὑτὸν</span> <span class='ocrx_word' id='word_1_457' title='bbox 1547 3165 1593 3216; x_wconf 73' lang='grc' dir='ltr'><strong>εί</strong></span> <span class='ocrx_word' id='word_1_458' title='bbox 1643 3164 1941 3218; x_wconf 77' lang='grc' dir='ltr'>ἐπεϐάλετο</span> 
     </span>
    </p>
   </div>
   <div class='ocr_carea' id='block_1_62' title="bbox 2051 3152 3624 3244">
    <p class='ocr_par' dir='ltr' id='par_1_62' title="bbox 2055 3152 3624 3244">
     <span class='ocr_line' id='line_1_62' title="bbox 2055 3152 3624 3244; baseline 0.001 -16"><span class='ocrx_word' id='word_1_459' title='bbox 2055 3177 2276 3238; x_wconf 81' lang='lat' dir='ltr'><strong>raverit,</strong></span> <span class='ocrx_word' id='word_1_460' title='bbox 2300 3184 2352 3228; x_wconf 89' lang='lat' dir='ltr'><strong>et</strong></span> <span class='ocrx_word' id='word_1_461' title='bbox 2383 3176 2664 3228; x_wconf 85' lang='lat' dir='ltr'><strong>attentarit</strong></span> <span class='ocrx_word' id='word_1_462' title='bbox 2694 3187 2921 3244; x_wconf 88' lang='lat' dir='ltr'><strong>regnare</strong></span> <span class='ocrx_word' id='word_1_463' title='bbox 2959 3172 3180 3228; x_wconf 70' lang='lat' dir='ltr'><strong>Judaeis.</strong></span> <span class='ocrx_word' id='word_1_464' title='bbox 3241 3173 3398 3229; x_wconf 82' lang='lat' dir='ltr'><strong>Jesus</strong></span> <span class='ocrx_word' id='word_1_465' title='bbox 3443 3152 3624 3230; x_wconf 78' lang='lat' dir='ltr'><strong>autem</strong></span> 
     </span>
    </p>
   </div>
   <div class='ocr_carea' id='block_1_63' title="bbox 352 3226 1941 3333">
    <p class='ocr_par' dir='ltr' id='par_1_63' title="bbox 352 3245 1939 3323">
     <span class='ocr_line' id='line_1_63' title="bbox 352 3245 1939 3323; baseline 0.009 -27"><span class='ocrx_word' id='word_1_466' title='bbox 352 3245 649 3316; x_wconf 75' lang='grc' dir='ltr'>ἀνταρσία,</span> <span class='ocrx_word' id='word_1_467' title='bbox 681 3251 774 3300; x_wconf 70' lang='grc' dir='ltr'><strong>καὶ</strong></span> <span class='ocrx_word' id='word_1_468' title='bbox 792 3251 1116 3321; x_wconf 77' lang='grc' dir='ltr'>ἐπεχείρησε</span> <span class='ocrx_word' id='word_1_469' title='bbox 1146 3253 1466 3323; x_wconf 77' lang='grc' dir='ltr'>βασιλεῦσαι</span> <span class='ocrx_word' id='word_1_470' title='bbox 1495 3255 1604 3307; x_wconf 84' lang='grc' dir='ltr'><strong>τῶν</strong></span> <span class='ocrx_word' id='word_1_471' title='bbox 1645 3256 1939 3311; x_wconf 76' lang='grc' dir='ltr'>Ἰουδαίων.</span> 
     </span>
    </p>
   </div>
   <div class='ocr_carea' id='block_1_64' title="bbox 2051 3226 3623 3333">
    <p class='ocr_par' dir='ltr' id='par_1_64' title="bbox 2052 3226 3623 3333">
     <span class='ocr_line' id='line_1_64' title="bbox 2052 3226 3623 3333; baseline 0 -15"><span class='ocrx_word' id='word_1_472' title='bbox 2052 3266 2187 3319; x_wconf 79' lang='lat' dir='ltr'><strong>dixit</strong></span> <span class='ocrx_word' id='word_1_473' title='bbox 2227 3265 2299 3318; x_wconf 95' lang='lat' dir='ltr'><strong>illi</strong></span> <span class='ocrx_word' id='word_1_474' title='bbox 2341 3283 2355 3320; x_wconf 89' lang='lat'><strong>:</strong></span> <span class='ocrx_word' id='word_1_475' title='bbox 2388 3263 2467 3318; x_wconf 84' lang='lat' dir='ltr'><strong>Tu</strong></span> <span class='ocrx_word' id='word_1_476' title='bbox 2503 3264 2638 3319; x_wconf 90' lang='lat' dir='ltr'><strong>dicis</strong></span> <span class='ocrx_word' id='word_1_477' title='bbox 2685 3282 2701 3319; x_wconf 91' lang='lat'><strong>:</strong></span> <span class='ocrx_word' id='word_1_478' title='bbox 2747 3226 3153 3332; x_wconf 50' lang='lat' dir='ltr'><strong>sapientissimo</strong></span> <span class='ocrx_word' id='word_1_479' title='bbox 3184 3279 3447 3333; x_wconf 88' lang='lat' dir='ltr'><strong>responso</strong></span> <span class='ocrx_word' id='word_1_480' title='bbox 3476 3266 3623 3325; x_wconf 87' lang='lat' dir='ltr'><strong>dato.</strong></span> 
     </span>
    </p>
   </div>
   <div class='ocr_carea' id='block_1_65' title="bbox 368 3336 1944 3416">
    <p class='ocr_par' dir='ltr' id='par_1_65' title="bbox 368 3336 1944 3416">
     <span class='ocr_line' id='line_1_65' title="bbox 368 3336 1944 3416; baseline 0.007 -27"><span class='ocrx_word' id='word_1_481' title='bbox 368 3336 437 3388; x_wconf 84' lang='grc' dir='ltr'>ὐ</span> <span class='ocrx_word' id='word_1_482' title='bbox 463 3337 519 3391; x_wconf 83' lang='grc' dir='ltr'>δὲ</span> <span class='ocrx_word' id='word_1_483' title='bbox 566 3340 772 3407; x_wconf 81' lang='grc' dir='ltr'>Ἰησοῦς</span> <span class='ocrx_word' id='word_1_484' title='bbox 802 3341 903 3409; x_wconf 76' lang='grc' dir='ltr'><strong>ἔφη</strong></span> <span class='ocrx_word' id='word_1_485' title='bbox 939 3344 1088 3413; x_wconf 82' lang='grc' dir='ltr'>αύτῷ</span> <span class='ocrx_word' id='word_1_486' title='bbox 1115 3359 1130 3372; x_wconf 90' lang='grc'><strong>·</strong></span> <span class='ocrx_word' id='word_1_487' title='bbox 1157 3346 1228 3396; x_wconf 82' lang='grc' dir='ltr'><strong>Σὺ</strong></span> <span class='ocrx_word' id='word_1_488' title='bbox 1259 3345 1440 3413; x_wconf 81' lang='grc' dir='ltr'>λέγεις</span> <span class='ocrx_word' id='word_1_489' title='bbox 1459 3364 1472 3376; x_wconf 66' lang='grc'><strong><em>³</em></strong></span> <span class='ocrx_word' id='word_1_490' title='bbox 1501 3347 1792 3416; x_wconf 75' lang='grc' dir='ltr'>ἀπόκρισιν</span> <span class='ocrx_word' id='word_1_491' title='bbox 1819 3348 1944 3410; x_wconf 74' lang='grc' dir='ltr'>δοὺς</span> 
     </span>
    </p>
   </div>
   <div class='ocr_carea' id='block_1_66' title="bbox 356 3429 1945 3508">
    <p class='ocr_par' dir='ltr' id='par_1_66' title="bbox 356 3429 1945 3508">
     <span class='ocr_line' id='line_1_66' title="bbox 356 3429 1945 3508; baseline 0.006 -27"><span class='ocrx_word' id='word_1_492' title='bbox 356 3429 516 3500; x_wconf 80' lang='grc' dir='ltr'>αὐτῷ</span> <span class='ocrx_word' id='word_1_493' title='bbox 547 3434 910 3504; x_wconf 71' lang='grc' dir='ltr'>σοφωτάτην·</span> <span class='ocrx_word' id='word_1_494' title='bbox 948 3435 1073 3489; x_wconf 75' lang='grc' dir='ltr'>οὔτε</span> <span class='ocrx_word' id='word_1_495' title='bbox 1132 3438 1242 3508; x_wconf 76' lang='grc' dir='ltr'>γὰρ</span> <span class='ocrx_word' id='word_1_496' title='bbox 1295 3435 1470 3505; x_wconf 82' lang='grc' dir='ltr'>εἶπεν,</span> <span class='ocrx_word' id='word_1_497' title='bbox 1525 3439 1608 3491; x_wconf 81' lang='grc' dir='ltr'>ὅτι</span> <span class='ocrx_word' id='word_1_498' title='bbox 1646 3439 1759 3492; x_wconf 76' lang='grc' dir='ltr'>Οὐκ</span> <span class='ocrx_word' id='word_1_499' title='bbox 1809 3440 1945 3508; x_wconf 72' lang='grc' dir='ltr'>εἰμὶ,</span> 
     </span>
    </p>
   </div>
   <div class='ocr_carea' id='block_1_67' title="bbox 355 3520 1943 3601">
    <p class='ocr_par' dir='ltr' id='par_1_67' title="bbox 355 3520 1943 3601">
     <span class='ocr_line' id='line_1_67' title="bbox 355 3520 1943 3601; baseline 0.006 -27"><span class='ocrx_word' id='word_1_500' title='bbox 355 3520 491 3576; x_wconf 69' lang='grc' dir='ltr'>οὔτε</span> <span class='ocrx_word' id='word_1_501' title='bbox 521 3524 702 3588; x_wconf 79' lang='grc' dir='ltr'>πάλιν,</span> <span class='ocrx_word' id='word_1_502' title='bbox 731 3529 812 3579; x_wconf 80' lang='grc' dir='ltr'><strong>ὅτι</strong></span> <span class='ocrx_word' id='word_1_503' title='bbox 846 3529 996 3599; x_wconf 74' lang='grc' dir='ltr'>Εξμί.</span> <span class='ocrx_word' id='word_1_504' title='bbox 1042 3529 1203 3588; x_wconf 73' lang='grc' dir='ltr'>Ἀλλὰ</span> <span class='ocrx_word' id='word_1_505' title='bbox 1234 3532 1411 3599; x_wconf 82' lang='grc' dir='ltr'>μέσως</span> <span class='ocrx_word' id='word_1_506' title='bbox 1442 3548 1557 3593; x_wconf 81' lang='grc' dir='ltr'><strong>πως</strong></span> <span class='ocrx_word' id='word_1_507' title='bbox 1592 3530 1718 3601; x_wconf 74' lang='grc' dir='ltr'><strong>ἔφη·</strong></span> <span class='ocrx_word' id='word_1_508' title='bbox 1754 3532 1826 3584; x_wconf 77' lang='grc' dir='ltr'><strong>Σὺ</strong></span> <span class='ocrx_word' id='word_1_509' title='bbox 1856 3532 1943 3584; x_wconf 84' lang='grc' dir='ltr'>λέ-</span> 
     </span>
    </p>
   </div>
   <div class='ocr_carea' id='block_1_68' title="bbox 357 3617 1948 3695">
    <p class='ocr_par' dir='ltr' id='par_1_68' title="bbox 357 3617 1948 3695">
     <span class='ocr_line' id='line_1_68' title="bbox 357 3617 1948 3695; baseline 0.006 -27"><span class='ocrx_word' id='word_1_510' title='bbox 357 3632 513 3684; x_wconf 85' lang='grc' dir='ltr'>γεις.</span> <span class='ocrx_word' id='word_1_511' title='bbox 545 3617 716 3672; x_wconf 81' lang='grc' dir='ltr'>Τοῦτο</span> <span class='ocrx_word' id='word_1_512' title='bbox 741 3619 847 3691; x_wconf 84' lang='grc' dir='ltr'>γὰρ</span> <span class='ocrx_word' id='word_1_513' title='bbox 863 3620 1082 3674; x_wconf 78' lang='grc' dir='ltr'>δύναται</span> <span class='ocrx_word' id='word_1_514' title='bbox 1109 3625 1204 3677; x_wconf 74' lang='grc' dir='ltr'>καὶ</span> <span class='ocrx_word' id='word_1_515' title='bbox 1229 3623 1369 3677; x_wconf 74' lang='grc' dir='ltr'>οὕτω</span> <span class='ocrx_word' id='word_1_516' title='bbox 1399 3625 1681 3694; x_wconf 79' lang='grc' dir='ltr'>νοηθῆναι,</span> <span class='ocrx_word' id='word_1_517' title='bbox 1703 3626 1785 3677; x_wconf 83' lang='grc' dir='ltr'><strong>ὅτι</strong></span> <span class='ocrx_word' id='word_1_518' title='bbox 1815 3626 1948 3695; x_wconf 78' lang='grc' dir='ltr'><strong>Εἰμὶ</strong></span> 
     </span>
    </p>
   </div>
   <div class='ocr_carea' id='block_1_69' title="bbox 361 3707 1944 3786">
    <p class='ocr_par' dir='ltr' id='par_1_69' title="bbox 361 3707 1944 3786">
     <span class='ocr_line' id='line_1_69' title="bbox 361 3707 1944 3786; baseline 0.008 -27"><span class='ocrx_word' id='word_1_519' title='bbox 361 3707 548 3771; x_wconf 82' lang='grc' dir='ltr'>καθὼς</span> <span class='ocrx_word' id='word_1_520' title='bbox 569 3707 768 3777; x_wconf 84' lang='grc' dir='ltr'><strong>λέγεις⁹</strong></span> <span class='ocrx_word' id='word_1_521' title='bbox 793 3712 887 3764; x_wconf 80' lang='grc' dir='ltr'>καὶ</span> <span class='ocrx_word' id='word_1_522' title='bbox 905 3712 1098 3778; x_wconf 76' lang='grc' dir='ltr'>οὕτως,</span> <span class='ocrx_word' id='word_1_523' title='bbox 1119 3716 1198 3767; x_wconf 85' lang='grc' dir='ltr'><strong>ὅτι</strong></span> <span class='ocrx_word' id='word_1_524' title='bbox 1233 3715 1374 3783; x_wconf 84' lang='grc' dir='ltr'>Ἐγὼ</span> <span class='ocrx_word' id='word_1_525' title='bbox 1399 3717 1500 3786; x_wconf 83' lang='grc' dir='ltr'><strong>μὲν</strong></span> <span class='ocrx_word' id='word_1_526' title='bbox 1521 3717 1677 3769; x_wconf 81' lang='grc' dir='ltr'>τοῦτο</span> <span class='ocrx_word' id='word_1_527' title='bbox 1701 3719 1762 3770; x_wconf 80' lang='grc' dir='ltr'>οὐ</span> <span class='ocrx_word' id='word_1_528' title='bbox 1781 3718 1944 3785; x_wconf 82' lang='grc' dir='ltr'>λέγω,</span> 
     </span>
    </p>
   </div>
   <div class='ocr_carea' id='block_1_70' title="bbox 363 3798 1948 3880">
    <p class='ocr_par' dir='ltr' id='par_1_70' title="bbox 363 3798 1948 3880">
     <span class='ocr_line' id='line_1_70' title="bbox 363 3798 1948 3880; baseline 0.009 -30"><span class='ocrx_word' id='word_1_529' title='bbox 363 3798 435 3850; x_wconf 76' lang='grc' dir='ltr'><strong>σὺ</strong></span> <span class='ocrx_word' id='word_1_530' title='bbox 473 3799 541 3858; x_wconf 77' lang='grc' dir='ltr'>δὲ,</span> <span class='ocrx_word' id='word_1_531' title='bbox 588 3801 802 3870; x_wconf 84' lang='grc' dir='ltr'>λέγεις’</span> <span class='ocrx_word' id='word_1_532' title='bbox 846 3803 973 3860; x_wconf 80' lang='grc' dir='ltr'>ἄλλο</span> <span class='ocrx_word' id='word_1_533' title='bbox 1007 3807 1190 3876; x_wconf 85' lang='grc' dir='ltr'>μέντοι</span> <span class='ocrx_word' id='word_1_534' title='bbox 1233 3808 1382 3862; x_wconf 78' lang='grc' dir='ltr'>οὐδὲν</span> <span class='ocrx_word' id='word_1_535' title='bbox 1426 3810 1786 3879; x_wconf 84' lang='grc' dir='ltr'>ἀπεκρίνατο·</span> <span class='ocrx_word' id='word_1_536' title='bbox 1831 3811 1948 3880; x_wconf 73' lang='grc' dir='ltr'>ᾔδει</span> 
     </span>
    </p>
   </div>
   <div class='ocr_carea' id='block_1_71' title="bbox 360 3890 1947 3971">
    <p class='ocr_par' dir='ltr' id='par_1_71' title="bbox 360 3890 1947 3971">
     <span class='ocr_line' id='line_1_71' title="bbox 360 3890 1947 3971; baseline 0.006 -26"><span class='ocrx_word' id='word_1_537' title='bbox 360 3890 475 3961; x_wconf 81' lang='grc' dir='ltr'>γὰρ</span> <span class='ocrx_word' id='word_1_538' title='bbox 515 3893 576 3947; x_wconf 79' lang='grc' dir='ltr'>τὸ</span> <span class='ocrx_word' id='word_1_539' title='bbox 609 3896 892 3966; x_wconf 85' lang='grc' dir='ltr'>κριτήριον</span> <span class='ocrx_word' id='word_1_540' title='bbox 927 3898 1001 3968; x_wconf 84' lang='grc' dir='ltr'>μὴ</span> <span class='ocrx_word' id='word_1_541' title='bbox 1047 3899 1368 3969; x_wconf 82' lang='grc' dir='ltr'>κατὰλόγον</span> <span class='ocrx_word' id='word_1_542' title='bbox 1400 3901 1716 3971; x_wconf 74' lang='grc' dir='ltr'>προϐαῖνον.</span> <span class='ocrx_word' id='word_1_543' title='bbox 1752 3903 1947 3954; x_wconf 82' lang='grc' dir='ltr'>Ἐθαύ-</span> 
     </span>
    </p>
   </div>
   <div class='ocr_carea' id='block_1_72' title="bbox 366 3982 1944 4063">
    <p class='ocr_par' dir='ltr' id='par_1_72' title="bbox 366 3982 1944 4063">
     <span class='ocr_line' id='line_1_72' title="bbox 366 3982 1944 4063; baseline 0.008 -27"><span class='ocrx_word' id='word_1_544' title='bbox 366 3982 540 4054; x_wconf 80' lang='grc' dir='ltr'>μαζεν</span> <span class='ocrx_word' id='word_1_545' title='bbox 567 3985 660 4040; x_wconf 81' lang='grc' dir='ltr'><strong>οὖν</strong></span> <span class='ocrx_word' id='word_1_546' title='bbox 685 3989 714 4041; x_wconf 77' lang='grc' dir='ltr'><strong><em>ὁ</em></strong></span> <span class='ocrx_word' id='word_1_547' title='bbox 743 3990 973 4054; x_wconf 87' lang='grc' dir='ltr'>Πιλάτος</span> <span class='ocrx_word' id='word_1_548' title='bbox 1002 3992 1094 4044; x_wconf 81' lang='grc' dir='ltr'><strong>τὸν</strong></span> <span class='ocrx_word' id='word_1_549' title='bbox 1141 3992 1368 4063; x_wconf 83' lang='grc' dir='ltr'>Κύριον,</span> <span class='ocrx_word' id='word_1_550' title='bbox 1406 3993 1521 4063; x_wconf 80' lang='grc' dir='ltr'>ἅμα</span> <span class='ocrx_word' id='word_1_551' title='bbox 1555 3994 1654 4063; x_wconf 80' lang='grc' dir='ltr'>μὲν</span> <span class='ocrx_word' id='word_1_552' title='bbox 1679 3993 1755 4058; x_wconf 84' lang='grc' dir='ltr'>ὡς</span> <span class='ocrx_word' id='word_1_553' title='bbox 1774 4012 1944 4048; x_wconf 87' lang='grc' dir='ltr'>κατα-</span> 
     </span>
    </p>
   </div>
   <div class='ocr_carea' id='block_1_73' title="bbox 361 4078 1948 4159">
    <p class='ocr_par' dir='ltr' id='par_1_73' title="bbox 361 4078 1948 4159">
     <span class='ocr_line' id='line_1_73' title="bbox 361 4078 1948 4159; baseline 0.008 -30"><span class='ocrx_word' id='word_1_554' title='bbox 361 4078 670 4146; x_wconf 77' lang='grc' dir='ltr'>φρονοῦντα</span> <span class='ocrx_word' id='word_1_555' title='bbox 693 4079 954 4147; x_wconf 73' lang='grc' dir='ltr'>θανέιτον,</span> <span class='ocrx_word' id='word_1_556' title='bbox 987 4082 1104 4152; x_wconf 77' lang='grc' dir='ltr'><strong>ἅμα</strong></span> <span class='ocrx_word' id='word_1_557' title='bbox 1131 4083 1186 4136; x_wconf 87' lang='grc' dir='ltr'>δὲ</span> <span class='ocrx_word' id='word_1_558' title='bbox 1218 4085 1342 4147; x_wconf 81' lang='grc' dir='ltr'><strong>πῶς</strong></span> <span class='ocrx_word' id='word_1_559' title='bbox 1365 4085 1543 4153; x_wconf 86' lang='grc' dir='ltr'>λόγιος</span> <span class='ocrx_word' id='word_1_560' title='bbox 1565 4085 1639 4137; x_wconf 82' lang='grc' dir='ltr'>ὢν</span> <span class='ocrx_word' id='word_1_561' title='bbox 1661 4087 1756 4139; x_wconf 72' lang='grc' dir='ltr'><strong>καὶ</strong></span> <span class='ocrx_word' id='word_1_562' title='bbox 1780 4087 1948 4159; x_wconf 85' lang='grc' dir='ltr'>μυρία</span> 
     </span>
    </p>
   </div>
   <div class='ocr_carea' id='block_1_74' title="bbox 360 4164 1944 4250">
    <p class='ocr_par' dir='ltr' id='par_1_74' title="bbox 360 4164 1944 4250">
     <span class='ocr_line' id='line_1_74' title="bbox 360 4164 1944 4250; baseline 0.008 -31"><span class='ocrx_word' id='word_1_563' title='bbox 360 4164 509 4237; x_wconf 70' lang='grc' dir='ltr'>Ιχων</span> <span class='ocrx_word' id='word_1_564' title='bbox 541 4170 907 4241; x_wconf 82' lang='grc' dir='ltr'>προϐαλέσθαι</span> <span class='ocrx_word' id='word_1_565' title='bbox 939 4177 1019 4238; x_wconf 87' lang='grc' dir='ltr'>εἰς</span> <span class='ocrx_word' id='word_1_566' title='bbox 1045 4175 1363 4244; x_wconf 85' lang='grc' dir='ltr'>ἀπολογίαν,</span> <span class='ocrx_word' id='word_1_567' title='bbox 1398 4178 1551 4230; x_wconf 79' lang='grc' dir='ltr'>οὐδὲν</span> <span class='ocrx_word' id='word_1_568' title='bbox 1588 4178 1944 4250; x_wconf 73' lang='grc' dir='ltr'>ἀπεκρίνατο,</span> 
     </span>
    </p>
   </div>
   <div class='ocr_carea' id='block_1_75' title="bbox 363 4257 1945 4342">
    <p class='ocr_par' dir='ltr' id='par_1_75' title="bbox 363 4257 1945 4342">
     <span class='ocr_line' id='line_1_75' title="bbox 363 4257 1945 4342; baseline 0.009 -31"><span class='ocrx_word' id='word_1_569' title='bbox 363 4257 504 4315; x_wconf 83' lang='grc' dir='ltr'><strong>ἀλλά</strong></span> <span class='ocrx_word' id='word_1_570' title='bbox 548 4264 656 4318; x_wconf 82' lang='grc' dir='ltr'><strong>τῶν</strong></span> <span class='ocrx_word' id='word_1_571' title='bbox 689 4267 1063 4334; x_wconf 74' lang='grc' dir='ltr'>ἐγκαλούντων</span> <span class='ocrx_word' id='word_1_572' title='bbox 1098 4270 1410 4340; x_wconf 79' lang='grc' dir='ltr'>ὑπερεώρα.</span> <span class='ocrx_word' id='word_1_573' title='bbox 1455 4271 1849 4342; x_wconf 83' lang='grc' dir='ltr'>Διδασκώμεθσ.</span> <span class='ocrx_word' id='word_1_574' title='bbox 1887 4273 1945 4327; x_wconf 81' lang='grc' dir='ltr'>δὲ</span> 
     </span>
    </p>
   </div>
   <div class='ocr_carea' id='block_1_76' title="bbox 361 4349 1947 4435">
    <p class='ocr_par' dir='ltr' id='par_1_76' title="bbox 361 4349 1947 4435">
     <span class='ocr_line' id='line_1_76' title="bbox 361 4349 1947 4435; baseline 0.007 -30"><span class='ocrx_word' id='word_1_575' title='bbox 361 4349 467 4403; x_wconf 76' lang='grc' dir='ltr'><strong>καὶ</strong></span> <span class='ocrx_word' id='word_1_576' title='bbox 513 4355 674 4421; x_wconf 57' lang='lat' dir='ltr'><strong>fusti;</strong></span> <span class='ocrx_word' id='word_1_577' title='bbox 710 4357 963 4412; x_wconf 77' lang='grc' dir='ltr'>ἐντεῦθεν</span> <span class='ocrx_word' id='word_1_578' title='bbox 1009 4362 1137 4414; x_wconf 82' lang='grc' dir='ltr'>ὅταν</span> <span class='ocrx_word' id='word_1_579' title='bbox 1179 4362 1314 4430; x_wconf 77' lang='grc' dir='ltr'>πρὸς</span> <span class='ocrx_word' id='word_1_580' title='bbox 1344 4362 1699 4433; x_wconf 81' lang='grc' dir='ltr'>δικαστήριον</span> <span class='ocrx_word' id='word_1_581' title='bbox 1732 4364 1947 4435; x_wconf 77' lang='grc' dir='ltr'>ἔχωμεν</span> 
     </span>
    </p>
   </div>
   <div class='ocr_carea' id='block_1_77' title="bbox 359 4440 1946 4526">
    <p class='ocr_par' dir='ltr' id='par_1_77' title="bbox 359 4440 1946 4526">
     <span class='ocr_line' id='line_1_77' title="bbox 359 4440 1946 4526; baseline 0.011 -32"><span class='ocrx_word' id='word_1_582' title='bbox 359 4440 782 4517; x_wconf 76' lang='grc' dir='ltr'>διεφθαρμένον,</span> <span class='ocrx_word' id='word_1_583' title='bbox 805 4452 970 4522; x_wconf 79' lang='grc' dir='ltr'>μηδὲν</span> <span class='ocrx_word' id='word_1_584' title='bbox 987 4452 1188 4521; x_wconf 88' lang='grc' dir='ltr'>λέγειν,</span> <span class='ocrx_word' id='word_1_585' title='bbox 1216 4454 1302 4508; x_wconf 78' lang='grc' dir='ltr'>ἵνα</span> <span class='ocrx_word' id='word_1_586' title='bbox 1323 4457 1460 4525; x_wconf 86' lang='grc' dir='ltr'>μήτε</span> <span class='ocrx_word' id='word_1_587' title='bbox 1481 4456 1709 4526; x_wconf 82' lang='grc' dir='ltr'>θόρυϐον</span> <span class='ocrx_word' id='word_1_588' title='bbox 1729 4458 1946 4512; x_wconf 83' lang='grc' dir='ltr'>πλείονα</span> 
     </span>
    </p>
   </div>
   <div class='ocr_carea' id='block_1_78' title="bbox 358 4533 2018 4618">
    <p class='ocr_par' dir='ltr' id='par_1_78' title="bbox 358 4533 2018 4618">
     <span class='ocr_line' id='line_1_78' title="bbox 358 4533 2018 4618; baseline 0.01 -31"><span class='ocrx_word' id='word_1_589' title='bbox 358 4533 692 4604; x_wconf 70' lang='grc' dir='ltr'>ἐγείρωμεν,</span> <span class='ocrx_word' id='word_1_590' title='bbox 723 4541 858 4608; x_wconf 81' lang='grc' dir='ltr'>μήτε</span> <span class='ocrx_word' id='word_1_591' title='bbox 891 4545 1269 4614; x_wconf 83' lang='grc' dir='ltr'>κατακρίσεως</span> <span class='ocrx_word' id='word_1_592' title='bbox 1311 4545 1554 4610; x_wconf 82' lang='grc' dir='ltr'>πλείονος</span> <span class='ocrx_word' id='word_1_593' title='bbox 1587 4541 1738 4618; x_wconf 81' lang='grc' dir='ltr'>ὦμεν</span> <span class='ocrx_word' id='word_1_594' title='bbox 1778 4549 1941 4602; x_wconf 76' lang='grc' dir='ltr'>αἴτιοι</span> <span class='ocrx_word' id='word_1_595' title='bbox 1973 4557 2018 4612; x_wconf 84' lang='grc' dir='ltr'>ι)</span> 
     </span>
    </p>
   </div>
   <div class='ocr_carea' id='block_1_79' title="bbox 357 4629 1552 4707">
    <p class='ocr_par' dir='ltr' id='par_1_79' title="bbox 357 4629 1552 4707">
     <span class='ocr_line' id='line_1_79' title="bbox 357 4629 1552 4707; baseline 0.012 -29"><span class='ocrx_word' id='word_1_596' title='bbox 357 4629 481 4691; x_wconf 78' lang='grc' dir='ltr'>τοῖς</span> <span class='ocrx_word' id='word_1_597' title='bbox 510 4629 586 4700; x_wconf 83' lang='grc' dir='ltr'><strong>μὴ</strong></span> <span class='ocrx_word' id='word_1_598' title='bbox 609 4629 719 4684; x_wconf 87' lang='grc' dir='ltr'><strong>τῶν</strong></span> <span class='ocrx_word' id='word_1_599' title='bbox 754 4632 1060 4703; x_wconf 84' lang='grc' dir='ltr'>ἀπολογιῶν</span> <span class='ocrx_word' id='word_1_600' title='bbox 1091 4639 1247 4707; x_wconf 83' lang='grc' dir='ltr'>ἡμῶν</span> <span class='ocrx_word' id='word_1_601' title='bbox 1273 4639 1552 4692; x_wconf 82' lang='grc' dir='ltr'>ἀκούουσι.</span> 
     </span>
    </p>
   </div>
   <div class='ocr_carea' id='block_1_80' title="bbox 438 4719 1942 4799">
    <p class='ocr_par' dir='ltr' id='par_1_80' title="bbox 438 4719 1942 4799">
     <span class='ocr_line' id='line_1_80' title="bbox 438 4719 1942 4799; baseline 0.011 -30"><span class='ocrx_word' id='word_1_602' title='bbox 438 4736 460 4769; x_wconf 74' lang='grc' dir='ltr'><strong>ι</strong></span> <span class='ocrx_word' id='word_1_603' title='bbox 495 4719 652 4772; x_wconf 79' lang='grc' dir='ltr'>Κατά</span> <span class='ocrx_word' id='word_1_604' title='bbox 679 4721 734 4774; x_wconf 83' lang='grc' dir='ltr'><strong>δὲ</strong></span> <span class='ocrx_word' id='word_1_605' title='bbox 773 4723 967 4795; x_wconf 77' lang='grc' dir='ltr'>ἑορτὴν</span> <span class='ocrx_word' id='word_1_606' title='bbox 1003 4725 1186 4781; x_wconf 73' lang='grc' dir='ltr'>εἰώθει</span> <span class='ocrx_word' id='word_1_607' title='bbox 1223 4730 1250 4780; x_wconf 86' lang='grc' dir='ltr'><strong>ό</strong></span> <span class='ocrx_word' id='word_1_608' title='bbox 1281 4730 1507 4799; x_wconf 82' lang='grc' dir='ltr'>ἡγεμὼν</span> <span class='ocrx_word' id='word_1_609' title='bbox 1551 4730 1811 4786; x_wconf 86' lang='grc' dir='ltr'>ἀπολύειν</span> <span class='ocrx_word' id='word_1_610' title='bbox 1846 4733 1942 4786; x_wconf 79' lang='grc' dir='ltr'><strong>ἕνα</strong></span> 
     </span>
    </p>
   </div>
   <div class='ocr_carea' id='block_1_81' title="bbox 351 4807 1942 4894">
    <p class='ocr_par' dir='ltr' id='par_1_81' title="bbox 351 4807 1942 4894">
     <span class='ocr_line' id='line_1_81' title="bbox 351 4807 1942 4894; baseline 0.009 -30"><span class='ocrx_word' id='word_1_611' title='bbox 351 4808 435 4880; x_wconf 84' lang='grc' dir='ltr'>τῷ</span> <span class='ocrx_word' id='word_1_612' title='bbox 467 4807 610 4881; x_wconf 77' lang='grc' dir='ltr'><strong>ὄχλῳ</strong></span> <span class='ocrx_word' id='word_1_613' title='bbox 638 4811 882 4882; x_wconf 85' lang='grc' dir='ltr'>δέσμιον,</span> <span class='ocrx_word' id='word_1_614' title='bbox 916 4816 976 4869; x_wconf 85' lang='grc' dir='ltr'>ὃν</span> <span class='ocrx_word' id='word_1_615' title='bbox 1019 4818 1209 4888; x_wconf 73' lang='grc' dir='ltr'>ἤθελον</span> <span class='ocrx_word' id='word_1_616' title='bbox 1229 4836 1243 4850; x_wconf 77' lang='grc' dir='ltr'><strong>ο</strong></span> <span class='ocrx_word' id='word_1_617' title='bbox 1288 4816 1436 4892; x_wconf 72' lang='grc' dir='ltr'>εἶχον</span> <span class='ocrx_word' id='word_1_618' title='bbox 1482 4821 1537 4874; x_wconf 86' lang='grc' dir='ltr'><strong>δὲ</strong></span> <span class='ocrx_word' id='word_1_619' title='bbox 1567 4823 1688 4876; x_wconf 89' lang='grc' dir='ltr'>τότε</span> <span class='ocrx_word' id='word_1_620' title='bbox 1720 4824 1942 4894; x_wconf 81' lang='grc' dir='ltr'>δέσμιον</span> 
     </span>
    </p>
   </div>
   <div class='ocr_carea' id='block_1_82' title="bbox 349 4902 1944 4986">
    <p class='ocr_par' dir='ltr' id='par_1_82' title="bbox 349 4902 1944 4986">
     <span class='ocr_line' id='line_1_82' title="bbox 349 4902 1944 4986; baseline 0.009 -31"><span class='ocrx_word' id='word_1_621' title='bbox 349 4902 654 4972; x_wconf 68' lang='grc' dir='ltr'>ἐπίσημον,</span> <span class='ocrx_word' id='word_1_622' title='bbox 703 4906 997 4978; x_wconf 82' lang='grc' dir='ltr'>λεγόμενον</span> <span class='ocrx_word' id='word_1_623' title='bbox 1053 4913 1368 4981; x_wconf 82' lang='grc' dir='ltr'>Βαραϐϐᾶν.</span> <span class='ocrx_word' id='word_1_624' title='bbox 1426 4916 1788 4986; x_wconf 82' lang='grc' dir='ltr'>Συνηγμένων</span> <span class='ocrx_word' id='word_1_625' title='bbox 1850 4915 1944 4969; x_wconf 75' lang='grc' dir='ltr'><strong>οὖν</strong></span> 
     </span>
    </p>
   </div>
   <div class='ocr_carea' id='block_1_83' title="bbox 350 4993 1943 5068">
    <p class='ocr_par' dir='ltr' id='par_1_83' title="bbox 350 4993 1943 5068">
     <span class='ocr_line' id='line_1_83' title="bbox 350 4993 1943 5068; baseline 0.008 -20"><span class='ocrx_word' id='word_1_626' title='bbox 350 4995 564 5062; x_wconf 78' lang='grc' dir='ltr'>αὐτῶν,</span> <span class='ocrx_word' id='word_1_627' title='bbox 592 4993 745 5052; x_wconf 82' lang='grc' dir='ltr'>εἶπεν</span> <span class='ocrx_word' id='word_1_628' title='bbox 774 5001 957 5066; x_wconf 78' lang='grc' dir='ltr'>αὐτοῖς</span> <span class='ocrx_word' id='word_1_629' title='bbox 984 5005 1012 5057; x_wconf 88' lang='grc' dir='ltr'>ὁ</span> <span class='ocrx_word' id='word_1_630' title='bbox 1037 5005 1286 5068; x_wconf 71' lang='grc' dir='ltr'>Πιλάτοςο</span> <span class='ocrx_word' id='word_1_631' title='bbox 1309 5006 1443 5058; x_wconf 86' lang='grc' dir='ltr'>Τίνα</span> <span class='ocrx_word' id='word_1_632' title='bbox 1471 5007 1655 5058; x_wconf 86' lang='grc' dir='ltr'>Θέλετε</span> <span class='ocrx_word' id='word_1_633' title='bbox 1683 5006 1943 5061; x_wconf 85' lang='grc' dir='ltr'>ἀπολύσω</span> 
     </span>
    </p>
   </div>
   <div class='ocr_carea' id='block_1_84' title="bbox 350 5095 1940 5174">
    <p class='ocr_par' dir='ltr' id='par_1_84' title="bbox 350 5095 1940 5174">
     <span class='ocr_line' id='line_1_84' title="bbox 350 5095 1940 5174; baseline 0.007 -29"><span class='ocrx_word' id='word_1_634' title='bbox 350 5095 490 5163; x_wconf 73' lang='grc' dir='ltr'>ὑμῖν</span> <span class='ocrx_word' id='word_1_635' title='bbox 510 5137 525 5160; x_wconf 91' lang='grc'><strong>,</strong></span> <span class='ocrx_word' id='word_1_636' title='bbox 554 5095 864 5168; x_wconf 74' lang='grc' dir='ltr'>Βαραϐϐᾶν,</span> <span class='ocrx_word' id='word_1_637' title='bbox 898 5100 932 5170; x_wconf 76' lang='grc' dir='ltr'>ἢ</span> <span class='ocrx_word' id='word_1_638' title='bbox 975 5100 1183 5171; x_wconf 82' lang='grc' dir='ltr'>Ἰησοῦν</span> <span class='ocrx_word' id='word_1_639' title='bbox 1211 5101 1303 5154; x_wconf 79' lang='grc' dir='ltr'><strong>τὸν</strong></span> <span class='ocrx_word' id='word_1_640' title='bbox 1334 5102 1626 5174; x_wconf 88' lang='grc' dir='ltr'>λεγόμενον</span> <span class='ocrx_word' id='word_1_641' title='bbox 1672 5103 1940 5173; x_wconf 81' lang='grc' dir='ltr'>Χριστόν;</span> 
     </span>
    </p>
   </div>
   <div class='ocr_carea' id='block_1_85' title="bbox 356 5184 1942 5263">
    <p class='ocr_par' dir='ltr' id='par_1_85' title="bbox 356 5184 1942 5263">
     <span class='ocr_line' id='line_1_85' title="bbox 356 5184 1942 5263; baseline 0.006 -27"><span class='ocrx_word' id='word_1_642' title='bbox 356 5184 522 5256; x_wconf 79' lang='grc' dir='ltr'>’ῌδει</span> <span class='ocrx_word' id='word_1_643' title='bbox 553 5186 663 5256; x_wconf 80' lang='grc' dir='ltr'>γὰρ</span> <span class='ocrx_word' id='word_1_644' title='bbox 709 5189 792 5242; x_wconf 82' lang='grc' dir='ltr'>ὅτι</span> <span class='ocrx_word' id='word_1_645' title='bbox 842 5188 930 5243; x_wconf 80' lang='grc' dir='ltr'>διὰ</span> <span class='ocrx_word' id='word_1_646' title='bbox 974 5191 1168 5259; x_wconf 85' lang='grc' dir='ltr'>φθόνον</span> <span class='ocrx_word' id='word_1_647' title='bbox 1213 5193 1538 5263; x_wconf 84' lang='grc' dir='ltr'>παρέδωκαν</span> <span class='ocrx_word' id='word_1_648' title='bbox 1582 5192 1764 5247; x_wconf 85' lang='grc' dir='ltr'>αὐτόν.</span> <span class='ocrx_word' id='word_1_649' title='bbox 1807 5211 1827 5245; x_wconf 83' lang='grc'>›</span> <span class='ocrx_word' id='word_1_650' title='bbox 1881 5192 1942 5246; x_wconf 88' lang='grc' dir='ltr'>Ὅ</span> 
     </span>
    </p>
   </div>
   <div class='ocr_carea' id='block_1_86' title="bbox 351 5277 1941 5356">
    <p class='ocr_par' dir='ltr' id='par_1_86' title="bbox 351 5277 1941 5356">
     <span class='ocr_line' id='line_1_86' title="bbox 351 5277 1941 5356; baseline 0.005 -26"><span class='ocrx_word' id='word_1_651' title='bbox 351 5277 595 5344; x_wconf 77' lang='grc' dir='ltr'>Πιλᾶτος</span> <span class='ocrx_word' id='word_1_652' title='bbox 636 5281 966 5348; x_wconf 73' lang='grc' dir='ltr'>ἐσπούδαζεν</span> <span class='ocrx_word' id='word_1_653' title='bbox 1014 5283 1283 5337; x_wconf 81' lang='grc' dir='ltr'>ἀπολῦσαι</span> <span class='ocrx_word' id='word_1_654' title='bbox 1323 5285 1413 5339; x_wconf 80' lang='grc' dir='ltr'><strong>τὸν</strong></span> <span class='ocrx_word' id='word_1_655' title='bbox 1461 5286 1718 5356; x_wconf 78' lang='grc' dir='ltr'>Χριστὸν,</span> <span class='ocrx_word' id='word_1_656' title='bbox 1766 5287 1815 5339; x_wconf 73' lang='grc' dir='ltr'>εἰ</span> <span class='ocrx_word' id='word_1_657' title='bbox 1847 5285 1941 5338; x_wconf 75' lang='grc' dir='ltr'><strong>καὶ</strong></span> 
     </span>
    </p>
   </div>
   <div class='ocr_carea' id='block_1_87' title="bbox 352 5370 1940 5450">
    <p class='ocr_par' dir='ltr' id='par_1_87' title="bbox 352 5370 1940 5450">
     <span class='ocr_line' id='line_1_87' title="bbox 352 5370 1940 5450; baseline 0.006 -29"><span class='ocrx_word' id='word_1_658' title='bbox 352 5370 754 5442; x_wconf 80' lang='grc' dir='ltr'>μαλακώτερον</span> <span class='ocrx_word' id='word_1_659' title='bbox 785 5373 880 5428; x_wconf 80' lang='grc' dir='ltr'>τοῦ</span> <span class='ocrx_word' id='word_1_660' title='bbox 910 5373 1154 5440; x_wconf 76' lang='grc' dir='ltr'><strong>δέοντος⁹</strong></span> <span class='ocrx_word' id='word_1_661' title='bbox 1193 5376 1298 5430; x_wconf 76' lang='grc' dir='ltr'>ἔδει</span> <span class='ocrx_word' id='word_1_662' title='bbox 1337 5377 1446 5448; x_wconf 77' lang='grc' dir='ltr'>γὰρ</span> <span class='ocrx_word' id='word_1_663' title='bbox 1487 5378 1740 5450; x_wconf 73' lang='grc' dir='ltr'>ἐνστῆναι</span> <span class='ocrx_word' id='word_1_664' title='bbox 1776 5376 1940 5433; x_wconf 76' lang='grc' dir='ltr'>αὑτὸν</span> 
     </span>
    </p>
   </div>
   <div class='ocr_carea' id='block_1_88' title="bbox 350 5460 1939 5544">
    <p class='ocr_par' dir='ltr' id='par_1_88' title="bbox 350 5460 1939 5544">
     <span class='ocr_line' id='line_1_88' title="bbox 350 5460 1939 5544; baseline 0.008 -30"><span class='ocrx_word' id='word_1_665' title='bbox 350 5460 507 5530; x_wconf 72' lang='grc' dir='ltr'>ὑπὲρ</span> <span class='ocrx_word' id='word_1_666' title='bbox 554 5465 647 5516; x_wconf 76' lang='grc' dir='ltr'>τοῦ</span> <span class='ocrx_word' id='word_1_667' title='bbox 689 5467 943 5537; x_wconf 83' lang='grc' dir='ltr'>ἀληθοῦς.</span> <span class='ocrx_word' id='word_1_668' title='bbox 990 5469 1213 5538; x_wconf 88' lang='grc' dir='ltr'>Πρῶτον</span> <span class='ocrx_word' id='word_1_669' title='bbox 1268 5471 1366 5539; x_wconf 83' lang='grc' dir='ltr'>μὲν</span> <span class='ocrx_word' id='word_1_670' title='bbox 1420 5467 1512 5522; x_wconf 78' lang='grc' dir='ltr'><strong>οὖν</strong></span> <span class='ocrx_word' id='word_1_671' title='bbox 1565 5472 1817 5544; x_wconf 77' lang='grc' dir='ltr'>ἠρώτησε</span> <span class='ocrx_word' id='word_1_672' title='bbox 1848 5472 1939 5526; x_wconf 83' lang='grc' dir='ltr'><strong>τὸν</strong></span> 
     </span>
    </p>
   </div>
   <div class='ocr_carea' id='block_1_89' title="bbox 349 5550 1933 5634">
    <p class='ocr_par' dir='ltr' id='par_1_89' title="bbox 349 5550 1933 5634">
     <span class='ocr_line' id='line_1_89' title="bbox 349 5550 1933 5634; baseline 0.006 -26"><span class='ocrx_word' id='word_1_673' title='bbox 349 5550 586 5622; x_wconf 78' lang='grc' dir='ltr'>Κύριον·</span> <span class='ocrx_word' id='word_1_674' title='bbox 618 5555 734 5608; x_wconf 83' lang='grc' dir='ltr'>Οὐκ</span> <span class='ocrx_word' id='word_1_675' title='bbox 767 5561 983 5623; x_wconf 78' lang='grc' dir='ltr'>ἀκούεις</span> <span class='ocrx_word' id='word_1_676' title='bbox 1017 5562 1068 5613; x_wconf 83' lang='grc' dir='ltr'><strong>τί</strong></span> <span class='ocrx_word' id='word_1_677' title='bbox 1095 5556 1240 5614; x_wconf 70' lang='grc' dir='ltr'>οὗτοι</span> <span class='ocrx_word' id='word_1_678' title='bbox 1273 5581 1364 5615; x_wconf 91' lang='grc' dir='ltr'><strong>σου</strong></span> <span class='ocrx_word' id='word_1_679' title='bbox 1391 5564 1933 5634; x_wconf 73' lang='grc' dir='ltr'>καταμαρτυροῦσιν;</span> 
     </span>
    </p>
   </div>
   <div class='ocr_carea' id='block_1_90' title="bbox 360 5647 1933 5729">
    <p class='ocr_par' dir='ltr' id='par_1_90' title="bbox 360 5647 1933 5729">
     <span class='ocr_line' id='line_1_90' title="bbox 360 5647 1933 5729; baseline 0.008 -30"><span class='ocrx_word' id='word_1_680' title='bbox 360 5647 656 5718; x_wconf 84' lang='grc' dir='ltr'>Ἦρώτησε</span> <span class='ocrx_word' id='word_1_681' title='bbox 672 5649 728 5702; x_wconf 73' lang='grc' dir='ltr'>δὲ</span> <span class='ocrx_word' id='word_1_682' title='bbox 754 5650 864 5715; x_wconf 80' lang='grc' dir='ltr'>ἵνα,</span> <span class='ocrx_word' id='word_1_683' title='bbox 889 5654 1366 5726; x_wconf 80' lang='grc' dir='ltr'>ἀπολογησαμένου</span> <span class='ocrx_word' id='word_1_684' title='bbox 1386 5657 1481 5709; x_wconf 81' lang='grc' dir='ltr'>τοῦ</span> <span class='ocrx_word' id='word_1_685' title='bbox 1500 5659 1759 5727; x_wconf 76' lang='grc' dir='ltr'>Χριστοῦ,</span> <span class='ocrx_word' id='word_1_686' title='bbox 1782 5660 1933 5729; x_wconf 81' lang='grc' dir='ltr'>σχοίη</span> 
     </span>
    </p>
   </div>
   <div class='ocr_carea' id='block_1_91' title="bbox 344 5741 1938 5812">
    <p class='ocr_par' dir='ltr' id='par_1_91' title="bbox 344 5741 1938 5812">
     <span class='ocr_line' id='line_1_91' title="bbox 344 5741 1938 5812; baseline 0.006 -17"><span class='ocrx_word' id='word_1_687' title='bbox 344 5741 619 5812; x_wconf 78' lang='grc' dir='ltr'>ἀφορμὴν</span> <span class='ocrx_word' id='word_1_688' title='bbox 650 5743 787 5812; x_wconf 82' lang='grc' dir='ltr'>πρὸς</span> <span class='ocrx_word' id='word_1_689' title='bbox 826 5745 888 5796; x_wconf 82' lang='grc' dir='ltr'>τὺ</span> <span class='ocrx_word' id='word_1_690' title='bbox 927 5746 1196 5800; x_wconf 81' lang='grc' dir='ltr'>ἀπολῦσαι</span> <span class='ocrx_word' id='word_1_691' title='bbox 1236 5749 1398 5802; x_wconf 75' lang='grc' dir='ltr'>αὐτόν</span> <span class='ocrx_word' id='word_1_692' title='bbox 1419 5765 1433 5779; x_wconf 79' lang='grc' dir='ltr'><strong>ο</strong></span> <span class='ocrx_word' id='word_1_693' title='bbox 1470 5751 1592 5802; x_wconf 72' lang='grc' dir='ltr'>ἐπεὶ</span> <span class='ocrx_word' id='word_1_694' title='bbox 1620 5750 1677 5802; x_wconf 81' lang='grc' dir='ltr'>δὲ</span> <span class='ocrx_word' id='word_1_695' title='bbox 1707 5752 1806 5804; x_wconf 77' lang='grc' dir='ltr'><strong>οὐκ</strong></span> <span class='ocrx_word' id='word_1_696' title='bbox 1832 5754 1938 5805; x_wconf 75' lang='grc' dir='ltr'><strong>ἀπ⁴</strong></span> 
     </span>
    </p>
   </div>
   <div class='ocr_carea' id='block_1_92' title="bbox 340 5834 1936 5924">
    <p class='ocr_par' dir='ltr' id='par_1_92' title="bbox 340 5834 1936 5924">
     <span class='ocr_line' id='line_1_92' title="bbox 340 5834 1936 5924; baseline 0.005 -37"><span class='ocrx_word' id='word_1_697' title='bbox 340 5834 596 5906; x_wconf 71' lang='grc' dir='ltr'>ιλογεῖτο</span> <span class='ocrx_word' id='word_1_698' title='bbox 625 5837 655 5890; x_wconf 81' lang='grc' dir='ltr'><strong>ό</strong></span> <span class='ocrx_word' id='word_1_699' title='bbox 679 5835 904 5909; x_wconf 80' lang='grc' dir='ltr'>Κύριος,</span> <span class='ocrx_word' id='word_1_700' title='bbox 930 5837 1216 5924; x_wconf 70' lang='grc' dir='ltr'>γινῴσκων</span> <span class='ocrx_word' id='word_1_701' title='bbox 1237 5839 1474 5906; x_wconf 77' lang='grc' dir='ltr'>πάντως,</span> <span class='ocrx_word' id='word_1_702' title='bbox 1501 5841 1583 5894; x_wconf 86' lang='grc' dir='ltr'><strong>δτι</strong></span> <span class='ocrx_word' id='word_1_703' title='bbox 1610 5841 1716 5894; x_wconf 74' lang='grc' dir='ltr'><strong>κᾶν</strong></span> <span class='ocrx_word' id='word_1_704' title='bbox 1738 5842 1936 5895; x_wconf 85' lang='grc' dir='ltr'>ἀπολο-</span> 
     </span>
    </p>
   </div>
   <div class='ocr_carea' id='block_1_93' title="bbox 2051 3355 3622 3428">
    <p class='ocr_par' dir='ltr' id='par_1_93' title="bbox 2051 3355 3622 3428">
     <span class='ocr_line' id='line_1_93' title="bbox 2051 3355 3622 3428; baseline 0.002 -19"><span class='ocrx_word' id='word_1_705' title='bbox 2051 3355 2234 3426; x_wconf 85' lang='lat' dir='ltr'><strong>Neque</strong></span> <span class='ocrx_word' id='word_1_706' title='bbox 2261 3356 2403 3410; x_wconf 84' lang='lat' dir='ltr'><strong>enim</strong></span> <span class='ocrx_word' id='word_1_707' title='bbox 2431 3355 2602 3411; x_wconf 77' lang='lat' dir='ltr'><strong>dixit:</strong></span> <span class='ocrx_word' id='word_1_708' title='bbox 2625 3355 2741 3411; x_wconf 85' lang='lat' dir='ltr'><strong>Non</strong></span> <span class='ocrx_word' id='word_1_709' title='bbox 2772 3372 2889 3417; x_wconf 86' lang='lat' dir='ltr'><strong>sum</strong></span> <span class='ocrx_word' id='word_1_710' title='bbox 2914 3373 2928 3410; x_wconf 89' lang='lat'><strong>:</strong></span> <span class='ocrx_word' id='word_1_711' title='bbox 2966 3372 3064 3412; x_wconf 91' lang='lat' dir='ltr'><strong>nec</strong></span> <span class='ocrx_word' id='word_1_712' title='bbox 3089 3365 3299 3421; x_wconf 90' lang='lat' dir='ltr'><strong>contra,</strong></span> <span class='ocrx_word' id='word_1_713' title='bbox 3331 3358 3440 3428; x_wconf 85' lang='lat' dir='ltr'><strong>Ego</strong></span> <span class='ocrx_word' id='word_1_714' title='bbox 3459 3371 3580 3413; x_wconf 85' lang='lat' dir='ltr'><strong>sum</strong></span> <span class='ocrx_word' id='word_1_715' title='bbox 3606 3374 3622 3412; x_wconf 85' lang='lat' dir='ltr'><strong>t</strong></span> 
     </span>
    </p>
   </div>
   <div class='ocr_carea' id='block_1_94' title="bbox 2051 3446 3621 3516">
    <p class='ocr_par' dir='ltr' id='par_1_94' title="bbox 2051 3446 3621 3516">
     <span class='ocr_line' id='line_1_94' title="bbox 2051 3446 3621 3516; baseline -0.001 -15"><span class='ocrx_word' id='word_1_716' title='bbox 2051 3451 2141 3502; x_wconf 88' lang='lat' dir='ltr'><strong>sed</strong></span> <span class='ocrx_word' id='word_1_717' title='bbox 2174 3449 2354 3502; x_wconf 89' lang='lat' dir='ltr'><strong>medio</strong></span> <span class='ocrx_word' id='word_1_718' title='bbox 2377 3449 2608 3516; x_wconf 87' lang='lat' dir='ltr'><strong>quodam</strong></span> <span class='ocrx_word' id='word_1_719' title='bbox 2643 3447 2800 3502; x_wconf 89' lang='lat' dir='ltr'><strong>modo</strong></span> <span class='ocrx_word' id='word_1_720' title='bbox 2831 3446 2966 3501; x_wconf 77' lang='lat' dir='ltr'><strong>dixit</strong></span> <span class='ocrx_word' id='word_1_721' title='bbox 2995 3464 3009 3502; x_wconf 88' lang='lat'><strong>:</strong></span> <span class='ocrx_word' id='word_1_722' title='bbox 3037 3446 3117 3501; x_wconf 88' lang='lat' dir='ltr'><strong>Tu</strong></span> <span class='ocrx_word' id='word_1_723' title='bbox 3147 3447 3305 3502; x_wconf 88' lang='lat' dir='ltr'><strong>dicis.</strong></span> <span class='ocrx_word' id='word_1_724' title='bbox 3335 3447 3451 3503; x_wconf 79' lang='lat' dir='ltr'><strong>Hoc</strong></span> <span class='ocrx_word' id='word_1_725' title='bbox 3475 3447 3621 3502; x_wconf 76' lang='lat' dir='ltr'><strong>enim</strong></span> 
     </span>
    </p>
   </div>
   <div class='ocr_carea' id='block_1_95' title="bbox 2050 3538 3622 3610">
    <p class='ocr_par' dir='ltr' id='par_1_95' title="bbox 2050 3538 3622 3610">
     <span class='ocr_line' id='line_1_95' title="bbox 2050 3538 3622 3610; baseline 0 -18"><span class='ocrx_word' id='word_1_726' title='bbox 2050 3551 2227 3610; x_wconf 87' lang='lat' dir='ltr'><strong>potest</strong></span> <span class='ocrx_word' id='word_1_727' title='bbox 2257 3549 2310 3595; x_wconf 88' lang='lat' dir='ltr'><strong>et</strong></span> <span class='ocrx_word' id='word_1_728' title='bbox 2337 3541 2415 3595; x_wconf 90' lang='lat' dir='ltr'><strong>sic</strong></span> <span class='ocrx_word' id='word_1_729' title='bbox 2443 3538 2664 3610; x_wconf 88' lang='lat' dir='ltr'><strong>intelligi</strong></span> <span class='ocrx_word' id='word_1_730' title='bbox 2695 3559 2706 3592; x_wconf 93' lang='lat'><strong>:</strong></span> <span class='ocrx_word' id='word_1_731' title='bbox 2743 3539 2872 3592; x_wconf 92' lang='lat' dir='ltr'><strong>Sum</strong></span> <span class='ocrx_word' id='word_1_732' title='bbox 2903 3539 3044 3592; x_wconf 85' lang='lat' dir='ltr'><strong>sicut</strong></span> <span class='ocrx_word' id='word_1_733' title='bbox 3073 3538 3244 3605; x_wconf 85' lang='lat' dir='ltr'><strong>dicis;</strong></span> <span class='ocrx_word' id='word_1_734' title='bbox 3275 3547 3329 3592; x_wconf 83' lang='lat' dir='ltr'><strong>et</strong></span> <span class='ocrx_word' id='word_1_735' title='bbox 3350 3539 3428 3593; x_wconf 89' lang='lat' dir='ltr'><strong>sic</strong></span> <span class='ocrx_word' id='word_1_736' title='bbox 3460 3555 3475 3590; x_wconf 87' lang='lat'><strong>:</strong></span> <span class='ocrx_word' id='word_1_737' title='bbox 3512 3538 3622 3604; x_wconf 65' lang='lat' dir='ltr'><strong>Ego</strong></span> 
     </span>
    </p>
   </div>
   <div class='ocr_carea' id='block_1_96' title="bbox 2049 3631 3622 3702">
    <p class='ocr_par' dir='ltr' id='par_1_96' title="bbox 2049 3631 3622 3702">
     <span class='ocr_line' id='line_1_96' title="bbox 2049 3631 3622 3702; baseline -0.001 -17"><span class='ocrx_word' id='word_1_738' title='bbox 2049 3634 2266 3702; x_wconf 83' lang='lat' dir='ltr'><strong>quidem</strong></span> <span class='ocrx_word' id='word_1_739' title='bbox 2318 3633 2418 3686; x_wconf 87' lang='lat' dir='ltr'><strong>hoc</strong></span> <span class='ocrx_word' id='word_1_740' title='bbox 2458 3648 2562 3685; x_wconf 92' lang='lat' dir='ltr'><strong>non</strong></span> <span class='ocrx_word' id='word_1_741' title='bbox 2598 3633 2739 3698; x_wconf 91' lang='lat' dir='ltr'><strong>dico,</strong></span> <span class='ocrx_word' id='word_1_742' title='bbox 2778 3639 2832 3685; x_wconf 90' lang='lat' dir='ltr'><strong>tu</strong></span> <span class='ocrx_word' id='word_1_743' title='bbox 2885 3640 3066 3684; x_wconf 90' lang='lat' dir='ltr'><strong>autem</strong></span> <span class='ocrx_word' id='word_1_744' title='bbox 3110 3631 3261 3686; x_wconf 85' lang='lat' dir='ltr'><strong>dicis.</strong></span> <span class='ocrx_word' id='word_1_745' title='bbox 3299 3631 3458 3684; x_wconf 82' lang='lat' dir='ltr'><strong>Aliud</strong></span> <span class='ocrx_word' id='word_1_746' title='bbox 3495 3645 3622 3683; x_wconf 85' lang='lat' dir='ltr'><strong>vero</strong></span> 
     </span>
    </p>
   </div>
   <div class='ocr_carea' id='block_1_97' title="bbox 2053 3720 3626 3792">
    <p class='ocr_par' dir='ltr' id='par_1_97' title="bbox 2053 3720 3626 3792">
     <span class='ocr_line' id='line_1_97' title="bbox 2053 3720 3626 3792; baseline -0.003 -14"><span class='ocrx_word' id='word_1_747' title='bbox 2053 3739 2368 3792; x_wconf 88' lang='lat' dir='ltr'><strong>responsum</strong></span> <span class='ocrx_word' id='word_1_748' title='bbox 2405 3739 2508 3777; x_wconf 92' lang='lat' dir='ltr'><strong>non</strong></span> <span class='ocrx_word' id='word_1_749' title='bbox 2556 3723 2723 3777; x_wconf 81' lang='lat' dir='ltr'><strong>dedit.</strong></span> <span class='ocrx_word' id='word_1_750' title='bbox 2770 3722 2986 3778; x_wconf 85' lang='lat' dir='ltr'><strong>Sciebat</strong></span> <span class='ocrx_word' id='word_1_751' title='bbox 3022 3723 3165 3776; x_wconf 90' lang='lat' dir='ltr'><strong>enim</strong></span> <span class='ocrx_word' id='word_1_752' title='bbox 3212 3721 3472 3790; x_wconf 78' lang='lat' dir='ltr'><strong>iniustum</strong></span> <span class='ocrx_word' id='word_1_753' title='bbox 3509 3720 3626 3774; x_wconf 79' lang='lat' dir='ltr'><strong>fore</strong></span> 
     </span>
    </p>
   </div>
   <div class='ocr_carea' id='block_1_98' title="bbox 2045 3808 3623 3882">
    <p class='ocr_par' dir='ltr' id='par_1_98' title="bbox 2045 3808 3623 3882">
     <span class='ocr_line' id='line_1_98' title="bbox 2045 3808 3623 3882; baseline -0.002 -19"><span class='ocrx_word' id='word_1_754' title='bbox 2045 3813 2330 3882; x_wconf 76' lang='lat' dir='ltr'><strong>judicium.</strong></span> <span class='ocrx_word' id='word_1_755' title='bbox 2363 3809 2594 3864; x_wconf 85' lang='lat' dir='ltr'><strong>Proinde</strong></span> <span class='ocrx_word' id='word_1_756' title='bbox 2629 3811 2928 3864; x_wconf 85' lang='lat' dir='ltr'><strong>admiratus</strong></span> <span class='ocrx_word' id='word_1_757' title='bbox 2955 3818 3039 3864; x_wconf 89' lang='lat' dir='ltr'><strong>est</strong></span> <span class='ocrx_word' id='word_1_758' title='bbox 3072 3809 3278 3864; x_wconf 80' lang='lat' dir='ltr'><strong>Pilatus</strong></span> <span class='ocrx_word' id='word_1_759' title='bbox 3313 3808 3623 3871; x_wconf 85' lang='lat' dir='ltr'><strong>Dominum,</strong></span> 
     </span>
    </p>
   </div>
   <div class='ocr_carea' id='block_1_99' title="bbox 2051 3900 3624 3973">
    <p class='ocr_par' dir='ltr' id='par_1_99' title="bbox 2051 3900 3624 3973">
     <span class='ocr_line' id='line_1_99' title="bbox 2051 3900 3624 3973; baseline -0.001 -17"><span class='ocrx_word' id='word_1_760' title='bbox 2051 3907 2268 3973; x_wconf 77' lang='lat' dir='ltr'><strong>etquod</strong></span> <span class='ocrx_word' id='word_1_761' title='bbox 2297 3913 2666 3958; x_wconf 86' lang='lat' dir='ltr'><strong>contemneret</strong></span> <span class='ocrx_word' id='word_1_762' title='bbox 2689 3911 2940 3965; x_wconf 89' lang='lat' dir='ltr'><strong>mortem,</strong></span> <span class='ocrx_word' id='word_1_763' title='bbox 2967 3912 3021 3956; x_wconf 87' lang='lat' dir='ltr'><strong>et</strong></span> <span class='ocrx_word' id='word_1_764' title='bbox 3046 3901 3187 3971; x_wconf 86' lang='lat' dir='ltr'><strong>quod</strong></span> <span class='ocrx_word' id='word_1_765' title='bbox 3231 3907 3338 3954; x_wconf 89' lang='lat' dir='ltr'><strong>tam</strong></span> <span class='ocrx_word' id='word_1_766' title='bbox 3364 3900 3624 3971; x_wconf 79' lang='lat' dir='ltr'><strong>eloquens</strong></span> 
     </span>
    </p>
   </div>
   <div class='ocr_carea' id='block_1_100' title="bbox 2051 3992 3622 4066">
    <p class='ocr_par' dir='ltr' id='par_1_100' title="bbox 2051 3992 3622 4066">
     <span class='ocr_line' id='line_1_100' title="bbox 2051 3992 3622 4066; baseline -0.003 -14"><span class='ocrx_word' id='word_1_767' title='bbox 2051 4008 2106 4052; x_wconf 90' lang='lat' dir='ltr'><strong>et</strong></span> <span class='ocrx_word' id='word_1_768' title='bbox 2141 3998 2305 4050; x_wconf 88' lang='lat' dir='ltr'><strong>multa</strong></span> <span class='ocrx_word' id='word_1_769' title='bbox 2340 3995 2545 4054; x_wconf 84' lang='lat' dir='ltr'><strong>habens</strong></span> <span class='ocrx_word' id='word_1_770' title='bbox 2579 4010 2698 4066; x_wconf 76' lang='lat' dir='ltr'><strong>quze</strong></span> <span class='ocrx_word' id='word_1_771' title='bbox 2731 3995 3102 4065; x_wconf 81' lang='lat' dir='ltr'><strong>responderet,</strong></span> <span class='ocrx_word' id='word_1_772' title='bbox 3151 3992 3286 4048; x_wconf 88' lang='lat' dir='ltr'><strong>nihil</strong></span> <span class='ocrx_word' id='word_1_773' title='bbox 3322 3994 3622 4061; x_wconf 87' lang='lat' dir='ltr'><strong>responde-</strong></span> 
     </span>
    </p>
   </div>
   <div class='ocr_carea' id='block_1_101' title="bbox 2051 4085 3625 4160">
    <p class='ocr_par' dir='ltr' id='par_1_101' title="bbox 2051 4085 3625 4160">
     <span class='ocr_line' id='line_1_101' title="bbox 2051 4085 3625 4160; baseline -0.003 -18"><span class='ocrx_word' id='word_1_774' title='bbox 2051 4097 2152 4151; x_wconf 87' lang='lat' dir='ltr'><strong>ret,</strong></span> <span class='ocrx_word' id='word_1_775' title='bbox 2179 4087 2273 4142; x_wconf 89' lang='lat' dir='ltr'><strong>sed</strong></span> <span class='ocrx_word' id='word_1_776' title='bbox 2303 4097 2646 4160; x_wconf 65' lang='lat' dir='ltr'><strong>accusatores</strong></span> <span class='ocrx_word' id='word_1_777' title='bbox 2681 4095 3071 4141; x_wconf 81' lang='lat' dir='ltr'><strong>contemneret.</strong></span> <span class='ocrx_word' id='word_1_778' title='bbox 3113 4085 3397 4142; x_wconf 79' lang='lat' dir='ltr'><strong>Discamus</strong></span> <span class='ocrx_word' id='word_1_779' title='bbox 3425 4093 3482 4138; x_wconf 86' lang='lat' dir='ltr'><strong>et</strong></span> <span class='ocrx_word' id='word_1_780' title='bbox 3524 4097 3625 4137; x_wconf 87' lang='lat' dir='ltr'><strong>nos</strong></span> 
     </span>
    </p>
   </div>
   <div class='ocr_carea' id='block_1_102' title="bbox 2053 4174 3624 4248">
    <p class='ocr_par' dir='ltr' id='par_1_102' title="bbox 2053 4174 3624 4248">
     <span class='ocr_line' id='line_1_102' title="bbox 2053 4174 3624 4248; baseline -0.001 -15"><span class='ocrx_word' id='word_1_781' title='bbox 2053 4180 2152 4233; x_wconf 93' lang='lat' dir='ltr'><strong>hoc</strong></span> <span class='ocrx_word' id='word_1_782' title='bbox 2192 4179 2313 4233; x_wconf 91' lang='lat' dir='ltr'><strong>loco</strong></span> <span class='ocrx_word' id='word_1_783' title='bbox 2334 4179 2604 4247; x_wconf 90' lang='lat' dir='ltr'><strong>quomodo</strong></span> <span class='ocrx_word' id='word_1_784' title='bbox 2631 4191 2820 4248; x_wconf 83' lang='lat' dir='ltr'><strong>gerere</strong></span> <span class='ocrx_word' id='word_1_785' title='bbox 2855 4191 2954 4232; x_wconf 88' lang='lat' dir='ltr'><strong>nos</strong></span> <span class='ocrx_word' id='word_1_786' title='bbox 3001 4177 3297 4232; x_wconf 83' lang='lat' dir='ltr'><strong>debeamus</strong></span> <span class='ocrx_word' id='word_1_787' title='bbox 3330 4175 3384 4230; x_wconf 90' lang='lat' dir='ltr'><strong>in</strong></span> <span class='ocrx_word' id='word_1_788' title='bbox 3413 4174 3624 4246; x_wconf 83' lang='lat' dir='ltr'><strong>judicio</strong></span> 
     </span>
    </p>
   </div>
   <div class='ocr_carea' id='block_1_103' title="bbox 2049 4266 3626 4340">
    <p class='ocr_par' dir='ltr' id='par_1_103' title="bbox 2049 4266 3626 4340">
     <span class='ocr_line' id='line_1_103' title="bbox 2049 4266 3626 4340; baseline -0.004 -15"><span class='ocrx_word' id='word_1_789' title='bbox 2049 4271 2272 4339; x_wconf 86' lang='lat' dir='ltr'><strong>injusto,</strong></span> <span class='ocrx_word' id='word_1_790' title='bbox 2299 4286 2364 4324; x_wconf 92' lang='lat' dir='ltr'><strong>ne</strong></span> <span class='ocrx_word' id='word_1_791' title='bbox 2389 4272 2513 4340; x_wconf 86' lang='lat' dir='ltr'><strong>quid</strong></span> <span class='ocrx_word' id='word_1_792' title='bbox 2532 4271 2796 4333; x_wconf 86' lang='lat' dir='ltr'><strong>dicamus,</strong></span> <span class='ocrx_word' id='word_1_793' title='bbox 2825 4285 2893 4325; x_wconf 87' lang='lat' dir='ltr'><strong>ne</strong></span> <span class='ocrx_word' id='word_1_794' title='bbox 2913 4269 3176 4326; x_wconf 87' lang='lat' dir='ltr'><strong>tumultus</strong></span> <span class='ocrx_word' id='word_1_795' title='bbox 3203 4266 3378 4337; x_wconf 89' lang='lat' dir='ltr'><strong>major</strong></span> <span class='ocrx_word' id='word_1_796' title='bbox 3407 4268 3626 4326; x_wconf 70' lang='lat' dir='ltr'><strong>oboria-</strong></span> 
     </span>
    </p>
   </div>
   <div class='ocr_carea' id='block_1_104' title="bbox 2053 4361 3624 4437">
    <p class='ocr_par' dir='ltr' id='par_1_104' title="bbox 2053 4361 3624 4437">
     <span class='ocr_line' id='line_1_104' title="bbox 2053 4361 3624 4437; baseline -0.001 -19"><span class='ocrx_word' id='word_1_797' title='bbox 2053 4373 2157 4427; x_wconf 87' lang='lat' dir='ltr'><strong>tur,</strong></span> <span class='ocrx_word' id='word_1_798' title='bbox 2191 4378 2325 4418; x_wconf 88' lang='lat' dir='ltr'><strong>neve</strong></span> <span class='ocrx_word' id='word_1_799' title='bbox 2352 4361 2574 4432; x_wconf 80' lang='lat' dir='ltr'><strong>majoris</strong></span> <span class='ocrx_word' id='word_1_800' title='bbox 2601 4363 3072 4418; x_wconf 85' lang='lat' dir='ltr'><strong>condemnatiouis</strong></span> <span class='ocrx_word' id='word_1_801' title='bbox 3100 4364 3450 4437; x_wconf 75' lang='lat' dir='ltr'><strong>occasionem</strong></span> <span class='ocrx_word' id='word_1_802' title='bbox 3482 4377 3624 4431; x_wconf 76' lang='lat' dir='ltr'><strong>pra:-</strong></span> 
     </span>
    </p>
   </div>
   <div class='ocr_carea' id='block_1_105' title="bbox 2052 4448 3621 4525">
    <p class='ocr_par' dir='ltr' id='par_1_105' title="bbox 2052 4448 3621 4525">
     <span class='ocr_line' id='line_1_105' title="bbox 2052 4448 3621 4525; baseline -0.001 -15"><span class='ocrx_word' id='word_1_803' title='bbox 2052 4458 2272 4512; x_wconf 88' lang='lat' dir='ltr'><strong>heamus</strong></span> <span class='ocrx_word' id='word_1_804' title='bbox 2304 4456 2388 4512; x_wconf 86' lang='lat' dir='ltr'><strong>his</strong></span> <span class='ocrx_word' id='word_1_805' title='bbox 2422 4455 2515 4525; x_wconf 90' lang='lat' dir='ltr'><strong>qui</strong></span> <span class='ocrx_word' id='word_1_806' title='bbox 2549 4448 2888 4516; x_wconf 75' lang='lat' dir='ltr'><strong>defensiones</strong></span> <span class='ocrx_word' id='word_1_807' title='bbox 2933 4464 3145 4515; x_wconf 82' lang='lat' dir='ltr'><strong>nostras</strong></span> <span class='ocrx_word' id='word_1_808' title='bbox 3183 4453 3376 4516; x_wconf 83' lang='lat' dir='ltr'><strong>audire</strong></span> <span class='ocrx_word' id='word_1_809' title='bbox 3408 4454 3621 4516; x_wconf 81' lang='lat' dir='ltr'><strong>nolunt.</strong></span> 
     </span>
    </p>
   </div>
   <div class='ocr_carea' id='block_1_106' title="bbox 2117 4723 3622 4790">
    <p class='ocr_par' dir='ltr' id='par_1_106' title="bbox 2117 4723 3622 4790">
     <span class='ocr_line' id='line_1_106' title="bbox 2117 4723 3622 4790; baseline -0.003 -10"><span class='ocrx_word' id='word_1_810' title='bbox 2117 4725 2282 4782; x_wconf 73' lang='lat' dir='ltr'><strong>Vens.</strong></span> <span class='ocrx_word' id='word_1_811' title='bbox 2314 4727 2502 4782; x_wconf 67' lang='lat'><strong>15-18.</strong></span> <span class='ocrx_word' id='word_1_812' title='bbox 2539 4743 2558 4778; x_wconf 81' lang='grc' dir='ltr'><strong>ι</strong></span> <span class='ocrx_word' id='word_1_813' title='bbox 2590 4723 2646 4779; x_wconf 87' lang='lat' dir='ltr'><strong>ln</strong></span> <span class='ocrx_word' id='word_1_814' title='bbox 2668 4725 2807 4780; x_wconf 84' lang='lat' dir='ltr'><strong>festo</strong></span> <span class='ocrx_word' id='word_1_815' title='bbox 2836 4731 3013 4781; x_wconf 87' lang='lat' dir='ltr'><strong>autem</strong></span> <span class='ocrx_word' id='word_1_816' title='bbox 3043 4729 3403 4781; x_wconf 82' lang='lat' dir='ltr'><strong>consueverat</strong></span> <span class='ocrx_word' id='word_1_817' title='bbox 3422 4737 3622 4790; x_wconf 71' lang='lat' dir='ltr'><strong>pra-sos</strong></span> 
     </span>
    </p>
   </div>
   <div class='ocr_carea' id='block_1_107' title="bbox 2049 4814 3612 4886">
    <p class='ocr_par' dir='ltr' id='par_1_107' title="bbox 2049 4814 3612 4886">
     <span class='ocr_line' id='line_1_107' title="bbox 2049 4814 3612 4886; baseline -0.003 -14"><span class='ocrx_word' id='word_1_818' title='bbox 2049 4819 2217 4872; x_wconf 77' lang='lat' dir='ltr'><strong>turba:</strong></span> <span class='ocrx_word' id='word_1_819' title='bbox 2260 4819 2532 4874; x_wconf 89' lang='lat' dir='ltr'><strong>dimittere</strong></span> <span class='ocrx_word' id='word_1_820' title='bbox 2581 4833 2747 4872; x_wconf 90' lang='lat' dir='ltr'><strong>unum</strong></span> <span class='ocrx_word' id='word_1_821' title='bbox 2794 4818 3031 4872; x_wconf 90' lang='lat' dir='ltr'><strong>vinctum</strong></span> <span class='ocrx_word' id='word_1_822' title='bbox 3086 4829 3248 4886; x_wconf 88' lang='lat' dir='ltr'><strong>quem</strong></span> <span class='ocrx_word' id='word_1_823' title='bbox 3292 4814 3612 4874; x_wconf 87' lang='lat' dir='ltr'><strong>voluissent,</strong></span> 
     </span>
    </p>
   </div>
   <div class='ocr_carea' id='block_1_108' title="bbox 2047 4907 3622 4979">
    <p class='ocr_par' dir='ltr' id='par_1_108' title="bbox 2047 4907 3622 4979">
     <span class='ocr_line' id='line_1_108' title="bbox 2047 4907 3622 4979; baseline -0.001 -15"><span class='ocrx_word' id='word_1_824' title='bbox 2047 4910 2290 4966; x_wconf 78' lang='lat' dir='ltr'><strong>Habebat</strong></span> <span class='ocrx_word' id='word_1_825' title='bbox 2319 4923 2498 4965; x_wconf 87' lang='lat' dir='ltr'><strong>autem</strong></span> <span class='ocrx_word' id='word_1_826' title='bbox 2534 4919 2662 4964; x_wconf 88' lang='lat' dir='ltr'><strong>tunc</strong></span> <span class='ocrx_word' id='word_1_827' title='bbox 2689 4909 2929 4964; x_wconf 82' lang='lat' dir='ltr'><strong>vinctum</strong></span> <span class='ocrx_word' id='word_1_828' title='bbox 2966 4909 3258 4979; x_wconf 80' lang='lat' dir='ltr'><strong>insignem,</strong></span> <span class='ocrx_word' id='word_1_829' title='bbox 3283 4908 3375 4977; x_wconf 80' lang='lat' dir='ltr'><strong>qui</strong></span> <span class='ocrx_word' id='word_1_830' title='bbox 3403 4907 3622 4964; x_wconf 82' lang='lat' dir='ltr'><strong>diceba-</strong></span> 
     </span>
    </p>
   </div>
   <div class='ocr_carea' id='block_1_109' title="bbox 2047 4999 3618 5072">
    <p class='ocr_par' dir='ltr' id='par_1_109' title="bbox 2047 4999 3618 5072">
     <span class='ocr_line' id='line_1_109' title="bbox 2047 4999 3618 5072; baseline -0.001 -15"><span class='ocrx_word' id='word_1_831' title='bbox 2047 5011 2134 5058; x_wconf 91' lang='lat' dir='ltr'><strong>tur</strong></span> <span class='ocrx_word' id='word_1_832' title='bbox 2164 5002 2462 5057; x_wconf 84' lang='lat' dir='ltr'><strong>Barabbas.</strong></span> <span class='ocrx_word' id='word_1_833' title='bbox 2497 5001 2854 5072; x_wconf 87' lang='lat' dir='ltr'><strong>Congregatis</strong></span> <span class='ocrx_word' id='word_1_834' title='bbox 2881 5016 3012 5072; x_wconf 86' lang='lat' dir='ltr'><strong>ergo</strong></span> <span class='ocrx_word' id='word_1_835' title='bbox 3047 5001 3173 5065; x_wconf 87' lang='lat' dir='ltr'><strong>illis,</strong></span> <span class='ocrx_word' id='word_1_836' title='bbox 3203 5001 3340 5060; x_wconf 82' lang='lat' dir='ltr'><strong>dixit</strong></span> <span class='ocrx_word' id='word_1_837' title='bbox 3371 4999 3576 5059; x_wconf 78' lang='lat' dir='ltr'><strong>Pilatus</strong></span> <span class='ocrx_word' id='word_1_838' title='bbox 3601 5016 3618 5055; x_wconf 89' lang='lat'><strong>:</strong></span> 
     </span>
    </p>
   </div>
   <div class='ocr_carea' id='block_1_110' title="bbox 2044 5091 3616 5162">
    <p class='ocr_par' dir='ltr' id='par_1_110' title="bbox 2044 5091 3616 5162">
     <span class='ocr_line' id='line_1_110' title="bbox 2044 5091 3616 5162; baseline -0.001 -15"><span class='ocrx_word' id='word_1_839' title='bbox 2044 5094 2212 5162; x_wconf 87' lang='lat' dir='ltr'><strong>Quem</strong></span> <span class='ocrx_word' id='word_1_840' title='bbox 2245 5095 2405 5149; x_wconf 87' lang='lat' dir='ltr'><strong>vultis</strong></span> <span class='ocrx_word' id='word_1_841' title='bbox 2440 5094 2706 5149; x_wconf 89' lang='lat' dir='ltr'><strong>dimittam</strong></span> <span class='ocrx_word' id='word_1_842' title='bbox 2752 5095 2926 5156; x_wconf 88' lang='lat' dir='ltr'><strong>vobis,</strong></span> <span class='ocrx_word' id='word_1_843' title='bbox 2961 5093 3282 5157; x_wconf 83' lang='lat' dir='ltr'><strong>Barabbam,</strong></span> <span class='ocrx_word' id='word_1_844' title='bbox 3329 5108 3397 5152; x_wconf 84' lang='lat' dir='ltr'><strong>an</strong></span> <span class='ocrx_word' id='word_1_845' title='bbox 3428 5091 3616 5153; x_wconf 66' lang='lat' dir='ltr'><strong>Iesum</strong></span> 
     </span>
    </p>
   </div>
   <div class='ocr_carea' id='block_1_111' title="bbox 2045 5186 3620 5260">
    <p class='ocr_par' dir='ltr' id='par_1_111' title="bbox 2045 5186 3620 5260">
     <span class='ocr_line' id='line_1_111' title="bbox 2045 5186 3620 5260; baseline -0.001 -18"><span class='ocrx_word' id='word_1_846' title='bbox 2045 5191 2134 5260; x_wconf 90' lang='lat' dir='ltr'><strong>qui</strong></span> <span class='ocrx_word' id='word_1_847' title='bbox 2177 5189 2378 5246; x_wconf 87' lang='lat' dir='ltr'><strong>dicitur</strong></span> <span class='ocrx_word' id='word_1_848' title='bbox 2424 5189 2711 5245; x_wconf 78' lang='lat' dir='ltr'><strong>Christus?</strong></span> <span class='ocrx_word' id='word_1_849' title='bbox 2756 5187 2972 5244; x_wconf 76' lang='lat' dir='ltr'><strong>Sciebat</strong></span> <span class='ocrx_word' id='word_1_850' title='bbox 3014 5191 3160 5248; x_wconf 80' lang='lat' dir='ltr'><strong>enim</strong></span> <span class='ocrx_word' id='word_1_851' title='bbox 3198 5186 3346 5256; x_wconf 84' lang='lat' dir='ltr'><strong>quod</strong></span> <span class='ocrx_word' id='word_1_852' title='bbox 3392 5192 3620 5257; x_wconf 81' lang='lat' dir='ltr'><strong>propter</strong></span> 
     </span>
    </p>
   </div>
   <div class='ocr_carea' id='block_1_112' title="bbox 2047 5276 3617 5337">
    <p class='ocr_par' dir='ltr' id='par_1_112' title="bbox 2047 5276 3617 5337">
     <span class='ocr_line' id='line_1_112' title="bbox 2047 5276 3617 5337; baseline -0.006 -1"><span class='ocrx_word' id='word_1_853' title='bbox 2047 5281 2300 5336; x_wconf 86' lang='lat' dir='ltr'><strong>invidiam</strong></span> <span class='ocrx_word' id='word_1_854' title='bbox 2332 5280 2684 5337; x_wconf 85' lang='lat' dir='ltr'><strong>tradidissent</strong></span> <span class='ocrx_word' id='word_1_855' title='bbox 2709 5295 2853 5336; x_wconf 88' lang='lat' dir='ltr'><strong>eum.</strong></span> <span class='ocrx_word' id='word_1_856' title='bbox 2893 5297 2912 5332; x_wconf 83' lang='grc' dir='ltr'><strong>ι</strong></span> <span class='ocrx_word' id='word_1_857' title='bbox 2947 5277 3156 5333; x_wconf 85' lang='lat' dir='ltr'><strong>Pilatus</strong></span> <span class='ocrx_word' id='word_1_858' title='bbox 3179 5277 3432 5335; x_wconf 83' lang='lat' dir='ltr'><strong>studebat</strong></span> <span class='ocrx_word' id='word_1_859' title='bbox 3453 5276 3617 5332; x_wconf 64' lang='lat' dir='ltr'><strong>Cbrit-</strong></span> 
     </span>
    </p>
   </div>
   <div class='ocr_carea' id='block_1_113' title="bbox 2044 5365 3621 5438">
    <p class='ocr_par' dir='ltr' id='par_1_113' title="bbox 2044 5365 3621 5438">
     <span class='ocr_line' id='line_1_113' title="bbox 2044 5365 3621 5438; baseline -0.003 -9"><span class='ocrx_word' id='word_1_860' title='bbox 2044 5381 2188 5429; x_wconf 89' lang='lat' dir='ltr'><strong>stum</strong></span> <span class='ocrx_word' id='word_1_861' title='bbox 2243 5372 2543 5435; x_wconf 86' lang='lat' dir='ltr'><strong>absolvere,</strong></span> <span class='ocrx_word' id='word_1_862' title='bbox 2588 5370 2805 5424; x_wconf 86' lang='lat' dir='ltr'><strong>tametsi</strong></span> <span class='ocrx_word' id='word_1_863' title='bbox 2860 5369 3060 5423; x_wconf 81' lang='lat' dir='ltr'><strong>lentius</strong></span> <span class='ocrx_word' id='word_1_864' title='bbox 3093 5381 3255 5438; x_wconf 83' lang='lat' dir='ltr'><strong>quam</strong></span> <span class='ocrx_word' id='word_1_865' title='bbox 3309 5365 3621 5436; x_wconf 77' lang='lat' dir='ltr'><strong>oportebat.</strong></span> 
     </span>
    </p>
   </div>
   <div class='ocr_carea' id='block_1_114' title="bbox 2044 5454 3621 5533">
    <p class='ocr_par' dir='ltr' id='par_1_114' title="bbox 2044 5454 3621 5533">
     <span class='ocr_line' id='line_1_114' title="bbox 2044 5454 3621 5533; baseline -0.006 -12"><span class='ocrx_word' id='word_1_866' title='bbox 2044 5467 2286 5522; x_wconf 66' lang='lat' dir='ltr'><strong>debebat</strong></span> <span class='ocrx_word' id='word_1_867' title='bbox 2302 5466 2446 5524; x_wconf 85' lang='lat' dir='ltr'><strong>enim</strong></span> <span class='ocrx_word' id='word_1_868' title='bbox 2475 5479 2533 5518; x_wconf 90' lang='lat' dir='ltr'><strong>se</strong></span> <span class='ocrx_word' id='word_1_869' title='bbox 2561 5479 2658 5533; x_wconf 89' lang='lat' dir='ltr'><strong>pro</strong></span> <span class='ocrx_word' id='word_1_870' title='bbox 2685 5462 2910 5516; x_wconf 86' lang='lat' dir='ltr'><strong>veritate</strong></span> <span class='ocrx_word' id='word_1_871' title='bbox 2938 5459 3194 5529; x_wconf 84' lang='lat' dir='ltr'><strong>objicere.</strong></span> <span class='ocrx_word' id='word_1_872' title='bbox 3225 5454 3467 5525; x_wconf 78' lang='lat' dir='ltr'><strong>Primum</strong></span> <span class='ocrx_word' id='word_1_873' title='bbox 3491 5458 3621 5528; x_wconf 84' lang='lat' dir='ltr'><strong>qui-</strong></span> 
     </span>
    </p>
   </div>
   <div class='ocr_carea' id='block_1_115' title="bbox 2044 5547 3621 5628">
    <p class='ocr_par' dir='ltr' id='par_1_115' title="bbox 2044 5547 3621 5628">
     <span class='ocr_line' id='line_1_115' title="bbox 2044 5547 3621 5628; baseline -0.005 -12"><span class='ocrx_word' id='word_1_874' title='bbox 2044 5561 2163 5616; x_wconf 85' lang='lat' dir='ltr'><strong>dem</strong></span> <span class='ocrx_word' id='word_1_875' title='bbox 2211 5557 2577 5628; x_wconf 83' lang='lat' dir='ltr'><strong>interrogabat</strong></span> <span class='ocrx_word' id='word_1_876' title='bbox 2632 5554 2915 5610; x_wconf 88' lang='lat' dir='ltr'><strong>Dominum</strong></span> <span class='ocrx_word' id='word_1_877' title='bbox 2959 5570 2974 5611; x_wconf 85' lang='lat'><strong>:</strong></span> <span class='ocrx_word' id='word_1_878' title='bbox 3015 5549 3133 5614; x_wconf 83' lang='lat' dir='ltr'><strong>Non</strong></span> <span class='ocrx_word' id='word_1_879' title='bbox 3173 5549 3328 5606; x_wconf 88' lang='lat' dir='ltr'><strong>audis</strong></span> <span class='ocrx_word' id='word_1_880' title='bbox 3363 5549 3494 5621; x_wconf 87' lang='lat' dir='ltr'><strong>quid</strong></span> <span class='ocrx_word' id='word_1_881' title='bbox 3541 5547 3621 5610; x_wconf 85' lang='lat' dir='ltr'><strong>illl</strong></span> 
     </span>
    </p>
   </div>
   <div class='ocr_carea' id='block_1_116' title="bbox 2045 5640 3620 5714">
    <p class='ocr_par' dir='ltr' id='par_1_116' title="bbox 2045 5640 3620 5714">
     <span class='ocr_line' id='line_1_116' title="bbox 2045 5640 3620 5714; baseline -0.01 -6"><span class='ocrx_word' id='word_1_882' title='bbox 2045 5661 2231 5710; x_wconf 86' lang='lat' dir='ltr'><strong>contra</strong></span> <span class='ocrx_word' id='word_1_883' title='bbox 2269 5660 2320 5705; x_wconf 89' lang='lat' dir='ltr'><strong>te</strong></span> <span class='ocrx_word' id='word_1_884' title='bbox 2369 5646 2760 5706; x_wconf 83' lang='lat' dir='ltr'><strong>tcstilicentur‘!</strong></span> <span class='ocrx_word' id='word_1_885' title='bbox 2795 5645 3152 5714; x_wconf 78' lang='lat' dir='ltr'><strong>Interrogavit</strong></span> <span class='ocrx_word' id='word_1_886' title='bbox 3196 5653 3414 5706; x_wconf 86' lang='lat' dir='ltr'><strong>autem,</strong></span> <span class='ocrx_word' id='word_1_887' title='bbox 3473 5647 3531 5694; x_wconf 91' lang='lat' dir='ltr'><strong>ut</strong></span> <span class='ocrx_word' id='word_1_888' title='bbox 3569 5640 3620 5710; x_wconf 71' lang='lat' dir='ltr'><strong>si</strong></span> 
     </span>
    </p>
   </div>
   <div class='ocr_carea' id='block_1_117' title="bbox 2043 5731 3612 5806">
    <p class='ocr_par' dir='ltr' id='par_1_117' title="bbox 2043 5731 3612 5806">
     <span class='ocr_line' id='line_1_117' title="bbox 2043 5731 3612 5806; baseline -0.012 -5"><span class='ocrx_word' id='word_1_889' title='bbox 2043 5744 2292 5802; x_wconf 89' lang='lat' dir='ltr'><strong>Christus</strong></span> <span class='ocrx_word' id='word_1_890' title='bbox 2329 5757 2388 5799; x_wconf 87' lang='lat' dir='ltr'><strong>se</strong></span> <span class='ocrx_word' id='word_1_891' title='bbox 2413 5749 2719 5806; x_wconf 79' lang='lat' dir='ltr'><strong>excusaret,</strong></span> <span class='ocrx_word' id='word_1_892' title='bbox 2766 5738 2990 5794; x_wconf 84' lang='lat' dir='ltr'><strong>haberet</strong></span> <span class='ocrx_word' id='word_1_893' title='bbox 3034 5736 3378 5791; x_wconf 84' lang='lat' dir='ltr'><strong>occasionem</strong></span> <span class='ocrx_word' id='word_1_894' title='bbox 3430 5731 3612 5789; x_wconf 66' lang='lat' dir='ltr'><strong>absol.</strong></span> 
     </span>
    </p>
   </div>
   <div class='ocr_carea' id='block_1_118' title="bbox 2043 5820 3604 5898">
    <p class='ocr_par' dir='ltr' id='par_1_118' title="bbox 2043 5820 3604 5898">
     <span class='ocr_line' id='line_1_118' title="bbox 2043 5820 3604 5898; baseline -0.012 -5"><span class='ocrx_word' id='word_1_895' title='bbox 2043 5837 2202 5898; x_wconf 82' lang='lat' dir='ltr'><strong>vendi</strong></span> <span class='ocrx_word' id='word_1_896' title='bbox 2239 5851 2384 5896; x_wconf 87' lang='lat' dir='ltr'><strong>eum.</strong></span> <span class='ocrx_word' id='word_1_897' title='bbox 2426 5835 2496 5895; x_wconf 75' lang='lat' dir='ltr'><strong>At</strong></span> <span class='ocrx_word' id='word_1_898' title='bbox 2535 5847 2660 5892; x_wconf 83' lang='lat' dir='ltr'><strong>cum</strong></span> <span class='ocrx_word' id='word_1_899' title='bbox 2718 5843 2823 5888; x_wconf 89' lang='lat' dir='ltr'><strong>ncu</strong></span> <span class='ocrx_word' id='word_1_900' title='bbox 2876 5825 3194 5891; x_wconf 74' lang='lat' dir='ltr'><strong>defenderet</strong></span> <span class='ocrx_word' id='word_1_901' title='bbox 3233 5837 3292 5882; x_wconf 83' lang='lat' dir='ltr'><strong>se</strong></span> <span class='ocrx_word' id='word_1_902' title='bbox 3333 5820 3604 5896; x_wconf 81' lang='lat' dir='ltr'><strong>Christus,</strong></span> 
     </span>
    </p>
   </div>
  </div>
