3968 6460
512 317 620 382 663

1363 313 1948 377 THEOPHYLACTI
1995 313 2412 374 BULGARLE
2455 316 2791 378 ARCHIEP
3622 326 3715 392 ιιι

509 441 686 496 sciens
717 451 774 492 se
807 451 912 491 non
944 431 1226 489 dimissum
1273 432 1336 486 iri
1380 431 1729 500 quantumvis
1771 445 1828 486 se
1852 444 2071 486 excusa-

2187 431 2424 499 γήσηται
2447 471 2460 492 ,
2499 431 2598 483 ούκ
2644 431 3002 500 ἀφεθήσεται,
3038 431 3234 505 ἑτέραν
3265 435 3382 490 ὁδὸν
3431 439 3672 510 τρέπεται
3705 453 3728 504 ὁ

509 541 612 597 ret,
639 529 796 584 aliam
845 526 984 581 viam
1019 525 1226 580 invenit
1259 521 1480 586 Pilatus,
1514 531 1570 576 et
1602 521 1840 590 confugit
1867 521 1976 589 jam
2009 519 2075 573 ad

508 620 976 684 consuetudinem,
1007 615 1164 688 quasi
1201 617 1277 672 sic
1306 615 1512 670 diceret
1553 631 1566 669 :
1606 613 1661 668 Si
1691 629 1797 668 non
1834 623 1892 668 ut
1923 613 2075 667 iuno-

507 725 717 773 ceutcm
750 709 1022 766 dimittitis
1057 707 1264 772 Jcsum,
1311 707 1501 763 saltem
1545 717 1802 776 tanquam
1853 705 2078 759 damna-

509 821 620 865 tum
655 807 956 864 condonate
1009 804 1182 874 ipsum
1229 801 1354 857 huic
1403 799 1560 856 festo.
1605 799 1884 865 Quomodo
1929 799 2074 852 enim

503 901 766 973 suspicari
796 899 1059 971 patuisset
1091 895 1294 954 Pilatus
1327 896 1468 965 quod
1514 895 1856 948 innocentem
1887 890 2074 948 Jesum

505 995 571 1048 ad
596 991 1016 1059 cruciﬁgeudum
1047 995 1310 1058 peterent,
1341 994 1395 1040 et
1430 999 1578 1040 reum
1608 983 1870 1038 latronem
1895 981 2077 1036 dimit-

503 1083 716 1139 terent?
760 1081 951 1138 Sciens
1000 1081 1164 1150 igitur
1202 1093 1306 1134 non
1350 1091 1471 1132 esse
1519 1092 1692 1142 reum,
1744 1075 1837 1131 sed
1877 1073 2074 1128 invidia

502 1175 785 1241 traditum,
809 1172 926 1229 ideo
948 1172 1241 1244 interrogat
1272 1184 1387 1225 eos.
1418 1168 1570 1225 Unde
1587 1166 1823 1222 ostendit
1848 1179 1907 1220 se
1929 1163 2076 1234 plus-

503 1281 664 1337 quam
725 1279 938 1333 aequum
1003 1272 1123 1317 erat
1173 1260 1521 1316 molliorem:
1583 1258 1743 1329 156
1793 1255 2076 1327 oportebat

501 1361 646 1414 enim
678 1371 776 1428 pro
805 1355 1032 1411 veritate
1059 1353 1378 1426 periclitari.
1400 1352 1588 1422 Itaque
1614 1351 1807 1420 dignus
1836 1357 1918 1404 est
1945 1363 2075 1402 con—

503 1452 870 1517 dcnmatioue,
894 1458 1153 1520 tanquam
1180 1446 1422 1503 veritatis
1441 1457 1778 1514 suppressor.
1803 1441 2076 1498 Barabbas

504 1555 682 1600 autem
728 1541 1084 1612 interpretari
1138 1539 1263 1611 quis
1307 1545 1482 1608 potest
1519 1536 1692 1606 ﬁlium
1727 1534 1920 1604 patris.
1972 1531 2074 1587 Bar

503 1638 644 1691 enim
677 1636 844 1705 ﬁlius,
879 1633 1062 1690 Abbas
1096 1640 1278 1687 autem
1308 1641 1478 1701 pater.
1511 1627 1677 1684 Judaei
1713 1628 1876 1697 igitur
1907 1625 2073 1680 lilium

503 1729 673 1799 patris
703 1729 785 1783 sui
812 1726 1012 1782 diaboli
1042 1723 1406 1796 postularunt,
1445 1720 1628 1778 Jesum
1671 1733 1852 1775 autem
1889 1718 2074 1774 cruci-

2187 522 2437 584 Πιλᾶτος,
2471 521 2564 575 καὶ
2597 524 2933 592 καταφεύγει
2957 523 3145 577 λοιπὸν
3170 527 3262 579 ἐπὶ
3293 528 3352 580 τδ
3388 529 3526 596 ἔθος,
3562 553 3730 602 μονον.

2182 614 2304 683 ουχὶ
2341 613 2498 667 τοῦτο
2543 613 2718 684 λέγων
2739 631 2752 646 ·
2783 616 2843 669 El
2881 615 2958 688 μὴ
2980 614 3055 678 ὡς
3085 617 3262 671 ἀθῶον
3289 620 3476 689 ἀφίετε
3514 625 3600 680 τὸν
3635 629 3727 702 Ἰη.

2185 703 2331 767 σοῦν,
2351 703 2452 758 κᾶν
2477 704 2554 768 ὡς
2579 704 2908 775 κατάκριτον
2933 705 3234 776 χαρίσασθε
3257 709 3447 765 τοῦτον
3471 717 3534 783 τῇ
3562 719 3726 791 ἑορτῇ.

2183 795 2293 852 Ποῦ
2321 801 2428 868 γὰρ
2459 795 2526 850 ἂν
2555 795 2825 852 ὑπέλαϐεν
2857 797 2886 850 6
2920 797 3152 862 Πιλάτος
3189 799 3272 855 ὅτι
3311 801 3488 856 ἀθῶον
3515 806 3631 861 ὄντα
3653 812 3730 865 τὸν

2198 888 2402 960 Ἰησοῦν
2435 891 2751 962 αἰτήσονται
2803 891 3206 962 σταυρωθῆναι,
3261 895 3357 948 καὶ
3393 896 3483 950 τὸν
3512 899 3731 957 ὑπαίτιον

2182 983 2385 1056 λῃστήν
2431 983 2832 1052 ἀπολύσουσιν;
2881 984 3049 1048 Είδὼς
3079 981 3174 1040 οῦν
3219 986 3304 1040 ὅτι
3363 988 3604 1056 ὑπαίτιος
3647 998 3730 1050 οὐκ

2183 1077 2321 1140 ἐστι,
2385 1075 2662 1146 φθονείται
2707 1077 2799 1143 δὲ,
2843 1076 3037 1131 τούτου
3084 1079 3271 1134 ἕνεκεν
3315 1081 3496 1153 ἐρωτᾷ
3524 1086 3728 1151 αὐτούς·

2180 1170 2303 1224 ὅθεν
2337 1169 2612 1223 δείκνυται
2642 1169 2724 1222 ὅτι
2765 1167 3160 1242 μαλακώτερος
3189 1167 3258 1242 ἦν
3277 1187 3292 1202 ·
3326 1173 3434 1226 ἔδει
3467 1175 3570 1246 γὰρ
3594 1179 3732 1232 αὑτὸν

2183 1259 2633 1332 προκινδυνεῦσαι
2676 1259 2770 1313 τοῦ
2805 1259 3036 1328 ἀγαθοῦ.
3065 1262 3164 1314 Διά
3195 1261 3356 1316 τοῦτο
3378 1259 3470 1318 οῦν
3495 1268 3583 1319 καὶ
3605 1269 3730 1332 ἄξιος

2181 1355 2583 1427 κατακρίσεως,
2616 1355 2693 1420 ὡς
2718 1355 2816 1428 τὴν
2845 1357 3106 1428 ἀλήθειαν
3136 1360 3512 1430 συγκαλύψας.
3545 1362 3732 1433 Βαραϐ-

2181 1448 2284 1512 ϐᾶς
2309 1448 2364 1501 δὲ
2392 1449 2782 1521 ἑρμηνεύεται,
2808 1449 2942 1516 υίὸς
2977 1451 3084 1506 τοῦ
3135 1456 3364 1522 πατρός
3385 1472 3398 1486 ·
3431 1450 3530 1526 βάρ
3573 1458 3671 1530 γὰρ
3703 1465 3730 1515 ό

2181 1539 2332 1606 υίὸς,
2359 1538 2532 1602 ἀϐϐᾶς
2551 1539 2609 1593 δὲ
2641 1541 2674 1594 ὀ
2698 1541 2916 1609 πατήρ.
2943 1543 3006 1596 Οί
3032 1541 3211 1596 τοίνυν
3246 1544 3506 1611 Ἰουδαῖοι,
3537 1547 3618 1601 τὸν
3633 1551 3731 1604 υίδν

2179 1631 2276 1684 τοῦ
2307 1631 2514 1702 πατρὸς
2544 1631 2745 1694 αὐτῶν,
2767 1631 2862 1686 τοῦ
2897 1631 3170 1697 διαϐόλου,
3204 1633 3556 1706 ἐξῃτήσαντο,
3581 1639 3662 1694 τὸν
3681 1643 3728 1697 δι

2192 1723 2400 1796 Ἰησοῦν
2427 1725 2812 1794 ἐσταύρωσαν·
2843 1725 2940 1778 καὶ
2985 1724 3150 1797 μέχρι
3190 1726 3249 1780 δὲ
3282 1727 3378 1780 τοῦ
3408 1729 3522 1794 νῦν,
3547 1730 3619 1801 τῷ
3646 1731 3728 1802 μιν

492 1823 736 1877 ﬁxerunt
762 1839 776 1876 :
802 1827 856 1874 et
883 1832 1052 1891 usque
1080 1820 1134 1874 in
1165 1818 1312 1873 hunc
1344 1817 1484 1874 diem
1509 1815 1622 1870 tilio
1651 1813 1823 1885 patris
1853 1813 1937 1869 sui
1965 1813 2071 1867 An-

2182 1817 2281 1888 υίῷ
2309 1816 2401 1870 τοῦ
2437 1817 2642 1887 πατρὸς
2673 1817 2876 1885 αὐτῶν,
2905 1818 2984 1890 τῷ
3024 1818 3398 1893 ’Δντιχρίστῳ,
3442 1821 3726 1893 προστίθεν-

503 1916 755 1972 ticliristo
791 1913 1090 1977 adhaerent,
1124 1909 1400 1968 Christum
1433 1923 1612 1966 autem
1645 1909 1933 1978 abnegant.

574 1995 738 2064 νέας.
766 2007 956 2063 19-26.
1007 2023 1024 2057 ι
1066 2005 1300 2062 Sedeute
1329 2010 1508 2058 autem
1533 2001 1624 2056 illo
1660 2015 1758 2069 pro
1800 1997 2074 2064 tribunali,

501 2103 650 2158 misit
681 2103 745 2156 ad
775 2116 898 2155 eum
931 2114 1068 2154 uxor
1101 2098 1241 2169 ejus,
1269 2095 1453 2150 dicens
1494 2113 1507 2150 :
1560 2093 1706 2149 Nihil
1738 2093 1831 2149 tibi
1855 2092 2076 2164 etjusto

501 2197 597 2251 illi.
628 2193 792 2248 Multa
825 2193 969 2249 enim
1002 2205 1158 2263 passa
1201 2205 1318 2246 sum
1351 2188 1512 2244 hodie
1535 2189 1587 2242 in
1616 2187 1822 2243 somnis
1860 2195 2076 2258 propter

501 2303 644 2345 eum.
688 2287 964 2356 Principes
993 2293 1172 2340 autem
1208 2281 1549 2338 sacerdotum
1583 2291 1637 2336 et
1675 2279 1916 2336 seniores
1947 2293 2072 2348 pcr-

500 2389 790 2434 suaserunt
820 2376 992 2431 turbis
1026 2384 1083 2429 ut
1116 2383 1362 2444 peterent
1386 2367 1912 2435 Barabham,Jesum
1945 2381 2073 2423 vero

499 2471 807 2538 perderent.
867 2467 1220 2537 Respondeas
1259 2472 1438 2519 autem
1501 2476 1702 2531 praeses
1759 2461 1835 2517 ait
1897 2459 2002 2518 illis
2053 2478 2069 2517 :

503 2555 588 2612 Uti
605 2572 693 2611 um
731 2555 894 2610 vultis
917 2555 1068 2609 vobis
1095 2569 1125 2609 e
1150 2553 1364 2608 duobus
1389 2552 1652 2606 dituittam
1673 2550 1694 2604 ?
1717 2551 1786 2606 At
1817 2551 1892 2607 illi
1919 2553 2070 2609 dixe-

501 2657 627 2701 runt
670 2665 681 2699 :
726 2644 1045 2700 Barahbam.
1087 2644 1223 2699 Dicit
1257 2643 1365 2699 illis
1415 2640 1668 2698 Pilatus:
1721 2643 1860 2709 Quid
1913 2644 2074 2713 igitur

503 2739 698 2795 faciam
750 2740 815 2794 de
863 2738 1020 2804 Jesu,
1061 2738 1152 2809 qui
1205 2737 1402 2794 dicitur
1440 2735 1732 2793 Christus?
1784 2735 1981 2792 Dicunt
2022 2737 2071 2792 ei

498 2848 686 2888 omnes
717 2851 730 2887 :
755 2831 1136 2902 Cruciiigatur.
1161 2829 1370 2887 Prmscs
1395 2840 1574 2885 autem
1610 2830 1686 2884 ait
1718 2847 1730 2884 :
1759 2829 1900 2896 Quid
1927 2831 2072 2886 enim

501 2924 626 2979 mali
659 2923 821 2979 fecit?
849 2924 916 2977 At
943 2923 1019 2976 illi
1055 2923 1224 2992 magis
1248 2923 1577 2987 clamabant,
1609 2921 1850 2978 dicentes
1885 2939 1899 2977 :
1933 2921 2071 2976 Cru-

497 3014 767 3087 ciﬁgatur.
815 3013 1011 3070 Videas
1041 3023 1220 3069 autem
1255 3013 1462 3069 Pilatus
1495 3014 1638 3084 quod
1669 3012 1800 3069 nihil
1836 3014 2068 3084 proiice-

499 3115 602 3175 ret,
628 3111 722 3166 sed
749 3108 922 3180 magis
956 3107 1214 3164 tumultus
1241 3107 1420 3172 ﬁeret,
1451 3116 1670 3175 accepta
1704 3121 1843 3176 aqua
1879 3122 2071 3162 manus

499 3202 668 3256 abtnit
696 3215 878 3257 coram
913 3200 1132 3270 populo,
1162 3199 1347 3256 dicens
1391 3215 1406 3254 :
1441 3197 1704 3256 lunoceus
1748 3214 1849 3270 ego
1887 3215 2006 3256 sum
2040 3215 2070 3255 a

498 3295 760 3364 sanguine
781 3294 912 3364 justi
947 3294 1126 3363 hujus,
1167 3308 1262 3350 vos
1305 3292 1580 3349 videbitis.
1643 3291 1708 3346 Et
1739 3293 2073 3363 respondens

493 3388 786 3440 universus
814 3387 1040 3456 populus
1065 3385 1202 3440 dixit
1229 3405 1242 3440 :
1281 3383 1516 3455 Sanguis
1545 3383 1666 3453 ejus
1695 3399 1857 3454 super
1883 3399 1983 3440 nos
2019 3393 2074 3439 et

499 3492 663 3547 super
707 3477 846 3532 ﬁlios
894 3486 1129 3532 nostros.
1166 3475 1320 3531 Tunc
1367 3476 1574 3532 dimisit
1611 3475 1717 3532 illis
1745 3475 2068 3542 Barabham,

498 3567 682 3624 Iesum
706 3579 886 3623 autem
913 3567 1238 3640 ﬂagellatam
1265 3567 1484 3622 tradidit
1505 3575 1564 3621 ut
1589 3566 2017 3636 cruciligeretur.
2047 3583 2067 3616 ι

499 3659 548 3716 0
576 3659 936 3716 miraculuml
989 3659 1080 3730 qui
1101 3658 1376 3727 iudicatur
1405 3673 1436 3712 a
1467 3655 1659 3723 Pilato,
1695 3671 1917 3712 uxorein
1956 3657 2074 3726 ejus

501 3763 686 3810 terret.
719 3752 837 3823 Ipse
873 3763 1054 3808 autem
1106 3767 1212 3808 non
1257 3753 1406 3808 videt
1439 3751 1734 3814 somnium,
1780 3751 1878 3806 sed
1912 3765 2072 3817 uxor,

497 3847 580 3904 vel
611 3847 754 3917 quod
798 3847 912 3916 ipse
939 3845 1193 3917 indiguus
1227 3854 1364 3910 erat,
1397 3843 1482 3900 vel
1507 3844 1654 3916 quod
1705 3843 1838 3899 ﬁdes
1871 3843 1921 3900 ei
1963 3859 2071 3898 non

496 3941 686 3999 fuisset
727 3941 929 4007 habita,
967 3941 1059 3996 sed
1103 3940 1252 3997 visus
1294 3950 1445 3997 esset
1482 3941 1548 3995 ad
1595 3942 1824 4011 gratiam
1869 3940 2014 4011 loqui
2055 3960 2069 3996 :

495 4034 746 4089 fortassis
773 4033 936 4088 etiam
960 4033 1218 4088 tacuisset
1249 4031 1399 4100 talia,
1428 4032 1474 4087 si
1502 4032 1752 4096 vidisset,
1775 4047 1900 4087 cum
1924 4041 2070 4088 esset

491 4124 679 4196 jhdes.
722 4124 1082 4181 Providentia
1113 4131 1294 4180 autem
1340 4136 1479 4194 opus
1519 4124 1790 4178 somnium
1841 4122 2067 4190 factum,

496 4232 602 4271 nou
634 4223 692 4269 ut
729 4215 1038 4272 absolvatur
1065 4215 1337 4280 Christus,
1385 4215 1482 4270 sed
1519 4225 1579 4269 ut
1621 4224 1874 4271 servetur
1913 4229 2068 4270 uxor.

2179 1926 2291 1975 ται,
2325 1910 2417 1964 τὸν
2441 1910 2497 1964 δὲ
2529 1911 2764 1983 Χριστὸν
2799 1912 3220 1983 παραιτοῦνται.

2258 2018 2276 2046 ι
2307 2000 2638 2072 Καθημένου
2665 2001 2723 2056 δὲ
2743 2003 2908 2057 αὑτοῦ
2931 2004 3025 2056 ἐπὶ
3049 2003 3145 2057 τοῦ
3180 2005 3445 2075 βήματος,
3469 2007 3722 2064 ἀπέστειλε

2179 2094 2316 2165 πρὸς
2345 2094 2507 2148 αὐτὸν
2549 2096 2581 2167 ή
2623 2096 2761 2168 γυνὴ
2788 2095 2974 2162 αὑτοῦ,
3015 2097 3287 2166 λέγουσα·
3325 2100 3501 2170 Μηδέν
3543 2102 3614 2154 σοὶ
3650 2104 3725 2156 καὶ

2176 2182 2254 2253 τῷ
2282 2183 2476 2254 δικαίῳ
2510 2185 2723 2256 ἐκείνῳ.
2763 2186 2939 2242 Πολλά
2977 2188 3086 2258 γὰρ
3117 2188 3323 2244 ἔπαθον
3365 2192 3594 2263 σήμερον
3622 2191 3722 2246 κατ’

2175 2275 2308 2346 ὄναρ
2345 2275 2412 2329 δι’
2447 2277 2630 2330 αὐτόν.
2666 2279 2729 2331 Oi
2771 2277 2829 2332 δὲ
2859 2279 3136 2351 ἀρχιερεῖς
3172 2281 3269 2336 καὶ
3297 2281 3348 2334 oi
3397 2281 3722 2354 πρεσϐύτεροι

2176 2363 2403 2422 ιπεισαν
2434 2369 2560 2432 τοὺς
2596 2369 2787 2440 ὄχλους
2816 2371 2901 2424 ἵνα
2934 2372 3272 2442 αἰτήσωνται
3322 2373 3413 2427 τὸν
3446 2374 3721 2446 Βαραϐϐᾶν,

2175 2459 2268 2514 τὸν
2301 2459 2358 2514 δὲ
2405 2459 2612 2530 Ἰησοῦν
2640 2459 3000 2517 ἀπολέσωσιν.
3059 2463 3410 2534 ’Δποκριθεὶς
3447 2467 3475 2519 6
3509 2456 3720 2536 ήγεμὼν,

2175 2547 2328 2606 εἶπεν
2355 2553 2565 2620 αὐτοῖς·
2589 2552 2725 2607 Τίνα
2745 2553 2929 2608 θέλετε
2956 2555 3064 2608 ἀπὸ
3089 2555 3200 2609 τῶν
3220 2557 3315 2609 δύο
3338 2557 3581 2611 ἀπολύσω
3593 2559 3720 2628 ύμῖν;

2175 2645 2238 2698 Οί
2272 2644 2329 2698 δὲ
2358 2639 2543 2700 εἷπον·
2573 2645 2883 2718 Βαραϐϐᾶν.
2917 2647 3083 2717 Λέγει
3113 2648 3304 2710 αὐτοῖς
3343 2649 3370 2703 6
3407 2650 3644 2714 Πιλάτος·
3670 2649 3722 2700 Τί

2174 2731 2268 2790 οῦν
2295 2737 2507 2809 ποιήσω
2540 2737 2744 2809 Ἰησοῦν
2765 2739 2857 2794 τὸν
2875 2737 3168 2810 λεγόμενον
3190 2742 3429 2813 Χριστόν
3453 2759 3468 2808 ;
3495 2742 3721 2810 Λέγουσιν

2174 2826 2324 2898 αύτῷ
2343 2825 2563 2892 πάντες·
2590 2827 2986 2901 Σταυρωθήτω.
3005 2832 3064 2884 ’0
3082 2831 3138 2885 δὲ
3161 2831 3390 2903 ήγεμὼν
3416 2833 3535 2902 ἔφη·
3560 2834 3616 2886 Τί
3634 2834 3722 2902 γὰρ

2176 2919 2347 2976 κακὸν
2380 2921 2674 2993 ἑποίησενς
2711 2923 2775 2975 Oi
2805 2923 2862 2977 δὲ
2894 2925 3170 2994 περισσῶς
3203 2924 3456 2996 ἔκραζον,
3475 2905 3718 2994 λέγοντες·

2175 3013 2574 3086 Σταυρωθήτω.
2612 3015 2760 3070 Ἰδὼν
2798 3016 2854 3070 δὲ
2893 3019 2921 3068 6
2955 3018 3206 3082 Πιλάτος.
3235 3019 3320 3072 ὅτι
3350 3019 3499 3073 οὐδὲν
3525 3017 3715 3086 ὠφελεῖ,

2174 3105 2313 3160 ἀλλὰ
2337 3106 2536 3176 μᾶλλον
2561 3106 2790 3179 θόρυϐος
2817 3108 3052 3179 γίνεται,
3081 3109 3268 3166 λαϐὼν
3292 3110 3438 3184 ὕδωρ
3459 3109 3719 3179 ἀπενίψατο

2175 3199 2274 3263 τάς
2311 3200 2498 3270 χεῖρας
2519 3201 2780 3254 ἀπέναντι
2810 3200 2902 3256 τοῦ
2939 3201 3120 3272 ὄχλου,
3149 3203 3330 3274 λέγων
3351 3220 3367 3238 ·
3414 3203 3602 3266 ’Δθῶός
3625 3203 3719 3270 ειμι

2175 3291 2284 3345 ἀπὸ
2324 3289 2420 3345 τοῦ
2454 3291 2686 3363 αἵματος
2721 3292 2817 3346 τοῦ
2843 3294 3054 3348 δικαίου
3090 3296 3308 3358 τούτου,
3345 3298 3498 3366 ὑμεῖς
3533 3294 3714 3363 ὄψεσθε.

2176 3383 2281 3437 Καὶ
2311 3385 2632 3457 ἀποκριθεὶς
2664 3386 2771 3450 πᾶς
2801 3386 2831 3438 6
2853 3386 3003 3453 λαὸς,
3036 3383 3185 3442 εἷπε·
3215 3389 3290 3442 Τὸ
3319 3383 3455 3458 αἷμα
3484 3385 3629 3441 αὑτοῦ
3649 3387 3703 3449 ἐφ

2177 3477 2324 3546 ἡμᾶς
2358 3477 2455 3531 καὶ
2485 3479 2581 3529 ἰπὶ
2611 3477 2678 3530 τὰ
2703 3478 2868 3531 τέκνα
2891 3480 3067 3548 ήμῶν.
3111 3479 3248 3535 Τότε
3279 3482 3540 3535 ἀπέλυσεν
3566 3477 3716 3538 αὐτοῖς

2175 3567 2264 3620 τὸν
2295 3567 2611 3638 Βαραϐϐᾶν,
2637 3569 2730 3624 τὸν
2771 3570 2830 3624 δὲ
2873 3569 3082 3641 Ἰησοῦν
3132 3572 3559 3643 φραγγελώσσας
3594 3581 3708 3635 παρ·

2175 3659 2376 3714 έδωκεν
2402 3661 2488 3715 ῐνα
2509 3663 2854 3734 σταυρωθῇ.»
2883 3664 2948 3717 Ὦ
2982 3663 3077 3718 τοῦ
3103 3664 3409 3738 θαύματοςί
3441 3661 3716 3735 κρινόμενος

2175 3750 2281 3804 ὑπὸ
2311 3751 2568 3818 Πιλάτου,
2598 3753 2847 3825 ἐξεφόϐει
2881 3755 2980 3826 τὴν
3001 3756 3194 3811 τούτου
3225 3759 3455 3826 γυναῖκα
3479 3770 3492 3784 ·
3523 3753 3611 3806 οὐκ
3634 3748 3711 3801 αὒ-

2174 3841 2264 3903 τδς
2285 3841 2342 3896 δι
2369 3844 2470 3914 ὁρᾷ
2503 3844 2564 3898 τδ
2592 3844 2746 3917 ὄναρ,
2784 3845 2900 3900 ἀλλ’
2930 3848 2964 3918 ή
2995 3849 3156 3918 γυνὴ,
3191 3851 3225 3920 η
3247 3845 3396 3904 sum
3440 3843 3636 3910 ἀνάξιος
3658 3834 3712 3907 ἦν

2174 3933 2427 4006 αύτὸς,ἣ
2476 3936 2558 3990 ὅτι
2630 3937 2732 3990 οὐκ
2777 3937 2843 3993 ἂν
2895 3940 3217 4012 ἐπιστεύθη,
3278 3939 3392 3994 ἀλλ’
3438 3935 3573 3999 ἔδοξα
3604 3930 3711 4001 πρὶς

2173 4025 2334 4098 χάριν
2376 4025 2584 4095 λέγειν·
2619 4029 2780 4102 τυχὸν
2825 4030 2882 4086 δὶ
2929 4033 3026 4086 καὶ
3076 4032 3389 4104 ἐσιώπησεν
3431 4030 3516 4093 ἂν,
3555 4029 3598 4079 εί
3625 4018 3709 4075 εἶδι

2173 4119 2357 4186 τοῦτο,
2395 4115 2486 4174 οἷα
2534 4121 2728 4194 κριτὴς
2753 4121 2852 4178 ὥν.
2899 4124 3166 4195 Προνοίας
3203 4125 3262 4180 δὲ
3309 4124 3464 4194 ἔργον
3505 4117 3708 4180 τὸόναρ.

2173 4213 2270 4284 οὐχ
2290 4213 2376 4266 ἵνα
2396 4213 2639 4285 ἀπολυθῇ
2686 4215 2714 4268 6
2735 4215 2968 4285 Χριστὸς
2996 4216 3086 4270 διὰ
3114 4215 3274 4270 τοῦτο
3301 4214 3593 4284 γενόμενον,
3615 4199 3706 4257 ἀλλ’

495 4309 777 4375 Quomodo
803 4309 968 4377 igitur
1002 4323 1107 4364 non
1153 4307 1387 4364 absolvit
1413 4307 1600 4363 illum?
1645 4306 1782 4374 Quia
1816 4322 1922 4362 non
1955 4316 2071 4362 erat

2177 4307 2262 4359 ἵνα
2296 4288 2442 4376 σωθῇ
2479 4307 2510 4377 ή
2543 4308 2702 4378 γυνή.
2741 4306 2866 4369 Πῶς
2897 4302 2992 4361 οὖν
3028 4308 3129 4362 οὐκ
3163 4308 3470 4366 arctius”;
3501 4290 3704 4350 ὀιιοῦκ

497 4402 762 4472 integrum
789 4400 1060 4456 dimittere
1076 4401 1246 4468 illum,
1267 4400 1360 4469 qui
1379 4400 1447 4455 de
1471 4399 1758 4470 tyrannide
1775 4399 2071 4454 accusaba-

2177 4389 2240 4465 ἦν
2273 4395 2511 4462 ἀσφάλὲς
2541 4395 2692 4467 αὐτῷ
2741 4398 2960 4465 ἀφεῖναι
2994 4398 3180 4461 αὑτὸν,
3230 4394 3318 4453 οἷα
3347 4395 3436 4451 ἐπὶ
3465 4380 3702 4472 τυραννίδι

497 4469 834 4546 ιυτίγετυιιι
877 4490 1164 4559 Oportebat
1194 4502 1390 4544 causas
1424 4469 1699 4558 inquirere
1729 4488 1900 4554 illum,
1940 4503 2068 4542 num

2177 4486 2652 4559 κατηγορούμενον
2671 4504 2684 4520 ·
2725 4489 2842 4543 ἀλλ’
2876 4491 3044 4561 ἐχρῆν
3074 4489 3376 4552 ἀποδείξεις
3409 4480 3635 4552 ζητήσαι,
3663 4469 3700 4520 εί

497 4583 696 4638 milites
745 4581 1134 4646 conscriberet,
1186 4596 1314 4635 num
1353 4594 1506 4635 arma
1547 4579 1836 4635 fabricaret
1872 4598 1885 4634 :
1923 4594 2069 4635 nunc

2177 4579 2512 4651 στρατιώτας
2539 4581 2848 4650 κατέλεγεν,
2878 4584 2925 4634 εί
2949 4581 3088 4636 ὅπλα
3113 4581 3396 4652 ἐχάλκευε·
3438 4572 3528 4628 νῦν
3573 4567 3621 4620 δὲ
3643 4562 3703 4624 ὡς

497 4685 674 4729 autem
709 4673 862 4743 quasi
904 4671 1081 4728 moltis
1111 4681 1168 4727 et
1209 4680 1390 4727 mutus
1417 4674 1581 4738 cedit,
1619 4681 1676 4727 et
1723 4672 1927 4726 idcirco
1958 4686 2065 4726 non

2177 4671 2377 4741 κοῦφος
2399 4674 2493 4726 καὶ
2525 4673 2788 4743 μαλακὸς,
2821 4673 3221 4744 παρασύρεται.
3269 4670 3464 4737 Διόπερ
3496 4659 3601 4716 0tm
3630 4655 3702 4744 θ’

490 4775 640 4819 caret
659 4764 1101 4836 reprehensiOne.
1124 4762 1255 4818 Nam
1281 4777 1404 4819 cum
1432 4771 1681 4833 peterent
1698 4764 1772 4817 illi
1797 4764 2064 4833 insignem

479 4859 644 4912 illum
679 4857 1103 4923 iuatel‘actorem,
1139 4856 1326 4911 dedit:
1353 4855 1420 4910 de
1442 4853 1659 4910 Christo
1686 4864 1861 4908 autem
1895 4854 2066 4908 inter-

497 4961 650 5020 rogat
683 4967 699 5005 :
745 4947 888 5016 Quid
938 4949 1104 5019 igitur
1132 4947 1328 5003 faciam
1356 4947 1420 5003 de
1449 4943 1613 5002 Jesu?
1643 4947 1750 5001 illis
1791 4945 2070 5014 iudicandi

495 5051 822 5112 pctestatem
840 5042 1099 5113 largiens.
1129 5040 1294 5111 Atqui
1327 5055 1451 5094 cum
1477 5039 1642 5109 iudex
1671 5048 1836 5102 esset,
1863 5044 2072 5106 poterat

497 5137 674 5204 ipsum
717 5131 763 5188 \l
807 5135 1041 5203 eripere,
1075 5134 1224 5188 sicut
1263 5140 1320 5188 et
1363 5131 1588 5185 Paulum
1627 5129 1876 5184 tribunus
1924 5127 2070 5183 mili-

497 5238 609 5280 tum
627 5224 694 5280 “.
712 5225 790 5279 illi
813 5237 995 5281 autem
1017 5227 1276 5280 dicebant
1303 5241 1318 5278 :
1343 5222 1723 5295 Crucitigatur.
1760 5221 1875 5276 Non
1897 5221 2072 5278 solum

419 5354 421 5356 -
477 5319 744 5374 occidere
776 5319 1021 5376 vadentes
1051 5321 1222 5387 illum,
1259 5321 1354 5376 sed
1391 5329 1442 5374 ct
1476 5319 1672 5372 malam
1711 5331 1932 5373 causam
1962 5316 2069 5372 im-

481 5411 809 5494 pingebant.
839 5413 980 5468 Crux
1011 5415 1156 5469 enim
1187 5414 1548 5484 pessimorum
1578 5409 1903 5481 supplicium
1927 5418 2066 5466 erat.

496 5503 667 5559 Porro
695 5503 924 5570 lavatur,
959 5517 1019 5561 ut
1054 5516 1248 5578 purum
1274 5521 1335 5563 se
1361 5505 1618 5562 ostendat
1657 5503 1730 5560 ab
1754 5502 1901 5568 odio,
1932 5501 2071 5558 male

492 5594 756 5656 sentiens.
789 5587 1002 5658 Ius-tum
1035 5603 1180 5657 enim
1213 5600 1499 5658 ueruinans
1541 5596 1750 5666 desum,
1781 5595 2070 5654 homicidia

566 5787 614 5818 “
640 5783 762 5842 Act.
806 5798 922 5851 ut,
959 5785 1050 5838 ετ.

2173 4764 2470 4834 έγκλητος·
2510 4743 2912 4835 αἰτησαμένων
2937 4743 3053 4837 γὰρ
3081 4765 3306 4820 ἐκείνων
3351 4760 3440 4814 τὸν
3483 4755 3538 4808 ἐν
3564 4743 3702 4837 uti?

2172 4831 2517 4930 περιϐόητον,
2545 4831 2746 4914 δέδωκε
2769 4876 2781 4890 ·
2812 4831 3029 4930 περὶ-δέ
3049 4857 3289 4929 Χριστοῦ
3317 4851 3514 4925 ἠρώτα
3545 4841 3602 4896 Τί
3628 4831 3700 4930 οὖν

2167 4927 2402 5022 ποιήσω’
2427 4949 2664 5022 Ἰησοῦν;
2726 4927 2951 5022 κυρίους
2987 4927 3158 5006 ποιῶν
3197 4951 3295 5022 τῆς
3333 4944 3551 5022 κρίσεως
3583 4927 3700 4985 m"

2169 5059 2325 5107 νονς·
2358 5042 2534 5098 καίτοι
2565 5042 2791 5114 ήγεμὼν
2836 5042 2936 5108 ὢν,
2990 5042 3222 5114 ἠδύνατο
3261 5037 3421 5096 αὑτὸν
3461 5024 3693 5098 ἁρπάσαι.

2169 5135 2359 5206 ὥσπερ
2383 5135 2476 5189 τδν
2510 5135 2723 5190 Παῦλον
2759 5138 2789 5190 6
2809 5135 3112 5207 χιλίαρχος.
3144 5137 3209 5190 οί
3241 5135 3318 5198 δὲ,
3347 5115 3698 5207 suum“???

2169 5198 2380 5298 ελεγον,
2400 5229 2462 5282 ού
2497 5228 2659 5299 μόνον
2685 5198 3029 5283 ἀποκτείναῖ
3045 5198 3212 5283 αὐτὸν
3252 5220 3564 5297 βουλόμενα·

2178 5322 2274 5376 καὶ
2318 5322 2533 5393 πονηρᾷ
2563 5321 2714 5392 αἰτίᾳ
2764 5319 3114 5390 περιϐαλεῖν·
3148 5321 3178 5376 6
3214 5320 3319 5389 γὰρ
3365 5301 3578 5393 amttbe

2177 5379 2736 5485 πονηροῖςμάπέκειτο
2777 5379 3038 5485 τιμωρία.
3085 5379 3347 5468 Macarei
3387 5403 3460 5464 δὲο
3493 5379 3692 5485 ἕαθαρδν

2177 5483 2340 5576 δῆθεν
2364 5506 2555 5560 ἑαυτὸν
2583 5483 2955 5561 ἀποδεικνύων
2985 5506 3080 5560 τοῦ
3126 5505 3346 5577 μύσους,
3391 5483 3558 5544 κακῶί
3581 5484 3690 5577 φὴ

2181 5574 2288 5653 νιῦν
2306 5614 2320 5631 ο
2358 5596 2566 5654 δίκαιον
2594 5595 2702 5670 γὰρ
2729 5596 3011 5668 ὀνομάζων
3038 5574 3140 5673 τδρ
3172 5587 3390 5664 Ἰησοῦν,
3421 5580 3552 5649 ὅμως
3579 5574 3687 5632 προσ
