3968 6460
410 432 525 498 465

407 548 613 605 δέδωκε
642 554 751 617 τοῖς
777 563 1099 625 φονευταῒςο
1130 566 1180 617 oi
1207 565 1283 634 δὲ,
1325 570 1413 640 ἐφ’
1444 572 1668 640 ἑαυτοὺς
1698 580 1986 651 ἀναδέχον-

406 657 499 697 ται
530 644 629 715 τὴν
659 648 749 699 ἐπὶ
780 648 857 719 τῷ
892 651 1037 725 φόνῳ
1060 656 1226 711 αὑτοῦ
1254 665 1543 735 τιμωρίαν,
1571 669 1605 739 ἡ
1634 672 1726 724 καὶ
1758 674 1986 727 κατέλα-

407 732 503 784 ϐεν
544 736 763 802 αὐτοὺς,
794 734 902 794 τῶν
938 743 1227 815 Ῥωμαίων
1257 754 1640 823 ἀφανισάντων
1668 765 1865 830 αὐτοὺς
1898 769 1992 820 καὶ

405 825 473 878 τὰ
503 825 671 881 τέκνα
696 831 874 911 αὐτῶν
892 849 905 862 ·
928 835 1065 891 ἀλλὰ
1087 842 1180 895 καὶ
1206 844 1255 896 οί
1289 848 1451 919 μέχρι
1474 851 1569 906 τοῦ
1601 853 1696 907 νῦν
1728 825 1988 927 Ἑϐραῖοι,

404 918 570 970 τέκνα
606 921 757 984 ὄντες
803 926 1032 981 ἐκείνων
1061 932 1169 986 τῶν
1210 942 1588 1004 φονευσάντων
1614 948 1708 1004 τὸν
1758 952 1984 1023 Κύριον,

438 1010 451 1023 ι
528 1004 551 1023 ν
704 1014 716 1023 -
795 1015 819 1023 -
856 1018 876 1023 -

404 1010 464 1114 τρ
490 1004 627 1114 αἷμα
654 1014 822 1069 αὐτοῦ
854 1018 1067 1089 ἔχουσιν
1100 1026 1185 1095 ἐφ’
1211 1028 1471 1097 ἑαυτούς’
1503 1036 1593 1090 διὰ
1621 1042 1730 1111 γὰρ

402 1098 497 1151 τὸν
526 1101 728 1173 Κύριον
776 1108 1034 1166 ἀπιστίαν
1069 1114 1355 1174 διώκονται
1391 1126 1541 1196 παρὰ
1597 1098 1842 1197 πάντων,
1892 1138 1986 1189 καὶ

400 1193 630 1262 οὐδεμία
650 1200 934 1270 παρρησία
960 1204 1171 1272 τούτοις
1190 1209 1540 1284 διωκομένοις
1559 1219 1628 1273 δι’
1648 1223 1781 1275 αύτὸ
1800 1225 1976 1282 τοῦτο.

413 1286 864 1386 ῖεφραγγέλλωσε
884 1295 941 1349 δὲ
966 1298 1057 1353 τὸν
1091 1301 1318 1372 Ἰησοῦν,
1339 1309 1637 1382 τουτέστιν,
1666 1316 1980 1386 ἐμάστιξεν,

396 1376 430 1442 ἢ
466 1377 651 1442 αὐτοῖς
683 1384 1061 1457 χαριζόμενος,
1081 1392 1113 1464 ἢ
1137 1393 1397 1451 δεικνύων
1430 1401 1511 1454 ὅτι
1536 1376 1861 1463 κατεδίκασε
1880 1376 1982 1465 καί

400 1467 562 1532 αὐτὸς
589 1470 801 1566 αὐτὸν,
831 1478 925 1566 καὶ
982 1480 1102 1550 οὐχὶ
1157 1483 1334 1539 ἀθῶον
1378 1488 1668 1561 ἄνθρωπον
1726 1496 1979 1566 μέλλουσι

398 1560 739 1656 σταυρῶσαι,
761 1565 878 1620 ἀλλ’
908 1570 1276 1645 ἠτιμωμένον.
1318 1578 1642 1656 Ἐπληρὼθη
1669 1560 1763 1641 οὖν
1781 1588 1874 1642 καὶ
1896 1590 1976 1656 τὺ,

399 1668 419 1700 ε
456 1650 563 1705 Τὸν
603 1654 775 1712 νῶτόν
799 1675 899 1728 μου
935 1660 1112 1718 ἔδωκα
1144 1666 1226 1730 είς
1262 1650 1558 1742 μάστιγας.
1605 1695 1625 1728 ι

476 1760 495 1793 t
527 1743 661 1798 Τότε
690 1748 739 1800 οί
758 1753 1086 1822 στρατιῶται
1122 1758 1217 1811 τοῦ
1248 1761 1513 1832 ἡγεμόνος
1572 1768 1978 1839 παραλαϐόντες

390 1835 488 1888 τὸν
534 1836 741 1909 Ἰησοῦν
769 1845 849 1906 είς
880 1845 939 1897 τὸ
970 1848 1331 1920 πραιτώριον,
1360 1835 1667 1928 συνήγαγον
1700 1864 1788 1917 ἐπ’
1813 1835 1976 1921 αὑτὸν

1008 445 1455 516 ENAR'RATIO
1498 458 1578 519 ΙΝ
1614 461 1864 523 EVANG
1877 463 1961 525 EI.

2071 470 2120 530 Μ
2159 472 2546 537 ΜΑΤΤΗΛΞΙ,
2581 503 2651 513 -
2689 457 2844 541 mp.
2893 482 3127 544 xxvn.

3567 486 3671 551 466

2008 584 2059 646 Α
2090 587 2247 650 illum
2277 591 2519 647 tradidit.
2550 593 2621 648 At
2651 592 2723 649 illi
2763 595 2815 649 in
2845 610 2904 651 se
2932 599 3234 668 suscipiunt
3271 601 3530 661 ultionem
3568 603 3671 658 hoc

2096 680 2391 737 homicidio
2435 685 2671 754 dignam,
2718 700 2825 757 qua
2878 696 2932 742 et
2973 690 3182 759 gravati
3231 700 3377 757 sunt,
3412 692 3670 748 Romanis

2094 774 2240 840 ipsos
2267 783 2321 829 et
2357 776 2593 844 ipsorum
2641 790 2841 845 pueros
2888 779 3239 847 perdentibus
3270 799 3284 838 :
3318 790 3373 835 et
3405 797 3575 852 usque
3614 783 3667 835 in

2093 863 2235 921 hunc
2263 866 2403 923 diem
2427 867 2618 934 Judaei,
2646 870 2737 939 qui
2763 871 2971 924 illorum
2998 879 3127 924 sunt
3152 871 3241 925 lilii
3267 873 3356 939 ιιιιί
3384 871 3665 926 Dominum

2093 958 2499 1025 interfecerunt,
2531 962 2887 1030 experiuntur
2921 976 2951 1015 a
2982 976 3040 1023 se
3068 963 3382 1032 sanguinem
3409 963 3551 1017 illius
3580 980 3666 1017 re-

2090 1051 2230 1119 quiri
2262 1068 2276 1106 :
2323 1068 2446 1107 nam
2475 1054 2543 1109 ob
2569 1069 2722 1108 suam
2759 1055 3193 1111 incredulitatem
3235 1057 3662 1124 persecutionem

2090 1144 2371 1212 patiuntur
2408 1146 2476 1201 ab
2514 1147 2766 1201 omnibus
2800 1147 2879 1217 (α)
2910 1146 3065 1217 157
3097 1156 3153 1202 et
3182 1148 3442 1211 nullahis
3466 1150 3567 1203 hac
3598 1151 3664 1203 de

2087 1250 2253 1290 causa
2276 1235 2498 1293 libertas
2520 1246 2621 1292 est.
2652 1237 2963 1309 Flagellavit
2990 1249 3167 1294 autem
3205 1238 3413 1306 Jesum,
3451 1240 3552 1295 hoc
3581 1250 3663 1295 est

2087 1328 2412 1395 verberavit,
2442 1328 2526 1384 vel
2559 1330 2664 1384 illis
2709 1330 3043 1401 gratiﬁcans,
3077 1331 3157 1386 vel
3192 1332 3487 1388 ostendens
3516 1332 3659 1403 quod

2082 1429 2137 1474 et
2164 1420 2280 1488 ipse
2309 1420 2455 1475 illum
2490 1421 2830 1487 condemnet,
2866 1430 3054 1478 etnon
3099 1423 3442 1478 innocentem
3484 1423 3657 1477 homi-

2081 1525 2204 1565 nem
2234 1511 2549 1568 cruciﬁxuri
2600 1514 2728 1577 sint,
2762 1514 2856 1569 sed
2900 1514 3192 1584 ignominia
3232 1524 3497 1569 notatum.
3537 1515 3659 1568 lm-

2081 1600 2279 1670 pletum
2313 1602 2477 1670 igitur
2498 1610 2581 1659 est
2608 1613 2662 1661 et
2690 1604 2859 1659 illud:
2897 1624 2914 1658 ι
2946 1606 3173 1661 Dorsum
3209 1621 3387 1661 meum
3422 1606 3544 1661 dedi
3590 1608 3656 1660 ad

2079 1694 2283 1762 ﬂagellat
2309 1695 2376 1747 ⁸⁸.
2416 1714 2435 1747 ι

2150 1785 2314 1841 Vens.
2339 1786 2530 1843 27—50.
2567 1807 2584 1839 ι
2627 1787 2782 1843 Tunc
2832 1789 3027 1844 milites
3063 1790 3308 1860 praesidis
3337 1790 3643 1858 suscipien-

2079 1887 2159 1933 tes
2188 1876 2371 1933 Jesnm
2402 1884 2455 1935 in
2491 1881 2763 1949 praetorio,
2794 1890 3260 1952 congregaverant
3280 1881 3347 1937 ad
3376 1897 3497 1936 eum
3529 1882 3653 1935 nni-

384 1925 520 1998 ὅλην
540 1929 641 1999 τὴν
669 1934 921 2001 σπεῖραν,
950 1938 1044 1990 καὶ
1069 1938 1396 2008 ἐκδύσαντες
1424 1925 1606 2017 αύτὺν,
1636 1953 1965 2025 περιέθηκαν

2081 1925 2158 1933 ---
2189 1925 2371 1933 ---....-
2492 1925 2763 1949 ,,....-..-,
2797 1925 3347 1952 -....,,.-,,-.-..........
3377 1925 3497 1936 π...

2080 1984 2286 2025 versam
2330 1972 2634 2037 cohortem,
2661 1982 2717 2026 et
2752 1987 2876 2027 cum
2922 1973 3368 2035 exnissenteum,
3412 1973 3649 2025 circum-

383 2018 543 2088 αῦτῷ
582 2021 830 2093 χλαμύδα
859 2029 1146 2101 κοκκίνην,
1184 2035 1277 2087 καὶ
1303 2036 1595 2104 πλέξαντες
1620 2018 1884 2112 στέφανον
1912 2048 1971 2113 ἐξ

384 2113 667 2183 ἀκανθῶν,
688 2118 964 2189 ἐπέθηκαν
989 2124 1083 2177 ἐπὶ
1119 2125 1220 2197 τὴν
1257 2132 1499 2203 κεφαλὴν
1528 2135 1712 2203 αὑτοῦ,
1744 2139 1838 2191 καὶ
1868 2142 1970 2200 κά-

384 2203 563 2275 λαμον
596 2208 688 2264 ἐπὶ
736 2212 834 2282 τὴν
885 2213 1067 2282 δεξιὰν
1118 2220 1443 2278 αύτοῦ.Καὶ
1502 2232 1971 2301 γονυπετήσαντες

382 2298 703 2370 ἔμπροσθεν
730 2305 919 2376 αὑτοῦ,
936 2310 1224 2377 ἐνέπαιζον
1246 2316 1417 2388 αύτῷ,
1442 2318 1691 2388 λέγοντες
1730 2342 1741 2353 ·
1761 2298 1967 2398 -Χαίρε,

381 2392 413 2441 ὁ
473 2392 726 2461 βασιλεὺς
774 2400 883 2453 τῶν
937 2403 1209 2460 Ἰουδαίων
1243 2423 1260 2440 ο
1322 2410 1416 2463 καὶ
1468 2392 1969 2485 ἐμπτύσαντες

379 2484 595 2553 αὑτὸν,
618 2488 814 2544 ἔλαϐον
858 2494 951 2548 τὸν
981 2495 1251 2569 κάλαμον,
1283 2502 1376 2569 καὶ
1400 2502 1631 2559 ἔτυπτον
1660 2510 1740 2572 είς
1763 2510 1860 2583 τὴν
1880 2530 1969 2566 κε-

380 2576 563 2643 φαλὴν
618 2580 803 2638 αὑτοῦ.
853 2584 1118 2642 Ἐνταῦθα
1176 2592 1481 2664 ἐπληροῦτο
1508 2598 1567 2650 τὸ
1614 2600 1708 2652 τοῦ
1766 2576 1964 2657 Δαυῒδο

387 2687 409 2719 ι
452 2672 687 2737 Ὀνειδος
736 2676 933 2746 ἄφρονι
961 2679 1171 2745 ἔδωκάς
1221 2701 1309 2754 με.
1352 2687 1418 2739 Οἱ
1474 2690 1582 2760 γὰρ
1639 2693 1967 2763 στρατιῶται

382 2762 603 2832 ἀνόητοι
633 2765 806 2834 ὄντες,
840 2762 965 2836 ἄξια
1009 2773 1218 2827 ἑαυτῶν
1248 2777 1464 2830 ἐποίουν
1495 2793 1509 2809 ο
1574 2781 1672 2850 τὴν
1733 2783 1833 2853 μὲν
1857 2784 1967 2855 γὰρ

381 2855 634 2925 χλαμύδα
664 2861 787 2914 ἀντὶ
820 2864 1105 2935 πορφύρας
1141 2868 1217 2933 ὡς
1268 2869 1494 2940 βασιλέα
1540 2877 1796 2932 ἐνέδυσαν
1825 2895 1839 2910 ⁸
1872 2881 1965 2935 τὸν

377 2948 443 3000 δὲ
474 2949 716 3022 κάλαμον
738 2954 947 3011 ἔδωκαν
967 2961 1087 3013 ἀντὶ
1123 2964 1429 3036 σκήπτρου,
1461 2967 1550 3023 τὸν
1588 2969 1646 3022 δὲ
1673 2973 1959 3041 στέφανον,

380 3041 506 3093 ἀντὶ
558 3042 905 3116 διαδήματος.
935 3051 1311 3121 Προσεκύνουν
1333 3056 1391 3111 δὲ
1445 3060 1731 3128 παίζοντες
1754 3079 1767 3092 ·
1805 3065 1966 3120 τοῦτο

379 3134 495 3204 γὰρ
518 3135 665 3206 δηλοί
682 3141 744 3193 τὸ
778 3147 1118 3213 γονυπετείν,
1139 3147 1201 3202 τὸ
1227 3156 1576 3221 προσκυνεῖν.
1597 3155 1738 3228 Ὅρα
1764 3158 1821 3211 δὲ
1846 3160 1964 3224 πῶς

380 3226 565 3279 πᾶσαν
597 3227 738 3284 ίδέαν
765 3232 973 3305 ὕϐρεως
1001 3235 1299 3309 διεξῆλθον,
1342 3243 1401 3296 τὸ
1430 3244 1531 3315 μὲν
1557 3226 1845 3316 πρόσωπον
1874 3250 1964 3306 διὰ

2074 2060 2342 2117 dederunt
2380 2062 2429 2118 ei
2471 2062 2809 2133 chlamydem
2838 2064 3169 2130 coccineum,
3197 2071 3253 2117 et
3287 2076 3542 2118 coronam
3586 2064 3651 2115 de

2073 2154 2247 2223 spinis
2275 2163 2588 2211 contextam
2621 2155 2993 2223 imposuerunt
3047 2170 3208 2225 super
3248 2162 3411 2223 caput
3440 2152 3555 2220 ejus
3596 2163 3650 2207 et

2072 2246 2387 2303 arundinem
2418 2248 2470 2302 in
2521 2248 2802 2304 dexteram
2866 2248 2984 2315 ejus
3030 2257 3086 2302 et
3137 2261 3275 2316 genu
3333 2246 3471 2300 ﬂexo
3522 2255 3649 2299 ante

2072 2355 2218 2405 eum,
2250 2339 2638 2403 illudebantei,
2673 2340 2915 2395 dicentes
2948 2355 2963 2393 :
3008 2339 3140 2404 Ave,
3176 2353 3275 2393 rex
3315 2336 3645 2392 Judaeornm.

2068 2432 2138 2486 Et
2168 2448 2290 2488 cum
2324 2432 2639 2501 expuissent
2670 2433 2723 2486 in
2756 2446 2904 2497 eum,
2941 2440 3267 2500 acceperunt
3301 2428 3644 2491 arundinem,

2070 2535 2123 2581 et
2152 2528 2526 2595 percutiebant
2545 2534 2704 2594 caput
2727 2525 2868 2595 ejus.
2906 2543 2926 2578 ι
2953 2522 3066 2579 Hoc
3095 2527 3213 2578 loco
3243 2521 3495 2591 impletur
3520 2521 3645 2576 .dic-

2070 2625 2181 2670 tum
2233 2617 2399 2672 David
2438 2635 2450 2672 :
2495 2635 2513 2669 t
2542 2613 2905 2685 Opprobrium
2937 2614 3214 2685 insipienti
3247 2613 3441 2668 dedisti
3480 2628 3583 2667 me.
3621 2630 3639 2665 ο

2069 2705 2266 2761 Milites
2297 2707 2439 2763 enim
2469 2721 2591 2762 cum
2620 2708 2938 2776 insipientes
2971 2712 3175 2771 essent,
3207 2720 3267 2760 se
3290 2707 3447 2775 digna
3480 2705 3645 2760 facie-

2071 2802 2218 2855 hant.
2246 2799 2542 2872 Cblamyde
2588 2815 2684 2870 pro
2712 2813 2945 2868 purpura
2981 2809 3038 2853 ut
3097 2814 3275 2869 regem
3331 2798 3641 2864 induerunt,

2068 2891 2336 2947 calamum
2365 2906 2463 2960 pro
2492 2900 2705 2961 sceptro
2728 2890 3015 2956 dederunt,
3043 2904 3299 2945 coronam
3326 2903 3422 2958 pro
3453 2887 3642 2941 diade-

2069 2994 2230 3039 mate.
2252 2983 2565 3039 Adorabant
2592 2978 2789 3038 autem'
2811 2982 3097 3038 illudentes
3122 3000 3134 3034 :
3167 2982 3269 3035 hoc
3297 2981 3445 3035 enim
3471 2978 3638 3049 signi-

2070 3077 2192 3131 llcat
2221 3075 2604 3148 gentttleetere,
2638 3074 2742 3130 hoc
2786 3084 2879 3131 est
2925 3075 3170 3130 adorare.
3201 3072 3334 3128 Vide
3371 3072 3642 3143 quomodo

2067 3169 2362 3237 quamlibet
2396 3167 2743 3223 contumeliae
2789 3167 3027 3237 speciem
3059 3161 3640 3234 exercuerint,injnria

2066 3261 2383 3329 allicientes,
2440 3261 2632 3318 faciem
2688 3260 2885 3334 epulis,
2922 3271 3082 3330 caput
3138 3272 3359 3325 corona,
3420 3271 3638 3312 manum

380 3318 492 3372 τῶν
516 3322 941 3394 ἐμπτυσμάτων,
962 3328 1060 3399 τὴν
1084 3330 1143 3384 δὲ
1173 3334 1413 3407 κεφαλὴν
1438 3338 1525 3391 διὰ
1536 3338 1631 3392 τοῦ
1670 3343 1958 3411 στεφάνου,

2071 3354 2294 3420 calamo,
2341 3353 2605 3423 reliquum
2662 3367 2865 3423 corpus
2902 3352 3205 3423 chlamyde,
3234 3365 3392 3405 aures
3457 3348 3638 3404 verbis

378 3410 483 3479 τὴν
520 3412 576 3466 δέ
611 3418 771 3486 χεῖρα
826 3418 914 3473 διὰ
944 3422 1037 3474 τοῦ
1066 3423 1339 3496 καλάμου,
1367 3428 1428 3480 τὸ
1483 3430 1541 3483 δὲ
1565 3431 1753 3511 λοιπὸν
1802 3435 1963 3507 σῶμα

379 3502 468 3557 διὰ
497 3507 594 3577 τῆς
620 3509 911 3580 χλαμύδος,
945 3515 1011 3569 τὰ
1041 3507 1157 3571 ὦτα
1207 3517 1296 3571 διὰ
1322 3519 1431 3573 τῶν
1460 3502 1835 3592 χλευάστικῶν
1879 3502 1967 3582 λό·

381 3613 496 3663 των
568 3600 902 3671 ὑϐρίζοντες.
956 3606 1105 3677 Πλὴν
1163 3612 1212 3663 εί
1262 3612 1357 3665 καὶ
1406 3614 1604 3671 ἐκεῖνοι
1657 3623 1963 3686 παικτικῶς

380 3691 601 3747 ἐποίουν
621 3693 914 3763 ἃὲποίουν,
945 3700 1094 3770 ὅμως
1124 3703 1189 3756 σὺ
1220 3703 1329 3758 νόει
1354 3707 1528 3761 ταῦτα
1559 3711 1653 3763 καὶ
1678 3714 1956 3781 μυστικώ-

378 3801 537 3854 τερον
569 3787 676 3841 ὑπὸ
709 3790 804 3844 τοῦ
877 3793 1052 3863 Ἰησοῦ
1082 3796 1423 3871 τελεσθῆναι.
1470 3801 1534 3857 Ἥ
1569 3803 1667 3873 μὲν
1700 3806 1808 3876 γὰρ
1834 3806 1962 3876 χλα-

380 3880 487 3945 μὺς
519 3880 552 3950 ἡ
592 3882 845 3954 κοκκίνη,
876 3885 974 3957 τὴν
999 3888 1276 3962 ἡμετέραν
1330 3892 1491 3960 φύσιν
1534 3894 1743 3966 ἐδήλου,
1776 3896 1845 3967 ἢν
1874 3899 1961 3951 αί-

379 3970 602 4044 ματὼδη
625 3972 791 4031 οὖσαν
815 3978 911 4031 καὶ
951 3983 1199 4054 φονικὴν,
1234 3986 1549 4052 ἀνελάϐετο,
1580 3991 1675 4044 καὶ
1733 3992 1960 4048 ἐνδυσὰ-

380 4080 542 4131 μενος
564 4068 814 4138 ἡγίασεν.
854 4071 912 4127 '0
933 4073 991 4127 δὲ
1028 4076 1290 4145 στέφανος
1316 4081 1343 4130 ὁ
1374 4080 1433 4148 ἐξ
1458 4083 1731 4152 ἀκανθῶν,
1765 4088 1823 4140 al
1854 4087 1958 4142 ὑπὸ

2062 3445 2344 3500 irrisoriis.
2396 3443 2785 3501 Verumtamen
2840 3444 3021 3498 omnia
3054 3458 3176 3513 qua:
3233 3442 3307 3497 illi
3343 3441 3639 3508 faciebant,

2061 3552 2157 3607 per
2178 3538 2486 3593 irrisionem
2518 3538 2810 3593 faciebant.
2833 3535 2913 3591 Tu
2933 3544 3113 3591 tamen
3138 3535 3378 3606 intellige
3408 3550 3493 3600 ea,
3520 3548 3641 3603 quae

2062 3630 2285 3700 majoris
2310 3642 2437 3685 sunt
2473 3632 2717 3701 mysterii
2748 3630 2815 3685 ab
2840 3628 2966 3686 Jesu
3006 3630 3220 3699 impleta
3267 3628 3452 3683 fuisse.
3480 3626 3640 3682 Chla«

2062 3737 2177 3792 mys
2205 3723 2347 3777 enim
2365 3724 2616 3778 coccinea
2635 3733 2882 3778 naturam
2908 3728 3146 3777 nostram
3162 3720 3450 3791 signiﬁcat,
3467 3733 3633 3789 quam

2059 3828 2182 3868 cum
2206 3815 2549 3883 sanguinaria
2582 3824 2750 3879 esset,
2781 3804 2833 3868 ei
2863 3814 3026 3869 caedis
3056 3827 3169 3877 rea,
3205 3810 3464 3880 suscepit,
3489 3809 3638 3864 etin-

2061 3904 2231 3960 duens
2259 3904 2641 3960 sanetiticavit.
2666 3905 2877 3961 Corona
2897 3915 3075 3959 autem
3095 3920 3159 3957 ex
3191 3902 3385 3972 spinis,
3410 3906 3635 3969 peccata

2061 4008 2189 4053 sunt
2218 4012 2283 4053 ex
2309 3997 2455 4053 curis
2485 3997 2646 4065 hujus
2692 3996 2814 4051 vitae
2841 3994 3236 4066 provenientia,
3272 4008 3393 4063 quae
3439 4006 3636 4047 consu-

2058 4091 2157 4146 mit
2187 4106 2286 4147 sua
2314 4091 2511 4147 deitate
2537 4090 2787 4146 Christus
2822 4104 2838 4144 :
2874 4090 3221 4160 prosignatur
3250 4087 3395 4143 enim
3416 4101 3510 4156 per
3540 4100 3632 4140 ca-

377 4158 663 4227 μεριμνῶν
690 4162 785 4216 τοῦ
821 4163 937 4235 βίου
959 4168 1543 4243 συμϐάσαιὰμαρτίαι,
1573 4176 1639 4241 ἂς
1677 4178 1957 4234 ἀναλίσκει

2071 4197 2151 4252 ιηι
2170 4184 2346 4241 deitas
2367 4200 2384 4253 ;
2403 4184 2642 4242 calamus
2667 4195 2865 4241 nostra:
2893 4183 3104 4255 fragilis
3133 4193 3189 4239 et
3208 4182 3436 4237 inﬁrmae
3455 4179 3637 4234 carnis

373 4248 440 4313 τῇ
471 4250 649 4321 οἰκείᾳ
688 4251 904 4324 θεότητι
928 4258 956 4309 ό
982 4258 1219 4329 Χριστός
1246 4277 1260 4293 °
1304 4263 1463 4319 τοῦτο
1512 4266 1621 4338 γάρ
1659 4268 1956 4324 αίνίττεται

2071 4248 2511 4347 symbolnm'est,
2565 4290 2730 4345 quam
2780 4248 3018 4345 suscepit
3071 4270 3350 4336 Dominus,
3403 4270 3542 4324 sicut
3580 4278 3636 4323 et.

375 4339 407 4406 ἡ
440 4342 649 4414 κεφαλὴ
678 4344 865 4401 αὐτοῦ.
911 4348 970 4403 '0
997 4350 1054 4404 δὲ
1086 4352 1333 4425 κάλαμος
1386 4356 1486 4427 τῆς
1511 4359 1785 4430 ἡμετέρας
1816 4378 1952 4432 σαρ-

372 4433 471 4495 κὸς
493 4434 593 4504 τῆς
618 4439 827 4509 σαθρᾶς
854 4444 948 4495 καὶ
992 4445 1255 4511 ἀσθενοῦς
1285 4449 1401 4503 ἐστὶ
1430 4449 1720 4521 σύμϐολον,
1746 4455 1814 4525 ἢν
1858 4458 1953 4510 ἀν-

370 4524 567 4579 έλαϐεν
585 4530 612 4582 ό
632 4531 855 4603 Κύριος,
887 4536 1030 4591 καθὰ
1055 4540 1148 4591 καὶ
1174 4541 1203 4593 ὁ
1228 4541 1389 4595 Δαυῖδ
1416 4542 1593 4613 λέγει’
1619 4564 1637 4597 t
1660 4547 1820 4612 Δεξιὰ
1838 4549 1949 4602 Κυ-

2063 4367 2232 4425 David
2250 4371 2416 4427 dixit:
2438 4388 2456 4421 ι
2479 4371 2706 4425 Dextera
2728 4368 2937 4423 Domini
2971 4366 3227 4422 exaltavit
3255 4379 3342 4421 me
3366 4364 3431 4420 ⁸⁸.
3466 4381 3485 4415 ι
3522 4362 3633 4416 Au-

2062 4461 2212 4515 ribus
2242 4469 2421 4516 autem
2445 4458 3142 4531 suscipiendoignominias,
3173 4456 3631 4527 sanavitserpen-

2062 4552 2130 4608 tis
2152 4552 2365 4608 sibilum
2394 4568 2491 4622 per
2514 4569 2673 4610 aures
2697 4553 2818 4608 Eva:
2848 4553 3171 4622 ingressum.

368 4619 493 4686 ρίου
534 4620 715 4691 ὕψωσέ
743 4643 830 4696 με.
888 4647 907 4680 ι
935 4631 1035 4684 Διὰ
1091 4632 1148 4685 δὲ
1173 4634 1282 4687 τῶν
1310 4635 1465 4692 ὢτων
1528 4638 1820 4711 δεξάμενος
1875 4642 1975 4709 τὰς
2012 4643 2347 4718 δυσφημίας,
2395 4619 2598 4702 -ίάσατο
2665 4649 2756 4701 τὸν
2821 4619 2931 4702 διὸι⁷
2953 4646 3062 4700 τῶν
3123 4644 3277 4698 ὢτων
3336 4643 3435 4714 τῆς
3488 4638 3634 4704 Εὕας

366 4712 761 4771 ἐπεισελθόντα
777 4720 871 4773 τοῦ
899 4721 1077 4791 ὄφεως
1097 4724 1451 4797 ψιθυρισμόν.

450 4817 469 4850 ‹
498 4803 607 4855 Καὶ
626 4803 713 4857 ὅτε
732 4808 1021 4874 ἐνέπαιξαν
1042 4812 1489 4884 αὐτῷ,ῗέξέδυσαν
1502 4818 1667 4873 αὐτὸν
1691 4820 1791 4892 τὴν
1809 4821 1942 4892 χλα-

2124 4822 2284 4880 Vens.
2311 4824 2399 4891 51,
2419 4826 2509 4880 52.
2537 4845 2555 4879 ‹
2583 4825 2945 4898 Etpostquam
2964 4824 3345 4892 illusissentei,
3369 4830 3633 4878 exuerunt

368 4893 537 4964 μύδα,
573 4897 668 4949 καὶ
693 4898 947 4955 ἐνέδυσαν
968 4903 1131 4957 αὐτὸν
1161 4906 1229 4960 τὰ
1259 4908 1451 4978 ίμάτια
1489 4910 1678 4977 αὑτοῦ,
1713 4913 1808 4967 καὶ
1840 4914 1949 4967 ἀπ-

363 4990 580 5058 ήγαγον
597 4991 759 5046 αὐτὸν
772 4995 851 5059 είς
865 4995 927 5048 τὸ
955 4998 1293 5071 σταυρῶσαι.
1311 5000 1691 5074 Ἐξερχόμενοι
1711 5005 1767 5058 δὲ
1789 5000 1947 5079 εὖρον

362 5082 654 5152 ἄνθρωπον
687 5088 1016 5159 Κυρηναῖον,
1043 5091 1269 5162 ὀνόματι
1299 5095 1541 5164 Σίμωνα’
1565 5096 1752 5151 τοῦτον
1769 5101 1944 5170 ἠγγά-

367 5192 572 5246 ρευσαν
597 5179 681 5232 ίνα
715 5181 822 5252 ἄρῃ
846 5182 937 5235 τὸν
967 5185 1202 5257 σταυρὸν
1238 5188 1432 5243 αὑτοῦ.
1464 5208 1484 5240 ι
1531 5191 1594 5244 Oi
1629 5194 1734 5260 μὲν
1791 5196 1943 5265 τρεῖς

361 5283 553 5336 φασιν,
576 5271 658 5324 ὃτι
695 5272 874 5342 Σίμων
913 5275 1186 5331 ἐϐάστασε
1209 5280 1303 5333 τὸν
1349 5282 1582 5352 σταυρὸν
1607 5283 1701 5338 τοῦ
1746 5286 1942 5357 Ἰησοῦ·

360 5362 396 5413 6
441 5360 496 5415 δὲ
528 5364 825 5436 Ἰωάννης,
858 5369 1020 5425 αὑτὸν
1071 5371 1163 5425 τὸν
1211 5372 1417 5446 Κύριόν
1455 5393 1590 5448 φησι
1651 5376 1941 5448 βαστάσαι.

2056 4933 2181 4975 eum
2210 4918 2513 4990 chlamyde,
2542 4930 2599 4975 et
2649 4920 2939 4976 induerunt
2962 4936 3085 4975 eum
3112 4919 3452 4975 vestimentis
3490 4916 3625 4981 suis,

2054 5021 2111 5069 et
2136 5013 2405 5067 duxerunt
2428 5027 2550 5068 eum
2575 5022 2632 5067 ut
2661 5013 3068 5084 cruciligerent.
3104 5012 3379 5068 Exeuntes
3432 5018 3616 5064 autem

2053 5105 2381 5161 invenerunt
2403 5105 2677 5161 hominem
2694 5103 3028 5176 Cyrenaeam,
3065 5104 3281 5159 nomine
3312 5102 3623 5166 Simonem;

2052 5198 2195 5255 hunc
2222 5197 2522 5270 adegerunt
2551 5207 2609 5254 ut
2645 5198 2854 5254 tolleret
2884 5212 3100 5254 crucem
3136 5197 3277 5268 ejus.
3319 5215 3337 5248 ι
3375 5196 3510 5251 Tres
3538 5196 3623 5248 di-

2049 5301 2181 5347 cunt
2207 5291 2481 5348 Simonem
2507 5302 2755 5362 portasse
2780 5305 2998 5348 crucem
3046 5287 3198 5356 Jesu,
3238 5288 3473 5344 Joannes
3524 5302 3625 5341 au-

2050 5392 2157 5439 tem
2183 5384 2317 5441 dicit
2348 5386 2523 5454 ipsum
2557 5384 2842 5440 Dominum
2872 5393 3125 5454 portasse
3153 5399 3167 5436 :
3199 5380 3491 5436 verisimile
3539 5387 3625 5434 est

366 5449 535 5515 Εἰκὸς
558 5451 653 5509 οὖν
687 5460 975 5533 ἀμφότερα
995 5464 1271 5532 γενέσθαι.
1322 5469 1412 5534 Ἐξ
1451 5471 1626 5542 ἀρχῆς
1660 5473 1760 5543 μὲν
1782 5474 1891 5546 γὰρ
1918 5478 1946 5529 ό

2071 5485 2227 5530 intem
2282 5449 2574 5546 utrumque
2630 5449 3132 5531 factum-Primum
3181 5472 3327 5529 enim
3386 5469 3623 5542 portavit

373 5542 586 5613 Ἰησοῦς
613 5548 883 5619 ἐϐάστασε
910 5555 1003 5609 τὸν
1048 5560 1298 5629 σταυρὸν,
1334 5561 1565 5632 μηδενὸς
1617 5542 1946 5637 θελήσαντος

358 5635 652 5707 βαστάσαι.
688 5642 777 5698 Ἐν
802 5645 859 5701 δέ
884 5649 950 5718 τῇ
985 5647 1089 5721 ὀδῷ
1118 5651 1369 5722 εὑρόντες
1394 5654 1633 5725 Σίμωνα,
1664 5635 1944 5731 ἐπέθηκαν

469 5757 515 5790 ⁸⁸
564 5756 671 5815 lsa.
705 5760 796 5830 30,
833 5763 885 5819 6.
960 5768 1008 5799 ‘°
1050 5767 1193 5826 Psal.
1250 5785 1416 5841 cxvn,
1455 5771 1542 5828 l6.

2042 5566 2202 5623 Iesus
2224 5582 2464 5634 crucem,
2498 5583 2623 5623 cum
2662 5568 2839 5624 nullus
2865 5577 3084 5639 portare
3106 5565 3289 5623 vellet.
3316 5563 3372 5618 In
3398 5562 3485 5620 via
3519 5577 3618 5617 au-

2046 5670 2155 5716 tem
2185 5661 2406 5717 invento
2465 5658 2708 5729 Simone,
2738 5662 3112 5734 imposuerunt
3160 5659 3210 5718 ei
3252 5671 3494 5717 crucem.
3536 5654 3617 5709 Tu

434 5914 516 5984 (α)
549 5913 609 5971 In
649 5915 780 5978 edit.
815 5916 936 5978 Lut.
989 5881 1261 5985 deﬁciens,
1282 5936 1366 5986 est
1420 5928 1607 5989 Latina
1632 5933 1831 6001 versio,
1860 5931 1949 5989 ubi
1989 5934 2126 5992 nihil
2147 5937 2213 5996 dc
2239 5937 2658 6010 ereptaludatis
2690 5938 2961 5998 libertate.
