3968 6460
492 455 597 526 467
1308 445 1890 515 THEOPHYLACTI
1931 452 2341 514 BULGARL-E
2382 443 2733 513 ARCHIEP.
3601 450 3694 529 468

493 585 676 632 autem
706 580 761 628 et
787 563 890 628 hoc
926 562 1099 636 tiisce,
1124 568 1269 640 quod
1322 567 1509 623 Simon
1545 568 1891 638 interpretari
1942 566 2060 636 quis

2128 599 2138 628 ι
2173 565 2349 636 τούτῳ
2368 565 2462 618 τὸν
2509 564 2766 635 σταυρόν.
2790 562 2862 616 Σὺ
2891 561 2950 616 δέ
2990 560 3086 616 καὶ
3145 561 3300 616 τοῦτο
3350 556 3585 634 μάνθανε.
3627 570 3695 624 ὅτι

495 672 674 736 potest
701 660 1081 717 obedientiam.
1115 658 1218 726 Qui
1249 657 1417 727 igitur
1466 654 1835 712 obedientiam
1881 653 2062 719 habet,

2169 658 2353 726 Σίμων
2387 656 2751 728 ἑρμηνεύεται
2771 656 3017 724 ὑπακοή
3050 671 3064 685 ·
3089 654 3118 706 ὁ
3161 651 3254 708 οὖν
3285 653 3418 726 ἔχων
3461 657 3693 730 ὑπακοὴν,

495 757 587 811 ille
635 770 851 812 crucem
891 754 1094 810 Christi
1141 752 1263 807 fert.
1297 750 1406 805 Sed
1449 759 1504 804 et
1550 748 1778 820 Cyrene,
1800 761 1922 816 quze
1961 759 2062 800 una

2169 750 2376 813 ἐκεῖνος
2405 751 2548 820 αῐρει
2570 749 2660 802 τὸν
2687 749 2916 818 σταυρὸν
2947 747 3043 801 τοῦ
3080 747 3317 818 Χριστοῦ
3343 765 3356 776 ·
3397 749 3526 804 ἀλλὰ
3543 755 3636 808 ,καὶ
3671 756 3699 823 ἡ

495 844 854 913 Pentapoleos
886 852 989 905 est,
1022 843 1293 914 significat
1312 840 1550 911 quinque
1574 852 1768 894 sensus
1796 837 2062 908 cogendos

2170 841 2400 910 Κυρήνη
2459 839 2560 909 τῆς
2611 840 2999 902 ῘῙενταπόλεως
3055 838 3209 902 οὖσα,
3241 839 3389 910 δηλοῖ
3427 841 3517 904 τὰς
3564 845 3697 897 πέντε

494 940 561 991 ad
592 937 866 992 ferendam
886 949 1125 990 crucem.

2172 932 2476 1003 αἰσθήσεις,
2511 930 2964 1002 ἀναγκαζομένας
2983 933 3157 1001 αἴρειν
3187 931 3277 1008 nov
3317 933 3551 1001 σταυρόν.

569 1027 734 1084 Vsus.
759 1028 947 1083 33—37.
977 1044 996 1079 ι
1041 1026 1105 1082 Et
1135 1035 1400 1080 venerunt
1443 1023 1496 1078 iu
1525 1023 1702 1079 locum
1735 1023 1826 1093 qui
1869 1021 2070 1076 dicitur

2251 1041 2270 1076 ι
2301 1023 2413 1076 Καὶ
2441 1023 2688 1088 ἐλθόντες
2714 1026 2793 1087 εἱς
2830 1024 2993 1077 τόπον
3045 1024 3335 1092 λεγόμενον
3385 1024 3618 1093 Γολγοθὰ,
3655 1029 3701 1091 ὅς

498 1120 786 1192 Golgotha,
819 1121 962 1190 quod
987 1129 1069 1174 est
1108 1117 1372 1174 Calvaria:
1422 1117 1591 1172 locus.
1627 1117 1693 1171 Et
1729 1115 1995 1170 dederunt
2017 1113 2065 1168 ei

2175 1121 2295 1176 ἐστι
2351 1122 2646 1193 λεγόμενος
2691 1121 2932 1193 Κρανίου
2962 1122 3145 1185 τόπος,
3171 1121 3374 1173 ἔδωκαν
3427 1121 3562 1190 αὐτῷ
3590 1126 3704 1176 πιεῖν

498 1223 715 1268 acetum
751 1213 937 1268 bibere
965 1211 1127 1282 158
1148 1226 1269 1265 cum
1297 1209 1422 1264 felle
1455 1210 1674 1266 mistum
1695 1227 1710 1263 :
1730 1216 1786 1262 et
1813 1221 1936 1263 cum
1970 1220 2065 1274 gu-

2172 1213 2295 1278 δξος
2336 1216 2473 1286 μετὰ
2512 1213 2675 1286 χολῆς
2720 1213 3076 1284 μεμιγμένον,
3103 1213 3196 1265 καὶ
3257 1212 3595 1282 γευσάμενος,
3625 1216 3705 1268 οὐκ

499 1312 721 1370 stasset,
755 1303 927 1359 noluit
961 1303 1168 1360 bibere.
1224 1302 1518 1370 Postquam
1557 1307 1732 1354 autem
1784 1299 2066 1352 crucilixe-

2160 1305 2332 1377 -ήΘελε
2369 1309 2512 1360 πιεῖν
2554 1323 2569 1339 ο
2604 1305 3020 1378 σταυρώσαντες
3045 1306 3101 1358 δὲ
3147 1306 3330 1372 αὐτὸν,
3374 1307 3705 1376 διεμερίσαντο

497 1404 624 1450 runt
652 1409 802 1462 eum,
825 1394 1124 1450 diviserunt
1157 1395 1474 1448 vestimenta
1526 1391 1665 1460 ejus,
1692 1397 1894 1446 sortem
1945 1391 2064 1444 mit-

2171 1395 2240 1449 τὰ
2274 1397 2466 1467 ἱμάτια
2497 1395 2682 1462 αὐτοῦ,
2734 1396 3021 1466 βάλλοντες
3073 1395 3277 1464 κλῆρον
3307 1411 3321 1426 ο
3355 1396 3437 1449 ἵνα
3484 1397 3703 1468 πληρωθῇ

499 1494 694 1552 tentes,
710 1497 768 1541 ut
781 1487 1096 1556 impleretur
1115 1486 1256 1556 quod
1272 1485 1472 1540 dictum
1489 1493 1572 1538 est
1589 1498 1685 1552 per
1706 1483 2022 1552 prophetam
2050 1497 2063 1533 :

2173 1485 2231 1538 τὸ
2261 1487 2425 1558 ῥηθὲν
2452 1487 2553 1540 ὑπὸ
2585 1488 2677 1541 τοῦ
2700 1489 2978 1559 προφήτου
3001 1503 3017 1518 °
3051 1486 3438 1557 Διεμερίσαντο
3460 1486 3521 1537 τὰ
3548 1488 3707 1555 ιμάτιά

499 1573 811 1634 Diviserunt
842 1579 944 1635 sibi
995 1579 1313 1634 vestimenta
1364 1589 1506 1638 mea.
1549 1584 1606 1630 et
1654 1589 1815 1644 super
1865 1582 2066 1628 vestem

2175 1597 2278 1652 μου
2303 1581 2539 1645 ἐαυτοῖς,
2572 1582 2667 1634 καὶ
2692 1579 2784 1634 ἐπὶ
2805 1581 2894 1633 τὸν
2916 1579 3210 1650 ἱματισμόν
3245 1593 3346 1648 μου
3391 1577 3566 1628 ἔϐαλον
3601 1577 3703 1646 κλῆ-

501 1687 678 1726 meam
697 1671 960 1727 miserunt
975 1681 1199 1727 sortem.
1214 1669 1280 1724 Et
1294 1669 1546 1726 sedentes
1567 1665 1926 1722 observabant
1945 1680 2068 1721 eum

2174 1689 2284 1744 ρον.
2306 1672 2414 1725 Καὶ
2442 1672 2741 1743 καθήμενοι
2779 1671 3005 1742 ἐτήρουν
3031 1671 3193 1725 αὑτὸν
3244 1669 3379 1733 ἐκεῖ,
3409 1670 3496 1720 καὶ
3540 1669 3706 1736 ἐπέθη-

498 1763 631 1828 llllc,
654 1773 707 1820 et
733 1764 1105 1833 imposuerunt
1123 1778 1290 1834 super
1318 1768 1482 1831 caput
1507 1759 1628 1830 ejus
1648 1774 1865 1816 causam
1899 1759 2065 1829 ipsius

2170 1776 2273 1818 καν
2311 1765 2494 1820 ἐπάνω
2519 1767 2620 1834 τῆς
2648 1765 2890 1835 κεφαλῆς
2920 1763 3086 1818 αὑτοῦ
3110 1763 3206 1835 τὴν
3245 1763 3420 1816 αἰτίαν
3455 1762 3600 1814 αὑτοῦ
3631 1779 3706 1829 γε·

499 1853 796 1924 scriptam:
825 1852 924 1908 llic
955 1865 1037 1909 est
1068 1851 1226 1908 Jesus
1251 1867 1344 1908 rex
1369 1851 1698 1908 Iudaeorum.
1740 1869 1760 1905 ι
1779 1849 1964 1906 Cranii
1987 1850 2066 1905 lo-

2169 1858 2494 1929 γραμμένην
2515 1873 2527 1887 '
2549 1852 2715 1921 Οὗτός
2738 1860 2885 1911 ἐστιν
2908 1859 3115 1928 Ἰησοῦς
3143 1859 3170 1909 ὁ
3195 1855 3444 1926 βασιλεὺς
3466 1855 3563 1907 τῶν
3601 1856 3709 1907 ’1ου-

499 1956 598 2001 cus
613 1947 788 2001 dictus
807 1955 910 2012 est,
941 1961 1004 2001 eo
1023 1948 1165 2015 quotl
1196 1945 1488 2015 dicuntqui
1509 1947 1825 2000 traditiones
1849 1943 2066 1998 Patrum

2139 1936 2144 1982 ί
2172 1949 2355 2003 δαίων.
2394 1966 2414 2001 ι
2448 1951 2685 2020 Κρανὶου
2703 1950 2864 2012 τόπος
2895 1948 3282 2016 ἐλέγετο,διότι
3315 1947 3470 2015 ςασὶν
3493 1949 3535 1998 oi
3554 1949 3605 1998 ‘sx
3622 1963 3706 1998 πα-

501 2046 708 2100 tenent,
739 2037 880 2107 quod
910 2038 1081 2092 Adam
1122 2037 1231 2092 illic
1272 2037 1512 2107 sepultus
1547 2037 1638 2092 sit.
1665 2035 1978 2092 Sicuteuim
2013 2033 2067 2090 in

2176 2040 2444 2113 ραδόσεως
2472 2042 2733 2112 Πατέρων
2769 2041 3200 2110 παραλαϐόντες,
3237 2040 3317 2092 ὅτι
3350 2041 3377 2092 ὁ
3410 2037 3568 2107 Ἀδὰμ
3616 2038 3707 2088 ἐκεῖ

500 2130 670 2184 Adam
685 2143 875 2185 omnes
893 2131 1178 2193 morimur,
1204 2130 1276 2184 ita
1296 2139 1350 2184 et
1368 2129 1420 2184 iu
1435 2128 1655 2185 Christo
1671 2143 1858 2184 omnes
1881 2143 1980 2182 nos
1994 2127 2067 2182 vi-

2172 2134 2437 2187 τέθαπται
2459 2146 2471 2160 ⁸
2497 2131 2685 2203 ὥσπερ
2719 2132 2827 2202 γὰρ
2862 2135 3058 2196 πάντες
3082 2137 3139 2186 ἐν
3174 2133 3243 2202 τῷ
3288 2131 3456 2201 Ἀδὰμ
3479 2131 3707 2184 ἀπεθάνο-

500 2220 710 2276 vilicarl
734 2223 1015 2291 oportebat
1035 2222 1102 2278 ".
1126 2219 1203 2276 Ne
1223 2223 1454 2278 turberis
1481 2232 1660 2277 autem
1681 2222 1822 2293 quod
1841 2233 2067 2289 evange-

2177 2243 2298 2296 μεν,
2325 2224 2498 2289 οὕτως
2528 2229 2584 2278 ἐν
2610 2227 2690 2296 τῷ
2730 2226 2950 2296 Χριστῷ
2979 2225 3384 2294 ζωοποιηθῆναι
3433 2226 3566 2295 ἡμᾶς
3597 2225 3700 2277 ἔδει.

502 2309 640 2367 listze
689 2313 898 2378 dicant,
932 2315 1033 2370 iste
1079 2316 1295 2384 quidem
1345 2325 1560 2369 acetum
1615 2329 1739 2369 cum
1771 2312 1893 2368 felle
1941 2312 2069 2365 alla-

2175 2319 2266 2387 Μὴ
2293 2317 2574 2388 ταραχθῇς
2625 2318 2681 2372 δέ
2706 2317 2922 2371 ἀκούων
2946 2319 3053 2370 τῶν
3089 2317 3512 2384 εὐαγγελιστῶν,
3543 2315 3704 2368 τούτου

505 2419 620 2461 tum
662 2421 782 2462 esse
813 2406 1064 2475 Domino,
1092 2419 1145 2464 et
1173 2407 1384 2464 Marcus
1417 2407 1600 2462 vinum
1643 2407 1975 2475 myrrhatum
2003 2404 2071 2470 ⁸⁸,

2189 2410 2288 2481 μὲν
2317 2409 2571 2477 λέγοντος
2627 2407 2749 2473 ὅξος
2789 2410 2926 2480 μετὰ
2955 2411 3119 2480 χολῆς
3179 2409 3598 2479 προσενεχῦῆναι
3647 2408 3708 2476 τῷ

501 2497 740 2555 Joannes
758 2512 887 2555 vero
913 2511 1151 2566 acetum,
1183 2511 1237 2555 et
1267 2499 1336 2554 fel
1369 2517 1491 2555 cum
1539 2500 1771 2571 hyssopo
1793 2497 1861 2551 ⁸³.
1906 2496 2068 2551 Multa

2177 2502 2386 2572 Κυρίῳ,
2423 2502 2515 2556 τοῦ
2579 2503 2635 2556 δέ
2675 2504 2925 2574 Μάρκου,
2971 2503 3403 2574 ἐσμυρνισμένον
3457 2498 3603 2566 οἶνον,
3631 2499 3706 2552 τοῦ

501 2594 648 2648 enim
677 2609 704 2646 a
737 2593 918 2648 multis
948 2593 1165 2656 ﬁebant,
1197 2594 1322 2647 utin
1354 2592 1708 2663 incomposita
1735 2589 2068 2644 multitudine

2175 2594 2232 2648 δὲ
2278 2595 2546 2658 Ἰωάννου,
2575 2595 2694 2660 ὅξος
2720 2599 2813 2649 καὶ
2868 2597 3031 2666 χολὴν
3064 2596 3206 2664 μετὰ
3260 2595 3526 2648 ὑσσώπου·
3571 2593 3708 2646 πολλὰ

504 2685 650 2739 nliud
687 2684 794 2740 alio
819 2682 1072 2738 faciente.
1110 2683 1415 2738 Verisimile
1446 2692 1530 2737 est
1555 2682 1739 2753 igitur,
1767 2681 1928 2734 alium
1961 2680 2071 2748 qui-

2177 2691 2284 2759 γὰρ
2343 2690 2586 2757 ἐγίνοντο
2634 2689 2784 2759 παρὰ
2835 2689 3065 2756 πολλῶν,
3091 2686 3178 2742 οἷα
3222 2690 3452 2742 ἀτάκτου
3512 2687 3708 2758 πλήθους

503 2777 625 2830 tlcm
641 2777 823 2831 viuum
853 2775 1176 2846 protulisse:
1199 2775 1364 2828 alium
1391 2789 1520 2829 vero
1551 2783 1764 2828 acetum
1784 2787 1902 2827 cum
1928 2771 2070 2825 felle.

2175 2783 2354 2848 ὄντος,
2388 2783 2478 2835 καὶ
2505 2782 2663 2836 ἄλλου
2691 2783 2818 2837 ἄλλο
2843 2783 3143 2846 ποιοῦντος.
3196 2781 3357 2842 Εἰκὸς
3391 2777 3478 2834 οὖν
3506 2781 3587 2833 τὸν
3611 2780 3706 2848 μὲν,

505 2869 656 2924 Multi
682 2878 862 2924 autem
891 2868 1081 2924 mortis
1107 2868 1250 2922 modi
1279 2867 1521 2932 fuerunt,
1551 2874 1789 2920 attamen
1825 2864 1878 2919 in
1916 2877 2072 2918 cruce

2176 2870 2316 2927 οἶνον
2340 2874 2669 2946 προσφέρειν
2691 2889 2704 2902 ·
2734 2873 2896 2927 τὸνδέ
2935 2874 3054 2938 ὅξος
3082 2875 3224 2944 μετὰ
3265 2874 3443 2944 χολῆς.
3478 2872 3644 2925 Πολλοὶ
3665 2869 3708 2922 δέ

504 2961 733 3016 moritur
752 2960 1025 3026 Christus,
1056 2967 1116 3015 ut
1143 2970 1199 3014 et
1231 2960 1433 3030 lignum
1456 2958 1776 3020 sanctificet,
1810 2971 1904 3026 per
1931 2955 2071 3025 quod

2179 2966 2412 3020 Θανάτου
2442 2963 2582 3037 ἦσαν
2610 2968 2822 3039 τρόποι,
2849 2966 2963 3020 ἀλλ’
3004 2969 3153 3037 ὅμως
3182 2966 3403 3037 σταυρῷ
3429 2963 3707 3018 θανατοῦται

502 3054 774 3110 maledicti
824 3053 1043 3118 fuimus,
1065 3062 1119 3110 et
1148 3054 1329 3109 omnia
1362 3051 1680 3107 benedicat:
1713 3058 1768 3104 et
1807 3048 2069 3113 cmlestia,

2179 3060 2205 3110 ό
2230 3059 2488 3128 Χριστος,
2512 3060 2598 3112 ⁶ἵνα
2624 3060 2796 3112 καὶτὸ
2823 3058 2976 3124 ξύλον
3011 3059 3237 3131 ἁγιάσῃ,
3260 3058 3326 3112 δι’
3351 3053 3409 3114 οὗ
3435 3054 3709 3126 κατηράθή-

501 3161 620 3218 quae
647 3163 747 3219 per
773 3163 1080 3219 supremam
1114 3155 1320 3216 partem
1372 3145 1569 3206 crucis,
1599 3152 1654 3198 et
1685 3153 1921 3204 terrena,
1956 3156 2068 3212 qua:

2183 3168 2302 3222 μεν,
2355 3153 2447 3205 καὶ
2481 3152 2548 3205 τὰ
2607 3152 2895 3224 σύμπαντα
2941 3152 3235 3226 εὐλογήσῃ’
3279 3153 3347 3206 τά
3396 3168 3453 3204 τε
3497 3149 3708 3220 οὐράνια,

500 3253 599 3312 per
631 3243 1054 3312 suppedaneum,
1110 3249 1166 3294 et
1193 3241 1327 3292 lines
1355 3247 1562 3317 terrrae,
1591 3237 1870 3291 Orientem
1897 3245 1950 3290 et
1975 3232 2067 3289 Oc-

2139 3287 2145 3344 :
2180 3243 2215 3298 ἃ
2237 3245 2489 3314 δηλοῦται
2524 3245 2611 3300 διὰ
2633 3247 2728 3299 τοῦ
2773 3247 3055 3300 ἁνωτάτου
3088 3247 3289 3318 μέρους
3346 3245 3438 3299 τοῦ
3487 3241 3706 3314 σταυροῦ,

500 3332 792 3395 uidentem,
836 3330 929 3400 qui
993 3345 1089 3398 per
1147 3337 1484 3382 transversas
1537 3333 1721 3396 partes
1763 3325 1944 3380 crucis
1999 3323 2067 3378 si-

2142 3324 2145 3342 ’
2176 3339 2270 3390 καὶ
2291 3338 2356 3390 τὰ
2373 3337 2688 3408 ὁποχθόνια,
2722 3338 3151 3409 ἄδηλοῦταιζδιά
3186 3339 3282 3392 τοῦ
3311 3338 3612 3398 ὑποποδίου,
3635 3331 3709 3386 καὶ

501 3432 760 3494 guantur.
783 3421 888 3478 Sed
921 3432 977 3476 et
1005 3421 1248 3478 extendit
1277 3435 1492 3486 manus,
1517 3429 1576 3472 ut
1602 3417 1656 3472 in
1707 3415 1863 3470 ulnas
1901 3418 2068 3470 susci-

2172 3429 2240 3482 τὰ
2267 3430 2474 3498 πέρατα
2497 3432 2594 3499 τῆς
2615 3433 2737 3501 γῆς,
2757 3432 2815 3485 τό
2849 3449 2908 3485 τε
2947 3431 3288 3486 Ἀνατολικὸν
3311 3429 3405 3483 καὶ
3425 3429 3482 3480 τὸ
3497 3427 3707 3485 Δυτικδν,

500 3519 613 3589 piat
639 3525 693 3572 et
725 3527 1012 3587 congreget
1035 3515 1170 3571 filios
1191 3515 1280 3570 Dei
1307 3516 1594 3584 dispersos.
1620 3512 1870 3566 Dividunt
1895 3520 2067 3564 autem

2175 3523 2210 3578 ἃ
2239 3523 2492 3594 δηλοῦται
2526 3524 2612 3577 διὰ
2645 3524 2753 3577 τῶν
2779 3529 2841 3578 ἐκ
2875 3524 3101 3592 πλαγίου
3141 3524 3326 3596 μερῶν
3356 3521 3447 3575 τοῦ
3479 3515 3703 3589 σταυροῦ⁶

499 3609 828 3663 vestimenta
860 3608 977 3677 ejus
1021 3607 1246 3671 milites,
1272 3616 1330 3662 ut
1365 3606 1612 3676 frugalis,
1637 3614 1690 3658 et
1743 3603 1877 3658 nihil
1927 3602 2066 3655 aliud

2181 3615 2315 3668 ἀλλὰ
2375 3619 2470 3669 καὶ
2517 3616 2602 3669 ἵνα
2655 3617 2902 3680 ἐκτείνας
2943 3617 3038 3680 τὰς
3091 3620 3282 3687 χεῖρας
3330 3612 3709 3683 ἐναγκαλίσηται

503 3700 774 3756 habentis.
800 3698 1038 3754 Titulum
1076 3709 1258 3754 autem
1299 3713 1459 3768 quem
1489 3697 1629 3753 dixit
1657 3696 1797 3749 alius
1839 3707 2070 3760 evange-

2175 3708 2268 3758 καὶ
2302 3706 2502 3777 συνάξῃ
2548 3708 2614 3759 τὰ
2641 3708 2806 3760 τέκνα
2840 3707 2933 3760 τοῦ
2984 3709 3118 3761 Θεοῦ
3159 3711 3226 3762 τὰ
3268 3703 3707 3778 διεσκορπισμένα.

503 3792 650 3858 lisla,
703 3791 985 3846 Matthaeus
1033 3792 1164 3847 dicit
1215 3809 1456 3846 causam.
1493 3789 1872 3858 Ascripserunt
1927 3788 2070 3841 enim

2176 3799 2596 3868 Διαμερίζονται
2647 3800 2742 3852 καὶ
2784 3799 2852 3852 τὰ
2886 3801 3079 3870 ἱμάτια
3111 3801 3275 3853 αὑτοῦ
3302 3801 3350 3852 οἱ
3397 3795 3707 3868 στρατιῶται,

500 3885 658 3956 cujus
686 3885 858 3955 gratia
883 3884 1175 3940 crucifixus
1203 3893 1369 3947 esset,
1409 3898 1600 3952 nempe
1635 3894 1692 3936 ut
1727 3898 1817 3936 rex
1851 3880 2067 3935 Judaao-

2175 3890 2250 3952 ὼς
2286 3890 2558 3954 εὐτελοῦς,
2593 3893 2686 3944 καὶ
2729 3892 2894 3962 μηδὲν
2931 3891 3057 3946 ἄλλο
3089 3893 3324 3962 ἔχοντος.
3368 3891 3460 3943 ’ον
3488 3888 3537 3940 δὲ
3584 3883 3709 3938 εἶπεν

502 3987 644 4041 rum,
673 3985 728 4032 et
777 3993 957 4033 rerum
991 3987 1233 4031 novator.
1271 3974 1344 4029 illi
1376 3976 1536 4047 igitur
1574 3990 1755 4043 regem
1808 3975 2069 4044 ascripse-

2176 3982 2332 4046 ἄλλος
2355 3983 2749 4054 εὐαγγελιστὴς
2776 3985 3004 4050 τίτλον,
3029 3984 3217 4037 τοῦτον
3241 3987 3268 4038 ό
3284 3981 3551 4040 Ματθαῖός
3575 3991 3710 4045 φησιν

501 4079 628 4124 runt
690 4084 788 4138 pro
842 4069 1208 4124 accusatione.
1269 4067 1656 4122 Verumtamen
1707 4069 2068 4122 testimoniuut

2175 4076 2393 4128 αἰτίαν·
2427 4075 2746 4146 ἐπέγραψαν
2785 4077 2892 4147 γὰρ
2919 4076 3061 4140 τινος
3092 4077 3277 4130 ἕνεκεν
3305 4071 3623 4143 ἐσταυρώθη,
3645 4069 3708 4120 ὅτι

500 4161 630 4214 lllutl
663 4160 819 4216 fidele
848 4165 1012 4214 etiam
1046 4161 1116 4214 ab
1172 4159 1409 4214 inimicis
1458 4159 1770 4214 adductum.
1811 4158 1919 4212 Rex
1956 4159 2067 4228 qui-

2187 4168 2267 4225 ὠς
2303 4167 2557 4236 ιϐασιλεὺς
2615 4167 2726 4221 τῶν
2766 4169 3054 4234 Ἰουδαίων,
3092 4170 3188 4222 καὶ
3245 4169 3319 4228 ὡς
3370 4161 3708 4234 νεωτεριστὴς·

500 4253 622 4306 dem
653 4263 737 4307 est
775 4252 1055 4315 Dominus,
1084 4253 1174 4320 qui
1207 4251 1275 4305 ad
1329 4252 1434 4306 hoc
1473 4252 1641 4312 venit,
1668 4258 1725 4304 ut
1781 4251 1951 4304 salvet
1979 4248 2067 4304 Ju-

2176 4257 2407 4309 Ἐκεινυι
2444 4258 2543 4327 μὲν
2583 4257 2673 4310 οὖν
2707 4258 2786 4322 τὸ,
2823 4256 3107 4324 Βασιλεὺς,
3139 4257 3452 4328 ἐπέγραψαν
3507 4255 3589 4307 ἐπὶ
3616 4252 3708 4301 δια-

501 4346 665 4399 ιῖποε.
699 4342 836 4408 Quia
881 4351 1058 4396 autem
1099 4342 1343 4398 carnales
1389 4340 1562 4396 Judaei
1611 4341 1896 4394 noluerunt
1926 4342 2068 4395 illum

2177 4348 2329 4420 ϐολῇ.
2365 4351 2510 4419 Πλὴν
2544 4353 2576 4422 ή
2609 4351 2885 4423 μαρτυρία
2933 4352 3072 4423 αὕτη
3125 4352 3318 4423 πιστὴ,
3340 4351 3412 4413 ὡς
3438 4345 3576 4416 παρὰ
3623 4341 3709 4394 τῶν

501 4449 665 4504 super
715 4450 774 4490 se
809 4450 1035 4503 regnare
1062 4476 1075 4498 ,
1116 4450 1207 4490 rex
1248 4435 1306 4488 llt
1355 4434 1714 4505 spiritualium
1743 4433 2068 4499 .Iudazorum,

2177 4441 2388 4513 ἐχθρῶν
2442 4445 2776 4514 εἰσαχθεῖσα.
2815 4447 3079 4509 Βασιλεὺς
3146 4446 3255 4516 γάρ
3294 4447 3439 4498 ἐστιν
3469 4443 3495 4494 ὁ
3537 4436 3709 4505 Κύριος

501 4527 606 4581 Ιιοο
640 4535 724 4580 est
749 4527 1146 4582 conlitentium.
1211 4525 1426 4580 Judwus
1459 4525 1602 4581 enim
1638 4525 1888 4594 conﬁtens
1937 4524 2068 4581 dici-

2177 4531 2264 4584 ἐπ’
2294 4532 2424 4585 αὐτὸ
2449 4533 2605 4588 τοῦτο
2635 4533 2823 4599 ἐλθὼν,
2861 4535 2946 4588 ἵνα
2970 4535 3119 4606 σώσῃ
3142 4537 3268 4595 τοὺς
3295 4533 3582 4591 Ἰουδαίους
3611 4524 3709 4576 ἐπεὶ

503 4625 611 4673 tur.
2181 4623 2240 4676 δὲ
2291 4623 2341 4676 οἱ
2373 4625 2629 4694 σαρκικοὶ
2691 4625 2936 4678 Ἰουδαῖοι
2958 4626 3059 4678 οὐκ
3102 4625 3374 4695 ἠθέλησαν
3433 4616 3710 4693 βασιλεῦσαι

501 4716 664 4770 αὑτὸν
731 4713 820 4770 ἐπ’
860 4713 1080 4783 αὐτοὺς,
1144 4713 1397 4786 βασιλεὺς
1453 4715 1665 4785 γίνεται
1723 4715 1834 4769 τῶν
1891 4719 2280 4788 πνευματικῶν
2353 4719 2643 4789 Ἰουδαίων,
2696 4721 2981 4789 τουτέστι,
3039 4721 3148 4776 τῶν
3219 4712 3708 4790 ἐξομολογουμένων·

511 4808 763 4874 Ἰουδαῖος
784 4811 893 4880 γὰρ
908 4811 1458 4882 ἐξομολογούμενος
1473 4809 1712 4880 λέγεται.

572 4903 736 4959 Vens.
761 4903 955 4959 ’ὃὸ-Η.
994 4920 1012 4954 t
1050 4901 1201 4958 Tunc
1231 4903 1622 4973 crucifiguutur
1673 4917 1795 4956 cum
1856 4917 1922 4956 eo
1967 4902 2073 4957 duo
2104 4916 2139 4972 ι]

2141 4925 2150 4964 ι
2255 4918 2272 4950 t
2309 4898 2442 4953 Τότε
2477 4899 2835 4971 σταυροῦνται
2867 4900 2967 4954 σὺν
3005 4901 3153 4972 αὐτῷ
3181 4899 3274 4953 δύο
3305 4898 3514 4971 λῃσταὶ,
3547 4891 3618 4956 εἷς
3657 4893 3708 4942 ἐκ

497 4993 760 5061 latrones,
793 5010 976 5052 unuse
1008 4997 1232 5061 dextris,
1255 5004 1310 5050 et
1335 4996 1474 5050 alter
1501 5011 1530 5048 a
1561 4994 1816 5050 siniswis.
1847 4995 2064 5049 Praeter-

2176 4991 2386 5055 δεξιῶν,
2423 4993 2517 5045 καὶ
2549 4987 2629 5055 εἷς
2650 4992 2709 5057 ἐξ
2741 4993 3040 5064 εὐωνύμων
3069 5009 3084 5024 ο
3109 4996 3155 5047 οἱ
3187 4993 3243 5046 δὲ
3296 4985 3709 5062 παραπορευόμε-

496 5101 688 5148 euntes
720 5100 899 5151 autem
933 5089 1174 5144 convicia
1201 5087 1476 5157 iaciebant
1507 5087 1560 5141 in
1610 5102 1759 5152 eum,
1793 5095 2063 5141 movente

2177 5101 2257 5137 νοι
2291 5085 2682 5155 ἐϐλασφήμουν
2710 5087 2891 5152 αὐτὸν,
2925 5085 3206 5151 κινοῦντες
3236 5086 3335 5149 τὰς
3373 5082 3595 5152 κεφαλὰς
3627 5075 3707 5130 αὖ·

499 5183 675 5251 capita
708 5193 808 5236 sua
830 5193 886 5237 et
909 5183 1153 5237 dicentes
1175 5199 1189 5236 :
1211 5180 1290 5234 Tu
1313 5181 1402 5250 qui
1437 5181 1759 5235 destruebas
1787 5179 2066 5248 templum,

2176 5178 2309 5241 τῶν,
2336 5179 2431 5231 καὶ
2457 5179 2732 5246 λέγοντες
2772 5181 2832 5236 Ὀ
2865 5181 3153 5235 καταλύων
3180 5181 3271 5235 τὸν
3287 5181 3408 5234 ναὸν
3429 5179 3517 5231 καὶ
3536 5178 3586 5228 ἐν
3613 5187 3708 5240 τρι-

498 5283 552 5325 et
585 5271 635 5326 in
663 5271 842 5327 triduo
864 5272 1194 5339 aedificabas,
1232 5287 1386 5326 serva
1419 5271 1795 5339 temetipsum;
1831 5271 1873 5323 si
1907 5270 2065 5322 Filius

2177 5271 2261 5324 σὶν
2289 5272 2520 5342 ἡμέραις
2564 5273 2882 5342 οἰκοδομῶν,
2913 5273 3086 5327 σῶσον
3126 5273 3378 5326 σεαυτόν·
3427 5272 3472 5323 εξ
3505 5269 3619 5328 Υἱὸς
3668 5255 3709 5312 εἶ

499 5362 592 5418 Dei
613 5378 696 5428 es,
724 5363 993 5418 descende
1015 5363 1084 5418 de
1105 5378 1285 5418 cruce.
1316 5361 1580 5418 Similiter
1606 5369 1660 5418 et
1692 5361 2066 5431 principessa-

2176 5360 2270 5415 τοῦ
2300 5363 2456 5428 Θεοῦ,
2482 5363 2749 5434 κατάϐηθι
2773 5365 2879 5418 ἀπὸ
2903 5364 2996 5418 τοῦ
3029 5365 3286 5435 σταυροῦ.
3323 5364 3542 5432 Ὁμοίως
3561 5359 3608 5410 δὲ
3633 5353 3705 5406 καὶ

497 5457 778 5509 eet-dotqu
828 5454 1116 5510 illudentes
1143 5470 1266 5510 cum
1291 5454 1504 5510 Scribis
1543 5464 1599 5508 et
1645 5453 1951 5508 senioribus
2015 5461 2064 5506 et

2179 5454 2230 5506 οἱ
2263 5456 2538 5526 ἀρχιερεῖς
2573 5457 2933 5525 ἐμπαίζοντες
2965 5458 3104 5526 μετὰ
3134 5459 3244 5509 τῶν
3266 5451 3614 5524 γραμματέων
3629 5444 3704 5496 καὶ

497 5541 789 5602 Ριιπίεειιίε
806 5548 1057 5602 dicebant
1083 5565 1095 5600 :
1125 5548 1275 5605 Alios
1304 5547 1560 5612 servavit,
1584 5546 1932 5614 semetipsum
1963 5559 2064 5598 non

2181 5547 2566 5618 πρεσϐυτέρων
2597 5550 2692 5601 xei.
2706 5550 3016 5621 Φαρισαίων
3045 5550 3250 5619 ἔλεγον·
3277 5548 3496 5606 Ἀλλους
3513 5544 3702 5596 ἔσωσεν.

495 5649 680 5710 potest
708 5641 966 5694 servare?
989 5639 1046 5695 Si
1080 5655 1173 5696 rex
1201 5639 1364 5694 lsrael
1383 5649 1487 5703 est,
1524 5639 1813 5693 descendat
1841 5653 1980 5691 nunc
2004 5637 2062 5692 de

2180 5641 2370 5693 ἑαυτὸν
2399 5641 2461 5694 οὐ
2489 5641 2712 5695 δύναται
2742 5643 2946 5709 σῶσαι;
2982 5644 3046 5698 El
3078 5642 3331 5713 βασιλεὺς
3370 5633 3701 5706 Ἰσραήλὲστι,

498 5745 681 5800 cruce,
712 5741 767 5787 et
789 5733 1075 5790 credemus
1102 5733 1172 5790 ei.
1199 5731 1430 5789 Coulidit
1471 5731 1522 5786 in
1556 5730 1687 5796 Deo,
1715 5730 1902 5786 liberet
1946 5744 2065 5784 eum

2182 5731 2474 5785 καταϐάτω
2505 5732 2599 5785 νῦν
2643 5732 2752 5786 ἀπὸ
2786 5732 2880 5786 τοῦ
2935 5732 3191 5804 σταυροῦ,
3232 5730 3324 5785 καὶ
3383 5722 3703 5788 πιστεύσομεν

571 5902 617 5943 ⁸⁷
669 5907 842 5968 lCor.
873 5925 962 5978 ιν,
1002 5913 1093 5967 22.
1171 5915 1216 5947 ⁸³
1244 5913 1411 5971 Marc.
1452 5931 1540 5971 xv.
1618 5915 1663 5947 "
1702 5914 1862 5971 Joau.
1907 5930 2021 5971 χιιι.

3883 4359 3888 4676 4
