3968 6460
415 432 528 500 469

979 442 1433 514 ENARRATIO
1474 453 1554 516 IN
1593 457 1995 520 EVANGELII

2130 461 2518 529 ΜΑΤΤΗίΕῐ.
2549 492 2618 504 -
2657 467 2813 531 CAP.
2856 471 3104 536 XXVII.

3571 472 3679 536 470

417 548 509 602 ἐπ’
540 550 709 622 αὐτῷ.
748 551 1018 611 Πέποιθεν
1038 560 1138 654 επὶ
1163 560 1256 616 τὸν
1272 561 1426 628 Θεὸν,
1456 566 1712 636 ῥυσάσθω
1768 569 1866 624 νῦν
1898 573 1989 626 αὐ-

2101 592 2258 644 nune,
2292 578 2339 635 si
2374 580 2479 635 vult
2501 558 2623 635 eum
2659 597 2675 638 :
2703 582 2841 638 dixit
2865 583 3034 647 enim,
3059 581 3227 638 Filius
3249 582 3499 639 Deisum.
3532 581 3679 654 ldip-

414 639 534 730 τὸν,
558 641 610 694 εί
637 642 779 698 θέλει
800 646 983 701 αὐτόν’
1010 643 1133 704 εἷπε
1169 653 1278 727 γὰρ
1304 655 1408 722 ὅτι,
1431 657 1566 711 Θεοῦ
1589 661 1706 730 εἰμι
1743 661 1888 726 Υἱός.
1922 665 1996 719 T6

380 728 467 799 ,δ’
516 733 652 787 αὐτὸ
703 736 801 790 καὶ
850 739 900 791 οί
948 741 1142 813 λῃσταὶ⁹
1199 745 1251 797 oi
1301 728 1774 820 συσταυρωθέντες
1825 754 1993 827 αὐτῷ,

415 825 695 892 ὠνείδιζον
740 831 911 903 αὐτῷ.
938 852 959 887 ι
1006 835 1156 907 Πρὸς
1194 837 1450 911 διαϐολὴν
1474 841 1569 895 τοῦ
1609 844 1849 913 Χριστοῦ
1899 825 1997 901 συ-

418 924 745 995 σταυροῦσιν
784 928 932 999 αὐτῷ
965 929 1058 984 δύο
1077 930 1303 1003 λῃστὰς,
1337 934 1424 989 ἵνα
1442 937 1536 991 καὶ
1569 938 1729 1003 αὐτὸς
1756 941 1997 1007 τοιοῦτος

418 1016 651 1088 νομισθῇ
680 1020 997 1092 παράνομος
1021 1023 1098 1089 ὡς
1122 1026 1341 1081 ἐκεῖνοι.
1376 1027 1559 1094 Τύπος
1582 1031 1640 1084 δὲ
1683 1027 1823 1103 ἦσαν
1853 1030 1996 1089 οὗτοι

416 1106 530 1159 τῶν
555 1109 650 1162 δύο
670 1109 836 1178 λαῶν,
862 1113 955 1167 τοῦ
977 1133 1038 1168 τε
1078 1117 1373 1174 Ἰουδαῖκοῦ
1396 1122 1605 1176 καὶτοῦ
1627 1123 1866 1179 ὲθνικοῦ·
1890 1129 1998 1197 ἀμ-

417 1198 640 1272 φότεροι
678 1203 791 1275 γὰρ
819 1206 1151 1278 παράνομοι,
1202 1212 1298 1265 καὶ
1327 1213 1684 1280 ὀνειδίζοντες
1705 1216 1799 1270 τὸν
1852 1219 1995 1289 Χριυ

420 1291 566 1343 στόνθ
595 1292 787 1365 ὥσπερ
821 1297 913 1350 καὶ
938 1291 1083 1352 οὗτοι
1123 1302 1390 1375 πρότερον
1415 1307 1464 1359 ot
1486 1305 1682 1379 λῃσταὶ
1723 1310 1997 1376 ὠνείδιζον

415 1382 754 1454 ἀμφότεροι·
798 1386 1027 1463 ὕστερον
1055 1392 1113 1446 δὲ
1137 1394 1166 1447 6
1199 1388 1281 1460 εἷς
1326 1399 1586 1466 ἐπιγνοὺς
1613 1402 1797 1470 αὐτὸν,
1850 1405 1998 1477 ὠμο-

414 1473 613 1545 λόγησε
643 1476 889 1548 βασιλέα*
917 1481 996 1537 διὸ
1012 1484 1106 1538 καὶ
1128 1483 1304 1556 ἔλεγε·
1322 1489 1611 1562 Μνήσθητί
1638 1510 1763 1564 μου,
1787 1473 1961 1567 Κύριε
1978 1540 1993 1563 ,

414 1567 475 1619 ἐν
500 1570 565 1640 τῇ
590 1568 840 1643 βασιλείᾳ
876 1591 970 1628 σου
994 1592 1006 1607 ·
1041 1576 1215 1644 οὓτως
1261 1576 1356 1634 οὖν
1388 1583 1483 1637 καὶ
1536 1586 1565 1639 6
1616 1584 1829 1652 ἐθνικὸς
1869 1588 1997 1655 λαὸς

412 1658 736 1731 ὡμολόγησε
758 1665 848 1719 τὸν
876 1668 1145 1738 Χριστόν..
1174 1670 1235 1725 '0
1247 1672 1304 1725 δὲ
1324 1673 1513 1747 ἕτερος
1534 1677 1757 1751 λῃστὴς,
1797 1680 1824 1732 6
1867 1680 1997 1734 Ἰου-

409 1753 599 1818 δαϊκδς
618 1755 766 1824 λαὸς,
787 1759 1028 1832 ὲϐλασφή
1038 1779 1129 1832 μει
1146 1781 1161 1796 ·
1199 1765 1228 1818 6
1258 1765 1504 1830 διάϐολος
1525 1769 1581 1822 δὲ
1604 1769 1840 1825 ὑπέϐαλε
1865 1774 1995 1836 τοὺς

410 1846 700 1916 λέγονταςο
744 1869 764 1904 ι
796 1852 859 1906 El
892 1853 1019 1919 Υίδς
1058 1850 1109 1908 εί
1130 1855 1225 1911 τοῦ
1259 1858 1417 1927 Θεοῦ,
1450 1861 1720 1932 κατάϐηθι
1764 1864 1872 1918 ἀπὸ
1901 1865 1994 1918 τοῦ

412 1942 676 2013 σταυροῦ,
710 1962 730 1997 ι
766 1946 854 1999 ἵνα
910 1947 1213 2018 ἐρεθισθεὶς
1241 1952 1478 2024 καταϐῇ,
1508 1955 1603 2008 καὶ
1636 1955 1926 2029 ἀνατραπῇ
1961 1961 1993 2028 ἡ
2026 1933 2072 1991 Β

411 2035 635 2089 πάντων
664 2035 754 2092 διὰ
784 2038 878 2092 τοῦ
898 2042 1135 2113 σταυροῦ
1157 2045 1420 2117 σωτηρία.
1445 2047 1537 2100 Διὸ
1558 2050 1586 2102 6
1606 2049 1869 2120 Χριστὸς,
1902 2054 1998 2106 καὶ

411 2123 547 2191 Υἱός
575 2127 695 2183 ἐστι
715 2129 809 2183 τοῦ
847 2130 984 2186 Θεοῦ
1040 2134 1136 2188 καὶ
1164 2135 1265 2190 οὐκ
1299 2138 1528 2210 ἐπείσθη
1562 2139 1639 2210 τῷ
1675 2141 1878 2214 ἐχθρῷ,
1911 2143 2000 2197 ἵνα

411 2219 513 2272 καὶ
536 2220 600 2273 σὺ
634 2222 911 2296 μανθάνῃς
942 2226 1026 2280 ὅτι
1054 2227 1116 2279 οὐ
1173 2228 1256 2282 δεῖ
1283 2230 1568 2285 πείθεσθαι
1593 2234 1706 2296 τοῖς
1748 2233 1847 2288 τοῦ
1881 2234 1997 2291 διαο

411 2308 573 2366 θόλου
611 2313 1004 2387 τεχνάσμασιν,
1032 2318 1170 2374 ἀλλὰ
1190 2319 1252 2374 τὸ
1287 2322 1450 2376 καλὸν
1480 2325 1765 2395 πράττειν,
1791 2326 1895 2380 κᾶν
1947 2329 1997 2381 οἱ

410 2400 692 2471 ἄνθρωποι
727 2406 969 2478 πονηρὰν
998 2408 1267 2482 ὑπόληψιν
1303 2413 1573 2482 μέλλωσιν
1602 2416 1768 2488 ἔχειν.

492 2512 512 2544 ι
538 2492 672 2549 ’Δπὺ
695 2496 752 2550 δὲ
805 2496 970 2570 ἕκτης
1000 2499 1149 2572 ὥραις
1178 2504 1365 2577 σκότος
1394 2507 1610 2575 ἐγένετο
1667 2511 1760 2564 ἐπὶ
1818 2514 1997 2567 πᾶσαν

413 2582 517 2675 τὴν
561 2586 664 2656 γῆν
696 2586 803 2652 ἕως
854 2589 1003 2662 ὥρας
1046 2592 1271 2664 ὲννάτης
1296 2613 1310 2628 ·
1357 2596 1487 2669 περὶ
1530 2600 1589 2654 δὲ
1630 2601 1728 2673 τὴν
1772 2604 1998 2675 ὲννάτην

418 2673 587 2745 ὥραν,
619 2678 912 2752 ἀνεϐόησεν
947 2685 976 2737 6
1022 2682 1225 2754 Ἰησοῦς
1275 2692 1425 2761 φωνῇ
1475 2692 1682 2766 μεγάλῃ
1709 2736 1724 2758 ,
1776 2673 1990 2766 λέγων-ο

429 2767 567 2834 Ἠλὶ,
613 2771 755 2836 Ἠλὶ,
799 2773 952 2846 λαμὰ
1008 2777 1328 2849 σαϐαχθανὶ,
1384 2783 1674 2838 τουτέστι·
1718 2787 1819 2842 Θεέ
1873 2807 1998 2860 μου,

416 2854 517 2909 Θεέ
547 2876 667 2928 μου,
701 2860 787 2914 ἵνα
830 2863 884 2915 τί
926 2880 994 2933 με
1033 2866 1429 2937 ὲγκατέλιπες;
1457 2871 1611 2936 Τινὲς
1633 2873 1687 2927 δὲ
1718 2875 1827 2930 τῶν
1874 2854 2002 2933 ςὲκεί

418 2949 667 3006 ἑστώτων
735 2954 1104 3022 ἀκούσαντες,
1155 2958 1374 3029 ἔλεγον,
1425 2963 1507 3017 ὃτι
1565 2965 1750 3019 Ἠλίαν
1828 2972 1997 3039 φωνεί

416 3035 571 3105 οὗτος
595 3057 611 3072 ’
644 3044 736 3098 καὶ
768 3046 968 3113 εὐθέως
1000 3048 1223 3120 δραμὼν
1256 3047 1336 3116 εἷς
1361 3053 1420 3118 ἐξ
1453 3055 1654 3122 αὐτῶν,
1684 3061 1776 3111 καὶ
1819 3035 1999 3112 λαϐὼν

417 3133 680 3201 σπόγγον,
728 3137 940 3209 πλήσας
994 3159 1050 3195 τε
1094 3143 1250 3209 ὄξους
1296 3146 1390 3199 καὶ
1448 3147 1692 3219 περιθεὶς
1750 3149 1999 3223 καλάμῳ,

416 3226 665 3290 ἐπότιζεν
692 3229 875 3284 αὐτόν.
901 3232 965 3287 οι
995 3232 1050 3288 δὲ
1076 3235 1254 3290 λοιποὶ
1295 3236 1484 3307 ελεγον
1513 3256 1526 3274 ο
1565 3242 1755 3310 Ἀφες,
1797 3245 1997 3315 ἔδωμεν

413 3318 465 3369 εί
519 3316 740 3389 ἔρχεται
776 3320 981 3407 ’ίιλίας
1039 3324 1229 3380 σώσων
1293 3328 1524 3383 αὐτόν.»
1579 3333 1652 3386 'l‘6
1706 3336 1995 3407 γενόμενον

414 3403 626 3473 σκότος,
659 3409 762 3463 οὐκ
787 3405 855 3482 ἦν
899 3413 1041 3466 κατὰ
1073 3416 1312 3487 φυσικὴν
1357 3418 1701 3491 ἀκολουθίαν,
1743 3421 1855 3480 οἷον
1887 3427 1997 3482 ἀπὸ

411 3498 708 3565 ἐκλείψεως
739 3502 891 3574 ἡλίου
940 3507 1185 3574 φυσικῶς
1230 3513 1531 3584 γενομένης
1557 3531 1571 3548 ·
1604 3515 1859 3572 οὐδέποτε
1890 3520 1997 3591 γὰρ

412 3594 1072 3661 τισσαρεσκαιδεκαταίας
1109 3598 1275 3671 οὔσης
1313 3602 1412 3673 τῆς
1447 3606 1695 3678 σελήνης,
1746 3610 1987 3683 ἔκλειψις

412 3681 621 3750 γίνεται
655 3684 833 3753 ἡλίου,
864 3686 981 3742 ἀλλ’
1025 3689 1154 3742 ὅταν
1182 3692 1213 3762 ή
1247 3691 1523 3766 λεγομένη
1553 3698 1714 3765 γέννα
1745 3701 1853 3771 εἴη,
1874 3681 1995 3758 τότε

412 3773 473 3826 αἱ
496 3777 721 3844 φυσικαὶ⁸
742 3777 836 3832 τοῦ
864 3779 1012 3850 ἡλίου
1036 3781 1303 3852 ἐκλείψεις
1331 3787 1571 3854 γίνονται
1597 3789 1696 3860 (α).
1725 3792 1816 3846 Ἐν
1838 3795 1895 3848 δὲ
1928 3800 1994 3868 τῇ

413 3868 741 3938 σταυρώσει,
759 3876 1381 3945 τεσσαρεσκαιδεκαταία
1403 3875 1470 3949 ἦν
1486 3884 1519 3950 ἡ
1538 3884 1735 3955 σελήνη
1756 3887 1993 3953 πάντωςο

410 3959 477 4013 τὸ
530 3960 640 4032 γὰρ
674 3963 865 4035 Πάσχα
921 3967 1027 4021 τῶν
1079 3968 1348 4041 Ἐϐραίων
1381 3973 1502 4026 τότε
1528 3975 1797 4029 ἐτελεῖτο·
1855 3980 1996 4036 ὥστε

413 4051 558 4123 ὑπὲρ
605 4056 767 4123 φύσιν
821 4057 880 4110 τὸ
914 4059 1085 4124 πάθος
1110 4077 1124 4092 ’
1158 4065 1426 4134 κοσμικὴν
1482 4065 1538 4118 δὲ
1570 4063 1639 4137 ἧν
1683 4068 1744 4121 τὸ
1779 4070 1994 4141 σκότος,

409 4145 477 4201 οὐ
509 4151 755 4220 μερικὴν,
787 4152 975 4223 ὥσπερ
1003 4158 1059 4210 ἐν
1100 4157 1384 4231 Αἰγύπτῳ,
1422 4161 1507 4214 ἵνα
1539 4162 1725 4235 δειχθῇ
1758 4166 1840 4220 ὅτι
1871 4187 1997 4224 πεν-

411 4237 550 4311 Θεῑὴ
580 4243 757 4308 κτίσις
794 4247 885 4299 ἐπὶ
921 4247 997 4317 τῷ
1028 4249 1191 4304 πάθει
1233 4252 1326 4306 τοῦ
1360 4254 1614 4321 Κτίστου,
1659 4258 1745 4310 καὶ
1769 4259 1850 4313 ὅτι
1888 4261 1998 4317 ἀπὸ

409 4333 524 4385 τῶν
567 4333 833 4390 Ἰουδαίων
869 4339 1078 4411 ἀπέστη
1118 4343 1179 4395 τὸ
1230 4344 1367 4413 φῶς.
1424 4347 1488 4399 Oi
1537 4348 1815 4414 αἰτοῦντες
1841 4351 1897 4405 δὲ
1936 4353 1996 4418 ἐξ

2104 685 2221 724 sum
2254 682 2429 726 autem
2451 683 2501 727 et
2522 672 2758 730 latrones
2789 676 2877 745 qui
2900 676 3143 732 crncitivi
3174 689 3470 731 erantcum
3494 692 3558 732 eo
3580 692 3679 731 ex-

2105 765 2429 832 probrabant
2456 767 2526 822 ei.
2553 785 2571 820 ι
2602 766 2657 821 ln
2675 768 3056 823 contumeliam
3074 766 3273 825 Christi
3291 771 3678 824 crucilixerunt

2107 869 2231 908 cum
2266 870 2331 909 eo
2364 858 2499 911 duos
2545 860 2803 926 latrones,
2831 869 2888 912 ut
2918 860 3032 929 ipse
3079 861 3294 929 iniquus
3337 861 3678 915 existimetur

2105 960 2224 999 cum
2260 945 2385 1004 illis.
2420 946 2579 1019 159
2608 949 2803 1019 Figura
2840 959 3016 1002 autem
3039 962 3193 1005 erant
3227 951 3279 1004 hi
3308 951 3530 1004 dnormn
3576 964 3676 1016 po-

2105 1035 2373 1105 pulorum,
2405 1036 2613 1093 Jndaici
2649 1049 2704 1093 et
2757 1039 2994 1110 gentilis,
3027 1041 3115 1108 qui
3160 1047 3388 1109 uterque
3421 1038 3676 1106 praevario

2105 1138 2317 1183 catores
2340 1140 2494 1184 erant
2531 1140 2582 1185 et
2614 1130 2883 1200 ﬂagitiosi,
2914 1147 2978 1187 ac
3011 1133 3407 1201 exprobrantes
3435 1130 3674 1195 Christo,

2104 1217 2244 1273 sicut
2259 1226 2312 1274 et
2342 1221 2574 1288 primum
2620 1221 2778 1276 ambo
2806 1223 3043 1279 latrones
3091 1223 3543 1293 improperabaut.
3577 1222 3676 1274 Al-

2108 1316 2189 1362 ter
2234 1321 2501 1365 autemet
2551 1315 2816 1383 posterior
2865 1315 3212 1386 resipiscens,
3258 1312 3541 1367 confessus
3594 1324 3678 1368 est

2106 1414 2285 1470 regem
2325 1418 2339 1454 :
2368 1401 2487 1456 ideo
2519 1412 2571 1456 et
2602 1404 2845 1461 dicebat:
2877 1404 3080 1460 Memor
3108 1416 3224 1461 esto
3262 1406 3388 1467 mei,
3423 1404 3674 1474 Dmnine,

2105 1489 2157 1543 in
2192 1506 2356 1561 regno
2389 1504 2498 1547 tuo.
2536 1493 2629 1550 Sic
2650 1504 2700 1549 et
2736 1496 2948 1564 gentilis
2972 1511 3183 1566 quoque
3210 1496 3438 1566 populus
3463 1494 3677 1549 confes-

2104 1597 2198 1636 sus
2248 1592 2330 1637 est
2358 1582 2654 1641 Christum.
2683 1588 2834 1642 Alter
2878 1597 3056 1643 autem
3108 1589 3266 1653 latro,
3294 1587 3550 1643 Iudaicus
3582 1601 3678 1654 po-

2106 1674 2279 1743 pulus,
2341 1676 2769 1745 blasphemabat.
2808 1680 3063 1736 Diabolus
3093 1692 3271 1735 autem
3322 1679 3677 1734 submittebat

2105 1767 2344 1822 dicentes
2377 1788 2391 1824 :
2423 1771 2477 1824 Si
2509 1771 2678 1827 Filius
2702 1787 2760 1827 es
2778 1772 2891 1839 Dei,
2916 1762 3180 1828 descende
3211 1773 3275 1827 de
3304 1788 3484 1837 cruce,
3515 1781 3568 1825 ut
3596 1772 3677 1825 in-

2105 1860 2304 1917 citatus
2357 1861 2734 1919 descendatde
2766 1880 2950 1931 cruce,
2984 1876 3038 1921 et
3089 1867 3320 1922 intereat
3380 1866 3525 1920 salus
3558 1880 3678 1919 om-

2101 1952 2250 2005 nium
2285 1967 2405 2022 qua:
2440 1964 2520 2009 est
2555 1971 2649 2025 per
2675 1971 2910 2012 crucem.
2943 1960 3010 2012 At
3034 1957 3299 2024 Christus,
3332 1959 3457 2028 quia
3510 1955 3678 2011 Filius

2099 2053 2180 2099 est
2210 2043 2324 2108 Dei,
2351 2063 2456 2102 non
2494 2050 2728 2104 obedivit
2758 2050 3017 2106 inimico:
3060 2060 3116 2105 ut
3141 2061 3195 2105 et
3223 2060 3275 2104 tu
3309 2050 3484 2106 discas
3535 2052 3676 2127 quod

2101 2153 2205 2191 non
2234 2140 2305 2193 sit
2328 2139 2527 2196 diaboli
2555 2142 2762 2197 teelmis
2793 2144 3115 2208 cedendum,
3144 2144 3237 2199 sed
3274 2144 3410 2198 bene
3444 2158 3676 2213 operan-

2100 2227 2249 2294 dum,
2283 2229 2444 2284 etiam
2469 2231 2510 2286 si
2543 2231 2793 2288 homines
2821 2237 2959 2289 male
2993 2235 3056 2290 de
3086 2236 3240 2290 nobis
3271 2236 3526 2291 sentiant.

2175 2501 2336 2557 Vens.
2365 2502 2553 2557 45-49.
2596 2520 2613 2554 ι
2657 2502 2701 2557 Α
2728 2511 2879 2559 sexta
2909 2511 3089 2559 autem
3118 2504 3249 2558 hora
3306 2508 3542 2560 tenebrat
3593 2506 3677 2561 {aa

2101 2602 2203 2647 etas
2238 2602 2360 2646 sunt
2387 2608 2550 2662 super
2588 2594 2886 2648 universam
2926 2604 3121 2648 terram
3158 2609 3322 2663 usque
3352 2596 3416 2648 ad
3483 2596 3673 2650 horam

2102 2699 2318 2738 nonam.
2349 2684 2412 2738 Et
2440 2685 2584 2739 circa
2622 2685 2810 2740 horam
2859 2699 3057 2740 nonam
3084 2686 3338 2742 clamavit
3359 2690 3515 2744 Jesus
3539 2705 3673 2747 voce

2084 2791 2315 2844 .magna,
2345 2776 2573 2831 dicens:
2627 2775 2763 2839 lleli.
2795 2777 2922 2843 heli,
2983 2779 3514 2847 lamazabachthani,
3569 2781 3674 2837 hoc

2101 2877 2219 2922 est:
2258 2868 2399 2923 Deus
2438 2882 2605 2934 meus,
2645 2868 2783 2925 Deus
2810 2884 2982 2937 meus,
3033 2886 3129 2926 cur
3153 2871 3487 2942 dereliquisti
3549 2875 3675 2929 me?

2101 2958 2327 3026 Quidam
2350 2972 2528 3016 autem
2555 2960 2662 3015 illic
2701 2964 2956 3017 stantium
3003 2978 3122 3018 cum
3191 2964 3488 3032 audissent,
3534 2954 3673 3022 dice-

2102 3052 2261 3113 bant;
2293 3052 2463 3107 Eliam
2507 3062 2659 3108 vocat
2689 3053 2811 3110 iste.
2868 3055 2933 3110 Et
2978 3055 3238 3112 continuo
3272 3071 3498 3114 currens
3528 3074 3668 3114 unus

2102 3155 2166 3195 ex
2198 3142 2299 3207 eis,
2345 3157 2466 3197 cum
2500 3153 2776 3213 acceptam
2835 3146 3114 3218 spongiam
3174 3147 3449 3218 implesset
3494 3160 3669 3217 aceto,

2105 3231 2359 3302 imposuit
2408 3234 2680 3301 arundini,
2719 3235 2983 3306 dabatque
3020 3236 3070 3292 ei
3112 3248 3169 3292 ut
3212 3236 3441 3294 biberet.
3473 3239 3669 3296 Caeteri

2053 3323 2068 3346 ‘
2101 3339 2229 3380 vero
2254 3325 2544 3382 dicebant:
2582 3327 2733 3395 Siue,
2759 3328 3034 3387 videamus
3072 3346 3139 3386 an
3206 3333 3390 3390 veniat
3427 3332 3573 3390 Elias
3606 3334 3673 3390 li-

2099 3420 2384 3477 beraturus
2420 3438 2564 3480 eum.
2617 3442 2635 3475 ι
2668 3423 2927 3481 Τεηειιιω
2975 3427 3130 3483 ίιιιξιιε
3176 3444 3279 3483 non
3333 3439 3487 3485 erant
3513 3432 3665 3502 juxta

2099 3523 2304 3568 naturae
2354 3515 2623 3582 ordinem,
2685 3524 2744 3570 ιιι
2801 3531 2863 3570 ex
2914 3517 3102 3586 eelipsi
3165 3520 3295 3575 solis
3347 3522 3673 3577 naturaliter

2102 3604 2241 3659 facta
2277 3622 2292 3662 :
2326 3620 2499 3676 neque
2534 3608 2678 3661 enim
2711 3609 2925 3677 quando
2960 3610 3483 3681 estidecimaquarta
3515 3613 3666 3680 luna,

2098 3696 2160 3752 ﬁt
2192 3698 2320 3753 solis
2359 3699 2673 3770 deliquium,
2708 3701 2801 3755 sed
2846 3718 2966 3756 eum
2994 3711 3075 3759 est
3099 3718 3160 3758 ea
3189 3720 3308 3774 quae
3334 3707 3499 3775 γέννα
3534 3707 3670 3762 dici-

2102 3798 2191 3843 tur
2218 3791 2341 3862 (hoc
2369 3802 2452 3845 est
2485 3792 2860 3864 novilnnium),
2892 3803 3019 3850 tunc
3082 3798 3357 3854 naturales
3385 3801 3517 3856 solis
3573 3801 3671 3857 de-

2101 3881 2275 3937 fectus
2310 3883 2653 3952 contingunt;
2684 3900 2806 3939 cum
2856 3895 3033 3942 autem
3068 3890 3499 3962 cruciﬁgeretur,
3551 3909 3671 3949 om-

2100 3974 2226 4029 nino
2248 3974 2647 4041 decimaquarta
2678 3976 2804 4031 luna
2840 3986 2976 4032 erat.
3006 3977 3213 4036 Pascha
3244 3985 3388 4037 enim
3414 3987 3668 4042 Hebrtro-

2101 4079 2217 4118 rum
2246 4073 2370 4119 tunc
2394 4063 2573 4130 ﬁebat,
2604 4068 2743 4122 unde
2762 4081 2928 4138 super
2958 4081 3202 4126 naturam
3232 4083 3389 4130 erant
3413 4079 3669 4136 tenebrae.

2098 4155 2266 4211 Erant
2288 4169 2466 4212 autem
2484 4157 2534 4211 in
2559 4167 2670 4214 toto
2694 4161 2914 4227 mundo,
2936 4177 3037 4217 non
3060 4163 3109 4217 in
3133 4173 3288 4234 parte
3310 4171 3513 4238 mundi,
3532 4173 3671 4227 sicut

2100 4251 2151 4306 in
2182 4250 2416 4323 Egypto
2452 4272 2464 4307 :
2496 4264 2554 4308 ut
2595 4264 2926 4311 monstretur
2950 4259 3091 4326 quod
3124 4259 3303 4330 lugeat
3342 4262 3394 4317 in
3423 4266 3672 4334 passione

2095 4343 2404 4400 Conditoris
2468 4354 2736 4413 creatura,
2791 4356 2845 4402 et
2879 4349 3021 4419 quod
3065 4364 3096 4405 a
3140 4350 3323 4409 Indica
3357 4354 3444 4410 lux
3494 4373 3674 4414 reces-

409 4425 643 4496 οὐρανοῦ
672 4433 897 4499 σημεῖον
933 4432 1062 4487 ἰδεῖν
1095 4435 1362 4503 Ἰουδαῖοι,
1397 4438 1493 4491 νῦν
1525 4438 1869 4509 βλεπέτωσαν
1902 4444 1994 4498 τὸν
2095 4439 2229 4493 εθνῖι
2263 4444 2275 4491 ῗ
2302 4436 2468 4492 Ῑυιιωῖ
2522 4455 2740 4511 quoque
2792 4451 3035 4512 Ρθῑθηιθε
3060 4444 3273 4517 εῖεηιιιη
3299 4462 3329 4503 ε
3350 4449 3506 4519 εαξιοι
3528 4467 3673 4509 nunc

409 4516 565 4588 ἥλιον
593 4521 993 4593 σκοτιζόμενον.
1028 4525 1201 4599 Ἕκτῃ
1255 4528 1310 4580 δὲ
1337 4530 1520 4603 ἡμέρᾳ
1549 4531 1642 4585 τοῦ
1700 4534 1991 4605 ἀνθρώπου

2101 4530 2501 4585 videantsolem
2536 4533 2897 4588 obtenebrari.
2945 4516 3327 4595 Sextaautem
3377 4542 3466 4599 die
3508 4544 3672 4600 homo

411 4609 766 4680 πλασθέντας,
800 4616 896 4669 καὶ
920 4617 1060 4692 ἕκτῃ
1081 4617 1200 4690 ὥρᾳ
1225 4622 1486 4690 φαγόντος
1524 4624 1632 4677 ἀπὸ
1684 4626 1777 4678 τοῦ
1833 4627 1989 4692 ξύλου

2101 4632 2180 4677 est
2205 4624 2474 4691 conditus,
2516 4625 2603 4694 qui
2635 4636 2687 4681 et
2723 4636 2876 4682 sexta
2935 4629 3003 4685 de
3048 4631 3192 4701 ligno
3218 4638 3451 4689 comedit
3488 4654 3501 4691 :
3562 4640 3668 4693 hoc

414 4701 579 4775 (αὕτη
612 4704 720 4777 γὰρ
754 4707 851 4776 τῆς
890 4707 1199 4781 βρώσεωςή
1234 4710 1372 4783 ὥρα)
1413 4717 1439 4766 ό
1471 4714 1675 4785 Κύριος
1709 4718 1990 4772 ἀναπλάτ-

2101 4717 2233 4771 enim
2266 4724 2352 4771 est
2381 4718 2728 4773 eomestionis
2758 4728 2987 4791 tempus.
3018 4723 3132 4789 Qua
3180 4725 3345 4795 igitur
3394 4729 3525 4783 hora
3561 4730 3669 4785 Do.

404 4794 522 4849 τῶν
547 4796 638 4851 τὸν
681 4796 993 4870 ἄνθρωπον,
1054 4804 1149 4856 καὶ
1180 4803 1241 4858 τὸ
1291 4807 1517 4877 σφάλμα
1564 4807 1813 4878 ἰώμενος,
1855 4812 1992 4886 ἕκτῃ

2101 4808 2271 4862 minus
2292 4808 2564 4864 hominem
2594 4811 2857 4876 condidit,
2887 4814 3076 4868 eadem
3116 4795 3400 4887 etdapsum
3433 4823 3664 4876 curavit.

408 4889 597 4962 ἡμέρᾳ
665 4893 761 4945 καὶ
834 4894 969 4965 ἕκτῃ
1025 4894 1145 4969 ὥρᾳ
1189 4897 1270 4968 τῷ
1340 4899 1482 4972 ξύλῳ
1554 4905 1991 4973 προσπήγνυται.

2101 4897 2252 4953 Sexta
2283 4902 2369 4955 die
2414 4910 2470 4956 et
2499 4911 2649 4957 sexta
2704 4904 2838 4960 hora
2865 4908 3010 4960 cruci
3044 4906 3232 4962 aﬂixus
3270 4919 3373 4964 est.
3407 4911 3668 4968 llebraico

424 4977 667 5050 Ἐϐραΐδι
691 4981 748 5035 δὲ
774 4983 1042 5058 διαλέκτῳ
1071 4988 1221 5054 λέγει
1249 4990 1314 5043 τὸ
1342 4994 1701 5063 προφητικὸν,
1745 4996 1830 5050 ἵνα
1881 4997 1960 5050 δεῖ
1976 5030 1990 5039 ο

2101 5001 2268 5046 intem
2329 4993 2591 5050 idiomate
2644 4996 2774 5051 dicit
2828 5000 3222 5068 propheticum,
3280 5013 3337 5058 ut
3402 5016 3668 5060 monstret

410 5071 480 5143 ξῃ
503 5074 585 5127 ὅτι
613 5075 674 5128 οὐ
696 5076 931 5147 μάχεται
959 5081 1024 5149 τῇ
1061 5080 1276 5154 Παλαιᾷ
1306 5082 1518 5154 Γραφῇ.
1549 5086 1621 5138 T6
1643 5086 1719 5152 δὲ,
1747 5104 1766 5138 ι
1796 5087 1911 5141 Ἶνα
1937 5091 1989 5141 τί

413 5180 481 5233 με
510 5166 897 5234 ὲγκατέλιπεςς
928 5188 947 5223 ι
979 5166 1154 5238 εἶπεν,
1197 5173 1272 5236 ὡς
1297 5174 1362 5226 ἂν
1399 5175 1548 5248 δείξῃ
1589 5177 1670 5231 δτι
1706 5177 1992 5251 ἄνθρωπος

409 5255 625 5325 ἀληθῶς
663 5260 901 5328 ἐγένετο,
934 5263 1028 5316 καὶ
1056 5264 1118 5317 οὐ
1143 5264 1285 5319 κατὰ
1324 5268 1623 5334 φαντασίαν
1644 5283 1660 5298 ·
1696 5271 1793 5324 καὶ
1824 5271 1932 5343 γὰρ
1962 5274 1990 5327 6

410 5347 695 5419 ἄνθρωπος
724 5352 956 5425 φυσικὴν
982 5354 1165 5426 ὄρεξιν
1221 5355 1336 5428 ἔχει
1364 5356 1466 5427 τῆς
1510 5358 1676 5431 ζωῆς,
1728 5360 1990 5429 φιλόζωος

411 5436 507 5493 ὢν.
552 5441 767 5513 Ὥσπερ
796 5439 893 5497 οὖν
927 5447 1202 5515 ὴγωνίασε
1261 5449 1355 5502 καὶ
1385 5450 1695 5522 ὴδημόνησε
1730 5454 1837 5523 πρὸ
1891 5454 1985 5506 τοῦ

2087 5086 2229 5157 quod
2250 5102 2353 5141 non
2390 5097 2589 5158 pugnet
2615 5105 2734 5144 cum
2768 5091 2934 5145 veteri
2960 5090 3258 5160 Scriptura.
3293 5094 3444 5162 Quod
3478 5103 3659 5151 autem

2094 5179 2250 5234 dicit:
2280 5180 2347 5236 Ut
2372 5181 2499 5251 quid
2524 5196 2609 5237 me
2630 5182 3007 5251 dereliquisti?
3033 5185 3270 5238 ostendit
3299 5200 3357 5240 se
3386 5187 3662 5241 hominem

2093 5285 2303 5336 verum,
2329 5282 2384 5327 et
2423 5288 2525 5325 non
2543 5273 2696 5340 juxta
2741 5273 3133 5343 apparentiam.
3180 5274 3459 5346 Siquidem
3501 5277 3663 5334 homo

2088 5378 2209 5416 cum
2242 5364 2360 5418 vita:
2401 5366 2469 5419 sit
2494 5367 2737 5433 cupidus,
2773 5366 3071 5421 naturalem
3130 5367 3341 5423 vivendi
3372 5370 3532 5425 habet
3566 5387 3662 5442 ap-

2087 5454 2335 5521 petitum.
2388 5455 2540 5509 Sicut
2569 5458 2709 5511 enim
2762 5458 2815 5513 in
2851 5459 3218 5516 mmstitudine
3246 5459 3346 5516 fuit
3378 5470 3503 5517 ante
3532 5478 3658 5519 eru-

411 5533 669 5604 σταυροῦ,
705 5534 963 5590 δεικνύων
991 5537 1091 5610 τὴν
1126 5540 1191 5592 ἐκ
1238 5539 1454 5609 φύσεως
1488 5543 1798 5613 προσοῦσαν
1852 5545 1984 5616 ἡμῖν

2101 5561 2226 5612 :em,
2252 5549 2543 5604 ostendens
2581 5549 2824 5605 timorem
2852 5562 3058 5608 natum
3088 5564 3288 5619 nostra:
3350 5571 3658 5626 congruen-

474 5712 549 5799 ξιτ)
571 5712 754 5799 γεεθε,
793 5715 897 5788 ἀλλ’
920 5716 1035 5799 ὅταν
1058 5742 1117 5799 ἶ
1141 5718 1366 5780 γίνονται,
1400 5718 1456 5799 in
1503 5722 1743 5799 editione
1768 5725 1968 5799 Veneta
2008 5724 2146 5799 inter
2169 5728 2324 5799 varias
2356 5727 2603 5799 lectiones
2630 5731 2689 5799 ad
2716 5730 2902 5799 calcem
2932 5732 3198 5799 voluminis
3228 5737 3498 5793 amandata.
3526 5738 3660 5799 quod

412 5772 541 5824 nihil
572 5775 633 5824 iis
665 5780 714 5825 in
739 5772 972 5827 versione
1008 5772 1187 5829 Latina
1208 5772 1746 5844 responderentextui
1772 5772 2154 5837 sedulitatis}:
2178 5772 3662 5868 iiiEriﬁé’iidipiéviﬁiégﬂdiﬁﬁﬁei'BH-i‘éfiidﬁa}:

415 5850 531 5870 num
557 5838 731 5870 Ital-nso!
757 5838 912 5870 1‘an
937 5839 1199 5870 Donavi-um
1240 5848 1343 5870 lum
1369 5844 1497 5870 ειη-ιιι
1521 5846 1604 5870 ιιι..
1633 5851 1685 5870 ..ο
1714 5847 2069 5870 ηιμ--..ι...ι-..ιι
2096 5848 2242 5870 ....-I.-
2300 5862 2359 5870 -.-
2393 5850 2483 5870 -ιξ,
2511 5853 2667 5870 p_-_,_
2716 5868 2755 5870 __
2785 5855 2812 5870 ιο
2959 5859 2987 5870 ι.
3031 5864 3041 5870 .
3084 5857 3118 5870 ,ι
3197 5861 3226 5870 ι.
3330 5858 3341 5870 -
3519 5859 3570 5870 Π.

414 5850 531 5925 ειη-’πρ
557 5838 737 5925 habeat
757 5838 1218 5925 mexlf’ataxigus,
1367 5844 1498 5925 quod
1521 5838 2072 5925 illa‘uETheophylactt
2096 5848 2245 5925 verba
2262 5886 2274 5909 ,
2298 5838 2361 5925 es
2378 5838 2488 5902 alio
2702 5838 3168 5925 έδῖιῖἑέίὲἱὼᾚᾱ
3194 5838 3659 5925 eEn'EiBé'iu'EiBE-

413 5900 545 5950 “"°
569 5900 699 5950 ’πεδ’
729 5904 781 5952 εί
805 5899 892 5950 ἰη’
919 5902 1212 5966 “mutis
1238 5899 1399 5957 νενικί
1416 5906 1581 5969 ι’έννα»
1618 5911 1721 5958 tum
1751 5899 1951 5960 αεηίιιᾱι
1982 5909 2095 5973 quia
2127 5899 2311 5963 sensés
2328 5899 2432 5977 ipsi
2454 5899 2689 5977 uastant.
2712 5899 2894 5970 rigat"
2930 5899 3069 5947 “'-
