  <div class='ocr_page' id='page_1' title='image "/cluster/home/n/w/nwhite01/storage/ocr_20150623/123/hvd.32044019208198/243.png"; bbox 0 0 3968 6460; ppageno 0'>
   <div class='ocr_carea' id='block_1_1' title="bbox 440 350 3678 433">
    <p class='ocr_par' dir='ltr' id='par_1_1' title="bbox 440 350 3678 433">
     <span class='ocr_line' id='line_1_1' title="bbox 440 350 3678 433; baseline -0.004 0"><span class='ocrx_word' id='word_1_1' title='bbox 440 366 573 433; x_wconf 57' lang='grc'><strong>471</strong></span> <span class='ocrx_word' id='word_1_2' title='bbox 1299 362 1884 426; x_wconf 79' lang='lat' dir='ltr'><strong>TBEOPHYLACTI</strong></span> <span class='ocrx_word' id='word_1_3' title='bbox 1926 358 2339 423; x_wconf 67' lang='lat' dir='ltr'><strong>BULGARM&quot;.</strong></span> <span class='ocrx_word' id='word_1_4' title='bbox 2372 354 2736 422; x_wconf 78' lang='lat' dir='ltr'><strong>ARCHIEP.</strong></span> <span class='ocrx_word' id='word_1_5' title='bbox 3581 350 3678 421; x_wconf 64' lang='grc'><strong>472</strong></span> 
     </span>
    </p>
   </div>
   <div class='ocr_carea' id='block_1_2' title="bbox 444 470 2037 551">
    <p class='ocr_par' dir='ltr' id='par_1_2' title="bbox 444 476 2015 551">
     <span class='ocr_line' id='line_1_2' title="bbox 444 476 2015 551; baseline -0.003 -15"><span class='ocrx_word' id='word_1_6' title='bbox 444 484 574 543; x_wconf 84' lang='lat' dir='ltr'><strong>tem,</strong></span> <span class='ocrx_word' id='word_1_7' title='bbox 609 477 690 536; x_wconf 83' lang='lat' dir='ltr'><strong>sic</strong></span> <span class='ocrx_word' id='word_1_8' title='bbox 738 487 795 534; x_wconf 86' lang='lat' dir='ltr'><strong>et</strong></span> <span class='ocrx_word' id='word_1_9' title='bbox 827 488 974 535; x_wconf 82' lang='lat' dir='ltr'><strong>nunc</strong></span> <span class='ocrx_word' id='word_1_10' title='bbox 1001 476 1197 551; x_wconf 79' lang='lat' dir='ltr'><strong>inquit,</strong></span> <span class='ocrx_word' id='word_1_11' title='bbox 1235 476 1301 534; x_wconf 88' lang='lat' dir='ltr'><strong>Ut</strong></span> <span class='ocrx_word' id='word_1_12' title='bbox 1326 481 1455 550; x_wconf 87' lang='lat' dir='ltr'><strong>quid</strong></span> <span class='ocrx_word' id='word_1_13' title='bbox 1491 495 1578 535; x_wconf 91' lang='lat' dir='ltr'><strong>me</strong></span> <span class='ocrx_word' id='word_1_14' title='bbox 1628 478 2015 547; x_wconf 81' lang='lat' dir='ltr'><strong>dereliquisti?</strong></span> 
     </span>
    </p>
   </div>
   <div class='ocr_carea' id='block_1_3' title="bbox 2141 470 3683 551">
    <p class='ocr_par' dir='ltr' id='par_1_3' title="bbox 2141 470 3683 545">
     <span class='ocr_line' id='line_1_3' title="bbox 2141 470 3683 545; baseline 0.001 -15"><span class='ocrx_word' id='word_1_15' title='bbox 2141 476 2337 541; x_wconf 56' lang='grc' dir='ltr'>τιλίαν,</span> <span class='ocrx_word' id='word_1_16' title='bbox 2360 474 2503 531; x_wconf 80' lang='grc' dir='ltr'>οὕτω</span> <span class='ocrx_word' id='word_1_17' title='bbox 2537 475 2633 530; x_wconf 75' lang='grc' dir='ltr'>καὶ</span> <span class='ocrx_word' id='word_1_18' title='bbox 2659 472 2755 528; x_wconf 85' lang='grc' dir='ltr'><strong>νῦν</strong></span> <span class='ocrx_word' id='word_1_19' title='bbox 2778 488 2946 544; x_wconf 81' lang='grc' dir='ltr'>φησιν</span> <span class='ocrx_word' id='word_1_20' title='bbox 2965 488 2980 505; x_wconf 85' lang='grc'>·</span> <span class='ocrx_word' id='word_1_21' title='bbox 3024 490 3045 525; x_wconf 76' lang='grc' dir='ltr'><strong>ι</strong></span> <span class='ocrx_word' id='word_1_22' title='bbox 3076 470 3190 528; x_wconf 64' lang='lat' dir='ltr'><strong>&quot;lvd</strong></span> <span class='ocrx_word' id='word_1_23' title='bbox 3217 470 3276 528; x_wconf 88' lang='grc' dir='ltr'><strong>τί</strong></span> <span class='ocrx_word' id='word_1_24' title='bbox 3322 490 3395 545; x_wconf 81' lang='grc' dir='ltr'><strong>με</strong></span> <span class='ocrx_word' id='word_1_25' title='bbox 3423 472 3683 542; x_wconf 76' lang='grc' dir='ltr'>ἐγκατέλι-</span> 
     </span>
    </p>
   </div>
   <div class='ocr_carea' id='block_1_4' title="bbox 444 563 2037 641">
    <p class='ocr_par' dir='ltr' id='par_1_4' title="bbox 444 566 2015 641">
     <span class='ocr_line' id='line_1_4' title="bbox 444 566 2015 641; baseline -0.001 -17"><span class='ocrx_word' id='word_1_26' title='bbox 444 571 725 626; x_wconf 86' lang='lat' dir='ltr'><strong>lns&#39;nuans</strong></span> <span class='ocrx_word' id='word_1_27' title='bbox 777 569 1076 625; x_wconf 76' lang='lat' dir='ltr'><strong>naturalem</strong></span> <span class='ocrx_word' id='word_1_28' title='bbox 1121 567 1336 625; x_wconf 82' lang='lat' dir='ltr'><strong>vivendi</strong></span> <span class='ocrx_word' id='word_1_29' title='bbox 1378 569 1747 641; x_wconf 73' lang='lat' dir='ltr'><strong>cupiditatem.</strong></span> <span class='ocrx_word' id='word_1_30' title='bbox 1804 566 2015 622; x_wconf 78' lang='lat' dir='ltr'><strong>Etenim</strong></span> 
     </span>
    </p>
   </div>
   <div class='ocr_carea' id='block_1_5' title="bbox 2141 563 3684 641">
    <p class='ocr_par' dir='ltr' id='par_1_5' title="bbox 2141 563 3684 638">
     <span class='ocr_line' id='line_1_5' title="bbox 2141 563 3684 638; baseline 0.002 -16"><span class='ocrx_word' id='word_1_31' title='bbox 2141 586 2217 631; x_wconf 79' lang='grc' dir='ltr'><strong>τες</strong></span> <span class='ocrx_word' id='word_1_32' title='bbox 2242 585 2258 635; x_wconf 88' lang='grc'>;</span> <span class='ocrx_word' id='word_1_33' title='bbox 2289 586 2308 619; x_wconf 75' lang='grc' dir='ltr'><strong>ι</strong></span> <span class='ocrx_word' id='word_1_34' title='bbox 2336 567 2615 638; x_wconf 73' lang='grc' dir='ltr'><strong>ἐμφαίνων</strong></span> <span class='ocrx_word' id='word_1_35' title='bbox 2638 565 2738 637; x_wconf 79' lang='grc' dir='ltr'>τὴν</span> <span class='ocrx_word' id='word_1_36' title='bbox 2773 563 3007 636; x_wconf 80' lang='grc' dir='ltr'>φυσικὴν</span> <span class='ocrx_word' id='word_1_37' title='bbox 3051 564 3351 634; x_wconf 72' lang='grc' dir='ltr'><strong>φιλοζωΐαν</strong></span> <span class='ocrx_word' id='word_1_38' title='bbox 3381 563 3554 636; x_wconf 69' lang='grc' dir='ltr'>ἡμῶν.</span> <span class='ocrx_word' id='word_1_39' title='bbox 3582 569 3684 624; x_wconf 75' lang='grc' dir='ltr'><strong>Καὶ</strong></span> 
     </span>
    </p>
   </div>
   <div class='ocr_carea' id='block_1_6' title="bbox 449 654 2037 733">
    <p class='ocr_par' dir='ltr' id='par_1_6' title="bbox 449 659 2018 733">
     <span class='ocr_line' id='line_1_6' title="bbox 449 659 2018 733; baseline 0.001 -20"><span class='ocrx_word' id='word_1_40' title='bbox 449 676 569 715; x_wconf 68' lang='lat' dir='ltr'><strong>tte-re</strong></span> <span class='ocrx_word' id='word_1_41' title='bbox 607 664 767 717; x_wconf 78' lang='lat' dir='ltr'><strong>homo</strong></span> <span class='ocrx_word' id='word_1_42' title='bbox 790 670 930 727; x_wconf 91' lang='lat' dir='ltr'><strong>erat,</strong></span> <span class='ocrx_word' id='word_1_43' title='bbox 959 660 1222 732; x_wconf 88' lang='lat' dir='ltr'><strong>nobisque</strong></span> <span class='ocrx_word' id='word_1_44' title='bbox 1244 676 1339 733; x_wconf 91' lang='lat' dir='ltr'><strong>per</strong></span> <span class='ocrx_word' id='word_1_45' title='bbox 1360 661 1538 716; x_wconf 83' lang='lat' dir='ltr'><strong>omnia</strong></span> <span class='ocrx_word' id='word_1_46' title='bbox 1569 660 1786 725; x_wconf 75' lang='lat' dir='ltr'><strong>similis,</strong></span> <span class='ocrx_word' id='word_1_47' title='bbox 1813 659 2018 729; x_wconf 79' lang='lat' dir='ltr'><strong>absque</strong></span> 
     </span>
    </p>
   </div>
   <div class='ocr_carea' id='block_1_7' title="bbox 2141 654 3683 733">
    <p class='ocr_par' dir='ltr' id='par_1_7' title="bbox 2141 654 3683 731">
     <span class='ocr_line' id='line_1_7' title="bbox 2141 654 3683 731; baseline -0.001 -18"><span class='ocrx_word' id='word_1_48' title='bbox 2141 661 2232 731; x_wconf 64' lang='grc' dir='ltr'><strong>πὰρ</strong></span> <span class='ocrx_word' id='word_1_49' title='bbox 2259 660 2427 724; x_wconf 73' lang='grc' dir='ltr'>ὄντως</span> <span class='ocrx_word' id='word_1_50' title='bbox 2457 659 2744 730; x_wconf 77' lang='grc' dir='ltr'>ἄνθρωπος</span> <span class='ocrx_word' id='word_1_51' title='bbox 2769 654 2863 731; x_wconf 77' lang='grc' dir='ltr'>ἦν,</span> <span class='ocrx_word' id='word_1_52' title='bbox 2894 657 2989 712; x_wconf 74' lang='grc' dir='ltr'>καὶ</span> <span class='ocrx_word' id='word_1_53' title='bbox 3018 658 3149 730; x_wconf 76' lang='grc' dir='ltr'>ἡμῖν</span> <span class='ocrx_word' id='word_1_54' title='bbox 3176 657 3249 712; x_wconf 82' lang='grc' dir='ltr'><strong>τὰ</strong></span> <span class='ocrx_word' id='word_1_55' title='bbox 3271 657 3452 712; x_wconf 81' lang='grc' dir='ltr'>πάντα</span> <span class='ocrx_word' id='word_1_56' title='bbox 3495 660 3683 729; x_wconf 80' lang='grc' dir='ltr'>ὅμοιος,</span> 
     </span>
    </p>
   </div>
   <div class='ocr_carea' id='block_1_8' title="bbox 444 749 2037 823">
    <p class='ocr_par' dir='ltr' id='par_1_8' title="bbox 444 750 2014 822">
     <span class='ocr_line' id='line_1_8' title="bbox 444 750 2014 822; baseline 0.001 -19"><span class='ocrx_word' id='word_1_57' title='bbox 444 766 688 818; x_wconf 72' lang='lat' dir='ltr'><strong>peccato.</strong></span> <span class='ocrx_word' id='word_1_58' title='bbox 744 754 975 821; x_wconf 86' lang='lat' dir='ltr'><strong>Quidam</strong></span> <span class='ocrx_word' id='word_1_59' title='bbox 1033 768 1213 811; x_wconf 87' lang='lat' dir='ltr'><strong>autem</strong></span> <span class='ocrx_word' id='word_1_60' title='bbox 1248 756 1352 811; x_wconf 89' lang='lat' dir='ltr'><strong>hoc</strong></span> <span class='ocrx_word' id='word_1_61' title='bbox 1406 755 1811 817; x_wconf 64' lang='lat' dir='ltr'><strong>intellexi-runt,</strong></span> <span class='ocrx_word' id='word_1_62' title='bbox 1870 750 2014 822; x_wconf 87' lang='lat' dir='ltr'><strong>quod</strong></span> 
     </span>
    </p>
   </div>
   <div class='ocr_carea' id='block_1_9' title="bbox 2141 749 3684 823">
    <p class='ocr_par' dir='ltr' id='par_1_9' title="bbox 2141 749 3684 823">
     <span class='ocr_line' id='line_1_9' title="bbox 2141 749 3684 823; baseline 0.002 -18"><span class='ocrx_word' id='word_1_63' title='bbox 2141 752 2289 823; x_wconf 69' lang='grc' dir='ltr'>[ωρὶς</span> <span class='ocrx_word' id='word_1_64' title='bbox 2316 752 2613 823; x_wconf 76' lang='grc' dir='ltr'>ἁμαρτίας.</span> <span class='ocrx_word' id='word_1_65' title='bbox 2639 751 2797 815; x_wconf 78' lang='grc' dir='ltr'>Τινὲς</span> <span class='ocrx_word' id='word_1_66' title='bbox 2821 750 2877 804; x_wconf 70' lang='grc' dir='ltr'>δὲ</span> <span class='ocrx_word' id='word_1_67' title='bbox 2911 749 3056 804; x_wconf 69' lang='grc' dir='ltr'>οὕτω</span> <span class='ocrx_word' id='word_1_68' title='bbox 3114 749 3277 804; x_wconf 85' lang='grc' dir='ltr'>τοῦτο</span> <span class='ocrx_word' id='word_1_69' title='bbox 3311 750 3560 820; x_wconf 84' lang='grc' dir='ltr'>ἐνόησαν,</span> <span class='ocrx_word' id='word_1_70' title='bbox 3611 753 3684 808; x_wconf 76' lang='grc' dir='ltr'>ὅτι</span> 
     </span>
    </p>
   </div>
   <div class='ocr_carea' id='block_1_10' title="bbox 344 841 2018 919">
    <p class='ocr_par' dir='ltr' id='par_1_10' title="bbox 344 841 2018 919">
     <span class='ocr_line' id='line_1_10' title="bbox 344 841 2018 919; baseline 0.001 -24"><span class='ocrx_word' id='word_1_71' title='bbox 344 906 347 911; x_wconf 22' lang='grc' dir='ltr'><em>Α</em></span> <span class='ocrx_word' id='word_1_72' title='bbox 445 841 697 901; x_wconf 79' lang='lat' dir='ltr'><strong>Salvator</strong></span> <span class='ocrx_word' id='word_1_73' title='bbox 723 847 775 903; x_wconf 91' lang='lat' dir='ltr'><strong>in</strong></span> <span class='ocrx_word' id='word_1_74' title='bbox 814 864 873 903; x_wconf 87' lang='lat' dir='ltr'><strong>se</strong></span> <span class='ocrx_word' id='word_1_75' title='bbox 916 863 1203 919; x_wconf 86' lang='lat' dir='ltr'><strong>personam</strong></span> <span class='ocrx_word' id='word_1_76' title='bbox 1237 856 1386 916; x_wconf 73' lang='lat' dir='ltr'><strong>gerat</strong></span> <span class='ocrx_word' id='word_1_77' title='bbox 1413 847 1743 911; x_wconf 70' lang='lat' dir='ltr'><strong>inda-orum,</strong></span> <span class='ocrx_word' id='word_1_78' title='bbox 1766 853 1819 898; x_wconf 81' lang='lat' dir='ltr'><strong>et</strong></span> <span class='ocrx_word' id='word_1_79' title='bbox 1853 844 2018 909; x_wconf 86' lang='lat' dir='ltr'><strong>dicat,</strong></span> 
     </span>
    </p>
   </div>
   <div class='ocr_carea' id='block_1_11' title="bbox 448 934 2022 1008">
    <p class='ocr_par' dir='ltr' id='par_1_11' title="bbox 448 934 2022 1008">
     <span class='ocr_line' id='line_1_11' title="bbox 448 934 2022 1008; baseline 0 -18"><span class='ocrx_word' id='word_1_80' title='bbox 448 937 647 1005; x_wconf 70' lang='lat' dir='ltr'><strong>litquil</strong></span> <span class='ocrx_word' id='word_1_81' title='bbox 679 938 1011 1008; x_wconf 83' lang='lat' dir='ltr'><strong>dereliqtttsti</strong></span> <span class='ocrx_word' id='word_1_82' title='bbox 1056 937 1334 993; x_wconf 72' lang='lat' dir='ltr'><strong>Judairum</strong></span> <span class='ocrx_word' id='word_1_83' title='bbox 1364 937 1639 1006; x_wconf 84' lang='lat' dir='ltr'><strong>populum,</strong></span> <span class='ocrx_word' id='word_1_84' title='bbox 1690 950 1723 989; x_wconf 94' lang='lat' dir='ltr'><strong>o</strong></span> <span class='ocrx_word' id='word_1_85' title='bbox 1753 934 1932 1001; x_wconf 82' lang='lat' dir='ltr'><strong>Pater,</strong></span> <span class='ocrx_word' id='word_1_86' title='bbox 1961 943 2022 990; x_wconf 84' lang='lat' dir='ltr'><strong>ut</strong></span> 
     </span>
    </p>
   </div>
   <div class='ocr_carea' id='block_1_12' title="bbox 445 1030 2021 1102">
    <p class='ocr_par' dir='ltr' id='par_1_12' title="bbox 445 1030 2021 1102">
     <span class='ocr_line' id='line_1_12' title="bbox 445 1030 2021 1102; baseline -0.001 -19"><span class='ocrx_word' id='word_1_87' title='bbox 445 1038 654 1085; x_wconf 72' lang='lat' dir='ltr'><strong>tantum</strong></span> <span class='ocrx_word' id='word_1_88' title='bbox 684 1032 935 1085; x_wconf 81' lang='lat' dir='ltr'><strong>admittat</strong></span> <span class='ocrx_word' id='word_1_89' title='bbox 972 1047 1278 1100; x_wconf 82' lang='lat' dir='ltr'><strong>peccatum,</strong></span> <span class='ocrx_word' id='word_1_90' title='bbox 1321 1030 1481 1102; x_wconf 77' lang='lat'><strong>160</strong></span> <span class='ocrx_word' id='word_1_91' title='bbox 1506 1041 1554 1084; x_wconf 85' lang='lat' dir='ltr'><strong>et</strong></span> <span class='ocrx_word' id='word_1_92' title='bbox 1584 1031 1872 1101; x_wconf 91' lang='lat' dir='ltr'><strong>perditioni</strong></span> <span class='ocrx_word' id='word_1_93' title='bbox 1912 1039 2021 1083; x_wconf 81' lang='lat' dir='ltr'><strong>tra-</strong></span> 
     </span>
    </p>
   </div>
   <div class='ocr_carea' id='block_1_13' title="bbox 448 1115 2022 1193">
    <p class='ocr_par' dir='ltr' id='par_1_13' title="bbox 448 1115 2022 1193">
     <span class='ocr_line' id='line_1_13' title="bbox 448 1115 2022 1193; baseline 0.003 -22"><span class='ocrx_word' id='word_1_94' title='bbox 448 1115 640 1175; x_wconf 76' lang='lat' dir='ltr'><strong>daturi</strong></span> <span class='ocrx_word' id='word_1_95' title='bbox 660 1115 920 1178; x_wconf 78' lang='lat' dir='ltr'><strong>Christus</strong></span> <span class='ocrx_word' id='word_1_96' title='bbox 938 1123 1082 1174; x_wconf 73' lang='lat' dir='ltr'><strong>enim</strong></span> <span class='ocrx_word' id='word_1_97' title='bbox 1113 1133 1368 1193; x_wconf 76' lang='lat' dir='ltr'><strong>tanquam</strong></span> <span class='ocrx_word' id='word_1_98' title='bbox 1402 1139 1465 1178; x_wconf 81' lang='lat' dir='ltr'><strong>ex</strong></span> <span class='ocrx_word' id='word_1_99' title='bbox 1494 1119 1694 1176; x_wconf 67' lang='lat' dir='ltr'><strong>Judmis</strong></span> <span class='ocrx_word' id='word_1_100' title='bbox 1713 1132 1889 1186; x_wconf 88' lang='lat' dir='ltr'><strong>natus,</strong></span> <span class='ocrx_word' id='word_1_101' title='bbox 1919 1121 2022 1176; x_wconf 83' lang='lat' dir='ltr'><strong>De-</strong></span> 
     </span>
    </p>
   </div>
   <div class='ocr_carea' id='block_1_14' title="bbox 448 1209 2019 1283">
    <p class='ocr_par' dir='ltr' id='par_1_14' title="bbox 448 1209 2019 1283">
     <span class='ocr_line' id='line_1_14' title="bbox 448 1209 2019 1283; baseline 0.001 -18"><span class='ocrx_word' id='word_1_102' title='bbox 448 1209 715 1279; x_wconf 66' lang='lat' dir='ltr'><strong>tciiquisti</strong></span> <span class='ocrx_word' id='word_1_103' title='bbox 769 1223 879 1277; x_wconf 84' lang='lat' dir='ltr'><strong>me,</strong></span> <span class='ocrx_word' id='word_1_104' title='bbox 918 1212 1068 1280; x_wconf 85' lang='lat' dir='ltr'><strong>dicit,</strong></span> <span class='ocrx_word' id='word_1_105' title='bbox 1106 1216 1206 1269; x_wconf 88' lang='lat' dir='ltr'><strong>hoc</strong></span> <span class='ocrx_word' id='word_1_106' title='bbox 1234 1223 1338 1281; x_wconf 87' lang='lat' dir='ltr'><strong>cst,</strong></span> <span class='ocrx_word' id='word_1_107' title='bbox 1395 1211 1568 1269; x_wconf 77' lang='lat' dir='ltr'><strong>Meam</strong></span> <span class='ocrx_word' id='word_1_108' title='bbox 1622 1214 2019 1283; x_wconf 75' lang='lat' dir='ltr'><strong>cognationem,</strong></span> 
     </span>
    </p>
   </div>
   <div class='ocr_carea' id='block_1_15' title="bbox 450 1304 2025 1379">
    <p class='ocr_par' dir='ltr' id='par_1_15' title="bbox 450 1304 2025 1379">
     <span class='ocr_line' id='line_1_15' title="bbox 450 1304 2025 1379; baseline 0.003 -22"><span class='ocrx_word' id='word_1_109' title='bbox 450 1310 743 1377; x_wconf 72' lang='lat' dir='ltr'><strong>meumque</strong></span> <span class='ocrx_word' id='word_1_110' title='bbox 770 1304 1019 1378; x_wconf 89' lang='lat' dir='ltr'><strong>populum</strong></span> <span class='ocrx_word' id='word_1_111' title='bbox 1049 1316 1107 1364; x_wconf 92' lang='lat' dir='ltr'><strong>ut</strong></span> <span class='ocrx_word' id='word_1_112' title='bbox 1141 1308 1268 1379; x_wconf 89' lang='lat' dir='ltr'><strong>quid</strong></span> <span class='ocrx_word' id='word_1_113' title='bbox 1298 1308 1655 1378; x_wconf 85' lang='lat' dir='ltr'><strong>dereliquisti,</strong></span> <span class='ocrx_word' id='word_1_114' title='bbox 1717 1308 1787 1362; x_wconf 87' lang='lat' dir='ltr'><strong>ita</strong></span> <span class='ocrx_word' id='word_1_115' title='bbox 1815 1317 1869 1362; x_wconf 92' lang='lat' dir='ltr'><strong>ut</strong></span> <span class='ocrx_word' id='word_1_116' title='bbox 1898 1322 2025 1362; x_wconf 89' lang='lat' dir='ltr'><strong>con-</strong></span> 
     </span>
    </p>
   </div>
   <div class='ocr_carea' id='block_1_16' title="bbox 452 1399 2021 1468">
    <p class='ocr_par' dir='ltr' id='par_1_16' title="bbox 452 1399 2021 1468">
     <span class='ocr_line' id='line_1_16' title="bbox 452 1399 2021 1468; baseline 0.003 -21"><span class='ocrx_word' id='word_1_117' title='bbox 452 1405 534 1450; x_wconf 87' lang='lat' dir='ltr'><strong>tra</strong></span> <span class='ocrx_word' id='word_1_118' title='bbox 559 1401 795 1468; x_wconf 75' lang='lat' dir='ltr'><strong>seipsnm</strong></span> <span class='ocrx_word' id='word_1_119' title='bbox 832 1400 938 1454; x_wconf 87' lang='lat' dir='ltr'><strong>tale</strong></span> <span class='ocrx_word' id='word_1_120' title='bbox 966 1401 1164 1455; x_wconf 90' lang='lat' dir='ltr'><strong>malum</strong></span> <span class='ocrx_word' id='word_1_121' title='bbox 1217 1400 1381 1455; x_wconf 76' lang='lat' dir='ltr'><strong>faciat</strong></span> <span class='ocrx_word' id='word_1_122' title='bbox 1416 1399 1663 1455; x_wconf 69' lang='lat' dir='ltr'><strong>iTurbaa</strong></span> <span class='ocrx_word' id='word_1_123' title='bbox 1681 1409 1862 1455; x_wconf 76' lang='lat' dir='ltr'><strong>autem</strong></span> <span class='ocrx_word' id='word_1_124' title='bbox 1900 1415 2021 1453; x_wconf 92' lang='lat' dir='ltr'><strong>cum</strong></span> 
     </span>
    </p>
   </div>
   <div class='ocr_carea' id='block_1_17' title="bbox 452 1491 2026 1564">
    <p class='ocr_par' dir='ltr' id='par_1_17' title="bbox 452 1491 2026 1564">
     <span class='ocr_line' id='line_1_17' title="bbox 452 1491 2026 1564; baseline 0.003 -23"><span class='ocrx_word' id='word_1_125' title='bbox 452 1499 556 1541; x_wconf 84' lang='lat' dir='ltr'><strong>tum</strong></span> <span class='ocrx_word' id='word_1_126' title='bbox 591 1491 981 1550; x_wconf 71' lang='lat' dir='ltr'><strong>intellexissent</strong></span> <span class='ocrx_word' id='word_1_127' title='bbox 1031 1510 1216 1551; x_wconf 84' lang='lat' dir='ltr'><strong>vocem</strong></span> <span class='ocrx_word' id='word_1_128' title='bbox 1250 1494 1415 1558; x_wconf 77' lang='lat' dir='ltr'><strong>illam,</strong></span> <span class='ocrx_word' id='word_1_129' title='bbox 1451 1508 1641 1564; x_wconf 86' lang='lat' dir='ltr'><strong>nempe</strong></span> <span class='ocrx_word' id='word_1_130' title='bbox 1674 1503 1937 1563; x_wconf 76' lang='lat' dir='ltr'><strong>agrestes.</strong></span> <span class='ocrx_word' id='word_1_131' title='bbox 1972 1502 2026 1546; x_wconf 88' lang='lat' dir='ltr'><strong>et</strong></span> 
     </span>
    </p>
   </div>
   <div class='ocr_carea' id='block_1_18' title="bbox 451 1576 2024 1654">
    <p class='ocr_par' dir='ltr' id='par_1_18' title="bbox 451 1576 2024 1654">
     <span class='ocr_line' id='line_1_18' title="bbox 451 1576 2024 1654; baseline 0.005 -24"><span class='ocrx_word' id='word_1_132' title='bbox 451 1576 721 1649; x_wconf 55' lang='lat' dir='ltr'><strong>imperil.»</strong></span> <span class='ocrx_word' id='word_1_133' title='bbox 771 1584 1206 1653; x_wconf 81' lang='lat' dir='ltr'><strong>prupltcticornm</strong></span> <span class='ocrx_word' id='word_1_134' title='bbox 1263 1584 1556 1651; x_wconf 84' lang='lat' dir='ltr'><strong>dictorum,</strong></span> <span class='ocrx_word' id='word_1_135' title='bbox 1581 1585 1842 1654; x_wconf 80' lang='lat' dir='ltr'><strong>putabant</strong></span> <span class='ocrx_word' id='word_1_136' title='bbox 1881 1582 2024 1652; x_wconf 82' lang='lat' dir='ltr'><strong>qunti</strong></span> 
     </span>
    </p>
   </div>
   <div class='ocr_carea' id='block_1_19' title="bbox 448 1664 2024 1751">
    <p class='ocr_par' dir='ltr' id='par_1_19' title="bbox 448 1664 2024 1751">
     <span class='ocr_line' id='line_1_19' title="bbox 448 1664 2024 1751; baseline 0.004 -26"><span class='ocrx_word' id='word_1_137' title='bbox 448 1664 620 1729; x_wconf 81' lang='lat' dir='ltr'><strong>Etiam</strong></span> <span class='ocrx_word' id='word_1_138' title='bbox 649 1687 910 1737; x_wconf 70' lang='lat' dir='ltr'><strong>vocaret:</strong></span> <span class='ocrx_word' id='word_1_139' title='bbox 943 1694 1047 1732; x_wconf 84' lang='lat' dir='ltr'><strong>nun</strong></span> <span class='ocrx_word' id='word_1_140' title='bbox 1106 1680 1248 1733; x_wconf 90' lang='lat' dir='ltr'><strong>enim</strong></span> <span class='ocrx_word' id='word_1_141' title='bbox 1279 1694 1470 1735; x_wconf 82' lang='lat' dir='ltr'><strong>omnes</strong></span> <span class='ocrx_word' id='word_1_142' title='bbox 1513 1679 1679 1735; x_wconf 64' lang='lat' dir='ltr'><strong>Judaei</strong></span> <span class='ocrx_word' id='word_1_143' title='bbox 1714 1679 2024 1751; x_wconf 85' lang='lat' dir='ltr'><strong>prophetica</strong></span> 
     </span>
    </p>
   </div>
   <div class='ocr_carea' id='block_1_20' title="bbox 449 1767 2026 1840">
    <p class='ocr_par' dir='ltr' id='par_1_20' title="bbox 449 1767 2026 1840">
     <span class='ocr_line' id='line_1_20' title="bbox 449 1767 2026 1840; baseline 0.004 -20"><span class='ocrx_word' id='word_1_144' title='bbox 449 1767 717 1834; x_wconf 79' lang='lat' dir='ltr'><strong>sciebant,</strong></span> <span class='ocrx_word' id='word_1_145' title='bbox 757 1768 1094 1840; x_wconf 86' lang='lat' dir='ltr'><strong>sicutneqne</strong></span> <span class='ocrx_word' id='word_1_146' title='bbox 1134 1787 1278 1827; x_wconf 89' lang='lat' dir='ltr'><strong>nunc</strong></span> <span class='ocrx_word' id='word_1_147' title='bbox 1324 1771 1619 1828; x_wconf 80' lang='lat' dir='ltr'><strong>Christiani</strong></span> <span class='ocrx_word' id='word_1_148' title='bbox 1661 1788 1852 1828; x_wconf 80' lang='lat' dir='ltr'><strong>omnes</strong></span> <span class='ocrx_word' id='word_1_149' title='bbox 1890 1772 2026 1827; x_wconf 83' lang='lat' dir='ltr'><strong>forte</strong></span> 
     </span>
    </p>
   </div>
   <div class='ocr_carea' id='block_1_21' title="bbox 450 1861 2025 1935">
    <p class='ocr_par' dir='ltr' id='par_1_21' title="bbox 450 1861 2025 1935">
     <span class='ocr_line' id='line_1_21' title="bbox 450 1861 2025 1935; baseline 0.004 -22"><span class='ocrx_word' id='word_1_150' title='bbox 450 1872 511 1913; x_wconf 84' lang='lat' dir='ltr'><strong>ea</strong></span> <span class='ocrx_word' id='word_1_151' title='bbox 544 1868 665 1932; x_wconf 63' lang='lat' dir='ltr'><strong>quae</strong></span> <span class='ocrx_word' id='word_1_152' title='bbox 691 1862 743 1915; x_wconf 92' lang='lat' dir='ltr'><strong>in</strong></span> <span class='ocrx_word' id='word_1_153' title='bbox 774 1861 1102 1934; x_wconf 74' lang='lat' dir='ltr'><strong>Evangellis.</strong></span> <span class='ocrx_word' id='word_1_154' title='bbox 1141 1864 1408 1921; x_wconf 64' lang='lat' dir='ltr'><strong>Caeterum</strong></span> <span class='ocrx_word' id='word_1_155' title='bbox 1449 1878 1658 1923; x_wconf 89' lang='lat' dir='ltr'><strong>acetum</strong></span> <span class='ocrx_word' id='word_1_156' title='bbox 1683 1867 1732 1922; x_wconf 91' lang='lat' dir='ltr'><strong>ei</strong></span> <span class='ocrx_word' id='word_1_157' title='bbox 1759 1866 1813 1920; x_wconf 92' lang='lat' dir='ltr'><strong>in</strong></span> <span class='ocrx_word' id='word_1_158' title='bbox 1844 1874 2025 1935; x_wconf 89' lang='lat' dir='ltr'><strong>potum</strong></span> 
     </span>
    </p>
   </div>
   <div class='ocr_carea' id='block_1_22' title="bbox 451 1953 2026 2027">
    <p class='ocr_par' dir='ltr' id='par_1_22' title="bbox 451 1953 2026 2027">
     <span class='ocr_line' id='line_1_22' title="bbox 451 1953 2026 2027; baseline 0.003 -20"><span class='ocrx_word' id='word_1_159' title='bbox 451 1953 678 2020; x_wconf 84' lang='lat' dir='ltr'><strong>dabant,</strong></span> <span class='ocrx_word' id='word_1_160' title='bbox 722 1962 781 2011; x_wconf 83' lang='lat' dir='ltr'><strong>ut</strong></span> <span class='ocrx_word' id='word_1_161' title='bbox 814 1967 1118 2011; x_wconf 86' lang='lat' dir='ltr'><strong>moreretur</strong></span> <span class='ocrx_word' id='word_1_162' title='bbox 1158 1958 1470 2027; x_wconf 83' lang='lat' dir='ltr'><strong>priusquam</strong></span> <span class='ocrx_word' id='word_1_163' title='bbox 1503 1958 1713 2014; x_wconf 80' lang='lat' dir='ltr'><strong>veniret</strong></span> <span class='ocrx_word' id='word_1_164' title='bbox 1749 1958 1894 2012; x_wconf 79' lang='lat' dir='ltr'><strong>Elius</strong></span> <span class='ocrx_word' id='word_1_165' title='bbox 1925 1956 2026 2011; x_wconf 88' lang='lat' dir='ltr'><strong>ad-</strong></span> 
     </span>
    </p>
   </div>
   <div class='ocr_carea' id='block_1_23' title="bbox 443 2034 2029 2112">
    <p class='ocr_par' dir='ltr' id='par_1_23' title="bbox 443 2034 2029 2112">
     <span class='ocr_line' id='line_1_23' title="bbox 443 2034 2029 2112; baseline 0.005 -17"><span class='ocrx_word' id='word_1_166' title='bbox 443 2034 663 2112; x_wconf 59' lang='lat' dir='ltr'><strong>iuturus</strong></span> <span class='ocrx_word' id='word_1_167' title='bbox 703 2060 849 2101; x_wconf 89' lang='lat' dir='ltr'><strong>eum.</strong></span> <span class='ocrx_word' id='word_1_168' title='bbox 900 2038 1059 2103; x_wconf 84' lang='lat' dir='ltr'><strong>Unde</strong></span> <span class='ocrx_word' id='word_1_169' title='bbox 1112 2047 1201 2107; x_wconf 76' lang='lat' dir='ltr'><strong>alii</strong></span> <span class='ocrx_word' id='word_1_170' title='bbox 1234 2047 1471 2106; x_wconf 86' lang='lat' dir='ltr'><strong>dicunt:</strong></span> <span class='ocrx_word' id='word_1_171' title='bbox 1542 2048 1693 2111; x_wconf 88' lang='lat' dir='ltr'><strong>Sine,</strong></span> <span class='ocrx_word' id='word_1_172' title='bbox 1754 2049 2029 2103; x_wconf 85' lang='lat' dir='ltr'><strong>videamus</strong></span> 
     </span>
    </p>
   </div>
   <div class='ocr_carea' id='block_1_24' title="bbox 450 2137 2030 2206">
    <p class='ocr_par' dir='ltr' id='par_1_24' title="bbox 450 2137 2030 2206">
     <span class='ocr_line' id='line_1_24' title="bbox 450 2137 2030 2206; baseline 0.003 -16"><span class='ocrx_word' id='word_1_173' title='bbox 450 2146 580 2190; x_wconf 77' lang='lat' dir='ltr'><strong>imm</strong></span> <span class='ocrx_word' id='word_1_174' title='bbox 601 2138 783 2193; x_wconf 84' lang='lat' dir='ltr'><strong>veniat</strong></span> <span class='ocrx_word' id='word_1_175' title='bbox 807 2137 973 2204; x_wconf 83' lang='lat' dir='ltr'><strong>Elias,</strong></span> <span class='ocrx_word' id='word_1_176' title='bbox 1000 2138 1331 2195; x_wconf 85' lang='lat' dir='ltr'><strong>liberaturus</strong></span> <span class='ocrx_word' id='word_1_177' title='bbox 1383 2155 1530 2206; x_wconf 87' lang='lat' dir='ltr'><strong>eum,</strong></span> <span class='ocrx_word' id='word_1_178' title='bbox 1593 2140 1695 2194; x_wconf 86' lang='lat' dir='ltr'><strong>hoc</strong></span> <span class='ocrx_word' id='word_1_179' title='bbox 1740 2147 1844 2205; x_wconf 87' lang='lat' dir='ltr'><strong>est,</strong></span> <span class='ocrx_word' id='word_1_180' title='bbox 1899 2140 2030 2195; x_wconf 88' lang='lat' dir='ltr'><strong>Sine</strong></span> 
     </span>
    </p>
   </div>
   <div class='ocr_carea' id='block_1_25' title="bbox 451 2228 2031 2302">
    <p class='ocr_par' dir='ltr' id='par_1_25' title="bbox 451 2228 2031 2302">
     <span class='ocr_line' id='line_1_25' title="bbox 451 2228 2031 2302; baseline 0.003 -22"><span class='ocrx_word' id='word_1_181' title='bbox 451 2242 600 2294; x_wconf 86' lang='lat' dir='ltr'><strong>eum,</strong></span> <span class='ocrx_word' id='word_1_182' title='bbox 635 2243 701 2283; x_wconf 88' lang='lat' dir='ltr'><strong>ne</strong></span> <span class='ocrx_word' id='word_1_183' title='bbox 744 2228 914 2285; x_wconf 73' lang='lat' dir='ltr'><strong>iacias</strong></span> <span class='ocrx_word' id='word_1_184' title='bbox 957 2232 1118 2299; x_wconf 91' lang='lat' dir='ltr'><strong>mori,</strong></span> <span class='ocrx_word' id='word_1_185' title='bbox 1174 2239 1235 2286; x_wconf 88' lang='lat' dir='ltr'><strong>ut</strong></span> <span class='ocrx_word' id='word_1_186' title='bbox 1290 2231 1528 2287; x_wconf 85' lang='lat' dir='ltr'><strong>sciamus</strong></span> <span class='ocrx_word' id='word_1_187' title='bbox 1565 2246 1632 2286; x_wconf 90' lang='lat' dir='ltr'><strong>an</strong></span> <span class='ocrx_word' id='word_1_188' title='bbox 1680 2230 1903 2302; x_wconf 84' lang='lat' dir='ltr'><strong>juvetur</strong></span> <span class='ocrx_word' id='word_1_189' title='bbox 1960 2229 2031 2284; x_wconf 89' lang='lat' dir='ltr'><strong>ab</strong></span> 
     </span>
    </p>
   </div>
   <div class='ocr_carea' id='block_1_26' title="bbox 451 2312 585 2375">
    <p class='ocr_par' dir='ltr' id='par_1_26' title="bbox 451 2312 585 2375">
     <span class='ocr_line' id='line_1_26' title="bbox 451 2312 585 2375; baseline 0 -4"><span class='ocrx_word' id='word_1_190' title='bbox 451 2312 585 2375; x_wconf 73' lang='lat' dir='ltr'><strong>Elin.</strong></span> 
     </span>
    </p>
   </div>
   <div class='ocr_carea' id='block_1_27' title="bbox 442 2406 2030 2475">
    <p class='ocr_par' dir='ltr' id='par_1_27' title="bbox 442 2406 2030 2475">
     <span class='ocr_line' id='line_1_27' title="bbox 442 2406 2030 2475; baseline 0.003 -10"><span class='ocrx_word' id='word_1_191' title='bbox 442 2472 444 2475; x_wconf 92' lang='lat'><strong><em>_</em></strong></span> <span class='ocrx_word' id='word_1_192' title='bbox 526 2410 687 2468; x_wconf 78' lang='lat' dir='ltr'><strong>Vens.</strong></span> <span class='ocrx_word' id='word_1_193' title='bbox 729 2413 920 2470; x_wconf 63' lang='grc' dir='ltr'><strong>ὅθί-55.</strong></span> <span class='ocrx_word' id='word_1_194' title='bbox 979 2434 998 2467; x_wconf 77' lang='grc' dir='ltr'><strong>ι</strong></span> <span class='ocrx_word' id='word_1_195' title='bbox 1033 2406 1193 2472; x_wconf 77' lang='lat' dir='ltr'><strong>Jesus</strong></span> <span class='ocrx_word' id='word_1_196' title='bbox 1242 2424 1420 2471; x_wconf 90' lang='lat' dir='ltr'><strong>autem</strong></span> <span class='ocrx_word' id='word_1_197' title='bbox 1481 2430 1602 2470; x_wconf 87' lang='lat' dir='ltr'><strong>cum</strong></span> <span class='ocrx_word' id='word_1_198' title='bbox 1667 2414 1866 2471; x_wconf 91' lang='lat' dir='ltr'><strong>iterum</strong></span> <span class='ocrx_word' id='word_1_199' title='bbox 1914 2414 2030 2470; x_wconf 89' lang='lat' dir='ltr'><strong>cla-</strong></span> 
     </span>
    </p>
   </div>
   <div class='ocr_carea' id='block_1_28' title="bbox 454 2506 2029 2578">
    <p class='ocr_par' dir='ltr' id='par_1_28' title="bbox 454 2506 2029 2578">
     <span class='ocr_line' id='line_1_28' title="bbox 454 2506 2029 2578; baseline 0.004 -23"><span class='ocrx_word' id='word_1_200' title='bbox 454 2513 657 2559; x_wconf 81' lang='lat' dir='ltr'><strong>masset</strong></span> <span class='ocrx_word' id='word_1_201' title='bbox 689 2518 817 2561; x_wconf 84' lang='lat' dir='ltr'><strong>voce</strong></span> <span class='ocrx_word' id='word_1_202' title='bbox 844 2521 1059 2576; x_wconf 81' lang='lat' dir='ltr'><strong>magna,</strong></span> <span class='ocrx_word' id='word_1_203' title='bbox 1081 2506 1262 2563; x_wconf 87' lang='lat' dir='ltr'><strong>emisit</strong></span> <span class='ocrx_word' id='word_1_204' title='bbox 1286 2507 1560 2578; x_wconf 88' lang='lat' dir='ltr'><strong>spiritum.</strong></span> <span class='ocrx_word' id='word_1_205' title='bbox 1594 2506 1661 2561; x_wconf 85' lang='lat' dir='ltr'><strong>Et</strong></span> <span class='ocrx_word' id='word_1_206' title='bbox 1694 2521 1821 2563; x_wconf 77' lang='lat' dir='ltr'><strong>ecce</strong></span> <span class='ocrx_word' id='word_1_207' title='bbox 1853 2507 2029 2561; x_wconf 80' lang='lat' dir='ltr'><strong>velum</strong></span> 
     </span>
    </p>
   </div>
   <div class='ocr_carea' id='block_1_29' title="bbox 455 2595 2030 2671">
    <p class='ocr_par' dir='ltr' id='par_1_29' title="bbox 455 2595 2030 2671">
     <span class='ocr_line' id='line_1_29' title="bbox 455 2595 2030 2671; baseline 0.002 -22"><span class='ocrx_word' id='word_1_208' title='bbox 455 2595 638 2666; x_wconf 80' lang='lat' dir='ltr'><strong>templi</strong></span> <span class='ocrx_word' id='word_1_209' title='bbox 659 2596 998 2671; x_wconf 86' lang='lat' dir='ltr'><strong>scissum_est</strong></span> <span class='ocrx_word' id='word_1_210' title='bbox 1022 2600 1076 2654; x_wconf 92' lang='lat' dir='ltr'><strong>in</strong></span> <span class='ocrx_word' id='word_1_211' title='bbox 1108 2600 1243 2655; x_wconf 85' lang='lat' dir='ltr'><strong>duas</strong></span> <span class='ocrx_word' id='word_1_212' title='bbox 1264 2612 1447 2669; x_wconf 87' lang='lat' dir='ltr'><strong>partes</strong></span> <span class='ocrx_word' id='word_1_213' title='bbox 1472 2613 1501 2652; x_wconf 91' lang='lat' dir='ltr'><strong>a</strong></span> <span class='ocrx_word' id='word_1_214' title='bbox 1524 2614 1738 2654; x_wconf 90' lang='lat' dir='ltr'><strong>summo</strong></span> <span class='ocrx_word' id='word_1_215' title='bbox 1765 2613 1935 2668; x_wconf 88' lang='lat' dir='ltr'><strong>trsque</strong></span> <span class='ocrx_word' id='word_1_216' title='bbox 1964 2597 2030 2652; x_wconf 83' lang='lat' dir='ltr'><strong>ad</strong></span> 
     </span>
    </p>
   </div>
   <div class='ocr_carea' id='block_1_30' title="bbox 453 2679 2030 2762">
    <p class='ocr_par' dir='ltr' id='par_1_30' title="bbox 453 2679 2030 2762">
     <span class='ocr_line' id='line_1_30' title="bbox 453 2679 2030 2762; baseline 0 -19"><span class='ocrx_word' id='word_1_217' title='bbox 453 2679 645 2755; x_wconf 82' lang='lat' dir='ltr'><strong>lutum,</strong></span> <span class='ocrx_word' id='word_1_218' title='bbox 682 2699 736 2746; x_wconf 88' lang='lat' dir='ltr'><strong>et</strong></span> <span class='ocrx_word' id='word_1_219' title='bbox 765 2700 907 2745; x_wconf 89' lang='lat' dir='ltr'><strong>terra</strong></span> <span class='ocrx_word' id='word_1_220' title='bbox 942 2701 1085 2747; x_wconf 91' lang='lat' dir='ltr'><strong>mota</strong></span> <span class='ocrx_word' id='word_1_221' title='bbox 1127 2701 1231 2759; x_wconf 86' lang='lat' dir='ltr'><strong>est,</strong></span> <span class='ocrx_word' id='word_1_222' title='bbox 1272 2702 1326 2747; x_wconf 91' lang='lat' dir='ltr'><strong>et</strong></span> <span class='ocrx_word' id='word_1_223' title='bbox 1354 2703 1521 2762; x_wconf 68' lang='lat' dir='ltr'><strong>petra:</strong></span> <span class='ocrx_word' id='word_1_224' title='bbox 1554 2691 1737 2747; x_wconf 70' lang='lat' dir='ltr'><strong>scissae</strong></span> <span class='ocrx_word' id='word_1_225' title='bbox 1791 2701 1941 2757; x_wconf 91' lang='lat' dir='ltr'><strong>sunt,</strong></span> <span class='ocrx_word' id='word_1_226' title='bbox 1970 2698 2030 2745; x_wconf 92' lang='lat' dir='ltr'><strong>et</strong></span> 
     </span>
    </p>
   </div>
   <div class='ocr_carea' id='block_1_31' title="bbox 456 2782 2031 2852">
    <p class='ocr_par' dir='ltr' id='par_1_31' title="bbox 456 2782 2031 2852">
     <span class='ocr_line' id='line_1_31' title="bbox 456 2782 2031 2852; baseline 0.001 -18"><span class='ocrx_word' id='word_1_227' title='bbox 456 2789 802 2836; x_wconf 88' lang='lat' dir='ltr'><strong>monumenta</strong></span> <span class='ocrx_word' id='word_1_228' title='bbox 830 2793 1015 2851; x_wconf 87' lang='lat' dir='ltr'><strong>aperta</strong></span> <span class='ocrx_word' id='word_1_229' title='bbox 1045 2790 1195 2847; x_wconf 91' lang='lat' dir='ltr'><strong>sunt,</strong></span> <span class='ocrx_word' id='word_1_230' title='bbox 1233 2792 1289 2838; x_wconf 89' lang='lat' dir='ltr'><strong>et</strong></span> <span class='ocrx_word' id='word_1_231' title='bbox 1330 2782 1496 2837; x_wconf 90' lang='lat' dir='ltr'><strong>multa</strong></span> <span class='ocrx_word' id='word_1_232' title='bbox 1527 2795 1758 2852; x_wconf 89' lang='lat' dir='ltr'><strong>corpora</strong></span> <span class='ocrx_word' id='word_1_233' title='bbox 1810 2790 2031 2837; x_wconf 86' lang='lat' dir='ltr'><strong>saneto-</strong></span> 
     </span>
    </p>
   </div>
   <div class='ocr_carea' id='block_1_32' title="bbox 455 2875 2033 2948">
    <p class='ocr_par' dir='ltr' id='par_1_32' title="bbox 455 2875 2033 2948">
     <span class='ocr_line' id='line_1_32' title="bbox 455 2875 2033 2948; baseline 0.002 -19"><span class='ocrx_word' id='word_1_234' title='bbox 455 2880 572 2929; x_wconf 77' lang='lat' dir='ltr'><strong>rum</strong></span> <span class='ocrx_word' id='word_1_235' title='bbox 596 2875 688 2944; x_wconf 83' lang='lat' dir='ltr'><strong>qui</strong></span> <span class='ocrx_word' id='word_1_236' title='bbox 710 2875 1073 2944; x_wconf 71' lang='lat' dir='ltr'><strong>dormierunt,</strong></span> <span class='ocrx_word' id='word_1_237' title='bbox 1104 2888 1487 2935; x_wconf 77' lang='lat' dir='ltr'><strong>surrexerunt.</strong></span> <span class='ocrx_word' id='word_1_238' title='bbox 1521 2878 1584 2934; x_wconf 83' lang='lat' dir='ltr'><strong>Et</strong></span> <span class='ocrx_word' id='word_1_239' title='bbox 1630 2880 1836 2948; x_wconf 79' lang='lat' dir='ltr'><strong>egressi</strong></span> <span class='ocrx_word' id='word_1_240' title='bbox 1859 2893 1890 2933; x_wconf 92' lang='lat' dir='ltr'><strong>e</strong></span> <span class='ocrx_word' id='word_1_241' title='bbox 1918 2891 2033 2932; x_wconf 84' lang='lat' dir='ltr'><strong>mo-</strong></span> 
     </span>
    </p>
   </div>
   <div class='ocr_carea' id='block_1_33' title="bbox 458 2966 2031 3038">
    <p class='ocr_par' dir='ltr' id='par_1_33' title="bbox 458 2966 2031 3038">
     <span class='ocr_line' id='line_1_33' title="bbox 458 2966 2031 3038; baseline 0.001 -20"><span class='ocrx_word' id='word_1_242' title='bbox 458 2966 730 3023; x_wconf 81' lang='lat' dir='ltr'><strong>numentis</strong></span> <span class='ocrx_word' id='word_1_243' title='bbox 790 2977 911 3037; x_wconf 86' lang='lat' dir='ltr'><strong>post</strong></span> <span class='ocrx_word' id='word_1_244' title='bbox 959 2968 1414 3023; x_wconf 77' lang='lat' dir='ltr'><strong>resurrectionem</strong></span> <span class='ocrx_word' id='word_1_245' title='bbox 1489 2966 1630 3038; x_wconf 87' lang='lat' dir='ltr'><strong>ejus,</strong></span> <span class='ocrx_word' id='word_1_246' title='bbox 1678 2977 1945 3023; x_wconf 80' lang='lat' dir='ltr'><strong>venerunt</strong></span> <span class='ocrx_word' id='word_1_247' title='bbox 1981 2967 2031 3020; x_wconf 91' lang='lat' dir='ltr'><strong>in</strong></span> 
     </span>
    </p>
   </div>
   <div class='ocr_carea' id='block_1_34' title="bbox 455 3059 2033 3131">
    <p class='ocr_par' dir='ltr' id='par_1_34' title="bbox 455 3059 2033 3131">
     <span class='ocr_line' id='line_1_34' title="bbox 455 3059 2033 3131; baseline -0.001 -17"><span class='ocrx_word' id='word_1_248' title='bbox 455 3069 697 3114; x_wconf 80' lang='lat' dir='ltr'><strong>sanetam</strong></span> <span class='ocrx_word' id='word_1_249' title='bbox 723 3059 1020 3128; x_wconf 89' lang='lat' dir='ltr'><strong>civitatem,</strong></span> <span class='ocrx_word' id='word_1_250' title='bbox 1044 3069 1098 3117; x_wconf 89' lang='lat' dir='ltr'><strong>et</strong></span> <span class='ocrx_word' id='word_1_251' title='bbox 1133 3069 1501 3131; x_wconf 86' lang='lat' dir='ltr'><strong>apparuerunt</strong></span> <span class='ocrx_word' id='word_1_252' title='bbox 1531 3059 1736 3117; x_wconf 90' lang='lat' dir='ltr'><strong>multis.</strong></span> <span class='ocrx_word' id='word_1_253' title='bbox 1769 3079 1787 3112; x_wconf 76' lang='grc' dir='ltr'><strong>ι</strong></span> <span class='ocrx_word' id='word_1_254' title='bbox 1823 3060 2033 3115; x_wconf 78' lang='lat' dir='ltr'><strong>Clamat</strong></span> 
     </span>
    </p>
   </div>
   <div class='ocr_carea' id='block_1_35' title="bbox 2119 842 3684 916">
    <p class='ocr_par' dir='ltr' id='par_1_35' title="bbox 2119 842 3684 916">
     <span class='ocr_line' id='line_1_35' title="bbox 2119 842 3684 916; baseline -0.002 -17"><span class='ocrx_word' id='word_1_255' title='bbox 2119 848 2180 899; x_wconf 80' lang='grc' dir='ltr'>τὸ</span> <span class='ocrx_word' id='word_1_256' title='bbox 2203 845 2312 898; x_wconf 85' lang='grc' dir='ltr'><strong>τῶν</strong></span> <span class='ocrx_word' id='word_1_257' title='bbox 2344 844 2616 899; x_wconf 80' lang='grc' dir='ltr'><strong>Ἰουδαίων</strong></span> <span class='ocrx_word' id='word_1_258' title='bbox 2645 843 2940 915; x_wconf 84' lang='grc' dir='ltr'>πρόσωπον</span> <span class='ocrx_word' id='word_1_259' title='bbox 2971 842 3377 914; x_wconf 56' lang='grc' dir='ltr'>ἀπλαμσάνων</span> <span class='ocrx_word' id='word_1_260' title='bbox 3406 843 3437 895; x_wconf 80' lang='grc' dir='ltr'><strong>ὁ</strong></span> <span class='ocrx_word' id='word_1_261' title='bbox 3492 844 3684 916; x_wconf 77' lang='grc' dir='ltr'>Σωτὴρ,</span> 
     </span>
    </p>
   </div>
   <div class='ocr_carea' id='block_1_36' title="bbox 2122 931 3686 1008">
    <p class='ocr_par' dir='ltr' id='par_1_36' title="bbox 2122 931 3686 1008">
     <span class='ocr_line' id='line_1_36' title="bbox 2122 931 3686 1008; baseline 0.001 -19"><span class='ocrx_word' id='word_1_262' title='bbox 2122 934 2319 1008; x_wconf 79' lang='grc' dir='ltr'>φησιν·</span> <span class='ocrx_word' id='word_1_263' title='bbox 2358 934 2476 990; x_wconf 84' lang='grc' dir='ltr'>Ἵνα</span> <span class='ocrx_word' id='word_1_264' title='bbox 2503 936 2555 989; x_wconf 85' lang='grc' dir='ltr'><strong>τί</strong></span> <span class='ocrx_word' id='word_1_265' title='bbox 2613 935 2968 1004; x_wconf 75' lang='grc' dir='ltr'>ἐγκατέλιπες</span> <span class='ocrx_word' id='word_1_266' title='bbox 3007 935 3099 990; x_wconf 69' lang='grc' dir='ltr'>τὸν</span> <span class='ocrx_word' id='word_1_267' title='bbox 3138 934 3432 989; x_wconf 77' lang='grc' dir='ltr'>Ἰουδαϊκὸν</span> <span class='ocrx_word' id='word_1_268' title='bbox 3474 934 3614 1002; x_wconf 75' lang='grc' dir='ltr'>λαὸν,</span> <span class='ocrx_word' id='word_1_269' title='bbox 3645 931 3686 991; x_wconf 81' lang='grc' dir='ltr'>ὧ</span> 
     </span>
    </p>
   </div>
   <div class='ocr_carea' id='block_1_37' title="bbox 2126 1025 3691 1098">
    <p class='ocr_par' dir='ltr' id='par_1_37' title="bbox 2126 1025 3691 1098">
     <span class='ocr_line' id='line_1_37' title="bbox 2126 1025 3691 1098; baseline -0.003 -16"><span class='ocrx_word' id='word_1_270' title='bbox 2126 1028 2329 1098; x_wconf 74' lang='grc' dir='ltr'>Πάτερ,</span> <span class='ocrx_word' id='word_1_271' title='bbox 2372 1026 2459 1080; x_wconf 72' lang='grc' dir='ltr'>ἵνα</span> <span class='ocrx_word' id='word_1_272' title='bbox 2484 1025 2822 1096; x_wconf 76' lang='grc' dir='ltr'><strong>τηλικαύτην</strong></span> <span class='ocrx_word' id='word_1_273' title='bbox 2869 1026 3146 1096; x_wconf 77' lang='grc' dir='ltr'>ἁμαρτίαν</span> <span class='ocrx_word' id='word_1_274' title='bbox 3191 1026 3427 1096; x_wconf 78' lang='grc' dir='ltr'>ποιήσῃ,</span> <span class='ocrx_word' id='word_1_275' title='bbox 3475 1025 3568 1078; x_wconf 80' lang='grc' dir='ltr'>καὶ</span> <span class='ocrx_word' id='word_1_276' title='bbox 3598 1027 3691 1078; x_wconf 81' lang='grc' dir='ltr'><strong>ἁπ-</strong></span> 
     </span>
    </p>
   </div>
   <div class='ocr_carea' id='block_1_38' title="bbox 2123 1117 3692 1191">
    <p class='ocr_par' dir='ltr' id='par_1_38' title="bbox 2123 1117 3692 1191">
     <span class='ocr_line' id='line_1_38' title="bbox 2123 1117 3692 1191; baseline -0.002 -18"><span class='ocrx_word' id='word_1_277' title='bbox 2123 1119 2290 1190; x_wconf 81' lang='grc' dir='ltr'>ω).είᾳ</span> <span class='ocrx_word' id='word_1_278' title='bbox 2320 1119 2601 1191; x_wconf 81' lang='grc' dir='ltr'>παραδοθῇ</span> <span class='ocrx_word' id='word_1_279' title='bbox 2633 1135 2648 1184; x_wconf 80' lang='grc' dir='ltr'><strong>ς</strong></span> <span class='ocrx_word' id='word_1_280' title='bbox 2691 1118 2780 1181; x_wconf 78' lang='grc' dir='ltr'>Ὦς</span> <span class='ocrx_word' id='word_1_281' title='bbox 2812 1118 2922 1187; x_wconf 82' lang='grc' dir='ltr'><strong>γὰρ</strong></span> <span class='ocrx_word' id='word_1_282' title='bbox 2967 1119 3026 1185; x_wconf 76' lang='grc' dir='ltr'>ἐξ</span> <span class='ocrx_word' id='word_1_283' title='bbox 3055 1117 3334 1172; x_wconf 77' lang='grc' dir='ltr'>Ἰουδαίων</span> <span class='ocrx_word' id='word_1_284' title='bbox 3362 1117 3641 1188; x_wconf 83' lang='grc' dir='ltr'>γενόμενος</span> <span class='ocrx_word' id='word_1_285' title='bbox 3666 1122 3692 1175; x_wconf 76' lang='grc' dir='ltr'><em>ὁ</em></span> 
     </span>
    </p>
   </div>
   <div class='ocr_carea' id='block_1_39' title="bbox 2124 1208 3690 1284">
    <p class='ocr_par' dir='ltr' id='par_1_39' title="bbox 2124 1208 3690 1284">
     <span class='ocr_line' id='line_1_39' title="bbox 2124 1208 3690 1284; baseline 0 -18"><span class='ocrx_word' id='word_1_286' title='bbox 2124 1210 2380 1281; x_wconf 78' lang='grc' dir='ltr'>Χριστὸς,</span> <span class='ocrx_word' id='word_1_287' title='bbox 2401 1211 2462 1264; x_wconf 79' lang='grc' dir='ltr'>τὸ</span> <span class='ocrx_word' id='word_1_288' title='bbox 2486 1231 2505 1263; x_wconf 79' lang='grc' dir='ltr'><strong>ι</strong></span> <span class='ocrx_word' id='word_1_289' title='bbox 2531 1211 2918 1280; x_wconf 83' lang='grc' dir='ltr'>Ἐγκατέλιπές</span> <span class='ocrx_word' id='word_1_290' title='bbox 2948 1229 3039 1280; x_wconf 89' lang='grc' dir='ltr'><strong>με,</strong></span> <span class='ocrx_word' id='word_1_291' title='bbox 3060 1230 3079 1264; x_wconf 75' lang='grc' dir='ltr'><strong>ι</strong></span> <span class='ocrx_word' id='word_1_292' title='bbox 3105 1211 3297 1283; x_wconf 72' lang='grc' dir='ltr'>φησὶν,</span> <span class='ocrx_word' id='word_1_293' title='bbox 3312 1210 3437 1264; x_wconf 73' lang='grc' dir='ltr'>ἀντὶ</span> <span class='ocrx_word' id='word_1_294' title='bbox 3459 1208 3570 1277; x_wconf 86' lang='grc' dir='ltr'>τοῦ,</span> <span class='ocrx_word' id='word_1_295' title='bbox 3590 1212 3690 1284; x_wconf 70' lang='grc' dir='ltr'><strong>Τὴν</strong></span> 
     </span>
    </p>
   </div>
   <div class='ocr_carea' id='block_1_40' title="bbox 2126 1303 3688 1376">
    <p class='ocr_par' dir='ltr' id='par_1_40' title="bbox 2126 1303 3688 1376">
     <span class='ocr_line' id='line_1_40' title="bbox 2126 1303 3688 1376; baseline 0.002 -20"><span class='ocrx_word' id='word_1_296' title='bbox 2126 1305 2266 1376; x_wconf 81' lang='grc' dir='ltr'>ἐμὴν</span> <span class='ocrx_word' id='word_1_297' title='bbox 2299 1303 2646 1374; x_wconf 78' lang='grc' dir='ltr'>συγγένειαν,</span> <span class='ocrx_word' id='word_1_298' title='bbox 2706 1305 2798 1358; x_wconf 70' lang='grc' dir='ltr'><strong>τὸν</strong></span> <span class='ocrx_word' id='word_1_299' title='bbox 2841 1305 2976 1375; x_wconf 77' lang='grc' dir='ltr'>ἐμὸν</span> <span class='ocrx_word' id='word_1_300' title='bbox 3030 1304 3304 1369; x_wconf 75' lang='grc' dir='ltr'>λαὸν,τνα</span> <span class='ocrx_word' id='word_1_301' title='bbox 3361 1305 3415 1357; x_wconf 86' lang='grc' dir='ltr'><strong>τί</strong></span> <span class='ocrx_word' id='word_1_302' title='bbox 3471 1306 3688 1374; x_wconf 64' lang='grc' dir='ltr'>ἀφῆκας,</span> 
     </span>
    </p>
   </div>
   <div class='ocr_carea' id='block_1_41' title="bbox 2126 1396 3689 1470">
    <p class='ocr_par' dir='ltr' id='par_1_41' title="bbox 2126 1396 3689 1470">
     <span class='ocr_line' id='line_1_41' title="bbox 2126 1396 3689 1470; baseline 0 -19"><span class='ocrx_word' id='word_1_303' title='bbox 2126 1396 2268 1451; x_wconf 79' lang='grc' dir='ltr'>ὥστε</span> <span class='ocrx_word' id='word_1_304' title='bbox 2300 1397 2543 1451; x_wconf 83' lang='grc' dir='ltr'>τοιοῦτον</span> <span class='ocrx_word' id='word_1_305' title='bbox 2574 1396 2745 1451; x_wconf 73' lang='grc' dir='ltr'>κακὸν</span> <span class='ocrx_word' id='word_1_306' title='bbox 2763 1396 2885 1453; x_wconf 78' lang='grc' dir='ltr'>καθ’</span> <span class='ocrx_word' id='word_1_307' title='bbox 2913 1396 3109 1451; x_wconf 77' lang='grc' dir='ltr'>ἑαυτοῦ</span> <span class='ocrx_word' id='word_1_308' title='bbox 3133 1397 3369 1467; x_wconf 79' lang='grc' dir='ltr'>ποιῆσαι</span> <span class='ocrx_word' id='word_1_309' title='bbox 3402 1414 3418 1463; x_wconf 77' lang='grc' dir='ltr'><strong>ς</strong></span> <span class='ocrx_word' id='word_1_310' title='bbox 3456 1398 3547 1469; x_wconf 82' lang='grc' dir='ltr'><strong>Μὴ</strong></span> <span class='ocrx_word' id='word_1_311' title='bbox 3576 1398 3689 1470; x_wconf 89' lang='grc' dir='ltr'>νοή-</span> 
     </span>
    </p>
   </div>
   <div class='ocr_carea' id='block_1_42' title="bbox 2128 1488 3693 1562">
    <p class='ocr_par' dir='ltr' id='par_1_42' title="bbox 2128 1488 3693 1562">
     <span class='ocr_line' id='line_1_42' title="bbox 2128 1488 3693 1562; baseline 0.003 -22"><span class='ocrx_word' id='word_1_312' title='bbox 2128 1506 2320 1553; x_wconf 79' lang='grc' dir='ltr'><strong>σαντες</strong></span> <span class='ocrx_word' id='word_1_313' title='bbox 2349 1488 2406 1544; x_wconf 73' lang='grc' dir='ltr'><strong>δέ</strong></span> <span class='ocrx_word' id='word_1_314' title='bbox 2444 1489 2543 1561; x_wconf 82' lang='grc' dir='ltr'>τὴν</span> <span class='ocrx_word' id='word_1_315' title='bbox 2591 1490 2774 1561; x_wconf 79' lang='grc' dir='ltr'>φωνὴν</span> <span class='ocrx_word' id='word_1_316' title='bbox 2795 1491 2845 1544; x_wconf 85' lang='grc' dir='ltr'>οἱ</span> <span class='ocrx_word' id='word_1_317' title='bbox 2896 1489 2992 1544; x_wconf 87' lang='grc' dir='ltr'><strong>τοῦ</strong></span> <span class='ocrx_word' id='word_1_318' title='bbox 3035 1490 3196 1562; x_wconf 80' lang='grc' dir='ltr'>ὖχλου</span> <span class='ocrx_word' id='word_1_319' title='bbox 3257 1490 3508 1559; x_wconf 77' lang='grc' dir='ltr'>ἄγροικοι</span> <span class='ocrx_word' id='word_1_320' title='bbox 3558 1490 3693 1553; x_wconf 81' lang='grc' dir='ltr'>δντες</span> 
     </span>
    </p>
   </div>
   <div class='ocr_carea' id='block_1_43' title="bbox 2129 1674 3695 1748">
    <p class='ocr_par' dir='ltr' id='par_1_43' title="bbox 2129 1674 3695 1748">
     <span class='ocr_line' id='line_1_43' title="bbox 2129 1674 3695 1748; baseline 0.003 -22"><span class='ocrx_word' id='word_1_321' title='bbox 2129 1675 2298 1742; x_wconf 83' lang='grc' dir='ltr'>φωνεῖ</span> <span class='ocrx_word' id='word_1_322' title='bbox 2322 1692 2335 1705; x_wconf 92' lang='grc'><strong>·</strong></span> <span class='ocrx_word' id='word_1_323' title='bbox 2362 1676 2422 1728; x_wconf 80' lang='grc' dir='ltr'>οὐ</span> <span class='ocrx_word' id='word_1_324' title='bbox 2443 1674 2552 1743; x_wconf 76' lang='grc' dir='ltr'>γὰρ</span> <span class='ocrx_word' id='word_1_325' title='bbox 2574 1675 2770 1737; x_wconf 81' lang='grc' dir='ltr'>πάντες</span> <span class='ocrx_word' id='word_1_326' title='bbox 2800 1677 2849 1729; x_wconf 77' lang='lat' dir='ltr'><strong>oi</strong></span> <span class='ocrx_word' id='word_1_327' title='bbox 2875 1675 3118 1730; x_wconf 81' lang='grc' dir='ltr'>Ἰουδαῖοι</span> <span class='ocrx_word' id='word_1_328' title='bbox 3154 1677 3227 1730; x_wconf 73' lang='grc' dir='ltr'>τὰ</span> <span class='ocrx_word' id='word_1_329' title='bbox 3256 1676 3571 1748; x_wconf 80' lang='grc' dir='ltr'>προφητικὰ</span> <span class='ocrx_word' id='word_1_330' title='bbox 3595 1677 3695 1743; x_wconf 79' lang='grc' dir='ltr'>ἐγίο</span> 
     </span>
    </p>
   </div>
   <div class='ocr_carea' id='block_1_44' title="bbox 2130 1764 3693 1839">
    <p class='ocr_par' dir='ltr' id='par_1_44' title="bbox 2130 1764 3693 1839">
     <span class='ocr_line' id='line_1_44' title="bbox 2130 1764 3693 1839; baseline 0.003 -21"><span class='ocrx_word' id='word_1_331' title='bbox 2130 1781 2361 1833; x_wconf 80' lang='grc' dir='ltr'>νωσκον,</span> <span class='ocrx_word' id='word_1_332' title='bbox 2401 1764 2591 1839; x_wconf 86' lang='grc' dir='ltr'>ὥσπερ</span> <span class='ocrx_word' id='word_1_333' title='bbox 2614 1767 2745 1831; x_wconf 74' lang='grc' dir='ltr'>ἴσως</span> <span class='ocrx_word' id='word_1_334' title='bbox 2779 1768 2903 1822; x_wconf 78' lang='grc' dir='ltr'>οὐδὲ</span> <span class='ocrx_word' id='word_1_335' title='bbox 2931 1767 3026 1821; x_wconf 87' lang='grc' dir='ltr'><strong>νῦν</strong></span> <span class='ocrx_word' id='word_1_336' title='bbox 3057 1768 3107 1821; x_wconf 82' lang='grc' dir='ltr'>οἱ</span> <span class='ocrx_word' id='word_1_337' title='bbox 3135 1765 3462 1839; x_wconf 75' lang='grc' dir='ltr'>Χριστιανοὶ</span> <span class='ocrx_word' id='word_1_338' title='bbox 3517 1770 3693 1834; x_wconf 79' lang='grc' dir='ltr'>πάντες</span> 
     </span>
    </p>
   </div>
   <div class='ocr_carea' id='block_1_45' title="bbox 2129 1855 3695 1935">
    <p class='ocr_par' dir='ltr' id='par_1_45' title="bbox 2129 1855 3695 1935">
     <span class='ocr_line' id='line_1_45' title="bbox 2129 1855 3695 1935; baseline 0.003 -27"><span class='ocrx_word' id='word_1_339' title='bbox 2129 1856 2196 1908; x_wconf 81' lang='grc' dir='ltr'><strong>τὰ</strong></span> <span class='ocrx_word' id='word_1_340' title='bbox 2226 1855 2357 1935; x_wconf 31' lang='grc' dir='ltr'>τῶν.</span> <span class='ocrx_word' id='word_1_341' title='bbox 2388 1855 2770 1925; x_wconf 78' lang='grc' dir='ltr'>Εὑαγγελίων.</span> <span class='ocrx_word' id='word_1_342' title='bbox 2802 1857 2960 1925; x_wconf 78' lang='grc' dir='ltr'>Ὄξος</span> <span class='ocrx_word' id='word_1_343' title='bbox 2982 1857 3040 1912; x_wconf 82' lang='grc' dir='ltr'><strong>δέ</strong></span> <span class='ocrx_word' id='word_1_344' title='bbox 3090 1858 3345 1921; x_wconf 66' lang='lat' dir='ltr'><strong>smitth</strong></span> <span class='ocrx_word' id='word_1_345' title='bbox 3388 1859 3567 1921; x_wconf 79' lang='grc' dir='ltr'>αὐτὸν,</span> <span class='ocrx_word' id='word_1_346' title='bbox 3618 1861 3695 1913; x_wconf 68' lang='lat' dir='ltr'><strong>iv:</strong></span> 
     </span>
    </p>
   </div>
   <div class='ocr_carea' id='block_1_46' title="bbox 2131 1947 3694 2023">
    <p class='ocr_par' dir='ltr' id='par_1_46' title="bbox 2131 1947 3694 2023">
     <span class='ocr_line' id='line_1_46' title="bbox 2131 1947 3694 2023; baseline 0.003 -21"><span class='ocrx_word' id='word_1_347' title='bbox 2131 1947 2379 2023; x_wconf 79' lang='grc' dir='ltr'>ἀποθάνῃ</span> <span class='ocrx_word' id='word_1_348' title='bbox 2416 1948 2602 2021; x_wconf 83' lang='grc' dir='ltr'>τάχιον</span> <span class='ocrx_word' id='word_1_349' title='bbox 2631 1951 2761 2022; x_wconf 75' lang='grc' dir='ltr'>πρὶν</span> <span class='ocrx_word' id='word_1_350' title='bbox 2794 1950 2971 2005; x_wconf 79' lang='grc' dir='ltr'>ἐλθεῖν</span> <span class='ocrx_word' id='word_1_351' title='bbox 3007 1951 3101 2007; x_wconf 63' lang='grc' dir='ltr'><strong>τὸν</strong></span> <span class='ocrx_word' id='word_1_352' title='bbox 3145 1952 3337 2007; x_wconf 83' lang='grc' dir='ltr'>Ἠλίαν</span> <span class='ocrx_word' id='word_1_353' title='bbox 3380 1950 3694 2023; x_wconf 75' lang='grc' dir='ltr'>βοηθήσοντα</span> 
     </span>
    </p>
   </div>
   <div class='ocr_carea' id='block_1_47' title="bbox 2131 2041 3694 2114">
    <p class='ocr_par' dir='ltr' id='par_1_47' title="bbox 2131 2041 3694 2114">
     <span class='ocr_line' id='line_1_47' title="bbox 2131 2041 3694 2114; baseline 0.001 -19"><span class='ocrx_word' id='word_1_354' title='bbox 2131 2041 2302 2114; x_wconf 83' lang='grc' dir='ltr'>αὐτῷ.</span> <span class='ocrx_word' id='word_1_355' title='bbox 2339 2041 2497 2097; x_wconf 84' lang='grc' dir='ltr'>Ὅθεν</span> <span class='ocrx_word' id='word_1_356' title='bbox 2526 2044 2575 2096; x_wconf 88' lang='lat' dir='ltr'><strong>oi.</strong></span> <span class='ocrx_word' id='word_1_357' title='bbox 2610 2042 2787 2099; x_wconf 79' lang='grc' dir='ltr'>λοιποὶ</span> <span class='ocrx_word' id='word_1_358' title='bbox 2814 2043 3064 2113; x_wconf 76' lang='grc' dir='ltr'>λέγουσιν</span> <span class='ocrx_word' id='word_1_359' title='bbox 3089 2058 3103 2072; x_wconf 86' lang='grc'><em>’</em></span> <span class='ocrx_word' id='word_1_360' title='bbox 3135 2062 3155 2097; x_wconf 79' lang='grc' dir='ltr'><strong>ι</strong></span> <span class='ocrx_word' id='word_1_361' title='bbox 3204 2045 3402 2114; x_wconf 84' lang='grc' dir='ltr'>Ἀφες,</span> <span class='ocrx_word' id='word_1_362' title='bbox 3433 2043 3621 2113; x_wconf 74' lang='grc' dir='ltr'>ἴδωμεν</span> <span class='ocrx_word' id='word_1_363' title='bbox 3652 2045 3694 2097; x_wconf 84' lang='grc' dir='ltr'>ει</span> 
     </span>
    </p>
   </div>
   <div class='ocr_carea' id='block_1_48' title="bbox 2133 2134 3694 2208">
    <p class='ocr_par' dir='ltr' id='par_1_48' title="bbox 2133 2134 3694 2208">
     <span class='ocr_line' id='line_1_48' title="bbox 2133 2134 3694 2208; baseline 0.001 -20"><span class='ocrx_word' id='word_1_364' title='bbox 2133 2134 2354 2207; x_wconf 80' lang='grc' dir='ltr'>ἔρχεται</span> <span class='ocrx_word' id='word_1_365' title='bbox 2392 2134 2580 2200; x_wconf 83' lang='grc' dir='ltr'>Ἠλίας</span> <span class='ocrx_word' id='word_1_366' title='bbox 2602 2134 2790 2189; x_wconf 83' lang='grc' dir='ltr'>σώσων</span> <span class='ocrx_word' id='word_1_367' title='bbox 2810 2136 2993 2199; x_wconf 77' lang='grc' dir='ltr'>αὑτὸν,</span> <span class='ocrx_word' id='word_1_368' title='bbox 3028 2155 3046 2188; x_wconf 79' lang='grc' dir='ltr'><strong>ι</strong></span> <span class='ocrx_word' id='word_1_369' title='bbox 3071 2137 3346 2196; x_wconf 85' lang='grc' dir='ltr'>τουτέστι.</span> <span class='ocrx_word' id='word_1_370' title='bbox 3374 2137 3465 2208; x_wconf 76' lang='grc' dir='ltr'><strong>Μὴ</strong></span> <span class='ocrx_word' id='word_1_371' title='bbox 3482 2134 3694 2207; x_wconf 76' lang='grc' dir='ltr'>ποιήσῃς</span> 
     </span>
    </p>
   </div>
   <div class='ocr_carea' id='block_1_49' title="bbox 2130 2227 3694 2301">
    <p class='ocr_par' dir='ltr' id='par_1_49' title="bbox 2130 2227 3694 2301">
     <span class='ocr_line' id='line_1_49' title="bbox 2130 2227 3694 2301; baseline -0.001 -18"><span class='ocrx_word' id='word_1_372' title='bbox 2130 2229 2295 2283; x_wconf 69' lang='grc' dir='ltr'>αὐτὸν</span> <span class='ocrx_word' id='word_1_373' title='bbox 2333 2227 2647 2294; x_wconf 81' lang='grc' dir='ltr'>ἀποθανεῖν,</span> <span class='ocrx_word' id='word_1_374' title='bbox 2677 2227 2751 2292; x_wconf 81' lang='grc' dir='ltr'><strong>ὡς</strong></span> <span class='ocrx_word' id='word_1_375' title='bbox 2776 2227 2842 2282; x_wconf 83' lang='grc' dir='ltr'>ἂν</span> <span class='ocrx_word' id='word_1_376' title='bbox 2879 2228 3098 2300; x_wconf 83' lang='grc' dir='ltr'>γνῶμεν</span> <span class='ocrx_word' id='word_1_377' title='bbox 3153 2231 3204 2284; x_wconf 84' lang='grc' dir='ltr'>εἰ</span> <span class='ocrx_word' id='word_1_378' title='bbox 3241 2228 3503 2301; x_wconf 76' lang='grc' dir='ltr'>βοηθήσει</span> <span class='ocrx_word' id='word_1_379' title='bbox 3562 2228 3694 2301; x_wconf 80' lang='grc' dir='ltr'>αὐτῷ</span> 
     </span>
    </p>
   </div>
   <div class='ocr_carea' id='block_1_50' title="bbox 2132 2322 2340 2377">
    <p class='ocr_par' dir='ltr' id='par_1_50' title="bbox 2132 2322 2340 2377">
     <span class='ocr_line' id='line_1_50' title="bbox 2132 2322 2340 2377; baseline 0.014 -2"><span class='ocrx_word' id='word_1_380' title='bbox 2132 2322 2340 2377; x_wconf 75' lang='grc' dir='ltr'>Ἠλίας.</span> 
     </span>
    </p>
   </div>
   <div class='ocr_carea' id='block_1_51' title="bbox 2208 2410 3694 2489">
    <p class='ocr_par' dir='ltr' id='par_1_51' title="bbox 2208 2410 3694 2489">
     <span class='ocr_line' id='line_1_51' title="bbox 2208 2410 3694 2489; baseline -0.001 -20"><span class='ocrx_word' id='word_1_381' title='bbox 2208 2434 2229 2468; x_wconf 76' lang='grc' dir='ltr'><strong>ι</strong></span> <span class='ocrx_word' id='word_1_382' title='bbox 2250 2416 2309 2470; x_wconf 88' lang='grc' dir='ltr'>Ὀ</span> <span class='ocrx_word' id='word_1_383' title='bbox 2343 2416 2400 2470; x_wconf 78' lang='grc' dir='ltr'>δὲ</span> <span class='ocrx_word' id='word_1_384' title='bbox 2433 2410 2642 2489; x_wconf 75' lang='grc' dir='ltr'>Ἰησοῦς</span> <span class='ocrx_word' id='word_1_385' title='bbox 2672 2418 2835 2473; x_wconf 83' lang='grc' dir='ltr'>πάλιν</span> <span class='ocrx_word' id='word_1_386' title='bbox 2852 2418 3059 2489; x_wconf 78' lang='grc' dir='ltr'><strong>κράξας</strong></span> <span class='ocrx_word' id='word_1_387' title='bbox 3087 2418 3239 2489; x_wconf 83' lang='grc' dir='ltr'>φωνῇ</span> <span class='ocrx_word' id='word_1_388' title='bbox 3272 2415 3507 2489; x_wconf 74' lang='grc' dir='ltr'>μεγάλη,</span> <span class='ocrx_word' id='word_1_389' title='bbox 3534 2412 3694 2486; x_wconf 71' lang='grc' dir='ltr'>ἀφῆκε</span> 
     </span>
    </p>
   </div>
   <div class='ocr_carea' id='block_1_52' title="bbox 2130 2507 3694 2580">
    <p class='ocr_par' dir='ltr' id='par_1_52' title="bbox 2130 2507 3694 2580">
     <span class='ocr_line' id='line_1_52' title="bbox 2130 2507 3694 2580; baseline -0.001 -19"><span class='ocrx_word' id='word_1_390' title='bbox 2130 2507 2192 2561; x_wconf 71' lang='grc' dir='ltr'><strong>τὸ</strong></span> <span class='ocrx_word' id='word_1_391' title='bbox 2213 2508 2426 2576; x_wconf 88' lang='grc' dir='ltr'>πνεῦμα</span> <span class='ocrx_word' id='word_1_392' title='bbox 2445 2525 2459 2538; x_wconf 90' lang='grc'><strong>·</strong></span> <span class='ocrx_word' id='word_1_393' title='bbox 2490 2509 2582 2563; x_wconf 73' lang='grc' dir='ltr'><strong>καὶ</strong></span> <span class='ocrx_word' id='word_1_394' title='bbox 2616 2508 2722 2564; x_wconf 75' lang='grc' dir='ltr'><strong>ίὸοὺ</strong></span> <span class='ocrx_word' id='word_1_395' title='bbox 2756 2510 2815 2565; x_wconf 79' lang='grc' dir='ltr'>τὸ</span> <span class='ocrx_word' id='word_1_396' title='bbox 2843 2510 3241 2580; x_wconf 72' lang='grc' dir='ltr'>καταπέτασμα</span> <span class='ocrx_word' id='word_1_397' title='bbox 3281 2508 3378 2563; x_wconf 81' lang='grc' dir='ltr'><strong>τοῦ</strong></span> <span class='ocrx_word' id='word_1_398' title='bbox 3411 2508 3536 2563; x_wconf 90' lang='grc' dir='ltr'>ναοῦ</span> <span class='ocrx_word' id='word_1_399' title='bbox 3565 2507 3694 2577; x_wconf 80' lang='grc' dir='ltr'>ἐσχί-</span> 
     </span>
    </p>
   </div>
   <div class='ocr_carea' id='block_1_53' title="bbox 2133 2597 3696 2671">
    <p class='ocr_par' dir='ltr' id='par_1_53' title="bbox 2133 2597 3696 2671">
     <span class='ocr_line' id='line_1_53' title="bbox 2133 2597 3696 2671; baseline -0.001 -19"><span class='ocrx_word' id='word_1_400' title='bbox 2133 2597 2235 2670; x_wconf 87' lang='grc' dir='ltr'><strong>σθη</strong></span> <span class='ocrx_word' id='word_1_401' title='bbox 2270 2599 2348 2663; x_wconf 78' lang='grc' dir='ltr'><strong>είς</strong></span> <span class='ocrx_word' id='word_1_402' title='bbox 2375 2599 2490 2666; x_wconf 76' lang='grc' dir='ltr'>δύο,</span> <span class='ocrx_word' id='word_1_403' title='bbox 2519 2600 2629 2654; x_wconf 77' lang='grc' dir='ltr'><strong>ἀπὸ</strong></span> <span class='ocrx_word' id='word_1_404' title='bbox 2650 2599 2854 2655; x_wconf 79' lang='grc' dir='ltr'>ἄνωθεν</span> <span class='ocrx_word' id='word_1_405' title='bbox 2882 2601 2986 2664; x_wconf 71' lang='grc' dir='ltr'>ἕως</span> <span class='ocrx_word' id='word_1_406' title='bbox 3024 2602 3196 2665; x_wconf 84' lang='grc' dir='ltr'>κάτω,</span> <span class='ocrx_word' id='word_1_407' title='bbox 3238 2600 3340 2654; x_wconf 78' lang='grc' dir='ltr'>καὶ</span> <span class='ocrx_word' id='word_1_408' title='bbox 3367 2602 3400 2671; x_wconf 89' lang='grc' dir='ltr'><strong>ή</strong></span> <span class='ocrx_word' id='word_1_409' title='bbox 3455 2599 3523 2669; x_wconf 80' lang='grc' dir='ltr'>γῆ</span> <span class='ocrx_word' id='word_1_410' title='bbox 3569 2597 3696 2651; x_wconf 82' lang='grc' dir='ltr'>ἐσεί-</span> 
     </span>
    </p>
   </div>
   <div class='ocr_carea' id='block_1_54' title="bbox 2136 2688 3694 2764">
    <p class='ocr_par' dir='ltr' id='par_1_54' title="bbox 2136 2688 3694 2764">
     <span class='ocr_line' id='line_1_54' title="bbox 2136 2688 3694 2764; baseline -0.003 -19"><span class='ocrx_word' id='word_1_411' title='bbox 2136 2691 2260 2760; x_wconf 89' lang='grc' dir='ltr'>σθη,</span> <span class='ocrx_word' id='word_1_412' title='bbox 2286 2693 2379 2745; x_wconf 72' lang='grc' dir='ltr'>καὶ</span> <span class='ocrx_word' id='word_1_413' title='bbox 2398 2693 2453 2746; x_wconf 85' lang='grc' dir='ltr'>αἱ</span> <span class='ocrx_word' id='word_1_414' title='bbox 2485 2693 2685 2763; x_wconf 81' lang='grc' dir='ltr'>πέτραι</span> <span class='ocrx_word' id='word_1_415' title='bbox 2704 2693 3055 2764; x_wconf 77' lang='grc' dir='ltr'>ἐσχίσθησαν,</span> <span class='ocrx_word' id='word_1_416' title='bbox 3075 2693 3258 2747; x_wconf 79' lang='grc' dir='ltr'>καὶτὰ</span> <span class='ocrx_word' id='word_1_417' title='bbox 3287 2694 3527 2764; x_wconf 87' lang='grc' dir='ltr'>μνημεῖα</span> <span class='ocrx_word' id='word_1_418' title='bbox 3543 2688 3694 2760; x_wconf 82' lang='grc' dir='ltr'>ἀνεῴ-</span> 
     </span>
    </p>
   </div>
   <div class='ocr_carea' id='block_1_55' title="bbox 2134 2781 3693 2854">
    <p class='ocr_par' dir='ltr' id='par_1_55' title="bbox 2134 2781 3693 2854">
     <span class='ocr_line' id='line_1_55' title="bbox 2134 2781 3693 2854; baseline -0.001 -19"><span class='ocrx_word' id='word_1_419' title='bbox 2134 2782 2343 2853; x_wconf 81' lang='grc' dir='ltr'>χθησαν</span> <span class='ocrx_word' id='word_1_420' title='bbox 2376 2821 2392 2848; x_wconf 91' lang='grc'><strong>,</strong></span> <span class='ocrx_word' id='word_1_421' title='bbox 2438 2784 2533 2836; x_wconf 76' lang='grc' dir='ltr'>καὶ</span> <span class='ocrx_word' id='word_1_422' title='bbox 2597 2783 2770 2838; x_wconf 78' lang='grc' dir='ltr'>πολλὰ</span> <span class='ocrx_word' id='word_1_423' title='bbox 2824 2782 3055 2854; x_wconf 83' lang='grc' dir='ltr'>σώματα</span> <span class='ocrx_word' id='word_1_424' title='bbox 3104 2784 3212 2838; x_wconf 81' lang='grc' dir='ltr'>τῶν</span> <span class='ocrx_word' id='word_1_425' title='bbox 3299 2781 3693 2854; x_wconf 78' lang='grc' dir='ltr'>κεκοιμημένων</span> 
     </span>
    </p>
   </div>
   <div class='ocr_carea' id='block_1_56' title="bbox 2135 2875 3694 2948">
    <p class='ocr_par' dir='ltr' id='par_1_56' title="bbox 2135 2875 3694 2948">
     <span class='ocr_line' id='line_1_56' title="bbox 2135 2875 3694 2948; baseline -0.002 -18"><span class='ocrx_word' id='word_1_426' title='bbox 2135 2876 2306 2945; x_wconf 82' lang='grc' dir='ltr'>ἁγίων</span> <span class='ocrx_word' id='word_1_427' title='bbox 2348 2876 2597 2948; x_wconf 75' lang='grc' dir='ltr'>ἠγέρθη,</span> <span class='ocrx_word' id='word_1_428' title='bbox 2652 2878 2748 2930; x_wconf 82' lang='grc' dir='ltr'>καὶ</span> <span class='ocrx_word' id='word_1_429' title='bbox 2799 2875 3108 2944; x_wconf 69' lang='grc' dir='ltr'>ἐξελθόντες</span> <span class='ocrx_word' id='word_1_430' title='bbox 3161 2880 3226 2931; x_wconf 81' lang='grc' dir='ltr'><strong>ἐκ</strong></span> <span class='ocrx_word' id='word_1_431' title='bbox 3277 2878 3388 2932; x_wconf 84' lang='grc' dir='ltr'><strong>τῶν</strong></span> <span class='ocrx_word' id='word_1_432' title='bbox 3435 2876 3694 2948; x_wconf 82' lang='grc' dir='ltr'>μνημείων</span> 
     </span>
    </p>
   </div>
   <div class='ocr_carea' id='block_1_57' title="bbox 2137 2967 3694 3041">
    <p class='ocr_par' dir='ltr' id='par_1_57' title="bbox 2137 2967 3694 3041">
     <span class='ocr_line' id='line_1_57' title="bbox 2137 2967 3694 3041; baseline -0.002 -20"><span class='ocrx_word' id='word_1_433' title='bbox 2137 2968 2278 3040; x_wconf 76' lang='grc' dir='ltr'>μετὰ</span> <span class='ocrx_word' id='word_1_434' title='bbox 2326 2967 2426 3041; x_wconf 78' lang='grc' dir='ltr'>τὴν</span> <span class='ocrx_word' id='word_1_435' title='bbox 2464 2969 2680 3041; x_wconf 74' lang='grc' dir='ltr'>ἔγερσιν</span> <span class='ocrx_word' id='word_1_436' title='bbox 2726 2969 2916 3034; x_wconf 84' lang='grc' dir='ltr'>αὐτοῦ,</span> <span class='ocrx_word' id='word_1_437' title='bbox 2964 2969 3216 3039; x_wconf 69' lang='grc' dir='ltr'>εῖσῆὶθον</span> <span class='ocrx_word' id='word_1_438' title='bbox 3276 2971 3359 3033; x_wconf 81' lang='grc' dir='ltr'><strong>είς</strong></span> <span class='ocrx_word' id='word_1_439' title='bbox 3399 2970 3497 3040; x_wconf 78' lang='grc' dir='ltr'>τὴν</span> <span class='ocrx_word' id='word_1_440' title='bbox 3554 2967 3694 3036; x_wconf 79' lang='grc' dir='ltr'>ἁγίαν</span> 
     </span>
    </p>
   </div>
   <div class='ocr_carea' id='block_1_58' title="bbox 2138 3061 3691 3133">
    <p class='ocr_par' dir='ltr' id='par_1_58' title="bbox 2138 3061 3691 3133">
     <span class='ocr_line' id='line_1_58' title="bbox 2138 3061 3691 3133; baseline -0.004 -17"><span class='ocrx_word' id='word_1_441' title='bbox 2138 3061 2314 3127; x_wconf 80' lang='grc' dir='ltr'>πόλιν,</span> <span class='ocrx_word' id='word_1_442' title='bbox 2376 3061 2469 3117; x_wconf 71' lang='grc' dir='ltr'>καὶ</span> <span class='ocrx_word' id='word_1_443' title='bbox 2498 3062 2929 3133; x_wconf 73' lang='grc' dir='ltr'>ἐνεφανίσθησαν</span> <span class='ocrx_word' id='word_1_444' title='bbox 2995 3063 3227 3126; x_wconf 77' lang='grc' dir='ltr'>πολλοῖς.</span> <span class='ocrx_word' id='word_1_445' title='bbox 3263 3081 3283 3114; x_wconf 75' lang='grc' dir='ltr'><strong>ι</strong></span> <span class='ocrx_word' id='word_1_446' title='bbox 3347 3061 3553 3133; x_wconf 70' lang='grc' dir='ltr'>Κράζει</span> <span class='ocrx_word' id='word_1_447' title='bbox 3608 3074 3691 3129; x_wconf 86' lang='grc' dir='ltr'>μι-</span> 
     </span>
    </p>
   </div>
   <div class='ocr_carea' id='block_1_59' title="bbox 454 3143 2037 3228">
    <p class='ocr_par' dir='ltr' id='par_1_59' title="bbox 454 3150 2028 3226">
     <span class='ocr_line' id='line_1_59' title="bbox 454 3150 2028 3226; baseline 0.004 -23"><span class='ocrx_word' id='word_1_448' title='bbox 454 3160 586 3208; x_wconf 80' lang='lat' dir='ltr'><strong>voce</strong></span> <span class='ocrx_word' id='word_1_449' title='bbox 615 3167 806 3222; x_wconf 74' lang='lat' dir='ltr'><strong>magna</strong></span> <span class='ocrx_word' id='word_1_450' title='bbox 826 3150 1005 3219; x_wconf 84' lang='lat' dir='ltr'><strong>Jesus,</strong></span> <span class='ocrx_word' id='word_1_451' title='bbox 1039 3164 1098 3208; x_wconf 90' lang='lat' dir='ltr'><strong>ut</strong></span> <span class='ocrx_word' id='word_1_452' title='bbox 1143 3155 1381 3211; x_wconf 84' lang='lat' dir='ltr'><strong>sciamus</strong></span> <span class='ocrx_word' id='word_1_453' title='bbox 1416 3169 1603 3210; x_wconf 90' lang='lat' dir='ltr'><strong>verum</strong></span> <span class='ocrx_word' id='word_1_454' title='bbox 1631 3168 1752 3211; x_wconf 79' lang='lat' dir='ltr'><strong>esse</strong></span> <span class='ocrx_word' id='word_1_455' title='bbox 1777 3156 1919 3226; x_wconf 85' lang='lat' dir='ltr'><strong>quod</strong></span> <span class='ocrx_word' id='word_1_456' title='bbox 1951 3154 2028 3210; x_wconf 85' lang='lat' dir='ltr'><strong>di-</strong></span> 
     </span>
    </p>
   </div>
   <div class='ocr_carea' id='block_1_60' title="bbox 2141 3143 3691 3228">
    <p class='ocr_par' dir='ltr' id='par_1_60' title="bbox 2141 3153 3691 3228">
     <span class='ocr_line' id='line_1_60' title="bbox 2141 3153 3691 3228; baseline -0.008 -13"><span class='ocrx_word' id='word_1_457' title='bbox 2141 3157 2276 3227; x_wconf 77' lang='grc' dir='ltr'><strong>γάλῃ</strong></span> <span class='ocrx_word' id='word_1_458' title='bbox 2308 3158 2458 3228; x_wconf 72' lang='grc' dir='ltr'>φωνῇ</span> <span class='ocrx_word' id='word_1_459' title='bbox 2497 3158 2526 3209; x_wconf 87' lang='grc' dir='ltr'><strong>ὁ</strong></span> <span class='ocrx_word' id='word_1_460' title='bbox 2584 3156 2815 3228; x_wconf 81' lang='grc' dir='ltr'>Ἰησοῦς,</span> <span class='ocrx_word' id='word_1_461' title='bbox 2844 3157 2932 3210; x_wconf 77' lang='grc' dir='ltr'>ἵνα</span> <span class='ocrx_word' id='word_1_462' title='bbox 2944 3156 3183 3227; x_wconf 75' lang='grc' dir='ltr'>,γνῶμεν</span> <span class='ocrx_word' id='word_1_463' title='bbox 3213 3158 3301 3210; x_wconf 84' lang='grc' dir='ltr'>ὃτι</span> <span class='ocrx_word' id='word_1_464' title='bbox 3329 3157 3467 3223; x_wconf 80' lang='grc' dir='ltr'>ὅπερ</span> <span class='ocrx_word' id='word_1_465' title='bbox 3492 3153 3659 3220; x_wconf 84' lang='grc' dir='ltr'>ἐλεγεν</span> <span class='ocrx_word' id='word_1_466' title='bbox 3678 3191 3691 3216; x_wconf 87' lang='grc'><strong>,</strong></span> 
     </span>
    </p>
   </div>
   <div class='ocr_carea' id='block_1_61' title="bbox 457 3246 2033 3319">
    <p class='ocr_par' dir='ltr' id='par_1_61' title="bbox 457 3246 2033 3319">
     <span class='ocr_line' id='line_1_61' title="bbox 457 3246 2033 3319; baseline 0 -19"><span class='ocrx_word' id='word_1_467' title='bbox 457 3246 537 3301; x_wconf 70' lang='lat' dir='ltr'><strong>sit</strong></span> <span class='ocrx_word' id='word_1_468' title='bbox 570 3255 585 3301; x_wconf 82' lang='grc' dir='ltr'><strong>ι</strong></span> <span class='ocrx_word' id='word_1_469' title='bbox 617 3264 636 3299; x_wconf 84' lang='grc' dir='ltr'><strong>ι</strong></span> <span class='ocrx_word' id='word_1_470' title='bbox 667 3247 780 3319; x_wconf 78' lang='lat' dir='ltr'><strong>Ego</strong></span> <span class='ocrx_word' id='word_1_471' title='bbox 808 3254 1132 3317; x_wconf 89' lang='lat' dir='ltr'><strong>potestatem</strong></span> <span class='ocrx_word' id='word_1_472' title='bbox 1179 3247 1353 3302; x_wconf 87' lang='lat' dir='ltr'><strong>habeo</strong></span> <span class='ocrx_word' id='word_1_473' title='bbox 1405 3255 1463 3301; x_wconf 87' lang='lat' dir='ltr'><strong>ut</strong></span> <span class='ocrx_word' id='word_1_474' title='bbox 1519 3261 1714 3316; x_wconf 88' lang='lat' dir='ltr'><strong>ponam</strong></span> <span class='ocrx_word' id='word_1_475' title='bbox 1797 3247 2033 3301; x_wconf 87' lang='lat' dir='ltr'><strong>animam</strong></span> 
     </span>
    </p>
   </div>
   <div class='ocr_carea' id='block_1_62' title="bbox 458 3336 2034 3407">
    <p class='ocr_par' dir='ltr' id='par_1_62' title="bbox 458 3336 2034 3407">
     <span class='ocr_line' id='line_1_62' title="bbox 458 3336 2034 3407; baseline 0.003 -19"><span class='ocrx_word' id='word_1_476' title='bbox 458 3346 659 3393; x_wconf 87' lang='lat' dir='ltr'><strong>meam.</strong></span> <span class='ocrx_word' id='word_1_477' title='bbox 700 3350 721 3389; x_wconf 74' lang='grc' dir='ltr'><strong>ι</strong></span> <span class='ocrx_word' id='word_1_478' title='bbox 745 3336 995 3392; x_wconf 81' lang='lat' dir='ltr'><strong>Animam</strong></span> <span class='ocrx_word' id='word_1_479' title='bbox 1031 3337 1176 3391; x_wconf 87' lang='lat' dir='ltr'><strong>enim</strong></span> <span class='ocrx_word' id='word_1_480' title='bbox 1206 3352 1360 3393; x_wconf 86' lang='lat' dir='ltr'><strong>suam</strong></span> <span class='ocrx_word' id='word_1_481' title='bbox 1396 3338 1548 3407; x_wconf 88' lang='lat' dir='ltr'><strong>ponit</strong></span> <span class='ocrx_word' id='word_1_482' title='bbox 1590 3352 1686 3393; x_wconf 87' lang='lat' dir='ltr'><strong>sua</strong></span> <span class='ocrx_word' id='word_1_483' title='bbox 1748 3346 2034 3406; x_wconf 79' lang='lat' dir='ltr'><strong>potestate.</strong></span> 
     </span>
    </p>
   </div>
   <div class='ocr_carea' id='block_1_63' title="bbox 457 3427 2036 3496">
    <p class='ocr_par' dir='ltr' id='par_1_63' title="bbox 457 3427 2036 3496">
     <span class='ocr_line' id='line_1_63' title="bbox 457 3427 2036 3496; baseline 0.001 -14"><span class='ocrx_word' id='word_1_484' title='bbox 457 3427 591 3494; x_wconf 64' lang='lat' dir='ltr'><strong>Quae</strong></span> <span class='ocrx_word' id='word_1_485' title='bbox 621 3436 801 3482; x_wconf 89' lang='lat' dir='ltr'><strong>autem</strong></span> <span class='ocrx_word' id='word_1_486' title='bbox 829 3436 949 3482; x_wconf 86' lang='lat' dir='ltr'><strong>erat</strong></span> <span class='ocrx_word' id='word_1_487' title='bbox 978 3427 1123 3495; x_wconf 61' lang='lat' dir='ltr'><strong>vos?</strong></span> <span class='ocrx_word' id='word_1_488' title='bbox 1156 3445 1175 3480; x_wconf 77' lang='grc' dir='ltr'><strong>ι</strong></span> <span class='ocrx_word' id='word_1_489' title='bbox 1205 3427 1391 3496; x_wconf 88' lang='lat' dir='ltr'><strong>Pater,</strong></span> <span class='ocrx_word' id='word_1_490' title='bbox 1423 3429 1473 3482; x_wconf 90' lang='lat' dir='ltr'><strong>in</strong></span> <span class='ocrx_word' id='word_1_491' title='bbox 1508 3444 1701 3484; x_wconf 84' lang='lat' dir='ltr'><strong>manus</strong></span> <span class='ocrx_word' id='word_1_492' title='bbox 1732 3437 1855 3484; x_wconf 81' lang='lat' dir='ltr'><strong>tuas</strong></span> <span class='ocrx_word' id='word_1_493' title='bbox 1885 3443 2036 3484; x_wconf 93' lang='lat' dir='ltr'><strong>com-</strong></span> 
     </span>
    </p>
   </div>
   <div class='ocr_carea' id='block_1_64' title="bbox 459 3520 2042 3591">
    <p class='ocr_par' dir='ltr' id='par_1_64' title="bbox 459 3520 2042 3591">
     <span class='ocr_line' id='line_1_64' title="bbox 459 3520 2042 3591; baseline 0.002 -17"><span class='ocrx_word' id='word_1_494' title='bbox 459 3521 660 3577; x_wconf 86' lang='lat' dir='ltr'><strong>mendo</strong></span> <span class='ocrx_word' id='word_1_495' title='bbox 686 3520 936 3591; x_wconf 89' lang='lat' dir='ltr'><strong>spiritum</strong></span> <span class='ocrx_word' id='word_1_496' title='bbox 958 3537 1157 3577; x_wconf 88' lang='lat' dir='ltr'><strong>meum.</strong></span> <span class='ocrx_word' id='word_1_497' title='bbox 1187 3539 1207 3573; x_wconf 81' lang='grc' dir='ltr'><strong>ι</strong></span> <span class='ocrx_word' id='word_1_498' title='bbox 1246 3521 1360 3577; x_wconf 82' lang='lat' dir='ltr'><strong>Non</strong></span> <span class='ocrx_word' id='word_1_499' title='bbox 1386 3521 1533 3577; x_wconf 87' lang='lat' dir='ltr'><strong>enim</strong></span> <span class='ocrx_word' id='word_1_500' title='bbox 1555 3531 1798 3585; x_wconf 80' lang='lat' dir='ltr'><strong>coactus.</strong></span> <span class='ocrx_word' id='word_1_501' title='bbox 1827 3522 1921 3579; x_wconf 87' lang='lat' dir='ltr'><strong>sed</strong></span> <span class='ocrx_word' id='word_1_502' title='bbox 1946 3537 2042 3577; x_wconf 79' lang='lat' dir='ltr'><strong>vo-</strong></span> 
     </span>
    </p>
   </div>
   <div class='ocr_carea' id='block_1_65' title="bbox 460 3604 2039 3687">
    <p class='ocr_par' dir='ltr' id='par_1_65' title="bbox 460 3604 2039 3687">
     <span class='ocr_line' id='line_1_65' title="bbox 460 3604 2039 3687; baseline 0 -19"><span class='ocrx_word' id='word_1_503' title='bbox 460 3604 730 3669; x_wconf 82' lang='lat' dir='ltr'><strong>luntarius</strong></span> <span class='ocrx_word' id='word_1_504' title='bbox 757 3614 939 3670; x_wconf 86' lang='lat' dir='ltr'><strong>emisit</strong></span> <span class='ocrx_word' id='word_1_505' title='bbox 966 3614 1235 3684; x_wconf 85' lang='lat' dir='ltr'><strong>spiritum.</strong></span> <span class='ocrx_word' id='word_1_506' title='bbox 1258 3613 1370 3670; x_wconf 87' lang='lat' dir='ltr'><strong>Hoc</strong></span> <span class='ocrx_word' id='word_1_507' title='bbox 1391 3615 1535 3670; x_wconf 90' lang='lat' dir='ltr'><strong>enim</strong></span> <span class='ocrx_word' id='word_1_508' title='bbox 1562 3615 1853 3687; x_wconf 77' lang='lat' dir='ltr'><strong>signiﬁcat,</strong></span> <span class='ocrx_word' id='word_1_509' title='bbox 1878 3615 2039 3671; x_wconf 84' lang='lat' dir='ltr'><strong>Com-</strong></span> 
     </span>
    </p>
   </div>
   <div class='ocr_carea' id='block_1_66' title="bbox 462 3690 2043 3777">
    <p class='ocr_par' dir='ltr' id='par_1_66' title="bbox 462 3690 2043 3777">
     <span class='ocr_line' id='line_1_66' title="bbox 462 3690 2043 3777; baseline -0.003 -15"><span class='ocrx_word' id='word_1_510' title='bbox 462 3690 679 3764; x_wconf 71' lang='lat' dir='ltr'><strong>tuendo.</strong></span> <span class='ocrx_word' id='word_1_511' title='bbox 728 3706 1181 3764; x_wconf 88' lang='lat' dir='ltr'><strong>lnsinuatautem</strong></span> <span class='ocrx_word' id='word_1_512' title='bbox 1237 3723 1297 3763; x_wconf 88' lang='lat' dir='ltr'><strong>se</strong></span> <span class='ocrx_word' id='word_1_513' title='bbox 1347 3706 1494 3763; x_wconf 88' lang='lat' dir='ltr'><strong>illam</strong></span> <span class='ocrx_word' id='word_1_514' title='bbox 1551 3707 1743 3763; x_wconf 88' lang='lat' dir='ltr'><strong>iterum</strong></span> <span class='ocrx_word' id='word_1_515' title='bbox 1798 3714 2043 3777; x_wconf 83' lang='lat' dir='ltr'><strong>receptu-</strong></span> 
     </span>
    </p>
   </div>
   <div class='ocr_carea' id='block_1_67' title="bbox 460 3800 2039 3872">
    <p class='ocr_par' dir='ltr' id='par_1_67' title="bbox 460 3800 2039 3872">
     <span class='ocr_line' id='line_1_67' title="bbox 460 3800 2039 3872; baseline -0.003 -16"><span class='ocrx_word' id='word_1_516' title='bbox 460 3812 579 3856; x_wconf 81' lang='lat' dir='ltr'><strong>rum</strong></span> <span class='ocrx_word' id='word_1_517' title='bbox 617 3801 956 3872; x_wconf 84' lang='lat' dir='ltr'><strong>:depositum</strong></span> <span class='ocrx_word' id='word_1_518' title='bbox 982 3802 1124 3856; x_wconf 90' lang='lat' dir='ltr'><strong>enim</strong></span> <span class='ocrx_word' id='word_1_519' title='bbox 1143 3810 1200 3857; x_wconf 89' lang='lat' dir='ltr'><strong>et</strong></span> <span class='ocrx_word' id='word_1_520' title='bbox 1228 3803 1629 3857; x_wconf 89' lang='lat' dir='ltr'><strong>commodatum</strong></span> <span class='ocrx_word' id='word_1_521' title='bbox 1655 3800 1848 3855; x_wconf 91' lang='lat' dir='ltr'><strong>iterum</strong></span> <span class='ocrx_word' id='word_1_522' title='bbox 1884 3813 2039 3853; x_wconf 81' lang='lat' dir='ltr'><strong>assu-</strong></span> 
     </span>
    </p>
   </div>
   <div class='ocr_carea' id='block_1_68' title="bbox 464 3891 2043 3964">
    <p class='ocr_par' dir='ltr' id='par_1_68' title="bbox 464 3891 2043 3964">
     <span class='ocr_line' id='line_1_68' title="bbox 464 3891 2043 3964; baseline -0.002 -17"><span class='ocrx_word' id='word_1_523' title='bbox 464 3895 656 3949; x_wconf 86' lang='lat' dir='ltr'><strong>tuitur.</strong></span> <span class='ocrx_word' id='word_1_524' title='bbox 675 3893 859 3950; x_wconf 84' lang='lat' dir='ltr'><strong>Gratia</strong></span> <span class='ocrx_word' id='word_1_525' title='bbox 885 3902 1067 3950; x_wconf 86' lang='lat' dir='ltr'><strong>autem</strong></span> <span class='ocrx_word' id='word_1_526' title='bbox 1098 3894 1346 3961; x_wconf 87' lang='lat' dir='ltr'><strong>Domino,</strong></span> <span class='ocrx_word' id='word_1_527' title='bbox 1401 3897 1543 3964; x_wconf 87' lang='lat' dir='ltr'><strong>quod</strong></span> <span class='ocrx_word' id='word_1_528' title='bbox 1577 3893 1668 3948; x_wconf 89' lang='lat' dir='ltr'><strong>illo</strong></span> <span class='ocrx_word' id='word_1_529' title='bbox 1698 3891 1966 3947; x_wconf 88' lang='lat' dir='ltr'><strong>moriente</strong></span> <span class='ocrx_word' id='word_1_530' title='bbox 1987 3900 2043 3945; x_wconf 91' lang='lat' dir='ltr'><strong>et</strong></span> 
     </span>
    </p>
   </div>
   <div class='ocr_carea' id='block_1_69' title="bbox 459 3987 2041 4058">
    <p class='ocr_par' dir='ltr' id='par_1_69' title="bbox 459 3987 2041 4058">
     <span class='ocr_line' id='line_1_69' title="bbox 459 3987 2041 4058; baseline -0.002 -15"><span class='ocrx_word' id='word_1_531' title='bbox 459 3988 710 4058; x_wconf 81' lang='lat' dir='ltr'><strong>spiritum</strong></span> <span class='ocrx_word' id='word_1_532' title='bbox 734 4003 898 4044; x_wconf 89' lang='lat' dir='ltr'><strong>suum</strong></span> <span class='ocrx_word' id='word_1_533' title='bbox 938 3987 991 4043; x_wconf 90' lang='lat' dir='ltr'><strong>in</strong></span> <span class='ocrx_word' id='word_1_534' title='bbox 1041 4003 1233 4043; x_wconf 85' lang='lat' dir='ltr'><strong>manus</strong></span> <span class='ocrx_word' id='word_1_535' title='bbox 1267 3987 1442 4043; x_wconf 85' lang='lat' dir='ltr'><strong>Patris</strong></span> <span class='ocrx_word' id='word_1_536' title='bbox 1487 3990 1921 4051; x_wconf 87' lang='lat' dir='ltr'><strong>commendante,</strong></span> <span class='ocrx_word' id='word_1_537' title='bbox 1972 4001 2041 4040; x_wconf 78' lang='lat' dir='ltr'><strong>ex</strong></span> 
     </span>
    </p>
   </div>
   <div class='ocr_carea' id='block_1_70' title="bbox 460 4078 2043 4151">
    <p class='ocr_par' dir='ltr' id='par_1_70' title="bbox 460 4078 2043 4151">
     <span class='ocr_line' id='line_1_70' title="bbox 460 4078 2043 4151; baseline -0.004 -13"><span class='ocrx_word' id='word_1_538' title='bbox 460 4092 526 4138; x_wconf 77' lang='lat' dir='ltr'><strong>eo</strong></span> <span class='ocrx_word' id='word_1_539' title='bbox 554 4090 795 4151; x_wconf 84' lang='lat' dir='ltr'><strong>tempore</strong></span> <span class='ocrx_word' id='word_1_540' title='bbox 833 4088 888 4136; x_wconf 90' lang='lat' dir='ltr'><strong>et</strong></span> <span class='ocrx_word' id='word_1_541' title='bbox 911 4092 1222 4137; x_wconf 88' lang='lat' dir='ltr'><strong>sanctorum</strong></span> <span class='ocrx_word' id='word_1_542' title='bbox 1248 4080 1445 4136; x_wconf 84' lang='lat' dir='ltr'><strong>animae</strong></span> <span class='ocrx_word' id='word_1_543' title='bbox 1495 4080 1549 4136; x_wconf 92' lang='lat' dir='ltr'><strong>in</strong></span> <span class='ocrx_word' id='word_1_544' title='bbox 1578 4096 1740 4135; x_wconf 88' lang='lat' dir='ltr'><strong>manu</strong></span> <span class='ocrx_word' id='word_1_545' title='bbox 1784 4078 1881 4133; x_wconf 64' lang='lat' dir='ltr'><strong>Dei</strong></span> <span class='ocrx_word' id='word_1_546' title='bbox 1942 4092 2043 4149; x_wconf 73' lang='lat' dir='ltr'><strong>po-</strong></span> 
     </span>
    </p>
   </div>
   <div class='ocr_carea' id='block_1_71' title="bbox 464 4170 2038 4242">
    <p class='ocr_par' dir='ltr' id='par_1_71' title="bbox 464 4170 2038 4242">
     <span class='ocr_line' id='line_1_71' title="bbox 464 4170 2038 4242; baseline 0 -19"><span class='ocrx_word' id='word_1_547' title='bbox 464 4181 686 4236; x_wconf 77' lang='lat' dir='ltr'><strong>nuntur,</strong></span> <span class='ocrx_word' id='word_1_548' title='bbox 716 4181 770 4228; x_wconf 92' lang='lat' dir='ltr'><strong>et</strong></span> <span class='ocrx_word' id='word_1_549' title='bbox 800 4188 930 4238; x_wconf 92' lang='lat' dir='ltr'><strong>non,</strong></span> <span class='ocrx_word' id='word_1_550' title='bbox 955 4181 1014 4227; x_wconf 92' lang='lat' dir='ltr'><strong>ut</strong></span> <span class='ocrx_word' id='word_1_551' title='bbox 1060 4173 1235 4242; x_wconf 88' lang='lat' dir='ltr'><strong>prius,</strong></span> <span class='ocrx_word' id='word_1_552' title='bbox 1271 4170 1324 4225; x_wconf 91' lang='lat' dir='ltr'><strong>in</strong></span> <span class='ocrx_word' id='word_1_553' title='bbox 1358 4171 1553 4226; x_wconf 90' lang='lat' dir='ltr'><strong>inlerni</strong></span> <span class='ocrx_word' id='word_1_554' title='bbox 1616 4170 1990 4240; x_wconf 85' lang='lat' dir='ltr'><strong>penetralibus</strong></span> <span class='ocrx_word' id='word_1_555' title='bbox 2024 4186 2038 4223; x_wconf 90' lang='lat'><strong>:</strong></span> 
     </span>
    </p>
   </div>
   <div class='ocr_carea' id='block_1_72' title="bbox 463 4261 2035 4332">
    <p class='ocr_par' dir='ltr' id='par_1_72' title="bbox 463 4261 2035 4332">
     <span class='ocr_line' id='line_1_72' title="bbox 463 4261 2035 4332; baseline -0.001 -17"><span class='ocrx_word' id='word_1_556' title='bbox 463 4272 628 4332; x_wconf 77' lang='lat' dir='ltr'><strong>atque</strong></span> <span class='ocrx_word' id='word_1_557' title='bbox 661 4267 732 4317; x_wconf 87' lang='lat' dir='ltr'><strong>ita</strong></span> <span class='ocrx_word' id='word_1_558' title='bbox 767 4277 914 4317; x_wconf 82' lang='lat' dir='ltr'><strong>mors</strong></span> <span class='ocrx_word' id='word_1_559' title='bbox 942 4261 1147 4318; x_wconf 87' lang='lat' dir='ltr'><strong>Christi</strong></span> <span class='ocrx_word' id='word_1_560' title='bbox 1185 4261 1330 4318; x_wconf 80' lang='lat' dir='ltr'><strong>facta</strong></span> <span class='ocrx_word' id='word_1_561' title='bbox 1359 4271 1443 4318; x_wconf 85' lang='lat' dir='ltr'><strong>est</strong></span> <span class='ocrx_word' id='word_1_562' title='bbox 1472 4261 1803 4319; x_wconf 87' lang='lat' dir='ltr'><strong>santilicatio</strong></span> <span class='ocrx_word' id='word_1_563' title='bbox 1828 4269 2035 4315; x_wconf 85' lang='lat' dir='ltr'><strong>nostra.</strong></span> 
     </span>
    </p>
   </div>
   <div class='ocr_carea' id='block_1_73' title="bbox 464 4350 2047 4427">
    <p class='ocr_par' dir='ltr' id='par_1_73' title="bbox 464 4350 2047 4427">
     <span class='ocr_line' id='line_1_73' title="bbox 464 4350 2047 4427; baseline -0.001 -17"><span class='ocrx_word' id='word_1_564' title='bbox 464 4350 674 4410; x_wconf 80' lang='lat' dir='ltr'><strong>Idcirco</strong></span> <span class='ocrx_word' id='word_1_565' title='bbox 701 4364 754 4410; x_wconf 91' lang='lat' dir='ltr'><strong>et</strong></span> <span class='ocrx_word' id='word_1_566' title='bbox 782 4370 972 4427; x_wconf 77' lang='lat' dir='ltr'><strong>magna</strong></span> <span class='ocrx_word' id='word_1_567' title='bbox 997 4370 1129 4413; x_wconf 89' lang='lat' dir='ltr'><strong>voce</strong></span> <span class='ocrx_word' id='word_1_568' title='bbox 1152 4356 1413 4412; x_wconf 85' lang='lat' dir='ltr'><strong>inclamat</strong></span> <span class='ocrx_word' id='word_1_569' title='bbox 1436 4365 1685 4420; x_wconf 89' lang='lat' dir='ltr'><strong>mortem,</strong></span> <span class='ocrx_word' id='word_1_570' title='bbox 1711 4369 1815 4409; x_wconf 88' lang='lat' dir='ltr'><strong>non</strong></span> <span class='ocrx_word' id='word_1_571' title='bbox 1845 4355 2047 4409; x_wconf 87' lang='lat' dir='ltr'><strong>auden-</strong></span> 
     </span>
    </p>
   </div>
   <div class='ocr_carea' id='block_1_74' title="bbox 2138 3232 3692 3316">
    <p class='ocr_par' dir='ltr' id='par_1_74' title="bbox 2138 3232 3692 3316">
     <span class='ocr_line' id='line_1_74' title="bbox 2138 3232 3692 3316; baseline -0.007 -15"><span class='ocrx_word' id='word_1_572' title='bbox 2138 3248 2220 3301; x_wconf 72' lang='grc' dir='ltr'>ὃτι</span> <span class='ocrx_word' id='word_1_573' title='bbox 2242 3266 2261 3299; x_wconf 76' lang='grc' dir='ltr'><strong>ι</strong></span> <span class='ocrx_word' id='word_1_574' title='bbox 2286 3245 2561 3311; x_wconf 80' lang='grc' dir='ltr'>Ἐξουσίαν</span> <span class='ocrx_word' id='word_1_575' title='bbox 2579 3246 2687 3316; x_wconf 72' lang='grc' dir='ltr'><strong>ἔχω</strong></span> <span class='ocrx_word' id='word_1_576' title='bbox 2707 3243 2878 3300; x_wconf 82' lang='grc' dir='ltr'>θεῖναι</span> <span class='ocrx_word' id='word_1_577' title='bbox 2897 3244 2996 3316; x_wconf 80' lang='grc' dir='ltr'>τὴν</span> <span class='ocrx_word' id='word_1_578' title='bbox 3031 3246 3206 3316; x_wconf 76' lang='grc' dir='ltr'>ψυχήν</span> <span class='ocrx_word' id='word_1_579' title='bbox 3221 3262 3350 3314; x_wconf 91' lang='grc' dir='ltr'>μου,</span> <span class='ocrx_word' id='word_1_580' title='bbox 3365 3261 3385 3296; x_wconf 75' lang='grc' dir='ltr'><strong>ι</strong></span> <span class='ocrx_word' id='word_1_581' title='bbox 3416 3240 3601 3315; x_wconf 81' lang='grc' dir='ltr'>ἀληθὲς</span> <span class='ocrx_word' id='word_1_582' title='bbox 3617 3232 3692 3309; x_wconf 82' lang='grc' dir='ltr'>ἦν.</span> 
     </span>
    </p>
   </div>
   <div class='ocr_carea' id='block_1_75' title="bbox 2136 3327 3695 3410">
    <p class='ocr_par' dir='ltr' id='par_1_75' title="bbox 2136 3327 3695 3410">
     <span class='ocr_line' id='line_1_75' title="bbox 2136 3327 3695 3410; baseline -0.008 -16"><span class='ocrx_word' id='word_1_583' title='bbox 2136 3341 2272 3394; x_wconf 86' lang='grc' dir='ltr'>Κατ’</span> <span class='ocrx_word' id='word_1_584' title='bbox 2321 3338 2570 3405; x_wconf 77' lang='grc' dir='ltr'>ἐξουσίαν</span> <span class='ocrx_word' id='word_1_585' title='bbox 2622 3339 2732 3410; x_wconf 78' lang='grc' dir='ltr'><strong>γὰρ</strong></span> <span class='ocrx_word' id='word_1_586' title='bbox 2770 3338 2965 3409; x_wconf 83' lang='grc' dir='ltr'>ἀφίησι</span> <span class='ocrx_word' id='word_1_587' title='bbox 3002 3337 3101 3409; x_wconf 79' lang='grc' dir='ltr'><strong>τήν</strong></span> <span class='ocrx_word' id='word_1_588' title='bbox 3140 3335 3345 3408; x_wconf 78' lang='grc' dir='ltr'>ψυχήν.</span> <span class='ocrx_word' id='word_1_589' title='bbox 3399 3336 3494 3397; x_wconf 84' lang='grc' dir='ltr'>Τίς</span> <span class='ocrx_word' id='word_1_590' title='bbox 3538 3332 3589 3386; x_wconf 81' lang='grc' dir='ltr'><strong>δέ</strong></span> <span class='ocrx_word' id='word_1_591' title='bbox 3637 3327 3695 3402; x_wconf 75' lang='grc' dir='ltr'>ἦν</span> 
     </span>
    </p>
   </div>
   <div class='ocr_carea' id='block_1_76' title="bbox 2146 3424 3696 3506">
    <p class='ocr_par' dir='ltr' id='par_1_76' title="bbox 2146 3424 3696 3506">
     <span class='ocr_line' id='line_1_76' title="bbox 2146 3424 3696 3506; baseline -0.019 -2"><span class='ocrx_word' id='word_1_592' title='bbox 2146 3435 2180 3506; x_wconf 65' lang='grc' dir='ltr'>ἡ</span> <span class='ocrx_word' id='word_1_593' title='bbox 2214 3434 2365 3504; x_wconf 75' lang='grc' dir='ltr'><strong>φωνή</strong></span> <span class='ocrx_word' id='word_1_594' title='bbox 2406 3444 2423 3500; x_wconf 68' lang='grc' dir='ltr'><em>ἲ</em></span> <span class='ocrx_word' id='word_1_595' title='bbox 2465 3452 2484 3485; x_wconf 71' lang='grc' dir='ltr'><strong>ε</strong></span> <span class='ocrx_word' id='word_1_596' title='bbox 2518 3432 2737 3502; x_wconf 81' lang='grc' dir='ltr'>Πάτερ.</span> <span class='ocrx_word' id='word_1_597' title='bbox 2793 3434 2873 3495; x_wconf 70' lang='grc' dir='ltr'><strong>εἰς</strong></span> <span class='ocrx_word' id='word_1_598' title='bbox 2905 3431 3093 3502; x_wconf 82' lang='grc' dir='ltr'>χεῖράς</span> <span class='ocrx_word' id='word_1_599' title='bbox 3144 3446 3238 3483; x_wconf 88' lang='grc' dir='ltr'><strong>σου</strong></span> <span class='ocrx_word' id='word_1_600' title='bbox 3269 3425 3600 3499; x_wconf 72' lang='grc' dir='ltr'>παρατίθημι</span> <span class='ocrx_word' id='word_1_601' title='bbox 3643 3424 3696 3474; x_wconf 75' lang='grc' dir='ltr'><strong>τὺ</strong></span> 
     </span>
    </p>
   </div>
   <div class='ocr_carea' id='block_1_77' title="bbox 2140 3514 3698 3596">
    <p class='ocr_par' dir='ltr' id='par_1_77' title="bbox 2140 3514 3698 3596">
     <span class='ocr_line' id='line_1_77' title="bbox 2140 3514 3698 3596; baseline -0.007 -18"><span class='ocrx_word' id='word_1_602' title='bbox 2140 3525 2361 3596; x_wconf 83' lang='grc' dir='ltr'>πνεῦμά</span> <span class='ocrx_word' id='word_1_603' title='bbox 2418 3542 2541 3596; x_wconf 91' lang='grc' dir='ltr'>μου.</span> <span class='ocrx_word' id='word_1_604' title='bbox 2570 3543 2589 3576; x_wconf 76' lang='grc' dir='ltr'><strong>ι</strong></span> <span class='ocrx_word' id='word_1_605' title='bbox 2627 3526 2702 3579; x_wconf 70' lang='grc' dir='ltr'>Οὐ</span> <span class='ocrx_word' id='word_1_606' title='bbox 2737 3523 2843 3596; x_wconf 83' lang='grc' dir='ltr'><strong>γὰρ</strong></span> <span class='ocrx_word' id='word_1_607' title='bbox 2892 3522 3269 3593; x_wconf 75' lang='grc' dir='ltr'>βεϐιασμένως</span> <span class='ocrx_word' id='word_1_608' title='bbox 3297 3562 3311 3588; x_wconf 88' lang='grc'><strong>,</strong></span> <span class='ocrx_word' id='word_1_609' title='bbox 3374 3516 3489 3574; x_wconf 81' lang='grc' dir='ltr'>ἀλλ’</span> <span class='ocrx_word' id='word_1_610' title='bbox 3540 3514 3698 3570; x_wconf 71' lang='grc' dir='ltr'>ἑκοντὶ</span> 
     </span>
    </p>
   </div>
   <div class='ocr_carea' id='block_1_78' title="bbox 2140 3611 3700 3690">
    <p class='ocr_par' dir='ltr' id='par_1_78' title="bbox 2140 3611 3700 3690">
     <span class='ocr_line' id='line_1_78' title="bbox 2140 3611 3700 3690; baseline -0.008 -16"><span class='ocrx_word' id='word_1_611' title='bbox 2140 3620 2325 3690; x_wconf 77' lang='grc' dir='ltr'>ἀφῆκε</span> <span class='ocrx_word' id='word_1_612' title='bbox 2378 3616 2439 3673; x_wconf 74' lang='grc' dir='ltr'>τὸ</span> <span class='ocrx_word' id='word_1_613' title='bbox 2476 3618 2713 3690; x_wconf 86' lang='grc' dir='ltr'>πνεῦμα.</span> <span class='ocrx_word' id='word_1_614' title='bbox 2760 3615 2931 3672; x_wconf 83' lang='grc' dir='ltr'>Τοῦτο</span> <span class='ocrx_word' id='word_1_615' title='bbox 2991 3616 3098 3689; x_wconf 86' lang='grc' dir='ltr'>γὰρ</span> <span class='ocrx_word' id='word_1_616' title='bbox 3128 3616 3388 3686; x_wconf 78' lang='grc' dir='ltr'>σημαίνει</span> <span class='ocrx_word' id='word_1_617' title='bbox 3428 3614 3508 3679; x_wconf 74' lang='grc' dir='ltr'>τὸ,</span> <span class='ocrx_word' id='word_1_618' title='bbox 3538 3611 3700 3678; x_wconf 69' lang='grc' dir='ltr'><strong>Ιιαρκ·</strong></span> 
     </span>
    </p>
   </div>
   <div class='ocr_carea' id='block_1_79' title="bbox 2141 3704 3700 3785">
    <p class='ocr_par' dir='ltr' id='par_1_79' title="bbox 2141 3704 3700 3785">
     <span class='ocr_line' id='line_1_79' title="bbox 2141 3704 3700 3785; baseline -0.008 -19"><span class='ocrx_word' id='word_1_619' title='bbox 2141 3713 2370 3784; x_wconf 81' lang='grc' dir='ltr'>τίθημι·</span> <span class='ocrx_word' id='word_1_620' title='bbox 2402 3711 2657 3785; x_wconf 80' lang='grc' dir='ltr'>ἐμφαίνει</span> <span class='ocrx_word' id='word_1_621' title='bbox 2689 3711 2745 3765; x_wconf 76' lang='grc' dir='ltr'>δὲ</span> <span class='ocrx_word' id='word_1_622' title='bbox 2807 3710 2903 3781; x_wconf 74' lang='grc' dir='ltr'>καὶ</span> <span class='ocrx_word' id='word_1_623' title='bbox 2950 3709 3013 3765; x_wconf 76' lang='grc' dir='ltr'><strong>τδ</strong></span> <span class='ocrx_word' id='word_1_624' title='bbox 3104 3709 3322 3780; x_wconf 77' lang='grc' dir='ltr'>μέλλειν</span> <span class='ocrx_word' id='word_1_625' title='bbox 3348 3707 3516 3778; x_wconf 74' lang='grc' dir='ltr'>αὐτὴν</span> <span class='ocrx_word' id='word_1_626' title='bbox 3558 3704 3700 3758; x_wconf 77' lang='grc' dir='ltr'>πάλιν</span> 
     </span>
    </p>
   </div>
   <div class='ocr_carea' id='block_1_80' title="bbox 2143 3798 3701 3876">
    <p class='ocr_par' dir='ltr' id='par_1_80' title="bbox 2143 3798 3701 3876">
     <span class='ocr_line' id='line_1_80' title="bbox 2143 3798 3701 3876; baseline -0.006 -17"><span class='ocrx_word' id='word_1_627' title='bbox 2143 3804 2518 3876; x_wconf 77' lang='grc' dir='ltr'>ἀπολήψεσθαι</span> <span class='ocrx_word' id='word_1_628' title='bbox 2542 3821 2560 3839; x_wconf 80' lang='grc' dir='ltr'><strong>ο</strong></span> <span class='ocrx_word' id='word_1_629' title='bbox 2590 3804 2831 3858; x_wconf 83' lang='grc' dir='ltr'>τοιοῦτον</span> <span class='ocrx_word' id='word_1_630' title='bbox 2859 3803 3023 3875; x_wconf 80' lang='grc' dir='ltr'>γὰρή</span> <span class='ocrx_word' id='word_1_631' title='bbox 3050 3803 3369 3875; x_wconf 82' lang='grc' dir='ltr'>παραθήκη,</span> <span class='ocrx_word' id='word_1_632' title='bbox 3398 3801 3555 3853; x_wconf 76' lang='grc' dir='ltr'>πάλιν</span> <span class='ocrx_word' id='word_1_633' title='bbox 3582 3798 3701 3850; x_wconf 78' lang='grc' dir='ltr'>ἀπο-</span> 
     </span>
    </p>
   </div>
   <div class='ocr_carea' id='block_1_81' title="bbox 2142 3890 3703 3969">
    <p class='ocr_par' dir='ltr' id='par_1_81' title="bbox 2142 3890 3703 3969">
     <span class='ocr_line' id='line_1_81' title="bbox 2142 3890 3703 3969; baseline -0.01 -17"><span class='ocrx_word' id='word_1_634' title='bbox 2142 3897 2418 3969; x_wconf 79' lang='grc' dir='ltr'>διδομένη,</span> <span class='ocrx_word' id='word_1_635' title='bbox 2474 3897 2647 3968; x_wconf 79' lang='grc' dir='ltr'>Χάρις</span> <span class='ocrx_word' id='word_1_636' title='bbox 2699 3898 2757 3952; x_wconf 83' lang='grc' dir='ltr'><strong>δέ</strong></span> <span class='ocrx_word' id='word_1_637' title='bbox 2794 3896 2874 3968; x_wconf 82' lang='grc' dir='ltr'>τῷ</span> <span class='ocrx_word' id='word_1_638' title='bbox 2944 3896 3155 3967; x_wconf 79' lang='grc' dir='ltr'>Κυρίῳ,</span> <span class='ocrx_word' id='word_1_639' title='bbox 3215 3896 3300 3949; x_wconf 81' lang='grc' dir='ltr'>ὅτι</span> <span class='ocrx_word' id='word_1_640' title='bbox 3345 3892 3551 3947; x_wconf 84' lang='grc' dir='ltr'>ἐκείνου</span> <span class='ocrx_word' id='word_1_641' title='bbox 3588 3890 3703 3942; x_wconf 85' lang='grc' dir='ltr'>ἁπο-</span> 
     </span>
    </p>
   </div>
   <div class='ocr_carea' id='block_1_82' title="bbox 2145 3975 3701 4060">
    <p class='ocr_par' dir='ltr' id='par_1_82' title="bbox 2145 3975 3701 4060">
     <span class='ocr_line' id='line_1_82' title="bbox 2145 3975 3701 4060; baseline -0.001 -17"><span class='ocrx_word' id='word_1_642' title='bbox 2145 3990 2420 4052; x_wconf 81' lang='grc' dir='ltr'>θανόντος,</span> <span class='ocrx_word' id='word_1_643' title='bbox 2446 3988 2664 4044; x_wconf 78' lang='grc' dir='ltr'>καὶτοῦ</span> <span class='ocrx_word' id='word_1_644' title='bbox 2701 3988 3010 4060; x_wconf 84' lang='grc' dir='ltr'>πνεύματος</span> <span class='ocrx_word' id='word_1_645' title='bbox 3051 3986 3220 4042; x_wconf 81' lang='grc' dir='ltr'>αὐτοῦ</span> <span class='ocrx_word' id='word_1_646' title='bbox 3267 3988 3350 4050; x_wconf 77' lang='grc' dir='ltr'><strong>είς</strong></span> <span class='ocrx_word' id='word_1_647' title='bbox 3390 3986 3570 4056; x_wconf 85' lang='grc' dir='ltr'>χεῖρας</span> <span class='ocrx_word' id='word_1_648' title='bbox 3621 3975 3701 4029; x_wconf 64' lang='grc' dir='ltr'><strong>τοῦ</strong></span> 
     </span>
    </p>
   </div>
   <div class='ocr_carea' id='block_1_83' title="bbox 2146 4069 3702 4154">
    <p class='ocr_par' dir='ltr' id='par_1_83' title="bbox 2146 4069 3702 4154">
     <span class='ocr_line' id='line_1_83' title="bbox 2146 4069 3702 4154; baseline -0.006 -20"><span class='ocrx_word' id='word_1_649' title='bbox 2146 4081 2360 4154; x_wconf 76' lang='grc' dir='ltr'>[ἰατρὸς</span> <span class='ocrx_word' id='word_1_650' title='bbox 2394 4081 2814 4151; x_wconf 80' lang='grc' dir='ltr'>παρατεθέντος,</span> <span class='ocrx_word' id='word_1_651' title='bbox 2841 4081 3028 4135; x_wconf 78' lang='grc' dir='ltr'>ἔκτοτε</span> <span class='ocrx_word' id='word_1_652' title='bbox 3058 4081 3153 4134; x_wconf 73' lang='grc' dir='ltr'>καὶ</span> <span class='ocrx_word' id='word_1_653' title='bbox 3185 4080 3240 4133; x_wconf 78' lang='grc' dir='ltr'>αἱ</span> <span class='ocrx_word' id='word_1_654' title='bbox 3267 4079 3379 4132; x_wconf 86' lang='grc' dir='ltr'><strong>τῶν</strong></span> <span class='ocrx_word' id='word_1_655' title='bbox 3408 4074 3572 4143; x_wconf 81' lang='grc' dir='ltr'>ἁγίων</span> <span class='ocrx_word' id='word_1_656' title='bbox 3613 4069 3702 4139; x_wconf 76' lang='grc' dir='ltr'>ψυ-</span> 
     </span>
    </p>
   </div>
   <div class='ocr_carea' id='block_1_84' title="bbox 2147 4164 3705 4247">
    <p class='ocr_par' dir='ltr' id='par_1_84' title="bbox 2147 4164 3705 4247">
     <span class='ocr_line' id='line_1_84' title="bbox 2147 4164 3705 4247; baseline -0.012 -16"><span class='ocrx_word' id='word_1_657' title='bbox 2147 4177 2242 4246; x_wconf 76' lang='grc' dir='ltr'><strong>χαὶ</strong></span> <span class='ocrx_word' id='word_1_658' title='bbox 2268 4177 2349 4239; x_wconf 83' lang='grc' dir='ltr'><strong>είς</strong></span> <span class='ocrx_word' id='word_1_659' title='bbox 2379 4174 2569 4247; x_wconf 84' lang='grc' dir='ltr'>χεῖρας</span> <span class='ocrx_word' id='word_1_660' title='bbox 2594 4174 2690 4228; x_wconf 90' lang='grc' dir='ltr'><strong>τοῦ</strong></span> <span class='ocrx_word' id='word_1_661' title='bbox 2718 4174 2855 4229; x_wconf 83' lang='grc' dir='ltr'>Θεοῦ</span> <span class='ocrx_word' id='word_1_662' title='bbox 2873 4173 3136 4236; x_wconf 85' lang='grc' dir='ltr'>τίθενται,</span> <span class='ocrx_word' id='word_1_663' title='bbox 3162 4173 3279 4227; x_wconf 77' lang='grc' dir='ltr'>ἀλλ’</span> <span class='ocrx_word' id='word_1_664' title='bbox 3306 4172 3409 4242; x_wconf 77' lang='grc' dir='ltr'><strong>οὐχ</strong></span> <span class='ocrx_word' id='word_1_665' title='bbox 3432 4169 3506 4231; x_wconf 88' lang='grc' dir='ltr'>ὼς</span> <span class='ocrx_word' id='word_1_666' title='bbox 3529 4164 3705 4236; x_wconf 80' lang='grc' dir='ltr'>πρότεο</span> 
     </span>
    </p>
   </div>
   <div class='ocr_carea' id='block_1_85' title="bbox 2150 4252 3703 4341">
    <p class='ocr_par' dir='ltr' id='par_1_85' title="bbox 2150 4252 3703 4341">
     <span class='ocr_line' id='line_1_85' title="bbox 2150 4252 3703 4341; baseline -0.006 -18"><span class='ocrx_word' id='word_1_667' title='bbox 2150 4285 2243 4341; x_wconf 84' lang='grc' dir='ltr'><strong>ρον</strong></span> <span class='ocrx_word' id='word_1_668' title='bbox 2272 4270 2332 4323; x_wconf 87' lang='grc' dir='ltr'><strong>ἐν</strong></span> <span class='ocrx_word' id='word_1_669' title='bbox 2360 4272 2472 4332; x_wconf 87' lang='grc' dir='ltr'>τοῖς</span> <span class='ocrx_word' id='word_1_670' title='bbox 2503 4267 2598 4322; x_wconf 88' lang='grc' dir='ltr'><strong>τοῦ</strong></span> <span class='ocrx_word' id='word_1_671' title='bbox 2626 4261 2754 4340; x_wconf 70' lang='grc' dir='ltr'>ᾅδου</span> <span class='ocrx_word' id='word_1_672' title='bbox 2791 4269 2999 4338; x_wconf 80' lang='grc' dir='ltr'>μυχοῖς.</span> <span class='ocrx_word' id='word_1_673' title='bbox 3034 4267 3196 4319; x_wconf 81' lang='grc' dir='ltr'>Ὥστε</span> <span class='ocrx_word' id='word_1_674' title='bbox 3236 4260 3509 4334; x_wconf 72' lang='grc' dir='ltr'>ἁγιασμὸς</span> <span class='ocrx_word' id='word_1_675' title='bbox 3568 4252 3703 4327; x_wconf 73' lang='grc' dir='ltr'>ἡμῶν</span> 
     </span>
    </p>
   </div>
   <div class='ocr_carea' id='block_1_86' title="bbox 2149 4345 3705 4430">
    <p class='ocr_par' dir='ltr' id='par_1_86' title="bbox 2149 4345 3705 4430">
     <span class='ocr_line' id='line_1_86' title="bbox 2149 4345 3705 4430; baseline -0.005 -15"><span class='ocrx_word' id='word_1_676' title='bbox 2149 4362 2379 4430; x_wconf 80' lang='grc' dir='ltr'>γέγονεν</span> <span class='ocrx_word' id='word_1_677' title='bbox 2431 4361 2461 4415; x_wconf 83' lang='grc' dir='ltr'>ὁ</span> <span class='ocrx_word' id='word_1_678' title='bbox 2521 4360 2750 4423; x_wconf 81' lang='grc' dir='ltr'>θάνατος</span> <span class='ocrx_word' id='word_1_679' title='bbox 2793 4358 2889 4413; x_wconf 87' lang='grc' dir='ltr'><strong>τοῦ</strong></span> <span class='ocrx_word' id='word_1_680' title='bbox 2942 4356 3218 4430; x_wconf 81' lang='grc' dir='ltr'>Χριστοῦ’</span> <span class='ocrx_word' id='word_1_681' title='bbox 3245 4356 3328 4411; x_wconf 72' lang='grc' dir='ltr'><strong>διὸ</strong></span> <span class='ocrx_word' id='word_1_682' title='bbox 3385 4353 3478 4408; x_wconf 76' lang='grc' dir='ltr'>καὶ</span> <span class='ocrx_word' id='word_1_683' title='bbox 3516 4345 3705 4421; x_wconf 63' lang='grc' dir='ltr'>μεγάλῃ</span> 
     </span>
    </p>
   </div>
   <div class='ocr_carea' id='block_1_87' title="bbox 467 4446 2037 4524">
    <p class='ocr_par' dir='ltr' id='par_1_87' title="bbox 467 4446 2037 4516">
     <span class='ocr_line' id='line_1_87' title="bbox 467 4446 2037 4516; baseline -0.002 -14"><span class='ocrx_word' id='word_1_684' title='bbox 467 4458 577 4502; x_wconf 78' lang='lat' dir='ltr'><strong>tem</strong></span> <span class='ocrx_word' id='word_1_685' title='bbox 610 4449 870 4503; x_wconf 86' lang='lat' dir='ltr'><strong>accedere</strong></span> <span class='ocrx_word' id='word_1_686' title='bbox 895 4447 997 4503; x_wconf 87' lang='lat' dir='ltr'><strong>nisi</strong></span> <span class='ocrx_word' id='word_1_687' title='bbox 1055 4456 1364 4504; x_wconf 86' lang='lat' dir='ltr'><strong>vocaretur.</strong></span> <span class='ocrx_word' id='word_1_688' title='bbox 1395 4446 1583 4503; x_wconf 81' lang='lat' dir='ltr'><strong>Velum</strong></span> <span class='ocrx_word' id='word_1_689' title='bbox 1636 4456 1816 4502; x_wconf 85' lang='lat' dir='ltr'><strong>autem</strong></span> <span class='ocrx_word' id='word_1_690' title='bbox 1865 4446 2037 4516; x_wconf 88' lang='lat' dir='ltr'><strong>templi</strong></span> 
     </span>
    </p>
   </div>
   <div class='ocr_carea' id='block_1_88' title="bbox 2141 4446 3701 4524">
    <p class='ocr_par' dir='ltr' id='par_1_88' title="bbox 2156 4450 3701 4524">
     <span class='ocr_line' id='line_1_88' title="bbox 2156 4450 3701 4524; baseline -0.012 -15"><span class='ocrx_word' id='word_1_691' title='bbox 2156 4456 2306 4524; x_wconf 84' lang='grc' dir='ltr'>φωνῇ</span> <span class='ocrx_word' id='word_1_692' title='bbox 2334 4453 2726 4523; x_wconf 86' lang='grc' dir='ltr'>προσκαλεῖται</span> <span class='ocrx_word' id='word_1_693' title='bbox 2744 4451 2836 4505; x_wconf 78' lang='grc' dir='ltr'>τὸν</span> <span class='ocrx_word' id='word_1_694' title='bbox 2863 4450 3113 4517; x_wconf 80' lang='grc' dir='ltr'>θάνατον,</span> <span class='ocrx_word' id='word_1_695' title='bbox 3144 4450 3219 4521; x_wconf 78' lang='grc' dir='ltr'><strong>μή</strong></span> <span class='ocrx_word' id='word_1_696' title='bbox 3248 4450 3528 4519; x_wconf 85' lang='grc' dir='ltr'>τολμῶντα</span> <span class='ocrx_word' id='word_1_697' title='bbox 3552 4454 3701 4513; x_wconf 79' lang='grc' dir='ltr'>προσ·</span> 
     </span>
    </p>
   </div>
   <div class='ocr_carea' id='block_1_89' title="bbox 467 4519 2037 4620">
    <p class='ocr_par' dir='ltr' id='par_1_89' title="bbox 467 4537 2037 4608">
     <span class='ocr_line' id='line_1_89' title="bbox 467 4537 2037 4608; baseline 0.001 -17"><span class='ocrx_word' id='word_1_698' title='bbox 467 4547 586 4592; x_wconf 67' lang='grc' dir='ltr'>σιτιιι</span> <span class='ocrx_word' id='word_1_699' title='bbox 632 4538 859 4594; x_wconf 90' lang='lat' dir='ltr'><strong>linteum</strong></span> <span class='ocrx_word' id='word_1_700' title='bbox 916 4539 1188 4608; x_wconf 88' lang='lat' dir='ltr'><strong>quoddam</strong></span> <span class='ocrx_word' id='word_1_701' title='bbox 1239 4540 1292 4594; x_wconf 88' lang='lat' dir='ltr'><strong>in</strong></span> <span class='ocrx_word' id='word_1_702' title='bbox 1348 4537 1525 4594; x_wconf 90' lang='lat' dir='ltr'><strong>medio</strong></span> <span class='ocrx_word' id='word_1_703' title='bbox 1553 4537 1732 4607; x_wconf 91' lang='lat' dir='ltr'><strong>templi</strong></span> <span class='ocrx_word' id='word_1_704' title='bbox 1779 4538 2037 4607; x_wconf 80' lang='lat' dir='ltr'><strong>pendens,</strong></span> 
     </span>
    </p>
   </div>
   <div class='ocr_carea' id='block_1_90' title="bbox 2141 4519 3702 4620">
    <p class='ocr_par' dir='ltr' id='par_1_90' title="bbox 2153 4519 3702 4620">
     <span class='ocr_line' id='line_1_90' title="bbox 2153 4519 3702 4620; baseline -0.01 -16"><span class='ocrx_word' id='word_1_705' title='bbox 2153 4519 2350 4614; x_wconf 45' lang='lat'><strong>9.0.5.,</strong></span> <span class='ocrx_word' id='word_1_706' title='bbox 2380 4519 2454 4602; x_wconf 75' lang='grc' dir='ltr'><strong>ἰι</strong></span> <span class='ocrx_word' id='word_1_707' title='bbox 2515 4547 2590 4620; x_wconf 80' lang='grc' dir='ltr'><strong>μή</strong></span> <span class='ocrx_word' id='word_1_708' title='bbox 2656 4545 2908 4617; x_wconf 85' lang='grc' dir='ltr'>κληθείη.</span> <span class='ocrx_word' id='word_1_709' title='bbox 2964 4542 3039 4599; x_wconf 65' lang='lat' dir='ltr'><strong>Ta</strong></span> <span class='ocrx_word' id='word_1_710' title='bbox 3091 4519 3152 4598; x_wconf 64' lang='lat' dir='ltr'><strong>at</strong></span> <span class='ocrx_word' id='word_1_711' title='bbox 3193 4519 3585 4598; x_wconf 66' lang='grc' dir='ltr'>καταπέτασμα</span> <span class='ocrx_word' id='word_1_712' title='bbox 3621 4527 3702 4620; x_wconf 64' lang='grc' dir='ltr'><strong>τοῦ</strong></span> 
     </span>
    </p>
   </div>
   <div class='ocr_carea' id='block_1_91' title="bbox 468 4630 2049 4702">
    <p class='ocr_par' dir='ltr' id='par_1_91' title="bbox 468 4630 2049 4702">
     <span class='ocr_line' id='line_1_91' title="bbox 468 4630 2049 4702; baseline -0.002 -18"><span class='ocrx_word' id='word_1_713' title='bbox 468 4631 896 4702; x_wconf 86' lang='lat' dir='ltr'><strong>diseernensque</strong></span> <span class='ocrx_word' id='word_1_714' title='bbox 917 4633 985 4684; x_wconf 83' lang='lat' dir='ltr'><strong>ab</strong></span> <span class='ocrx_word' id='word_1_715' title='bbox 1021 4630 1108 4685; x_wconf 87' lang='lat' dir='ltr'><strong>his</strong></span> <span class='ocrx_word' id='word_1_716' title='bbox 1139 4645 1258 4696; x_wconf 65' lang='lat' dir='ltr'><strong>qua:</strong></span> <span class='ocrx_word' id='word_1_717' title='bbox 1291 4630 1457 4695; x_wconf 89' lang='lat' dir='ltr'><strong>intra,</strong></span> <span class='ocrx_word' id='word_1_718' title='bbox 1493 4645 1558 4685; x_wconf 86' lang='lat' dir='ltr'><strong>ea</strong></span> <span class='ocrx_word' id='word_1_719' title='bbox 1617 4644 1740 4700; x_wconf 77' lang='lat' dir='ltr'><strong>quae</strong></span> <span class='ocrx_word' id='word_1_720' title='bbox 1777 4637 1954 4694; x_wconf 74' lang='lat' dir='ltr'><strong>extra,</strong></span> <span class='ocrx_word' id='word_1_721' title='bbox 1990 4636 2049 4682; x_wconf 90' lang='lat' dir='ltr'><strong>ut.</strong></span> 
     </span>
    </p>
   </div>
   <div class='ocr_carea' id='block_1_92' title="bbox 469 4722 2049 4792">
    <p class='ocr_par' dir='ltr' id='par_1_92' title="bbox 469 4722 2049 4792">
     <span class='ocr_line' id='line_1_92' title="bbox 469 4722 2049 4792; baseline 0 -15"><span class='ocrx_word' id='word_1_722' title='bbox 469 4724 840 4778; x_wconf 81' lang='lat' dir='ltr'><strong>interstitinm.</strong></span> <span class='ocrx_word' id='word_1_723' title='bbox 877 4722 1156 4779; x_wconf 89' lang='lat' dir='ltr'><strong>Scinditur</strong></span> <span class='ocrx_word' id='word_1_724' title='bbox 1183 4724 1305 4790; x_wconf 88' lang='lat' dir='ltr'><strong>hoc,</strong></span> <span class='ocrx_word' id='word_1_725' title='bbox 1341 4724 1753 4779; x_wconf 85' lang='lat' dir='ltr'><strong>demonstrante</strong></span> <span class='ocrx_word' id='word_1_726' title='bbox 1777 4723 1885 4777; x_wconf 85' lang='lat' dir='ltr'><strong>Deo</strong></span> <span class='ocrx_word' id='word_1_727' title='bbox 1909 4722 2049 4792; x_wconf 89' lang='lat' dir='ltr'><strong>quod</strong></span> 
     </span>
    </p>
   </div>
   <div class='ocr_carea' id='block_1_93' title="bbox 473 4816 2050 4888">
    <p class='ocr_par' dir='ltr' id='par_1_93' title="bbox 473 4816 2050 4888">
     <span class='ocr_line' id='line_1_93' title="bbox 473 4816 2050 4888; baseline -0.001 -17"><span class='ocrx_word' id='word_1_728' title='bbox 473 4821 565 4871; x_wconf 81' lang='lat' dir='ltr'><strong>&#39;ten</strong></span> <span class='ocrx_word' id='word_1_729' title='bbox 592 4820 737 4888; x_wconf 80' lang='lat' dir='ltr'><strong>ptum</strong></span> <span class='ocrx_word' id='word_1_730' title='bbox 775 4818 1116 4873; x_wconf 82' lang='lat' dir='ltr'><strong>inaccessum</strong></span> <span class='ocrx_word' id='word_1_731' title='bbox 1154 4826 1210 4873; x_wconf 90' lang='lat' dir='ltr'><strong>et</strong></span> <span class='ocrx_word' id='word_1_732' title='bbox 1235 4831 1516 4886; x_wconf 84' lang='lat' dir='ltr'><strong>nunquam</strong></span> <span class='ocrx_word' id='word_1_733' title='bbox 1550 4817 1749 4882; x_wconf 87' lang='lat' dir='ltr'><strong>visum,</strong></span> <span class='ocrx_word' id='word_1_734' title='bbox 1788 4816 1942 4883; x_wconf 80' lang='lat' dir='ltr'><strong>cujus</strong></span> <span class='ocrx_word' id='word_1_735' title='bbox 1969 4816 2050 4870; x_wconf 84' lang='lat' dir='ltr'><strong>tn—</strong></span> 
     </span>
    </p>
   </div>
   <div class='ocr_carea' id='block_1_94' title="bbox 472 4908 2048 4979">
    <p class='ocr_par' dir='ltr' id='par_1_94' title="bbox 472 4908 2048 4979">
     <span class='ocr_line' id='line_1_94' title="bbox 472 4908 2048 4979; baseline -0.003 -14"><span class='ocrx_word' id='word_1_736' title='bbox 472 4913 608 4965; x_wconf 89' lang='lat' dir='ltr'><strong>tima</strong></span> <span class='ocrx_word' id='word_1_737' title='bbox 643 4911 885 4965; x_wconf 83' lang='lat' dir='ltr'><strong>velamen</strong></span> <span class='ocrx_word' id='word_1_738' title='bbox 934 4910 1266 4973; x_wconf 84' lang='lat' dir='ltr'><strong>secludebat,</strong></span> <span class='ocrx_word' id='word_1_739' title='bbox 1316 4909 1558 4965; x_wconf 84' lang='lat' dir='ltr'><strong>solvatur</strong></span> <span class='ocrx_word' id='word_1_740' title='bbox 1615 4919 1669 4962; x_wconf 91' lang='lat' dir='ltr'><strong>et</strong></span> <span class='ocrx_word' id='word_1_741' title='bbox 1710 4908 2048 4979; x_wconf 80' lang='lat' dir='ltr'><strong>profanetur,</strong></span> 
     </span>
    </p>
   </div>
   <div class='ocr_carea' id='block_1_95' title="bbox 470 4999 2050 5072">
    <p class='ocr_par' dir='ltr' id='par_1_95' title="bbox 470 4999 2050 5072">
     <span class='ocr_line' id='line_1_95' title="bbox 470 4999 2050 5072; baseline -0.003 -12"><span class='ocrx_word' id='word_1_742' title='bbox 470 5004 545 5060; x_wconf 85' lang='lat' dir='ltr'><strong>ita</strong></span> <span class='ocrx_word' id='word_1_743' title='bbox 576 5014 634 5061; x_wconf 90' lang='lat' dir='ltr'><strong>ut</strong></span> <span class='ocrx_word' id='word_1_744' title='bbox 665 5005 917 5060; x_wconf 89' lang='lat' dir='ltr'><strong>omnibus</strong></span> <span class='ocrx_word' id='word_1_745' title='bbox 940 5005 1012 5060; x_wconf 89' lang='lat' dir='ltr'><strong>sit</strong></span> <span class='ocrx_word' id='word_1_746' title='bbox 1067 5002 1388 5059; x_wconf 86' lang='lat' dir='ltr'><strong>accessibile</strong></span> <span class='ocrx_word' id='word_1_747' title='bbox 1442 5012 1498 5057; x_wconf 91' lang='lat' dir='ltr'><strong>et</strong></span> <span class='ocrx_word' id='word_1_748' title='bbox 1540 5002 1855 5072; x_wconf 85' lang='lat' dir='ltr'><strong>spectabile.</strong></span> <span class='ocrx_word' id='word_1_749' title='bbox 1900 4999 2050 5056; x_wconf 61' lang='lat' dir='ltr'><strong>Nonc-</strong></span> 
     </span>
    </p>
   </div>
   <div class='ocr_carea' id='block_1_96' title="bbox 470 5094 2052 5165">
    <p class='ocr_par' dir='ltr' id='par_1_96' title="bbox 470 5094 2052 5165">
     <span class='ocr_line' id='line_1_96' title="bbox 470 5094 2052 5165; baseline -0.004 -12"><span class='ocrx_word' id='word_1_750' title='bbox 470 5096 603 5153; x_wconf 87' lang='lat' dir='ltr'><strong>nnlli</strong></span> <span class='ocrx_word' id='word_1_751' title='bbox 636 5097 771 5150; x_wconf 84' lang='lat' dir='ltr'><strong>alias</strong></span> <span class='ocrx_word' id='word_1_752' title='bbox 792 5111 987 5152; x_wconf 84' lang='lat' dir='ltr'><strong>causas</strong></span> <span class='ocrx_word' id='word_1_753' title='bbox 1015 5095 1268 5159; x_wconf 81' lang='lat' dir='ltr'><strong>aﬂ&#39;erunt,</strong></span> <span class='ocrx_word' id='word_1_754' title='bbox 1292 5104 1347 5150; x_wconf 89' lang='lat' dir='ltr'><strong>et</strong></span> <span class='ocrx_word' id='word_1_755' title='bbox 1385 5094 1530 5165; x_wconf 86' lang='lat' dir='ltr'><strong>quod</strong></span> <span class='ocrx_word' id='word_1_756' title='bbox 1582 5094 1888 5150; x_wconf 37' lang='lat' dir='ltr'><strong>t&#39;evelentur</strong></span> <span class='ocrx_word' id='word_1_757' title='bbox 1933 5109 2052 5148; x_wconf 83' lang='lat' dir='ltr'><strong>om-</strong></span> 
     </span>
    </p>
   </div>
   <div class='ocr_carea' id='block_1_97' title="bbox 470 5186 2052 5259">
    <p class='ocr_par' dir='ltr' id='par_1_97' title="bbox 470 5186 2052 5259">
     <span class='ocr_line' id='line_1_97' title="bbox 470 5186 2052 5259; baseline -0.003 -13"><span class='ocrx_word' id='word_1_758' title='bbox 470 5190 563 5246; x_wconf 77' lang='lat' dir='ltr'><strong>hia</strong></span> <span class='ocrx_word' id='word_1_759' title='bbox 592 5189 804 5259; x_wconf 76' lang='lat' dir='ltr'><strong>legalia,</strong></span> <span class='ocrx_word' id='word_1_760' title='bbox 843 5204 963 5259; x_wconf 69' lang='lat' dir='ltr'><strong>quae</strong></span> <span class='ocrx_word' id='word_1_761' title='bbox 996 5189 1148 5259; x_wconf 89' lang='lat' dir='ltr'><strong>prius</strong></span> <span class='ocrx_word' id='word_1_762' title='bbox 1176 5189 1352 5245; x_wconf 87' lang='lat' dir='ltr'><strong>littera</strong></span> <span class='ocrx_word' id='word_1_763' title='bbox 1388 5196 1448 5243; x_wconf 87' lang='lat' dir='ltr'><strong>ut</strong></span> <span class='ocrx_word' id='word_1_764' title='bbox 1475 5187 1785 5243; x_wconf 84' lang='lat' dir='ltr'><strong>velamento</strong></span> <span class='ocrx_word' id='word_1_765' title='bbox 1815 5186 2052 5259; x_wconf 88' lang='lat' dir='ltr'><strong>quodam</strong></span> 
     </span>
    </p>
   </div>
   <div class='ocr_carea' id='block_1_98' title="bbox 472 5266 2057 5353">
    <p class='ocr_par' dir='ltr' id='par_1_98' title="bbox 472 5266 2057 5353">
     <span class='ocr_line' id='line_1_98' title="bbox 472 5266 2057 5353; baseline -0.001 -19"><span class='ocrx_word' id='word_1_766' title='bbox 472 5288 632 5334; x_wconf 87' lang='lat' dir='ltr'><strong>erant</strong></span> <span class='ocrx_word' id='word_1_767' title='bbox 679 5266 933 5348; x_wconf 68' lang='lat' dir='ltr'><strong>cooperta</strong></span> <span class='ocrx_word' id='word_1_768' title='bbox 1002 5298 1016 5335; x_wconf 88' lang='lat'><strong>:</strong></span> <span class='ocrx_word' id='word_1_769' title='bbox 1066 5287 1121 5336; x_wconf 89' lang='lat' dir='ltr'><strong>et</strong></span> <span class='ocrx_word' id='word_1_770' title='bbox 1150 5296 1273 5353; x_wconf 64' lang='lat' dir='ltr'><strong>qua}</strong></span> <span class='ocrx_word' id='word_1_771' title='bbox 1317 5280 1466 5351; x_wconf 90' lang='lat' dir='ltr'><strong>prius</strong></span> <span class='ocrx_word' id='word_1_772' title='bbox 1511 5279 1742 5334; x_wconf 89' lang='lat' dir='ltr'><strong>obscura</strong></span> <span class='ocrx_word' id='word_1_773' title='bbox 1786 5287 1946 5333; x_wconf 90' lang='lat' dir='ltr'><strong>erant</strong></span> <span class='ocrx_word' id='word_1_774' title='bbox 1992 5292 2057 5333; x_wconf 90' lang='lat' dir='ltr'><strong>ac</strong></span> 
     </span>
    </p>
   </div>
   <div class='ocr_carea' id='block_1_99' title="bbox 473 5369 2057 5443">
    <p class='ocr_par' dir='ltr' id='par_1_99' title="bbox 473 5369 2057 5443">
     <span class='ocr_line' id='line_1_99' title="bbox 473 5369 2057 5443; baseline -0.001 -17"><span class='ocrx_word' id='word_1_775' title='bbox 473 5372 632 5442; x_wconf 87' lang='lat' dir='ltr'><strong>plena</strong></span> <span class='ocrx_word' id='word_1_776' title='bbox 680 5372 1097 5443; x_wconf 72' lang='lat' dir='ltr'><strong>:enigmatibus.</strong></span> <span class='ocrx_word' id='word_1_777' title='bbox 1120 5372 1542 5428; x_wconf 85' lang='lat' dir='ltr'><strong>manifestentur</strong></span> <span class='ocrx_word' id='word_1_778' title='bbox 1568 5386 1713 5428; x_wconf 89' lang='lat' dir='ltr'><strong>nunc</strong></span> <span class='ocrx_word' id='word_1_779' title='bbox 1744 5371 1796 5426; x_wconf 92' lang='lat' dir='ltr'><strong>in</strong></span> <span class='ocrx_word' id='word_1_780' title='bbox 1838 5369 2057 5426; x_wconf 83' lang='lat' dir='ltr'><strong>Christo</strong></span> 
     </span>
    </p>
   </div>
   <div class='ocr_carea' id='block_1_100' title="bbox 473 5442 2059 5534">
    <p class='ocr_par' dir='ltr' id='par_1_100' title="bbox 473 5442 2059 5534">
     <span class='ocr_line' id='line_1_100' title="bbox 473 5442 2059 5534; baseline -0.003 -15"><span class='ocrx_word' id='word_1_781' title='bbox 473 5463 714 5534; x_wconf 79' lang='lat' dir='ltr'><strong>impleta.</strong></span> <span class='ocrx_word' id='word_1_782' title='bbox 742 5442 891 5519; x_wconf 83' lang='lat' dir='ltr'><strong>Licet</strong></span> <span class='ocrx_word' id='word_1_783' title='bbox 920 5473 976 5518; x_wconf 88' lang='lat' dir='ltr'><strong>et</strong></span> <span class='ocrx_word' id='word_1_784' title='bbox 1022 5442 1168 5517; x_wconf 71' lang='lat' dir='ltr'><strong>istud</strong></span> <span class='ocrx_word' id='word_1_785' title='bbox 1228 5465 1427 5529; x_wconf 85' lang='lat' dir='ltr'><strong>dicere,</strong></span> <span class='ocrx_word' id='word_1_786' title='bbox 1462 5463 1603 5521; x_wconf 90' lang='lat' dir='ltr'><strong>sicut</strong></span> <span class='ocrx_word' id='word_1_787' title='bbox 1642 5473 1762 5519; x_wconf 87' lang='lat' dir='ltr'><strong>erat</strong></span> <span class='ocrx_word' id='word_1_788' title='bbox 1795 5478 1914 5520; x_wconf 89' lang='lat' dir='ltr'><strong>mos</strong></span> <span class='ocrx_word' id='word_1_789' title='bbox 1963 5460 2059 5517; x_wconf 47' lang='lat' dir='ltr'><strong>In.</strong></span> 
     </span>
    </p>
   </div>
   <div class='ocr_carea' id='block_1_101' title="bbox 476 5554 2056 5626">
    <p class='ocr_par' dir='ltr' id='par_1_101' title="bbox 476 5554 2056 5626">
     <span class='ocr_line' id='line_1_101' title="bbox 476 5554 2056 5626; baseline -0.001 -14"><span class='ocrx_word' id='word_1_790' title='bbox 476 5556 609 5612; x_wconf 60' lang='lat' dir='ltr'><strong>dwis</strong></span> <span class='ocrx_word' id='word_1_791' title='bbox 634 5557 686 5610; x_wconf 92' lang='lat' dir='ltr'><strong>in</strong></span> <span class='ocrx_word' id='word_1_792' title='bbox 733 5554 1085 5626; x_wconf 83' lang='lat' dir='ltr'><strong>blasphemiis</strong></span> <span class='ocrx_word' id='word_1_793' title='bbox 1112 5567 1297 5611; x_wconf 89' lang='lat' dir='ltr'><strong>contra</strong></span> <span class='ocrx_word' id='word_1_794' title='bbox 1345 5557 1514 5613; x_wconf 89' lang='lat' dir='ltr'><strong>Deum</strong></span> <span class='ocrx_word' id='word_1_795' title='bbox 1571 5558 1820 5614; x_wconf 89' lang='lat' dir='ltr'><strong>scindere</strong></span> <span class='ocrx_word' id='word_1_796' title='bbox 1858 5565 2056 5622; x_wconf 84' lang='lat' dir='ltr'><strong>vestes,</strong></span> 
     </span>
    </p>
   </div>
   <div class='ocr_carea' id='block_1_102' title="bbox 476 5648 2059 5723">
    <p class='ocr_par' dir='ltr' id='par_1_102' title="bbox 476 5648 2059 5723">
     <span class='ocr_line' id='line_1_102' title="bbox 476 5648 2059 5723; baseline 0.002 -20"><span class='ocrx_word' id='word_1_797' title='bbox 476 5651 550 5704; x_wconf 85' lang='lat' dir='ltr'><strong>ita</strong></span> <span class='ocrx_word' id='word_1_798' title='bbox 573 5664 718 5707; x_wconf 83' lang='lat' dir='ltr'><strong>nunc</strong></span> <span class='ocrx_word' id='word_1_799' title='bbox 739 5664 955 5721; x_wconf 82' lang='lat' dir='ltr'><strong>quoque</strong></span> <span class='ocrx_word' id='word_1_800' title='bbox 989 5648 1234 5704; x_wconf 84' lang='lat' dir='ltr'><strong>divinum</strong></span> <span class='ocrx_word' id='word_1_801' title='bbox 1269 5650 1522 5720; x_wconf 87' lang='lat' dir='ltr'><strong>templum</strong></span> <span class='ocrx_word' id='word_1_802' title='bbox 1543 5652 1696 5723; x_wconf 77' lang='lat' dir='ltr'><strong>quasi</strong></span> <span class='ocrx_word' id='word_1_803' title='bbox 1714 5666 1856 5722; x_wconf 68' lang='lat' dir='ltr'><strong>aegre</strong></span> <span class='ocrx_word' id='word_1_804' title='bbox 1878 5648 2059 5706; x_wconf 72' lang='lat' dir='ltr'><strong>ferens</strong></span> 
     </span>
    </p>
   </div>
   <div class='ocr_carea' id='block_1_103' title="bbox 473 5739 2059 5815">
    <p class='ocr_par' dir='ltr' id='par_1_103' title="bbox 473 5739 2059 5815">
     <span class='ocr_line' id='line_1_103' title="bbox 473 5739 2059 5815; baseline 0 -16"><span class='ocrx_word' id='word_1_805' title='bbox 473 5739 685 5799; x_wconf 73' lang='lat' dir='ltr'><strong>Christi</strong></span> <span class='ocrx_word' id='word_1_806' title='bbox 717 5753 973 5808; x_wconf 79' lang='lat' dir='ltr'><strong>mortem.</strong></span> <span class='ocrx_word' id='word_1_807' title='bbox 999 5741 1234 5815; x_wconf 73' lang='lat' dir='ltr'><strong>disrupit</strong></span> <span class='ocrx_word' id='word_1_808' title='bbox 1254 5752 1462 5800; x_wconf 88' lang='lat' dir='ltr'><strong>vestem</strong></span> <span class='ocrx_word' id='word_1_809' title='bbox 1494 5759 1674 5806; x_wconf 88' lang='lat' dir='ltr'><strong>suam.</strong></span> <span class='ocrx_word' id='word_1_810' title='bbox 1696 5744 1804 5799; x_wconf 91' lang='lat' dir='ltr'><strong>hoc</strong></span> <span class='ocrx_word' id='word_1_811' title='bbox 1828 5753 1932 5808; x_wconf 88' lang='lat' dir='ltr'><strong>est,</strong></span> <span class='ocrx_word' id='word_1_812' title='bbox 1967 5757 2059 5799; x_wconf 81' lang='lat' dir='ltr'><strong>ve-</strong></span> 
     </span>
    </p>
   </div>
   <div class='ocr_carea' id='block_1_104' title="bbox 474 5828 2057 5914">
    <p class='ocr_par' dir='ltr' id='par_1_104' title="bbox 474 5828 2057 5914">
     <span class='ocr_line' id='line_1_104' title="bbox 474 5828 2057 5914; baseline 0 -21"><span class='ocrx_word' id='word_1_813' title='bbox 474 5828 610 5893; x_wconf 80' lang='lat' dir='ltr'><strong>lunt.</strong></span> <span class='ocrx_word' id='word_1_814' title='bbox 643 5837 836 5898; x_wconf 81' lang='lat' dir='ltr'><strong>Posset</strong></span> <span class='ocrx_word' id='word_1_815' title='bbox 863 5838 985 5914; x_wconf 71' lang='lat' dir='ltr'><strong>quis</strong></span> <span class='ocrx_word' id='word_1_816' title='bbox 1014 5845 1073 5895; x_wconf 85' lang='lat' dir='ltr'><strong>et</strong></span> <span class='ocrx_word' id='word_1_817' title='bbox 1096 5837 1201 5895; x_wconf 76' lang='lat' dir='ltr'><strong>alia</strong></span> <span class='ocrx_word' id='word_1_818' title='bbox 1232 5836 1447 5897; x_wconf 77' lang='lat' dir='ltr'><strong>dicere:</strong></span> <span class='ocrx_word' id='word_1_819' title='bbox 1482 5836 1581 5895; x_wconf 85' lang='lat' dir='ltr'><strong>sed</strong></span> <span class='ocrx_word' id='word_1_820' title='bbox 1610 5837 1727 5894; x_wconf 63' lang='lat' dir='ltr'><strong>haec</strong></span> <span class='ocrx_word' id='word_1_821' title='bbox 1761 5837 2057 5894; x_wconf 78' lang='lat' dir='ltr'><strong>sufﬁciant.</strong></span> 
     </span>
    </p>
   </div>
   <div class='ocr_carea' id='block_1_105' title="bbox 2151 4618 3703 4709">
    <p class='ocr_par' dir='ltr' id='par_1_105' title="bbox 2151 4618 3703 4709">
     <span class='ocr_line' id='line_1_105' title="bbox 2151 4618 3703 4709; baseline -0.012 -18"><span class='ocrx_word' id='word_1_822' title='bbox 2151 4638 2300 4705; x_wconf 89' lang='grc' dir='ltr'>ναοῦ,</span> <span class='ocrx_word' id='word_1_823' title='bbox 2335 4637 2493 4709; x_wconf 72' lang='grc' dir='ltr'>ὀθόνη</span> <span class='ocrx_word' id='word_1_824' title='bbox 2520 4618 2612 4700; x_wconf 76' lang='grc' dir='ltr'><strong>τις</strong></span> <span class='ocrx_word' id='word_1_825' title='bbox 2641 4632 2708 4707; x_wconf 78' lang='grc' dir='ltr'>ἦν</span> <span class='ocrx_word' id='word_1_826' title='bbox 2744 4636 2908 4706; x_wconf 84' lang='grc' dir='ltr'>μέσον</span> <span class='ocrx_word' id='word_1_827' title='bbox 2937 4634 3265 4707; x_wconf 85' lang='grc' dir='ltr'>κρεμαμένη</span> <span class='ocrx_word' id='word_1_828' title='bbox 3310 4630 3406 4686; x_wconf 74' lang='grc' dir='ltr'><strong>τοῦ</strong></span> <span class='ocrx_word' id='word_1_829' title='bbox 3435 4622 3579 4692; x_wconf 84' lang='grc' dir='ltr'>ναοῦ,</span> <span class='ocrx_word' id='word_1_830' title='bbox 3621 4618 3703 4674; x_wconf 78' lang='grc' dir='ltr'>καὶ</span> 
     </span>
    </p>
   </div>
   <div class='ocr_carea' id='block_1_106' title="bbox 2150 4714 3702 4798">
    <p class='ocr_par' dir='ltr' id='par_1_106' title="bbox 2150 4714 3702 4798">
     <span class='ocr_line' id='line_1_106' title="bbox 2150 4714 3702 4798; baseline -0.012 -14"><span class='ocrx_word' id='word_1_831' title='bbox 2150 4728 2574 4798; x_wconf 74' lang='grc' dir='ltr'>ἀποτειχίζουσα</span> <span class='ocrx_word' id='word_1_832' title='bbox 2604 4726 2673 4781; x_wconf 71' lang='grc' dir='ltr'>τὰ</span> <span class='ocrx_word' id='word_1_833' title='bbox 2695 4726 2804 4781; x_wconf 71' lang='grc' dir='ltr'>ἔσω</span> <span class='ocrx_word' id='word_1_834' title='bbox 2839 4725 2972 4795; x_wconf 85' lang='grc' dir='ltr'>πρὸς</span> <span class='ocrx_word' id='word_1_835' title='bbox 3001 4726 3069 4780; x_wconf 74' lang='grc' dir='ltr'>τὰ</span> <span class='ocrx_word' id='word_1_836' title='bbox 3090 4724 3219 4792; x_wconf 75' lang='grc' dir='ltr'>ἔξω,</span> <span class='ocrx_word' id='word_1_837' title='bbox 3268 4716 3380 4776; x_wconf 80' lang='grc' dir='ltr'>οἷόν</span> <span class='ocrx_word' id='word_1_838' title='bbox 3403 4737 3453 4773; x_wconf 89' lang='grc' dir='ltr'><strong>τι</strong></span> <span class='ocrx_word' id='word_1_839' title='bbox 3494 4714 3702 4787; x_wconf 70' lang='grc' dir='ltr'>μεσότοιρ</span> 
     </span>
    </p>
   </div>
   <div class='ocr_carea' id='block_1_107' title="bbox 2152 4801 3699 4895">
    <p class='ocr_par' dir='ltr' id='par_1_107' title="bbox 2152 4801 3699 4895">
     <span class='ocr_line' id='line_1_107' title="bbox 2152 4801 3699 4895; baseline -0.013 -18"><span class='ocrx_word' id='word_1_840' title='bbox 2152 4841 2270 4895; x_wconf 83' lang='grc' dir='ltr'>χον.</span> <span class='ocrx_word' id='word_1_841' title='bbox 2307 4822 2561 4893; x_wconf 78' lang='grc' dir='ltr'>Σχίζεται</span> <span class='ocrx_word' id='word_1_842' title='bbox 2597 4820 2776 4875; x_wconf 86' lang='grc' dir='ltr'>τοίνυν</span> <span class='ocrx_word' id='word_1_843' title='bbox 2825 4818 3006 4885; x_wconf 85' lang='grc' dir='ltr'>τοῦτο,</span> <span class='ocrx_word' id='word_1_844' title='bbox 3071 4815 3381 4877; x_wconf 78' lang='grc' dir='ltr'>δεικνύντος</span> <span class='ocrx_word' id='word_1_845' title='bbox 3427 4809 3520 4866; x_wconf 86' lang='grc' dir='ltr'><strong>τοῦ</strong></span> <span class='ocrx_word' id='word_1_846' title='bbox 3562 4801 3699 4861; x_wconf 80' lang='grc' dir='ltr'>Θεοῦ,</span> 
     </span>
    </p>
   </div>
   <div class='ocr_carea' id='block_1_108' title="bbox 2153 4897 3702 4980">
    <p class='ocr_par' dir='ltr' id='par_1_108' title="bbox 2153 4897 3702 4980">
     <span class='ocr_line' id='line_1_108' title="bbox 2153 4897 3702 4980; baseline -0.015 -9"><span class='ocrx_word' id='word_1_847' title='bbox 2153 4918 2237 4971; x_wconf 79' lang='grc' dir='ltr'>ὅτι</span> <span class='ocrx_word' id='word_1_848' title='bbox 2265 4917 2294 4970; x_wconf 87' lang='grc' dir='ltr'><strong>ὁ</strong></span> <span class='ocrx_word' id='word_1_849' title='bbox 2321 4914 2447 4980; x_wconf 82' lang='grc' dir='ltr'>ναὸς</span> <span class='ocrx_word' id='word_1_850' title='bbox 2481 4915 2511 4968; x_wconf 81' lang='grc' dir='ltr'><strong>ὁ</strong></span> <span class='ocrx_word' id='word_1_851' title='bbox 2546 4914 2769 4979; x_wconf 75' lang='grc' dir='ltr'>ἄϐατος,</span> <span class='ocrx_word' id='word_1_852' title='bbox 2799 4914 2828 4966; x_wconf 84' lang='grc' dir='ltr'><strong><em>ὁ</em></strong></span> <span class='ocrx_word' id='word_1_853' title='bbox 2854 4910 3107 4974; x_wconf 77' lang='grc' dir='ltr'>ἀθέατος,</span> <span class='ocrx_word' id='word_1_854' title='bbox 3158 4906 3219 4964; x_wconf 81' lang='grc' dir='ltr'>οὗ</span> <span class='ocrx_word' id='word_1_855' title='bbox 3238 4910 3306 4963; x_wconf 83' lang='grc' dir='ltr'><strong>τὰ</strong></span> <span class='ocrx_word' id='word_1_856' title='bbox 3340 4904 3578 4960; x_wconf 83' lang='grc' dir='ltr'>ἐσὼτατα</span> <span class='ocrx_word' id='word_1_857' title='bbox 3620 4897 3702 4947; x_wconf 80' lang='grc' dir='ltr'><strong>ἁπ-</strong></span> 
     </span>
    </p>
   </div>
   <div class='ocr_carea' id='block_1_109' title="bbox 2156 4981 3698 5079">
    <p class='ocr_par' dir='ltr' id='par_1_109' title="bbox 2156 4981 3698 5079">
     <span class='ocr_line' id='line_1_109' title="bbox 2156 4981 3698 5079; baseline -0.014 -16"><span class='ocrx_word' id='word_1_858' title='bbox 2156 5006 2391 5079; x_wconf 75' lang='grc' dir='ltr'>ετείχιζε</span> <span class='ocrx_word' id='word_1_859' title='bbox 2429 5006 2492 5060; x_wconf 77' lang='grc' dir='ltr'>τὸ</span> <span class='ocrx_word' id='word_1_860' title='bbox 2537 5006 2962 5074; x_wconf 79' lang='grc' dir='ltr'>καταπέτασμα,</span> <span class='ocrx_word' id='word_1_861' title='bbox 2992 5000 3135 5056; x_wconf 75' lang='grc' dir='ltr'>οὕτω</span> <span class='ocrx_word' id='word_1_862' title='bbox 3169 4998 3582 5071; x_wconf 75' lang='grc' dir='ltr'>χυδαιωθήσεται</span> <span class='ocrx_word' id='word_1_863' title='bbox 3619 4981 3698 5079; x_wconf 63' lang='grc' dir='ltr'>καὶ</span> 
     </span>
    </p>
   </div>
   <div class='ocr_carea' id='block_1_110' title="bbox 2158 5075 3699 5173">
    <p class='ocr_par' dir='ltr' id='par_1_110' title="bbox 2158 5075 3699 5173">
     <span class='ocr_line' id='line_1_110' title="bbox 2158 5075 3699 5173; baseline -0.014 -17"><span class='ocrx_word' id='word_1_864' title='bbox 2158 5075 2622 5173; x_wconf 73' lang='grc' dir='ltr'>βεϐηλωθήσιται,</span> <span class='ocrx_word' id='word_1_865' title='bbox 2654 5098 2799 5152; x_wconf 82' lang='grc' dir='ltr'>ὥστε</span> <span class='ocrx_word' id='word_1_866' title='bbox 2833 5097 3000 5150; x_wconf 82' lang='grc' dir='ltr'>πᾶσιν</span> <span class='ocrx_word' id='word_1_867' title='bbox 3029 5094 3167 5149; x_wconf 74' lang='grc' dir='ltr'>εἶναι</span> <span class='ocrx_word' id='word_1_868' title='bbox 3194 5091 3353 5164; x_wconf 78' lang='grc' dir='ltr'>βατδς</span> <span class='ocrx_word' id='word_1_869' title='bbox 3399 5088 3490 5141; x_wconf 73' lang='grc' dir='ltr'><strong>καί⁵</strong></span> <span class='ocrx_word' id='word_1_870' title='bbox 3513 5075 3699 5173; x_wconf 68' lang='grc' dir='ltr'>θεατρς-</span> 
     </span>
    </p>
   </div>
   <div class='ocr_carea' id='block_1_111' title="bbox 2158 5167 3697 5257">
    <p class='ocr_par' dir='ltr' id='par_1_111' title="bbox 2158 5167 3697 5257">
     <span class='ocr_line' id='line_1_111' title="bbox 2158 5167 3697 5257; baseline -0.008 -9"><span class='ocrx_word' id='word_1_871' title='bbox 2158 5167 2317 5257; x_wconf 56' lang='grc' dir='ltr'>Τινές</span> <span class='ocrx_word' id='word_1_872' title='bbox 2361 5167 2544 5246; x_wconf 27' lang='grc' dir='ltr'>δὲῠκαὶ</span> <span class='ocrx_word' id='word_1_873' title='bbox 2575 5190 2740 5255; x_wconf 79' lang='grc' dir='ltr'>ἄλλας</span> <span class='ocrx_word' id='word_1_874' title='bbox 2768 5189 2946 5252; x_wconf 77' lang='grc' dir='ltr'>αἰτίας</span> <span class='ocrx_word' id='word_1_875' title='bbox 2975 5187 3244 5256; x_wconf 84' lang='grc' dir='ltr'>λέγουσιν·</span> <span class='ocrx_word' id='word_1_876' title='bbox 3282 5180 3560 5251; x_wconf 78' lang='grc' dir='ltr'>Ἐο-ήμαινε</span> <span class='ocrx_word' id='word_1_877' title='bbox 3587 5167 3697 5238; x_wconf 54' lang='grc' dir='ltr'><strong>γάρ,</strong></span> 
     </span>
    </p>
   </div>
   <div class='ocr_carea' id='block_1_112' title="bbox 2159 5265 3696 5355">
    <p class='ocr_par' dir='ltr' id='par_1_112' title="bbox 2159 5265 3696 5355">
     <span class='ocr_line' id='line_1_112' title="bbox 2159 5265 3696 5355; baseline -0.02 -16"><span class='ocrx_word' id='word_1_878' title='bbox 2159 5285 2314 5355; x_wconf 73' lang='grc' dir='ltr'>φασὶ,</span> <span class='ocrx_word' id='word_1_879' title='bbox 2341 5284 2402 5336; x_wconf 76' lang='grc' dir='ltr'>τὸ</span> <span class='ocrx_word' id='word_1_880' title='bbox 2425 5282 2828 5352; x_wconf 88' lang='grc' dir='ltr'>καταπέτασμα</span> <span class='ocrx_word' id='word_1_881' title='bbox 2852 5278 3194 5351; x_wconf 77' lang='grc' dir='ltr'>σχιζόμενον,</span> <span class='ocrx_word' id='word_1_882' title='bbox 3215 5275 3315 5346; x_wconf 78' lang='grc' dir='ltr'>τὴν</span> <span class='ocrx_word' id='word_1_883' title='bbox 3342 5271 3432 5327; x_wconf 80' lang='grc' dir='ltr'><strong>τοῦ</strong></span> <span class='ocrx_word' id='word_1_884' title='bbox 3463 5265 3696 5355; x_wconf 80' lang='grc' dir='ltr'>γράμμα-</span> 
     </span>
    </p>
   </div>
   <div class='ocr_carea' id='block_1_113' title="bbox 2157 5352 3693 5445">
    <p class='ocr_par' dir='ltr' id='par_1_113' title="bbox 2157 5352 3693 5445">
     <span class='ocr_line' id='line_1_113' title="bbox 2157 5352 3693 5445; baseline -0.007 -17"><span class='ocrx_word' id='word_1_885' title='bbox 2157 5352 2250 5439; x_wconf 75' lang='grc' dir='ltr'><strong>τος</strong></span> <span class='ocrx_word' id='word_1_886' title='bbox 2273 5372 2367 5427; x_wconf 88' lang='grc' dir='ltr'><strong>τοῦ</strong></span> <span class='ocrx_word' id='word_1_887' title='bbox 2392 5371 2617 5445; x_wconf 89' lang='grc' dir='ltr'>νομικοῦ</span> <span class='ocrx_word' id='word_1_888' title='bbox 2648 5370 3014 5443; x_wconf 84' lang='grc' dir='ltr'>περιαίρεσιν,</span> <span class='ocrx_word' id='word_1_889' title='bbox 3042 5369 3135 5423; x_wconf 70' lang='grc' dir='ltr'>καὶ</span> <span class='ocrx_word' id='word_1_890' title='bbox 3161 5369 3245 5422; x_wconf 84' lang='grc' dir='ltr'>ὅτι</span> <span class='ocrx_word' id='word_1_891' title='bbox 3275 5352 3693 5423; x_wconf 68' lang='grc' dir='ltr'>ἀποκαλυφθήσε·</span> 
     </span>
    </p>
   </div>
   <div class='ocr_carea' id='block_1_114' title="bbox 2158 5450 3694 5535">
    <p class='ocr_par' dir='ltr' id='par_1_114' title="bbox 2158 5450 3694 5535">
     <span class='ocr_line' id='line_1_114' title="bbox 2158 5450 3694 5535; baseline 0.004 -16"><span class='ocrx_word' id='word_1_892' title='bbox 2158 5480 2256 5520; x_wconf 87' lang='grc' dir='ltr'><strong>ται</strong></span> <span class='ocrx_word' id='word_1_893' title='bbox 2301 5464 2483 5520; x_wconf 81' lang='grc' dir='ltr'>πάντα</span> <span class='ocrx_word' id='word_1_894' title='bbox 2532 5465 2605 5519; x_wconf 69' lang='grc' dir='ltr'><strong>τὰ</strong></span> <span class='ocrx_word' id='word_1_895' title='bbox 2660 5463 2881 5535; x_wconf 80' lang='grc' dir='ltr'>νομικὰ,</span> <span class='ocrx_word' id='word_1_896' title='bbox 2946 5462 2985 5518; x_wconf 74' lang='grc' dir='ltr'>ὃ.</span> <span class='ocrx_word' id='word_1_897' title='bbox 3017 5462 3281 5533; x_wconf 80' lang='grc' dir='ltr'>πρότερον</span> <span class='ocrx_word' id='word_1_898' title='bbox 3322 5456 3399 5529; x_wconf 76' lang='grc' dir='ltr'><strong>τῷ</strong></span> <span class='ocrx_word' id='word_1_899' title='bbox 3442 5450 3694 5535; x_wconf 65' lang='grc' dir='ltr'><strong>γράμματξ</strong></span> 
     </span>
    </p>
   </div>
   <div class='ocr_carea' id='block_1_115' title="bbox 2162 5526 3692 5631">
    <p class='ocr_par' dir='ltr' id='par_1_115' title="bbox 2162 5526 3692 5631">
     <span class='ocr_line' id='line_1_115' title="bbox 2162 5526 3692 5631; baseline -0.016 -20"><span class='ocrx_word' id='word_1_900' title='bbox 2162 5558 2328 5611; x_wconf 78' lang='grc' dir='ltr'>οἱονεί</span> <span class='ocrx_word' id='word_1_901' title='bbox 2380 5569 2490 5611; x_wconf 88' lang='grc' dir='ltr'>τινι</span> <span class='ocrx_word' id='word_1_902' title='bbox 2532 5556 2989 5626; x_wconf 81' lang='grc' dir='ltr'>καταπετάσματι</span> <span class='ocrx_word' id='word_1_903' title='bbox 3043 5551 3486 5621; x_wconf 84' lang='grc' dir='ltr'>συνεκρύπτοντο,</span> <span class='ocrx_word' id='word_1_904' title='bbox 3529 5536 3610 5591; x_wconf 80' lang='grc' dir='ltr'>καὶ</span> <span class='ocrx_word' id='word_1_905' title='bbox 3637 5526 3692 5631; x_wconf 57' lang='grc' dir='ltr'>τά</span> 
     </span>
    </p>
   </div>
   <div class='ocr_carea' id='block_1_116' title="bbox 2164 5634 3691 5727">
    <p class='ocr_par' dir='ltr' id='par_1_116' title="bbox 2164 5634 3691 5727">
     <span class='ocr_line' id='line_1_116' title="bbox 2164 5634 3691 5727; baseline -0.024 -22"><span class='ocrx_word' id='word_1_906' title='bbox 2164 5650 2296 5723; x_wconf 79' lang='grc' dir='ltr'>πρὶν</span> <span class='ocrx_word' id='word_1_907' title='bbox 2326 5649 2514 5721; x_wconf 74' lang='grc' dir='ltr'>ἀσαφῆ</span> <span class='ocrx_word' id='word_1_908' title='bbox 2541 5649 2639 5703; x_wconf 73' lang='grc' dir='ltr'><strong>καὶ</strong></span> <span class='ocrx_word' id='word_1_909' title='bbox 2703 5644 3102 5719; x_wconf 68' lang='grc' dir='ltr'>αἰνιγματώδη,</span> <span class='ocrx_word' id='word_1_910' title='bbox 3155 5639 3579 5727; x_wconf 37' lang='grc' dir='ltr'>φανερωθήσετῆι</span> <span class='ocrx_word' id='word_1_911' title='bbox 3612 5634 3691 5727; x_wconf 43' lang='grc' dir='ltr'><strong>»ζαν</strong></span> 
     </span>
    </p>
   </div>
   <div class='ocr_carea' id='block_1_117' title="bbox 2163 5724 3687 5813">
    <p class='ocr_par' dir='ltr' id='par_1_117' title="bbox 2163 5724 3687 5813">
     <span class='ocr_line' id='line_1_117' title="bbox 2163 5724 3687 5813; baseline -0.018 -14"><span class='ocrx_word' id='word_1_912' title='bbox 2163 5744 2244 5807; x_wconf 75' lang='grc' dir='ltr'>εἰς</span> <span class='ocrx_word' id='word_1_913' title='bbox 2264 5741 2355 5796; x_wconf 69' lang='grc' dir='ltr'><strong>τὸν</strong></span> <span class='ocrx_word' id='word_1_914' title='bbox 2371 5740 2606 5813; x_wconf 67' lang='grc' dir='ltr'>Χριστὸν</span> <span class='ocrx_word' id='word_1_915' title='bbox 2618 5740 2878 5796; x_wconf 78' lang='grc' dir='ltr'>ἐκϐάντα.</span> <span class='ocrx_word' id='word_1_916' title='bbox 2895 5738 3051 5796; x_wconf 82' lang='grc' dir='ltr'>Ἔστι</span> <span class='ocrx_word' id='word_1_917' title='bbox 3077 5737 3133 5791; x_wconf 81' lang='grc' dir='ltr'><strong>δέ</strong></span> <span class='ocrx_word' id='word_1_918' title='bbox 3150 5736 3243 5790; x_wconf 82' lang='grc' dir='ltr'>καὶ</span> <span class='ocrx_word' id='word_1_919' title='bbox 3262 5734 3412 5788; x_wconf 83' lang='grc' dir='ltr'>τοῦτο</span> <span class='ocrx_word' id='word_1_920' title='bbox 3430 5724 3601 5784; x_wconf 67' lang='grc' dir='ltr'>εἰπεῖν,</span> <span class='ocrx_word' id='word_1_921' title='bbox 3622 5724 3687 5765; x_wconf 73' lang='grc' dir='ltr'><strong>ὁτι</strong></span> 
     </span>
    </p>
   </div>
   <div class='ocr_carea' id='block_1_118' title="bbox 2164 5816 3683 5906">
    <p class='ocr_par' dir='ltr' id='par_1_118' title="bbox 2164 5816 3683 5906">
     <span class='ocr_line' id='line_1_118' title="bbox 2164 5816 3683 5906; baseline -0.009 -17"><span class='ocrx_word' id='word_1_922' title='bbox 2164 5835 2285 5900; x_wconf 63' lang='grc' dir='ltr'>ἔθος</span> <span class='ocrx_word' id='word_1_923' title='bbox 2314 5831 2383 5906; x_wconf 75' lang='grc' dir='ltr'>ἦν</span> <span class='ocrx_word' id='word_1_924' title='bbox 2414 5835 2530 5900; x_wconf 67' lang='grc' dir='ltr'>τους</span> <span class='ocrx_word' id='word_1_925' title='bbox 2569 5832 2845 5895; x_wconf 65' lang='grc' dir='ltr'>Ἰουδαίοις</span> <span class='ocrx_word' id='word_1_926' title='bbox 2890 5832 2981 5884; x_wconf 77' lang='grc' dir='ltr'>ἐπὶ</span> <span class='ocrx_word' id='word_1_927' title='bbox 3013 5832 3130 5894; x_wconf 81' lang='grc' dir='ltr'>ταῖς</span> <span class='ocrx_word' id='word_1_928' title='bbox 3164 5828 3305 5883; x_wconf 73' lang='grc' dir='ltr'>κατὰ</span> <span class='ocrx_word' id='word_1_929' title='bbox 3332 5816 3457 5879; x_wconf 78' lang='grc' dir='ltr'>Θεοῦ</span> <span class='ocrx_word' id='word_1_930' title='bbox 3480 5816 3683 5889; x_wconf 75' lang='grc' dir='ltr'><strong>βλασφη-</strong></span> 
     </span>
    </p>
   </div>
  </div>
