3968 6460
199 407 305 474 473

756 396 1205 461 ENABRATIO
1247 398 1328 459 lN
1364 393 1797 460 EVANGELIU

1909 397 2295 462 ΜΑΤΤΗᾸΠ.
2325 421 2392 438 -·
2429 401 2588 464 CAP.
2626 401 2870 465 XXVII.

3353 397 3460 465 474

204 521 380 592 μξαις,
411 512 886 586 περιρρήγνυσθαι
913 512 1040 573 τοὺς
1072 510 1332 582 χιτῶνας.
1367 509 1477 563 Καὶ
1511 507 1606 562 νῦν
1630 505 1723 563 οὖν
1753 508 1781 561 ὀ

1904 511 2166 566 Ξιειηεηιιι
2197 526 2323 566 vero
2365 521 2632 567 commota
2674 511 2952 567 declarant
2992 525 3115 568 eum
3142 509 3233 581 qui
3289 511 3464 581 patie-

201 607 345 668 θεῖος
365 602 492 665 ναὸς
507 600 699 672 ῶσπερ
727 599 1092 670 δυσχεραίνων
1118 600 1212 653 ἐπὶ
1240 597 1316 668 τῷ
1337 598 1431 652 τοῦ
1456 597 1591 654 Θεοῦ
1619 597 1783 654 θανά-

199 715 297 765 τῳ,
333 689 736 763 περιερρήξατο
757 692 858 761 τὴν
895 689 1093 744 ἑαυτοῦ
1139 689 1364 759 ἐσθῆτα,
1424 689 1486 743 τὸ
1539 689 1782 745 καταπέ-

201 805 401 857 τασμα.
434 788 543 839 Καὶ
574 785 710 840 ἄλλα
738 784 782 836 δ’
817 784 882 837 ἂν
911 783 1024 856 ἔχοι
1057 801 1141 847 τις
1168 785 1372 848 εἰπεῖν,
1435 781 1782 852 ἀλλ-δαύτάρ-

201 899 270 953 κη
299 878 486 932 ταῦτα.
517 873 601 930 Τὰ
641 877 700 931 δὲ
743 879 979 948 στοιχεῖα
1013 875 1359 946 ἐσείσθησαν,
1393 873 1509 944 ἅμα
1545 875 1646 945 μὲν
1691 875 1784 927 καὶ

200 971 540 1045 Δημιουργδν
570 969 910 1040 ἐμφαίνοντα
940 965 1077 1024 εἶναι
1104 969 1196 1022 τὸν
1229 969 1530 1039 πάσχοντα,
1565 968 1681 1036 ἅμα
1726 966 1783 1021 δέ

201 1068 298 1120 καὶ
356 1063 621 1136 δηλοῦντα
673 1065 750 1128 ὡς
795 1063 1291 1134 μετακινηθήσεται
1349 1061 1418 1115 τὰ
1449 1061 1774 1131 πράγματα’

200 1162 292 1213 τὶν
336 1160 440 1228 γὰρ
475 1157 756 1228 σεισμὺνή
788 1158 978 1229 Γραφὴ
1014 1157 1107 1210 ἐπὶ
1165 1154 1264 1225 τῆς
1291 1154 1398 1209 τῶν
1439 1153 1784 1224 πραγμάτων

206 1249 546 1320 μεταθέσεως
603 1249 809 1304 τάττει.
857 1247 1110 1315 Ἐγένετο
1138 1243 1230 1298 οὖν
1267 1246 1300 1314 ἠ
1341 1243 1632 1315 μετάθεσις
1683 1242 1785 1312 τῆς

205 1339 301 1393 τοῦ
326 1338 456 1393 Θεοῦ
484 1339 815 1408 ἐπισκοπῆς,
837 1339 942 1392 ἀπὸ
972 1337 1079 1391 τῶν
1108 1337 1379 1390 Ἰουδαίων
1411 1337 1502 1389 ἐπὶ
1531 1335 1596 1388 τὰ
1618 1334 1745 1405 ἔθνη
1767 1349 1782 1363 ·

205 1433 302 1486 καὶ
334 1432 387 1482 αί
423 1431 642 1498 πέτραι,
690 1432 807 1502 ῆτοι
834 1431 892 1484 al.
930 1429 1123 1482 λίθινοι
1153 1428 1369 1499 καρδίαι
1394 1429 1502 1480 τῶν
1533 1426 1783 1492 ἐθνικῶν,

207 1520 555 1590 ἐσχίσθησαν,
579 1524 676 1572 καὶ
713 1518 1038 1585 ὑπεδέξαντο
1056 1520 1146 1572 τὸν
1165 1519 1264 1588 τῆς
1277 1519 1534 1588 ἀληθείας
1561 1519 1785 1588 σπόρον,

209 1614 304 1666 καὶ
320 1611 366 1664 οἱ
387 1613 781 1683 νενεκρωμένοι
800 1615 918 1674 ταῖς
943 1615 1242 1683 ἁμαρτίαις
1281 1611 1666 1681 ἐξανέστησαν,
1693 1611 1787 1662 καὶ

210 1700 367 1775 ἦλθον
399 1706 475 1766 είς
504 1703 601 1774 τὴν
636 1703 796 1772 ἁγίαν
853 1703 1030 1768 πόλιν,
1088 1705 1186 1772 τὴν
1250 1703 1362 1756 ἄνω
1404 1700 1786 1771 Ἰερουσαλὴμ,

213 1800 302 1850 καί
325 1795 746 1866 ἐνεφανίσθησαν
776 1797 886 1858 τοϊς
910 1794 1144 1861 πολλοῖς,
1167 1797 1275 1858 τοῖς
1293 1794 1378 1847 διὰ
1405 1794 1504 1862 τῆς
1529 1792 1788 1856 πλατείας

213 1889 326 1942 ὁδοῦ
361 1888 630 1942 ὁδεύουσιν
654 1906 666 1918 ·
701 1887 1126 1955 ἐμφανισθέντες
1181 1886 1235 1939 δὲ
1299 1885 1506 1951 αὐτοῖς,
1550 1885 1786 1956 ἀρχέτυο

219 1997 312 2033 πον
343 1981 521 2044 αὐτοῖς
548 1981 796 2048 ἐγένοντο
816 1979 1021 2048 ἀγαθοῦ
1055 1979 1169 2049 βίου
1201 1979 1293 2031 καὶ
1317 1978 1672 2047 ἐπιστροφῆς.
1721 1978 1784 2030 '0

1885 605 2062 667 batur,
2097 603 2194 675 Opi
2209 606 2363 660 licem
2387 620 2542 660 suum
2561 619 2708 671 esse,
2739 613 2796 659 et
2821 605 3053 660 futuram
3089 606 3241 676 161
3277 620 3457 660 rerum

1887 695 2425 750 transmutationem.
2471 693 2752 764 Scriptura
2799 696 2942 750 enim
2981 706 3139 752 terra:
3169 706 3370 751 motum
3402 696 3464 748 in.

1887 801 2065 840 rerum
2099 786 2422 841 alteratione
2450 785 2811 854 pouit.FaCta
2864 787 3028 856 igitur
3083 797 3168 844 est
3235 787 3460 842 mutatio

1885 879 2209 933 visitationis
2261 877 2352 933 Dei
2380 893 2407 930 a
2433 875 2632 933 Iudaeis
2671 879 2726 932 in
2785 887 2992 948 gentes.
3036 879 3101 933 Et
3131 887 3316 949 petrae,
3359 879 3462 934 hoc

1884 983 1989 1036 est,
2027 969 2234 1040 lapidea
2261 970 2541 1040 gentilium
2566 971 2751 1034 corda,
2786 969 2954 1024 divisa
2985 979 3133 1032 sunt,
3177 979 3232 1024 et
3269 985 3458 1025 susce-

1886 1073 2083 1136 perunt
2103 1077 2288 1117 semen
2315 1063 2580 1117 veritatis.
2615 1063 2682 1118 Et
2707 1063 2902 1117 mortui
2939 1063 3176 1132 peccatis
3203 1076 3461 1117 surrexe-

1885 1165 2029 1222 runt,
2060 1166 2113 1210 et
2145 1167 2406 1209 venerunt
2447 1155 2498 1209 in
2554 1156 2832 1210 civitatem
2855 1163 3121 1217 sanctam,
3171 1168 3464 1220 supernam

1887 1247 2030 1301 illaut
2065 1245 2384 1310 Jerusalem,
2413 1257 2892 1317 apparueruutque
2924 1245 3107 1299 multis
3153 1261 3248 1314 per
3293 1244 3462 1317 latam

1886 1340 2027 1393 viam
2053 1339 2446 1403 incedentibus,
2465 1345 2520 1393 et
2543 1349 2868 1408 apparentes
2894 1337 3175 1404 exemplar
3199 1335 3304 1390 illis
3330 1335 3461 1389 facti

1886 1439 2012 1498 sunt
2053 1431 2176 1484 vita:
2206 1432 2357 1486 bonae
2406 1439 2459 1486 el
2491 1429 2882 1484 conversionis.
2919 1427 3051 1488 Nam
3109 1429 3200 1497 qui
3273 1426 3467 1481 viderit

1887 1524 2192 1593 quempiam
2243 1525 2391 1592 prius
2435 1523 2502 1578 ab
2567 1521 2944 1578 alfectionibus
3001 1521 3116 1577 suis
3167 1531 3464 1586 mortuum,

1888 1631 2319 1684 conversumque
2347 1624 2400 1668 et
2431 1615 2732 1683 ingressum
2774 1614 2824 1668 in
2861 1622 3108 1668 sanctam
3145 1613 3291 1668 illam
3345 1626 3466 1682 qua:

1889 1705 1940 1760 in
1969 1707 2121 1760 caelis
2151 1715 2235 1760 est
2279 1706 2575 1771 civitatem,
2635 1706 2880 1760 imitatur
2931 1704 3080 1760 illum
3121 1718 3216 1773 per
3258 1703 3464 1766 onmia,

1891 1799 2326 1868 convertiturquc
2355 1808 2406 1854 et
2433 1807 2567 1867 ipse.
2631 1799 2824 1854 Verum
2878 1799 2993 1854 haec
3026 1799 3099 1852 ita
3133 1796 3467 1853 intellexisse

1891 1889 2158 1943 curiosius
2191 1888 2369 1942 fuerit.
2398 1888 2476 1942 Tu
2509 1901 2688 1944 autem
2729 1903 2995 1960 cognosce
3024 1888 3165 1956 quod
3223 1895 3466 1941 mortuo-

1889 1997 2008 2036 rum
2045 1981 2392 2044 resurrectio,
2434 1994 2555 2050 quae
2593 1979 2736 2034 facta
2783 1991 2867 2036 est
2919 1981 2972 2033 in
3023 1993 3186 2034 cruce
3229 1977 3466 2042 Domini,

221 2075 322 2144 γὰρ
351 2073 471 2126 ίδὼν
503 2078 596 2126 τὸν
632 2071 824 2144 πρώην
851 2071 1263 2142 νεκεκρωμένον
1297 2069 1403 2123 ὑπὸ
1442 2068 1550 2121 τῶν
1579 2068 1792 2134 παθῶν,

1904 2072 2204 2144 ιίεηίθραιίι
2227 2081 2281 2128 et
2308 2087 2516 2140 eorum,
2541 2075 2655 2143 qui,
2693 2073 2746 2127 in
2773 2073 2983 2128 inferno
3015 2071 3233 2135 fuerint,
3266 2069 3467 2124 libera-

224 2163 610 2236 ἐπιστραφέντα
641 2165 735 2218 καὶ
769 2163 1062 2222 ἀνελθόντα
1094 2165 1173 2227 είς
1203 2161 1301 2232 τὴν
1332 2162 1492 2230 ἁγίαν
1519 2162 1578 2213 ἐν
1630 2161 1791 2232 οὐρα.

1890 2167 2111 2222 tionem.
2146 2165 2523 2234 Apparuerunt
2551 2175 2729 2220 autem
2770 2165 2956 2220 multis
2988 2163 3078 2234 qui
3107 2171 3232 2216 tunc
3281 2174 3468 2228 resur-

227 2259 326 2320 νοῖς
348 2255 515 2321 πόλιν,
542 2258 790 2328 μιμεῖται
812 2255 972 2309 αὐτὸν
990 2255 1229 2320 πάντως,
1254 2253 1348 2307 καὶ
1365 2252 1681 2323 ἐπιστρέφει
1700 2254 1796 2306 καὶ

1904 2267 2165 2323 'exeruut,
2197 2267 2255 2314 ut
2291 2273 2362 2312 ne
2405 2259 2729 2328 phantasma
2763 2273 2882 2314 esse
2911 2261 3183 2312 videretur
3199 2255 3349 2326 quod
3373 2252 3469 2307 lie-

231 2348 392 2412 αὑτός.
423 2347 607 2401 Ταῦτα
649 2348 748 2418 μὲν
771 2343 866 2400 οὖν
899 2346 1321 2417 περιεργότερον
1355 2343 1552 2416 ἐνοήθη
1579 2361 1594 2377 ο
1633 2345 1696 2398 σὺ
1736 2343 1795 2397 δὲ

230 2439 444 2507 γίιωσκε
478 2441 564 2493 ὅτι
593 2440 628 2509 ἡ
658 2439 766 2491 τῶν
797 2437 1008 2510 νεκρῶν
1039 2437 1281 2507 ἐγερσις,
1315 2437 1348 2506 ἡ
1383 2438 1439 2488 ἐν
1460 2435 1536 2506 τῷ
1569 2434 1788 2506 σταυρῷ

232 2527 312 2581 τοῦ
356 2529 554 2598 Κυρίου
581 2529 874 2598 γενομένη,
907 2526 1097 2598 ἐδήλου
1131 2525 1224 2578 καὶ
1276 2525 1385 2577 τῶν
1437 2526 1497 2578 ἐν
1554 2524 1632 2594 τῷ
1685 2525 1786 2596 ᾅδῃ

231 2620 397 2692 ψυχῶν
427 2622 523 2692 τὴν
545 2621 878 2691 ἐλευθερίαν.
925 2620 1207 2689 Ὠφθησαν
1233 2619 1290 2671 δὲ
1322 2618 1537 2681 πολλοῖς
1567 2619 1617 2672 οἱ
1658 2618 1790 2672 ἀνα-

232 2716 432 2779 στάντες
463 2715 608 2778 τότε,
646 2715 734 2768 ἵνα
767 2713 841 2785 μὴ
864 2711 988 2783 δόξῃ
1018 2713 1312 2781 φάντασμα
1346 2706 1486 2764 εἶναι
1536 2709 1598 2764 τὸ
1639 2711 1790 2781 γενό-

1890 2349 2000 2404 bat.
2038 2347 2475 2405 llesurrexerunt
2509 2359 2690 2406 autem
2743 2350 2818 2404 illi
2853 2359 3057 2404 tantum
3105 2347 3238 2417 signi
3271 2344 3468 2415 gratia,

1897 2438 2354 2510 manifestumque
2382 2452 2466 2496 est
2499 2443 2648 2507 illud,
2678 2445 2818 2510 quod
2847 2444 3043 2496 iterum
3081 2439 3300 2494 mortui.
3341 2435 3472 2502 Qui-

1897 2532 2018 2586 dam
2044 2543 2222 2587 autem
2248 2534 2438 2588 dicunt
2476 2538 2620 2604 quod
2647 2545 2928 2604 postquam
2991 2535 3244 2588 Christus
3289 2544 3472 2585 resur-

1901 2622 2059 2688 rexit,
2111 2628 2509 2680 resurrexerint
2535 2628 2710 2690 etilli,
2742 2642 2841 2680 nec
2887 2634 3068 2692 postea
3098 2641 3201 2678 moi
3219 2621 3293 2677 tui
3327 2621 3470 2678 sint:

1897 2713 1989 2767 sed
2027 2717 2211 2769 nescio
2247 2731 2313 2769 an
2343 2717 2446 2771 hoc
2469 2718 2540 2771 sit
2576 2718 2968 2786 recipiendum.

233 2827 373 2879 μενον
409 2825 425 2842 ⁸
459 2809 770 2880 ἀνέστησαν
821 2807 877 2861 δὲ
933 2802 1101 2870 οὗτοι,
1152 2805 1313 2874 Χάριν
1371 2803 1465 2858 τοῦ
1533 2804 1760 2875 σημείου
1802 2823 1816 2835 ⁸
1852 2807 2117 2877 πρόδηλον
2148 2811 2204 2863 δὲ
2261 2810 2344 2862 ὅτι
2375 2811 2538 2863 πάλιν
2583 2811 2902 2881 τεθνήκασι.
2967 2807 3121 2867 Τινὲς
3170 2805 3227 2856 (Σὲ
3281 2802 3476 2870 λέγου-

233 2923 303 2959 σιν
320 2906 397 2960 δτι
424 2905 562 2977 μετὰ
599 2907 662 2956 τὸ
688 2904 981 2974 ἀναστῆναι
1030 2901 1121 2955 τὸν
1155 2899 1413 2971 Χριστὸν,
1458 2900 1766 2973 ἀνέστησαν
1798 2904 1892 2955 καὶ
1955 2898 2125 2970 οὗτοι,
2155 2906 2251 2958 καὶ
2289 2907 2390 2960 οὐκ
2417 2906 2498 2959 ἐτι
2559 2907 2848 2971 ἀπέθανον,
2879 2904 3039 2958 τοῦτο
3091 2902 3148 2956 δὲ
3209 2901 3311 2956 οὐκ
3358 2893 3477 2952 οἶδα

231 3001 270 3052 εί
289 2999 362 3052 δεῖ
389 2997 810 3069 παραδέχεσθαι.
1009 3055 1018 3062 _

295 3118 312 3150 ι
336 3097 393 3153 Ὀ
422 3097 480 3152 δὲ
511 3096 910 3167 ἑκατόνταρχος
939 3096 1033 3148 καὶ
1063 3095 1112 3148 οἱ
1137 3093 1254 3166 μετ’
1286 3093 1448 3148 αὑτοῦ
1504 3092 1796 3164 τηροῦντες

227 3189 307 3242 τὸν
348 3187 577 3259 Ἰησοῦν,
640 3187 838 3251 ἰδόντες
867 3187 956 3240 τὸν
995 3187 1218 3258 σεισμὸν
1249 3186 1340 3240 καὶ
1391 3187 1460 3239 τὰ
1508 3187 1795 3256 γενόμενα,

1977 3091 2140 3150 Vens.
2159 3093 2341 3149 54—56.
2373 3112 2392 3146 ι
2422 3093 2677 3149 Centurio
2707 3107 2850 3155 vero,
2873 3099 2926 3146 et
2953 3090 3044 3159 qui
3076 3104 3198 3144 cum
3224 3101 3288 3142 eo
3318 3089 3477 3141 erant

1904 3186 2269 3241 custodientes
2316 3183 2522 3250 Jcsum,
2571 3185 2687 3238 viso
2729 3193 2884 3237 terrse
2918 3189 3086 3246 motu,
3112 3189 3166 3236 et
3229 3178 3314 3234 his
3353 3191 3477 3248 qua:

228 3280 560 3351 ἐφοϐήθησαν
617 3279 842 3350 σφόδρα,
875 3278 1154 3346 λέγοντες*
1195 3277 1431 3347 Ἀληθῶς
1488 3277 1624 3330 Θεοῦ
1663 3278 1791 3341 Υἱδς

1904 3277 2044 3332 facta
2085 3279 2323 3344 fuerant,
2379 3279 2676 3332 timuerunt
2747 3275 2924 3336 valde,
2990 3274 3274 3329 dicentes:
3335 3268 3477 3324 Vere

222 3367 282 3443 ἦν
307 3366 482 3436 οὗτος.
510 3366 689 3426 Ἦσαν
709 3371 764 3424 δὲ
791 3372 908 3424 ἐκεῖ
931 3373 1190 3438 γυναῖκες
1222 3369 1436 3436 πολλαὶ,
1468 3369 1576 3422 ἀπὸ
1596 3369 1802 3440 μακρό-

220 3467 305 3518 θεν
347 3465 670 3534 θεωροῦσαι,
695 3464 898 3526 αἵτινες
941 3462 1316 3535 ἠκολούθησαν
1349 3461 1427 3531 τῷ
1459 3459 1636 3532 Ἰησοῦ
1685 3460 1800 3514 ἀπὸ

218 3558 316 3624 τῆς
345 3551 635 3618 Γαλιλαίας
662 3553 1011 3608 διακονοῦσαι
1037 3550 1207 3623 αὐτῷ,
1244 3553 1302 3604 ἐν
1330 3546 1419 3615 αἷς
1451 3545 1518 3622 ἧν
1548 3551 1738 3622 Μαρία
1767 3549 1800 3619 ἡ

214 3647 575 3718 Μαγδαληνὴ,
639 3647 735 3700 καὶ
768 3643 959 3716 Μαρία
990 3645 1136 3716 ἡτοῦ
1194 3642 1449 3697 Ἰακώϐου
1510 3641 1602 3696 καὶ
1643 3640 1801 3710 Ἰωσῆ

219 3742 428 3810 μήτηρ,
457 3738 554 3791 καὶ
609 3739 641 3808 η
675 3737 858 3808 μήτηρ
883 3736 994 3788 τῶν
1049 3735 1179 3788 υἱῶν
1207 3734 1516 3789 Ζεϐεδαίου.
1542 3753 1560 3785 ι
1612 3732 1671 3787 'U
1705 3731 1803 3804 μὲν

216 3833 432 3894 ἐθνικὸς
479 3831 896 3900 ἑκατόνταρχος,
930 3827 1037 3885 ἀπὸ
1096 3825 1204 3881 τῶν
1253 3826 1493 3897 σημείων
1555 3825 1804 3879 πιστεύει

218 3927 320 3979 σὺν
341 3927 451 3986 τοῖς
482 3923 607 3995 περὶ
638 3923 802 3977 αὐτόν
837 3937 851 3952 ·
882 3923 932 3975 οἱ
972 3921 1029 3975 δὲ
1090 3921 1386 3992 προφητῶν
1441 3919 1807 3974 κατακούσανο

216 4033 312 4080 τες
340 4017 432 4068 καὶ
464 4015 628 4085 νόμου
659 4013 929 4080 Ἰουδαῖοι,
964 4015 1182 4069 ἄπιστοι
1234 4014 1454 4084 μένουσι
1488 4029 1504 4046 ο
1539 4013 1796 4067 τοσοῦτόν

219 4114 367 4161 ἐστιν
400 4109 433 4178 ἡ
461 4105 696 4176 πονηρία
747 4107 939 4160 κακόν·
1004 4105 1100 4158 καὶ
1133 4107 1485 4178 ἐμαρτύρησε
1533 4103 1590 4158 δὲ
1625 4105 1652 4158 ὁ
1679 4104 1808 4158 έκα-

220 4200 516 4269 τόνταρχος
568 4191 722 4262 οὗτος
753 4197 897 4268 ὑπὲρ
923 4196 1160 4266 Χριστοῦ
1191 4195 1435 4268 ὕστερον.
1463 4195 1722 4259 Γυναῖκες
1750 4194 1808 4249 δὲ

223 4291 528 4360 θεωροῦσαι
546 4291 612 4344 τὰ
632 4289 924 4360 γενόμενα,
949 4290 1004 4343 αἱ
1026 4288 1258 4359 μάλιστα
1285 4289 1500 4343 πάντων
1527 4287 1807 4359 συμπαθέα

227 4397 454 4449 στεραι,
507 4379 600 4434 καὶ
668 4379 729 4434 τδ
777 4381 936 4448 γένος
1001 4379 1064 4433 τὸ
1117 4377 1488 4452 κατακριθὲν,
1545 4377 1807 4432 ἀπολαύει

227 4473 444 4542 πρῶτον
473 4472 574 4542 τῆς
607 4472 716 4526 τῶν
741 4472 964 4540 ἀγαθῶν
994 4471 1230 4542 θεωρίας
1262 4488 1275 4503 ·
1307 4471 1401 4525 καὶ
1429 4472 1478 4526 οἱ
1503 4470 1602 4542 μὲν
1633 4471 1808 4542 μαθη-

228 4569 317 4621 ταὶ
345 4566 660 4634 φεύγουσιν,
685 4567 740 4620 αἱ
770 4565 825 4620 δὲ
853 4566 1108 4634 γυναῖκες
1158 4563 1510 4635 καρτεροῦσι.
1589 4565 1808 4636 Μαρίαν

229 4662 287 4714 δὲ
315 4660 572 4713 Ἰακώϐου
598 4659 692 4712 καὶ
739 4659 896 4729 Ἰωσῆ
925 4658 1157 4729 μητέρα,
1186 4657 1283 4729 τὴν
1311 4657 1572 4712 Θεοτόκον
1621 4657 1808 4726 λέγει’

229 4756 257 4807 ὁ
291 4753 396 4824 γὰρ
437 4753 686 4816 Ἰάκωϐος
734 4752 826 4806 καὶ
855 4752 1040 4822 Ἰωσῆς
1061 4751 1155 4805 τοῦ
1197 4749 1392 4819 Ἰωσὴφ
1427 4747 1567 4823 ἦσαν
1613 4749 1802 4812 παῖδες

231 4849 335 4900 ἀπὸ
363 4847 458 4918 τῆς
481 4846 752 4917 προτέρας
769 4843 932 4898 αὑτοῦ
954 4843 1232 4911 γυναικός.
1271 4840 1428 4894 Ἐπεὶ
1454 4839 1545 4894 οῦν
1566 4841 1599 4910 ή
1623 4838 1813 4892 Θεοτό-

234 4957 327 5003 κος
374 4939 512 5007 γυνὴ
553 4937 767 5006 ἐλέγετο
797 4934 890 4990 τοῦ
934 4934 1152 5005 Ἰωσὴφ,
1177 4931 1402 4996 εἰκότως
1436 4930 1657 4985 καὶτῶν
1692 4927 1814 4981 παί-

233 5035 335 5085 δων
364 5031 530 5084 αὑτοῦ
563 5033 743 5101 μήτηρ
774 5031 891 5102 ῆτοι
926 5028 1167 5100 μητρυιὰ.
1190 5026 1444 5094 ἐλέγετο·
1475 5026 1508 5090 ἠ
1533 5023 1591 5078 δὲ
1629 5023 1812 5094 μήτηρ

233 5124 337 5177 τῶν
382 5123 515 5177 υἱῶν
574 5123 882 5186 Ζεϐεδαίου,
948 5121 1187 5192 Σαλώμη
1255 5119 1537 5173 ἐκαλεῖτο·
1591 5117 1724 5186 φασὶ
1756 5116 1812 5170 δὲ

240 5218 328 5270 καὶ
375 5215 580 5288 ταύτην
639 5215 917 5287 θυγατέρα
943 5209 1079 5268 εἶναι
1111 5213 1206 5268 τοῦ
1249 5213 1468 5284 Ἰωσήφ.

318 5308 504 5377 Ὀψίας
532 5308 588 5360 δὲ
636 5307 956 5379 γενομένης,
984 5298 1147 5378 ἦλθεν
1214 5303 1498 5376 ἄνθρωπος
1560 5301 1814 5366 πλούσιος

240 5401 342 5456 ἀπὸ
403 5398 786 5470 ’Δριμαθαίας,
837 5395 1076 5467 τοῦνομα
1142 5394 1451 5466 Ἰωσὴφ,δς
1483 5393 1578 5447 καὶ
1643 5392 1808 5456 αὐτὸς

241 5492 580 5563 ἐμαθήτευσε
609 5491 688 5562 τῷ
737 5489 938 5561 Ἰησοῦ.
990 5481 1160 5552 Οὗτος
1192 5485 1504 5558 προσελθὼν
1536 5485 1614 5556 τῷ
1655 5485 1815 5539 Πιλά-

243 5603 337 5658 τῳ,
377 5587 622 5657 ᾐτήσατο
642 5584 703 5638 τὸ
736 5586 895 5652 σῶμα
929 5581 1024 5636 τοῦ
1067 5579 1267 5650 Ἰησοῦ.
1320 5579 1453 5634 Τότε
1505 5582 1534 5634 δ
1583 5578 1815 5644 Πιλᾶτος

243 5678 524 5731 ἐκέλευσεν
558 5673 896 5745 ἀποδοθῆναι
925 5675 989 5728 τὸ
1028 5674 1187 5744 σῶμα
1217 5690 1231 5706 ·
1259 5672 1354 5727 καὶ
1379 5671 1560 5724 λαϐὼν
1597 5670 1658 5723 τὸ
1707 5671 1816 5723 σῶ-

247 5788 316 5840 μα
337 5773 365 5824 ό
399 5769 626 5840 Ἰωσὴφ,
693 5767 994 5833 ἐνετύλιξεν
1042 5766 1175 5820 αὐτὸ
1208 5765 1402 5820 σινδόνι
1454 5763 1690 5834 καθαρᾷ,
1719 5763 1816 5816 καὶ

245 5861 437 5934 ἔθηκεν
467 5859 598 5916 αὐτὸ
622 5860 679 5915 ἐν
709 5860 785 5932 τῷ
841 5859 1011 5932 καινῷ
1053 5857 1216 5914 αὐτοῦ
1253 5857 1524 5930 μνημείῳ,
1556 5854 1584 5909 ὃ
1631 5855 1813 5908 ἐλατό-

1903 3369 2071 3424 Filius
2133 3370 2227 3425 Dei
2277 3379 2396 3425 erat
2448 3368 2570 3424 iste.
2634 3367 2798 3422 Erant
2853 3376 3035 3420 autem
3092 3364 3166 3418 ibi
3222 3361 3478 3417 mulieres

1904 3463 2086 3516 multa:
2116 3479 2146 3519 e
2171 3463 2462 3534 longinquo
2516 3469 2842 3531 spectantes,
2875 3472 2996 3527 quae
3044 3464 3243 3510 secutae
3271 3455 3480 3508 fuerant

1903 3555 2089 3610 Jesum
2141 3571 2171 3609 a
2201 3554 2442 3621 Galilzea,
2475 3555 2846 3608 ministrantes
2873 3550 2944 3616 ei,
2990 3549 3134 3604 inter
3169 3561 3303 3616 quas
3358 3553 3479 3600 erat

1907 3646 2072 3702 Maria
2123 3647 2456 3717 Magdalene,
2497 3655 2550 3698 et
2582 3643 2747 3697 Maria
2777 3641 2987 3708 Jacobi,
3028 3651 3081 3696 et
3123 3638 3254 3695 Jose
3283 3647 3475 3703 mater,

1906 3749 1963 3796 et
1987 3751 2157 3795 mater
2185 3739 2417 3796 ﬁliorum
2458 3736 2725 3792 Zebedmi.
2755 3754 2774 3787 ι
2806 3733 3066 3788 Centurio
3105 3734 3267 3787 homo
3299 3729 3480 3786 ethni-

1907 3845 2005 3887 cus
2037 3846 2067 3882 a
2097 3829 2268 3900 signis
2295 3828 2471 3884 credit
2495 3843 2619 3882 cum
2658 3830 2741 3880 his
2776 3825 2868 3896 qui
2901 3839 3084 3880 secum
3151 3831 3307 3877 erant
3339 3839 3351 3875 :
3387 3818 3482 3874 Ju-

1909 3922 2006 3977 dazi
2033 3931 2212 3975 autem
2238 3920 2328 3990 qui
2356 3920 2526 3990 legem
2556 3931 2610 3972 et
2633 3919 2929 3985 prophetas
2964 3915 3271 3976 audierant,
3300 3912 3479 3966 incre-

1910 4015 2018 4071 duli
2039 4024 2278 4068 manent.
2294 4013 2524 4067 Tantum
2551 4011 2746 4064 malum
2769 4007 3196 4077 estmalignitas.
3213 4004 3276 4058 Et
3295 4015 3484 4072 postea

1910 4105 2226 4176 martyrium
2261 4104 2477 4176 pertulit
2519 4103 2604 4157 hic
2630 4100 2878 4157 centurio
2925 4105 3148 4167 propter
3179 4094 3478 4150 Christum.

1909 4179 2158 4254 Mulieres
2213 4211 2343 4252 vero
2401 4201 2706 4266 spectantes
2733 4208 2794 4247 ea
2827 4206 2948 4261 quae
2999 4190 3218 4254 ﬁebant,
3249 4196 3307 4242 ut
3355 4193 3484 4242 sunt

1909 4288 2458 4360 compatieutissimze,
2509 4295 2563 4342 et
2617 4299 2779 4339 sexus
2827 4282 3254 4347 condemnatus,
3297 4279 3485 4349 primae

1913 4383 2169 4438 fruuntur
2194 4381 2460 4438 bonorum
2493 4378 2970 4448 contemplatione.
2995 4375 3060 4429 Et
3093 4371 3341 4440 discipuli
3367 4371 3490 4440 qni-

1911 4476 2032 4530 dem
2063 4472 2298 4543 fugiunt,
2335 4471 2586 4526 mulieres
2635 4480 2814 4524 autem
2877 4467 3043 4521 fortes
3087 4474 3232 4520 sunt.
3259 4462 3486 4516 Mariam

1841 4598 1886 4655 D
1915 4577 2095 4621 autem
2128 4573 2354 4618 matrem
2381 4561 2568 4618 Jacobi
2595 4570 2650 4616 et
2689 4560 2837 4624 Jose,
2866 4558 3149 4628 Deiparam
3211 4553 3365 4607 dicit.
3394 4549 3490 4603 Ja-

1915 4657 2082 4714 eobns
2117 4658 2261 4712 enim
2293 4665 2346 4712 et
2373 4654 2527 4710 loses
2551 4653 2643 4706 ﬁlii
2675 4661 2830 4707 erant
2867 4648 3070 4719 Joseph
3099 4664 3128 4702 e
3158 4647 3340 4717 priore
3369 4642 3488 4712 ejus

1916 4764 2104 4805 uxore.
2139 4747 2338 4803 Verum
2358 4747 2486 4817 quia
2507 4745 2738 4814 Deipara
2766 4758 2902 4797 uxor
2951 4737 3487 4814 Josephdicebatur,

1915 4844 2108 4900 merito
2167 4851 2222 4898 et
2258 4841 2488 4895 liliorum
2518 4839 2636 4909 ejus
2689 4837 2969 4892 dicebatur
3019 4842 3211 4895 mater,
3258 4831 3361 4884 hoc
3407 4836 3490 4882 est

1916 4948 2167 4990 noverca.
2213 4933 2385 4987 Mater
2445 4939 2628 4986 autem
2679 4929 2913 4984 ﬁliorum
2973 4924 3218 4980 Zebedmi
3273 4919 3491 4976 Salome

1915 5029 2221 5096 dicebatur,
2242 5041 2403 5096 quam
2437 5033 2492 5082 et
2520 5026 2687 5097 ipsam
2716 5019 2912 5090 Ioseph
2951 5019 3112 5074 tiliam
3141 5015 3311 5070 aiunt.

1985 5289 2151 5350 Vens.
2195 5289 2386 5348 57-6l.
2439 5307 2458 5341 ι
2497 5287 2736 5358 Vespere
2767 5293 2944 5339 autem
2974 5282 3118 5338 facto
3185 5280 3335 5336 venit
3391 5279 3494 5336 ho-

1917 5403 2005 5443 mo
2029 5386 2176 5441 dives
2213 5385 2280 5439 ab
2343 5379 2695 5446 Arimathzea,
2734 5377 2952 5432 nomine
3014 5375 3233 5442 .loseph,
3257 5383 3310 5430 et
3378 5375 3492 5444 ipse

1915 5477 2210 5548 discipulus
2238 5476 2414 5530 fuerat
2449 5472 2600 5528 Jesu.
2640 5470 2736 5526 llic
2777 5469 3006 5524 accessit
3047 5467 3109 5521 ad
3141 5465 3394 5528 Pilatum,
3429 5479 3492 5521 ac

1916 5570 2208 5644 postulavit
2250 5580 2446 5636 corpus
2476 5563 2631 5620 Jesu.
2664 5562 2817 5616 Tunc
2867 5561 3070 5615 Pilatus
3123 5558 3285 5629 jussit
3340 5558 3493 5611 reddi

1915 5678 2133 5734 corpus.
2169 5660 2381 5715 Etcum
2437 5659 2733 5726 accepisset
2772 5670 2964 5724 cerpus
3015 5651 3238 5720 Ioseph,
3271 5649 3492 5702 involvit

1915 5733 2128 5814 illud-oin
2165 5754 2391 5810 sindone
2435 5752 2652 5815 munda,
2711 5750 2994 5820 posuitque
3029 5747 3158 5800 illud
3187 5747 3237 5796 in
3304 5757 3493 5794 tuonu-

1917 5861 2097 5908 meuto
2125 5865 2222 5905 suo
2252 5863 2411 5916 novo,
2444 5847 2585 5918 quod
2608 5845 2880 5901 exciderat
2913 5843 2964 5898 in
2994 5852 3166 5912 petra,
3194 5849 3247 5892 et
3326 5835 3490 5888 advo-
