3968 6460
531 401 643 467 475

1393 403 1980 466 THEOPHYLACTI
2013 403 2433 465 BULGARUE
2479 401 2842 464 ARCHIEP.

3661 403 3744 469 ίῖθ

537 517 651 573 luto
691 529 822 570 savo
857 515 1057 583 ingenti
1088 515 1151 568 ad
1173 517 1373 572 ostium
1412 518 1769 580 monumenti,
1798 518 1953 572 abiit.
1987 516 2117 570 Erat

2231 533 2398 588 μησεν
2425 517 2484 570 ἐν
2511 515 2577 586 τῇ
2609 513 2808 585 πέτρᾳ.
2872 509 2984 564 Καὶ
3032 507 3396 581 προσκυλίσας
3439 508 3572 565 λίθον
3616 517 3755 583 μέγαν

541 623 721 664 utettt
755 609 824 662 ibi
861 603 1023 662 Maria
1057 608 1388 680 Magdalene,
1433 620 1488 664 et
1513 609 1685 662 altera
1761 609 1919 680 162
1953 607 2118 661 Maria

537 703 790 757 sedentes
847 713 1036 756 contra
1078 703 1406 770 sepulcrum.
1445 721 1464 754 ο
1507 701 1859 756 Deliteseebat
1901 701 2118 770 quidem

539 797 664 850 olim
701 793 924 860 .luseph,
953 810 1092 847 nunc
1116 803 1297 847 autem
1337 809 1588 864 magnam
1618 809 1729 848 rem
1793 792 1980 856 audet,
2026 807 2122 863 po-

540 901 678 942 nens
699 887 934 940 animam
962 903 1113 942 suam
1147 902 1243 955 pro
1265 901 1492 955 corpore
1523 886 1789 954 magistri,
1825 895 2118 955 tantasque

542 981 860 1035 inimicitias
885 979 1196 1035 Judmorum
1238 978 1563 1048 suscipiens.
1599 977 1770 1033 Porro
1801 993 1899 1047 pro
1927 991 2122 1048 magno

541 1077 684 1131 dono
709 1076 964 1128 donatum
1004 1081 1088 1129 est
1153 1073 1226 1127 illi
1252 1087 1450 1142 corpus
1473 1069 1600 1126 Jesu
1664 1089 1677 1125 :
1732 1086 1855 1124 nam
1906 1085 2028 1124 cum
2066 1078 2126 1124 ut

539 1163 832 1220 seditiosus
853 1174 997 1218 esset
1043 1164 1259 1220 occisus
1302 1161 1580 1227 Christus,
1632 1160 1897 1230 reliquum
1924 1170 2123 1216 eratut

540 1257 846 1326 insepultus
889 1258 1084 1312 merito
1117 1257 1466 1326 abjiceretur.
1498 1254 1696 1309 Verum
1749 1270 1872 1310 cum
1922 1255 2122 1323 .Ioseph

541 1350 693 1407 dives
735 1361 898 1414 esset,
959 1349 1257 1406 verisimile
1297 1348 1548 1419 estquod
1578 1347 1752 1402 Pilato
1809 1361 2002 1400 aurum
2029 1346 2125 1401 de-

542 1444 701 1500 derit.
742 1442 975 1498 Proinde
1009 1458 1210 1514 corpus
1255 1441 1400 1512 quod
1454 1449 1761 1509 acceperat,
1825 1438 2125 1494 honoriﬁce

541 1540 784 1587 tractans
821 1533 873 1586 in
907 1533 1156 1602 sepulcro
1188 1547 1328 1586 novo
1359 1531 1682 1598 recondidit,
1711 1531 1762 1584 in
1807 1545 1917 1601 quo
1945 1530 2123 1586 nullus

543 1641 778 1695 tmquam
815 1629 1022 1694 positus
1055 1636 1217 1679 erat:
1249 1625 1300 1680 id
1329 1625 1471 1695 quod
1501 1625 1682 1679 divina
1718 1623 2126 1692 dispensatione

543 1717 768 1783 factum,
801 1733 868 1771 ne
891 1734 1014 1772 cum
1044 1719 1436 1773 resurrexisset
1462 1717 1747 1778 Dominus.
1785 1729 1970 1786 posset
2003 1719 2126 1787 quis

543 1811 725 1865 dicere
757 1811 901 1880 qttud
935 1811 1074 1865 alius
1113 1821 1239 1865 ante
1268 1827 1393 1866 eum
1447 1810 1692 1881 sepultus
1725 1811 1836 1866 illic
1875 1821 2125 1866 mortuus

543 1901 938 1956 resurrexisset
965 1917 979 1954 :
1005 1910 1059 1953 et
1087 1900 1291 1955 idcirco
1310 1899 1413 1954 fuit
1444 1911 1856 1954 monumentum
1904 1916 2120 1954 navum.

545 1991 712 2046 Maria
751 2001 927 2046 autem
971 1991 1304 2057 Magdalene,
1351 2003 1405 2046 et
1429 1991 1596 2046 altera
1651 1992 1840 2055 Maria,
1891 1993 1994 2047 hoc
2047 2001 2132 2048 est

546 2082 778 2151 Deipara
814 2099 976 2154 quam
1003 2101 1162 2154 supra
1197 2086 1411 2139 dixerat
1433 2083 1562 2140 .Iose
1581 2084 1838 2141 etJacobi
1878 2096 2128 2149 matrem,

544 2177 718 2230 amba:
748 2177 1067 2232 assederunt
1092 2177 1157 2231 ad
1187 2177 1514 2244 sepulturam
1553 2194 1567 2232 :
1602 2179 1673 2230 ita
1715 2188 1776 2231 ut
1825 2191 1950 2230 cum
1983 2176 2134 2231 furor

543 2267 855 2322 Judazorum
897 2279 1164 2332 cessaret,
1193 2269 1406 2324 abirent
1428 2278 1481 2324 et
1509 2269 1967 2338 amplecterentur
2001 2285 2129 2324 cor-

547 2374 667 2429 pus.
737 2376 803 2415 ac
866 2363 1207 2432 inungerent.
1280 2363 1352 2417 De
1413 2362 1498 2416 his
1562 2363 1876 2418 mulieribus
1917 2363 2133 2417 dicebat

545 2450 713 2509 Isaias
743 2468 756 2506 :
794 2453 1044 2509 Mulieres
1068 2455 1347 2510 venientes
1369 2469 1396 2508 a
1429 2455 1757 2524 spectaculo,
1793 2459 1987 2515 venite.
2023 2470 2131 2509 non

543 2545 689 2599 enim
729 2545 957 2614 populus
986 2553 1068 2599 est
1095 2545 1301 2601 habens
1335 2546 1695 2600 intellectum.
1733 2544 2016 2601 Manil’este
2052 2547 2132 2598 lo-

543 2638 730 2707 quitur
758 2638 824 2692 tle
853 2636 1077 2693 Jttdaicu
1107 2640 1327 2710 populo,
1383 2639 1474 2709 qui
1531 2640 1884 2693 erueitixerat
1942 2640 2129 2694 Domi-

546 2747 698 2797 num,
735 2732 878 2801 quod
911 2746 1013 2786 non
1049 2732 1240 2785 habeat
1271 2731 1622 2786 intellectum.
1683 2732 1928 2784 Advocat
1965 2732 2131 2801 igitur

544 2824 824 2887 mulieres,
855 2833 917 2878 ut
948 2825 1202 2894 populum
1235 2825 1452 2894 quidem
1511 2822 1786 2878 intellectu
1847 2836 2126 2879 carentem

545 2914 1010 2984 derelinquerent,
1061 2915 1128 2969 ad
1183 2915 1460 2984 apostolos
1494 2925 1673 2970 autem
1705 2917 2050 2979 accederent,
2080 2927 2135 2972 et

542 3006 654 3064 illis
683 3008 1099 3063 resurrectionis
1126 3008 1468 3080 evangelium
1497 3008 1881 3078 praedicarent.

613 3183 778 3242 Vsus.
813 3185 1006 3242 62-66.
1073 3205 1092 3240 ι
1136 3187 1356 3243 Postera
1381 3197 1558 3244 autem
1594 3189 1683 3245 die
1713 3205 1834 3260 qutc
1881 3191 2132 3258 sequitur

543 3277 916 3347 Paraseeven,
951 3291 1320 3337 convenerunt
1373 3283 1648 3352 principes
1686 3283 2034 3336 sacerdotum
2071 3294 2126 3337 et

545 3371 807 3430 Pltaristei
839 3376 906 3429 ad
940 3374 1197 3439 Pilatum,
1229 3376 1512 3436 (licentes:
1555 3376 1805 3440 Domine,
1862 3377 2128 3432 recordati

543 3478 734 3522 sumus
774 3469 918 3536 quod
947 3469 1212 3537 impostor
1234 3469 1322 3522 ille
1351 3470 1489 3524 dixit
1517 3471 1695 3525 adhuc
1743 3471 1952 3535 vivens,
2004 3471 2132 3527 Post

543 3564 658 3614 tres
681 3558 797 3614 dies
841 3574 1147 3630 resurgam.
1179 3557 1316 3617 lube
1368 3575 1498 3629 ergo
1557 3562 1756 3616 muniri
1823 3562 2130 3630 sepulcrum

546 3667 716 3722 usque
749 3653 801 3707 in
831 3653 971 3709 diem
1019 3655 1262 3721 tertium,
1327 3670 1395 3711 ne
1429 3658 1644 3724 quando
1692 3656 1915 3711 veniant
1967 3657 2132 3712 disci-

547 3745 659 3816 puli
686 3743 806 3816 ejus
859 3756 1040 3810 noctn,
1075 3755 1128 3801 et
1152 3746 1402 3802 furentur
1433 3763 1581 3813 eum,
1633 3748 1924 3818 dicantque
1964 3749 2128 3816 plebi,

547 3837 801 3893 Surrexit
843 3855 871 3892 a
897 3841 1125 3894 mortuis
1159 3848 1255 3897 :et
1276 3842 1382 3894 erit
1412 3841 1744 3896 novissimus
1797 3856 1952 3896 error
1982 3841 2132 3910 pejor

543 3932 742 4002 priore.
768 3933 857 3987 Ait
885 3932 990 3987 illis
1025 3932 1230 3988 Pilatus
1267 3951 1282 3988 :
1319 3932 1541 3989 Habetis
1609 3935 1913 3990 Custodiam
1939 3977 1955 4001 ,
2035 3937 2128 4000 ite,

543 4027 754 4080 tnunite
783 4026 929 4082 sicut
958 4028 1136 4083 scitis.
1171 4025 1250 4081 llli
1276 4037 1458 4083 autem
1523 4029 1787 4084 abeuntes
1821 4029 2132 4083 munierunt

541 4118 873 4186 sepulcrum,
904 4119 1187 4188 obsignato
1212 4120 1408 4190 lapide,
1437 4121 1695 4177 adhibitis
1724 4123 2064 4178 custodibus.
2106 4140 2126 4176 ι

543 4205 662 4262 Non
705 4209 948 4263 nominat
998 4209 1322 4272 Sabbatum,
1383 4209 1679 4265 Sabbatum
1716 4229 1730 4266 :
1761 4226 1827 4265 eo
1850 4211 1992 4278 quod
2025 4227 2128 4266 non

539 4311 656 4354 erat
693 4300 994 4356 Sabbatnm
1021 4312 1283 4370 quantum
1316 4303 1382 4356 ad
1407 4301 1720 4357 Judaeorum
1755 4304 2020 4357 insaniam
2050 4313 2132 4356 at-

543 4394 773 4449 tinebat.
797 4393 933 4448 Cum
957 4395 1102 4450 enim
1128 4395 1212 4450 lex
1245 4395 1525 4465 praecipiat
1558 4411 1622 4448 ne
1643 4395 1768 4464 quis
1815 4410 1874 4450 se
1918 4405 2132 4450 moveat

541 4486 630 4540 die
655 4485 878 4541 Sabbati
913 4503 941 4541 a
990 4486 1109 4542 loco
1142 4503 1264 4551 suo,
1327 4487 1781 4556 praevaricatores
1803 4485 1971 4542 Judaei
2036 4503 2131 4542 va-

2157 1863 2200 1921 ll

2159 3219 2202 3276 C

2222 612 2286 680 τῇ
2318 608 2459 680 θύρᾳ
2486 608 2578 660 τοῦ
2609 605 2900 677 μνημείου,
2931 601 3209 674 ἀπῆλθενο
3249 597 3316 673 ἦν
3353 601 3408 654 δὲ
3459 602 3566 654 ἐκεῖ
3606 606 3756 676 Μαρία

2221 701 2254 770 ὴ
2289 697 2641 770 Μαγδαληνὴ,
2675 700 2770 751 καὶ
2801 697 2833 766 ἠ
2866 695 3002 765 άλλη
3041 693 3250 765 Μαρία,
3288 692 3581 763 καθήμεναι
3621 698 3749 749 ἁπὶν-

2227 809 2349 844 αντι
2379 789 2471 844 τοῦ
2503 791 2699 859 τάφου.
2723 808 2740 842 ι
2813 788 3150 858 Ἐκρύπτετο
3193 786 3289 856 μὲν
3323 785 3486 838 πάλαι
3521 789 3547 838 6
3577 787 3757 859 Ἰωσὴφ,

2224 883 2320 938 νῦν
2352 883 2408 936 δὲ
2451 884 2592 954 μέγα
2621 883 2854 952 πρᾶγμα
2879 879 3081 950 τολμᾷ,
3108 878 3277 941 τιθεὶς
3320 877 3415 949 τὴν
3445 878 3607 948 ψυχὴν
3630 883 3759 936 αὑτοῦ

2227 976 2376 1049 ὑπὲρ
2414 975 2508 1029 τοῦ
2540 973 2924 1028 διδασκαλικοῦ
2956 972 3232 1043 σώματος,
3267 970 3362 1024 καὶ
3411 970 3656 1042 τοσαύτην
3692 974 3762 1044 ἐχ.

2226 1067 2363 1140 θραν
2413 1068 2552 1139 πρὸς
2604 1067 2816 1128 πάντας
2886 1063 3174 1126 Ἰουδαίους
3227 1060 3634 1132 ἀναδεξάμενος.
3694 1065 3762 1128 Ὠς

2229 1161 2473 1232 μεγάλην
2494 1161 2550 1214 δέ
2591 1158 2820 1229 δωρεὰν,
2851 1157 3068 1212 δίδωσιν
3099 1155 3250 1228 αὐτῷ
3275 1154 3335 1207 τὸ
3362 1154 3517 1225 σῶμα
3561 1157 3586 1207 6
3629 1157 3760 1210 [ltiti-

2225 1269 2338 1318 τος.
2382 1253 2472 1317 Ὠς
2498 1253 2606 1323 γάρ
2636 1249 2963 1306 στασιαποῦ
2990 1249 3393 1311 θανατωθέντος
3418 1245 3508 1300 τοῦ
3545 1249 3762 1320 Χριστοῦ,

2229 1349 2457 1414 εἰκότως
2487 1347 2547 1402 τδ
2606 1348 2766 1417 σῶμα
2813 1347 2981 1400 αὑτοῦ
3016 1345 3244 1416 ἔμελλεν
3295 1343 3501 1412 ἄταφον
3545 1345 3764 1414 ῥιφῆναιο

2225 1441 2343 1495 ἀλλ’
2372 1444 2400 1494 ό
2471 1439 2672 1509 Ἰωσὴφ
2712 1437 2968 1502 πλούσιος
3024 1435 3122 1503 ὣν,
3159 1437 3308 1500 εἰκὸς
3355 1437 3436 1492 δτι
3483 1439 3570 1491 καὶ
3607 1438 3766 1491 ἔδωκεν

2227 1534 2294 1588 ἂν
2325 1532 2402 1604 τῷ
2433 1533 2650 1600 Πιλάτῳ
2681 1532 2924 1603 χρυσίον.
2968 1533 3080 1585 Kal.
3113 1529 3296 1583 λαὸὼν
3333 1531 3465 1600 τι.μᾷ
3491 1530 3612 1583 αὐτὸ
3635 1575 3649 1596 ,
3689 1548 3766 1583 κα-

2225 1624 2407 1687 ταθεὶς
2438 1626 2496 1676 ἐν
2531 1625 2784 1694 μνημείῳ
2813 1623 3011 1693 καινῷ,
3043 1624 3098 1676 ἐν
3124 1615 3168 1690 ᾧ
3197 1621 3412 1674 οὐδέπω
3457 1620 3618 1684 οὐδεὶς
3667 1623 3760 1675 ἐτέ-

2227 1718 2294 1789 θη
2321 1734 2333 1746 ·
2354 1719 2514 1770 τοῦτο
2541 1718 2596 1771 δὲ
2627 1718 2938 1788 οἰκονομίας
2963 1715 3096 1769 Θεοῦ
3129 1712 3220 1786 ἦν,
3291 1715 3383 1768 ἵνα
3415 1713 3508 1784 μὴ,
3538 1714 3768 1766 ἀναστὰν.

2226 1829 2318 1873 τος
2353 1810 2445 1862 τοῦ
2473 1811 2704 1878 Κυρίου,
2738 1809 2851 1879 ἔχοι
2876 1825 2962 1872 τις
3009 1810 3190 1861 εἰπεῖν
3231 1807 3314 1861 ὅτι
3350 1806 3505 1868 ἀλλος
3555 1808 3768 1877 πρότερον

2231 1904 2423 1972 ταφεὶς
2479 1903 2596 1955 ἐκεῖ
2624 1903 2816 1970 νεκρὸς
2853 1901 3080 1972 ἀνέστη.
3130 1899 3232 1954 Διά
3284 1899 3444 1953 τοῦτο
3492 1894 3579 1952 οὖν
3623 1898 3770 1951 καινὸν

2231 1997 2290 2048 τὸ
2318 1997 2598 2065 μνημεῖον.
2632 1994 2696 2046 Ἡ
2732 1994 2922 2062 Μαρία
2950 1994 3004 2046 δὲ
3037 1995 3068 2058 ἡ
3102 1992 3457 2063 Μαγδαληνὴ,
3490 1992 3625 2060 καὶὴ
3665 1988 3769 2062 άλλη

2232 2089 2440 2160 Μαρία,
2507 2089 2806 2152 τουτέστιν,
2875 2090 2909 2156 ἡ
2939 2088 3222 2150 Θεοτόκος,
3257 2090 3328 2158 ἦν
3357 2086 3602 2157 ἀνωτέρω
3620 2087 3771 2138 ἐκάλε-

2237 2198 2329 2234 σεν
2355 2180 2514 2250 τίωσῆ
2546 2183 2642 2234 καὶ
2691 2179 2956 2233 Ἰακώϐου
2989 2179 3222 2250 μητέρα,
3260 2173 3426 2232 αὗται
3465 2181 3518 2232 αἱ
3569 2177 3650 2231 δύο
3672 2177 3773 2230 x60-

2234 2291 2391 2342 ηνται
2438 2273 2698 2326 ἀπέναντι
2741 2272 2834 2326 τοῦ
2883 2272 3057 2340 τάφου
3117 2272 3599 2342 προσεδρεύουσαι,
3638 2271 3767 2337 ὥστε,

2235 2368 2284 2419 εἰ
2331 2367 2600 2420 παύσαιτο
2631 2369 2662 2436 ἡ
2694 2367 2886 2436 μανία,
2916 2367 3172 2419 ἀπελθεῖν
3206 2366 3302 2417 καὶ
3343 2363 3677 2434 περιχυθῆναι
3713 2362 3770 2432 τῷ

2237 2457 2475 2528 σώματι,
2507 2458 2601 2511 καὶ
2635 2459 2862 2527 μυρίσαι
2886 2457 3037 2512 αὑτό.
3069 2455 3204 2526 Περὶ
3237 2454 3351 2507 τῶν
3417 2452 3657 2506 τοιούτων
3699 2468 3772 2518 γυο

2236 2551 2438 2604 ναικῶν
2490 2551 2676 2618 ἔλεγεν
2736 2551 2988 2615 Ἡσαΐας·
3055 2549 3324 2610 Γυναῖκες
3378 2547 3646 2616 ἐρχόμεναι
3691 2542 3771 2596 ἀπὸ

2237 2643 2386 2706 θέας,
2421 2642 2575 2695 δεῦτε
2599 2661 2610 2673 ο
2642 2643 2701 2695 οὐ
2735 2642 2843 2713 γάρ
2862 2642 2985 2704 λαός
3019 2643 3164 2693 ἐστιν
3193 2640 3336 2709 ἔχων
3391 2637 3610 2690 σύνεσιν.
3640 2635 3771 2686 Φανε-

2241 2737 2348 2806 ρεῖ)ς
2393 2737 2500 2805 γάρ
2547 2734 2676 2806 περὶ
2706 2735 2801 2788 τοῦ
2850 2732 3144 2787 Ἰουδαῖκοῦ
3181 2730 3316 2784 λαοῦ
3352 2729 3445 2782 τοῦ
3477 2724 3771 2797 σταυρώσανο

2237 2847 2327 2892 τος
2353 2829 2442 2882 τὸν
2477 2829 2702 2898 Κύριον,
2741 2829 2888 2896 λέγει
2923 2828 3004 2880 ὅτι
3037 2826 3137 2880 οὐκ
3167 2825 3349 2894 έχουσι
3377 2822 3601 2876 σύνεσιν.
3633 2821 3771 2889 Προσ·

2238 2923 2479 2976 καλεῖται
2541 2921 2634 2975 οὖν
2675 2923 2877 2984 ταύτας
2930 2918 3252 2986 καταλεῖψαι
3299 2916 3400 2987 μὲν
3436 2915 3522 2970 τὸν
3562 2911 3771 2968 ἀσύνετον

2236 3019 2384 3078 λαὸν,
2423 3017 2737 3088 προσελθεῖν
2768 3015 2827 3068 δὲ
2857 3017 2970 3075 τοῖς
3012 3012 3363 3074 ἀποστόλοις,
3393 3011 3485 3064 καὶ
3534 3005 3770 3075 εὐαγγελί-

2238 3108 2432 3161 σασθαι
2467 3109 2651 3169 αὐτοῖς
2712 3106 2811 3174 τὴν
2867 3105 3184 3158 ἀνάστασιν.

2315 3221 2333 3252 ι
2361 3201 2438 3271 Τῇ
2470 3200 2526 3253 δὲ
2557 3198 2840 3272 ἐπαύριον,
2871 3197 2992 3268 ἥτις
3017 3197 3132 3249 ἐστὶ
3158 3194 3296 3265 μετά
3319 3196 3418 3264 τὴν
3443 3188 3771 3262 Παρασκευὴν,

2236 3290 2584 3360 συνήχθησαν
2633 3290 2682 3342 oi
2734 3288 3011 3358 ἀρχιερεῖς
3075 3287 3167 3340 καὶ
3240 3285 3291 3337 oi
3354 3285 3623 3352 Φαρισαῖοι
3668 3280 3772 3350 πρὸς

2235 3385 2488 3450 Πιλᾶτον,
2521 3384 2772 3451 λέγοντες
2800 3398 2813 3412 ο
2849 3381 3046 3450 Κύριε,
3111 3377 3474 3448 ἐμνήσθημεν
3498 3378 3576 3429 ὅτι
3610 3374 3773 3432 ἐκεῖνος

2233 3479 2262 3531 6
2293 3479 2494 3538 πλάνος
2529 3473 2681 3529 εἶπεν
2717 3475 2796 3527 ἔτι
2827 3473 2936 3536 ζῶν
2959 3489 2971 3502 ο
3001 3472 3158 3526 Μετὰ
3194 3475 3349 3541 τρεῖς
3378 3472 3579 3542 ἡμέρας
3608 3465 3774 3535 ἐγείρο-

2239 3589 2358 3646 μαι.
2402 3571 2670 3624 Κέλευσον
2701 3563 2794 3622 οὗν
2825 3566 3228 3636 ἀσφαλισθῆναι
3255 3565 3354 3618 τὸν
3384 3565 3548 3631 τάφον
3569 3560 3661 3622 ἓως
3699 3558 3775 3646 τῇς

2233 3667 2425 3738 τρίτης
2465 3663 2700 3734 ἡμέρας,
2735 3662 2946 3732 μήποτε
2979 3659 3225 3723 ἐλθόντες
3255 3659 3305 3710 oi
3369 3656 3599 3728 μαθηταὶ
3644 3648 3774 3705 αὑτοῦ

2233 3757 2446 3820 νυκτδς,
2475 3756 2750 3824 κλέψωσιν
2781 3753 2964 3819 αὑτὸν,
2999 3753 3092 3806 καὶ
3124 3753 3321 3805 εἴπωσι
3356 3751 3432 3820 τῷ
3454 3749 3581 3818 λαῷ,
3616 3746 3776 3814 Ἠγέρ-

2234 3851 2301 3920 θη
2369 3849 2478 3904 ἀπὸ
2522 3847 2629 3901 τῶν
2689 3847 2900 3916 νεκρῶν
2935 3846 3068 3899 ’καὶ
3116 3846 3269 3898 ἔσται
3306 3847 3340 3916 ἡ
3385 3843 3579 3912 ἐσχάτη
3635 3839 3774 3906 πλάνη

2233 3941 2432 4013 χείρων
2457 3941 2556 4008 τῆς
2591 3939 2836 4010 πρώτης.
2867 3939 3014 4006 Ἔφη
3050 3939 3231 4000 αὐτοῖς
3263 3940 3290 3990 6
3333 3937 3556 3996 Πιλᾶτος
3577 3951 3588 3964 ·
3623 3933 3777 4000 Ἔχετε

2243 4033 2603 4094 κουστωδίαν,
2655 4034 2919 4099 ὑπάγετε,
2957 4029 3336 4098 ἀσφαλίσασθε
3389 4029 3465 4091 ὡς
3521 4020 3776 4078 οἴδατε.οί

2231 4128 2290 4182 δὲ
2322 4127 2679 4197 πορευθέντες
2715 4125 3086 4197 ἠσφαλίσαντο
3116 4123 3209 4176 τὸν
3255 4123 3450 4192 τάφον.
3487 4116 3778 4189 σφραγίσαν-

2231 4239 2323 4284 τες
2353 4223 2445 4274 τὸν
2481 4221 2628 4273 λίθον
2662 4221 2802 4290 μετὰ
2828 4219 2927 4288 τῆς
2963 4215 3316 4278 κουστωδίας.
3354 4237 3372 4269 ι
3412 4215 3523 4268 Οὐκ
3563 4204 3777 4278 ὀνομάζει

2231 4317 2294 4369 τὸ
2324 4315 2623 4378 Σάϐϐατον,
2682 4311 2982 4375 Σάϐϐατον,
3023 4311 3160 4363 διότι
3219 4309 3339 4362 οὐδὲ
3401 4305 3660 4360 Σάϐϐατον
3707 4296 3776 4370 ἦν,

2231 4410 2356 4462 ὅσον
2389 4408 2481 4460 ἐπὶ
2513 4409 2578 4478 τῇ
2622 4406 2796 4477 κακίᾳ
2846 4405 2952 4458 τῶν
2993 4402 3262 4457 Ἰουδαίων
3287 4418 3302 4433 θ
3336 4399 3430 4454 τοῦ
3487 4398 3587 4467 γὰρ
3641 4394 3775 4462 νόμον

2231 4497 2643 4569 διαγορεύοντος
2677 4499 2744 4566 τῇ
2777 4495 2966 4566 ἡμέρα
3015 4493 3110 4547 τοῦ
3160 4491 3440 4546 Σαϐόάτου
3482 4486 3668 4560 μηδένα
3709 4499 3778 4534 κι-

541 4581 676 4636 dunt
705 4580 771 4634 ad
794 4581 1152 4651 alienigenam
1187 4579 1444 4645 Pilatum,
1478 4589 1532 4636 et
1573 4596 1678 4636 non
1713 4581 1779 4636 ad
1826 4579 2126 4651 congrega-

2233 4593 2441 4646 νεῖσθαι
2479 4591 2542 4643 ἐκ
2569 4589 2661 4642 τοῦ
2693 4589 2862 4642 τόπου
2897 4587 3083 4652 αὑτοῦ,
3127 4586 3177 4640 οἱ
3214 4585 3519 4655 παράνομοι
3573 4578 3777 4633 Ἰουδαῖοι

539 4676 744 4730 tionem
775 4690 938 4746 quam
971 4675 1052 4730 lex
1109 4676 1480 4747 permittebat.
1513 4673 1580 4729 Et
1625 4675 1728 4744 ipsi
1783 4675 1998 4742 quidem
2035 4690 2130 4730 sua

538 4766 747 4821 malitia
780 4766 1188 4837 instiganturut
1229 4767 1432 4822 vadant
1466 4769 1532 4822 ad
1598 4767 1852 4834 Pilatum,
1895 4779 1950 4824 et
2005 4785 2127 4823 mu-

539 4859 694 4913 niant
737 4859 1097 4930 sepulcrum:
1163 4859 1259 4915 Dei
1321 4870 1501 4915 autem
1563 4861 1970 4929 dispensatione
2025 4863 2128 4918 hoc

536 4949 771 5016 factum,
806 4962 864 5008 ut
885 4953 1218 5008 resurrectio
1251 4952 1490 5008 inimicis
1523 4953 1752 5008 testibus
1804 4957 2128 5023 comprobe-

537 5052 649 5108 tur.
673 5045 800 5100 dum
825 5046 1130 5117 sepulcrum
1187 5047 1432 5100 munitur
1453 5059 1505 5100 et
1534 5049 1856 5105 custoditur.
1885 5047 2124 5104 Interro-

539 5137 753 5207 gatione
784 5146 966 5192 autem
1001 5137 1247 5208 dignum,
1277 5140 1420 5193 unde
1470 5137 1641 5193 Judazi
1669 5139 1915 5194 sciebant
1960 5141 2128 5196 Chri-

537 5235 680 5281 stum
707 5229 868 5282 tertio
893 5228 979 5283 die
999 5229 1476 5285 resurrecturum?
1499 5229 1748 5284 Nondum
1776 5231 1919 5285 enim
1947 5231 2128 5286 Domi-

538 5334 642 5373 nus
667 5320 805 5374 nude
835 5331 888 5374 et
916 5322 1202 5378 manifeste
1247 5323 1326 5378 eis
1379 5323 1484 5377 hoc
1523 5323 1752 5378 dixerat.
1805 5323 1917 5378 Dici
1951 5332 2130 5394 potest

537 5409 737 5476 quoda
781 5409 952 5480 llgura
1001 5408 1154 5468 ἔοικε
1209 5415 1584 5483 cognoverint,
1639 5416 1939 5486 praesertim
1998 5432 2120 5469 ruat

535 5499 792 5558 Christus
831 5503 1032 5557 dixerit
1066 5521 1081 5559 :
1118 5523 1138 5556 ι
1174 5504 1325 5560 Sicut
1362 5503 1530 5562 Jonas
1590 5506 1692 5562 luit
1728 5508 1902 5563 tribus
1930 5508 2122 5563 diebus

537 5590 594 5647 in
645 5602 834 5648 ventre
888 5595 1014 5658 ceti,
1063 5597 1135 5650 ita
1181 5606 1236 5651 et
1295 5612 1395 5668 ego
1439 5597 1493 5652 in
1536 5607 1724 5653 ventre
1767 5610 1926 5654 terra:
1953 5600 2060 5664 ‘9';
2100 5617 2116 5649 ι

539 5684 697 5757 163
757 5685 841 5741 vel
875 5701 942 5742 ex
1000 5686 1091 5740 illo
1130 5687 1278 5760 qucd
1308 5688 1446 5745 dixit
1494 5708 1509 5747 :
1555 5707 1574 5742 t
1610 5688 1814 5746 Solvite
1867 5693 2124 5764 templum

612 5868 678 5901 ον
711 5867 898 5926 Matth.
933 5885 1028 5935 ιιι.
1061 5873 1150 5929 40-

2232 4683 2372 4754 πρὸς
2400 4682 2490 4735 τὸν
2522 4681 2822 4750 ἀλλόφυλον
2857 4680 3089 4733 Πιλᾶτον
3140 4678 3489 4744 συνάγονται,
3537 4671 3648 4726 ἀντὶ
3699 4667 3778 4736 τῆς

2229 4773 2626 4845 νενομισμένης
2654 4773 2945 4838 συνάξεως.
2988 4773 3130 4825 Ἀλλ’
3162 4774 3362 4824 ἐκεῖνοι
3425 4769 3520 4840 μὲν
3571 4765 3664 4818 ὑπὸ
3699 4760 3778 4827 τῆς

2228 4862 2441 4918 ἑαυτῶν
2470 4863 2746 4917 κινοῦνται
2781 4863 3048 4932 πονηρίας
3077 4864 3155 4925 είς
3185 4861 3245 4915 τὸ
3273 4859 3586 4932 προσελθεῖν
3613 4853 3682 4924 τῷ
3701 4851 3778 4903 Πι-

2226 4956 2396 5028 λάτῳ.
2427 4955 2524 5009 καὶ
2553 4956 2961 5024 ἀσφαλίσασθαι
2982 4956 3073 5008 τον
3098 4955 3270 5023 τάφον
3301 4969 3316 4983 ο
3342 4952 3476 5004 Θεοῦ
3511 4951 3562 5002 δὲ
3611 4949 3776 4999 οἰκονο-

2226 5049 2325 5118 μία
2357 5046 2538 5112 τοῦτθν
2595 5047 2684 5100 ἵνα
2723 5046 3082 5118 ἡάνάστασις
3141 5045 3353 5114 γένοιτο
3417 5041 3518 5096 ὑπὸ
3573 5039 3773 5108 μάρτυσι

2223 5140 2335 5202 τοῖς
2389 5140 2626 5208 ἐχθροῖς,
2681 5139 2778 5191 καὶ
2852 5139 3294 5208 ἐσφραγισμένου
3354 5135 3448 5188 τοῦ
3505 5134 3661 5200 τάφου
3699 5125 3774 5178 καὶ

2225 5231 2634 5300 φυλαττομένου
2657 5247 2671 5260 ·
2707 5230 2855 5295 ἀξιον
2885 5231 2942 5283 δὲ
2987 5229 3223 5299 ζητῆσαι
3286 5227 3450 5280 πόθεν
3475 5227 3522 5278 oi
3567 5219 3771 5275 Ἰουδαῖοι

2229 5322 2492 5392 μαθόντες
2521 5319 2778 5376 εἷπονὸτι
2849 5326 2914 5392 τῇ
2972 5322 3132 5393 τρίτῃ
3188 5321 3371 5391 ἡμέρα
3430 5316 3767 5386 ἐγερθήσεται·

2227 5413 2288 5466 οὐ
2326 5414 2435 5484 γὰρ
2463 5414 2636 5483 δήπου
2672 5416 2701 5468 6
2747 5413 2952 5484 Κύριος
2983 5408 3102 5466 εἶπε
3133 5411 3290 5466 τοῦτο
3339 5409 3520 5479 σαφῶς
3564 5407 3646 5459 καὶ
3688 5415 3768 5467 γυ·

2237 5507 2405 5579 μνῶς.
2439 5508 2627 5562 Ἔστιν
2661 5505 2756 5562 οὖν
2790 5510 2964 5561 εἰπεῖν
2994 5510 3076 5562 ὅτι
3109 5495 3216 5560 ἀπὶ
3254 5504 3346 5558 τοῦ
3373 5498 3767 5570 παραδείγματος

2232 5596 2329 5650 τοῦ
2358 5597 2518 5651 Ἰωνᾶ
2542 5597 2703 5651 τοῦτο
2758 5598 3026 5666 ἔγνωσαν·
3059 5595 3179 5649 εἷπε
3208 5595 3318 5665 γὰρ
3347 5597 3374 5648 ὁ
3427 5587 3666 5661 Χριστὸς,
3700 5583 3766 5635 ὅτι

2241 5691 2484 5762 «Ὥσπερ
2527 5693 2712 5756 Ἰωνᾶς
2747 5687 2814 5764 ἦν
2844 5695 2993 5762 τρεῖς
3028 5691 3244 5762 ἡμέρας
3272 5691 3330 5743 ἐν
3361 5689 3428 5758 τῇ
3477 5679 3641 5750 κοιλία
3689 5672 3763 5727 τῡῦ
