3968 6460
448 358 562 428 4Ί9

1291 362 1876 425 THEOPHYLACTI
1920 357 2335 424 BULGARLE
2372 361 2735 423 ARCIIIEP.

3585 351 3700 416 680

453 480 573 534 culo
622 480 768 536 enim
816 488 870 535 et
915 480 1030 538 dies
1083 487 1226 538 totus
1273 491 1589 536 muneratur
1641 497 1654 534 :
1699 495 1826 536 ecce
1861 488 2021 536 tertio

2129 479 2516 553 ἐπιφωσκούσῃ
2558 479 2639 544 είς
2685 479 2818 550 μίαν
2855 477 3147 533 Σαϐϐἀτων
3182 491 3194 504 ·
3243 494 3262 527 ι
3292 475 3400 530 ἀπὸ
3441 476 3546 546 γὰρ
3605 476 3707 528 τοῦ

453 573 594 626 diem
625 581 677 627 et
695 583 926 630 noctem.
957 573 1117 630 Potes
1142 585 1196 629 et
1217 573 1373 628 aliter
1400 581 1511 628 tres
1539 572 1658 627 dies
1687 587 2015 628 numerare:

452 663 512 718 lu
545 664 848 721 Parasceve
893 665 1115 720 tradidit
1160 666 1432 734 spiritum,
1466 679 1592 721 ecce
1637 679 1807 720 unum
1854 663 2019 719 diem.

455 754 698 809 Sabbato
724 757 777 811 iu
801 758 1049 827 sepulcro
1079 757 1196 823 fuit,
1232 771 1359 813 ecce
1396 757 1667 812 secundus
1696 755 1830 810 dies.
1859 755 2024 812 Nocte

457 845 752 902 Dominica:
787 850 1125 915 resurrexit;
1160 864 1190 904 a
1226 859 1378 920 parte
1423 849 1589 920 igitur
1625 858 1943 905 numeratur
1971 858 2026 902 et

461 937 742 994 Dominica
789 940 842 995 in
871 942 1034 996 alium
1081 942 1245 1007 diem,
1276 949 1332 998 et
1364 941 1438 996 ita
1472 952 1580 997 tres
1607 941 1724 999 dies
1768 960 1783 996 :
1819 957 1944 996 nam
1971 949 2024 996 et

455 1029 523 1084 de
555 1029 826 1088 defunctis
864 1032 1116 1095 dicimus,
1146 1032 1191 1087 si
1240 1048 1380 1088 unus
1411 1035 1678 1089 moriatur
1703 1033 1850 1089 circa
1883 1033 2025 1089 deci-

455 1134 600 1176 mam
628 1120 819 1178 horam
853 1123 984 1188 diei,
1011 1132 1064 1178 et
1099 1124 1237 1178 alter
1265 1124 1410 1179 circa
1454 1125 1684 1194 primam
1733 1125 1854 1196 ejus
1894 1125 2023 1191 diei,

457 1213 602 1281 quod
643 1222 868 1284 uterque
896 1216 1087 1270 eodem
1117 1215 1205 1270 die
1241 1219 1312 1270 sit
1340 1225 1611 1271 mortuus.
1652 1217 1882 1273 Possum
1929 1217 2024 1273 tibi

457 1313 512 1359 et
544 1305 702 1360 aliam
730 1321 947 1360 causam
995 1308 1174 1363 dicere
1204 1310 1480 1379 quomodo
1522 1319 1632 1366 tres
1668 1311 1786 1368 dies
1819 1320 1872 1365 et
1916 1320 2027 1366 tres

460 1407 648 1450 noctes
679 1409 1051 1454 numerentur.
1083 1398 1314 1455 Attende
1343 1402 1508 1471 igitur
1534 1419 1549 1457 :
1581 1403 1777 1469 Quinta
1805 1419 2029 1475 vespera

456 1487 587 1543 fecit
624 1490 880 1545 Dominus
913 1505 1151 1557 coenam,
1183 1501 1238 1549 et
1266 1493 1547 1564 discipulis
1579 1495 1715 1551 dixit
1751 1513 1766 1550 :
1806 1514 1826 1548 ι
1868 1498 2031 1551 Acci-

457 1580 597 1648 pite,
637 1589 693 1634 et
724 1583 991 1638 comedite
1025 1598 1222 1654 corpus
1260 1600 1436 1640 meum
1480 1604 1495 1641 :
1535 1604 1554 1638 ›
1593 1597 1649 1642 οι
1682 1588 1754 1642 ita
1783 1589 1908 1658 quia
1939 1603 2033 1658 po-

460 1679 706 1725 testatem
734 1673 964 1728 habebat
986 1689 1188 1744 ponere
1207 1678 1440 1732 animam
1469 1692 1647 1745 suam,
1679 1679 2031 1735 manifestum

455 1765 598 1832 quo’d
655 1775 781 1820 tunc
829 1767 1191 1824 inmiolaverit
1239 1771 1500 1841 seipsum,
1552 1785 1618 1826 ex
1669 1787 1775 1841 quo
1811 1772 2031 1828 tradidit

457 1855 740 1924 discipulis
767 1873 966 1927 corpus
993 1875 1148 1914 suum
1181 1879 1196 1915 :
1237 1876 1396 1917 nemo
1425 1862 1569 1917 enim
1603 1863 1894 1933 quidquam
1921 1864 2032 1918 edit

457 1946 559 2001 nisi
594 1949 743 2015 prius
775 1960 1067 2006 mactatum
1097 1951 1284 2009 fuerit.
1317 1951 1550 2010 Numera
1578 1955 1746 2025 igitur
1772 1973 1787 2010 :
1815 1957 2030 2026 vesperi

459 2039 678 2094 tradidit
725 2056 922 2110 corpus
958 2057 1142 2098 suum.
1174 2042 1287 2099 Nox
1330 2046 1422 2100 illa
1485 2053 1541 2101 et
1575 2047 1690 2102 dies
1731 2047 2032 2105 Parasceve

458 2144 632 2199 usque
657 2131 725 2187 ad
745 2143 951 2186 sextam
978 2133 1192 2198 horam,
1214 2149 1342 2190 ecce
1365 2151 1528 2190 unum
1551 2137 1691 2192 diem
1714 2147 1768 2192 et
1790 2149 2028 2196 noetem.

458 2217 656 2275 lterum
698 2236 728 2276 ιι
775 2230 928 2278 sexta
959 2223 1091 2278 hora
1142 2226 1380 2280 tenebrae
1414 2234 1584 2296 usdue
1613 2227 1678 2281 ad
1723 2243 1942 2292 nonam.
1976 2238 2032 2284 et

456 2328 486 2366 a
529 2329 667 2369 nona
715 2314 807 2369 lux
851 2331 1023 2387 usque
1074 2314 1142 2370 ad
1193 2332 1495 2387 vesperam,
1545 2332 1672 2374 ecce
1727 2321 2027 2375 secundum

458 2405 598 2460 diem
641 2417 697 2466 et
738 2417 969 2464 noctem.
1030 2409 1229 2470 lterum
1260 2426 1364 2466 nox
1406 2420 1530 2481 post
1581 2413 1934 2469 Parascevem
1977 2423 2032 2470 et

457 2498 573 2554 dies
602 2497 848 2564 Sabbati,
871 2515 1000 2557 ecce
1030 2504 1243 2556 tertium
1265 2504 1405 2558 diem
1435 2513 1489 2559 et
1520 2514 1755 2559 noctem.
1791 2505 2031 2562 Sabbato

457 2598 636 2643 autem
686 2591 894 2659 vesperi
944 2594 1244 2648 resurrexit
1287 2611 1301 2647 :
1350 2609 1480 2649 ecce
1529 2603 1641 2650 tres
1674 2595 1868 2665 integri
1913 2597 2032 2653 dies

456 2687 505 2732 et
549 2687 756 2734 noctes.
796 2678 914 2735 Jam
944 2683 1086 2750 quod
1117 2683 1370 2754 angelum
1413 2683 1700 2740 Matlhmus
1755 2687 1890 2739 dixit
1939 2699 2029 2742 se-

456 2771 586 2826 dere
633 2787 798 2842 super
835 2772 1034 2843 lapide,
1068 2773 1284 2831 Marcus
1317 2786 1498 2832 autem
1551 2777 1798 2832 revoluto
1853 2776 2028 2846 lapide

460 2866 654 2918 sedere
703 2865 756 2920 in
797 2866 1004 2921 dextris
1048 2866 1191 2922 intra
1230 2869 1561 2937 sepulcrum,
1601 2870 1840 2940 nunquid
1887 2871 2032 2925 inter

455 2972 515 3012 so
541 2957 844 3014 dissident?
866 2958 1124 3016 Minime:
1159 2963 1253 3016 sed
1277 2963 1570 3016 verisimile
1601 2971 1687 3017 est
1713 2965 2030 3033 apparuisse

453 3049 686 3116 primum
735 3052 984 3123 angelum
1027 3055 1307 3109 sedentem
1353 3069 1516 3123 super
1565 3054 1740 3124 lapide
1788 3056 2031 3112 :deinde

2122 574 2320 646 ὄρθρου
2347 575 2442 629 καὶ
2467 575 2500 644 ἡ
2524 574 2706 645 ἡμέρα
2724 573 2820 642 δλη
2844 573 3187 643 ἀριθμεῖται’
3217 571 3330 624 ίδού
3353 571 3531 642 τρίτον
3559 574 3707 640 ἡμε-

2125 666 2431 738 ρονύκτιον.
2502 665 2615 718 Καὶ
2641 664 2819 728 ἄλλως
2866 663 2925 716 δὲ
2976 661 3204 716 δύνασαι
3253 661 3556 733 ἀριθμῆσαι
3605 659 3711 721 τὰς

2121 761 2271 830 τρεῖς
2299 759 2534 829 ἡμέρας·
2567 759 2648 828 Τῇ
2676 757 3004 828 Παρασκευῇ
3037 754 3326 825 παρέδωκε
3354 753 3417 806 τὸ
3445 751 3668 818 πνεῦμα
3691 787 3709 813 ,

2128 850 2226 922 μία
2255 849 2395 920 αὕτη
2428 849 2614 920 ἡμέρα
2638 862 2654 880 ο
2683 848 2762 920 τῷ
2791 845 3058 917 Σαϐϐάτῳ
3083 841 3152 916 ἦν
3182 845 3241 898 έν
3266 843 3344 914 τῷ
3371 843 3548 912 τάφῳ,
3580 840 3713 893 δευ-

2124 943 2260 1012 τέρα
2283 940 2422 1012 αὕτη
2448 941 2632 1012 ἡμέρα
2649 953 2666 970 ⁶
2692 943 2758 1010 τῇ
2784 938 2842 993 δὲ
2869 938 3024 994 νυκτὶ
3043 937 3144 1005 τῆς
3170 937 3455 1006 Κυριακῆς
3478 932 3713 999 ἀνέστη,

2125 1034 2234 1088 ἀπὸ
2265 1034 2466 1106 μέρους
2495 1032 2588 1087 οὐν
2612 1031 2930 1103 ἀριθμεῖται
2959 1029 3052 1084 καὶ
3079 1029 3113 1100 ἡ
3142 1027 3396 1097 Κυριακὴ
3426 1027 3505 1088 είς
3534 1023 3713 1089 ἄλλην

2127 1127 2342 1198 ἡμέραν
2365 1143 2379 1158 ο
2426 1125 2568 1180 ὥστε
2609 1125 2719 1178 ίδού
2753 1126 2906 1195 τρεῖς
2945 1122 3185 1192 ἡμέραι⁸
3207 1119 3301 1174 καὶ
3338 1119 3446 1189 γὰρ
3481 1117 3578 1170 καὶ
3611 1111 3720 1168 ἐπὶ

2130 1218 2240 1274 τῶν
2277 1217 2718 1290 κεκοιμημένων,
2757 1215 2852 1268 ἐὰν
2891 1213 3140 1284 ἀποθάνῃ
3175 1229 3257 1276 τις
3299 1211 3427 1279 περὶ
3467 1207 3719 1275 δεκάτην

2131 1311 2281 1383 ὥραν
2304 1311 2403 1380 τῆς
2429 1310 2664 1380 ἡμέρας,
2691 1308 2786 1362 καὶ
2811 1306 2997 1377 ἕτερος
3027 1306 3154 1376 περὶ
3184 1303 3408 1372 πρώτην
3430 1300 3580 1370 ὥραν
3605 1298 3722 1366 τῆς

2131 1402 2302 1472 αὐτῆς
2332 1402 2572 1472 ἡμέρας,
2606 1399 2908 1470 ἀμφότεροι
2939 1399 2996 1450 ὲν
3025 1399 3093 1466 τῇ
3128 1396 3266 1464 αὐτῇ
3301 1394 3482 1464 ἡμέρᾳ
3515 1391 3721 1458 λέγον-

2129 1512 2219 1548 ται
2257 1493 2527 1546 τεθνάναι.
2551 1492 2702 1562 Ἐχω
2739 1509 2822 1544 σοι
2859 1493 2956 1545 καὶ
2993 1490 3159 1559 ἄλλην
3199 1486 3382 1540 αἰτίαν
3416 1486 3588 1537 εἰπεῖν
3631 1482 3722 1540 είς

2129 1583 2310 1650 τοῦτο,
2337 1584 2456 1647 πῶς
2478 1587 2627 1654 τρεῖς
2652 1584 2858 1656 ἡμέραι
2886 1582 2982 1636 καὶ
3003 1583 3150 1653 τρεῖς
3179 1579 3371 1640 νύκτες
3397 1574 3724 1648 ἀριθμηθή-

2134 1693 2339 1730 σονται.
2375 1675 2619 1747 Πρόσεχε
2658 1671 2751 1728 οὖν
2777 1690 2790 1704 ο
2825 1675 2905 1746 Τῇ
2944 1673 3170 1743 πέμπτῃ
3207 1671 3447 1738 ἑσπέρας
3479 1666 3720 1736 ἐποίησε

2133 1767 2194 1821 τὸ
2221 1767 2434 1821 δεῖπνον
2458 1768 2487 1819 6
2516 1767 2740 1838 Κύριος,
2768 1768 2862 1820 καὶ⁸
2885 1767 2998 1828 τοῖς
3027 1763 3294 1836 μαθηταῖς
3322 1760 3473 1827 ἔλεγε
3492 1775 3507 1789 ·
3544 1776 3566 1811 ι
3594 1759 3721 1814 Λά-

2060 1827 2108 1887 B
2137 1860 2297 1926 ϐετε,
2339 1861 2544 1929 φάγετε
2879 1874 2981 1928 μου
3008 1827 3073 1908 θ’»
3117 1827 3259 1908 ὥστε
3297 1853 3420 1906 ἐπεὶ
3459 1849 3720 1915 ἐξουσίαν

2133 1947 2277 2024 εῖχεν
2307 1952 2401 2022 ἀφ’
2424 1952 2619 2006 ἑαυτοῦ
2655 1951 2828 2005 θεῖναι
2859 1949 2960 2021 τὴν
2989 1949 3168 2020 ψυχὴν
3201 1945 3398 2010 αὐτοῦ,
3432 1943 3590 2013 δῆλον
3623 1942 3718 1996 ὃτι

2132 2045 2320 2098 ἔκτοτε
2361 2043 2676 2113 ἀπέσφαξεν
2719 2043 2931 2106 ἑαυτὸν,
2975 2041 3068 2110 ἀφ’
3092 2034 3155 2093 οὐ
3205 2037 3428 2092 διεδίδου
3469 2037 3580 2096 τοῖς
3628 2033 3718 2086 ol-

2133 2137 2302 2201 κείοις
2339 2136 2609 2208 μαθηταῖς
2643 2135 2702 2188 τὸ
2733 2135 2895 2205 σῶμα
2919 2151 2934 2166 ·
2964 2133 3140 2196 οὐδεὶς
3166 2131 3274 2200 γὰρ
3304 2128 3474 2182 ἐσθίει
3500 2143 3576 2188 τι,
3609 2126 3720 2179 ἐὰν

2135 2228 2211 2301 μὴ
2249 2229 2513 2299 πρότερον
2558 2226 2902 2297 ἐσφαγμένον
2943 2224 3051 2294 εἴη.
3087 2223 3418 2293 Ἀρίθμησον
3459 2216 3550 2300 οὖν
3577 2235 3590 2250 ·
3628 2219 3720 2289 Τῇ

2132 2321 2344 2390 ἑσπέρᾳ
2371 2321 2485 2393 (56)
2513 2319 2739 2374 διεδίδου
2767 2319 2827 2372 τὸ
2854 2319 3054 2372 οίκεῖον
3081 2315 3239 2384 σῶμα
3264 2330 3278 2345 °
3311 2316 3345 2384 ἡ
3374 2313 3468 2379 νὺξ
3499 2310 3719 2380 εκείνη,

2133 2411 2228 2465 καὶ
2259 2412 2291 2480 ἡ
2323 2410 2506 2482 ἡμέρα
2539 2411 2639 2479 τῆς
2658 2409 3020 2479 Παρασκευῆς
3052 2407 3179 2478 ἄχρι
3209 2405 3308 2474 τῆς
3339 2404 3504 2474 ἕκτης
3535 2402 3716 2475 ὥρας,

2136 2504 2245 2558 ίδού
2276 2504 2335 2557 ἓν
2364 2503 2756 2575 ἡμερονύκτιον
2780 2518 2793 2530 ·
2826 2502 2989 2555 πάλιν
3013 2501 3074 2554 τὸ
3103 2499 3212 2552 ἀπὸ
3239 2499 3338 2568 τῆς
3366 2497 3530 2567 έκτης
3559 2495 3718 2566 ὥρας

2135 2596 2325 2658 σκότος
2351 2596 2454 2658 ἓως
2478 2596 2576 2664 τῆς
2605 2595 2854 2665 έννάτης,
2882 2593 2974 2647 καί⁹
3001 2592 3060 2645 τὸ
3085 2591 3194 2646 ἀπὸ
3219 2591 3316 2660 τῆς
3341 2589 3567 2658 έννὰτης
3593 2587 3716 2656 φῶς

2131 2689 2236 2751 ἓως
2260 2689 2358 2758 τῆς
2387 2689 2644 2756 ἑσπέρας,
2675 2687 2785 2740 ίδού
2813 2684 3066 2755 δεύτερον
3091 2681 3484 2753 ἡμερονύκτιον
3505 2696 3518 2708 '
3549 2682 3583 2748 ἡ
3611 2679 3716 2744 νὺξ

2133 2781 2295 2835 πάλιν
2318 2781 2351 2849 ἡ
2380 2779 2518 2849 μετά
2537 2781 2634 2850 τὴν
2663 2777 3050 2850 Παρασκευὴν,
3072 2777 3171 2830 καὶ
3197 2778 3230 2844 ἡ
3256 2773 3439 2844 ἡμέρα
3461 2772 3554 2825 τοῦ
3571 2771 3718 2825 Σαῦ-

2132 2873 2320 2935 ϐἀτου.
2363 2873 2474 2926 ίδοὺ
2517 2871 2700 2942 τρίτον
2741 2869 3161 2941 ἡμερονύκτιον.
3205 2867 3468 2937 Σαϐϐάτῳ
3507 2867 3568 2920 δὲ
3607 2867 3714 2935 ὀψὲ

2131 2963 2330 3029 ἀνέστη
2360 2977 2374 2991 ⁸
2411 2961 2535 3032 τρία
2564 2960 2738 3016 ταῦτα
2780 2958 3050 3032 ὁλόκληρα
3087 2957 3478 3029 ἡμερονύκτια.
3514 2959 3618 3010 Τὸν
3651 2959 3713 3013 δὲ

2132 3049 2365 3119 ἄγγελον
2392 3051 2422 3102 6
2453 3051 2554 3121 μὲν
2605 3049 2883 3114 Ματθαῖος
2917 3050 3018 3120 ἔφη
3049 3047 3325 3118 καθῆσθαι
3354 3050 3412 3102 έν
3435 3047 3514 3119 τῷ
3541 3049 3673 3119 λίθῳ
3694 3065 3707 3078 ·

456 3142 877 3210 ingredientibus
926 3144 1246 3201 mulieribus
1282 3145 1475 3216 praeire
1518 3147 1766 3218 angelum
1789 3188 1804 3212 ,
1838 3157 1893 3204 et
1933 3149 2027 3206 ite-

2135 3144 2163 3196 6
2187 3143 2244 3197 δὲ
2274 3143 2501 3214 Μάρκος
2528 3142 2934 3197 ἀποκυλίσαντα
2962 3141 3056 3196 τὸν
3083 3142 3254 3236 λίθον,
3280 3141 3427 3236 ένδον
3451 3140 3545 3195 τοῦ
3578 3157 3715 3210 μνη-

455 3250 574 3290 rum
598 3238 916 3304 apparuisse
947 3240 1223 3294 sedentem
1255 3241 1308 3294 in
1344 3239 1592 3319 sepulcro
1623 3240 1700 3312 (α)
1735 3255 1768 3296 a
1793 3243 2024 3299 dextris.

457 3324 606 3381 Dixit
636 3337 818 3383 autem
859 3330 928 3384 ad
959 3329 1217 3386 mulieres
1253 3349 1267 3386 :
1302 3329 1380 3385 Ne
1411 3333 1723 3388 terreamini
1756 3347 1890 3400 vos;
1931 3334 2032 3389 hoc

453 3427 570 3484 est,
609 3420 876 3476 Custodes
925 3421 1140 3491 quidem
1190 3422 1340 3492 digni
1385 3433 1514 3478 sunt
1557 3425 1647 3494 qui
1686 3434 2025 3490 terreantur,

457 3524 553 3565 vos
601 3521 778 3565 autem
834 3513 1111 3583 discipulae
1175 3512 1422 3580 Domini,
1479 3529 1546 3569 ne
1599 3519 1934 3572 terreamini.
1967 3517 2035 3572 Et

458 3611 743 3671 postquam
777 3604 1029 3659 liberavit
1069 3621 1164 3662 eas
1209 3621 1236 3660 a
1275 3618 1443 3673 metu,
1467 3609 1807 3680 evangelizat
1837 3612 1918 3666 eis
1948 3626 2036 3666 re-

453 3699 874 3755 surrectionem.
907 3700 1148 3756 Primum
1177 3702 1321 3756 enim
1355 3704 1605 3759 timorem
1631 3702 1832 3772 ejicere
1862 3717 2028 3773 opor-

453 3790 624 3855 tebat,
655 3798 710 3844 et
743 3792 937 3847 deinde
966 3792 1360 3863 evangelizare.
1394 3791 1510 3848 Non
1541 3793 1818 3849 erubescit
1849 3804 2029 3848 autem

454 3882 747 3938 nominare
807 3884 1093 3938 Dominum
1147 3884 1493 3940 cruciﬁxum.
1545 3884 1824 3941 Gloriatur
1882 3887 2029 3941 enim

447 3987 616 4027 cruce
671 3980 926 4044 tanquam
983 3985 1224 4045 tropaeo,
1273 3990 1381 4046 quo
1438 3977 1598 4032 nobis
1657 3977 1841 4032 omnia
1889 3977 2028 4032 bona

451 4065 737 4120 conciliata
776 4081 924 4123 sunt.

2135 3231 2289 3300 μείου
2323 3229 2618 3300 καθῆσθαι,
2647 3231 2705 3282 ὲν
2738 3233 2850 3294 τοῖς
2881 3230 3095 3297 δεξιοῖς·
3135 3225 3226 3304 ἆρ’
3257 3226 3350 3286 οὖν
3383 3233 3715 3300 έναντιοφω-

2129 3321 2340 3388 νοῦσιν;
2363 3322 2515 3392 Οὐχί*
2544 3321 2660 3376 ἀλλ’
2682 3321 2829 3386 εἰκός
2854 3322 2970 3375 ἐστι
2997 3322 3235 3392 φανῆναι
3261 3323 3476 3393 πρῶτον
3499 3324 3591 3376 τὸν
3615 3323 3714 3391 6.1-

2129 3421 2284 3489 γελον
2318 3421 2626 3492 καθήμενον
2655 3421 2713 3473 έν
2743 3419 2819 3488 τῷ
2853 3418 3022 3490 λίθῳ,
3057 3417 3175 3474 εἶτα
3211 3419 3574 3474 είσελθουσῶν
3602 3417 3712 3472 τῶν

2129 3514 2427 3582 γυναικῶν,
2458 3514 2723 3583 προάγειν
2750 3513 2842 3566 τὸν
2869 3511 3124 3582 ἄγγελον,
3158 3513 3250 3566 καὶ
3282 3513 3445 3567 πάλιν
3475 3516 3710 3582 φανῆναι

2128 3605 2278 3668 ἐντὸς
2309 3603 2403 3659 τοῦ
2443 3605 2711 3677 μνημείου
2747 3604 3058 3674 καθήμενον
3089 3606 3148 3658 έν
3179 3607 3289 3667 τοῖς
3322 3603 3541 3670 δεξιοῖς.
3575 3600 3711 3659 Εῐπε

2127 3699 2184 3754 δὲ
2211 3699 2348 3770 πρὸς
2373 3701 2469 3762 τὰς
2491 3702 2756 3768 γυναῖκας
2777 3713 2793 3730 ·
2809 3698 2902 3770 Μὴ
2925 3698 3179 3768 φοϐεῖσθε
3201 3700 3304 3768 ὐμε
3314 3702 3384 3764 ῖς,
3409 3700 3709 3761 τουτέστιν,

2129 3791 2194 3848 Οἱ
2226 3792 2326 3862 μὲν
2351 3793 2591 3860 φύλακες
2619 3789 2759 3856 ἄξιοί
2783 3793 2889 3844 είσι
2917 3792 3200 3859 φοϐεῖσθαι
3226 3807 3242 3826 ο
3269 3793 3427 3860 ὑμεῖς
3452 3793 3509 3845 δὲ
3535 3792 3591 3844 αί
3614 3791 3708 3844 τοῦ

2129 3882 2336 3954 Κυρίου
2367 3881 2686 3952 μαθήτριαι,
2718 3880 2793 3952 μὴ
2823 3881 3096 3950 φοϐεῖσθε.
3133 3881 3324 3935 Μεθ⁹ὂ
3349 3882 3406 3935 δὲ
3436 3883 3714 3936 ἀπαλλάτ-

2128 3991 2212 4026 τει
2242 3972 2412 4035 αὐτὰς
2440 3973 2536 4024 τοῦ
2566 3972 2719 4033 δέους
2741 4011 2756 4036 ,
2788 3972 3200 4041 εὐαγγελίζεται
3228 3974 3420 4036 αὐταῖς
3448 3974 3549 4045 τὴν
3575 3972 3712 4030 ἀνά-

2134 4083 2344 4122 στασιν.
2373 4065 2521 4118 Ἔδει
2563 4065 2673 4136 γὰρ
2717 4064 2983 4136 πρότερον
3025 4064 3277 4119 ἐκϐαλεῖν
3301 4066 3376 4153 ’τὸ
3411 4068 3549 4130 δέος,
3592 4059 3711 4118 εἶτα

445 4161 934 4231 εὐαγγελίσασθαι.
981 4166 1095 4219 Οὐκ
1145 4167 1465 4237 αἰσχύνεται
1509 4169 1569 4222 δι
1616 4167 2032 4241 ἐσταυρωμένον
2071 4165 2354 4235 ὀνομάζων
2387 4165 2477 4217 τὸν
2547 4163 2773 4234 Κύριον.
2807 4164 2897 4234 Τῷ
2931 4163 3044 4235 γὰρ
3076 4163 3294 4234 σταυρῷ
3362 4164 3556 4234 ὥσπερ
3585 4178 3710 4233 τρο-

453 4254 601 4324 παίῳ
629 4255 735 4308 τινὶ
763 4257 1124 4327 έγκαυχᾶται,
1148 4259 1329 4312 πάντα
1354 4260 1421 4314 τὰ
1451 4259 1634 4328 ἀγαθά
1661 4258 2050 4331 προεξενηκότι
2083 4259 2240 4328 ἡμῖν.

527 4342 689 4399 Vens.
717 4346 772 4412 9,
800 4347 884 4401 l0.
914 4365 933 4400 ι
963 4347 1096 4403 Cum
1125 4360 1305 4404 autem
1335 4350 1503 4404 issent
1519 4350 1584 4402 ad
1612 4351 2027 4404 renuntiandum

2215 4365 2232 4398 ι
2270 4345 2357 4408 Ὠς
2386 4345 2444 4398 δὲ
2476 4345 2801 4416 ἐπορεύοντο
2828 4345 3158 4413 ἀπαγγεῖλαι
3181 4347 3295 4406 τοῖς
3327 4344 3589 4415 μαθηταῖς
3611 4344 3709 4398 αὐ-

450 4435 737 4506 discipulis
781 4437 923 4505 ejus,
971 4453 1101 4495 ecce
1147 4438 1308 4497 Jesus
1357 4440 1599 4496 occurrit
1648 4440 1755 4495 illis
1789 4442 2025 4496 dicens:

357 4559 373 4570 -
452 4529 641 4583 Arete.
676 4529 781 4585 illae
815 4540 993 4586 autem
1024 4541 1394 4600 accesserunt,
1437 4543 1492 4589 et
1531 4542 1824 4590 tenuerunt
1863 4533 2029 4602 pedes

449 4622 590 4690 ejus,
646 4631 702 4677 et
756 4624 1120 4680 adorarverunt
1170 4641 1313 4681 etim.
1363 4626 1518 4681 Tunc
1560 4626 1634 4682 ait
1675 4626 1778 4680 illis
1824 4625 2026 4682 Jesus:

451 4713 630 4768 Nolite
675 4715 916 4772 timere:
961 4718 1068 4784 ite,
1111 4720 1421 4775 renuntiate
1455 4719 1717 4775 fratribus
1759 4718 1923 4785 meis',
1972 4727 2030 4773 ut

449 4817 576 4863 eant
606 4809 657 4863 iu
683 4808 983 4878 Galilmam,
1015 4819 1066 4866 et
1101 4812 1176 4866 ibi
1213 4825 1299 4868 me
1339 4813 1614 4868 videbunt.
1666 4831 1683 4864 ι
1725 4813 1882 4884 165
1925 4813 2027 4867 Di-

449 4903 524 4955 cit
569 4901 944 4958 mulieribus:
995 4904 1183 4960 Avete.
1240 4905 1507 4972 Quoniam
1559 4907 1706 4961 enim
1759 4905 2024 4961 muliebre

449 5011 619 5065 genus
639 4997 706 5051 ad
735 4997 1016 5052 tristitiam
1045 4998 1466 5052 eundemnalum
1498 4996 1620 5060 fuit,
1645 4998 1899 5052 Dominus
1929 5011 2024 5065 per

449 5089 904 5144 resurrectionem
929 5101 1083 5144 suam
1103 5090 1358 5159 gaudium
1381 5089 1562 5144 attulit
1594 5090 1827 5144 femineo
1849 5090 2022 5153 sexui,

447 5191 502 5232 et
543 5181 819 5236 benedixit
848 5182 952 5238 eis.
1001 5181 1070 5235 At
1117 5179 1222 5237 illa:
1267 5197 1377 5252 pm
1417 5181 1584 5236 multa
1632 5181 1936 5236 reverentia
1971 5189 2026 5234 et

449 5275 655 5330 honore
687 5285 738 5329 et
767 5285 990 5346 propter
1018 5278 1273 5346 pietatem
1324 5277 1488 5349 pedes
1517 5277 1635 5346 ejus
1675 5283 1880 5339 tenent,
1913 5287 2024 5328 non

447 5368 708 5423 audentes
741 5369 902 5424 aliam
947 5373 1194 5440 corporis
1239 5381 1447 5440 partem
1491 5371 1827 5439 contingere,
1861 5381 2024 5437 quam

447 5471 723 5518 extremas
753 5461 893 5519 illas.
945 5464 1174 5532 Quidam
1205 5473 1384 5520 autem
1419 5463 1610 5518 dicunt
1637 5461 1817 5515 dedita
1859 5472 2026 5528 opera

2125 4441 2244 4506 τοῦ,
2289 4443 2383 4494 καὶ
2431 4441 2541 4494 ίδού
2580 4442 2609 4493 6
2638 4442 2841 4510 Ἰησοῦς
2885 4439 3459 4511 ἀπήντησεν-αὐταῖς,
3501 4440 3702 4510 λέγων’

2125 4532 2386 4604 Χαίρετε.
2414 4533 2480 4584 Δί
2509 4531 2589 4598 δὲ,
2623 4531 3018 4602 προσελθοῦσαι
3049 4533 3364 4602 ἐκράτησαν
3391 4533 3556 4586 αὐτοῦ
3585 4533 3702 4595 τούς

2127 4629 2314 4694 πόδας,
2345 4629 2437 4682 καὶ
2467 4627 2881 4700 προσεκύνησαν
2905 4629 3077 4699 αὐτῷ.
3115 4627 3251 4682 Τότε
3280 4628 3433 4698 λέγει
3465 4631 3649 4694 αὐταῖς
3672 4631 3701 4682 6

2143 4721 2356 4788 Ἰησοῦς
2381 4737 2397 4752 ⁸
2424 4722 2516 4790 Mi}
2561 4721 2834 4790 φοϐεῖσθε.
2876 4721 3167 4790 Ὑπάγετε.
3189 4723 3562 4791 ἀπαγγείλατε
3597 4724 3701 4783 τοῖς

2125 4813 2374 4882 ἀδελφοῖς
2412 4831 2514 4882 μου
2551 4813 2637 4866 ἵνα
2673 4814 2986 4868 ἀπέλθωσιν
3015 4816 3095 4878 είς
3124 4816 3224 4883 τὴν
3256 4814 3572 4881 Γαλιλαίαν,
3607 4815 3697 4868 κά·

2129 4907 2215 4959 κεῖ
2241 4923 2306 4975 με
2331 4905 2578 4976 όψονται.
2594 4925 2613 4958 ι
2636 4907 2955 4977 ΙΙροσφωνεῖ
2973 4910 3092 4971 ταῖς
3117 4909 3329 4976 γυναιξὶ
3349 4909 3434 4969 τὸ,
3457 4909 3694 4978 Χαίρετε.

2139 4998 2295 5052 Ἐπεὶ
2323 5000 2429 5070 γὰρ
2453 4998 2514 5052 τὸ
2540 5004 2848 5068 γυναικεῖον
2875 5000 3028 5068 γένος
3062 5000 3350 5055 λυπεῖσθαι
3379 4999 3690 5072 κατεκρίθη,

2120 5093 2148 5145 6
2181 5092 2385 5164 Κύριος
2413 5093 2502 5147 διὰ
2531 5095 2628 5164 τῆς
2655 5095 3005 5158 ἀναστάσεως
3031 5096 3196 5149 αὐτοῦ
3229 5095 3330 5164 τὴν
3361 5095 3538 5166 χαρὰν
3567 5109 3689 5161 προ-

2122 5183 2344 5252 εξένησε
2377 5183 2452 5254 τῷ
2489 5185 2788 5256 γυναικείῳ
2830 5185 3009 5252 γένει,
3046 5185 3145 5238 καὶ
3183 5184 3477 5253 εὐλόγησεν
3509 5181 3683 5242 αὐτάς.

2123 5277 2213 5327 Διὸ
2253 5277 2462 5328 ἐκεῖναι
2501 5276 2610 5329 ἀπὸ
2641 5276 2741 5345 τῆς
2783 5276 2984 5346 πολλῆς
3027 5275 3156 5346 περὶ
3194 5275 3359 5329 αὐτὸν
3390 5271 3567 5334 αίδοῧς
3603 5269 3688 5323 καὶ

2125 5368 2318 5438 τιμῆς,
2350 5369 2477 5432 τούς
2511 5369 2675 5432 πόδας
2709 5369 2872 5422 αὐτοῦ
2901 5369 3194 5439 κρατοῦσι,
3223 5368 3291 5422 δι’
3317 5367 3590 5420 εὐλάϐειαν
3617 5360 3686 5432 μὴ

2123 5458 2403 5528 τολμῶσαι
2432 5459 2592 5513 ἄλλον
2629 5459 2830 5530 μέρους
2856 5459 2948 5512 τοῦ
2979 5458 3230 5530 σώματος
3259 5457 3520 5528 ἅψασθαι,
3544 5455 3590 5507 εί
3616 5451 3684 5522 μὴ

1407 5581 1502 5644 Ex
1527 5575 1874 5640 collatione
1907 5571 2094 5635 codd.
2132 5574 2359 5637 Venet.
2401 5578 2464 5638 S.
2501 5576 2721 5638 Marci.

521 5687 634 5760 (56)
676 5687 808 5747 Cod.
841 5690 911 5746 50
948 5690 1016 5761 τῇ
1049 5687 1300 5761 πέμπτῃ,
1333 5684 1600 5755 ἑσπέρας.

519 5812 600 5884 (α)
655 5813 801 5872 Ειίίι.
835 5811 960 5872 ιω.
1015 5814 1198 5881 vortit,
1250 5805 1664 5882 ingredientibus
1721 5800 2024 5858 mulieribus
2050 5801 2238 5867 praeire
2279 5800 2544 5864 mulieres,
2594 5806 2641 5853 et
2685 5797 2876 5852 iterum
2908 5793 3289 5866 apparuiuein
3321 5791 3572 5864 sepulcro.
