3968 6460
291 326 398 389 481

849 332 1296 430 ENARRA'I‘IO
1338 336 1419 397 IN
1462 336 1853 401 EVANGELI’

2000 344 2390 408 ΜΑΤἸἩᾹΞΙ.
2433 374 2502 384 -
2540 351 2698 413 CAP.
2740 354 3016 420 XXVIII.

3450 357 3561 424 682

285 447 407 498 τῶν
446 445 689 516 ἐσχάτων
734 448 919 519 μερῶν
963 450 1058 503 τοῦ
1101 451 1350 523 σώματος
1392 455 1581 510 αὑτοῦ.
1624 456 1780 520 Τινὲς
1820 460 1848 513 δ

1986 462 2104 518 illas
2133 464 2349 528 fecisse,
2399 476 2456 521 ut
2492 468 2788 536 periculum
2824 470 3061 524 facerent
3112 486 3241 526 num
3291 487 3415 527 rere
3444 489 3559 525 sur-

285 556 463 605 φασιν
487 540 570 592 ὅτι
594 540 911 611 ἐξεπίτηδες
934 542 1229 614 ἐδράξαντο
1249 546 1359 600 τῶν
1384 546 1561 601 ποδῶν
1586 547 1774 614 αὑτοῦ,
1799 550 1876 615 ὡς

286 630 364 683 ἂν
401 630 647 699 μάθωσιν
678 634 725 684 εί
762 633 980 702 άληθῶς
1012 636 1209 707 ἀνέστη
1247 639 1341 692 καὶ
1379 638 1453 710 μὴ
1490 639 1633 694 κατὰ
1665 658 1871 710 φαντα-

286 722 439 785 σίαν,
472 722 607 793 μηδὲ
639 725 855 796 πνεῦμά
884 728 1052 785 ἐστιν.
1084 729 1376 784 ’Υπενόουν
1402 733 1511 803 γάρ
1540 733 1625 786 ὅτι
1653 734 1874 804 πνεῦμά

282 815 432 867 ἐστι.
484 812 619 868 Τότε
652 817 750 885 μέν
775 818 869 871 οὖν
897 821 950 873 αἱ
981 819 1074 874 δύο
1101 814 1264 875 αὗται
1294 824 1501 895 Μαρίαι
1528 824 1739 895 ἧψαντο
1767 825 1876 878 τῶν

284 902 475 956 ποδῶν
506 904 691 959 αὑτοῦ.
732 907 887 960 Κατὰ
926 907 981 961 δέ
1014 909 1107 962 τὺν
1143 910 1428 982 Ἰωάννην,
1465 915 1497 984 ἡ
1538 915 1872 987 Μαγδαληνὴ

278 994 480 1064 Μαρία
525 998 796 1069 ἐπιχειρεῖ
834 1000 932 1068 μέν
965 999 1240 1070 ἅψασθαι,
1274 1005 1335 1057 ού
1380 1010 1739 1075 συγχωρεῖται
1777 1008 1871 1073 δέ,

274 1089 427 1140 διότι
453 1087 645 1159 ἢθελεν
670 1090 757 1143 ἀεὶ
784 1094 1020 1145 συνεῖναι
1052 1094 1202 1164 αὐτῷ
1229 1093 1419 1165 ὥσπερ
1450 1098 1544 1150 καὶ
1577 1100 1867 1168 πρότερον.

278 1178 355 1228 Ἣ
409 1179 609 1247 μᾶλλον
649 1180 738 1233 διὰ
778 1180 937 1235 τοῦτο
979 1183 1039 1237 ού
1084 1189 1449 1257 συγχωρεῖται
1494 1187 1733 1257 ἅψασθαι
1773 1192 1868 1243 τοῦ

288 1274 477 1343 Ἰησοῦ
513 1276 650 1330 κατά
680 1277 771 1330 τὸν
807 1277 1079 1350 Ἰωάννην,
1110 1280 1186 1342 ὡς
1208 1284 1516 1353 περίεργος.
1556 1285 1709 1338 Ἐπεί
1730 1286 1860 1357 γὰρ,

220 1408 241 1445 λ
272 1365 357 1429 ὥς
399 1386 566 1438 φησιν
599 1372 627 1422 6
658 1370 958 1438 Ματθαὼς,
994 1373 1172 1443 ἥψατο
1206 1376 1372 1429 αὐτοῦ
1406 1377 1514 1429 τῶν
1552 1378 1747 1443 ποδῶν,
1781 1382 1866 1444 τίς

267 1452 345 1525 ἦν
383 1460 463 1511 ἔτι
488 1460 644 1528 χρεία
668 1460 828 1514 πάλιν
859 1461 1140 1531 Manabat;
1176 1465 1341 1518 Ὥστε
1373 1466 1448 1528 ὡς
1478 1468 1735 1537 περιττὴν
1767 1467 1861 1521 οὗ·

269 1565 385 1601 σαν
418 1550 605 1604 λοιπον
635 1553 807 1622 αὐτὴν
837 1553 1157 1609 ἀπωθεῖται.

354 1657 378 1691 ε
408 1642 798 1713 Πορευομένων
834 1645 891 1697 δέ
922 1647 1121 1712 αὐτῶν,
1157 1648 1265 1701 ἰδού
1300 1666 1444 1713 τινες
1478 1652 1573 1723 τῆς
1602 1671 1846 1707 κουστω-

265 1729 404 1794 δίας
434 1734 681 1798 ἐλθόντες
712 1736 793 1798 είς
822 1736 922 1806 τὴν
954 1738 1111 1790 πόλιν
1145 1740 1489 1810 ἀπήγγειλαν
1527 1747 1640 1807 τοῖς
1667 1746 1855 1816 ἀρχιε-

1991 555 2239 621 rexisset,
2275 570 2329 612 et
2357 573 2481 611 num
2514 559 2737 627 spiritus
2769 560 2842 615 sit
2864 560 2943 614 vel
2976 562 3317 631 phantasma.
3359 562 3561 617 Existi-

1988 645 2207 699 mabant
2238 646 2379 701 enim
2416 648 2666 716 spiritum
2711 664 2850 705 esse.
2894 648 3080 719 Itaque
3132 658 3259 707 tunc
3293 654 3409 706 dua:
3456 653 3557 708 illa:

1986 737 2173 791 Mariae
2205 739 2499 809 tangebam
2526 741 2688 810 pedes
2713 742 2848 808 eius.
2875 742 3077 798 Verum
3109 744 3258 813 juxta
3289 745 3553 801 Joannem

1989 828 2156 884 Maria
2187 830 2498 902 Magdalene
2538 842 2769 888 altentat
2799 833 3012 904 quidem
3043 846 3263 906 tangere
3295 836 3457 905 pedes
3484 837 3554 900 ",

1984 936 2092 975 non
2127 924 2442 978 conceditur
2479 934 2656 979 autem
2694 925 2765 991 ei,
2801 940 2867 981 eo
2897 927 3038 995 quod
3083 927 3294 981 volebat
3341 943 3557 995 semper

1985 1028 2207 1068 manere
2232 1029 2352 1068 cum
2373 1029 2437 1069 eo
2459 1015 2602 1069 sicut
2631 1016 2816 1085 prius:
2840 1016 2923 1070 vel
2954 1017 3133 1085 potius
3155 1017 3273 1072 ideo
3297 1034 3401 1071 non
3433 1034 3555 1071 cnu-

1982 1106 2193 1159 ceditur
2239 1107 2288 1159 ei
2344 1116 2570 1173 tangere
2628 1106 2809 1162 Jcsum
2852 1108 3005 1177 juxta
3064 1106 3352 1173 Joannem,
3411 1110 3552 1178 quod

1981 1197 2251 1251 curiosula
2285 1208 2421 1252 erat.
2472 1199 2609 1265 Quia
2661 1201 2830 1265 enim,
2886 1202 3030 1255 sicut
3075 1201 3213 1255 dixit
3246 1202 3549 1265 Mattlueus,

1981 1290 2225 1359 tetigerat
2255 1292 2414 1359 pedes
2445 1291 2582 1360 ejus,
2630 1293 2758 1360 quid
2803 1294 2978 1347 adhuc
3022 1308 3158 1361 opus
3201 1304 3321 1348 erat
3356 1294 3549 1348 iterum

1978 1389 2197 1451 tangere
2225 1382 2246 1435 ?
2273 1391 2329 1436 et
2362 1383 2432 1437 ita
2466 1384 2740 1453 repellitur
2774 1386 2851 1439 uti
2883 1387 3120 1442 curiosa.

2042 1646 2206 1701 Vsus.
2240 1647 2432 1703 ll-l5.
2471 1666 2490 1701 ι
2534 1648 2665 1715 Quae
2695 1665 2814 1705 cum
2847 1652 3129 1717 abiissent,
3168 1666 3296 1708 ecce
3321 1655 3544 1724 quidam

1967 1750 1998 1790 e
2029 1737 2341 1791 custodibus
2372 1748 2639 1793 venerunt
2674 1739 2726 1793 in
2759 1741 3061 1805 civitatem,
3100 1756 3163 1795 ac
3201 1745 3547 1797 renuntiave.

266 1824 473 1892 ρεῦσιν
507 1824 725 1879 ᾶπαντα
772 1828 841 1881 τά
873 1828 1164 1899 γενόμενα·
1198 1831 1294 1884 καὶ
1330 1833 1688 1903 συναχθέντες
1719 1837 1853 1906 μετὰ

1966 1837 2091 1880 runt
2122 1829 2453 1899 principibus
2486 1831 2830 1886 sacerdotum
2855 1834 3037 1886 omnia
3062 1849 3181 1903 qua:
3211 1834 3541 1889 acciderant.

262 1917 394 1971 τῶν
420 1919 829 1989 πρεσὸυτέρων,
866 1920 1190 1991 συμϐούλιόν
1214 1941 1275 1976 τε
1306 1923 1584 1993 λαϐόντες,
1615 1928 1856 1999 ἀργύρια

264 2012 448 2067 ίκανὰ
478 2014 685 2066 ἔδωκαν
730 2016 844 2077 τοῖς
917 2015 1303 2085 στρατιώταις,
1337 2018 1586 2086 λέγοντες
1606 2035 1622 2051 ο
1654 2020 1857 2074 Εἴπατε

262 2104 390 2167 ὅτι,
414 2106 477 2157 Οἱ
498 2106 733 2175 μαθηταὶ
757 2106 921 2159 αὐτοῦ
949 2108 1138 2169 νυκτὸς
1159 2109 1425 2173 ἐλθόντες,
1443 2111 1675 2182 ἔκλεψαν
1695 2112 1856 2167 αὑτὸν

262 2197 441 2265 ἡμῶν
494 2202 876 2269 κοιμωμένων·
912 2202 1006 2252 καὶ
1052 2200 1146 2253 ἐὰν
1176 2203 1418 2274 ἀκουσθῇ
1451 2202 1612 2258 τούτο
1645 2206 1738 2258 ἐπὶ
1761 2206 1855 2259 τοῦ

258 2288 572 2356 ἡγεμόνος,
605 2291 767 2358 ἡμεῖς
814 2291 1078 2361 πείσομεν
1121 2293 1305 2356 αὑτὸν,
1344 2296 1437 2346 καὶ
1482 2295 1624 2365 ὑμᾶς
1667 2298 1861 2367 ἀμερί-

274 2397 464 2449 μνους
482 2385 804 2452 ποιήσομεν.
833 2385 895 2436 Οἱ
913 2385 990 2447 δὲ,
1028 2385 1282 2448 λαϐόντες
1298 2385 1363 2439 τὰ
1387 2388 1645 2458 άργυρία,
1670 2390 1858 2459 ἐποίηο

259 2487 379 2524 σαν
409 2475 485 2535 ὼς
511 2473 887 2544 ἐδιδάχθησαψ
932 2474 1030 2527 καὶ
1075 2474 1411 2547 διεφημίσθη
1451 2477 1479 2527 6
1506 2478 1665 2547 λόγος
1699 2474 1853 2544 οὗτος

258 2563 431 2631 παρὰ
472 2563 744 2628 Ἰουδαίοις
783 2564 943 2635 μέχρι
983 2564 1083 2634 τῆς
1138 2568 1402 2637 σήμερον.
1440 2587 1458 2619 ι
1499 2570 1561 2622 Οἱ
1597 2570 1697 2639 μὲν
1740 2573 1851 2624 ἀπδ

254 2653 376 2715 τῆς
420 2655 744 2719 κουστωδίας
803 2657 1154 2727 ἀπήγγειλαν
1206 2660 1384 2713 πάντα
1423 2678 1435 2689 ·
1493 2660 1574 2714 ὃτι
1635 2664 1855 2732 σεισμὸς

258 2743 512 2806 ἐγένετο,
558 2746 641 2798 ὅτι
693 2747 721 2798 6
776 2746 921 2808 λίθος
980 2746 1123 2817 ἠρθη
1188 2747 1546 2819 αὐτομάτως,
1582 2750 1665 2803 ὅτι
1700 2752 1853 2805 αὐτοὶ

259 2835 609 2906 φοϐηθέντες
660 2838 909 2906 ἐγένοντο
953 2839 1088 2891 ὡσεὶ
1125 2837 1333 2910 νεκροί.
1392 2841 1456 2893 Oi
1505 2840 1563 2893 δέ
1606 2841 1853 2895 Ἰουδαῖοι

257 2926 400 2981 οὔτε
454 2926 523 2982 τά
560 2928 652 2981 ἐπὶ
691 2928 770 2999 τῷ
814 2930 976 2984 πάθει
1013 2916 1281 3000 γενόμενα
1315 2928 1591 2999 θαύματα,
1622 2931 1745 2985 οὔτε
1783 2934 1851 2986 τά

258 3020 368 3069 ἐπὶ
408 3018 485 3086 τῷ
518 3020 678 3088 τάφῳ
714 3020 1138 3092 μαρτυρούμενα
1170 3020 1322 3090 παρὰ
1350 3019 1462 3073 τῶν
1502 3022 1852 3091 στρατιωτῶν

261 3111 718 3180 δυσωπηθέντες,
746 3113 822 3182 τῷ
853 3113 969 3183 ίδίῳ
998 3112 1162 3166 πάθει
1189 3115 1254 3184 τῇ
1294 3112 1629 3185 φιλαργυρίᾳ
1652 3115 1850 3169 ύπονο-
1881 3144 1927 3207 C

262 3202 498 3255 Θεύουσι
538 3205 665 3267 τοὺς
698 3204 1056 3274 στρατιώτας,
1083 3205 1511 3276 παραπείθοντες
1545 3207 1742 3270 αὐτοὺς
1790 3208 1849 3261 τὸ

260 3296 498 3350 πάντων
540 3295 901 3367 ἀσεϐέστερον
933 3297 1269 3366 φθέγξασθαι
1321 3298 1415 3352 καὶ
1468 3298 1846 3370 ἀνοητότερον,

255 3386 354 3438 ὅτι
406 3386 637 3456 ἐκλάπη.
683 3385 803 3450 Πῶς
841 3388 951 3458 γάρ
993 3389 1061 3442 ἂν
1110 3388 1364 3458 ἔκλεψαν,
1419 3384 1464 3440 ὦ
1511 3390 1751 3459 ἀνόητοι,
1799 3392 1847 3443 oi

262 3479 539 3549 μαθηταὶ,
574 3482 620 3532 oi
672 3479 759 3531 διὰ
789 3480 881 3533 τὸν
914 3479 1079 3548 φόϐον
1134 3480 1590 3543 ἀποκλεισθέντες
1638 3481 1733 3534 καὶ
1771 3481 1846 3550 μὴ

258 3570 576 3637 τολμῶντες
619 3572 755 3635 ὅλως
808 3572 1087 3639 ἐξελθείνς
1122 3574 1245 3638 Πῶς
1276 3575 1319 3628 δ’
1373 3576 1444 3628 ἂν
1489 3577 1538 3628 εί
1591 3573 1844 3642 ἔκλεψαν,

267 3662 623 3733 ἀπέθνησκον
672 3664 902 3734 ὕστερον
960 3664 1029 3718 δι’
1081 3665 1277 3740 αιύτδν,
1340 3668 1704 3737 κηρύττοντες
1765 3668 1846 3722 ὅτι

271 3755 503 3824 ἀνέστη,
528 3758 622 3808 καὶ
653 3756 793 3826 ύπέρ
820 3755 915 3810 τοῦ
938 3755 1167 3826 ψεύδους
1193 3760 1660 3829 κατακοπτόμενοι
1687 3776 1701 3827 ;

343 3957 366 3990 ι
409 3938 472 3993 Οί
503 3938 559 3991 δέ
589 3938 781 3992 ἕνδεκα
813 3940 1055 4009 μαθηταὶ
1088 3940 1466 4012 ἐπορεύθησαν
1507 3942 1587 4005 είς
1616 3942 1715 4009 τὴν
1739 3943 1843 3996 Γα-

265 4030 487 4083 λιλαίαν
510 4071 526 4095 ,
561 4031 641 4093 είς
688 4031 749 4083 τὸ
802 4030 927 4099 δρος
964 4026 1027 4084 οὗ
1065 4032 1296 4098 ἐτάξατο
1345 4033 1528 4096 αὐτοῖς
1554 4035 1582 4086 6
1615 4032 1841 4102 Ἰησοῦςο

262 4123 363 4173 καὶ
398 4121 596 4183 ἰδόντες
649 4120 833 4187 αὑτὸν,
866 4121 1283 4192 προσεκύνησαν
1329 4123 1499 4193 αὐτῷ’
1528 4124 1577 4176 oi
1626 4123 1682 4176 δὲ
1735 4124 1844 4177 ἐδί-

265 4230 498 4268 στασαν.
550 4214 661 4267 Καὶ
695 4211 1009 4284 προσελθὼν
1032 4214 1061 4265 6
1106 4212 1312 4284 Ἰησοῦς
1340 4212 1599 4285 ἐλάλησεν
1641 4214 1841 4280 αὐτοῖς,

258 4308 463 4375 λέγων·
506 4305 693 4375 Ἐδόθη
731 4322 821 4376 μοι
856 4308 1006 4359 πᾶσα
1039 4306 1257 4372 ἐξουσία
1288 4308 1348 4360 ἐν
1387 4306 1601 4378 οὐρανῷ
1632 4306 1725 4360 καὶ
1751 4307 1845 4359 ἐπὶ

263 4397 370 4465 γῆς
403 4413 416 4425 ’
468 4395 829 4465 πορευθέντες
895 4395 1275 4466 μαθητεύσατε
1320 4397 1498 4451 πάντα
1541 4397 1610 4451 τὰ
1667 4396 1793 4465 ἐθνη
1826 4438 1840 4462 ,

1969 1918 2037 1974 Ει
2066 1923 2377 1992 congregati
2406 1938 2527 1977 cum
2552 1923 2877 1989 senioribus,
2908 1926 3135 1980 consilio
3161 1926 3344 1981 habito
3379 1942 3545 1997 pecu-

1969 2014 2112 2067 niam
2144 2014 2421 2083 copiosam
2450 2016 2715 2071 dederunt
2738 2017 3024 2085 militibus,
3061 2019 3338 2074 dicentes:
3371 2018 3545 2075 Dicite

1965 2105 2106 2174 quod
2141 2104 2395 2176 Discipuli
2428 2109 2545 2176 ejus
2588 2118 2744 2163 nocte
2781 2120 3070 2176 venerunt,
3111 2120 3165 2164 et
3194 2110 3359 2165 furati
3415 2120 3543 2167 sunt

1970 2210 2092 2251 eum
2122 2199 2277 2253 nobis
2300 2200 2719 2255 dormientibus.
2746 2199 2811 2254 Et
2851 2202 2896 2256 si
2923 2203 3023 2257 hoc
3042 2204 3280 2257 auditum
3310 2203 3474 2259 fuerit
3510 2220 3542 2260 a

1966 2291 2213 2359 praeside,
2234 2305 2332 2345 nos
2351 2292 2796 2361 persuadebimus
2820 2294 2893 2359 ei,
2922 2302 2977 2348 et
2999 2310 3222 2351 securos
3251 2311 3343 2352 vos
3372 2294 3542 2353 facie.

1968 2398 2105 2438 lllllS.
2140 2384 2207 2437 At
2249 2384 2325 2437 illi
2375 2391 2601 2453 accepta
2638 2385 2866 2454 pecunia
2910 2385 3157 2442 fecerunt
3201 2390 3343 2444 sicut
3373 2399 3534 2444 erant

1962 2476 2173 2529 edocti:
2208 2484 2263 2530 et
2304 2474 2613 2546 divulgatus
2643 2485 2729 2530 est
2771 2478 2858 2532 hic
2905 2492 3085 2533 sermo
3136 2481 3275 2548 apud
3322 2479 3539 2536 Judaaos

1964 2579 2137 2634 usque
2178 2567 2229 2619 in
2263 2565 2584 2621 hodiernum
2610 2567 2777 2621 diem.
2819 2586 2837 2620 ι
2874 2567 3142 2623 Custodes
3169 2572 3537 2627 annuntiave-

1964 2665 2087 2709 runt
2112 2658 2313 2719 omnia,
2344 2657 2489 2726 quod
2523 2667 2680 2711 terrae
2707 2664 2884 2713 motus
2912 2657 3090 2712 factus
3115 2660 3206 2724 sit,
3231 2660 3374 2730 quod
3396 2661 3537 2730 lapis

1963 2759 2059 2813 per
2084 2760 2143 2799 se
2176 2746 2423 2801 sublatus
2456 2748 2547 2812 sit,
2582 2747 2725 2816 quod
2778 2746 2879 2818 ipsi
2934 2748 3106 2803 territi
3155 2749 3281 2804 facti
3338 2750 3538 2807 fuerint

1961 2837 2115 2905 quasi
2161 2838 2381 2891 mortui.
2415 2838 2484 2892 At
2518 2838 2687 2894 Judaei
2746 2849 2895 2893 tanto
2943 2840 3205 2894 miraculo
3247 2842 3376 2896 moti
3428 2857 3535 2899 non

1961 2940 2109 2992 sunt.
2139 2944 2313 3000 neque
2334 2930 2559 2985 demulsi
2591 2932 2869 2987 miraculis
2895 2946 3014 3002 qua:
3044 2932 3099 2986 in
3131 2932 3378 3001 passione
3402 2947 3535 2988 con.

1961 3024 2231 3091 tigerunt,
2284 3035 2462 3090 neque
2516 3022 2715 3091 placati
2763 3022 2870 3077 illis
2926 3038 3044 3091 quae
3102 3022 3533 3079 teatiticabantur

1960 3112 2235 3173 custodes,
2262 3126 2361 3165 suo
2395 3111 2559 3176 malo,
2595 3113 2699 3167 hoc
2746 3121 2831 3167 est
2891 3113 3141 3179 avaritia,
3178 3113 3377 3168 milites
3404 3128 3530 3169 cor-

1961 3213 2237 3272 rumpunt.
2260 3203 2593 3259 Persuadere
2615 3214 2792 3259 autem
2818 3215 3105 3271 conantur,
3123 3206 3263 3275 quod
3288 3208 3526 3261 omnium

1958 3299 2190 3351 maxime
2217 3297 2444 3367 impium
2472 3306 2527 3351 et
2549 3296 2932 3352 stultissimum
2968 3298 3131 3352 fuerit
3158 3300 3361 3365 dicere,
3382 3300 3527 3370 quod

1956 3386 2105 3442 furto
2135 3389 2385 3444 sublatus
2409 3399 2574 3444 esset.
2597 3388 2715 3455 Quo
2745 3400 2902 3458 pacto
2922 3391 3089 3455 enim,
3114 3404 3147 3445 ο
3173 3391 3347 3457 stulti,
3368 3390 3531 3446 furati

1954 3492 2140 3536 essent
2189 3483 2460 3551 diacipuli,
2511 3484 2599 3552 qui
2658 3496 2769 3550 pra:
2826 3490 2972 3535 metu
3020 3481 3214 3536 inclusi
3253 3491 3428 3549 erant,
3474 3492 3529 3537 et

1954 3575 2175 3628 omnino
2224 3576 2374 3628 exire
2422 3587 2527 3628 non
2576 3572 2881 3628 audebant?
2930 3573 3211 3639 Quomodo
3249 3584 3429 3629 autem
3481 3575 3527 3629 si

1954 3666 2100 3721 furto
2176 3667 2566 3734 abstulissent,
2625 3677 2811 3735 postea
2878 3674 3099 3733 propter
3175 3665 3325 3720 illum
3390 3667 3527 3722 mori

1954 3758 2271 3822 voluissent,
2316 3757 2670 3824 praedicantes
2710 3754 2860 3808 illum
2894 3751 3278 3819 resurrexisse,
3328 3762 3383 3808 et
3426 3767 3528 3822 pro

1952 3849 2236 3903 mendacio
2270 3851 2407 3901 male
2437 3847 2653 3902 aﬂ‘ecti?

2030 3941 2189 3994 Vsus.
2230 3938 2415 3992 i630.
2457 3956 2475 3989 ι
2508 3934 2769 3991 Undecim
2800 3945 2979 3990 autem
3003 3936 3247 4005 discipuli
3277 3937 3527 3991 abierunt

1953 4035 2008 4088 in
2041 4033 2315 4087 Galilaeam
2354 4032 2404 4084 in
2439 4040 2679 4083 montem
2720 4029 2808 4083 ubi
2836 4029 3193 4083 conStituerat
3218 4027 3323 4083 illis
3338 4026 3520 4081 Jesus.

1952 4126 2017 4179 Et
2045 4140 2166 4179 cum
2199 4122 2459 4177 vidissent
2481 4120 2651 4181 illum,
2675 4121 3037 4175 adoraverunt
3073 4134 3220 4184 eum,
3257 4119 3309 4172 lti
3343 4128 3522 4173 autem

1952 4215 2348 4270 dubitaverunt.
2379 4212 2443 4265 Et
2486 4212 2752 4266 accedens
2775 4208 2935 4265 Jesus
2964 4210 3173 4265 locutus
3197 4218 3284 4263 est
3319 4209 3401 4264 eis
3434 4208 3526 4262 diu

1950 4323 2113 4364 cens:
2150 4306 2285 4360 Data
2315 4315 2396 4359 est
2436 4304 2566 4358 mihi
2597 4306 2777 4359 omnis
2820 4312 3057 4372 potestas
3093 4304 3147 4357 in
3178 4300 3317 4357 ccelo
3362 4310 3417 4356 et
3470 4302 3523 4356 in

1952 4407 2133 4463 terra;
2170 4407 2363 4454 euntes
2399 4409 2530 4465 ergo
2561 4398 2751 4451 docete
2783 4408 2974 4447 omnes
3004 4403 3213 4464 gentes,
3242 4392 3526 4460 baptizan-

266 4483 621 4557 βαπτίζοντες
641 4487 837 4551 αὐτοὺς
867 4488 946 4551 είς
969 4488 1030 4540 τὸ
1045 4487 1214 4558 ὄνομα
1242 4488 1336 4541 τοῦ
1362 4487 1603 4558 Πατρὸς,
1628 4491 1723 4541 καὶ
1747 4488 1839 4541 τοῦ

1964 4505 2029 4545 es
2059 4505 2152 4559 eos
2178 4489 2230 4544 in
2255 4488 2477 4543 nomine
2503 4487 2702 4552 Patris,
2730 4496 2785 4539 et
2820 4485 2965 4549 Filii,
2993 4493 3046 4537 et
3073 4484 3306 4552 Spiritus
3325 4483 3521 4547 sancti,

267 4578 429 4642 Υίοῦ,
464 4578 561 4631 καὶ
590 4576 686 4631 τοῦ
708 4578 867 4646 ἁγίου
902 4577 1241 4647 Πνεύματος,
1273 4578 1617 4641 διδάσκοντες
1644 4579 1843 4641 αὐτοὺς

262 4672 455 4740 τηρεῖν
510 4668 691 4723 πάντα
731 4669 833 4723 ὃσα
873 4668 1233 4740 ἐνετειλάμην
1262 4670 1412 4739 ὑμῖν,
1458 4668 1553 4722 καὶ
1588 4668 1698 4723 ίδοὺ
1734 4668 1845 4737 ἐγὼ

267 4762 386 4832 μεθ’
434 4760 589 4833 ὑμῶν
631 4764 747 4832 εἰμι
787 4761 966 4826 πάσας
1000 4761 1099 4824 τὰς
1122 4760 1358 4833 ἡμέρας,
1386 4761 1491 4825 ἕως
1522 4762 1619 4833 τῆς
1655 4777 1847 4814 συντε-

266 4854 416 4919 λείας
476 4852 572 4908 τοῦ
628 4854 845 4917 αίῶνος.
889 4873 909 4905 ι
955 4853 1112 4907 Κατὰ
1159 4852 1248 4905 τὸν
1316 4851 1573 4923 Ἰωάννην
1630 4850 1846 4921 πρῶτον

268 4946 425 5016 ὠφθη
457 4947 570 5008 τοῖς
597 4946 863 5016 μαθηταῖς
882 4946 909 4996 6
936 4942 1142 5013 Ἰησοῦς
1175 4943 1296 4997 κατ’
1313 4942 1482 5013 αὐτὴν
1507 4943 1604 5012 τὴν
1634 4941 1846 5011 ἡμέραν

266 5037 364 5105 τῆς
419 5036 797 5100 ἀναστάσεως,
850 5035 961 5089 τῶν
1018 5035 1197 5106 θυρῶν
1256 5036 1695 5106 κεκλεισμένων
1726 5030 1846 5089 εἶτα

270 5129 390 5198 μεθ’
410 5128 629 5199 ἡμέρας
648 5129 813 5194 ὀκτὼ,
842 5129 930 5181 ὅτε
957 5128 1050 5181 καὶ
1076 5129 1104 5181 6
1131 5128 1332 5197 Θωμᾶς
1359 5129 1693 5182 ἐπίστευσεν·
1727 5124 1846 5181 εἶτα

269 5219 459 5288 ἐπειδὴ
488 5218 711 5289 ἔμελλον
768 5220 846 5283 εἰς
890 5219 1179 5273 Γαλιλαίαν
1213 5220 1541 5289 ἀπαντῆσαι,
1597 5217 1752 5273 ούπω
1785 5219 1844 5274 δὲ

268 5312 471 5373 πάντες
506 5310 640 5379 ὁμοῦ
676 5311 1043 5381 συνήχθησαν,
1078 5311 1217 5365 ἀλλά
1248 5326 1394 5374 τινες
1418 5309 1600 5365 αὐτῶν
1630 5310 1846 5382 ηλίευον

270 5403 368 5456 επέ
420 5402 522 5472 τῆς
565 5403 692 5455 Τιὸε
708 5404 912 5473 ριάδος,
937 5404 1110 5473 ἐφάνη
1141 5403 1263 5455 τότε
1308 5405 1419 5466 τοῖς
1442 5402 1717 5457 άλιεύοιισι
1748 5404 1847 5474 μόο

271 5510 405 5562 νοις,
429 5494 569 5550 ἐπτὰ
587 5492 727 5550 οὖσι.
753 5494 865 5548 Νῦν
894 5494 987 5548 οὖν
1009 5496 1036 5548 ὃ
1055 5512 1219 5565 φησιν
1244 5496 1272 5547 6
1301 5495 1596 5559 Ματθαῖος,
1622 5492 1848 5566 ὕστερον

278 5587 532 5655 ἐγένετο,
576 5587 686 5641 τῶν
741 5587 894 5658 παρά
943 5586 1023 5659 τῷ
1065 5588 1289 5660 Ἰωάννῃ
1316 5587 1578 5659 πρότερον
1618 5588 1847 5658 γενομέ-

350 5763 396 5796 ⁷⁶
424 5763 581 5821 Joan.
627 5780 719 5831 xx,
755 5763 842 5817 l7.

1944 4577 2199 4637 docentes
2241 4594 2335 4636 eos
2401 4593 2624 4634 servare
2679 4579 2859 4632 omnia
2915 4590 3251 4646 quacunque
3292 4575 3522 4645 praecepi

1945 4674 2116 4728 vobis.
2152 4672 2218 4726 Et
2245 4684 2373 4726 ecce
2401 4685 2501 4739 ego
2544 4670 2825 4724 vobiscum
2869 4684 2989 4723 sum
3025 4669 3281 4724 omnibus
3328 4668 3522 4721 diebus

1945 4777 2118 4834 usque
2163 4763 2230 4817 ad
2278 4760 2805 4817 consummationem
2860 4759 3066 4815 saeculi.
3125 4776 3147 4812 ι
3206 4756 3518 4811 Secundum

1946 4844 2231 4917 Joannem,
2274 4852 2508 4922 primum
2544 4850 2823 4920 discipulis
2860 4853 3010 4905 visus
3036 4858 3120 4905 est
3158 4847 3317 4903 Jews
3364 4846 3523 4918 166

1948 4946 2067 5015 ipso
2114 4943 2198 4998 die
2258 4943 2697 5008 resurrectionis,
2758 4942 2958 4998 clausis
3024 4942 3263 5013 jauuis:
3327 4941 3520 4996 deinde

1948 5046 2074 5108 post
2104 5036 2224 5092 dies
2250 5047 2396 5103 octo,
2418 5036 2634 5106 quando
2656 5047 2712 5093 et
2735 5035 2975 5091 Thomas
3012 5035 3278 5090 credidit:
3311 5043 3520 5104 postre-

1951 5142 2071 5192 mo,
2128 5127 2255 5195 quia
2312 5127 2363 5181 in
2438 5125 2715 5182 Galilaeam
2785 5126 3065 5181 occursuri
3116 5133 3318 5191 erant,
3381 5137 3519 5178 non-

1939 5218 2067 5275 dum
2111 5226 2288 5273 autem
2328 5232 2515 5273 omnes
2559 5218 2874 5287 congregati
2923 5225 3117 5283 erant,
3158 5217 3252 5272 sed
3297 5216 3515 5285 quidam

1943 5312 2295 5379 piscabantur
2318 5313 2457 5380 apud
2492 5309 2854 5378 Tiberiadem,
2889 5311 3140 5380 apparuit
3174 5319 3300 5364 tunc
3335 5309 3515 5379 pisca-

1946 5404 2154 5458 toribus
2186 5403 2334 5470 solis,
2370 5403 2462 5472 qui
2495 5410 2700 5472 septem
2760 5410 2937 5457 erant.
2984 5400 3138 5457 Nunc
3179 5399 3345 5472 igitur
3371 5400 3514 5469 quod

1946 5495 2083 5551 dixit
2105 5496 2409 5564 Mattheus,
2436 5493 2709 5565 posterius
2736 5492 2936 5554 factum
2970 5501 3055 5549 est
3089 5507 3252 5563 quam
3284 5491 3371 5545 illa
3395 5504 3515 5560 qua:

1948 5601 1980 5642 a
2012 5586 2222 5644 Joanne
2270 5588 2413 5643 dicta
2460 5592 2608 5642 sunt.
2646 5584 2801 5654 Sapo
2840 5585 2985 5641 enim
3029 5582 3279 5655 apparuit
3304 5582 3386 5639 eis
3417 5593 3515 5649 per
