3968 6460
480 281 591 345 «(83
1358 265 1936 334 THEOPHYLALTI
1982 259 2394 323 BULGARL’E
2430 259 2468 315 Α
2481 253 2790 314 RCHIEP.
3647 244 3739 307 £81

472 393 592 450 dies
620 385 998 458 quadraginta,
1041 385 1306 440 accedens
1338 393 1396 438 et
1423 380 1744 442 abscedens,
1778 391 1884 431 non
1914 390 2058 430 sem-

2186 385 2288 422 ων·
2325 365 2584 428 πολλάκις
2616 363 2724 432 γάρ
2752 360 2925 430 ἐφάνη
2959 357 3170 422 αὐτοῖς,
3205 355 3278 432 δι”
3309 355 3536 426 ἡμερῶν
3563 374 3739 414 τεσσα-

475 447 574 554 per
600 447 655 536 et
687 447 884 548 ubique
909 447 994 533 eis
1024 492 1286 548 przesens.
1321 475 1580 531 Undecitn
1612 474 1775 543 igitur
1803 467 2051 538 discipuli

2186 461 2402 514 »άκοντα
2471 454 2833 524 ἐφιστάμενος
2891 452 2988 503 καὶ
3045 450 3217 504 πάλιν
3249 447 3645 516 ἀφιστάμενος,
3687 455 3740 506 οὑ

475 577 552 630 illi
583 572 839 643 praecipui
868 587 990 625 eum
1020 571 1244 638 reliquis
1278 571 1529 623 omnibus
1560 570 1649 636 qui
1685 566 2057 634 sequebantur

2186 549 2390 603 πάντοτε
2426 547 2522 600 καὶ
2551 547 2729 600 διόλου
2763 544 2950 606 αὑτοῖς
2983 540 3329 612 συμπαρών.
3362 540 3428 594 Οἱ
3463 540 3555 594 οῦν
3576 543 3743 600 ἕνδεκα

475 665 778 723 Christum,
809 663 1112 714 adorabant
1139 674 1282 714 eum.
1306 659 1366 712 lli
1387 669 1564 712 autem
1591 659 1930 718 dubitarunt,
1953 652 2057 706 hoc

476 772 560 812 εει
589 759 680 826 qui
706 761 809 809 tam
843 755 1181 808 dubitarunt.
1217 753 1500 806 Probabile
1549 760 1634 804 est
1679 748 1821 816 quod
1850 747 1930 800 sic
1987 745 2060 799 sit

478 846 905 913 intelligendum.
960 842 1220 896 Undecim
1266 842 1516 894 abierunt
1550 840 1600 892 in
1653 837 1953 900 Galilaeam,
2003 843 2059 888 et

479 937 730 990 undecim
750 937 1116 988 :uloraverunt
1141 933 1312 985 illum.
1343 931 1403 985 lli
1429 940 1632 996 autem,
1658 929 1709 982 id
1739 939 1840 992 esl,
1867 925 2056 995 aliqui,

481 1024 620 1080 forte
647 1042 708 1079 ex
746 1026 830 1078 his
877 1026 967 1094 qui
1008 1039 1074 1076 ex
1105 1024 1443 1091 septuaginta
1498 1030 1678 1085 erant,
1726 1020 1793 1073 de
1841 1017 2062 1071 Christo

481 1119 843 1172 dulntarunt:
885 1126 1070 1184 postea
1124 1125 1305 1166 autem
1345 1124 1398 1165 et
1451 1111 1760 1166 cenlirmati
1813 1110 2060 1164 fuerunt.

484 1205 737 1258 Nonnulli
771 1205 849 1258 sic
886 1203 1196 1272 intelligunt
1221 1201 1362 1270 quod
1398 1202 1680 1256 Mattltaus
1708 1202 1924 1270 quidem
1956 1215 2061 1253 non

485 1298 832 1366 expresserit.
865 1296 1086 1364 quinam
1135 1296 1510 1349 dubitassent:
1563 1295 1705 1363 quod
1753 1293 2065 1348 autemiste

484 1388 690 1451 omisit,
724 1387 961 1442 Joannes
989 1388 1147 1451 dixit,
1185 1401 1376 1454 nempe
1403 1386 1546 1453 quod
1575 1383 1808 1438 Thomas
1843 1395 1990 1437 esset
2015 1384 2062 1438 is

485 1481 575 1550 qui
610 1481 904 1533 dubitarat.
942 1480 1106 1532 Forte
1130 1487 1309 1530 autem
1340 1485 1395 1530 et
1431 1491 1620 1529 omnes
1645 1475 1986 1534 dubitarunt,
2015 1474 2066 1528 id

485 1574 627 1641 quod
658 1569 831 1624 Lucas
861 1571 1010 1623 dicit.
1071 1569 1241 1622 Debes
1278 1567 1437 1635 igitur
1465 1568 1544 1620 sic
1575 1565 1897 1634 intelligere,
1924 1563 2066 1631 quod

487 1679 606 1715 cum
642 1663 916 1716 venissent
959 1661 1010 1713 in
1052 1659 1356 1721 Galilaaam,
1394 1659 1760 1712 adoravernnt
1795 1673 1942 1710 eum.
1985 1653 2063 1708 llli

487 1763 664 1805 autem
692 1752 783 1820 qui
807 1751 1105 1804 adorarunt
1139 1751 1189 1802 itt
1221 1747 1468 1810 Galilaea,
1493 1748 1723 1816 primttm
1753 1744 2068 1799 dubitarunt

489 1843 541 1896 in
585 1842 904 1906 Jerusalem,
947 1840 1288 1896 sicutLucas
1320 1841 1468 1895 dicit.
1498 1837 1733 1894 Locutus
1775 1847 1858 1891 est
1889 1837 2069 1904 itaque

491 1934 599 1986 illis
627 1931 786 1987 Jesus
816 1949 828 1982 :
871 1952 888 1984 ι
932 1931 1064 1986 Data
1091 1943 1174 1986 est
1207 1932 1336 1986 mihi
1366 1931 1545 1984 omnis
1584 1939 1821 1997 potesms
1845 1929 1898 1982 in
1934 1927 2070 1982 male

489 2035 545 2078 et
568 2025 620 2078 in
652 2033 851 2076 terra.»
879 2021 989 2076 lloc
1017 2023 1231 2091 quidem
1271 2023 1410 2075 hunc
1437 2036 1655 2076 sensum
1674 2021 1860 2074 habet:
1897 2019 2068 2074 Habui

491 2117 706 2184 quidem
745 2117 888 2170 sicut
931 2116 1072 2170 Deus
1106 2125 1161 2170 et
1207 2113 1400 2184 Opifex
1435 2122 1757 2183 potestatem
1791 2112 2068 2165 omnium:

501 2221 521 2256 ι
570 2202 762 2258 Omnia
793 2203 935 2256 enim
965 2205 1208 2258 serviunt
1242 2203 1335 2257 tibi
1366 2202 1434 2268 ",
1467 2220 1485 2254 ι
1517 2202 1652 2254 dixit
1675 2199 1740 2254 ad
1776 2201 1939 2254 Deum
1973 2199 2074 2253 Da-

495 2296 626 2351 vid:
689 2297 782 2351 sed
842 2297 1202 2351 voluntariam
1265 2296 1660 2365 subjectionetn
1719 2310 1824 2350 non
1887 2294 2072 2357 habui,

495 2403 839 2456 quamnunc
891 2388 1172 2443 habiturus
1211 2402 1352 2442 sum.
1412 2385 1665 2456 Subjecta
1718 2386 1863 2440 enim
1917 2393 2079 2438 erunt

496 2478 628 2534 mihi
660 2483 876 2535 omnia:
909 2481 1131 2549 quando
1163 2481 1378 2549 quidem
1421 2495 1516 2549 per
1550 2493 1770 2533 crucent
1813 2479 1916 2532 vici
1952 2493 2076 2532 eum

496 2573 588 2643 qui
640 2585 963 2643 potestatem
1023 2576 1260 2629 habebat
1311 2574 1524 2629 mortis.
1563 2575 1770 2643 Duplex
1814 2573 1959 2626 enim
1995 2584 2080 2626 est

497 2667 805 2721 obedientia
832 2678 882 2722 et
911 2668 1207 2737 subiectio:
1231 2667 1594 2722 involuntaria
1617 2667 1850 2727 scilicet,
1880 2679 2082 2720 secun-

499 2760 626 2811 dum
666 2775 828 2828 quam
877 2775 1071 2814 omnes
1119 2776 1312 2816 sumus
1354 2761 1496 2814 servi
1538 2760 1651 2824 Dei,
1691 2760 1854 2812 etiam
1901 2758 2078 2826 inviti,

500 2848 958 2916 quemadmodum
1016 2859 1072 2904 et
1129 2851 1400 2904 daemones
1448 2849 1597 2919 ipsi:
1645 2859 1698 2904 et
1750 2847 2080 2912 voluntaria,

502 2942 809 3009 quodmodo
847 2941 1040 2997 Paulus
1090 2954 1209 2996 erat
1257 2957 1450 2996 servus
1488 2943 1722 2997 Christi.
1769 2943 1902 2997 Cum
1932 2941 2081 3011 prius

501 3034 682 3088 omnia
703 3035 872 3087 solam
897 3035 1266 3089 obedientiam
1286 3033 1703 3088 involuntariam
1739 3034 2080 3098 exhiberent,

505 3133 561 3178 et
595 3125 852 3179 Salvator
885 3126 1125 3179 omnium
1161 3135 1484 3195 potestatem
1534 3127 1690 3195 quasi
1745 3126 2082 3180 dimidiatam

506 3214 764 3270 haberet:
788 3228 905 3284 post
931 3231 1171 3281 crucem,
1193 3233 1314 3272 eum
1343 3216 1435 3271 Dei
1461 3217 1702 3286 cognitio
1723 3218 2085 3272 innotesceret

506 3308 779 3373 omnibus,
816 3311 1003 3363 habuit
1035 3311 1198 3363 etiam
1223 3310 1531 3366 voluntarie
1557 3310 1872 3365 oliedientes
1897 3325 2084 3364 omnes

508 3398 600 3466 qui
641 3398 870 3466 subjecti
905 3399 1143 3454 fuerunt.
1170 3400 1364 3455 Merito
1417 3401 1580 3470 igitur
1614 3401 1746 3455 dicit
1799 3400 2082 3455 Christus:

508 3485 663 3541 Nunc
701 3490 886 3554 accepi
924 3498 1244 3557 potestatem
1286 3505 1533 3544 omnem:
1565 3491 1714 3558 prius
1760 3492 1905 3546 enim
1957 3506 2086 3562 par-

510 3580 668 3636 tiaria
705 3592 943 3648 potestas
974 3582 1102 3636 mihi
1142 3592 1279 3645 erat,
1315 3599 1380 3639 eo
1414 3587 1552 3654 quod
1585 3595 1781 3653 praeter
1831 3585 2085 3640 volunta-

513 3681 621 3726 tem
648 3671 780 3728 mihi
815 3672 975 3727 veluti
994 3671 1184 3728 factori
1205 3675 1548 3729 serviebant:
1578 3691 1721 3731 nunc
1755 3685 1934 3730 autem
1963 3691 2085 3732 cum

515 3764 761 3819 homines
789 3775 979 3834 Sponte
1001 3775 1058 3819 et
1087 3767 1322 3820 scientes
1354 3767 1484 3820 mihi
1524 3767 1790 3832 serviant,
1825 3769 2002 3823 omnis
2033 3777 2090 3823 et

523 3857 731 3925 integra
764 3867 1004 3926 potestas
1045 3859 1173 3913 mihi
1210 3861 1333 3914 data
1386 3869 1489 3914 est.
1521 3861 1565 3912 A
1596 3877 1703 3929 quo
1741 3871 1919 3917 autem
1965 3862 2086 3915 data

512 3959 597 4002 est
623 3947 740 4002 illi?
774 3947 1005 4004 Omnino
1034 3965 1064 4004 a
1095 3953 1382 4020 semetipso
1425 3953 1636 4018 habuit,
1671 3963 1725 4007 et
1767 3968 1864 4007 sua
1913 3952 2090 4007 humi-

513 4036 685 4094 litate.
712 4038 826 4094 Nisi
851 4043 995 4096 enim
1038 4042 1354 4096 humiliatus
1396 4043 1612 4108 inisset,
1655 4055 1710 4098 et
1765 4060 2090 4116 congressus

511 4143 635 4182 cum
666 4130 981 4185 adversario
1009 4147 1104 4199 per
1135 4148 1373 4196 crucem,
1414 4149 1521 4188 non
1563 4134 1826 4190 salvasset
1872 4150 1991 4190 nos.
2023 4136 2092 4192 Et

511 4218 594 4272 sic
616 4219 870 4288 intellige,
897 4220 1061 4274 «Data
1084 4224 1314 4292 estltnihi
1333 4224 1511 4279 omnis
1528 4234 1816 4294 potestas,»
1853 4226 2092 4298 Propriis

516 4311 654 4365 meis
683 4313 1074 4368 certaminibus
1099 4325 1153 4368 et
1181 4315 1460 4372 laboribus
1486 4321 1695 4372 servavi
1731 4320 1889 4391 167
1916 4321 2092 4376 homi-

2109 3077 2155 3138 C

2163 641 2405 711 μαθηταὶ
2461 640 2511 691 οἱ
2557 639 2879 708 κορυφαῖοι,
2938 635 3033 686 σὺν
3090 634 3209 687 τοῖς
3279 629 3492 693 λοιποῖς
3547 634 3743 698 πάντως

2162 731 2336 785 ἆπασι
2366 733 2478 793 τοῖς
2525 726 2907 790 ἀκολουθοῦσι,
2943 725 3023 795 τῷ
3053 723 3291 794 Χριστῷ
3322 723 3740 794 προσεκύνησαν·

2159 825 2211 878 οἱ
2269 823 2325 877 δὲ
2379 822 2665 875 ἐδίστασαν
2703 837 2714 851 ·
2764 819 2885 870 ἀντὶ
2947 817 3064 881 τοῦ,
3121 815 3280 878 τνές
3337 814 3395 867 δὲ
3459 816 3742 875 ἐδίστασαν.

2161 922 2322 985 Εἰκὸς
2362 921 2453 976 οῦν
2496 919 2641 972 οὑτω
2687 917 2980 988 νοηθῆναι·
3015 915 3079 966 0t
3121 913 3332 968 ἕνδεκα
3372 895 3608 983 ιῖαθηταὶ
3639 916 3747 970 ἑπο-

2166 1015 2438 1087 ρεύθησαν
2465 1015 2543 1076 εἰς
2569 1013 2669 1080 τὴν
2698 1009 3012 1072 Γαλιλαίαν,
3035 1009 3128 1060 καὶ
3155 1005 3592 1076 προσεκύνησαν
3615 1008 3746 1080 αὑτῷ

2163 1108 2213 1159 οἱ
2254 1107 2468 1159 ἕνδεκα.
2519 1106 2579 1157 Οί
2619 1103 2697 1166 δὲ,
2750 1102 2871 1156 ἀντὶ
2900 1100 3027 1163 τοῦ.
3067 1099 3219 1162 τινὲς
3249 1099 3329 1161 δέ,
3359 1099 3523 1169 τυχὸν
3572 1101 3630 1153 ἐκ
3655 1101 3746 1156 τῶν

2165 1197 2565 1266 ἐϐδομήκοντα,
2600 1194 2887 1248 ἐδίστασαν
2921 1194 3050 1263 περὶ
3077 1191 3172 1245 τοῦ
3209 1191 3482 1262 Χριστοῦ.
3507 1193 3747 1266 Ὕστερον

2169 1265 2784 1358 μέντοιγέὄεδαιώθησαν
2807 1285 2900 1338 καὶ
2934 1284 3108 1338 αὑτοί.
3145 1283 3318 1346 Τινὲς
3358 1284 3417 1338 δὲ
3447 1284 3588 1339 οὑτω
3615 1265 3745 1341 voco:

2168 1396 2274 1441 σιν,
2309 1379 2390 1430 ὅτι
2419 1381 2446 1430 6
2482 1377 2581 1447 μὲν
2613 1378 2895 1438 Ματθαῖος
2944 1377 3199 1445 παρῆκεν
3246 1378 3428 1428 εἰπεῖν
3454 1377 3593 1441 τίνες
3621 1375 3743 1449 ἦσαν

2167 1472 2214 1524 οἱ
2249 1471 2624 1534 διστάσαντες·
2653 1467 2680 1521 ὃ
2719 1469 3060 1538 δὲοπαρῆκεν
3100 1463 3287 1531 οὗτος,
3320 1464 3481 1522 εἶπεν
3525 1473 3552 1523 6
3588 1471 3744 1524 Ἰωάν-

2170 1581 2292 1632 νης,
2321 1565 2402 1616 ὅτι
2435 1563 2637 1632 Θωμᾶς
2663 1557 2730 1633 ἦν
2759 1563 2788 1615 6
2815 1561 3095 1623 διστάσας·
3137 1561 3308 1629 τυχὸν
3351 1561 3410 1613 δὲ
3447 1562 3540 1614 καὶ
3569 1541 3744 1628 πάντες

2171 1657 2481 1710 ἐδίστασαν·
2511 1659 2648 1726 ὅπερ
2674 1656 2702 1708 6
2747 1656 2963 1717 Λουκᾶς
3003 1654 3174 1724 λέγει.
3213 1654 3495 1723 Ὀφείλεις
3513 1649 3604 1708 οῦν
3625 1655 3745 1711 οὑτω

2177 1753 2392 1821 νοῆσαι,
2425 1749 2510 1804 ὅτι
2559 1751 2641 1811 εἰς
2675 1747 2774 1818 μὲν
2803 1747 2903 1818 τὴν
2941 1747 3246 1800 Γαλιλαίαν
3292 1746 3566 1811 ἐλθόντες,
3596 1767 3743 1818 προσ-

2172 1841 2444 1911 εκύνησαν
2481 1840 2631 1910 αὑτῷ
2657 1855 2669 1869 ·
2703 1831 2850 1892 οῦτοι
2885 1837 2940 1891 δὲ
2979 1841 3029 1891 oi
3071 1838 3568 1910 προσκυνήσαντες
3603 1841 3656 1892 ἐν
3685 1842 3738 1910 τῇ

2173 1935 2456 2004 Γαλιλαίᾳ,
2491 1933 2781 1986 ἐδίστασαν
2836 1931 3101 2003 πρότερον
3146 1933 3206 1984 ἐν
3248 1932 3318 2000 τῇ
3365 1929 3732 2002 Ἰερουσαλὴμ,

2172 2027 2248 2088 ὡς
2273 2028 2301 2079 6
2338 2027 2552 2088 Λουκᾶς
2582 2042 2769 2095 φησιν.
2813 2023 3106 2095 Ἐλάλησεν
3135 2018 3236 2077 οῦν
3263 2022 3454 2086 αὑτοῖς
3482 2025 3509 2075 6
3544 2023 3742 2095 Ἰησοῦς,

2172 2117 2283 2170 ὄττι
2306 2115 2493 2184 Ἐδόθη
2519 2133 2610 2185 μοι
2626 2116 2776 2168 πᾶσα
2801 2114 3020 2182 ἐξουσία
3039 2117 3095 2167 ἐν
3122 2114 3458 2185 οὑρανῷκαὶ
3479 2114 3568 2167 ἐπὶ
3595 2115 3737 2182 γῆς.»

2177 2209 2348 2261 Τοῦτο
2401 2207 2460 2261 δὲ
2491 2207 2734 2261 τοιοῦτόν
2764 2207 2938 2260 ἐστιν⁹
2979 2202 3137 2276 Εἶχον
3166 2207 3274 2276 μὲν
3301 2205 3380 2270 ὼς
3404 2205 3534 2269 Θεὸς
3555 2207 3638 2258 καὶ
3659 2209 3744 2274 Δη-

2181 2299 2438 2371 μιουργὺς
2481 2300 2579 2369 τὴν
2603 2297 2852 2364 ἐξουσίαν
2900 2299 3142 2361 πάντων,
3176 2314 3198 2349 ι
3239 2298 3326 2350 Τά
3351 2296 3632 2366 σύμπαντα
3651 2295 3740 2365 γὰρ

2176 2391 2341 2445 δοῦλα
2379 2391 2475 2457 σά,
2520 2409 2538 2443 ι
2577 2390 2714 2462 πρὸς
2753 2390 2845 2444 τὸν
2873 2389 3008 2443 Θεόν
3033 2407 3202 2460 φησιν
3235 2392 3264 2444 6
3294 2387 3480 2442 Δαυῒδο
3508 2387 3635 2442 άλλά
3661 2387 3740 2459 τὴν

2180 2482 2426 2536 ἑκούσιον
2471 2482 2754 2553 ὑποταγὴν
2800 2481 2902 2535 οὑκ
2949 2478 3118 2551 εἶχον.
3165 2480 3289 2534 Νῦν
3339 2478 3435 2533 οὖν
3463 2479 3631 2548 μέλλω
3663 2481 3739 2533 καὶ

2179 2571 2383 2641 ταύτην
2422 2571 2584 2636 ἐξειν-
2626 2572 3066 2642 ὑποταγήσονται
3113 2571 3224 2644 γάρ
3292 2588 3385 2641 μοι
3441 2570 3508 2624 τὰ
3568 2570 3735 2624 πάνταο

2181 2665 2303 2718 ἐπεὶ
2339 2663 2429 2716 διὰ
2476 2663 2570 2718 τοῦ
2624 2665 2862 2735 σταυροῦ
2892 2664 3120 2733 ἐνίκησα
3147 2664 3244 2716 τὸν
3273 2663 3337 2717 τὸ
3367 2663 3562 2734 κράτος
3579 2661 3739 2732 ἔχοντα

2181 2755 2275 2810 τοῦ
2321 2757 2577 2812 θανάτου.
2613 2758 2777 2827 Διττὴ
2813 2758 2921 2828 γάρ
2963 2758 3111 2810 ἐστιν
3147 2758 3182 2827 ὴ
3251 2756 3552 2825 ὑποταγή·’
3590 2760 3622 2826 η
3659 2755 3738 2824 μὲν

2183 2849 2462 2914 ἀκούσιος,
2495 2849 2632 2903 καθὸ
2679 2852 2891 2912 πάντες,
2927 2848 3104 2903 δοῦλοι
3151 2848 3252 2902 τοῦ
3307 2847 3447 2902 Θεοῦ
3479 2849 3637 2918 ἐσμεν
3659 2846 3736 2899 καὶ

2184 2942 2434 3004 ἄκοντες,
2466 2939 2658 3012 ὥσπερ
2689 2942 2782 2994 καὶ
2805 2941 2856 2993 oi
2885 2941 3161 3012 δαίμονες·
3183 2943 3218 3011 ἡ
3243 2939 3304 2994 δὲ
3349 2938 3607 3001 ἑκούσιος,
3626 2937 3737 2990 καθὸ

2189 3031 2402 3096 Παῦλος
2447 3032 2630 3094 δοῦλος
2685 3029 2754 3102 ἦν
2793 3032 3054 3104 Χριστοῦ.
3117 3032 3394 3104 Πρότερον
3427 3032 3524 3102 μὲν
3553 3029 3635 3084 οὑν
3657 3027 3737 3100 τὴν

2197 3126 2450 3180 ἀκούσιον
2495 3125 2664 3195 μόνην
2697 3124 2979 3195 ὑποταγὴν
3014 3124 3252 3194 ἐχόντων
3288 3125 3524 3187 πάντων,
3555 3122 3609 3185 ἐξ
3633 3123 3738 3190 ἡμι-

2196 3218 2366 3280 σείας,
2393 3217 2584 3287 ὧσπερ
2634 3213 2781 3286 εἶχεν
2819 3219 2849 3269 6
2880 3216 3071 3286 Σωτὴρ
3097 3216 3200 3286 τὴν
3238 3218 3457 3271 πάντων
3495 3213 3733 3279 ἐξουσίαν’

2197 3310 2334 3379 μετά
2353 3309 2409 3362 δὲ
2439 3309 2530 3362 τὸν
2563 3307 2816 3378 σταυρὸν,
2848 3306 2948 3376 τῆς
2985 3307 3319 3374 θεογνωσίας
3355 3305 3736 3376 ἐφαπλωθείσης

2195 3402 2372 3466 πᾶσι,
2435 3403 2532 3455 καὶ
2587 3401 2688 3471 τὴν
2746 3399 2993 3453 ἐκούσιον
3045 3399 3330 3471 ὑποταγὴν
3391 3397 3734 3466 ὑποταγέντων

2195 3495 2435 3561 πάντων,
2498 3495 2723 3558 εἰκότως
2761 3494 2928 3564 φησὶν
2982 3495 3010 3546 6
3038 3494 3296 3564 Χριστὸς,
3332 3494 3413 3547 ὅτι
3443 3492 3551 3546 Νῦν
3578 3489 3734 3544 ἔλαϐον

2197 3591 2376 3642 πᾶσαν
2410 3587 2509 3659 τὴν
2560 3586 2845 3651 ἐξουσίαν·
2901 3587 3164 3658 πρότερον
3217 3587 3318 3656 μὲν
3375 3585 3482 3655 γὰρ
3531 3581 3735 3654 μερικῶς

2197 3683 2414 3752 προσῆν
2447 3680 2596 3749 μοιή
2633 3677 2875 3746 ἐξουσία,
2902 3678 2979 3742 ὡς
3007 3678 3282 3742 ἀκουσίως
3318 3677 3475 3748 μόνον
3496 3672 3733 3728 δουλευόνο

2197 3789 2308 3827 των
2368 3789 2481 3843 μοι,
2526 3771 2662 3826 καθὸ
2709 3773 2941 3842 ποιητής
2968 3772 3105 3841 είμι·
3142 3771 3239 3824 νῦν
3269 3771 3326 3824 δὲ
3355 3770 3449 3824 καὶ
3490 3765 3616 3839 μετά
3641 3766 3736 3818 ἐπι·

2198 3867 2454 3938 γνώσεως
2477 3867 2836 3922 δουλευόντων
2869 3884 2959 3937 μοι
2987 3865 3097 3920 τῶν
3137 3865 3464 3938 ἀνθρώπων,
3495 3865 3629 3916 πᾶσα
3659 3860 3733 3911 καὶ

2197 3961 2494 4031 ὁλόκληρος
2530 3962 2564 4031 ἡ
2595 3959 2813 4026 ἐξουσία
2841 3958 2996 4029 ἐδόθη
3033 3976 3144 4029 μοι.
3178 3959 3338 4031 Παρά
3366 3958 3504 4021 τίνος
3529 3955 3580 4008 δὲ
3605 3950 3732 4020 ἐδόθη

2201 4052 2350 4123 αὑτῷ
2375 4070 2391 4119 ;
2422 4053 2494 4106 Ἦ
2526 4052 2744 4114 πάντως
2797 4053 2930 4123 παρ’
2958 4051 3153 4105 ἐαυτοῦ
3199 4053 3294 4105 καὶ
3322 4049 3422 4119 τῆς
3451 4046 3638 4109 οίκιίας
3658 4059 3734 4095 τα·

2201 4144 2532 4208 πεινώσεωςο
2564 4144 2614 4197 εί
2651 4144 2727 4217 μὴ
2762 4144 2873 4214 γὰρ
2921 4143 3264 4215 ἐταπεινώθη
3317 4143 3412 4200 καὶ
3463 4135 3731 4204 συνεπλάκη

2200 4238 2277 4308 τῷ
2299 4237 2581 4308 ἀντιπάλῳ
2609 4236 2698 4290 διά
2719 4235 2816 4292 τοῦ
2845 4235 3104 4310 σταυροῦ,
3135 4237 3236 4290 οὑκ
3275 4236 3344 4290 ἂν
3368 4233 3565 4289 ἔσωσεν
3590 4229 3726 4300 ἡμᾶς·

2202 4329 2341 4384 ὥστε
2361 4329 2422 4383 τὸ
2447 4348 2466 4382 ι
2493 4329 2678 4400 Ἐδόθη
2710 4346 2800 4400 μοι
2824 4329 3068 4397 ἐξουσία,
3097 4349 3117 4382 ι
3142 4328 3286 4384 οὑτω
3309 4328 3437 4383 νόει*
3465 4324 3552 4378 Ἐκ
3574 4320 3733 4376 τῶνοίυ
3759 4360 3761 4362 .

518 4415 640 4468 nes,
666 4411 720 4456 et
745 4401 874 4457 facti
918 4414 1046 4458 sunt
1071 4405 1199 4460 mihi
1228 4406 1281 4461 in
1309 4419 1510 4462 sortem
1545 4420 1598 4463 et
1626 4411 1948 4478 peculiarem
1979 4427 2080 4482 po-

2207 4422 2374 4476 κείων
2433 4438 2534 4493 μου
2595 4421 2824 4491 ἀγώνων
2865 4421 2962 4476 καὶ
3010 4421 3406 4491 παλαισμάτων
3441 4417 3602 4472 ισωσα
3628 4412 3731 4472 τοὺς

517 4493 725 4562 pulum.
773 4493 1037 4552 Dominus
1081 4498 1270 4568 itaque
1314 4515 1478 4570 super
1527 4511 1728 4558 terram
1775 4515 2080 4573 potestatetr

2201 4513 2549 4585 ἀνθρώπους,
2584 4513 2682 4567 καὶ
2711 4513 3092 4586 περιεγένοντό
3125 4530 3215 4585 μοι
3243 4511 3429 4566 λοιπὸν
3459 4507 3640 4578 κλῆρος
3657 4497 3732 4554 καὶ

517 4583 704 4649 habet,
737 4599 804 4639 eo
832 4589 979 4654 quod
1013 4589 1188 4643 omnis
1213 4600 1356 4645 terra
1403 4593 1619 4662 agnovit
1646 4595 1833 4652 illum:
1868 4597 1924 4649 in
1955 4597 2101 4653 casto

516 4685 722 4742 autem,
757 4692 823 4731 eo
860 4681 1006 4747 quod
1032 4695 1242 4736 merces
1270 4698 1332 4738 ac
1370 4686 1734 4755 municipatns
1765 4688 1980 4743 illorum
2007 4690 2101 4760 qni

519 4769 750 4824 credunt
778 4769 830 4826 in
849 4771 989 4826 ccelo
1013 4781 1118 4829 est.
1146 4775 1237 4828 Vel
1288 4777 1453 4831 etiam
1498 4779 1678 4844 aliter,
1702 4781 1830 4849 quia
1860 4783 2092 4838 humana

519 4869 710 4912 natura
764 4861 915 4929 prius
951 4865 1335 4929 condemnata,
1386 4883 1531 4922 nunc
1573 4870 1720 4923 unita
1780 4873 1871 4926 Dei
1927 4873 2103 4929 Verbo

523 4952 884 5017 personaliter
911 4953 966 5008 in
1020 4954 1160 5008 coelo
1193 4959 1368 5019 sedet,
1394 4969 1447 5011 et
1479 4960 1548 5013 ab
1585 4961 1790 5028 angelis
1822 4963 2101 5032 adorator,

522 5043 716 5096 merito
735 5044 866 5098 dicit
887 5063 900 5099 :
932 5043 1094 5099 tData
1113 5057 1198 5103 est
1215 5048 1343 5102 inihi
1363 5052 1540 5105 omnis
1569 5063 1811 5120 potestas
1829 5056 1882 5109 in
1902 5058 2098 5112 c0310.:

522 5128 733 5185 Etenim
784 5133 1020 5189 humana
1063 5147 1257 5192 natura
1305 5141 1456 5209 prius
1504 5143 1799 5211 serviebat,
1854 5163 1996 5203 nunc
2047 5149 2103 5204 in

522 5219 742 5276 Christo
787 5224 1018 5293 imperat
1051 5231 1322 5287 omnibus.
1351 5230 1596 5287 Breviter
1645 5236 1810 5305 igitur
1831 5238 1914 5294 sic
1949 5241 2102 5295 intel-

524 5312 662 5383 lige:
688 5330 708 5363 ι
739 5311 872 5368 Data
897 5326 980 5371 est
1007 5319 1132 5380 mihi
1151 5323 1329 5377 omnis
1359 5333 1615 5393 potestas.
1649 5345 1668 5378 ι
1692 5327 1894 5398 Nempe
1919 5333 1962 5385 si
1989 5342 2104 5386 tan-

523 5417 684 5472 quam
701 5418 732 5456 a
751 5403 843 5458 Dei
877 5405 1048 5463 Verbo
1067 5411 1264 5466 dictum
1285 5415 1543 5486 accipias,
1567 5417 1644 5472 sic
1661 5418 1896 5492 iutellige
1917 5439 1960 5476 ει
1975 5421 2107 5479 Data

525 5506 608 5554 est
637 5497 765 5553 mihi
791 5501 970 5555 omnis
996 5515 1255 5572 potestas,
1285 5529 1302 5560 ι
1334 5523 1398 5579 eo
1419 5513 1561 5580 quod
1581 5513 1818 5572 volentes
1844 5525 1898 5571 et
1918 5519 2107 5575 nolen-

597 5677 643 5713 τί
671 5677 813 5737 Psal.
842 5697 1034 5750 exvm,
1072 5685 1164 5740 9t.

2199 4605 2514 4678 περιούσιος
2541 4605 2689 4668 λαός.
2725 4605 2854 4658 Ἐπὶ
2887 4605 2988 4676 γῆς
3028 4606 3128 4674 μὲν
3160 4600 3252 4658 οὖν
3277 4604 3388 4675 ἔχει
3407 4600 3498 4672 τὴν
3522 4591 3729 4661 ἐξουσίαν

2197 4700 2226 4752 6
2264 4697 2490 4768 Κύριος,
2521 4697 2660 4751 καθὸ
2684 4698 2891 4768 πᾶσαιή
2916 4699 2986 4766 γῆ
3023 4696 3240 4765 ἐπέγνω
3269 4697 3450 4751 αὐτόν’
3477 4694 3530 4745 ἐν
3552 4682 3729 4759 οὐρανῷ

2202 4789 2280 4855 δὲ,
2329 4789 2465 4842 διότι
2519 4791 2548 4842 6
2598 4789 2788 4858 μισθὸς
2821 4787 2932 4842 τῶν
2971 4789 3340 4843 πιστευόντων
3385 4783 3522 4854 αὑτῷ
3563 4781 3644 4835 καὶ
3679 4773 3726 4827 τὸ

2208 4881 2532 4950 πολίτευμα,
2559 4881 2617 4934 ἐν
2641 4881 2892 4951 οὐρανοῖς
2929 4881 3187 4952 ὑπάρχειν
3216 4879 3434 4950 καὶγὰρ
3459 4875 3545 4929 καὶ
3566 4869 3725 4929 ἄλλως,

2205 4974 2326 5026 ἐπεὶ
2356 4975 2388 5043 ἡ
2413 4973 2728 5045 ἀνθρωπίνη
2761 4972 2925 5043 φύσις
2959 4975 2992 5043 ἠ
3046 4971 3237 5044 πρώην
3273 4972 3598 5042 κατάκριτος,
3623 4975 3724 5012 συν·

2199 5066 2427 5136 ημμένη
2486 5065 2566 5136 τῷ
2605 5065 2729 5136 Θεῷ
2765 5067 2925 5137 Λόγῳ
2970 5065 3096 5120 καθ’
3129 5067 3440 5129 ὑπόστασιν,
3476 5062 3528 5113 ἐν
3551 5047 3725 5126 οὐρανῷ

2205 5158 2444 5227 κάθηται
2481 5158 2573 5211 ὑπ’
2624 5159 2876 5227 ἀγγέλων
2906 5158 3380 5229 προσκυνουμένηο
3409 5153 3608 5211 είκότως
3633 5160 3721 5213 νην

2203 5252 2308 5314 σίν,
2337 5249 2418 5300 ὅτι
2451 5264 2470 5300 ι
2497 5248 2686 5318 Ἐδόθη
2719 5265 2808 5319 μοι
2834 5249 2985 5302 πᾶσα
3025 5247 3246 5312 ἐξουσία
3271 5251 3328 5301 ἐν
3366 5239 3576 5315 οὐρανῷ·
3608 5255 3624 5289 ι
3650 5230 3724 5286 καὶ

2209 5337 2370 5409 γὰρῆ
2400 5339 2718 5410 ἀνθρωπίνη
2750 5339 2912 5408 φύσις
2939 5340 2972 5406 ὴ
3006 5338 3197 5409 πρώην
3223 5325 3546 5392 δουλεύουσα,
3573 5325 3651 5410 νῦν
3675 5322 3720 5372 ἐν

2210 5427 2437 5498 Χριστῷ
2471 5429 2628 5498 ἀρχει
2659 5409 2898 5482 πάντων.
2937 5427 3222 5480 Συνελόντι
3273 5424 3366 5480 οὖν
3417 5422 3582 5491 φάναι,
3608 5409 3720 5465 οὓτω

2211 5521 2320 5576 νόει
2351 5521 2435 5588 τὸ,
2471 5539 2489 5574 ι
2547 5521 2730 5591 Ἐδόθη
2765 5539 2854 5592 μοι
2887 5522 3040 5576 πᾶσα
3091 5519 3311 5586 ἐξουσία
3334 5537 3348 5554 ο
3395 5537 3412 5570 ι
3455 5517 3496 5569 εί
3553 5509 3635 5574 μὲν
3658 5501 3716 5559 ὡς
