  <div class='ocr_page' id='page_1' title='image "/cluster/home/n/w/nwhite01/storage/ocr_20150623/123/hvd.32044019208198/250.png"; bbox 0 0 3968 6460; ppageno 0'>
   <div class='ocr_carea' id='block_1_1' title="bbox 301 304 432 372">
    <p class='ocr_par' dir='ltr' id='par_1_1' title="bbox 301 304 432 372">
     <span class='ocr_line' id='line_1_1' title="bbox 301 304 432 372; baseline 0 -1"><span class='ocrx_word' id='word_1_1' title='bbox 301 304 432 372; x_wconf 69' lang='grc'><strong>485</strong></span> 
     </span>
    </p>
   </div>
   <div class='ocr_carea' id='block_1_2' title="bbox 890 310 3051 389">
    <p class='ocr_par' dir='ltr' id='par_1_2' title="bbox 890 310 3051 389">
     <span class='ocr_line' id='line_1_2' title="bbox 890 310 3051 389; baseline 0.008 -18"><span class='ocrx_word' id='word_1_2' title='bbox 890 310 1255 372; x_wconf 78' lang='lat' dir='ltr'><strong>ENARRA&#39;I&#39;</strong></span> <span class='ocrx_word' id='word_1_3' title='bbox 1262 312 1340 375; x_wconf 90' lang='lat'><strong>10</strong></span> <span class='ocrx_word' id='word_1_4' title='bbox 1374 311 1457 374; x_wconf 85' lang='lat' dir='ltr'><strong>IN</strong></span> <span class='ocrx_word' id='word_1_5' title='bbox 1493 313 2000 378; x_wconf 85' lang='lat' dir='ltr'><strong>EVANGELIUM</strong></span> <span class='ocrx_word' id='word_1_6' title='bbox 2034 317 2424 381; x_wconf 75' lang='lat' dir='ltr'><strong>MATTILEI.</strong></span> <span class='ocrx_word' id='word_1_7' title='bbox 2466 347 2537 359; x_wconf 87' lang='grc'><strong>--</strong></span> <span class='ocrx_word' id='word_1_8' title='bbox 2573 322 2734 388; x_wconf 79' lang='lat' dir='ltr'><strong>CAP.</strong></span> <span class='ocrx_word' id='word_1_9' title='bbox 2770 323 3051 389; x_wconf 74' lang='lat' dir='ltr'><strong>XXVIII.</strong></span> 
     </span>
    </p>
   </div>
   <div class='ocr_carea' id='block_1_3' title="bbox 3486 323 3591 390">
    <p class='ocr_par' dir='ltr' id='par_1_3' title="bbox 3486 323 3591 390">
     <span class='ocr_line' id='line_1_3' title="bbox 3486 323 3591 390; baseline 0.019 -2"><span class='ocrx_word' id='word_1_10' title='bbox 3486 323 3591 390; x_wconf 69' lang='lat'><strong>486</strong></span> 
     </span>
    </p>
   </div>
   <div class='ocr_carea' id='block_1_4' title="bbox 302 421 1908 511">
    <p class='ocr_par' dir='ltr' id='par_1_4' title="bbox 302 421 1908 503">
     <span class='ocr_line' id='line_1_4' title="bbox 302 421 1908 503; baseline 0.004 -25"><span class='ocrx_word' id='word_1_11' title='bbox 302 423 432 478; x_wconf 81' lang='grc' dir='ltr'>ἀπὸ</span> <span class='ocrx_word' id='word_1_12' title='bbox 453 421 548 478; x_wconf 81' lang='grc' dir='ltr'>τοῦ</span> <span class='ocrx_word' id='word_1_13' title='bbox 572 422 711 480; x_wconf 83' lang='grc' dir='ltr'><strong>Θεοῦ</strong></span> <span class='ocrx_word' id='word_1_14' title='bbox 739 424 918 494; x_wconf 83' lang='grc' dir='ltr'>Λόγου</span> <span class='ocrx_word' id='word_1_15' title='bbox 944 425 1238 498; x_wconf 85' lang='grc' dir='ltr'>λεγόμενον</span> <span class='ocrx_word' id='word_1_16' title='bbox 1267 426 1542 492; x_wconf 81' lang='grc' dir='ltr'>ἐκλάὸοις,</span> <span class='ocrx_word' id='word_1_17' title='bbox 1574 428 1657 483; x_wconf 84' lang='grc' dir='ltr'>ὅτι</span> <span class='ocrx_word' id='word_1_18' title='bbox 1680 446 1699 482; x_wconf 89' lang='grc' dir='ltr'><strong>ι</strong></span> <span class='ocrx_word' id='word_1_19' title='bbox 1720 428 1908 503; x_wconf 84' lang='grc' dir='ltr'>Ἐδόθη</span> 
     </span>
    </p>
   </div>
   <div class='ocr_carea' id='block_1_5' title="bbox 2009 421 3593 511">
    <p class='ocr_par' dir='ltr' id='par_1_5' title="bbox 2016 434 3593 511">
     <span class='ocr_line' id='line_1_5' title="bbox 2016 434 3593 511; baseline 0.006 -22"><span class='ocrx_word' id='word_1_20' title='bbox 2016 441 2097 490; x_wconf 86' lang='lat' dir='ltr'><strong>tes</strong></span> <span class='ocrx_word' id='word_1_21' title='bbox 2126 448 2213 490; x_wconf 89' lang='lat' dir='ltr'><strong>me</strong></span> <span class='ocrx_word' id='word_1_22' title='bbox 2241 434 2412 491; x_wconf 89' lang='lat' dir='ltr'><strong>Deum</strong></span> <span class='ocrx_word' id='word_1_23' title='bbox 2444 451 2587 493; x_wconf 90' lang='lat' dir='ltr'><strong>nunc</strong></span> <span class='ocrx_word' id='word_1_24' title='bbox 2620 451 2943 508; x_wconf 87' lang='lat' dir='ltr'><strong>agnoscunt,</strong></span> <span class='ocrx_word' id='word_1_25' title='bbox 2984 439 3076 510; x_wconf 87' lang='lat' dir='ltr'><strong>qui</strong></span> <span class='ocrx_word' id='word_1_26' title='bbox 3099 438 3257 511; x_wconf 88' lang='lat' dir='ltr'><strong>prius</strong></span> <span class='ocrx_word' id='word_1_27' title='bbox 3304 438 3436 497; x_wconf 83' lang='lat' dir='ltr'><strong>mibi</strong></span> <span class='ocrx_word' id='word_1_28' title='bbox 3472 455 3593 498; x_wconf 86' lang='lat' dir='ltr'><strong>ser-</strong></span> 
     </span>
    </p>
   </div>
   <div class='ocr_carea' id='block_1_6' title="bbox 308 515 1906 586">
    <p class='ocr_par' dir='ltr' id='par_1_6' title="bbox 308 515 1906 586">
     <span class='ocr_line' id='line_1_6' title="bbox 308 515 1906 586; baseline 0.005 -19"><span class='ocrx_word' id='word_1_29' title='bbox 308 530 420 585; x_wconf 81' lang='grc' dir='ltr'><strong>μοι</strong></span> <span class='ocrx_word' id='word_1_30' title='bbox 453 516 489 586; x_wconf 81' lang='grc' dir='ltr'><strong>ἠ</strong></span> <span class='ocrx_word' id='word_1_31' title='bbox 518 516 666 569; x_wconf 79' lang='grc' dir='ltr'>πᾶσα</span> <span class='ocrx_word' id='word_1_32' title='bbox 686 515 927 582; x_wconf 80' lang='grc' dir='ltr'>ἐξουσία,</span> <span class='ocrx_word' id='word_1_33' title='bbox 967 534 987 568; x_wconf 75' lang='grc' dir='ltr'><strong>ι</strong></span> <span class='ocrx_word' id='word_1_34' title='bbox 1029 516 1166 570; x_wconf 83' lang='grc' dir='ltr'>καθὸ</span> <span class='ocrx_word' id='word_1_35' title='bbox 1189 518 1284 572; x_wconf 72' lang='grc' dir='ltr'>καὶ</span> <span class='ocrx_word' id='word_1_36' title='bbox 1313 517 1541 582; x_wconf 77' lang='grc' dir='ltr'>ἄκοντες</span> <span class='ocrx_word' id='word_1_37' title='bbox 1562 519 1659 574; x_wconf 77' lang='grc' dir='ltr'><strong>καὶ</strong></span> <span class='ocrx_word' id='word_1_38' title='bbox 1687 519 1906 586; x_wconf 79' lang='grc' dir='ltr'>ἑκόντες</span> 
     </span>
    </p>
   </div>
   <div class='ocr_carea' id='block_1_7' title="bbox 308 606 1906 684">
    <p class='ocr_par' dir='ltr' id='par_1_7' title="bbox 308 606 1906 684">
     <span class='ocr_line' id='line_1_7' title="bbox 308 606 1906 684; baseline 0.004 -23"><span class='ocrx_word' id='word_1_39' title='bbox 308 606 422 661; x_wconf 78' lang='grc' dir='ltr'>νῦν</span> <span class='ocrx_word' id='word_1_40' title='bbox 444 608 873 677; x_wconf 82' lang='grc' dir='ltr'>ἐπιγινώσκουσί</span> <span class='ocrx_word' id='word_1_41' title='bbox 907 625 977 680; x_wconf 88' lang='grc' dir='ltr'><strong>με</strong></span> <span class='ocrx_word' id='word_1_42' title='bbox 1012 609 1170 672; x_wconf 82' lang='grc' dir='ltr'>Θεὸν,</span> <span class='ocrx_word' id='word_1_43' title='bbox 1192 611 1242 663; x_wconf 86' lang='grc' dir='ltr'>οἱ</span> <span class='ocrx_word' id='word_1_44' title='bbox 1278 610 1472 681; x_wconf 90' lang='grc' dir='ltr'>πρώην</span> <span class='ocrx_word' id='word_1_45' title='bbox 1510 611 1655 666; x_wconf 84' lang='grc' dir='ltr'>κατὰ</span> <span class='ocrx_word' id='word_1_46' title='bbox 1685 613 1777 666; x_wconf 90' lang='grc' dir='ltr'>τὸν</span> <span class='ocrx_word' id='word_1_47' title='bbox 1806 614 1906 684; x_wconf 84' lang='grc' dir='ltr'><strong>τῆς</strong></span> 
     </span>
    </p>
   </div>
   <div class='ocr_carea' id='block_1_8' title="bbox 310 700 1906 773">
    <p class='ocr_par' dir='ltr' id='par_1_8' title="bbox 310 700 1906 773">
     <span class='ocr_line' id='line_1_8' title="bbox 310 700 1906 773; baseline 0.003 -20"><span class='ocrx_word' id='word_1_48' title='bbox 310 700 582 755; x_wconf 83' lang='grc' dir='ltr'>ἀκουσίου</span> <span class='ocrx_word' id='word_1_49' title='bbox 629 702 910 772; x_wconf 81' lang='grc' dir='ltr'><strong>ὑποταγῆς</strong></span> <span class='ocrx_word' id='word_1_50' title='bbox 967 702 1172 773; x_wconf 80' lang='grc' dir='ltr'>τρόπον</span> <span class='ocrx_word' id='word_1_51' title='bbox 1223 701 1568 767; x_wconf 72' lang='grc' dir='ltr'>δουλεύοντες</span> <span class='ocrx_word' id='word_1_52' title='bbox 1612 719 1724 773; x_wconf 84' lang='grc' dir='ltr'>μοι·</span> <span class='ocrx_word' id='word_1_53' title='bbox 1772 703 1906 758; x_wconf 80' lang='grc' dir='ltr'>εἰδὲ</span> 
     </span>
    </p>
   </div>
   <div class='ocr_carea' id='block_1_9' title="bbox 310 791 1907 866">
    <p class='ocr_par' dir='ltr' id='par_1_9' title="bbox 310 791 1907 866">
     <span class='ocr_line' id='line_1_9' title="bbox 310 791 1907 866; baseline 0.003 -22"><span class='ocrx_word' id='word_1_54' title='bbox 310 791 403 857; x_wconf 82' lang='grc' dir='ltr'>ὡς</span> <span class='ocrx_word' id='word_1_55' title='bbox 446 792 553 847; x_wconf 86' lang='grc' dir='ltr'>ἀπὸ</span> <span class='ocrx_word' id='word_1_56' title='bbox 603 792 705 862; x_wconf 75' lang='grc' dir='ltr'>τῆς</span> <span class='ocrx_word' id='word_1_57' title='bbox 749 794 1102 865; x_wconf 78' lang='grc' dir='ltr'><strong>ἀνθρωπίνης</strong></span> <span class='ocrx_word' id='word_1_58' title='bbox 1153 794 1371 864; x_wconf 82' lang='grc' dir='ltr'>φύσεως</span> <span class='ocrx_word' id='word_1_59' title='bbox 1418 794 1733 866; x_wconf 82' lang='grc' dir='ltr'>λεγόμενον,</span> <span class='ocrx_word' id='word_1_60' title='bbox 1764 794 1907 849; x_wconf 75' lang='grc' dir='ltr'>οὕτω</span> 
     </span>
    </p>
   </div>
   <div class='ocr_carea' id='block_1_10' title="bbox 310 883 1908 958">
    <p class='ocr_par' dir='ltr' id='par_1_10' title="bbox 310 883 1908 958">
     <span class='ocr_line' id='line_1_10' title="bbox 310 883 1908 958; baseline 0.002 -20"><span class='ocrx_word' id='word_1_61' title='bbox 310 885 461 952; x_wconf 83' lang='grc' dir='ltr'>νόει,</span> <span class='ocrx_word' id='word_1_62' title='bbox 501 886 581 938; x_wconf 84' lang='grc' dir='ltr'>ὅτι</span> <span class='ocrx_word' id='word_1_63' title='bbox 617 883 763 954; x_wconf 83' lang='grc' dir='ltr'><strong>Ἐγὼ</strong></span> <span class='ocrx_word' id='word_1_64' title='bbox 787 886 822 956; x_wconf 76' lang='grc' dir='ltr'><strong>η</strong></span> <span class='ocrx_word' id='word_1_65' title='bbox 849 884 1039 958; x_wconf 85' lang='grc' dir='ltr'>πρώην</span> <span class='ocrx_word' id='word_1_66' title='bbox 1080 886 1409 958; x_wconf 85' lang='grc' dir='ltr'><strong>κατάκριτος</strong></span> <span class='ocrx_word' id='word_1_67' title='bbox 1439 886 1622 955; x_wconf 80' lang='grc' dir='ltr'><strong>φύσις,</strong></span> <span class='ocrx_word' id='word_1_68' title='bbox 1672 888 1814 941; x_wconf 87' lang='grc' dir='ltr'><strong>κατά</strong></span> <span class='ocrx_word' id='word_1_69' title='bbox 1850 887 1908 941; x_wconf 85' lang='grc' dir='ltr'>δὲ</span> 
     </span>
    </p>
   </div>
   <div class='ocr_carea' id='block_1_11' title="bbox 308 976 1908 1049">
    <p class='ocr_par' dir='ltr' id='par_1_11' title="bbox 308 976 1908 1049">
     <span class='ocr_line' id='line_1_11' title="bbox 308 976 1908 1049; baseline 0 -17"><span class='ocrx_word' id='word_1_70' title='bbox 308 978 433 1048; x_wconf 76' lang='grc' dir='ltr'><strong>τὴν</strong></span> <span class='ocrx_word' id='word_1_71' title='bbox 467 979 602 1049; x_wconf 83' lang='grc' dir='ltr'>πρὸς</span> <span class='ocrx_word' id='word_1_72' title='bbox 638 976 731 1029; x_wconf 86' lang='grc' dir='ltr'>τὸν</span> <span class='ocrx_word' id='word_1_73' title='bbox 770 976 898 1030; x_wconf 85' lang='grc' dir='ltr'>Υίὸν</span> <span class='ocrx_word' id='word_1_74' title='bbox 931 976 1026 1030; x_wconf 84' lang='grc' dir='ltr'>τοῦ</span> <span class='ocrx_word' id='word_1_75' title='bbox 1059 977 1193 1031; x_wconf 79' lang='grc' dir='ltr'>Θεοῦ</span> <span class='ocrx_word' id='word_1_76' title='bbox 1223 977 1527 1049; x_wconf 81' lang='grc' dir='ltr'>ἀσύγχυτον</span> <span class='ocrx_word' id='word_1_77' title='bbox 1556 980 1750 1033; x_wconf 74' lang='grc' dir='ltr'>ἕνωσιν</span> <span class='ocrx_word' id='word_1_78' title='bbox 1775 979 1908 1042; x_wconf 83' lang='grc' dir='ltr'><strong>Θεὸς</strong></span> 
     </span>
    </p>
   </div>
   <div class='ocr_carea' id='block_1_12' title="bbox 317 1066 1906 1139">
    <p class='ocr_par' dir='ltr' id='par_1_12' title="bbox 317 1066 1906 1139">
     <span class='ocr_line' id='line_1_12' title="bbox 317 1066 1906 1139; baseline 0.002 -19"><span class='ocrx_word' id='word_1_79' title='bbox 317 1068 505 1134; x_wconf 69' lang='grc' dir='ltr'>οὖσα,</span> <span class='ocrx_word' id='word_1_80' title='bbox 548 1067 741 1121; x_wconf 73' lang='grc' dir='ltr'>ἔλαϐον</span> <span class='ocrx_word' id='word_1_81' title='bbox 786 1067 885 1139; x_wconf 80' lang='grc' dir='ltr'>τὴν</span> <span class='ocrx_word' id='word_1_82' title='bbox 937 1066 1189 1132; x_wconf 72' lang='grc' dir='ltr'><strong>ἐξουσίαν</strong></span> <span class='ocrx_word' id='word_1_83' title='bbox 1254 1068 1398 1121; x_wconf 80' lang='grc' dir='ltr'>κατὰ</span> <span class='ocrx_word' id='word_1_84' title='bbox 1450 1070 1669 1124; x_wconf 85' lang='grc' dir='ltr'>πάντων</span> <span class='ocrx_word' id='word_1_85' title='bbox 1696 1109 1710 1132; x_wconf 91' lang='grc'><strong>,</strong></span> <span class='ocrx_word' id='word_1_86' title='bbox 1766 1069 1906 1123; x_wconf 81' lang='grc' dir='ltr'>ὥστε</span> 
     </span>
    </p>
   </div>
   <div class='ocr_carea' id='block_1_13' title="bbox 315 1159 1908 1232">
    <p class='ocr_par' dir='ltr' id='par_1_13' title="bbox 315 1159 1908 1232">
     <span class='ocr_line' id='line_1_13' title="bbox 315 1159 1908 1232; baseline 0.001 -19"><span class='ocrx_word' id='word_1_87' title='bbox 315 1160 754 1232; x_wconf 72' lang='grc' dir='ltr'>προσκυνεῖσθαι</span> <span class='ocrx_word' id='word_1_88' title='bbox 788 1161 879 1212; x_wconf 81' lang='grc' dir='ltr'><strong>ὑπ’</strong></span> <span class='ocrx_word' id='word_1_89' title='bbox 915 1159 1170 1229; x_wconf 81' lang='grc' dir='ltr'>ἀγγέλων</span> <span class='ocrx_word' id='word_1_90' title='bbox 1202 1160 1259 1214; x_wconf 86' lang='grc' dir='ltr'><strong>ἐν</strong></span> <span class='ocrx_word' id='word_1_91' title='bbox 1285 1160 1523 1232; x_wconf 82' lang='grc' dir='ltr'>οὐρανῷ,</span> <span class='ocrx_word' id='word_1_92' title='bbox 1561 1162 1649 1214; x_wconf 72' lang='grc' dir='ltr'><strong>καὶ</strong></span> <span class='ocrx_word' id='word_1_93' title='bbox 1682 1162 1775 1215; x_wconf 72' lang='grc' dir='ltr'><strong>ἐπὶ</strong></span> <span class='ocrx_word' id='word_1_94' title='bbox 1802 1163 1908 1231; x_wconf 82' lang='grc' dir='ltr'>γῆς</span> 
     </span>
    </p>
   </div>
   <div class='ocr_carea' id='block_1_14' title="bbox 316 1253 1907 1324">
    <p class='ocr_par' dir='ltr' id='par_1_14' title="bbox 316 1253 1907 1324">
     <span class='ocr_line' id='line_1_14' title="bbox 316 1253 1907 1324; baseline 0.002 -18"><span class='ocrx_word' id='word_1_95' title='bbox 316 1253 649 1319; x_wconf 79' lang='grc' dir='ltr'>δοξάζεσθαι</span> <span class='ocrx_word' id='word_1_96' title='bbox 693 1254 799 1307; x_wconf 78' lang='grc' dir='ltr'>ὑπὸ</span> <span class='ocrx_word' id='word_1_97' title='bbox 842 1253 951 1306; x_wconf 88' lang='grc' dir='ltr'><strong>τῶν</strong></span> <span class='ocrx_word' id='word_1_98' title='bbox 999 1253 1256 1324; x_wconf 84' lang='grc' dir='ltr'><strong>περάτων</strong></span> <span class='ocrx_word' id='word_1_99' title='bbox 1289 1254 1527 1309; x_wconf 80' lang='grc' dir='ltr'>πάντων.</span> <span class='ocrx_word' id='word_1_100' title='bbox 1562 1254 1907 1309; x_wconf 83' lang='grc' dir='ltr'>Ἀποστέλλει</span> 
     </span>
    </p>
   </div>
   <div class='ocr_carea' id='block_1_15' title="bbox 317 1345 1908 1418">
    <p class='ocr_par' dir='ltr' id='par_1_15' title="bbox 317 1345 1908 1418">
     <span class='ocr_line' id='line_1_15' title="bbox 317 1345 1908 1418; baseline 0.001 -19"><span class='ocrx_word' id='word_1_101' title='bbox 317 1345 423 1401; x_wconf 77' lang='grc' dir='ltr'><strong>οὖν</strong></span> <span class='ocrx_word' id='word_1_102' title='bbox 443 1346 570 1409; x_wconf 78' lang='grc' dir='ltr'>τοὺς</span> <span class='ocrx_word' id='word_1_103' title='bbox 603 1346 852 1415; x_wconf 79' lang='grc' dir='ltr'>μαθητὰς</span> <span class='ocrx_word' id='word_1_104' title='bbox 909 1346 1010 1399; x_wconf 78' lang='grc' dir='ltr'><strong>οὐκ</strong></span> <span class='ocrx_word' id='word_1_105' title='bbox 1042 1346 1123 1399; x_wconf 73' lang='grc' dir='ltr'>ἔτι</span> <span class='ocrx_word' id='word_1_106' title='bbox 1159 1346 1295 1416; x_wconf 86' lang='grc' dir='ltr'>πρὸς</span> <span class='ocrx_word' id='word_1_107' title='bbox 1325 1346 1452 1410; x_wconf 81' lang='grc' dir='ltr'>τοὺς</span> <span class='ocrx_word' id='word_1_108' title='bbox 1485 1348 1773 1411; x_wconf 78' lang='grc' dir='ltr'><strong>Ἰουδαίους</strong></span> <span class='ocrx_word' id='word_1_109' title='bbox 1808 1349 1908 1418; x_wconf 84' lang='grc' dir='ltr'><strong>μό-</strong></span> 
     </span>
    </p>
   </div>
   <div class='ocr_carea' id='block_1_16' title="bbox 318 1435 1907 1509">
    <p class='ocr_par' dir='ltr' id='par_1_16' title="bbox 318 1435 1907 1509">
     <span class='ocr_line' id='line_1_16' title="bbox 318 1435 1907 1509; baseline 0.002 -20"><span class='ocrx_word' id='word_1_110' title='bbox 318 1454 476 1501; x_wconf 89' lang='grc' dir='ltr'>νους,</span> <span class='ocrx_word' id='word_1_111' title='bbox 511 1435 623 1489; x_wconf 81' lang='grc' dir='ltr'>ἀλλ’</span> <span class='ocrx_word' id='word_1_112' title='bbox 660 1436 784 1489; x_wconf 77' lang='grc' dir='ltr'>ἐπεὶ</span> <span class='ocrx_word' id='word_1_113' title='bbox 815 1436 1035 1491; x_wconf 83' lang='grc' dir='ltr'>πάντων</span> <span class='ocrx_word' id='word_1_114' title='bbox 1075 1437 1236 1490; x_wconf 76' lang='grc' dir='ltr'>ἔλαϐε</span> <span class='ocrx_word' id='word_1_115' title='bbox 1270 1437 1371 1509; x_wconf 84' lang='grc' dir='ltr'>τὴν</span> <span class='ocrx_word' id='word_1_116' title='bbox 1418 1438 1691 1507; x_wconf 78' lang='grc' dir='ltr'>ἐξουσίαν,</span> <span class='ocrx_word' id='word_1_117' title='bbox 1725 1441 1907 1493; x_wconf 82' lang='grc' dir='ltr'>πᾶσαν</span> 
     </span>
    </p>
   </div>
   <div class='ocr_carea' id='block_1_17' title="bbox 321 1528 1905 1603">
    <p class='ocr_par' dir='ltr' id='par_1_17' title="bbox 321 1528 1905 1603">
     <span class='ocr_line' id='line_1_17' title="bbox 321 1528 1905 1603; baseline 0.001 -20"><span class='ocrx_word' id='word_1_118' title='bbox 321 1529 429 1601; x_wconf 82' lang='grc' dir='ltr'>τὴν</span> <span class='ocrx_word' id='word_1_119' title='bbox 462 1528 810 1600; x_wconf 81' lang='grc' dir='ltr'>ἀνθρωπίνην</span> <span class='ocrx_word' id='word_1_120' title='bbox 855 1528 1019 1598; x_wconf 81' lang='grc' dir='ltr'>φύσιν</span> <span class='ocrx_word' id='word_1_121' title='bbox 1068 1530 1303 1598; x_wconf 82' lang='grc' dir='ltr'><strong>ἁγιάσας</strong></span> <span class='ocrx_word' id='word_1_122' title='bbox 1345 1533 1401 1586; x_wconf 84' lang='grc' dir='ltr'><strong>ἐν</strong></span> <span class='ocrx_word' id='word_1_123' title='bbox 1448 1530 1649 1603; x_wconf 82' lang='grc' dir='ltr'>ἐαυτῷ,</span> <span class='ocrx_word' id='word_1_124' title='bbox 1680 1533 1905 1595; x_wconf 79' lang='grc' dir='ltr'>εἰκότως</span> 
     </span>
    </p>
   </div>
   <div class='ocr_carea' id='block_1_18' title="bbox 332 1620 1909 1696">
    <p class='ocr_par' dir='ltr' id='par_1_18' title="bbox 332 1620 1909 1696">
     <span class='ocr_line' id='line_1_18' title="bbox 332 1620 1909 1696; baseline 0.004 -22"><span class='ocrx_word' id='word_1_125' title='bbox 332 1622 477 1689; x_wconf 80' lang='grc' dir='ltr'>πρὸς</span> <span class='ocrx_word' id='word_1_126' title='bbox 510 1621 685 1674; x_wconf 79' lang='grc' dir='ltr'>πάντα</span> <span class='ocrx_word' id='word_1_127' title='bbox 733 1624 802 1675; x_wconf 72' lang='grc' dir='ltr'>τὰ</span> <span class='ocrx_word' id='word_1_128' title='bbox 846 1620 976 1691; x_wconf 75' lang='grc' dir='ltr'>ἔθνη</span> <span class='ocrx_word' id='word_1_129' title='bbox 1010 1621 1256 1692; x_wconf 77' lang='grc' dir='ltr'>πέμπει,</span> <span class='ocrx_word' id='word_1_130' title='bbox 1290 1623 1675 1693; x_wconf 81' lang='grc' dir='ltr'>ἐντειλάμενος</span> <span class='ocrx_word' id='word_1_131' title='bbox 1712 1625 1909 1696; x_wconf 87' lang='grc' dir='ltr'>βαπτί-</span> 
     </span>
    </p>
   </div>
   <div class='ocr_carea' id='block_1_19' title="bbox 324 1710 1905 1783">
    <p class='ocr_par' dir='ltr' id='par_1_19' title="bbox 324 1710 1905 1783">
     <span class='ocr_line' id='line_1_19' title="bbox 324 1710 1905 1783; baseline 0.003 -19"><span class='ocrx_word' id='word_1_132' title='bbox 324 1712 447 1778; x_wconf 81' lang='grc' dir='ltr'>ζειν</span> <span class='ocrx_word' id='word_1_133' title='bbox 476 1714 554 1775; x_wconf 82' lang='grc' dir='ltr'><strong>είς</strong></span> <span class='ocrx_word' id='word_1_134' title='bbox 579 1712 637 1765; x_wconf 78' lang='grc' dir='ltr'>τὸ</span> <span class='ocrx_word' id='word_1_135' title='bbox 664 1712 833 1780; x_wconf 77' lang='grc' dir='ltr'>ὃνομα</span> <span class='ocrx_word' id='word_1_136' title='bbox 855 1710 949 1766; x_wconf 79' lang='grc' dir='ltr'>τοῦ</span> <span class='ocrx_word' id='word_1_137' title='bbox 979 1713 1220 1783; x_wconf 85' lang='grc' dir='ltr'>Πατρὸς,</span> <span class='ocrx_word' id='word_1_138' title='bbox 1254 1714 1466 1768; x_wconf 75' lang='grc' dir='ltr'>καὶτοῦ</span> <span class='ocrx_word' id='word_1_139' title='bbox 1497 1714 1654 1783; x_wconf 78' lang='grc' dir='ltr'>Υίοῦ,</span> <span class='ocrx_word' id='word_1_140' title='bbox 1686 1718 1784 1771; x_wconf 78' lang='grc' dir='ltr'>καὶ</span> <span class='ocrx_word' id='word_1_141' title='bbox 1811 1715 1905 1770; x_wconf 76' lang='grc' dir='ltr'>τοῦ</span> 
     </span>
    </p>
   </div>
   <div class='ocr_carea' id='block_1_20' title="bbox 2008 521 3586 586">
    <p class='ocr_par' dir='ltr' id='par_1_20' title="bbox 2008 521 3586 586">
     <span class='ocr_line' id='line_1_20' title="bbox 2008 521 3586 586; baseline 0.006 -11"><span class='ocrx_word' id='word_1_142' title='bbox 2008 521 2226 578; x_wconf 88' lang='lat' dir='ltr'><strong>viebant</strong></span> <span class='ocrx_word' id='word_1_143' title='bbox 2273 523 2652 582; x_wconf 70' lang='lat' dir='ltr'><strong>involuntariae</strong></span> <span class='ocrx_word' id='word_1_144' title='bbox 2683 529 3010 586; x_wconf 70' lang='lat' dir='ltr'><strong>obedientite</strong></span> <span class='ocrx_word' id='word_1_145' title='bbox 3072 532 3252 585; x_wconf 89' lang='lat' dir='ltr'><strong>modo.</strong></span> <span class='ocrx_word' id='word_1_146' title='bbox 3296 528 3361 586; x_wconf 74' lang='lat' dir='ltr'><strong>Si‘</strong></span> <span class='ocrx_word' id='word_1_147' title='bbox 3406 542 3586 586; x_wconf 83' lang='lat' dir='ltr'><strong>autem</strong></span> 
     </span>
    </p>
   </div>
   <div class='ocr_carea' id='block_1_21' title="bbox 2009 615 3585 692">
    <p class='ocr_par' dir='ltr' id='par_1_21' title="bbox 2009 615 3585 692">
     <span class='ocr_line' id='line_1_21' title="bbox 2009 615 3585 692; baseline 0.005 -23"><span class='ocrx_word' id='word_1_148' title='bbox 2009 615 2077 669; x_wconf 91' lang='lat' dir='ltr'><strong>de</strong></span> <span class='ocrx_word' id='word_1_149' title='bbox 2111 616 2343 671; x_wconf 85' lang='lat' dir='ltr'><strong>humana</strong></span> <span class='ocrx_word' id='word_1_150' title='bbox 2394 627 2587 673; x_wconf 89' lang='lat' dir='ltr'><strong>natura</strong></span> <span class='ocrx_word' id='word_1_151' title='bbox 2616 619 2840 687; x_wconf 89' lang='lat' dir='ltr'><strong>dicitur,</strong></span> <span class='ocrx_word' id='word_1_152' title='bbox 2870 622 2951 677; x_wconf 88' lang='lat' dir='ltr'><strong>sic</strong></span> <span class='ocrx_word' id='word_1_153' title='bbox 2988 622 3265 692; x_wconf 87' lang='lat' dir='ltr'><strong>intellige:</strong></span> <span class='ocrx_word' id='word_1_154' title='bbox 3297 623 3404 691; x_wconf 75' lang='lat' dir='ltr'><strong>Ego</strong></span> <span class='ocrx_word' id='word_1_155' title='bbox 3435 624 3585 688; x_wconf 79' lang='lat' dir='ltr'><strong>prius</strong></span> 
     </span>
    </p>
   </div>
   <div class='ocr_carea' id='block_1_22' title="bbox 2009 707 3585 775">
    <p class='ocr_par' dir='ltr' id='par_1_22' title="bbox 2009 707 3585 775">
     <span class='ocr_line' id='line_1_22' title="bbox 2009 707 3585 775; baseline 0.005 -13"><span class='ocrx_word' id='word_1_156' title='bbox 2009 707 2364 762; x_wconf 87' lang='lat' dir='ltr'><strong>condemnata</strong></span> <span class='ocrx_word' id='word_1_157' title='bbox 2388 718 2599 775; x_wconf 89' lang='lat' dir='ltr'><strong>natura,</strong></span> <span class='ocrx_word' id='word_1_158' title='bbox 2619 727 2681 765; x_wconf 81' lang='lat' dir='ltr'><strong>ex</strong></span> <span class='ocrx_word' id='word_1_159' title='bbox 2693 712 2893 769; x_wconf 88' lang='lat' dir='ltr'><strong>sistens</strong></span> <span class='ocrx_word' id='word_1_160' title='bbox 2914 724 3094 767; x_wconf 77' lang='lat' dir='ltr'><strong>autem</strong></span> <span class='ocrx_word' id='word_1_161' title='bbox 3126 715 3264 768; x_wconf 86' lang='lat' dir='ltr'><strong>Deus</strong></span> <span class='ocrx_word' id='word_1_162' title='bbox 3291 716 3585 769; x_wconf 69' lang='grc' dir='ltr'>εροιιιιάιιιιι</span> 
     </span>
    </p>
   </div>
   <div class='ocr_carea' id='block_1_23' title="bbox 2009 798 3587 872">
    <p class='ocr_par' dir='ltr' id='par_1_23' title="bbox 2009 798 3587 872">
     <span class='ocr_line' id='line_1_23' title="bbox 2009 798 3587 872; baseline 0.006 -22"><span class='ocrx_word' id='word_1_163' title='bbox 2009 798 2264 852; x_wconf 89' lang='lat' dir='ltr'><strong>unionem</strong></span> <span class='ocrx_word' id='word_1_164' title='bbox 2281 800 2347 853; x_wconf 88' lang='lat' dir='ltr'><strong>ad</strong></span> <span class='ocrx_word' id='word_1_165' title='bbox 2372 800 2560 855; x_wconf 74' lang='lat' dir='ltr'><strong>Filium</strong></span> <span class='ocrx_word' id='word_1_166' title='bbox 2586 802 2676 856; x_wconf 88' lang='lat' dir='ltr'><strong>Dei</strong></span> <span class='ocrx_word' id='word_1_167' title='bbox 2699 803 2900 872; x_wconf 86' lang='lat' dir='ltr'><strong>absque</strong></span> <span class='ocrx_word' id='word_1_168' title='bbox 2922 812 3232 859; x_wconf 76' lang='lat' dir='ltr'><strong>naturarum</strong></span> <span class='ocrx_word' id='word_1_169' title='bbox 3252 807 3587 869; x_wconf 79' lang='lat' dir='ltr'><strong>confusmne,</strong></span> 
     </span>
    </p>
   </div>
   <div class='ocr_carea' id='block_1_24' title="bbox 2008 889 3582 966">
    <p class='ocr_par' dir='ltr' id='par_1_24' title="bbox 2008 889 3582 966">
     <span class='ocr_line' id='line_1_24' title="bbox 2008 889 3582 966; baseline 0.004 -23"><span class='ocrx_word' id='word_1_170' title='bbox 2008 889 2191 957; x_wconf 89' lang='lat' dir='ltr'><strong>accepi</strong></span> <span class='ocrx_word' id='word_1_171' title='bbox 2228 900 2550 959; x_wconf 84' lang='lat' dir='ltr'><strong>potestatem</strong></span> <span class='ocrx_word' id='word_1_172' title='bbox 2585 907 2750 963; x_wconf 85' lang='lat' dir='ltr'><strong>super</strong></span> <span class='ocrx_word' id='word_1_173' title='bbox 2773 896 2978 961; x_wconf 83' lang='lat' dir='ltr'><strong>omnia,</strong></span> <span class='ocrx_word' id='word_1_174' title='bbox 3011 896 3085 950; x_wconf 91' lang='lat' dir='ltr'><strong>ita</strong></span> <span class='ocrx_word' id='word_1_175' title='bbox 3116 904 3173 950; x_wconf 91' lang='lat' dir='ltr'><strong>ut</strong></span> <span class='ocrx_word' id='word_1_176' title='bbox 3194 907 3246 951; x_wconf 89' lang='lat' dir='ltr'><strong>et</strong></span> <span class='ocrx_word' id='word_1_177' title='bbox 3278 899 3345 950; x_wconf 82' lang='lat' dir='ltr'><strong>ab</strong></span> <span class='ocrx_word' id='word_1_178' title='bbox 3371 899 3582 966; x_wconf 64' lang='lat' dir='ltr'><strong>angelis</strong></span> 
     </span>
    </p>
   </div>
   <div class='ocr_carea' id='block_1_25' title="bbox 2008 976 3573 1052">
    <p class='ocr_par' dir='ltr' id='par_1_25' title="bbox 2008 976 3573 1052">
     <span class='ocr_line' id='line_1_25' title="bbox 2008 976 3573 1052; baseline 0.001 -21"><span class='ocrx_word' id='word_1_179' title='bbox 2008 976 2061 1031; x_wconf 94' lang='lat' dir='ltr'><strong>in</strong></span> <span class='ocrx_word' id='word_1_180' title='bbox 2087 977 2226 1033; x_wconf 67' lang='lat' dir='ltr'><strong>caelo</strong></span> <span class='ocrx_word' id='word_1_181' title='bbox 2256 981 2472 1046; x_wconf 89' lang='lat' dir='ltr'><strong>adorer,</strong></span> <span class='ocrx_word' id='word_1_182' title='bbox 2509 991 2564 1035; x_wconf 90' lang='lat' dir='ltr'><strong>et</strong></span> <span class='ocrx_word' id='word_1_183' title='bbox 2593 997 2753 1052; x_wconf 82' lang='lat' dir='ltr'><strong>super</strong></span> <span class='ocrx_word' id='word_1_184' title='bbox 2782 994 2977 1038; x_wconf 81' lang='lat' dir='ltr'><strong>terram</strong></span> <span class='ocrx_word' id='word_1_185' title='bbox 3007 986 3074 1039; x_wconf 86' lang='lat' dir='ltr'><strong>ab</strong></span> <span class='ocrx_word' id='word_1_186' title='bbox 3098 985 3346 1039; x_wconf 66' lang='lat' dir='ltr'><strong>omnibus</strong></span> <span class='ocrx_word' id='word_1_187' title='bbox 3379 987 3573 1040; x_wconf 55' lang='lat' dir='ltr'><strong>finiit!“</strong></span> 
     </span>
    </p>
   </div>
   <div class='ocr_carea' id='block_1_26' title="bbox 2012 1070 3582 1145">
    <p class='ocr_par' dir='ltr' id='par_1_26' title="bbox 2012 1070 3582 1145">
     <span class='ocr_line' id='line_1_26' title="bbox 2012 1070 3582 1145; baseline 0.006 -23"><span class='ocrx_word' id='word_1_188' title='bbox 2012 1076 2172 1123; x_wconf 65' lang='lat' dir='ltr'><strong>terra:</strong></span> <span class='ocrx_word' id='word_1_189' title='bbox 2220 1070 2518 1139; x_wconf 81' lang='lat' dir='ltr'><strong>gloriﬁcer.</strong></span> <span class='ocrx_word' id='word_1_190' title='bbox 2549 1071 2818 1128; x_wconf 76' lang='lat' dir='ltr'><strong>Caeterum</strong></span> <span class='ocrx_word' id='word_1_191' title='bbox 2868 1075 3146 1144; x_wconf 72' lang='lat' dir='ltr'><strong>apostolos</strong></span> <span class='ocrx_word' id='word_1_192' title='bbox 3202 1090 3306 1128; x_wconf 89' lang='lat' dir='ltr'><strong>non</strong></span> <span class='ocrx_word' id='word_1_193' title='bbox 3362 1076 3473 1145; x_wconf 84' lang='lat' dir='ltr'><strong>jam</strong></span> <span class='ocrx_word' id='word_1_194' title='bbox 3516 1078 3582 1131; x_wconf 91' lang='lat' dir='ltr'><strong>ad</strong></span> 
     </span>
    </p>
   </div>
   <div class='ocr_carea' id='block_1_27' title="bbox 2008 1159 3582 1236">
    <p class='ocr_par' dir='ltr' id='par_1_27' title="bbox 2008 1159 3582 1236">
     <span class='ocr_line' id='line_1_27' title="bbox 2008 1159 3582 1236; baseline 0.004 -22"><span class='ocrx_word' id='word_1_195' title='bbox 2008 1159 2155 1216; x_wconf 87' lang='lat' dir='ltr'><strong>solos</strong></span> <span class='ocrx_word' id='word_1_196' title='bbox 2202 1160 2417 1216; x_wconf 72' lang='lat' dir='ltr'><strong>Judteos</strong></span> <span class='ocrx_word' id='word_1_197' title='bbox 2463 1164 2666 1219; x_wconf 89' lang='lat' dir='ltr'><strong>mittit:</strong></span> <span class='ocrx_word' id='word_1_198' title='bbox 2720 1166 2812 1219; x_wconf 86' lang='lat' dir='ltr'><strong>sed</strong></span> <span class='ocrx_word' id='word_1_199' title='bbox 2847 1168 2972 1235; x_wconf 83' lang='lat' dir='ltr'><strong>quia</strong></span> <span class='ocrx_word' id='word_1_200' title='bbox 3008 1182 3223 1221; x_wconf 89' lang='lat' dir='ltr'><strong>omnem</strong></span> <span class='ocrx_word' id='word_1_201' title='bbox 3259 1177 3582 1236; x_wconf 80' lang='lat' dir='ltr'><strong>potestatem</strong></span> 
     </span>
    </p>
   </div>
   <div class='ocr_carea' id='block_1_28' title="bbox 2009 1252 3588 1323">
    <p class='ocr_par' dir='ltr' id='par_1_28' title="bbox 2009 1252 3588 1323">
     <span class='ocr_line' id='line_1_28' title="bbox 2009 1252 3588 1323; baseline 0.003 -20"><span class='ocrx_word' id='word_1_202' title='bbox 2009 1252 2241 1320; x_wconf 86' lang='lat' dir='ltr'><strong>accepit,</strong></span> <span class='ocrx_word' id='word_1_203' title='bbox 2275 1267 2605 1323; x_wconf 87' lang='lat' dir='ltr'><strong>omnemque</strong></span> <span class='ocrx_word' id='word_1_204' title='bbox 2640 1256 2930 1308; x_wconf 84' lang='lat' dir='ltr'><strong>humanam</strong></span> <span class='ocrx_word' id='word_1_205' title='bbox 2968 1267 3218 1309; x_wconf 88' lang='lat' dir='ltr'><strong>naturam</strong></span> <span class='ocrx_word' id='word_1_206' title='bbox 3279 1258 3588 1311; x_wconf 78' lang='lat' dir='ltr'><strong>sanctiﬁca-</strong></span> 
     </span>
    </p>
   </div>
   <div class='ocr_carea' id='block_1_29' title="bbox 2008 1344 3586 1417">
    <p class='ocr_par' dir='ltr' id='par_1_29' title="bbox 2008 1344 3586 1417">
     <span class='ocr_line' id='line_1_29' title="bbox 2008 1344 3586 1417; baseline 0.002 -21"><span class='ocrx_word' id='word_1_207' title='bbox 2008 1345 2087 1396; x_wconf 87' lang='lat' dir='ltr'><strong>vit</strong></span> <span class='ocrx_word' id='word_1_208' title='bbox 2109 1344 2160 1397; x_wconf 90' lang='lat' dir='ltr'><strong>in</strong></span> <span class='ocrx_word' id='word_1_209' title='bbox 2192 1344 2370 1414; x_wconf 86' lang='lat' dir='ltr'><strong>seipso</strong></span> <span class='ocrx_word' id='word_1_210' title='bbox 2393 1384 2407 1410; x_wconf 89' lang='lat'><strong>,</strong></span> <span class='ocrx_word' id='word_1_211' title='bbox 2445 1346 2641 1400; x_wconf 72' lang='lat' dir='ltr'><strong>merito</strong></span> <span class='ocrx_word' id='word_1_212' title='bbox 2665 1346 2732 1399; x_wconf 89' lang='lat' dir='ltr'><strong>ad</strong></span> <span class='ocrx_word' id='word_1_213' title='bbox 2750 1362 2937 1401; x_wconf 86' lang='lat' dir='ltr'><strong>omnes</strong></span> <span class='ocrx_word' id='word_1_214' title='bbox 2959 1358 3150 1417; x_wconf 84' lang='lat' dir='ltr'><strong>gentes</strong></span> <span class='ocrx_word' id='word_1_215' title='bbox 3178 1347 3369 1412; x_wconf 89' lang='lat' dir='ltr'><strong>mittit,</strong></span> <span class='ocrx_word' id='word_1_216' title='bbox 3400 1349 3586 1416; x_wconf 64' lang='lat' dir='ltr'><strong>praeci-</strong></span> 
     </span>
    </p>
   </div>
   <div class='ocr_carea' id='block_1_30' title="bbox 2010 1434 3586 1510">
    <p class='ocr_par' dir='ltr' id='par_1_30' title="bbox 2010 1434 3586 1510">
     <span class='ocr_line' id='line_1_30' title="bbox 2010 1434 3586 1510; baseline 0.003 -21"><span class='ocrx_word' id='word_1_217' title='bbox 2010 1434 2164 1505; x_wconf 90' lang='lat' dir='ltr'><strong>piens</strong></span> <span class='ocrx_word' id='word_1_218' title='bbox 2188 1436 2539 1506; x_wconf 85' lang='lat' dir='ltr'><strong>baptizarein</strong></span> <span class='ocrx_word' id='word_1_219' title='bbox 2564 1440 2784 1494; x_wconf 84' lang='lat' dir='ltr'><strong>nomine</strong></span> <span class='ocrx_word' id='word_1_220' title='bbox 2808 1439 3005 1507; x_wconf 87' lang='lat' dir='ltr'><strong>Patris,</strong></span> <span class='ocrx_word' id='word_1_221' title='bbox 3024 1449 3078 1495; x_wconf 88' lang='lat' dir='ltr'><strong>et</strong></span> <span class='ocrx_word' id='word_1_222' title='bbox 3100 1439 3244 1508; x_wconf 67' lang='lat' dir='ltr'><strong>Filii,</strong></span> <span class='ocrx_word' id='word_1_223' title='bbox 3277 1452 3331 1495; x_wconf 89' lang='lat' dir='ltr'><strong>et</strong></span> <span class='ocrx_word' id='word_1_224' title='bbox 3348 1440 3586 1510; x_wconf 85' lang='lat' dir='ltr'><strong>Spiritus</strong></span> 
     </span>
    </p>
   </div>
   <div class='ocr_carea' id='block_1_31' title="bbox 2010 1528 3584 1589">
    <p class='ocr_par' dir='ltr' id='par_1_31' title="bbox 2010 1528 3584 1589">
     <span class='ocr_line' id='line_1_31' title="bbox 2010 1528 3584 1589; baseline 0.004 -9"><span class='ocrx_word' id='word_1_225' title='bbox 2010 1530 2208 1583; x_wconf 85' lang='lat' dir='ltr'><strong>sancti.</strong></span> <span class='ocrx_word' id='word_1_226' title='bbox 2266 1528 2680 1585; x_wconf 83' lang='lat' dir='ltr'><strong>Confnndantur</strong></span> <span class='ocrx_word' id='word_1_227' title='bbox 2723 1530 2887 1588; x_wconf 80' lang='lat' dir='ltr'><strong>Arius</strong></span> <span class='ocrx_word' id='word_1_228' title='bbox 2934 1542 2989 1588; x_wconf 87' lang='lat' dir='ltr'><strong>et</strong></span> <span class='ocrx_word' id='word_1_229' title='bbox 3062 1533 3377 1589; x_wconf 68' lang='lat' dir='ltr'><strong>Saltellius:</strong></span> <span class='ocrx_word' id='word_1_230' title='bbox 3418 1534 3584 1587; x_wconf 82' lang='lat' dir='ltr'><strong>Arius</strong></span> 
     </span>
    </p>
   </div>
   <div class='ocr_carea' id='block_1_32' title="bbox 2009 1619 3586 1694">
    <p class='ocr_par' dir='ltr' id='par_1_32' title="bbox 2009 1619 3586 1694">
     <span class='ocr_line' id='line_1_32' title="bbox 2009 1619 3586 1694; baseline 0.004 -24"><span class='ocrx_word' id='word_1_231' title='bbox 2009 1619 2247 1687; x_wconf 83' lang='lat' dir='ltr'><strong>quidem,</strong></span> <span class='ocrx_word' id='word_1_232' title='bbox 2282 1635 2348 1675; x_wconf 89' lang='lat' dir='ltr'><strong>eo</strong></span> <span class='ocrx_word' id='word_1_233' title='bbox 2389 1621 2534 1691; x_wconf 90' lang='lat' dir='ltr'><strong>quod</strong></span> <span class='ocrx_word' id='word_1_234' title='bbox 2562 1621 2812 1678; x_wconf 80' lang='lat' dir='ltr'><strong>Christus</strong></span> <span class='ocrx_word' id='word_1_235' title='bbox 2843 1638 2950 1678; x_wconf 89' lang='lat' dir='ltr'><strong>non</strong></span> <span class='ocrx_word' id='word_1_236' title='bbox 2974 1622 3135 1694; x_wconf 86' lang='lat' dir='ltr'><strong>jussit</strong></span> <span class='ocrx_word' id='word_1_237' title='bbox 3191 1624 3243 1677; x_wconf 90' lang='lat' dir='ltr'><strong>in</strong></span> <span class='ocrx_word' id='word_1_238' title='bbox 3275 1624 3586 1678; x_wconf 88' lang='lat' dir='ltr'><strong>nominibus</strong></span> 
     </span>
    </p>
   </div>
   <div class='ocr_carea' id='block_1_33' title="bbox 2012 1708 3583 1779">
    <p class='ocr_par' dir='ltr' id='par_1_33' title="bbox 2012 1708 3583 1779">
     <span class='ocr_line' id='line_1_33' title="bbox 2012 1708 3583 1779; baseline 0.003 -17"><span class='ocrx_word' id='word_1_239' title='bbox 2012 1708 2308 1778; x_wconf 82' lang='lat' dir='ltr'><strong>baptizare,</strong></span> <span class='ocrx_word' id='word_1_240' title='bbox 2330 1710 2423 1764; x_wconf 88' lang='lat' dir='ltr'><strong>sed</strong></span> <span class='ocrx_word' id='word_1_241' title='bbox 2444 1710 2496 1765; x_wconf 83' lang='lat' dir='ltr'><strong>in</strong></span> <span class='ocrx_word' id='word_1_242' title='bbox 2520 1715 2763 1768; x_wconf 84' lang='lat' dir='ltr'><strong>nomine.</strong></span> <span class='ocrx_word' id='word_1_243' title='bbox 2789 1711 2991 1768; x_wconf 86' lang='lat' dir='ltr'><strong>Nomen</strong></span> <span class='ocrx_word' id='word_1_244' title='bbox 3015 1723 3193 1769; x_wconf 88' lang='lat' dir='ltr'><strong>autem</strong></span> <span class='ocrx_word' id='word_1_245' title='bbox 3210 1714 3371 1766; x_wconf 87' lang='lat' dir='ltr'><strong>trium</strong></span> <span class='ocrx_word' id='word_1_246' title='bbox 3393 1729 3583 1779; x_wconf 89' lang='lat' dir='ltr'><strong>unum,</strong></span> 
     </span>
    </p>
   </div>
   <div class='ocr_carea' id='block_1_34' title="bbox 326 1787 1908 1878">
    <p class='ocr_par' dir='ltr' id='par_1_34' title="bbox 326 1803 1907 1878">
     <span class='ocr_line' id='line_1_34' title="bbox 326 1803 1907 1878; baseline 0.002 -19"><span class='ocrx_word' id='word_1_247' title='bbox 326 1805 490 1870; x_wconf 81' lang='grc' dir='ltr'>ἁγίου</span> <span class='ocrx_word' id='word_1_248' title='bbox 543 1805 885 1874; x_wconf 85' lang='grc' dir='ltr'>Πνεύματος.</span> <span class='ocrx_word' id='word_1_249' title='bbox 920 1804 1374 1875; x_wconf 76' lang='grc' dir='ltr'>Αἰσχύνεσθωσαν</span> <span class='ocrx_word' id='word_1_250' title='bbox 1413 1803 1506 1860; x_wconf 74' lang='grc' dir='ltr'><strong>οὖν</strong></span> <span class='ocrx_word' id='word_1_251' title='bbox 1556 1808 1775 1878; x_wconf 82' lang='grc' dir='ltr'>Ἀρειος</span> <span class='ocrx_word' id='word_1_252' title='bbox 1813 1809 1907 1864; x_wconf 73' lang='grc' dir='ltr'><strong>καὶ</strong></span> 
     </span>
    </p>
   </div>
   <div class='ocr_carea' id='block_1_35' title="bbox 2009 1787 3587 1878">
    <p class='ocr_par' dir='ltr' id='par_1_35' title="bbox 2012 1802 3587 1877">
     <span class='ocr_line' id='line_1_35' title="bbox 2012 1802 3587 1877; baseline 0.004 -24"><span class='ocrx_word' id='word_1_253' title='bbox 2012 1813 2204 1870; x_wconf 86' lang='lat' dir='ltr'><strong>nempe</strong></span> <span class='ocrx_word' id='word_1_254' title='bbox 2251 1802 2446 1858; x_wconf 82' lang='lat' dir='ltr'><strong>deitas.</strong></span> <span class='ocrx_word' id='word_1_255' title='bbox 2505 1803 2654 1859; x_wconf 90' lang='lat' dir='ltr'><strong>Unus</strong></span> <span class='ocrx_word' id='word_1_256' title='bbox 2700 1805 2864 1877; x_wconf 81' lang='lat' dir='ltr'><strong>igitur</strong></span> <span class='ocrx_word' id='word_1_257' title='bbox 2919 1804 3086 1871; x_wconf 86' lang='lat' dir='ltr'><strong>Deus,</strong></span> <span class='ocrx_word' id='word_1_258' title='bbox 3142 1815 3276 1860; x_wconf 86' lang='lat' dir='ltr'><strong>tres.</strong></span> <span class='ocrx_word' id='word_1_259' title='bbox 3317 1805 3587 1860; x_wconf 73' lang='lat' dir='ltr'><strong>Saltellius</strong></span> 
     </span>
    </p>
   </div>
   <div class='ocr_carea' id='block_1_36' title="bbox 326 1896 1907 1972">
    <p class='ocr_par' dir='ltr' id='par_1_36' title="bbox 326 1896 1907 1972">
     <span class='ocr_line' id='line_1_36' title="bbox 326 1896 1907 1972; baseline 0.001 -21"><span class='ocrx_word' id='word_1_260' title='bbox 326 1897 638 1960; x_wconf 69' lang='lat' dir='ltr'><strong>2a6é).)tto;‘</strong></span> <span class='ocrx_word' id='word_1_261' title='bbox 667 1898 886 1968; x_wconf 72' lang='grc' dir='ltr'>’Ἄρειος</span> <span class='ocrx_word' id='word_1_262' title='bbox 919 1899 1038 1968; x_wconf 84' lang='grc' dir='ltr'>μὲν,</span> <span class='ocrx_word' id='word_1_263' title='bbox 1077 1898 1199 1952; x_wconf 84' lang='grc' dir='ltr'>καθ’</span> <span class='ocrx_word' id='word_1_264' title='bbox 1234 1898 1262 1951; x_wconf 83' lang='grc' dir='ltr'><strong>ὃ</strong></span> <span class='ocrx_word' id='word_1_265' title='bbox 1306 1899 1404 1952; x_wconf 81' lang='grc' dir='ltr'><strong>οὐκ</strong></span> <span class='ocrx_word' id='word_1_266' title='bbox 1439 1896 1590 1953; x_wconf 80' lang='grc' dir='ltr'>εἶπεν</span> <span class='ocrx_word' id='word_1_267' title='bbox 1619 1902 1647 1953; x_wconf 82' lang='grc' dir='ltr'>ὁ</span> <span class='ocrx_word' id='word_1_268' title='bbox 1670 1901 1907 1972; x_wconf 85' lang='grc' dir='ltr'>Χριστὸς</span> 
     </span>
    </p>
   </div>
   <div class='ocr_carea' id='block_1_37' title="bbox 325 1989 1908 2063">
    <p class='ocr_par' dir='ltr' id='par_1_37' title="bbox 325 1989 1908 2063">
     <span class='ocr_line' id='line_1_37' title="bbox 325 1989 1908 2063; baseline 0.001 -19"><span class='ocrx_word' id='word_1_269' title='bbox 325 1993 408 2052; x_wconf 82' lang='grc' dir='ltr'><strong>είς</strong></span> <span class='ocrx_word' id='word_1_270' title='bbox 438 1990 506 2044; x_wconf 77' lang='grc' dir='ltr'>τὰ</span> <span class='ocrx_word' id='word_1_271' title='bbox 537 1991 777 2061; x_wconf 82' lang='grc' dir='ltr'>ὀνόματα</span> <span class='ocrx_word' id='word_1_272' title='bbox 814 1990 1119 2061; x_wconf 79' lang='grc' dir='ltr'>βαπτίζειν,</span> <span class='ocrx_word' id='word_1_273' title='bbox 1162 1989 1277 2043; x_wconf 77' lang='grc' dir='ltr'>ἀλλ’</span> <span class='ocrx_word' id='word_1_274' title='bbox 1307 1991 1387 2056; x_wconf 83' lang='grc' dir='ltr'>εἰς</span> <span class='ocrx_word' id='word_1_275' title='bbox 1427 1991 1487 2045; x_wconf 88' lang='grc' dir='ltr'>τὸ</span> <span class='ocrx_word' id='word_1_276' title='bbox 1517 1991 1709 2063; x_wconf 71' lang='grc' dir='ltr'>ὃνομα³</span> <span class='ocrx_word' id='word_1_277' title='bbox 1736 1992 1908 2063; x_wconf 77' lang='grc' dir='ltr'>δνομα</span> 
     </span>
    </p>
   </div>
   <div class='ocr_carea' id='block_1_38' title="bbox 328 2078 1904 2156">
    <p class='ocr_par' dir='ltr' id='par_1_38' title="bbox 328 2078 1904 2156">
     <span class='ocr_line' id='line_1_38' title="bbox 328 2078 1904 2156; baseline 0.004 -23"><span class='ocrx_word' id='word_1_278' title='bbox 328 2080 388 2133; x_wconf 83' lang='grc' dir='ltr'><strong>δέ</strong></span> <span class='ocrx_word' id='word_1_279' title='bbox 435 2082 543 2134; x_wconf 88' lang='grc' dir='ltr'><strong>τῶν</strong></span> <span class='ocrx_word' id='word_1_280' title='bbox 589 2082 757 2151; x_wconf 84' lang='grc' dir='ltr'>τριῶν</span> <span class='ocrx_word' id='word_1_281' title='bbox 807 2081 939 2149; x_wconf 55' lang='lat' dir='ltr'><strong>lvd)</strong></span> <span class='ocrx_word' id='word_1_282' title='bbox 983 2081 1202 2153; x_wconf 84' lang='grc' dir='ltr'>θεότης·</span> <span class='ocrx_word' id='word_1_283' title='bbox 1245 2078 1327 2147; x_wconf 76' lang='grc' dir='ltr'>εἷς</span> <span class='ocrx_word' id='word_1_284' title='bbox 1360 2081 1452 2136; x_wconf 79' lang='grc' dir='ltr'><strong>οὖν</strong></span> <span class='ocrx_word' id='word_1_285' title='bbox 1489 2083 1620 2148; x_wconf 84' lang='grc' dir='ltr'>Θεὸς</span> <span class='ocrx_word' id='word_1_286' title='bbox 1658 2083 1728 2137; x_wconf 81' lang='grc' dir='ltr'><strong>τὰ</strong></span> <span class='ocrx_word' id='word_1_287' title='bbox 1757 2084 1904 2156; x_wconf 83' lang='grc' dir='ltr'>τρία.</span> 
     </span>
    </p>
   </div>
   <div class='ocr_carea' id='block_1_39' title="bbox 322 2171 1907 2248">
    <p class='ocr_par' dir='ltr' id='par_1_39' title="bbox 322 2171 1907 2248">
     <span class='ocr_line' id='line_1_39' title="bbox 322 2171 1907 2248; baseline 0.004 -23"><span class='ocrx_word' id='word_1_288' title='bbox 322 2172 616 2234; x_wconf 56' lang='lat' dir='ltr'><strong>suasum;</strong></span> <span class='ocrx_word' id='word_1_289' title='bbox 675 2171 756 2238; x_wconf 77' lang='grc' dir='ltr'><strong>δὲ,</strong></span> <span class='ocrx_word' id='word_1_290' title='bbox 813 2172 935 2228; x_wconf 81' lang='grc' dir='ltr'>καθ’</span> <span class='ocrx_word' id='word_1_291' title='bbox 991 2173 1021 2227; x_wconf 81' lang='grc' dir='ltr'><strong>ὃ</strong></span> <span class='ocrx_word' id='word_1_292' title='bbox 1078 2174 1172 2228; x_wconf 70' lang='grc' dir='ltr'>καὶ</span> <span class='ocrx_word' id='word_1_293' title='bbox 1230 2174 1340 2227; x_wconf 90' lang='grc' dir='ltr'><strong>τῶν</strong></span> <span class='ocrx_word' id='word_1_294' title='bbox 1392 2176 1558 2245; x_wconf 84' lang='grc' dir='ltr'>τριῶν</span> <span class='ocrx_word' id='word_1_295' title='bbox 1595 2175 1907 2248; x_wconf 84' lang='grc' dir='ltr'>προσώπων</span> 
     </span>
    </p>
   </div>
   <div class='ocr_carea' id='block_1_40' title="bbox 325 2264 1907 2338">
    <p class='ocr_par' dir='ltr' id='par_1_40' title="bbox 325 2264 1907 2338">
     <span class='ocr_line' id='line_1_40' title="bbox 325 2264 1907 2338; baseline 0.003 -20"><span class='ocrx_word' id='word_1_296' title='bbox 325 2264 577 2337; x_wconf 86' lang='grc' dir='ltr'>ἐμνήσθη</span> <span class='ocrx_word' id='word_1_297' title='bbox 605 2267 634 2319; x_wconf 83' lang='grc' dir='ltr'>ὀ</span> <span class='ocrx_word' id='word_1_298' title='bbox 662 2264 887 2336; x_wconf 80' lang='grc' dir='ltr'>Κύριος,</span> <span class='ocrx_word' id='word_1_299' title='bbox 920 2266 1020 2337; x_wconf 84' lang='grc' dir='ltr'>οὐχ</span> <span class='ocrx_word' id='word_1_300' title='bbox 1073 2267 1191 2329; x_wconf 83' lang='grc' dir='ltr'>ἐνὸς</span> <span class='ocrx_word' id='word_1_301' title='bbox 1243 2266 1561 2338; x_wconf 83' lang='grc' dir='ltr'>προσώπου,</span> <span class='ocrx_word' id='word_1_302' title='bbox 1591 2269 1667 2330; x_wconf 83' lang='grc' dir='ltr'>ὡς</span> <span class='ocrx_word' id='word_1_303' title='bbox 1700 2272 1907 2333; x_wconf 87' lang='grc' dir='ltr'>ἐκεῖνος</span> 
     </span>
    </p>
   </div>
   <div class='ocr_carea' id='block_1_41' title="bbox 323 2357 1907 2431">
    <p class='ocr_par' dir='ltr' id='par_1_41' title="bbox 323 2357 1907 2431">
     <span class='ocr_line' id='line_1_41' title="bbox 323 2357 1907 2431; baseline 0.003 -22"><span class='ocrx_word' id='word_1_304' title='bbox 323 2358 658 2427; x_wconf 78' lang='grc' dir='ltr'>ἐμφλυάρει,</span> <span class='ocrx_word' id='word_1_305' title='bbox 692 2357 762 2410; x_wconf 83' lang='grc' dir='ltr'>τὰ</span> <span class='ocrx_word' id='word_1_306' title='bbox 782 2358 909 2428; x_wconf 82' lang='grc' dir='ltr'>τρία</span> <span class='ocrx_word' id='word_1_307' title='bbox 948 2359 1188 2430; x_wconf 84' lang='grc' dir='ltr'>ὀνόματα</span> <span class='ocrx_word' id='word_1_308' title='bbox 1222 2360 1459 2430; x_wconf 79' lang='grc' dir='ltr'>ἔχοντος,</span> <span class='ocrx_word' id='word_1_309' title='bbox 1498 2361 1592 2415; x_wconf 72' lang='grc' dir='ltr'><strong>καὶ</strong></span> <span class='ocrx_word' id='word_1_310' title='bbox 1646 2362 1776 2415; x_wconf 84' lang='grc' dir='ltr'>ποτὲ</span> <span class='ocrx_word' id='word_1_311' title='bbox 1810 2362 1907 2431; x_wconf 82' lang='grc' dir='ltr'>μὲν</span> 
     </span>
    </p>
   </div>
   <div class='ocr_carea' id='block_1_42' title="bbox 323 2449 1908 2519">
    <p class='ocr_par' dir='ltr' id='par_1_42' title="bbox 323 2449 1908 2519">
     <span class='ocr_line' id='line_1_42' title="bbox 323 2449 1908 2519; baseline 0.003 -17"><span class='ocrx_word' id='word_1_312' title='bbox 323 2449 669 2518; x_wconf 72' lang='grc' dir='ltr'>καλουμένου</span> <span class='ocrx_word' id='word_1_313' title='bbox 706 2450 943 2519; x_wconf 82' lang='grc' dir='ltr'>Πατρὸς,</span> <span class='ocrx_word' id='word_1_314' title='bbox 993 2451 1124 2503; x_wconf 86' lang='grc' dir='ltr'><strong>ποτέ</strong></span> <span class='ocrx_word' id='word_1_315' title='bbox 1163 2450 1220 2504; x_wconf 81' lang='grc' dir='ltr'>δὲ</span> <span class='ocrx_word' id='word_1_316' title='bbox 1271 2451 1426 2519; x_wconf 83' lang='grc' dir='ltr'><strong>Υίοῦ,</strong></span> <span class='ocrx_word' id='word_1_317' title='bbox 1456 2452 1588 2506; x_wconf 83' lang='grc' dir='ltr'>ποτὲ</span> <span class='ocrx_word' id='word_1_318' title='bbox 1626 2453 1683 2506; x_wconf 82' lang='grc' dir='ltr'>δὲ</span> <span class='ocrx_word' id='word_1_319' title='bbox 1735 2451 1908 2506; x_wconf 73' lang='lat' dir='ltr'><strong>Ilvati-</strong></span> 
     </span>
    </p>
   </div>
   <div class='ocr_carea' id='block_1_43' title="bbox 323 2541 1908 2617">
    <p class='ocr_par' dir='ltr' id='par_1_43' title="bbox 323 2541 1908 2617">
     <span class='ocr_line' id='line_1_43' title="bbox 323 2541 1908 2617; baseline 0.004 -24"><span class='ocrx_word' id='word_1_320' title='bbox 323 2559 503 2612; x_wconf 79' lang='grc' dir='ltr'>ματος</span> <span class='ocrx_word' id='word_1_321' title='bbox 534 2558 548 2573; x_wconf 78' lang='grc' dir='ltr'><strong>ο</strong></span> <span class='ocrx_word' id='word_1_322' title='bbox 592 2541 729 2595; x_wconf 70' lang='grc' dir='ltr'>ἀλλὰ</span> <span class='ocrx_word' id='word_1_323' title='bbox 780 2542 947 2613; x_wconf 82' lang='grc' dir='ltr'>τριῶν</span> <span class='ocrx_word' id='word_1_324' title='bbox 1001 2543 1200 2614; x_wconf 80' lang='grc' dir='ltr'>μᾶλλον</span> <span class='ocrx_word' id='word_1_325' title='bbox 1259 2545 1564 2615; x_wconf 87' lang='grc' dir='ltr'>προσώπων</span> <span class='ocrx_word' id='word_1_326' title='bbox 1622 2545 1680 2599; x_wconf 77' lang='grc' dir='ltr'><strong>ἓν</strong></span> <span class='ocrx_word' id='word_1_327' title='bbox 1736 2546 1908 2617; x_wconf 78' lang='grc' dir='ltr'>ὄνομα</span> 
     </span>
    </p>
   </div>
   <div class='ocr_carea' id='block_1_44' title="bbox 321 2630 1911 2710">
    <p class='ocr_par' dir='ltr' id='par_1_44' title="bbox 321 2630 1911 2710">
     <span class='ocr_line' id='line_1_44' title="bbox 321 2630 1911 2710; baseline 0.003 -22"><span class='ocrx_word' id='word_1_328' title='bbox 321 2635 582 2705; x_wconf 78' lang='grc' dir='ltr'>ἐχόντων,</span> <span class='ocrx_word' id='word_1_329' title='bbox 619 2634 679 2688; x_wconf 89' lang='grc' dir='ltr'>τὸ</span> <span class='ocrx_word' id='word_1_330' title='bbox 726 2634 879 2696; x_wconf 71' lang='grc' dir='ltr'><strong>Θεόζ.</strong></span> <span class='ocrx_word' id='word_1_331' title='bbox 927 2630 1062 2690; x_wconf 82' lang='grc' dir='ltr'>Εἶτα</span> <span class='ocrx_word' id='word_1_332' title='bbox 1102 2637 1223 2690; x_wconf 72' lang='grc' dir='ltr'>ἐπεὶ</span> <span class='ocrx_word' id='word_1_333' title='bbox 1275 2637 1374 2690; x_wconf 86' lang='grc' dir='ltr'><strong>οὐκ</strong></span> <span class='ocrx_word' id='word_1_334' title='bbox 1403 2639 1565 2710; x_wconf 81' lang='grc' dir='ltr'>ἀρκεῖ</span> <span class='ocrx_word' id='word_1_335' title='bbox 1608 2639 1667 2691; x_wconf 92' lang='grc' dir='ltr'>τὸ</span> <span class='ocrx_word' id='word_1_336' title='bbox 1719 2639 1911 2710; x_wconf 82' lang='grc' dir='ltr'>βαπτι-</span> 
     </span>
    </p>
   </div>
   <div class='ocr_carea' id='block_1_45' title="bbox 321 2726 1908 2800">
    <p class='ocr_par' dir='ltr' id='par_1_45' title="bbox 321 2726 1908 2800">
     <span class='ocr_line' id='line_1_45' title="bbox 321 2726 1908 2800; baseline 0.003 -18"><span class='ocrx_word' id='word_1_337' title='bbox 321 2728 529 2799; x_wconf 77' lang='grc' dir='ltr'>σθῆναι</span> <span class='ocrx_word' id='word_1_338' title='bbox 567 2726 751 2796; x_wconf 81' lang='grc' dir='ltr'>μόνον,</span> <span class='ocrx_word' id='word_1_339' title='bbox 782 2727 919 2781; x_wconf 85' lang='grc' dir='ltr'><strong>ἀλλά</strong></span> <span class='ocrx_word' id='word_1_340' title='bbox 969 2728 1053 2780; x_wconf 84' lang='grc' dir='ltr'><strong>δεῖ</strong></span> <span class='ocrx_word' id='word_1_341' title='bbox 1100 2730 1194 2781; x_wconf 77' lang='grc' dir='ltr'><strong>καὶ</strong></span> <span class='ocrx_word' id='word_1_342' title='bbox 1241 2727 1574 2800; x_wconf 84' lang='grc' dir='ltr'>ἐργάζεσθαι</span> <span class='ocrx_word' id='word_1_343' title='bbox 1599 2731 1662 2785; x_wconf 85' lang='grc' dir='ltr'>τὸ</span> <span class='ocrx_word' id='word_1_344' title='bbox 1699 2731 1908 2800; x_wconf 83' lang='grc' dir='ltr'>ἀγαθὸν</span> 
     </span>
    </p>
   </div>
   <div class='ocr_carea' id='block_1_46' title="bbox 324 2819 1908 2892">
    <p class='ocr_par' dir='ltr' id='par_1_46' title="bbox 324 2819 1908 2892">
     <span class='ocr_line' id='line_1_46' title="bbox 324 2819 1908 2892; baseline 0.002 -21"><span class='ocrx_word' id='word_1_345' title='bbox 324 2819 476 2891; x_wconf 77' lang='grc' dir='ltr'>μετὰ</span> <span class='ocrx_word' id='word_1_346' title='bbox 507 2819 567 2871; x_wconf 84' lang='grc' dir='ltr'>τὸ</span> <span class='ocrx_word' id='word_1_347' title='bbox 598 2819 904 2890; x_wconf 78' lang='grc' dir='ltr'>βάπτισμα,</span> <span class='ocrx_word' id='word_1_348' title='bbox 934 2819 1088 2889; x_wconf 78' lang='grc' dir='ltr'>φησί’</span> <span class='ocrx_word' id='word_1_349' title='bbox 1123 2819 1475 2883; x_wconf 79' lang='grc' dir='ltr'>Διδάσκοντες</span> <span class='ocrx_word' id='word_1_350' title='bbox 1504 2820 1699 2884; x_wconf 76' lang='grc' dir='ltr'>αὐτοὺς</span> <span class='ocrx_word' id='word_1_351' title='bbox 1719 2825 1908 2892; x_wconf 81' lang='grc' dir='ltr'>τηρεῖν</span> 
     </span>
    </p>
   </div>
   <div class='ocr_carea' id='block_1_47' title="bbox 322 2911 1908 2984">
    <p class='ocr_par' dir='ltr' id='par_1_47' title="bbox 322 2911 1908 2984">
     <span class='ocr_line' id='line_1_47' title="bbox 322 2911 1908 2984; baseline 0.001 -20"><span class='ocrx_word' id='word_1_352' title='bbox 322 2915 513 2965; x_wconf 76' lang='grc' dir='ltr'>πάντα</span> <span class='ocrx_word' id='word_1_353' title='bbox 565 2911 667 2965; x_wconf 87' lang='grc' dir='ltr'>ὃσα</span> <span class='ocrx_word' id='word_1_354' title='bbox 723 2911 1076 2982; x_wconf 78' lang='grc' dir='ltr'>ἐνετειλάμην</span> <span class='ocrx_word' id='word_1_355' title='bbox 1134 2913 1283 2982; x_wconf 84' lang='grc' dir='ltr'>ὑμῖν,</span> <span class='ocrx_word' id='word_1_356' title='bbox 1316 2913 1415 2967; x_wconf 82' lang='grc' dir='ltr'><strong>οὐκ</strong></span> <span class='ocrx_word' id='word_1_357' title='bbox 1463 2912 1520 2965; x_wconf 77' lang='grc' dir='ltr'><strong>ἓν</strong></span> <span class='ocrx_word' id='word_1_358' title='bbox 1550 2914 1582 2984; x_wconf 81' lang='grc' dir='ltr'>ἢ</span> <span class='ocrx_word' id='word_1_359' title='bbox 1612 2914 1726 2975; x_wconf 71' lang='grc' dir='ltr'>δύο,</span> <span class='ocrx_word' id='word_1_360' title='bbox 1773 2913 1908 2966; x_wconf 73' lang='grc' dir='ltr'>ἀλλὰ</span> 
     </span>
    </p>
   </div>
   <div class='ocr_carea' id='block_1_48' title="bbox 321 3003 1904 3074">
    <p class='ocr_par' dir='ltr' id='par_1_48' title="bbox 321 3003 1904 3074">
     <span class='ocr_line' id='line_1_48' title="bbox 321 3003 1904 3074; baseline 0.002 -18"><span class='ocrx_word' id='word_1_361' title='bbox 321 3004 513 3074; x_wconf 35' lang='grc' dir='ltr'>πάντα</span> <span class='ocrx_word' id='word_1_362' title='bbox 550 3004 616 3057; x_wconf 75' lang='grc' dir='ltr'>τὰ</span> <span class='ocrx_word' id='word_1_363' title='bbox 672 3003 988 3074; x_wconf 80' lang='grc' dir='ltr'>ἐντάλματά</span> <span class='ocrx_word' id='word_1_364' title='bbox 1043 3020 1166 3074; x_wconf 80' lang='grc' dir='ltr'>μου.</span> <span class='ocrx_word' id='word_1_365' title='bbox 1199 3004 1485 3073; x_wconf 80' lang='grc' dir='ltr'>Φρίξωμεν</span> <span class='ocrx_word' id='word_1_366' title='bbox 1515 3003 1628 3069; x_wconf 77' lang='grc' dir='ltr'>οὖν,</span> <span class='ocrx_word' id='word_1_367' title='bbox 1667 3005 1904 3074; x_wconf 81' lang='grc' dir='ltr'>ἀδελφοὶ,</span> 
     </span>
    </p>
   </div>
   <div class='ocr_carea' id='block_1_49' title="bbox 320 3068 1976 3195">
    <p class='ocr_par' dir='ltr' id='par_1_49' title="bbox 320 3068 1976 3195">
     <span class='ocr_line' id='line_1_49' title="bbox 320 3068 1976 3195; baseline -0.001 -44"><span class='ocrx_word' id='word_1_368' title='bbox 320 3068 643 3159; x_wconf 51' lang='grc' dir='ltr'>ἐννοοῦντες</span> <span class='ocrx_word' id='word_1_369' title='bbox 673 3097 755 3149; x_wconf 79' lang='grc' dir='ltr'><strong>ὅτι</strong></span> <span class='ocrx_word' id='word_1_370' title='bbox 787 3068 883 3149; x_wconf 75' lang='grc' dir='ltr'>ἐάν</span> <span class='ocrx_word' id='word_1_371' title='bbox 912 3096 970 3149; x_wconf 77' lang='grc' dir='ltr'><strong>ἓν</strong></span> <span class='ocrx_word' id='word_1_372' title='bbox 995 3068 1161 3169; x_wconf 77' lang='grc' dir='ltr'>λείπῃ</span> <span class='ocrx_word' id='word_1_373' title='bbox 1189 3068 1344 3168; x_wconf 79' lang='grc' dir='ltr'>ἡμῖν,</span> <span class='ocrx_word' id='word_1_374' title='bbox 1376 3068 1476 3151; x_wconf 75' lang='grc' dir='ltr'><strong>οὔκ</strong></span> <span class='ocrx_word' id='word_1_375' title='bbox 1514 3098 1682 3168; x_wconf 80' lang='grc' dir='ltr'>ἐσμεν</span> <span class='ocrx_word' id='word_1_376' title='bbox 1709 3098 1905 3152; x_wconf 84' lang='grc' dir='ltr'>τέλειοι</span> <span class='ocrx_word' id='word_1_377' title='bbox 1932 3136 1976 3195; x_wconf 75' lang='lat' dir='ltr'><strong><em>C</em></strong></span> 
     </span>
    </p>
   </div>
   <div class='ocr_carea' id='block_1_50' title="bbox 318 3187 1907 3258">
    <p class='ocr_par' dir='ltr' id='par_1_50' title="bbox 318 3187 1907 3258">
     <span class='ocr_line' id='line_1_50' title="bbox 318 3187 1907 3258; baseline 0.001 -17"><span class='ocrx_word' id='word_1_378' title='bbox 318 3187 509 3241; x_wconf 75' lang='grc' dir='ltr'>δοῦλοι</span> <span class='ocrx_word' id='word_1_379' title='bbox 550 3187 643 3239; x_wconf 76' lang='grc' dir='ltr'><strong>τοῦ</strong></span> <span class='ocrx_word' id='word_1_380' title='bbox 688 3187 947 3256; x_wconf 75' lang='grc' dir='ltr'>Χριστοῦ.</span> <span class='ocrx_word' id='word_1_381' title='bbox 984 3188 1172 3241; x_wconf 80' lang='grc' dir='ltr'>Πάντα</span> <span class='ocrx_word' id='word_1_382' title='bbox 1212 3188 1319 3258; x_wconf 80' lang='grc' dir='ltr'><strong>γὰρ</strong></span> <span class='ocrx_word' id='word_1_383' title='bbox 1382 3187 1768 3258; x_wconf 84' lang='grc' dir='ltr'>ἀπαιτούμεθα</span> <span class='ocrx_word' id='word_1_384' title='bbox 1802 3206 1907 3257; x_wconf 76' lang='grc' dir='ltr'><strong>φυ-</strong></span> 
     </span>
    </p>
   </div>
   <div class='ocr_carea' id='block_1_51' title="bbox 318 3279 1909 3352">
    <p class='ocr_par' dir='ltr' id='par_1_51' title="bbox 318 3279 1909 3352">
     <span class='ocr_line' id='line_1_51' title="bbox 318 3279 1909 3352; baseline 0.002 -20"><span class='ocrx_word' id='word_1_385' title='bbox 318 3280 568 3336; x_wconf 74' lang='grc' dir='ltr'>λάττειν.</span> <span class='ocrx_word' id='word_1_386' title='bbox 602 3280 744 3350; x_wconf 84' lang='grc' dir='ltr'>Ὅρα</span> <span class='ocrx_word' id='word_1_387' title='bbox 765 3280 822 3333; x_wconf 77' lang='grc' dir='ltr'>δὲ</span> <span class='ocrx_word' id='word_1_388' title='bbox 853 3281 949 3349; x_wconf 77' lang='grc' dir='ltr'>τὴν</span> <span class='ocrx_word' id='word_1_389' title='bbox 984 3279 1081 3331; x_wconf 83' lang='grc' dir='ltr'>τοῦ</span> <span class='ocrx_word' id='word_1_390' title='bbox 1130 3280 1337 3351; x_wconf 88' lang='grc' dir='ltr'>Κυρίου</span> <span class='ocrx_word' id='word_1_391' title='bbox 1370 3280 1624 3349; x_wconf 78' lang='grc' dir='ltr'>διάλεξιν,</span> <span class='ocrx_word' id='word_1_392' title='bbox 1656 3282 1772 3346; x_wconf 85' lang='grc' dir='ltr'><strong>πῶς</strong></span> <span class='ocrx_word' id='word_1_393' title='bbox 1800 3284 1909 3352; x_wconf 83' lang='grc' dir='ltr'><strong>ἁμ-</strong></span> 
     </span>
    </p>
   </div>
   <div class='ocr_carea' id='block_1_52' title="bbox 322 3371 1903 3447">
    <p class='ocr_par' dir='ltr' id='par_1_52' title="bbox 322 3371 1903 3447">
     <span class='ocr_line' id='line_1_52' title="bbox 322 3371 1903 3447; baseline 0.003 -25"><span class='ocrx_word' id='word_1_394' title='bbox 322 3371 540 3442; x_wconf 71' lang='grc' dir='ltr'>φὸτερα</span> <span class='ocrx_word' id='word_1_395' title='bbox 574 3371 643 3423; x_wconf 71' lang='grc' dir='ltr'><strong>τὰ</strong></span> <span class='ocrx_word' id='word_1_396' title='bbox 676 3371 945 3440; x_wconf 77' lang='grc' dir='ltr'>κεφαλαια</span> <span class='ocrx_word' id='word_1_397' title='bbox 996 3371 1089 3424; x_wconf 75' lang='grc' dir='ltr'>τοῦ</span> <span class='ocrx_word' id='word_1_398' title='bbox 1148 3371 1579 3443; x_wconf 79' lang='grc' dir='ltr'>Χριστιανισμοῦ</span> <span class='ocrx_word' id='word_1_399' title='bbox 1634 3375 1903 3447; x_wconf 77' lang='grc' dir='ltr'>περιέχει,</span> 
     </span>
    </p>
   </div>
   <div class='ocr_carea' id='block_1_53' title="bbox 321 3461 1905 3539">
    <p class='ocr_par' dir='ltr' id='par_1_53' title="bbox 321 3461 1905 3539">
     <span class='ocr_line' id='line_1_53' title="bbox 321 3461 1905 3539; baseline 0.004 -25"><span class='ocrx_word' id='word_1_400' title='bbox 321 3461 614 3530; x_wconf 81' lang='grc' dir='ltr'>θεολογίαν</span> <span class='ocrx_word' id='word_1_401' title='bbox 667 3464 763 3516; x_wconf 55' lang='grc' dir='ltr'><strong>καὶ⁸</strong></span> <span class='ocrx_word' id='word_1_402' title='bbox 830 3463 1140 3534; x_wconf 81' lang='grc' dir='ltr'>πρακτικὴν</span> <span class='ocrx_word' id='word_1_403' title='bbox 1186 3465 1411 3536; x_wconf 76' lang='grc' dir='ltr'>ἀρετήν’</span> <span class='ocrx_word' id='word_1_404' title='bbox 1437 3463 1608 3518; x_wconf 77' lang='grc' dir='ltr'>εἰπὼν</span> <span class='ocrx_word' id='word_1_405' title='bbox 1639 3467 1736 3536; x_wconf 81' lang='grc' dir='ltr'><strong>μὲν</strong></span> <span class='ocrx_word' id='word_1_406' title='bbox 1775 3467 1905 3539; x_wconf 83' lang='grc' dir='ltr'>γὰρ,</span> 
     </span>
    </p>
   </div>
   <div class='ocr_carea' id='block_1_54' title="bbox 319 3554 1909 3627">
    <p class='ocr_par' dir='ltr' id='par_1_54' title="bbox 319 3554 1909 3627">
     <span class='ocr_line' id='line_1_54' title="bbox 319 3554 1909 3627; baseline 0.002 -18"><span class='ocrx_word' id='word_1_407' title='bbox 319 3556 415 3609; x_wconf 74' lang='grc' dir='ltr'>ὃτι</span> <span class='ocrx_word' id='word_1_408' title='bbox 443 3555 522 3608; x_wconf 82' lang='grc' dir='ltr'><strong>δεῖ</strong></span> <span class='ocrx_word' id='word_1_409' title='bbox 551 3554 834 3627; x_wconf 77' lang='grc' dir='ltr'>βαπτίζειν</span> <span class='ocrx_word' id='word_1_410' title='bbox 857 3558 939 3619; x_wconf 82' lang='grc' dir='ltr'>εἰς</span> <span class='ocrx_word' id='word_1_411' title='bbox 970 3555 1032 3607; x_wconf 90' lang='grc' dir='ltr'>τὸ</span> <span class='ocrx_word' id='word_1_412' title='bbox 1052 3555 1223 3625; x_wconf 75' lang='grc' dir='ltr'>ὄνομα</span> <span class='ocrx_word' id='word_1_413' title='bbox 1253 3556 1354 3626; x_wconf 82' lang='grc' dir='ltr'><strong>τῆς</strong></span> <span class='ocrx_word' id='word_1_414' title='bbox 1389 3556 1637 3623; x_wconf 82' lang='grc' dir='ltr'>Τριάδος,</span> <span class='ocrx_word' id='word_1_415' title='bbox 1662 3557 1759 3626; x_wconf 82' lang='grc' dir='ltr'>τὴν</span> <span class='ocrx_word' id='word_1_416' title='bbox 1791 3558 1909 3613; x_wconf 85' lang='grc' dir='ltr'>θεο-</span> 
     </span>
    </p>
   </div>
   <div class='ocr_carea' id='block_1_55' title="bbox 323 3648 1907 3719">
    <p class='ocr_par' dir='ltr' id='par_1_55' title="bbox 323 3648 1907 3719">
     <span class='ocr_line' id='line_1_55' title="bbox 323 3648 1907 3719; baseline 0.001 -17"><span class='ocrx_word' id='word_1_417' title='bbox 323 3648 523 3717; x_wconf 68' lang='grc' dir='ltr'>λογίαν</span> <span class='ocrx_word' id='word_1_418' title='bbox 556 3651 690 3718; x_wconf 83' lang='grc' dir='ltr'>ἡμῖν</span> <span class='ocrx_word' id='word_1_419' title='bbox 734 3649 1071 3719; x_wconf 73' lang='grc' dir='ltr'>παρέδωκεψ</span> <span class='ocrx_word' id='word_1_420' title='bbox 1118 3648 1289 3702; x_wconf 81' lang='grc' dir='ltr'>εἰπὼν</span> <span class='ocrx_word' id='word_1_421' title='bbox 1319 3649 1375 3703; x_wconf 83' lang='grc' dir='ltr'>δὲ</span> <span class='ocrx_word' id='word_1_422' title='bbox 1418 3649 1688 3705; x_wconf 78' lang='grc' dir='ltr'>διδάσκειν</span> <span class='ocrx_word' id='word_1_423' title='bbox 1721 3652 1813 3704; x_wconf 72' lang='grc' dir='ltr'><strong>καὶ</strong></span> <span class='ocrx_word' id='word_1_424' title='bbox 1846 3652 1907 3705; x_wconf 88' lang='grc' dir='ltr'>τὸ</span> 
     </span>
    </p>
   </div>
   <div class='ocr_carea' id='block_1_56' title="bbox 321 3742 1906 3815">
    <p class='ocr_par' dir='ltr' id='par_1_56' title="bbox 321 3742 1906 3815">
     <span class='ocr_line' id='line_1_56' title="bbox 321 3742 1906 3815; baseline -0.001 -18"><span class='ocrx_word' id='word_1_425' title='bbox 321 3744 430 3804; x_wconf 68' lang='grc' dir='ltr'>τὰς</span> <span class='ocrx_word' id='word_1_426' title='bbox 465 3742 684 3804; x_wconf 74' lang='grc' dir='ltr'>ἐντολὰς</span> <span class='ocrx_word' id='word_1_427' title='bbox 732 3745 939 3815; x_wconf 80' lang='grc' dir='ltr'>τηρεῖν,</span> <span class='ocrx_word' id='word_1_428' title='bbox 1000 3743 1102 3810; x_wconf 79' lang='grc' dir='ltr'><strong>τὴν</strong></span> <span class='ocrx_word' id='word_1_429' title='bbox 1161 3742 1479 3812; x_wconf 83' lang='grc' dir='ltr'>πρακτικὴν</span> <span class='ocrx_word' id='word_1_430' title='bbox 1540 3743 1745 3814; x_wconf 84' lang='grc' dir='ltr'>ἀρετὴν</span> <span class='ocrx_word' id='word_1_431' title='bbox 1771 3745 1906 3812; x_wconf 79' lang='grc' dir='ltr'>ἡμῖν</span> 
     </span>
    </p>
   </div>
   <div class='ocr_carea' id='block_1_57' title="bbox 323 3832 1905 3906">
    <p class='ocr_par' dir='ltr' id='par_1_57' title="bbox 323 3832 1905 3906">
     <span class='ocr_line' id='line_1_57' title="bbox 323 3832 1905 3906; baseline -0.001 -16"><span class='ocrx_word' id='word_1_432' title='bbox 323 3838 682 3906; x_wconf 74' lang='grc' dir='ltr'>εἰσηγήσατο.</span> <span class='ocrx_word' id='word_1_433' title='bbox 752 3832 1201 3906; x_wconf 74' lang='grc' dir='ltr'>Παραθαρῤύνων</span> <span class='ocrx_word' id='word_1_434' title='bbox 1284 3833 1341 3887; x_wconf 84' lang='grc' dir='ltr'>δὲ</span> <span class='ocrx_word' id='word_1_435' title='bbox 1416 3834 1657 3900; x_wconf 80' lang='grc' dir='ltr'>αὐτοὺς,</span> <span class='ocrx_word' id='word_1_436' title='bbox 1718 3833 1905 3905; x_wconf 82' lang='grc' dir='ltr'>ἐπειδὴ</span> 
     </span>
    </p>
   </div>
   <div class='ocr_carea' id='block_1_58' title="bbox 324 3924 1906 3997">
    <p class='ocr_par' dir='ltr' id='par_1_58' title="bbox 324 3924 1906 3997">
     <span class='ocr_line' id='line_1_58' title="bbox 324 3924 1906 3997; baseline -0.002 -16"><span class='ocrx_word' id='word_1_437' title='bbox 324 3926 664 3981; x_wconf 80' lang='grc' dir='ltr'>ἀπέστελλεν</span> <span class='ocrx_word' id='word_1_438' title='bbox 704 3927 781 3991; x_wconf 79' lang='grc' dir='ltr'>εἰς</span> <span class='ocrx_word' id='word_1_439' title='bbox 821 3926 948 3997; x_wconf 79' lang='grc' dir='ltr'>ἔθνη</span> <span class='ocrx_word' id='word_1_440' title='bbox 991 3926 1086 3978; x_wconf 77' lang='grc' dir='ltr'><strong>καὶ</strong></span> <span class='ocrx_word' id='word_1_441' title='bbox 1115 3926 1195 3989; x_wconf 85' lang='grc' dir='ltr'><strong>είς</strong></span> <span class='ocrx_word' id='word_1_442' title='bbox 1230 3924 1445 3996; x_wconf 65' lang='grc' dir='ltr'>σφαγὰς</span> <span class='ocrx_word' id='word_1_443' title='bbox 1476 3927 1571 3979; x_wconf 78' lang='grc' dir='ltr'>καὶ</span> <span class='ocrx_word' id='word_1_444' title='bbox 1604 3924 1906 3989; x_wconf 81' lang='grc' dir='ltr'>κινδύνους,</span> 
     </span>
    </p>
   </div>
   <div class='ocr_carea' id='block_1_59' title="bbox 325 4017 1905 4091">
    <p class='ocr_par' dir='ltr' id='par_1_59' title="bbox 325 4017 1905 4091">
     <span class='ocr_line' id='line_1_59' title="bbox 325 4017 1905 4091; baseline -0.001 -19"><span class='ocrx_word' id='word_1_445' title='bbox 325 4020 501 4091; x_wconf 63' lang='grc' dir='ltr'>φησιν</span> <span class='ocrx_word' id='word_1_446' title='bbox 534 4021 637 4083; x_wconf 79' lang='grc' dir='ltr'>ὅτι,</span> <span class='ocrx_word' id='word_1_447' title='bbox 662 4019 754 4087; x_wconf 84' lang='grc' dir='ltr'><strong>Μὴ</strong></span> <span class='ocrx_word' id='word_1_448' title='bbox 787 4018 1064 4088; x_wconf 77' lang='grc' dir='ltr'>φοϐεῖσθε·</span> <span class='ocrx_word' id='word_1_449' title='bbox 1107 4019 1217 4087; x_wconf 85' lang='grc' dir='ltr'><strong>ἐγὼ</strong></span> <span class='ocrx_word' id='word_1_450' title='bbox 1242 4017 1352 4091; x_wconf 84' lang='grc' dir='ltr'>γὰρ</span> <span class='ocrx_word' id='word_1_451' title='bbox 1378 4019 1573 4089; x_wconf 73' lang='grc' dir='ltr'>ἔσομαι</span> <span class='ocrx_word' id='word_1_452' title='bbox 1606 4017 1726 4088; x_wconf 84' lang='grc' dir='ltr'>μεθ’</span> <span class='ocrx_word' id='word_1_453' title='bbox 1750 4017 1905 4089; x_wconf 84' lang='grc' dir='ltr'>ὑμῶν</span> 
     </span>
    </p>
   </div>
   <div class='ocr_carea' id='block_1_60' title="bbox 282 4108 1902 4181">
    <p class='ocr_par' dir='ltr' id='par_1_60' title="bbox 282 4108 1902 4181">
     <span class='ocr_line' id='line_1_60' title="bbox 282 4108 1902 4181; baseline -0.004 -14"><span class='ocrx_word' id='word_1_454' title='bbox 282 4135 295 4143; x_wconf 76' lang='grc'><strong>’</strong></span> <span class='ocrx_word' id='word_1_455' title='bbox 324 4112 464 4181; x_wconf 71' lang='grc' dir='ltr'>ἄχρι</span> <span class='ocrx_word' id='word_1_456' title='bbox 486 4111 584 4180; x_wconf 80' lang='grc' dir='ltr'>τῆς</span> <span class='ocrx_word' id='word_1_457' title='bbox 627 4109 939 4173; x_wconf 88' lang='grc' dir='ltr'>συντελείας</span> <span class='ocrx_word' id='word_1_458' title='bbox 974 4110 1068 4163; x_wconf 82' lang='grc' dir='ltr'>τοῦ</span> <span class='ocrx_word' id='word_1_459' title='bbox 1101 4109 1316 4174; x_wconf 76' lang='grc' dir='ltr'>αἰῶνος.</span> <span class='ocrx_word' id='word_1_460' title='bbox 1350 4111 1493 4181; x_wconf 88' lang='grc' dir='ltr'><strong>Ὅρα</strong></span> <span class='ocrx_word' id='word_1_461' title='bbox 1520 4110 1577 4164; x_wconf 82' lang='grc' dir='ltr'>δὲ</span> <span class='ocrx_word' id='word_1_462' title='bbox 1599 4111 1692 4163; x_wconf 70' lang='grc' dir='ltr'><strong>καὶ</strong></span> <span class='ocrx_word' id='word_1_463' title='bbox 1723 4108 1902 4174; x_wconf 83' lang='grc' dir='ltr'>τοῦτο,</span> 
     </span>
    </p>
   </div>
   <div class='ocr_carea' id='block_1_61' title="bbox 325 4199 1942 4273">
    <p class='ocr_par' dir='ltr' id='par_1_61' title="bbox 325 4199 1942 4273">
     <span class='ocr_line' id='line_1_61' title="bbox 325 4199 1942 4273; baseline -0.012 -5"><span class='ocrx_word' id='word_1_464' title='bbox 325 4203 451 4265; x_wconf 77' lang='grc' dir='ltr'>’πῶς</span> <span class='ocrx_word' id='word_1_465' title='bbox 475 4200 721 4273; x_wconf 76' lang='grc' dir='ltr'>ἐμνήσθη</span> <span class='ocrx_word' id='word_1_466' title='bbox 747 4201 846 4271; x_wconf 78' lang='grc' dir='ltr'>τῆς</span> <span class='ocrx_word' id='word_1_467' title='bbox 877 4200 1212 4266; x_wconf 86' lang='grc' dir='ltr'>συντελείας,</span> <span class='ocrx_word' id='word_1_468' title='bbox 1238 4201 1326 4254; x_wconf 82' lang='grc' dir='ltr'><strong>ἵνα</strong></span> <span class='ocrx_word' id='word_1_469' title='bbox 1347 4199 1682 4269; x_wconf 82' lang='grc' dir='ltr'>διαναστήσῃ</span> <span class='ocrx_word' id='word_1_470' title='bbox 1707 4199 1904 4262; x_wconf 72' lang='grc' dir='ltr'>αὐτοὺς</span> <span class='ocrx_word' id='word_1_471' title='bbox 1938 4268 1942 4272; x_wconf 15' lang='grc' dir='ltr'>θ</span> 
     </span>
    </p>
   </div>
   <div class='ocr_carea' id='block_1_62' title="bbox 327 4291 1904 4365">
    <p class='ocr_par' dir='ltr' id='par_1_62' title="bbox 327 4291 1904 4365">
     <span class='ocr_line' id='line_1_62' title="bbox 327 4291 1904 4365; baseline -0.004 -16"><span class='ocrx_word' id='word_1_472' title='bbox 327 4294 538 4364; x_wconf 76' lang='grc' dir='ltr'>μᾶλλον</span> <span class='ocrx_word' id='word_1_473' title='bbox 588 4294 950 4365; x_wconf 73' lang='grc' dir='ltr'>καταφρονεῖν</span> <span class='ocrx_word' id='word_1_474' title='bbox 991 4292 1098 4346; x_wconf 87' lang='grc' dir='ltr'><strong>τῶν</strong></span> <span class='ocrx_word' id='word_1_475' title='bbox 1145 4291 1354 4346; x_wconf 86' lang='grc' dir='ltr'>δεινῶν.</span> <span class='ocrx_word' id='word_1_476' title='bbox 1390 4291 1483 4361; x_wconf 77' lang='grc' dir='ltr'><strong>Μὴ</strong></span> <span class='ocrx_word' id='word_1_477' title='bbox 1537 4291 1904 4361; x_wconf 80' lang='grc' dir='ltr'>δυσχεράνητε</span> 
     </span>
    </p>
   </div>
   <div class='ocr_carea' id='block_1_63' title="bbox 326 4370 1904 4452">
    <p class='ocr_par' dir='ltr' id='par_1_63' title="bbox 326 4370 1904 4452">
     <span class='ocr_line' id='line_1_63' title="bbox 326 4370 1904 4452; baseline -0.001 -19"><span class='ocrx_word' id='word_1_478' title='bbox 326 4386 463 4451; x_wconf 81' lang='grc' dir='ltr'>γὰρ,</span> <span class='ocrx_word' id='word_1_479' title='bbox 500 4380 653 4452; x_wconf 81' lang='grc' dir='ltr'>φησί·</span> <span class='ocrx_word' id='word_1_480' title='bbox 697 4381 1010 4433; x_wconf 80' lang='grc' dir='ltr'>συντέλειαν</span> <span class='ocrx_word' id='word_1_481' title='bbox 1053 4370 1231 4446; x_wconf 77' lang='grc' dir='ltr'>ἕξουσι</span> <span class='ocrx_word' id='word_1_482' title='bbox 1272 4381 1485 4444; x_wconf 78' lang='grc' dir='ltr'>πάντα,</span> <span class='ocrx_word' id='word_1_483' title='bbox 1526 4378 1636 4432; x_wconf 81' lang='grc' dir='ltr'>είτε</span> <span class='ocrx_word' id='word_1_484' title='bbox 1679 4378 1904 4448; x_wconf 77' lang='grc' dir='ltr'>ἀλγεινὰ</span> 
     </span>
    </p>
   </div>
   <div class='ocr_carea' id='block_1_64' title="bbox 2007 1896 3583 1966">
    <p class='ocr_par' dir='ltr' id='par_1_64' title="bbox 2007 1896 3583 1966">
     <span class='ocr_line' id='line_1_64' title="bbox 2007 1896 3583 1966; baseline 0.006 -20"><span class='ocrx_word' id='word_1_485' title='bbox 2007 1908 2161 1957; x_wconf 86' lang='lat' dir='ltr'><strong>vero,</strong></span> <span class='ocrx_word' id='word_1_486' title='bbox 2195 1908 2260 1947; x_wconf 92' lang='lat' dir='ltr'><strong>eo</strong></span> <span class='ocrx_word' id='word_1_487' title='bbox 2283 1896 2423 1965; x_wconf 83' lang='lat' dir='ltr'><strong>quod</strong></span> <span class='ocrx_word' id='word_1_488' title='bbox 2463 1898 2625 1950; x_wconf 91' lang='lat' dir='ltr'><strong>trium</strong></span> <span class='ocrx_word' id='word_1_489' title='bbox 2654 1902 3005 1965; x_wconf 84' lang='lat' dir='ltr'><strong>personarum</strong></span> <span class='ocrx_word' id='word_1_490' title='bbox 3039 1900 3282 1954; x_wconf 88' lang='lat' dir='ltr'><strong>meminit</strong></span> <span class='ocrx_word' id='word_1_491' title='bbox 3306 1901 3583 1966; x_wconf 86' lang='lat' dir='ltr'><strong>Dominus,</strong></span> 
     </span>
    </p>
   </div>
   <div class='ocr_carea' id='block_1_65' title="bbox 2009 1985 3583 2060">
    <p class='ocr_par' dir='ltr' id='par_1_65' title="bbox 2009 1985 3583 2060">
     <span class='ocr_line' id='line_1_65' title="bbox 2009 1985 3583 2060; baseline 0.005 -22"><span class='ocrx_word' id='word_1_492' title='bbox 2009 1998 2119 2038; x_wconf 86' lang='lat' dir='ltr'><strong>non</strong></span> <span class='ocrx_word' id='word_1_493' title='bbox 2150 1985 2311 2040; x_wconf 89' lang='lat' dir='ltr'><strong>unius</strong></span> <span class='ocrx_word' id='word_1_494' title='bbox 2340 2001 2610 2054; x_wconf 63' lang='lat' dir='ltr'><strong>personat,</strong></span> <span class='ocrx_word' id='word_1_495' title='bbox 2649 1989 2792 2045; x_wconf 86' lang='lat' dir='ltr'><strong>sicut</strong></span> <span class='ocrx_word' id='word_1_496' title='bbox 2826 1990 2916 2045; x_wconf 87' lang='lat' dir='ltr'><strong>ille</strong></span> <span class='ocrx_word' id='word_1_497' title='bbox 2947 2002 3179 2060; x_wconf 76' lang='lat' dir='ltr'><strong>nugatur</strong></span> <span class='ocrx_word' id='word_1_498' title='bbox 3229 1992 3332 2045; x_wconf 86' lang='lat' dir='ltr'><strong>tria</strong></span> <span class='ocrx_word' id='word_1_499' title='bbox 3366 1992 3583 2046; x_wconf 89' lang='lat' dir='ltr'><strong>nomina</strong></span> 
     </span>
    </p>
   </div>
   <div class='ocr_carea' id='block_1_66' title="bbox 2010 2075 3585 2149">
    <p class='ocr_par' dir='ltr' id='par_1_66' title="bbox 2010 2075 3585 2149">
     <span class='ocr_line' id='line_1_66' title="bbox 2010 2075 3585 2149; baseline 0.006 -20"><span class='ocrx_word' id='word_1_500' title='bbox 2010 2075 2213 2131; x_wconf 81' lang='lat' dir='ltr'><strong>habere</strong></span> <span class='ocrx_word' id='word_1_501' title='bbox 2240 2078 2511 2144; x_wconf 87' lang='lat' dir='ltr'><strong>eumdem,</strong></span> <span class='ocrx_word' id='word_1_502' title='bbox 2552 2086 2608 2135; x_wconf 81' lang='lat' dir='ltr'><strong>et</strong></span> <span class='ocrx_word' id='word_1_503' title='bbox 2647 2097 2786 2137; x_wconf 91' lang='lat' dir='ltr'><strong>nunc</strong></span> <span class='ocrx_word' id='word_1_504' title='bbox 2824 2083 3006 2137; x_wconf 85' lang='lat' dir='ltr'><strong>vocari</strong></span> <span class='ocrx_word' id='word_1_505' title='bbox 3043 2083 3279 2149; x_wconf 74' lang='lat' dir='ltr'><strong>Patrem,</strong></span> <span class='ocrx_word' id='word_1_506' title='bbox 3318 2099 3461 2138; x_wconf 84' lang='lat' dir='ltr'><strong>nunc</strong></span> <span class='ocrx_word' id='word_1_507' title='bbox 3494 2083 3585 2139; x_wconf 75' lang='lat' dir='ltr'><strong>Fi-</strong></span> 
     </span>
    </p>
   </div>
   <div class='ocr_carea' id='block_1_67' title="bbox 2009 2166 3586 2249">
    <p class='ocr_par' dir='ltr' id='par_1_67' title="bbox 2009 2166 3586 2249">
     <span class='ocr_line' id='line_1_67' title="bbox 2009 2166 3586 2249; baseline 0.008 -28"><span class='ocrx_word' id='word_1_508' title='bbox 2009 2166 2161 2235; x_wconf 89' lang='lat' dir='ltr'><strong>lium,</strong></span> <span class='ocrx_word' id='word_1_509' title='bbox 2206 2186 2350 2226; x_wconf 88' lang='lat' dir='ltr'><strong>nunc</strong></span> <span class='ocrx_word' id='word_1_510' title='bbox 2397 2170 2659 2242; x_wconf 85' lang='lat' dir='ltr'><strong>Spiritum</strong></span> <span class='ocrx_word' id='word_1_511' title='bbox 2711 2185 2996 2231; x_wconf 80' lang='lat' dir='ltr'><strong>sanctum:</strong></span> <span class='ocrx_word' id='word_1_512' title='bbox 3041 2178 3134 2231; x_wconf 88' lang='lat' dir='ltr'><strong>sed</strong></span> <span class='ocrx_word' id='word_1_513' title='bbox 3180 2187 3289 2233; x_wconf 88' lang='lat' dir='ltr'><strong>tres</strong></span> <span class='ocrx_word' id='word_1_514' title='bbox 3338 2192 3586 2249; x_wconf 64' lang='lat' dir='ltr'><strong>personae</strong></span> 
     </span>
    </p>
   </div>
   <div class='ocr_carea' id='block_1_68' title="bbox 2009 2265 3588 2334">
    <p class='ocr_par' dir='ltr' id='par_1_68' title="bbox 2009 2265 3588 2334">
     <span class='ocr_line' id='line_1_68' title="bbox 2009 2265 3588 2334; baseline 0.006 -17"><span class='ocrx_word' id='word_1_515' title='bbox 2009 2278 2177 2319; x_wconf 87' lang='lat' dir='ltr'><strong>unum</strong></span> <span class='ocrx_word' id='word_1_516' title='bbox 2240 2265 2423 2334; x_wconf 90' lang='lat' dir='ltr'><strong>potius</strong></span> <span class='ocrx_word' id='word_1_517' title='bbox 2471 2266 2676 2322; x_wconf 86' lang='lat' dir='ltr'><strong>habent</strong></span> <span class='ocrx_word' id='word_1_518' title='bbox 2728 2283 2947 2332; x_wconf 89' lang='lat' dir='ltr'><strong>nomen,</strong></span> <span class='ocrx_word' id='word_1_519' title='bbox 2980 2267 3083 2323; x_wconf 86' lang='lat' dir='ltr'><strong>‘Dei</strong></span> <span class='ocrx_word' id='word_1_520' title='bbox 3131 2270 3358 2326; x_wconf 85' lang='lat' dir='ltr'><strong>scilicet.</strong></span> <span class='ocrx_word' id='word_1_521' title='bbox 3388 2270 3588 2327; x_wconf 84' lang='lat' dir='ltr'><strong>Deinde</strong></span> 
     </span>
    </p>
   </div>
   <div class='ocr_carea' id='block_1_69' title="bbox 2009 2356 3584 2429">
    <p class='ocr_par' dir='ltr' id='par_1_69' title="bbox 2009 2356 3584 2429">
     <span class='ocr_line' id='line_1_69' title="bbox 2009 2356 3584 2429; baseline 0.009 -26"><span class='ocrx_word' id='word_1_522' title='bbox 2009 2356 2134 2424; x_wconf 86' lang='lat' dir='ltr'><strong>quia</strong></span> <span class='ocrx_word' id='word_1_523' title='bbox 2179 2370 2286 2411; x_wconf 89' lang='lat' dir='ltr'><strong>non</strong></span> <span class='ocrx_word' id='word_1_524' title='bbox 2317 2356 2519 2411; x_wconf 75' lang='lat' dir='ltr'><strong>sufﬁcit</strong></span> <span class='ocrx_word' id='word_1_525' title='bbox 2547 2358 2807 2429; x_wconf 86' lang='lat' dir='ltr'><strong>baptizari</strong></span> <span class='ocrx_word' id='word_1_526' title='bbox 2844 2370 3077 2425; x_wconf 89' lang='lat' dir='ltr'><strong>tantum,</strong></span> <span class='ocrx_word' id='word_1_527' title='bbox 3107 2361 3202 2416; x_wconf 89' lang='lat' dir='ltr'><strong>sed</strong></span> <span class='ocrx_word' id='word_1_528' title='bbox 3232 2362 3397 2418; x_wconf 84' lang='lat' dir='ltr'><strong>etiam</strong></span> <span class='ocrx_word' id='word_1_529' title='bbox 3447 2362 3584 2420; x_wconf 87' lang='lat' dir='ltr'><strong>bene</strong></span> 
     </span>
    </p>
   </div>
   <div class='ocr_carea' id='block_1_70' title="bbox 2009 2449 3588 2522">
    <p class='ocr_par' dir='ltr' id='par_1_70' title="bbox 2009 2449 3588 2522">
     <span class='ocr_line' id='line_1_70' title="bbox 2009 2449 3588 2522; baseline 0.006 -21"><span class='ocrx_word' id='word_1_530' title='bbox 2009 2449 2338 2516; x_wconf 81' lang='lat' dir='ltr'><strong>operandam</strong></span> <span class='ocrx_word' id='word_1_531' title='bbox 2360 2458 2444 2509; x_wconf 86' lang='lat' dir='ltr'><strong>est</strong></span> <span class='ocrx_word' id='word_1_532' title='bbox 2463 2464 2587 2521; x_wconf 78' lang='lat' dir='ltr'><strong>poSt</strong></span> <span class='ocrx_word' id='word_1_533' title='bbox 2620 2452 2904 2522; x_wconf 80' lang='lat' dir='ltr'><strong>baptisma,</strong></span> <span class='ocrx_word' id='word_1_534' title='bbox 2933 2453 3101 2511; x_wconf 84' lang='lat' dir='ltr'><strong>dicit:</strong></span> <span class='ocrx_word' id='word_1_535' title='bbox 3141 2472 3161 2506; x_wconf 88' lang='grc' dir='ltr'><strong>ι</strong></span> <span class='ocrx_word' id='word_1_536' title='bbox 3196 2452 3463 2510; x_wconf 85' lang='lat' dir='ltr'><strong>Docentes</strong></span> <span class='ocrx_word' id='word_1_537' title='bbox 3491 2468 3588 2511; x_wconf 85' lang='lat' dir='ltr'><strong>eos</strong></span> 
     </span>
    </p>
   </div>
   <div class='ocr_carea' id='block_1_71' title="bbox 2010 2542 3584 2615">
    <p class='ocr_par' dir='ltr' id='par_1_71' title="bbox 2010 2542 3584 2615">
     <span class='ocr_line' id='line_1_71' title="bbox 2010 2542 3584 2615; baseline 0.005 -21"><span class='ocrx_word' id='word_1_538' title='bbox 2010 2555 2229 2595; x_wconf 84' lang='lat' dir='ltr'><strong>servare</strong></span> <span class='ocrx_word' id='word_1_539' title='bbox 2243 2542 2426 2596; x_wconf 85' lang='lat' dir='ltr'><strong>omnia</strong></span> <span class='ocrx_word' id='word_1_540' title='bbox 2448 2558 2785 2613; x_wconf 68' lang='lat' dir='ltr'><strong>quaecunque</strong></span> <span class='ocrx_word' id='word_1_541' title='bbox 2805 2546 3030 2615; x_wconf 62' lang='lat' dir='ltr'><strong>pracepi</strong></span> <span class='ocrx_word' id='word_1_542' title='bbox 3060 2546 3228 2612; x_wconf 84' lang='lat' dir='ltr'><strong>vobis,</strong></span> <span class='ocrx_word' id='word_1_543' title='bbox 3244 2564 3262 2599; x_wconf 78' lang='grc' dir='ltr'><strong>ι</strong></span> <span class='ocrx_word' id='word_1_544' title='bbox 3292 2561 3398 2602; x_wconf 88' lang='lat' dir='ltr'><strong>non</strong></span> <span class='ocrx_word' id='word_1_545' title='bbox 3418 2561 3584 2602; x_wconf 89' lang='lat' dir='ltr'><strong>unum</strong></span> 
     </span>
    </p>
   </div>
   <div class='ocr_carea' id='block_1_72' title="bbox 2010 2633 3590 2699">
    <p class='ocr_par' dir='ltr' id='par_1_72' title="bbox 2010 2633 3590 2699">
     <span class='ocr_line' id='line_1_72' title="bbox 2010 2633 3590 2699; baseline 0.006 -15"><span class='ocrx_word' id='word_1_546' title='bbox 2010 2633 2094 2688; x_wconf 85' lang='lat' dir='ltr'><strong>vel</strong></span> <span class='ocrx_word' id='word_1_547' title='bbox 2120 2635 2249 2699; x_wconf 84' lang='lat' dir='ltr'><strong>duo,</strong></span> <span class='ocrx_word' id='word_1_548' title='bbox 2276 2635 2370 2689; x_wconf 81' lang='lat' dir='ltr'><strong>sed</strong></span> <span class='ocrx_word' id='word_1_549' title='bbox 2408 2636 2590 2691; x_wconf 90' lang='lat' dir='ltr'><strong>omnia</strong></span> <span class='ocrx_word' id='word_1_550' title='bbox 2629 2639 2882 2691; x_wconf 83' lang='lat' dir='ltr'><strong>mandata</strong></span> <span class='ocrx_word' id='word_1_551' title='bbox 2933 2652 3073 2693; x_wconf 82' lang='lat' dir='ltr'><strong>mea.</strong></span> <span class='ocrx_word' id='word_1_552' title='bbox 3101 2637 3493 2694; x_wconf 85' lang='lat' dir='ltr'><strong>Horrescamus</strong></span> <span class='ocrx_word' id='word_1_553' title='bbox 3532 2648 3590 2694; x_wconf 87' lang='lat' dir='ltr'><strong>et</strong></span> 
     </span>
    </p>
   </div>
   <div class='ocr_carea' id='block_1_73' title="bbox 2011 2725 3586 2797">
    <p class='ocr_par' dir='ltr' id='par_1_73' title="bbox 2011 2725 3586 2797">
     <span class='ocr_line' id='line_1_73' title="bbox 2011 2725 3586 2797; baseline 0.004 -18"><span class='ocrx_word' id='word_1_554' title='bbox 2011 2728 2320 2790; x_wconf 80' lang='lat' dir='ltr'><strong>timeanms,</strong></span> <span class='ocrx_word' id='word_1_555' title='bbox 2356 2725 2578 2794; x_wconf 78' lang='lat' dir='ltr'><strong>fratres,</strong></span> <span class='ocrx_word' id='word_1_556' title='bbox 2604 2728 2785 2797; x_wconf 85' lang='lat' dir='ltr'><strong>quia,si</strong></span> <span class='ocrx_word' id='word_1_557' title='bbox 2806 2744 2973 2785; x_wconf 87' lang='lat' dir='ltr'><strong>unum</strong></span> <span class='ocrx_word' id='word_1_558' title='bbox 2995 2732 3152 2786; x_wconf 89' lang='lat' dir='ltr'><strong>nobis</strong></span> <span class='ocrx_word' id='word_1_559' title='bbox 3174 2728 3454 2796; x_wconf 82' lang='lat' dir='ltr'><strong>defecerit,</strong></span> <span class='ocrx_word' id='word_1_560' title='bbox 3480 2745 3586 2785; x_wconf 86' lang='lat' dir='ltr'><strong>non</strong></span> 
     </span>
    </p>
   </div>
   <div class='ocr_carea' id='block_1_74' title="bbox 2009 2820 3579 2894">
    <p class='ocr_par' dir='ltr' id='par_1_74' title="bbox 2009 2820 3579 2894">
     <span class='ocr_line' id='line_1_74' title="bbox 2009 2820 3579 2894; baseline 0.003 -21"><span class='ocrx_word' id='word_1_561' title='bbox 2009 2835 2194 2875; x_wconf 80' lang='lat' dir='ltr'><strong>sumus</strong></span> <span class='ocrx_word' id='word_1_562' title='bbox 2213 2820 2437 2891; x_wconf 81' lang='lat' dir='ltr'><strong>perfecti</strong></span> <span class='ocrx_word' id='word_1_563' title='bbox 2461 2822 2599 2877; x_wconf 83' lang='lat' dir='ltr'><strong>servi</strong></span> <span class='ocrx_word' id='word_1_564' title='bbox 2628 2821 2850 2876; x_wconf 84' lang='lat' dir='ltr'><strong>Christi.</strong></span> <span class='ocrx_word' id='word_1_565' title='bbox 2877 2820 3070 2878; x_wconf 86' lang='lat' dir='ltr'><strong>Omnia</strong></span> <span class='ocrx_word' id='word_1_566' title='bbox 3102 2827 3245 2879; x_wconf 89' lang='lat' dir='ltr'><strong>enim</strong></span> <span class='ocrx_word' id='word_1_567' title='bbox 3280 2824 3579 2894; x_wconf 75' lang='lat' dir='ltr'><strong>exiguntur</strong></span> 
     </span>
    </p>
   </div>
   <div class='ocr_carea' id='block_1_75' title="bbox 2012 2911 3588 2985">
    <p class='ocr_par' dir='ltr' id='par_1_75' title="bbox 2012 2911 3588 2985">
     <span class='ocr_line' id='line_1_75' title="bbox 2012 2911 3588 2985; baseline 0.003 -20"><span class='ocrx_word' id='word_1_568' title='bbox 2012 2921 2071 2965; x_wconf 77' lang='lat' dir='ltr'><strong>ut</strong></span> <span class='ocrx_word' id='word_1_569' title='bbox 2098 2924 2408 2969; x_wconf 83' lang='lat' dir='ltr'><strong>serventur.</strong></span> <span class='ocrx_word' id='word_1_570' title='bbox 2442 2911 2575 2969; x_wconf 81' lang='lat' dir='ltr'><strong>Vide</strong></span> <span class='ocrx_word' id='word_1_571' title='bbox 2602 2925 2782 2968; x_wconf 89' lang='lat' dir='ltr'><strong>autem</strong></span> <span class='ocrx_word' id='word_1_572' title='bbox 2828 2911 3040 2970; x_wconf 90' lang='lat' dir='ltr'><strong>Domini</strong></span> <span class='ocrx_word' id='word_1_573' title='bbox 3091 2930 3420 2981; x_wconf 86' lang='lat' dir='ltr'><strong>sermonem,</strong></span> <span class='ocrx_word' id='word_1_574' title='bbox 3448 2929 3588 2985; x_wconf 83' lang='lat' dir='ltr'><strong>quo-</strong></span> 
     </span>
    </p>
   </div>
   <div class='ocr_carea' id='block_1_76' title="bbox 2010 3005 3582 3080">
    <p class='ocr_par' dir='ltr' id='par_1_76' title="bbox 2010 3005 3582 3080">
     <span class='ocr_line' id='line_1_76' title="bbox 2010 3005 3582 3080; baseline 0.004 -22"><span class='ocrx_word' id='word_1_575' title='bbox 2010 3005 2175 3059; x_wconf 87' lang='lat' dir='ltr'><strong>modo</strong></span> <span class='ocrx_word' id='word_1_576' title='bbox 2208 3014 2497 3075; x_wconf 89' lang='lat' dir='ltr'><strong>utrumque</strong></span> <span class='ocrx_word' id='word_1_577' title='bbox 2530 3006 2932 3061; x_wconf 83' lang='lat' dir='ltr'><strong>Christianismi</strong></span> <span class='ocrx_word' id='word_1_578' title='bbox 2957 3017 3122 3077; x_wconf 87' lang='lat' dir='ltr'><strong>caput</strong></span> <span class='ocrx_word' id='word_1_579' title='bbox 3149 3008 3582 3080; x_wconf 85' lang='lat' dir='ltr'><strong>complectatur:</strong></span> 
     </span>
    </p>
   </div>
   <div class='ocr_carea' id='block_1_77' title="bbox 2011 3096 3587 3173">
    <p class='ocr_par' dir='ltr' id='par_1_77' title="bbox 2011 3096 3587 3173">
     <span class='ocr_line' id='line_1_77' title="bbox 2011 3096 3587 3173; baseline 0.001 -20"><span class='ocrx_word' id='word_1_580' title='bbox 2011 3096 2486 3165; x_wconf 82' lang='lat' dir='ltr'><strong>coutcmplativam</strong></span> <span class='ocrx_word' id='word_1_581' title='bbox 2538 3104 2593 3151; x_wconf 87' lang='lat' dir='ltr'><strong>et</strong></span> <span class='ocrx_word' id='word_1_582' title='bbox 2652 3097 2948 3167; x_wconf 87' lang='lat' dir='ltr'><strong>practicam</strong></span> <span class='ocrx_word' id='word_1_583' title='bbox 3009 3098 3283 3173; x_wconf 84' lang='lat' dir='ltr'><strong>virtutem.</strong></span> <span class='ocrx_word' id='word_1_584' title='bbox 3347 3096 3587 3155; x_wconf 77' lang='lat' dir='ltr'><strong>Dicenda</strong></span> 
     </span>
    </p>
   </div>
   <div class='ocr_carea' id='block_1_78' title="bbox 2011 3186 3584 3258">
    <p class='ocr_par' dir='ltr' id='par_1_78' title="bbox 2011 3186 3584 3258">
     <span class='ocr_line' id='line_1_78' title="bbox 2011 3186 3584 3258; baseline 0.001 -18"><span class='ocrx_word' id='word_1_585' title='bbox 2011 3187 2228 3258; x_wconf 76' lang='lat' dir='ltr'><strong>quidem</strong></span> <span class='ocrx_word' id='word_1_586' title='bbox 2260 3186 2401 3255; x_wconf 90' lang='lat' dir='ltr'><strong>quod</strong></span> <span class='ocrx_word' id='word_1_587' title='bbox 2427 3196 2670 3254; x_wconf 87' lang='lat' dir='ltr'><strong>oporteat</strong></span> <span class='ocrx_word' id='word_1_588' title='bbox 2702 3187 2967 3256; x_wconf 77' lang='lat' dir='ltr'><strong>baptizari</strong></span> <span class='ocrx_word' id='word_1_589' title='bbox 2997 3187 3049 3241; x_wconf 87' lang='lat' dir='ltr'><strong>itt</strong></span> <span class='ocrx_word' id='word_1_590' title='bbox 3091 3187 3307 3242; x_wconf 87' lang='lat' dir='ltr'><strong>nomine</strong></span> <span class='ocrx_word' id='word_1_591' title='bbox 3338 3187 3584 3242; x_wconf 85' lang='lat' dir='ltr'><strong>Trinita-</strong></span> 
     </span>
    </p>
   </div>
   <div class='ocr_carea' id='block_1_79' title="bbox 2013 3278 3584 3347">
    <p class='ocr_par' dir='ltr' id='par_1_79' title="bbox 2013 3278 3584 3347">
     <span class='ocr_line' id='line_1_79' title="bbox 2013 3278 3584 3347; baseline 0.001 -15"><span class='ocrx_word' id='word_1_592' title='bbox 2013 3279 2106 3341; x_wconf 88' lang='lat' dir='ltr'><strong>tis,</strong></span> <span class='ocrx_word' id='word_1_593' title='bbox 2137 3278 2614 3347; x_wconf 86' lang='lat' dir='ltr'><strong>contemplativam</strong></span> <span class='ocrx_word' id='word_1_594' title='bbox 2653 3278 2810 3332; x_wconf 89' lang='lat' dir='ltr'><strong>nobis</strong></span> <span class='ocrx_word' id='word_1_595' title='bbox 2844 3279 3100 3335; x_wconf 85' lang='lat' dir='ltr'><strong>tradidit:</strong></span> <span class='ocrx_word' id='word_1_596' title='bbox 3130 3279 3358 3334; x_wconf 89' lang='lat' dir='ltr'><strong>dicendo</strong></span> <span class='ocrx_word' id='word_1_597' title='bbox 3402 3287 3584 3333; x_wconf 87' lang='lat' dir='ltr'><strong>autem</strong></span> 
     </span>
    </p>
   </div>
   <div class='ocr_carea' id='block_1_80' title="bbox 2010 3367 3582 3441">
    <p class='ocr_par' dir='ltr' id='par_1_80' title="bbox 2010 3367 3582 3441">
     <span class='ocr_line' id='line_1_80' title="bbox 2010 3367 3582 3441; baseline 0.003 -21"><span class='ocrx_word' id='word_1_598' title='bbox 2010 3367 2151 3439; x_wconf 89' lang='lat' dir='ltr'><strong>quod</strong></span> <span class='ocrx_word' id='word_1_599' title='bbox 2174 3378 2422 3438; x_wconf 86' lang='lat' dir='ltr'><strong>oporteat</strong></span> <span class='ocrx_word' id='word_1_600' title='bbox 2444 3369 2640 3425; x_wconf 89' lang='lat' dir='ltr'><strong>docere</strong></span> <span class='ocrx_word' id='word_1_601' title='bbox 2669 3380 2724 3425; x_wconf 92' lang='lat' dir='ltr'><strong>et</strong></span> <span class='ocrx_word' id='word_1_602' title='bbox 2754 3371 3012 3424; x_wconf 89' lang='lat' dir='ltr'><strong>mandata</strong></span> <span class='ocrx_word' id='word_1_603' title='bbox 3048 3380 3253 3437; x_wconf 89' lang='lat' dir='ltr'><strong>tenere,</strong></span> <span class='ocrx_word' id='word_1_604' title='bbox 3283 3369 3582 3441; x_wconf 85' lang='lat' dir='ltr'><strong>practicam</strong></span> 
     </span>
    </p>
   </div>
   <div class='ocr_carea' id='block_1_81' title="bbox 2011 3460 3585 3532">
    <p class='ocr_par' dir='ltr' id='par_1_81' title="bbox 2011 3460 3585 3532">
     <span class='ocr_line' id='line_1_81' title="bbox 2011 3460 3585 3532; baseline 0.003 -18"><span class='ocrx_word' id='word_1_605' title='bbox 2011 3461 2331 3515; x_wconf 89' lang='lat' dir='ltr'><strong>introduxit.</strong></span> <span class='ocrx_word' id='word_1_606' title='bbox 2383 3460 2679 3516; x_wconf 84' lang='lat' dir='ltr'><strong>Confirmat</strong></span> <span class='ocrx_word' id='word_1_607' title='bbox 2724 3477 2940 3532; x_wconf 86' lang='lat' dir='ltr'><strong>quoque</strong></span> <span class='ocrx_word' id='word_1_608' title='bbox 2988 3472 3043 3518; x_wconf 92' lang='lat' dir='ltr'><strong>et</strong></span> <span class='ocrx_word' id='word_1_609' title='bbox 3082 3466 3285 3518; x_wconf 87' lang='lat' dir='ltr'><strong>animat</strong></span> <span class='ocrx_word' id='word_1_610' title='bbox 3336 3462 3479 3531; x_wconf 88' lang='lat' dir='ltr'><strong>illos,</strong></span> <span class='ocrx_word' id='word_1_611' title='bbox 3516 3475 3585 3519; x_wconf 85' lang='lat' dir='ltr'><strong>eo</strong></span> 
     </span>
    </p>
   </div>
   <div class='ocr_carea' id='block_1_82' title="bbox 2012 3553 3572 3627">
    <p class='ocr_par' dir='ltr' id='par_1_82' title="bbox 2012 3553 3572 3627">
     <span class='ocr_line' id='line_1_82' title="bbox 2012 3553 3572 3627; baseline 0.003 -21"><span class='ocrx_word' id='word_1_612' title='bbox 2012 3554 2153 3622; x_wconf 82' lang='lat' dir='ltr'><strong>quod</strong></span> <span class='ocrx_word' id='word_1_613' title='bbox 2204 3558 2384 3609; x_wconf 88' lang='lat' dir='ltr'><strong>mittat</strong></span> <span class='ocrx_word' id='word_1_614' title='bbox 2430 3553 2497 3607; x_wconf 90' lang='lat' dir='ltr'><strong>ad</strong></span> <span class='ocrx_word' id='word_1_615' title='bbox 2544 3563 2756 3625; x_wconf 88' lang='lat' dir='ltr'><strong>gentes,</strong></span> <span class='ocrx_word' id='word_1_616' title='bbox 2791 3565 2847 3609; x_wconf 90' lang='lat' dir='ltr'><strong>et</strong></span> <span class='ocrx_word' id='word_1_617' title='bbox 2872 3556 2926 3610; x_wconf 89' lang='lat' dir='ltr'><strong>in</strong></span> <span class='ocrx_word' id='word_1_618' title='bbox 2958 3568 3182 3611; x_wconf 86' lang='lat' dir='ltr'><strong>mortem</strong></span> <span class='ocrx_word' id='word_1_619' title='bbox 3216 3571 3280 3612; x_wconf 90' lang='lat' dir='ltr'><strong>ac</strong></span> <span class='ocrx_word' id='word_1_620' title='bbox 3309 3555 3572 3627; x_wconf 88' lang='lat' dir='ltr'><strong>pericula,</strong></span> 
     </span>
    </p>
   </div>
   <div class='ocr_carea' id='block_1_83' title="bbox 2010 3644 3589 3718">
    <p class='ocr_par' dir='ltr' id='par_1_83' title="bbox 2010 3644 3589 3718">
     <span class='ocr_line' id='line_1_83' title="bbox 2010 3644 3589 3718; baseline 0.004 -20"><span class='ocrx_word' id='word_1_621' title='bbox 2010 3646 2193 3699; x_wconf 85' lang='lat' dir='ltr'><strong>dicens</strong></span> <span class='ocrx_word' id='word_1_622' title='bbox 2221 3663 2234 3699; x_wconf 90' lang='lat'><strong>:</strong></span> <span class='ocrx_word' id='word_1_623' title='bbox 2264 3644 2436 3700; x_wconf 79' lang='lat' dir='ltr'><strong>Nolite</strong></span> <span class='ocrx_word' id='word_1_624' title='bbox 2455 3645 2676 3713; x_wconf 89' lang='lat' dir='ltr'><strong>limere;</strong></span> <span class='ocrx_word' id='word_1_625' title='bbox 2702 3661 2802 3717; x_wconf 75' lang='lat' dir='ltr'><strong>ego</strong></span> <span class='ocrx_word' id='word_1_626' title='bbox 2821 3648 2963 3701; x_wconf 89' lang='lat' dir='ltr'><strong>enim</strong></span> <span class='ocrx_word' id='word_1_627' title='bbox 2990 3649 3264 3703; x_wconf 80' lang='lat' dir='ltr'><strong>vobiscum</strong></span> <span class='ocrx_word' id='word_1_628' title='bbox 3297 3662 3589 3718; x_wconf 72' lang='lat' dir='ltr'><strong>eroousque</strong></span> 
     </span>
    </p>
   </div>
   <div class='ocr_carea' id='block_1_84' title="bbox 2010 3737 3587 3810">
    <p class='ocr_par' dir='ltr' id='par_1_84' title="bbox 2010 3737 3587 3810">
     <span class='ocr_line' id='line_1_84' title="bbox 2010 3737 3587 3810; baseline 0.004 -21"><span class='ocrx_word' id='word_1_629' title='bbox 2010 3737 2076 3790; x_wconf 87' lang='lat' dir='ltr'><strong>ad</strong></span> <span class='ocrx_word' id='word_1_630' title='bbox 2099 3738 2624 3793; x_wconf 85' lang='lat' dir='ltr'><strong>consummationem</strong></span> <span class='ocrx_word' id='word_1_631' title='bbox 2640 3739 2837 3795; x_wconf 66' lang='lat' dir='ltr'><strong>seaculi.</strong></span> <span class='ocrx_word' id='word_1_632' title='bbox 2863 3737 2999 3794; x_wconf 84' lang='lat' dir='ltr'><strong>Vide</strong></span> <span class='ocrx_word' id='word_1_633' title='bbox 3021 3749 3075 3793; x_wconf 80' lang='lat' dir='ltr'><strong>et</strong></span> <span class='ocrx_word' id='word_1_634' title='bbox 3113 3740 3280 3806; x_wconf 87' lang='lat' dir='ltr'><strong>istud,</strong></span> <span class='ocrx_word' id='word_1_635' title='bbox 3312 3739 3587 3810; x_wconf 91' lang='lat' dir='ltr'><strong>quomodo</strong></span> 
     </span>
    </p>
   </div>
   <div class='ocr_carea' id='block_1_85' title="bbox 2011 3827 3584 3901">
    <p class='ocr_par' dir='ltr' id='par_1_85' title="bbox 2011 3827 3584 3901">
     <span class='ocr_line' id='line_1_85' title="bbox 2011 3827 3584 3901; baseline 0.004 -19"><span class='ocrx_word' id='word_1_636' title='bbox 2011 3843 2215 3883; x_wconf 86' lang='lat' dir='ltr'><strong>memor</strong></span> <span class='ocrx_word' id='word_1_637' title='bbox 2238 3827 2403 3883; x_wconf 89' lang='lat' dir='ltr'><strong>fuerit</strong></span> <span class='ocrx_word' id='word_1_638' title='bbox 2428 3831 2929 3895; x_wconf 84' lang='lat' dir='ltr'><strong>consummationis,</strong></span> <span class='ocrx_word' id='word_1_639' title='bbox 2959 3840 3015 3884; x_wconf 92' lang='lat' dir='ltr'><strong>ut</strong></span> <span class='ocrx_word' id='word_1_640' title='bbox 3039 3831 3207 3901; x_wconf 88' lang='lat' dir='ltr'><strong>magis</strong></span> <span class='ocrx_word' id='word_1_641' title='bbox 3228 3831 3347 3888; x_wconf 85' lang='lat' dir='ltr'><strong>illos</strong></span> <span class='ocrx_word' id='word_1_642' title='bbox 3361 3833 3584 3897; x_wconf 75' lang='lat' dir='ltr'><strong>excitet,</strong></span> 
     </span>
    </p>
   </div>
   <div class='ocr_carea' id='block_1_86' title="bbox 2008 3921 3583 3995">
    <p class='ocr_par' dir='ltr' id='par_1_86' title="bbox 2008 3921 3583 3995">
     <span class='ocr_line' id='line_1_86' title="bbox 2008 3921 3583 3995; baseline 0.003 -19"><span class='ocrx_word' id='word_1_643' title='bbox 2008 3922 2077 3976; x_wconf 87' lang='lat' dir='ltr'><strong>ad</strong></span> <span class='ocrx_word' id='word_1_644' title='bbox 2097 3922 2551 3976; x_wconf 86' lang='lat' dir='ltr'><strong>contemnendum</strong></span> <span class='ocrx_word' id='word_1_645' title='bbox 2582 3922 2744 3995; x_wconf 74' lang='lat'><strong>168</strong></span> <span class='ocrx_word' id='word_1_646' title='bbox 2760 3922 2964 3991; x_wconf 81' lang='lat' dir='ltr'><strong>gravia.</strong></span> <span class='ocrx_word' id='word_1_647' title='bbox 2981 3922 3058 3976; x_wconf 86' lang='lat' dir='ltr'><strong>Ne</strong></span> <span class='ocrx_word' id='word_1_648' title='bbox 3081 3923 3342 3991; x_wconf 84' lang='lat' dir='ltr'><strong>gravatim</strong></span> <span class='ocrx_word' id='word_1_649' title='bbox 3361 3921 3583 3980; x_wconf 81' lang='lat' dir='ltr'><strong>feratis:</strong></span> 
     </span>
    </p>
   </div>
   <div class='ocr_carea' id='block_1_87' title="bbox 2008 4014 3586 4079">
    <p class='ocr_par' dir='ltr' id='par_1_87' title="bbox 2008 4014 3586 4079">
     <span class='ocr_line' id='line_1_87' title="bbox 2008 4014 3586 4079; baseline -0.001 -9"><span class='ocrx_word' id='word_1_650' title='bbox 2008 4015 2169 4070; x_wconf 83' lang='lat' dir='ltr'><strong>ﬁnem</strong></span> <span class='ocrx_word' id='word_1_651' title='bbox 2202 4014 2346 4068; x_wconf 86' lang='lat' dir='ltr'><strong>enim</strong></span> <span class='ocrx_word' id='word_1_652' title='bbox 2382 4014 2630 4069; x_wconf 84' lang='lat' dir='ltr'><strong>habitura</strong></span> <span class='ocrx_word' id='word_1_653' title='bbox 2667 4025 2794 4071; x_wconf 76' lang='lat' dir='ltr'><strong>sunt</strong></span> <span class='ocrx_word' id='word_1_654' title='bbox 2816 4015 2994 4069; x_wconf 86' lang='lat' dir='ltr'><strong>omnia</strong></span> <span class='ocrx_word' id='word_1_655' title='bbox 3024 4016 3316 4079; x_wconf 88' lang='lat' dir='ltr'><strong>mundana,</strong></span> <span class='ocrx_word' id='word_1_656' title='bbox 3341 4016 3461 4069; x_wconf 87' lang='lat' dir='ltr'><strong>sive</strong></span> <span class='ocrx_word' id='word_1_657' title='bbox 3491 4029 3586 4068; x_wconf 84' lang='lat' dir='ltr'><strong>as-</strong></span> 
     </span>
    </p>
   </div>
   <div class='ocr_carea' id='block_1_88' title="bbox 2006 4105 3583 4177">
    <p class='ocr_par' dir='ltr' id='par_1_88' title="bbox 2006 4105 3583 4177">
     <span class='ocr_line' id='line_1_88' title="bbox 2006 4105 3583 4177; baseline 0.002 -18"><span class='ocrx_word' id='word_1_658' title='bbox 2006 4120 2135 4177; x_wconf 85' lang='lat' dir='ltr'><strong>pera</strong></span> <span class='ocrx_word' id='word_1_659' title='bbox 2161 4106 2293 4171; x_wconf 90' lang='lat' dir='ltr'><strong>sint,</strong></span> <span class='ocrx_word' id='word_1_660' title='bbox 2325 4105 2439 4160; x_wconf 87' lang='lat' dir='ltr'><strong>sive</strong></span> <span class='ocrx_word' id='word_1_661' title='bbox 2468 4120 2721 4175; x_wconf 85' lang='lat' dir='ltr'><strong>prospera</strong></span> <span class='ocrx_word' id='word_1_662' title='bbox 2751 4125 2765 4160; x_wconf 90' lang='lat'><strong>:</strong></span> <span class='ocrx_word' id='word_1_663' title='bbox 2789 4116 2950 4175; x_wconf 89' lang='lat' dir='ltr'><strong>atque</strong></span> <span class='ocrx_word' id='word_1_664' title='bbox 2978 4106 3098 4160; x_wconf 90' lang='lat' dir='ltr'><strong>ideo</strong></span> <span class='ocrx_word' id='word_1_665' title='bbox 3119 4120 3184 4160; x_wconf 84' lang='lat' dir='ltr'><strong>ne.</strong></span> <span class='ocrx_word' id='word_1_666' title='bbox 3207 4106 3583 4162; x_wconf 84' lang='lat' dir='ltr'><strong>succumbatls</strong></span> 
     </span>
    </p>
   </div>
   <div class='ocr_carea' id='block_1_89' title="bbox 2008 4198 3587 4268">
    <p class='ocr_par' dir='ltr' id='par_1_89' title="bbox 2008 4198 3587 4268">
     <span class='ocr_line' id='line_1_89' title="bbox 2008 4198 3587 4268; baseline -0.001 -14"><span class='ocrx_word' id='word_1_667' title='bbox 2008 4199 2060 4254; x_wconf 90' lang='lat' dir='ltr'><strong>in</strong></span> <span class='ocrx_word' id='word_1_668' title='bbox 2098 4198 2377 4253; x_wconf 86' lang='lat' dir='ltr'><strong>adversis:</strong></span> <span class='ocrx_word' id='word_1_669' title='bbox 2408 4207 2735 4266; x_wconf 69' lang='lat' dir='ltr'><strong>prwtereunt</strong></span> <span class='ocrx_word' id='word_1_670' title='bbox 2756 4199 2939 4255; x_wconf 90' lang='lat' dir='ltr'><strong>enim:</strong></span> <span class='ocrx_word' id='word_1_671' title='bbox 2975 4214 3151 4268; x_wconf 88' lang='lat' dir='ltr'><strong>neque</strong></span> <span class='ocrx_word' id='word_1_672' title='bbox 3181 4199 3457 4268; x_wconf 79' lang='lat' dir='ltr'><strong>prosperis</strong></span> <span class='ocrx_word' id='word_1_673' title='bbox 3491 4198 3587 4253; x_wconf 85' lang='lat' dir='ltr'><strong>de-</strong></span> 
     </span>
    </p>
   </div>
   <div class='ocr_carea' id='block_1_90' title="bbox 2007 4284 3583 4360">
    <p class='ocr_par' dir='ltr' id='par_1_90' title="bbox 2007 4284 3583 4360">
     <span class='ocr_line' id='line_1_90' title="bbox 2007 4284 3583 4360; baseline -0.001 -14"><span class='ocrx_word' id='word_1_674' title='bbox 2007 4290 2318 4360; x_wconf 83' lang='lat' dir='ltr'><strong>cipiamini:</strong></span> <span class='ocrx_word' id='word_1_675' title='bbox 2371 4291 2531 4345; x_wconf 84' lang='lat' dir='ltr'><strong>linem</strong></span> <span class='ocrx_word' id='word_1_676' title='bbox 2577 4291 2722 4344; x_wconf 85' lang='lat' dir='ltr'><strong>enim</strong></span> <span class='ocrx_word' id='word_1_677' title='bbox 2764 4289 3017 4344; x_wconf 83' lang='lat' dir='ltr'><strong>habitura</strong></span> <span class='ocrx_word' id='word_1_678' title='bbox 3059 4298 3206 4346; x_wconf 88' lang='lat' dir='ltr'><strong>sunt.</strong></span> <span class='ocrx_word' id='word_1_679' title='bbox 3240 4287 3357 4344; x_wconf 82' lang='lat' dir='ltr'><strong>Non</strong></span> <span class='ocrx_word' id='word_1_680' title='bbox 3407 4284 3583 4344; x_wconf 83' lang='lat' dir='ltr'><strong>solum</strong></span> 
     </span>
    </p>
   </div>
   <div class='ocr_carea' id='block_1_91' title="bbox 2006 4381 3580 4452">
    <p class='ocr_par' dir='ltr' id='par_1_91' title="bbox 2006 4381 3580 4452">
     <span class='ocr_line' id='line_1_91' title="bbox 2006 4381 3580 4452; baseline 0.001 -16"><span class='ocrx_word' id='word_1_681' title='bbox 2006 4394 2189 4438; x_wconf 86' lang='lat' dir='ltr'><strong>autem</strong></span> <span class='ocrx_word' id='word_1_682' title='bbox 2228 4384 2331 4437; x_wconf 87' lang='lat' dir='ltr'><strong>hoc</strong></span> <span class='ocrx_word' id='word_1_683' title='bbox 2364 4381 2628 4451; x_wconf 79' lang='lat' dir='ltr'><strong>apostolis</strong></span> <span class='ocrx_word' id='word_1_684' title='bbox 2672 4388 2755 4437; x_wconf 85' lang='lat' dir='ltr'><strong>est</strong></span> <span class='ocrx_word' id='word_1_685' title='bbox 2785 4382 3072 4452; x_wconf 84' lang='lat' dir='ltr'><strong>pollicitus,</strong></span> <span class='ocrx_word' id='word_1_686' title='bbox 3100 4382 3244 4452; x_wconf 72' lang='lat' dir='ltr'><strong>quod</strong></span> <span class='ocrx_word' id='word_1_687' title='bbox 3281 4396 3406 4438; x_wconf 88' lang='lat' dir='ltr'><strong>cum</strong></span> <span class='ocrx_word' id='word_1_688' title='bbox 3446 4382 3580 4451; x_wconf 82' lang='lat' dir='ltr'><strong>ipsis</strong></span> 
     </span>
    </p>
   </div>
   <div class='ocr_carea' id='block_1_92' title="bbox 328 4468 1908 4544">
    <p class='ocr_par' dir='ltr' id='par_1_92' title="bbox 328 4468 1905 4543">
     <span class='ocr_line' id='line_1_92' title="bbox 328 4468 1905 4543; baseline -0.002 -17"><span class='ocrx_word' id='word_1_689' title='bbox 328 4468 443 4526; x_wconf 81' lang='grc' dir='ltr'>εἷεν</span> <span class='ocrx_word' id='word_1_690' title='bbox 485 4472 751 4543; x_wconf 86' lang='grc' dir='ltr'>κοσμικά,</span> <span class='ocrx_word' id='word_1_691' title='bbox 770 4472 882 4526; x_wconf 75' lang='grc' dir='ltr'>εἴτε</span> <span class='ocrx_word' id='word_1_692' title='bbox 934 4471 1137 4539; x_wconf 82' lang='grc' dir='ltr'>ἀγαθὰ,</span> <span class='ocrx_word' id='word_1_693' title='bbox 1162 4470 1302 4524; x_wconf 80' lang='grc' dir='ltr'>ὥστε</span> <span class='ocrx_word' id='word_1_694' title='bbox 1329 4474 1466 4542; x_wconf 84' lang='grc' dir='ltr'>μήτε</span> <span class='ocrx_word' id='word_1_695' title='bbox 1492 4472 1603 4534; x_wconf 86' lang='grc' dir='ltr'>τοῖς</span> <span class='ocrx_word' id='word_1_696' title='bbox 1634 4471 1905 4538; x_wconf 83' lang='grc' dir='ltr'>ἀλγεινοῖς</span> 
     </span>
    </p>
   </div>
   <div class='ocr_carea' id='block_1_93' title="bbox 2009 4468 3590 4544">
    <p class='ocr_par' dir='ltr' id='par_1_93' title="bbox 2012 4472 3590 4544">
     <span class='ocr_line' id='line_1_93' title="bbox 2012 4472 3590 4544; baseline -0.001 -15"><span class='ocrx_word' id='word_1_697' title='bbox 2012 4475 2106 4539; x_wconf 88' lang='lat' dir='ltr'><strong>sit,</strong></span> <span class='ocrx_word' id='word_1_698' title='bbox 2136 4475 2229 4529; x_wconf 89' lang='lat' dir='ltr'><strong>sed</strong></span> <span class='ocrx_word' id='word_1_699' title='bbox 2263 4474 2583 4544; x_wconf 80' lang='lat' dir='ltr'><strong>simpliciter</strong></span> <span class='ocrx_word' id='word_1_700' title='bbox 2608 4472 2891 4542; x_wconf 79' lang='lat' dir='ltr'><strong>discipulis</strong></span> <span class='ocrx_word' id='word_1_701' title='bbox 2934 4475 3048 4530; x_wconf 81' lang='lat' dir='ltr'><strong>suis</strong></span> <span class='ocrx_word' id='word_1_702' title='bbox 3094 4473 3368 4529; x_wconf 75' lang='lat' dir='ltr'><strong>erunibus.</strong></span> <span class='ocrx_word' id='word_1_703' title='bbox 3403 4473 3590 4541; x_wconf 78' lang='lat' dir='ltr'><strong>Neque</strong></span> 
     </span>
    </p>
   </div>
   <div class='ocr_carea' id='block_1_94' title="bbox 329 4559 1906 4634">
    <p class='ocr_par' dir='ltr' id='par_1_94' title="bbox 329 4559 1906 4634">
     <span class='ocr_line' id='line_1_94' title="bbox 329 4559 1906 4634; baseline -0.003 -18"><span class='ocrx_word' id='word_1_704' title='bbox 329 4565 669 4633; x_wconf 75' lang='grc' dir='ltr'>ὐποπέσητεο</span> <span class='ocrx_word' id='word_1_705' title='bbox 712 4564 1079 4634; x_wconf 77' lang='grc' dir='ltr'>παρέρχονται</span> <span class='ocrx_word' id='word_1_706' title='bbox 1131 4562 1241 4630; x_wconf 82' lang='grc' dir='ltr'><strong>γάρ</strong></span> <span class='ocrx_word' id='word_1_707' title='bbox 1269 4577 1284 4591; x_wconf 86' lang='grc'>·</span> <span class='ocrx_word' id='word_1_708' title='bbox 1323 4564 1458 4632; x_wconf 79' lang='grc' dir='ltr'>μήτε</span> <span class='ocrx_word' id='word_1_709' title='bbox 1516 4564 1629 4623; x_wconf 88' lang='grc' dir='ltr'>τοῖς</span> <span class='ocrx_word' id='word_1_710' title='bbox 1683 4559 1906 4627; x_wconf 79' lang='grc' dir='ltr'>ἀγαθοῖς</span> 
     </span>
    </p>
   </div>
   <div class='ocr_carea' id='block_1_95' title="bbox 328 4651 1907 4726">
    <p class='ocr_par' dir='ltr' id='par_1_95' title="bbox 328 4651 1907 4726">
     <span class='ocr_line' id='line_1_95' title="bbox 328 4651 1907 4726; baseline -0.003 -18"><span class='ocrx_word' id='word_1_711' title='bbox 328 4655 670 4726; x_wconf 80' lang='grc' dir='ltr'>ἀπατηθῆτε,</span> <span class='ocrx_word' id='word_1_712' title='bbox 706 4652 1087 4706; x_wconf 77' lang='grc' dir='ltr'>συντελοῦνται</span> <span class='ocrx_word' id='word_1_713' title='bbox 1150 4657 1280 4723; x_wconf 81' lang='grc' dir='ltr'>γάρ.</span> <span class='ocrx_word' id='word_1_714' title='bbox 1336 4655 1411 4707; x_wconf 86' lang='grc' dir='ltr'><strong>Οὐ</strong></span> <span class='ocrx_word' id='word_1_715' title='bbox 1469 4652 1654 4725; x_wconf 82' lang='grc' dir='ltr'>μόνοις</span> <span class='ocrx_word' id='word_1_716' title='bbox 1694 4651 1751 4704; x_wconf 79' lang='grc' dir='ltr'>δὲ</span> <span class='ocrx_word' id='word_1_717' title='bbox 1793 4653 1907 4715; x_wconf 80' lang='grc' dir='ltr'>τοῖς</span> 
     </span>
    </p>
   </div>
   <div class='ocr_carea' id='block_1_96' title="bbox 328 4743 1903 4814">
    <p class='ocr_par' dir='ltr' id='par_1_96' title="bbox 328 4743 1903 4814">
     <span class='ocr_line' id='line_1_96' title="bbox 328 4743 1903 4814; baseline -0.001 -15"><span class='ocrx_word' id='word_1_718' title='bbox 328 4745 652 4807; x_wconf 80' lang='grc' dir='ltr'>ἀποστόλοις</span> <span class='ocrx_word' id='word_1_719' title='bbox 708 4744 867 4797; x_wconf 80' lang='grc' dir='ltr'>τοῦτο</span> <span class='ocrx_word' id='word_1_720' title='bbox 925 4744 1214 4814; x_wconf 82' lang='grc' dir='ltr'>ὑπέσχετο,</span> <span class='ocrx_word' id='word_1_721' title='bbox 1271 4745 1333 4797; x_wconf 84' lang='grc' dir='ltr'>τὸ</span> <span class='ocrx_word' id='word_1_722' title='bbox 1391 4748 1632 4798; x_wconf 87' lang='grc' dir='ltr'>συνεῖναι</span> <span class='ocrx_word' id='word_1_723' title='bbox 1697 4743 1903 4809; x_wconf 85' lang='grc' dir='ltr'>αὐτοῖς,</span> 
     </span>
    </p>
   </div>
   <div class='ocr_carea' id='block_1_97' title="bbox 329 4833 1904 4904">
    <p class='ocr_par' dir='ltr' id='par_1_97' title="bbox 329 4833 1904 4904">
     <span class='ocr_line' id='line_1_97' title="bbox 329 4833 1904 4904; baseline -0.003 -15"><span class='ocrx_word' id='word_1_724' title='bbox 329 4836 466 4890; x_wconf 81' lang='grc' dir='ltr'>ά).λά</span> <span class='ocrx_word' id='word_1_725' title='bbox 495 4838 587 4889; x_wconf 54' lang='grc' dir='ltr'><strong>καὶ⁵</strong></span> <span class='ocrx_word' id='word_1_726' title='bbox 621 4836 787 4888; x_wconf 76' lang='grc' dir='ltr'>πᾶσιν</span> <span class='ocrx_word' id='word_1_727' title='bbox 845 4834 1030 4897; x_wconf 77' lang='grc' dir='ltr'>ἁπλῶς</span> <span class='ocrx_word' id='word_1_728' title='bbox 1067 4837 1181 4899; x_wconf 88' lang='grc' dir='ltr'>τοῖς</span> <span class='ocrx_word' id='word_1_729' title='bbox 1240 4834 1406 4888; x_wconf 78' lang='grc' dir='ltr'>αὑτοῦ</span> <span class='ocrx_word' id='word_1_730' title='bbox 1470 4834 1762 4904; x_wconf 83' lang='grc' dir='ltr'>μαθηταῖς.</span> <span class='ocrx_word' id='word_1_731' title='bbox 1830 4833 1904 4886; x_wconf 83' lang='grc' dir='ltr'><strong>Οὐ</strong></span> 
     </span>
    </p>
   </div>
   <div class='ocr_carea' id='block_1_98' title="bbox 335 4923 1906 4997">
    <p class='ocr_par' dir='ltr' id='par_1_98' title="bbox 335 4923 1906 4997">
     <span class='ocr_line' id='line_1_98' title="bbox 335 4923 1906 4997; baseline -0.003 -18"><span class='ocrx_word' id='word_1_732' title='bbox 335 4929 447 4996; x_wconf 76' lang='grc' dir='ltr'>γὰρ</span> <span class='ocrx_word' id='word_1_733' title='bbox 475 4926 651 4997; x_wconf 81' lang='grc' dir='ltr'>δήπου</span> <span class='ocrx_word' id='word_1_734' title='bbox 674 4927 721 4977; x_wconf 89' lang='grc' dir='ltr'>οἱ</span> <span class='ocrx_word' id='word_1_735' title='bbox 750 4925 1043 4978; x_wconf 81' lang='grc' dir='ltr'>ἀπόστολοι</span> <span class='ocrx_word' id='word_1_736' title='bbox 1070 4926 1200 4996; x_wconf 82' lang='grc' dir='ltr'>ἄχρι</span> <span class='ocrx_word' id='word_1_737' title='bbox 1226 4926 1324 4994; x_wconf 81' lang='grc' dir='ltr'>τῆς</span> <span class='ocrx_word' id='word_1_738' title='bbox 1355 4924 1662 4987; x_wconf 86' lang='grc' dir='ltr'>συντελείας</span> <span class='ocrx_word' id='word_1_739' title='bbox 1684 4923 1906 4993; x_wconf 76' lang='grc' dir='ltr'>ἔμελλον</span> 
     </span>
    </p>
   </div>
   <div class='ocr_carea' id='block_1_99' title="bbox 331 5017 1910 5091">
    <p class='ocr_par' dir='ltr' id='par_1_99' title="bbox 331 5017 1910 5091">
     <span class='ocr_line' id='line_1_99' title="bbox 331 5017 1910 5091; baseline -0.006 -15"><span class='ocrx_word' id='word_1_740' title='bbox 331 5022 457 5091; x_wconf 74' lang='grc' dir='ltr'>ζῇν.</span> <span class='ocrx_word' id='word_1_741' title='bbox 495 5021 603 5073; x_wconf 75' lang='grc' dir='ltr'><strong>Καὶ</strong></span> <span class='ocrx_word' id='word_1_742' title='bbox 656 5022 789 5089; x_wconf 77' lang='grc' dir='ltr'>ἡμῖν</span> <span class='ocrx_word' id='word_1_743' title='bbox 838 5019 930 5073; x_wconf 76' lang='grc' dir='ltr'>οὖν</span> <span class='ocrx_word' id='word_1_744' title='bbox 963 5021 1057 5074; x_wconf 79' lang='grc' dir='ltr'>καὶ</span> <span class='ocrx_word' id='word_1_745' title='bbox 1100 5018 1356 5089; x_wconf 55' lang='grc' dir='ltr'>τοίςῖιεω</span> <span class='ocrx_word' id='word_1_746' title='bbox 1389 5018 1537 5088; x_wconf 76' lang='grc' dir='ltr'>ἡμᾶς</span> <span class='ocrx_word' id='word_1_747' title='bbox 1566 5017 1910 5086; x_wconf 83' lang='grc' dir='ltr'>ὑπισχνεῖται</span> 
     </span>
    </p>
   </div>
   <div class='ocr_carea' id='block_1_100' title="bbox 330 5107 1912 5181">
    <p class='ocr_par' dir='ltr' id='par_1_100' title="bbox 330 5107 1912 5181">
     <span class='ocr_line' id='line_1_100' title="bbox 330 5107 1912 5181; baseline -0.003 -17"><span class='ocrx_word' id='word_1_748' title='bbox 330 5111 514 5177; x_wconf 81' lang='grc' dir='ltr'>τοῦτο,</span> <span class='ocrx_word' id='word_1_749' title='bbox 553 5111 655 5163; x_wconf 79' lang='grc' dir='ltr'>οὐκ</span> <span class='ocrx_word' id='word_1_750' title='bbox 696 5110 824 5181; x_wconf 79' lang='grc' dir='ltr'>ἄχρι</span> <span class='ocrx_word' id='word_1_751' title='bbox 878 5110 934 5165; x_wconf 83' lang='grc' dir='ltr'>δὲ</span> <span class='ocrx_word' id='word_1_752' title='bbox 979 5110 1079 5179; x_wconf 74' lang='grc' dir='ltr'>τῆς</span> <span class='ocrx_word' id='word_1_753' title='bbox 1135 5108 1444 5171; x_wconf 82' lang='grc' dir='ltr'>συντελείας</span> <span class='ocrx_word' id='word_1_754' title='bbox 1492 5108 1721 5175; x_wconf 81' lang='grc' dir='ltr'>παρὼν,</span> <span class='ocrx_word' id='word_1_755' title='bbox 1774 5107 1912 5177; x_wconf 69' lang='grc' dir='ltr'>μετὰ</span> 
     </span>
    </p>
   </div>
   <div class='ocr_carea' id='block_1_101' title="bbox 330 5198 1913 5273">
    <p class='ocr_par' dir='ltr' id='par_1_101' title="bbox 330 5198 1913 5273">
     <span class='ocr_line' id='line_1_101' title="bbox 330 5198 1913 5273; baseline -0.003 -17"><span class='ocrx_word' id='word_1_756' title='bbox 330 5205 433 5273; x_wconf 72' lang='grc' dir='ltr'><strong>τὴν</strong></span> <span class='ocrx_word' id='word_1_757' title='bbox 488 5202 798 5258; x_wconf 81' lang='grc' dir='ltr'>συντέλειαν</span> <span class='ocrx_word' id='word_1_758' title='bbox 882 5204 1176 5266; x_wconf 83' lang='grc' dir='ltr'>ἀπέσται,</span> <span class='ocrx_word' id='word_1_759' title='bbox 1238 5200 1440 5268; x_wconf 82' lang='grc' dir='ltr'>ἄπαγε.</span> <span class='ocrx_word' id='word_1_760' title='bbox 1502 5198 1731 5255; x_wconf 80' lang='grc' dir='ltr'>’Έκτοτε</span> <span class='ocrx_word' id='word_1_761' title='bbox 1803 5199 1913 5268; x_wconf 77' lang='grc' dir='ltr'><strong>γὰρ</strong></span> 
     </span>
    </p>
   </div>
   <div class='ocr_carea' id='block_1_102' title="bbox 334 5291 1918 5368">
    <p class='ocr_par' dir='ltr' id='par_1_102' title="bbox 334 5291 1918 5368">
     <span class='ocr_line' id='line_1_102' title="bbox 334 5291 1918 5368; baseline -0.003 -19"><span class='ocrx_word' id='word_1_762' title='bbox 334 5294 541 5368; x_wconf 80' lang='grc' dir='ltr'>μᾶλλον</span> <span class='ocrx_word' id='word_1_763' title='bbox 592 5297 848 5350; x_wconf 89' lang='grc' dir='ltr'>συνέσται</span> <span class='ocrx_word' id='word_1_764' title='bbox 902 5294 1289 5367; x_wconf 83' lang='grc' dir='ltr'>καθαρώτερόν</span> <span class='ocrx_word' id='word_1_765' title='bbox 1339 5296 1433 5348; x_wconf 72' lang='grc' dir='ltr'>καὶ</span> <span class='ocrx_word' id='word_1_766' title='bbox 1483 5291 1918 5365; x_wconf 79' lang='grc' dir='ltr'>τρανότερον·τὸ</span> 
     </span>
    </p>
   </div>
   <div class='ocr_carea' id='block_1_103' title="bbox 327 5384 1918 5460">
    <p class='ocr_par' dir='ltr' id='par_1_103' title="bbox 327 5384 1918 5460">
     <span class='ocr_line' id='line_1_103' title="bbox 327 5384 1918 5460; baseline -0.005 -16"><span class='ocrx_word' id='word_1_767' title='bbox 327 5390 473 5460; x_wconf 81' lang='grc' dir='ltr'>γὰρ,</span> <span class='ocrx_word' id='word_1_768' title='bbox 506 5389 739 5454; x_wconf 79' lang='grc' dir='ltr'>Ἕως,οῠ</span> <span class='ocrx_word' id='word_1_769' title='bbox 772 5388 834 5442; x_wconf 89' lang='grc' dir='ltr'>τὸ</span> <span class='ocrx_word' id='word_1_770' title='bbox 870 5388 1010 5458; x_wconf 76' lang='grc' dir='ltr'>μετὰ</span> <span class='ocrx_word' id='word_1_771' title='bbox 1040 5386 1213 5442; x_wconf 81' lang='grc' dir='ltr'>ταῦτα</span> <span class='ocrx_word' id='word_1_772' title='bbox 1231 5387 1464 5458; x_wconf 89' lang='grc' dir='ltr'>ἀναιρεῖ,</span> <span class='ocrx_word' id='word_1_773' title='bbox 1510 5385 1641 5440; x_wconf 73' lang='grc' dir='ltr'>ἔνθα</span> <span class='ocrx_word' id='word_1_774' title='bbox 1669 5384 1736 5439; x_wconf 84' lang='grc' dir='ltr'>ἂν</span> <span class='ocrx_word' id='word_1_775' title='bbox 1762 5385 1918 5455; x_wconf 85' lang='grc' dir='ltr'>εὑρε-</span> 
     </span>
    </p>
   </div>
   <div class='ocr_carea' id='block_1_104' title="bbox 333 5477 1919 5556">
    <p class='ocr_par' dir='ltr' id='par_1_104' title="bbox 333 5477 1919 5556">
     <span class='ocr_line' id='line_1_104' title="bbox 333 5477 1919 5556; baseline -0.003 -19"><span class='ocrx_word' id='word_1_776' title='bbox 333 5483 408 5556; x_wconf 72' lang='grc' dir='ltr'>θῇ</span> <span class='ocrx_word' id='word_1_777' title='bbox 461 5483 712 5553; x_wconf 86' lang='grc' dir='ltr'>κείμενον</span> <span class='ocrx_word' id='word_1_778' title='bbox 774 5482 833 5535; x_wconf 82' lang='grc' dir='ltr'>ἐν</span> <span class='ocrx_word' id='word_1_779' title='bbox 881 5483 947 5553; x_wconf 78' lang='grc' dir='ltr'>τῇ</span> <span class='ocrx_word' id='word_1_780' title='bbox 1022 5481 1235 5552; x_wconf 81' lang='grc' dir='ltr'>Γραφῆ.</span> <span class='ocrx_word' id='word_1_781' title='bbox 1286 5480 1796 5551; x_wconf 77' lang='grc' dir='ltr'>Εὑχαριστήσαντες</span> <span class='ocrx_word' id='word_1_782' title='bbox 1825 5477 1919 5532; x_wconf 83' lang='grc' dir='ltr'><strong>οὖν</strong></span> 
     </span>
    </p>
   </div>
   <div class='ocr_carea' id='block_1_105' title="bbox 328 5571 1915 5646">
    <p class='ocr_par' dir='ltr' id='par_1_105' title="bbox 328 5571 1915 5646">
     <span class='ocr_line' id='line_1_105' title="bbox 328 5571 1915 5646; baseline -0.002 -18"><span class='ocrx_word' id='word_1_783' title='bbox 328 5573 415 5644; x_wconf 78' lang='grc' dir='ltr'>τῷ</span> <span class='ocrx_word' id='word_1_784' title='bbox 472 5574 663 5646; x_wconf 79' lang='grc' dir='ltr'>Κυρίῳ</span> <span class='ocrx_word' id='word_1_785' title='bbox 721 5572 801 5643; x_wconf 84' lang='grc' dir='ltr'>τῷ</span> <span class='ocrx_word' id='word_1_786' title='bbox 882 5572 1117 5627; x_wconf 75' lang='grc' dir='ltr'>ἐνταῦθα</span> <span class='ocrx_word' id='word_1_787' title='bbox 1185 5572 1397 5625; x_wconf 76' lang='grc' dir='ltr'>συνόντι</span> <span class='ocrx_word' id='word_1_788' title='bbox 1468 5572 1624 5641; x_wconf 81' lang='grc' dir='ltr'>ἡμῖν,</span> <span class='ocrx_word' id='word_1_789' title='bbox 1671 5571 1764 5624; x_wconf 61' lang='grc' dir='ltr'><strong>καλ⁵</strong></span> <span class='ocrx_word' id='word_1_790' title='bbox 1807 5572 1915 5625; x_wconf 81' lang='grc' dir='ltr'>πᾶν</span> 
     </span>
    </p>
   </div>
   <div class='ocr_carea' id='block_1_106' title="bbox 2007 4563 3586 4635">
    <p class='ocr_par' dir='ltr' id='par_1_106' title="bbox 2007 4563 3586 4635">
     <span class='ocr_line' id='line_1_106' title="bbox 2007 4563 3586 4635; baseline -0.001 -15"><span class='ocrx_word' id='word_1_791' title='bbox 2007 4567 2151 4621; x_wconf 90' lang='lat' dir='ltr'><strong>enim</strong></span> <span class='ocrx_word' id='word_1_792' title='bbox 2180 4565 2408 4635; x_wconf 81' lang='lat' dir='ltr'><strong>apostoli</strong></span> <span class='ocrx_word' id='word_1_793' title='bbox 2438 4579 2610 4634; x_wconf 86' lang='lat' dir='ltr'><strong>usque</strong></span> <span class='ocrx_word' id='word_1_794' title='bbox 2646 4566 2712 4618; x_wconf 87' lang='lat' dir='ltr'><strong>ad</strong></span> <span class='ocrx_word' id='word_1_795' title='bbox 2742 4566 2921 4620; x_wconf 43' lang='lat' dir='ltr'><strong>finemx</strong></span> <span class='ocrx_word' id='word_1_796' title='bbox 2953 4566 3135 4619; x_wconf 88' lang='lat' dir='ltr'><strong>unmdi</strong></span> <span class='ocrx_word' id='word_1_797' title='bbox 3169 4563 3365 4619; x_wconf 85' lang='lat' dir='ltr'><strong>victuri</strong></span> <span class='ocrx_word' id='word_1_798' title='bbox 3389 4574 3586 4619; x_wconf 89' lang='lat' dir='ltr'><strong>erant:</strong></span> 
     </span>
    </p>
   </div>
   <div class='ocr_carea' id='block_1_107' title="bbox 2008 4658 3587 4728">
    <p class='ocr_par' dir='ltr' id='par_1_107' title="bbox 2008 4658 3587 4728">
     <span class='ocr_line' id='line_1_107' title="bbox 2008 4658 3587 4728; baseline -0.001 -17"><span class='ocrx_word' id='word_1_799' title='bbox 2008 4660 2149 4713; x_wconf 90' lang='lat' dir='ltr'><strong>unde</strong></span> <span class='ocrx_word' id='word_1_800' title='bbox 2172 4670 2228 4712; x_wconf 91' lang='lat' dir='ltr'><strong>et</strong></span> <span class='ocrx_word' id='word_1_801' title='bbox 2258 4658 2435 4721; x_wconf 90' lang='lat' dir='ltr'><strong>nobis,</strong></span> <span class='ocrx_word' id='word_1_802' title='bbox 2468 4667 2523 4712; x_wconf 90' lang='lat' dir='ltr'><strong>et</strong></span> <span class='ocrx_word' id='word_1_803' title='bbox 2552 4658 2636 4711; x_wconf 86' lang='lat' dir='ltr'><strong>bis</strong></span> <span class='ocrx_word' id='word_1_804' title='bbox 2666 4658 2758 4727; x_wconf 91' lang='lat' dir='ltr'><strong>qui</strong></span> <span class='ocrx_word' id='word_1_805' title='bbox 2801 4668 2921 4725; x_wconf 87' lang='lat' dir='ltr'><strong>post</strong></span> <span class='ocrx_word' id='word_1_806' title='bbox 2954 4673 3050 4712; x_wconf 90' lang='lat' dir='ltr'><strong>nos</strong></span> <span class='ocrx_word' id='word_1_807' title='bbox 3095 4666 3279 4723; x_wconf 87' lang='lat' dir='ltr'><strong>erunt,</strong></span> <span class='ocrx_word' id='word_1_808' title='bbox 3332 4658 3587 4728; x_wconf 77' lang='lat' dir='ltr'><strong>promisit</strong></span> 
     </span>
    </p>
   </div>
   <div class='ocr_carea' id='block_1_108' title="bbox 2009 4744 3582 4819">
    <p class='ocr_par' dir='ltr' id='par_1_108' title="bbox 2009 4744 3582 4819">
     <span class='ocr_line' id='line_1_108' title="bbox 2009 4744 3582 4819; baseline 0.001 -16"><span class='ocrx_word' id='word_1_809' title='bbox 2009 4750 2149 4804; x_wconf 85' lang='lat' dir='ltr'><strong>hoc:</strong></span> <span class='ocrx_word' id='word_1_810' title='bbox 2189 4764 2293 4803; x_wconf 92' lang='lat' dir='ltr'><strong>non</strong></span> <span class='ocrx_word' id='word_1_811' title='bbox 2327 4753 2468 4819; x_wconf 83' lang='lat' dir='ltr'><strong>quod</strong></span> <span class='ocrx_word' id='word_1_812' title='bbox 2498 4765 2667 4817; x_wconf 83' lang='lat' dir='ltr'><strong>usque</strong></span> <span class='ocrx_word' id='word_1_813' title='bbox 2683 4744 2750 4804; x_wconf 84' lang='lat' dir='ltr'><strong>ad</strong></span> <span class='ocrx_word' id='word_1_814' title='bbox 2772 4750 3292 4805; x_wconf 82' lang='lat' dir='ltr'><strong>consummationem</strong></span> <span class='ocrx_word' id='word_1_815' title='bbox 3318 4763 3582 4817; x_wconf 71' lang='lat' dir='ltr'><strong>praesens.</strong></span> 
     </span>
    </p>
   </div>
   <div class='ocr_carea' id='block_1_109' title="bbox 2006 4838 3569 4910">
    <p class='ocr_par' dir='ltr' id='par_1_109' title="bbox 2006 4838 3569 4910">
     <span class='ocr_line' id='line_1_109' title="bbox 2006 4838 3569 4910; baseline 0.002 -19"><span class='ocrx_word' id='word_1_816' title='bbox 2006 4847 2131 4910; x_wconf 89' lang='lat' dir='ltr'><strong>post</strong></span> <span class='ocrx_word' id='word_1_817' title='bbox 2176 4842 2696 4893; x_wconf 85' lang='lat' dir='ltr'><strong>consummationem</strong></span> <span class='ocrx_word' id='word_1_818' title='bbox 2734 4840 2918 4893; x_wconf 87' lang='lat' dir='ltr'><strong>mundi</strong></span> <span class='ocrx_word' id='word_1_819' title='bbox 2952 4840 3238 4893; x_wconf 86' lang='lat' dir='ltr'><strong>abl&#39;uturus</strong></span> <span class='ocrx_word' id='word_1_820' title='bbox 3282 4839 3377 4901; x_wconf 83' lang='lat' dir='ltr'><strong>sit,</strong></span> <span class='ocrx_word' id='word_1_821' title='bbox 3404 4838 3569 4894; x_wconf 88' lang='lat' dir='ltr'><strong>absit.</strong></span> 
     </span>
    </p>
   </div>
   <div class='ocr_carea' id='block_1_110' title="bbox 2008 4929 3585 4999">
    <p class='ocr_par' dir='ltr' id='par_1_110' title="bbox 2008 4929 3585 4999">
     <span class='ocr_line' id='line_1_110' title="bbox 2008 4929 3585 4999; baseline 0 -14"><span class='ocrx_word' id='word_1_822' title='bbox 2008 4929 2161 4985; x_wconf 83' lang='lat' dir='ltr'><strong>Tunc</strong></span> <span class='ocrx_word' id='word_1_823' title='bbox 2193 4931 2338 4986; x_wconf 90' lang='lat' dir='ltr'><strong>enim</strong></span> <span class='ocrx_word' id='word_1_824' title='bbox 2368 4933 2540 4999; x_wconf 84' lang='lat' dir='ltr'><strong>magis</strong></span> <span class='ocrx_word' id='word_1_825' title='bbox 2573 4932 2730 4987; x_wconf 83' lang='lat' dir='ltr'><strong>nobis</strong></span> <span class='ocrx_word' id='word_1_826' title='bbox 2776 4931 2970 4996; x_wconf 87' lang='lat' dir='ltr'><strong>aderit,</strong></span> <span class='ocrx_word' id='word_1_827' title='bbox 2994 4941 3047 4985; x_wconf 89' lang='lat' dir='ltr'><strong>et</strong></span> <span class='ocrx_word' id='word_1_828' title='bbox 3083 4931 3303 4996; x_wconf 87' lang='lat' dir='ltr'><strong>clarius,</strong></span> <span class='ocrx_word' id='word_1_829' title='bbox 3340 4940 3394 4984; x_wconf 89' lang='lat' dir='ltr'><strong>et</strong></span> <span class='ocrx_word' id='word_1_830' title='bbox 3424 4944 3585 4985; x_wconf 84' lang='lat' dir='ltr'><strong>mutt-</strong></span> 
     </span>
    </p>
   </div>
   <div class='ocr_carea' id='block_1_111' title="bbox 2006 5020 3587 5093">
    <p class='ocr_par' dir='ltr' id='par_1_111' title="bbox 2006 5020 3587 5093">
     <span class='ocr_line' id='line_1_111' title="bbox 2006 5020 3587 5093; baseline 0 -17"><span class='ocrx_word' id='word_1_831' title='bbox 2006 5022 2150 5079; x_wconf 86' lang='lat' dir='ltr'><strong>dius.</strong></span> <span class='ocrx_word' id='word_1_832' title='bbox 2189 5022 2321 5077; x_wconf 86' lang='lat' dir='ltr'><strong>Nam</strong></span> <span class='ocrx_word' id='word_1_833' title='bbox 2347 5023 2435 5077; x_wconf 86' lang='lat' dir='ltr'><strong>ubi</strong></span> <span class='ocrx_word' id='word_1_834' title='bbox 2462 5024 2643 5079; x_wconf 84' lang='lat' dir='ltr'><strong>Donec</strong></span> <span class='ocrx_word' id='word_1_835' title='bbox 2673 5025 2755 5079; x_wconf 86' lang='lat' dir='ltr'><strong>vel</strong></span> <span class='ocrx_word' id='word_1_836' title='bbox 2806 5024 2986 5093; x_wconf 86' lang='lat' dir='ltr'><strong>Usque</strong></span> <span class='ocrx_word' id='word_1_837' title='bbox 3029 5024 3080 5077; x_wconf 90' lang='lat' dir='ltr'><strong>in</strong></span> <span class='ocrx_word' id='word_1_838' title='bbox 3120 5022 3398 5093; x_wconf 87' lang='lat' dir='ltr'><strong>Scriptura</strong></span> <span class='ocrx_word' id='word_1_839' title='bbox 3430 5020 3587 5076; x_wconf 89' lang='lat' dir='ltr'><strong>inve-</strong></span> 
     </span>
    </p>
   </div>
   <div class='ocr_carea' id='block_1_112' title="bbox 2012 5114 3585 5187">
    <p class='ocr_par' dir='ltr' id='par_1_112' title="bbox 2012 5114 3585 5187">
     <span class='ocr_line' id='line_1_112' title="bbox 2012 5114 3585 5187; baseline 0.001 -20"><span class='ocrx_word' id='word_1_840' title='bbox 2012 5115 2177 5180; x_wconf 87' lang='lat' dir='ltr'><strong>nitur,</strong></span> <span class='ocrx_word' id='word_1_841' title='bbox 2210 5130 2316 5168; x_wconf 89' lang='lat' dir='ltr'><strong>uon</strong></span> <span class='ocrx_word' id='word_1_842' title='bbox 2350 5115 2539 5170; x_wconf 83' lang='lat' dir='ltr'><strong>adimit</strong></span> <span class='ocrx_word' id='word_1_843' title='bbox 2568 5116 2709 5187; x_wconf 87' lang='lat' dir='ltr'><strong>quod</strong></span> <span class='ocrx_word' id='word_1_844' title='bbox 2742 5116 3029 5185; x_wconf 87' lang='lat' dir='ltr'><strong>posterius.</strong></span> <span class='ocrx_word' id='word_1_845' title='bbox 3059 5114 3327 5181; x_wconf 87' lang='lat' dir='ltr'><strong>Quocirca</strong></span> <span class='ocrx_word' id='word_1_846' title='bbox 3375 5114 3585 5185; x_wconf 76' lang='lat' dir='ltr'><strong>gratias</strong></span> 
     </span>
    </p>
   </div>
   <div class='ocr_carea' id='block_1_113' title="bbox 2013 5204 3587 5276">
    <p class='ocr_par' dir='ltr' id='par_1_113' title="bbox 2013 5204 3587 5276">
     <span class='ocr_line' id='line_1_113' title="bbox 2013 5204 3587 5276; baseline 0.003 -17"><span class='ocrx_word' id='word_1_847' title='bbox 2013 5221 2238 5276; x_wconf 87' lang='lat' dir='ltr'><strong>agamus</strong></span> <span class='ocrx_word' id='word_1_848' title='bbox 2259 5204 2509 5270; x_wconf 90' lang='lat' dir='ltr'><strong>Domino,</strong></span> <span class='ocrx_word' id='word_1_849' title='bbox 2544 5209 2631 5275; x_wconf 87' lang='lat' dir='ltr'><strong>qui</strong></span> <span class='ocrx_word' id='word_1_850' title='bbox 2656 5213 2709 5262; x_wconf 90' lang='lat' dir='ltr'><strong>et</strong></span> <span class='ocrx_word' id='word_1_851' title='bbox 2735 5220 2877 5262; x_wconf 89' lang='lat' dir='ltr'><strong>nunc</strong></span> <span class='ocrx_word' id='word_1_852' title='bbox 2905 5206 3184 5264; x_wconf 87' lang='lat' dir='ltr'><strong>nobiscum</strong></span> <span class='ocrx_word' id='word_1_853' title='bbox 3214 5213 3320 5273; x_wconf 86' lang='lat' dir='ltr'><strong>est,</strong></span> <span class='ocrx_word' id='word_1_854' title='bbox 3340 5215 3396 5261; x_wconf 89' lang='lat' dir='ltr'><strong>et</strong></span> <span class='ocrx_word' id='word_1_855' title='bbox 3421 5219 3587 5263; x_wconf 79' lang='lat' dir='ltr'><strong>omne</strong></span> 
     </span>
    </p>
   </div>
   <div class='ocr_carea' id='block_1_114' title="bbox 2015 5295 3590 5369">
    <p class='ocr_par' dir='ltr' id='par_1_114' title="bbox 2015 5295 3590 5369">
     <span class='ocr_line' id='line_1_114' title="bbox 2015 5295 3590 5369; baseline 0.003 -19"><span class='ocrx_word' id='word_1_856' title='bbox 2015 5298 2215 5351; x_wconf 89' lang='lat' dir='ltr'><strong>bonum</strong></span> <span class='ocrx_word' id='word_1_857' title='bbox 2247 5295 2579 5366; x_wconf 86' lang='lat' dir='ltr'><strong>suppeditat,</strong></span> <span class='ocrx_word' id='word_1_858' title='bbox 2610 5305 2665 5351; x_wconf 88' lang='lat' dir='ltr'><strong>et</strong></span> <span class='ocrx_word' id='word_1_859' title='bbox 2692 5296 2888 5350; x_wconf 85' lang='lat' dir='ltr'><strong>iterum</strong></span> <span class='ocrx_word' id='word_1_860' title='bbox 2932 5296 3217 5352; x_wconf 85' lang='lat' dir='ltr'><strong>nobiscum</strong></span> <span class='ocrx_word' id='word_1_861' title='bbox 3246 5299 3351 5352; x_wconf 87' lang='lat' dir='ltr'><strong>erit</strong></span> <span class='ocrx_word' id='word_1_862' title='bbox 3374 5297 3590 5369; x_wconf 82' lang='lat' dir='ltr'><strong>perfec-</strong></span> 
     </span>
    </p>
   </div>
   <div class='ocr_carea' id='block_1_115' title="bbox 2018 5383 3588 5457">
    <p class='ocr_par' dir='ltr' id='par_1_115' title="bbox 2018 5383 3588 5457">
     <span class='ocr_line' id='line_1_115' title="bbox 2018 5383 3588 5457; baseline 0.004 -21"><span class='ocrx_word' id='word_1_863' title='bbox 2018 5384 2124 5438; x_wconf 89' lang='lat' dir='ltr'><strong>tius</strong></span> <span class='ocrx_word' id='word_1_864' title='bbox 2146 5393 2266 5453; x_wconf 88' lang='lat' dir='ltr'><strong>post</strong></span> <span class='ocrx_word' id='word_1_865' title='bbox 2295 5385 2842 5440; x_wconf 87' lang='lat' dir='ltr'><strong>consummationem.</strong></span> <span class='ocrx_word' id='word_1_866' title='bbox 2877 5383 3067 5453; x_wconf 85' lang='lat' dir='ltr'><strong>Itaque</strong></span> <span class='ocrx_word' id='word_1_867' title='bbox 3094 5400 3193 5442; x_wconf 85' lang='lat' dir='ltr'><strong>nos</strong></span> <span class='ocrx_word' id='word_1_868' title='bbox 3224 5399 3443 5457; x_wconf 83' lang='lat' dir='ltr'><strong>quoque</strong></span> <span class='ocrx_word' id='word_1_869' title='bbox 3484 5386 3588 5442; x_wconf 86' lang='lat' dir='ltr'><strong>hoc</strong></span> 
     </span>
    </p>
   </div>
   <div class='ocr_carea' id='block_1_116' title="bbox 2018 5478 3589 5552">
    <p class='ocr_par' dir='ltr' id='par_1_116' title="bbox 2018 5478 3589 5552">
     <span class='ocr_line' id='line_1_116' title="bbox 2018 5478 3589 5552; baseline 0.004 -19"><span class='ocrx_word' id='word_1_870' title='bbox 2018 5479 2139 5535; x_wconf 86' lang='lat' dir='ltr'><strong>loco</strong></span> <span class='ocrx_word' id='word_1_871' title='bbox 2169 5480 2577 5535; x_wconf 89' lang='lat' dir='ltr'><strong>enarrationem</strong></span> <span class='ocrx_word' id='word_1_872' title='bbox 2613 5478 2980 5537; x_wconf 84' lang='lat' dir='ltr'><strong>absolvamus.</strong></span> <span class='ocrx_word' id='word_1_873' title='bbox 3014 5480 3194 5552; x_wconf 82' lang='lat' dir='ltr'><strong>Ipsum</strong></span> <span class='ocrx_word' id='word_1_874' title='bbox 3221 5481 3374 5538; x_wconf 86' lang='lat' dir='ltr'><strong>enim</strong></span> <span class='ocrx_word' id='word_1_875' title='bbox 3410 5484 3589 5539; x_wconf 86' lang='lat' dir='ltr'><strong>omnis</strong></span> 
     </span>
    </p>
   </div>
   <div class='ocr_carea' id='block_1_117' title="bbox 2017 5570 3586 5650">
    <p class='ocr_par' dir='ltr' id='par_1_117' title="bbox 2017 5570 3586 5650">
     <span class='ocr_line' id='line_1_117' title="bbox 2017 5570 3586 5650; baseline 0.004 -27"><span class='ocrx_word' id='word_1_876' title='bbox 2017 5572 2314 5650; x_wconf 83' lang='lat' dir='ltr'><strong>gratiarum</strong></span> <span class='ocrx_word' id='word_1_877' title='bbox 2348 5571 2513 5636; x_wconf 81' lang='lat' dir='ltr'><strong>actio,</strong></span> <span class='ocrx_word' id='word_1_878' title='bbox 2546 5570 2715 5642; x_wconf 89' lang='lat' dir='ltr'><strong>gloria</strong></span> <span class='ocrx_word' id='word_1_879' title='bbox 2767 5583 2823 5629; x_wconf 90' lang='lat' dir='ltr'><strong>et</strong></span> <span class='ocrx_word' id='word_1_880' title='bbox 2869 5573 3046 5631; x_wconf 86' lang='lat' dir='ltr'><strong>bouor</strong></span> <span class='ocrx_word' id='word_1_881' title='bbox 3084 5573 3242 5631; x_wconf 87' lang='lat' dir='ltr'><strong>decet</strong></span> <span class='ocrx_word' id='word_1_882' title='bbox 3297 5575 3352 5631; x_wconf 92' lang='lat' dir='ltr'><strong>in</strong></span> <span class='ocrx_word' id='word_1_883' title='bbox 3391 5575 3586 5638; x_wconf 74' lang='lat' dir='ltr'><strong>saecula</strong></span> 
     </span>
    </p>
   </div>
   <div class='ocr_carea' id='block_1_118' title="bbox 328 5662 1908 5739">
    <p class='ocr_par' dir='ltr' id='par_1_118' title="bbox 328 5663 1908 5739">
     <span class='ocr_line' id='line_1_118' title="bbox 328 5663 1908 5739; baseline -0.003 -18"><span class='ocrx_word' id='word_1_884' title='bbox 328 5665 538 5737; x_wconf 85' lang='grc' dir='ltr'>ἀγαθὸν</span> <span class='ocrx_word' id='word_1_885' title='bbox 552 5664 896 5739; x_wconf 77' lang='grc' dir='ltr'>χορηγοῦντι,</span> <span class='ocrx_word' id='word_1_886' title='bbox 924 5666 1021 5720; x_wconf 57' lang='grc' dir='ltr'><strong>καὶ⁸</strong></span> <span class='ocrx_word' id='word_1_887' title='bbox 1033 5664 1193 5724; x_wconf 83' lang='grc' dir='ltr'>πάλιν</span> <span class='ocrx_word' id='word_1_888' title='bbox 1224 5666 1568 5736; x_wconf 82' lang='grc' dir='ltr'>συνεσομένῳ</span> <span class='ocrx_word' id='word_1_889' title='bbox 1599 5663 1908 5735; x_wconf 65' lang='grc' dir='ltr'>τελεώτεροι</span> 
     </span>
    </p>
   </div>
   <div class='ocr_carea' id='block_1_119' title="bbox 2009 5662 2575 5739">
    <p class='ocr_par' dir='ltr' id='par_1_119' title="bbox 2011 5662 2575 5720">
     <span class='ocr_line' id='line_1_119' title="bbox 2011 5662 2575 5720; baseline 0.002 -1"><span class='ocrx_word' id='word_1_890' title='bbox 2011 5662 2353 5719; x_wconf 69' lang='lat' dir='ltr'><strong>saeculorum.</strong></span> <span class='ocrx_word' id='word_1_891' title='bbox 2380 5662 2575 5720; x_wconf 83' lang='lat' dir='ltr'><strong>Amen.</strong></span> 
     </span>
    </p>
   </div>
  </div>
