3968 6460
292 536 397 597 U7

966 537 1406 598 ENAltRATlO
1445 537 1526 597 IN
1568 533 2073 599 EVANGELIUM
2113 531 2369 593 MARCL
2411 553 2475 567 -
2500 532 2659 592 ΟΑΡ.
2700 530 2751 592 Ι.

3432 525 3538 590 493

297 654 473 718 μενον
497 648 641 716 λόγῳ
672 647 1073 718 μετεωροπόρῳ
1112 650 1211 718 μὲν
1253 647 1498 703 δοκοῦντι
1528 650 1621 703 καὶ
1655 650 1880 716 ἀναπη-

1999 659 2074 699 [ne
2105 642 2365 715 quiddam
2394 642 2747 710 intelligebat,
2775 638 2866 695 sed
2897 654 3150 696 sermone
3177 639 3392 709 quidem
3429 657 3555 711 pas-

294 739 494 799 δὼντι,
521 736 923 790 καταπίπτοντι
941 736 999 790 δὲ
1026 736 1188 792 πάλιν
1209 755 1221 768 ·
1246 737 1489 793 τοιοῦτον
1508 738 1667 809 γάρή
1691 738 1879 809 ἀκρὶςν

298 831 538 900 πηδῶσα
567 829 644 896 ὡς
671 829 764 882 ἐπὶ
798 829 860 882 τὸ
893 828 1045 900 ὕψος,
1069 827 1187 883 εἶτα
1234 830 1398 884 πάλιν
1433 828 1880 883 καταπίπτουσα.

302 921 525 995 Ὠσπερ
546 917 641 975 οῦν
680 921 775 974 καὶ
814 921 938 992 μέλι
963 922 1060 992 μὲν
1098 922 1283 993 ἤσθιεν
1314 925 1343 976 ὁ
1370 923 1495 986 λαὸς
1525 920 1587 975 τὸ
1619 921 1726 993 ὐπδ
1770 920 1885 972 τῶν

308 1014 587 1085 μελισσῶν
627 1012 987 1084 γεννώμενον,
1014 1013 1122 1067 τῶν
1153 1014 1473 1086 προφητῶν,
1500 1014 1578 1084 μὴ
1605 1010 1886 1083 γεωργού-

309 1124 478 1176 μενον
517 1106 573 1160 δὲ
605 1105 701 1158 καὶ
747 1106 1122 1177 ἡμερούμενον
1148 1106 1237 1159 διά
1283 1105 1377 1160 τοῦ
1428 1104 1606 1169 καλῶς
1642 1102 1885 1158 νοεῖσθαι

208 1193 222 1257 γ’
306 1196 413 1250 καὶ
442 1194 722 1266 ζητεῖσθαι
757 1197 852 1250 καὶ
876 1196 1413 1267 καταλαμϐάνεσθαι.
1459 1192 1615 1266 Εἶχον
1651 1194 1751 1265 μὲν
1774 1194 1886 1266 γάρ

307 1287 413 1351 τὰς
433 1288 654 1358 Γραφὰς
686 1289 734 1341 οἱ
753 1287 991 1359 Ἑϐραῖοι
1020 1281 1131 1341 οἷόν
1145 1305 1197 1340 τι
1218 1287 1339 1358 μέλι
1361 1303 1375 1317 ⁸
1412 1286 1528 1340 ἀλλ’
1550 1286 1651 1339 οὐκ
1682 1288 1888 1358 ὲγεώρο

307 1394 444 1445 γουν
474 1376 669 1443 αὐτὰς,
703 1377 823 1431 οὐδὲ
864 1376 1138 1449 ἠρεύνων.

390 1587 413 1621 ι
440 1570 549 1622 Καὶ
587 1569 881 1639 ἐκήρυσσε,
907 1567 1112 1636 λέγων·
1152 1569 1410 1639 Ἔρχεται
1462 1571 1489 1622 ὁ
1537 1567 1885 1637 ἰσχυρότερός

314 1676 419 1730 μου
452 1660 627 1715 ὀπίσω
667 1677 793 1731 μου,
824 1653 886 1713 οὐ
918 1660 1018 1714 οὐκ
1048 1663 1165 1731 εἰμὶ
1194 1661 1378 1725 ἱκανὸς
1409 1659 1585 1729 κύψας
1608 1659 1766 1713 λῦσαι
1793 1659 1888 1713 τὸν

314 1753 518 1819 ἱμάντα
550 1752 659 1806 τῶν
683 1751 1050 1822 ὑποδημάτων
1078 1752 1266 1807 αὐτοῦ.
1305 1750 1448 1819 Ἐγὼ
1480 1752 1580 1822 μὲν
1614 1751 1889 1804 ἐϐάπτισα

314 1841 459 1908 ὑμᾶς
487 1842 543 1893 ἐν
573 1840 749 1904 ὕδατι,
783 1841 943 1905 αὐτὸς
977 1841 1034 1894 δὲ
1054 1840 1308 1911 βαπτίσει
1350 1841 1493 1911 ὑμᾶς
1522 1842 1580 1893 ὲν
1609 1840 1884 1909 Πνεύματι

314 1934 478 2005 ἁγίῳ.
508 1955 531 1988 ι
560 1936 698 1991 Οὐδὲ
718 1937 967 2006 ἔσχατος,
990 1938 1148 2005 φησὶ,
1179 1937 1364 2001 δοῦλος
1393 1936 1558 1991 αὐτοῦ
1599 1935 1750 2003 ἄξιός
1770 1936 1884 2005 εἰμι

316 2020 480 2093 εἶναι,
513 2026 654 2080 ὥστε
679 2027 842 2081 λῦσαι
869 2028 961 2082 τὸν
988 2028 1208 2099 ἱμάντα,
1239 2026 1506 2093 τουτέστι,
1551 2026 1642 2081 τὸν
1688 2025 1884 2094 δεσμὸν

318 2119 410 2172 τὸν
450 2120 560 2174 άπὸ
612 2105 790 2191 λὼρου
843 2117 952 2172 τῶν
985 2119 1370 2188 ὑποδημάτων.
1414 2118 1636 2172 Νοεῖται
1685 2117 1742 2171 δὲ
1791 2117 1888 2170 καὶ⁹

312 2206 457 2261 οὕτω
482 2223 496 2236 ⁸
527 2209 735 2272 Πάντες
790 2209 840 2262 οἱ
899 2207 1186 2280 ἐρχόμενοι
1223 2208 1318 2262 καὶ
1358 2206 1747 2279 βαπτιζόμενοι
1781 2206 1890 2260 ὐπδ

325 2298 601 2365 Ἰωάννου,
658 2299 878 2353 ἐλύοντο
924 2299 1014 2352 διὰ
1051 2299 1149 2369 τῆς
1185 2298 1473 2367 μετανοίας
1495 2297 1603 2352 άπὸ
1651 2297 1754 2352 τοῦ
1793 2298 1887 2351 δε-

312 2390 464 2456 σμοῦ
493 2390 603 2442 τῶν
652 2389 940 2461 ἁμαρτιῶν
966 2389 1170 2455 αὐτῶν,
1195 2390 1253 2443 ὲν
1273 2388 1355 2458 τῷ
1376 2389 1653 2443 πιστεύειν
1690 2389 1770 2450 είς
1795 2388 1888 2441 τὸν

307 2480 572 2550 Χριστόν.
607 2481 834 2534 Πάντων
867 2481 963 2551 μὲν
993 2476 1086 2534 οὖν
1108 2480 1223 2533 τῶν
1248 2479 1423 2535 ἄλλων
1452 2479 1609 2533 ἔλυεν
1639 2481 1669 2533 ό
1702 2478 1889 2533 Ἰωάν-

266 2601 287 2619 ο
307 2591 411 2645 νης
438 2576 564 2636 τούς
594 2575 819 2645 ἱμάντας
844 2576 939 2628 καὶ
997 2574 1125 2645 τούς
1167 2574 1403 2644 δεσμοὺς
1429 2574 1539 2627 τῶν
1581 2571 1885 2644 ἁμαρτιῶν.

307 2667 425 2720 Τοῦ
460 2667 518 2720 δὲ
551 2666 725 2736 Ἰησοῦ
769 2668 859 2721 τὸν
908 2666 1109 2738 ἱμάντα
1157 2666 1259 2720 οὐκ
1316 2665 1505 2735 ἴσχυσε
1539 2664 1720 2728 λῦσαι,
1755 2664 1889 2717 διότι

304 2757 436 2812 οὐδὲ
473 2752 632 2827 εὗρεν
693 2758 913 2826 ἱμάντα,
952 2758 1253 2822 τουτέστιν.
1306 2756 1582 2828 ἁμαρτίαν
1624 2759 1683 2809 ὲν
1717 2753 1887 2826 αὐτῷ.

392 2907 414 2940 ι
451 2888 563 2943 Καὶ
595 2891 815 2959 ἐγένετο
842 2893 900 2944 ὲν
928 2891 1168 2953 ἐκείναις
1215 2891 1335 2954 ταῖς
1380 2889 1636 2961 ἡμέραις,
1665 2882 1829 2959 ἦλθεν
1863 2890 1893 2941 ό

318 2980 541 3051 Ἰησοῦς
569 2982 678 3036 ἀπὸ
704 2982 961 3054 Ναζαρὲτ
992 2982 1090 3054 τῆς
1113 2982 1424 3049 Γαλιλαίας,
1457 2982 1554 3036 καὶ
1579 2979 1886 3052 ἐδαπτίσθη

307 3075 428 3127 ὑπὸ
476 3075 724 3130 Ἰωάννου
779 3075 860 3139 είς
888 3075 980 3128 τὸν
1014 3075 1327 3146 Ἰορδάνην
1388 3074 1483 3128 καὶ
1515 3072 1718 3136 εὐθέως
1761 3073 1893 3126 ἀνα-

308 3167 523 3221 ϐαίνων
550 3167 661 3222 ἀπὸ
684 3166 780 3222 τοῦ
808 3164 1022 3233 ῦδατος,
1059 3161 1166 3228 εἶδε
1201 3164 1556 3236 σχιζομένους
1582 3163 1710 3227 τοὺς
1727 3163 1894 3234 οὐρα-

308 3258 469 3324 νοὺς,
502 3259 596 3312 καὶ
622 3258 686 3313 τδ
733 3258 965 3330 Πνεῦμα
1005 3258 1139 3312 ὡσεὶ
1184 3256 1513 3329 περιστερὰν
1565 3255 1891 3310 καταόαῖνον

1984 737 2227 802 cebatur,
2263 735 2529 806 qui.visus
2559 744 2641 789 est
2676 734 2728 786 in
2759 732 2986 787 sublime
3007 731 3270 799 saltitare,
3299 733 3393 787 sed
3435 748 3554 787 rur-

1983 845 2077 888 sus
2107 829 2292 886 statim
2323 827 2545 883 decidit.
2608 824 2966 882 Locustartnn
3020 823 3163 878 enim
3220 834 3409 878 natura
3469 834 3554 881 est

1985 920 2309 987 subsaltare,
2346 920 2651 987 iterumque
2664 916 2932 972 decidere.
2959 915 3365 982 Quodammodo
3390 916 3551 986 igitur

1986 1023 2041 1070 et
2073 1012 2176 1069 mel
2232 1012 2445 1083 quidem
2507 1009 2699 1065 edebat
2754 1010 3000 1079 populus,
3050 1009 3192 1077 quod
3224 1011 3291 1064 ab
3342 1010 3552 1078 apibus,

1988 1103 2268 1174 prophetis
2285 1101 2615 1167 coniectum,
2635 1116 2738 1155 non
2764 1112 2941 1156 autem
2965 1101 3292 1170 agricultura
3314 1111 3553 1170 partum,

1993 1209 2167 1264 neque
2189 1194 2566 1259 domesticum,
2597 1193 2738 1264 quod
2765 1192 2900 1249 bene
2932 1192 3346 1263 intelligeretur,
3375 1193 3556 1263 inqui-

1989 1295 2215 1351 reretur,
2255 1294 2311 1342 et
2364 1284 2931 1354 comprehenderetur.
2994 1283 3278 1340 Habebam
3335 1283 3553 1355 quidam

1990 1374 2300 1444 Scriptttt‘as
2331 1374 2536 1430 Hebraei
2563 1373 2717 1445 quasi
2751 1372 2856 1428 mel
2885 1372 3180 1444 quoddam,
3205 1373 3302 1430 sed
3320 1373 3421 1445 ipsi
3449 1389 3558 1431 non

1989 1467 2310 1524 excolebant
2341 1481 2434 1524 eas
2463 1480 2643 1537 neque
2681 1465 3083 1523 scrutabantur.

2063 1581 2222 1637 Vsus.
2252 1580 2371 1637 7-8.
2403 1598 2422 1632 ι
2458 1580 2521 1636 Ει
2550 1579 2857 1650 prmdicavit
2902 1579 3087 1635 dicens
3117 1598 3131 1634 :
3166 1577 3325 1635 Venit
3357 1578 3407 1634 is
3467 1578 3560 1649 (ιιιὶ

1992 1672 2182 1728 fortior
2206 1685 2291 1726 me
2320 1680 2403 1726 est
2431 1679 2551 1741 post
2577 1686 2685 1735 me,
2731 1671 2884 1736 cuius
2911 1669 3402 1726 calceamentorum
3439 1684 3560 1726 cor-

1991 1767 2179 1833 rigiam
2209 1775 2268 1819 ut
2296 1764 2652 1834 procumbens
2685 1761 2845 1833 176
2891 1761 3121 1824 solvam,
3153 1774 3262 1815 non
3298 1774 3415 1815 sum
3443 1759 3563 1815 ido-

1990 1873 2141 1914 neus.
2179 1857 2289 1926 Ego
2343 1853 2558 1925 quidem
2598 1853 2863 1924 baptizavi
2918 1865 3014 1906 vos
3065 1865 3225 1920 aqua,
3292 1849 3379 1905 ille
3435 1864 3563 1904 vero

1989 1946 2284 2015 baptizabit
2307 1958 2400 1999 vos
2421 1942 2625 2013 Spiritu
2648 1952 2887 1997 sancto.»
2909 1940 3093 2010 Neque
3118 1939 3442 1996 novissimus
3453 1954 3564 1995 ser-

1989 2052 2178 2091 vorum
2206 2036 2320 2106 ejus
2357 2048 2480 2091 esse
2525 2032 2718 2103 dignus
2758 2047 2900 2097 sum,
2930 2031 3130 2102 inquit,
3168 2032 3241 2086 ita
3270 2041 3328 2086 ut
3354 2030 3561 2087 solvam

1989 2127 2297 2198 corrigiam,
2316 2127 2416 2182 hoc
2429 2134 2533 2192 est,
2560 2124 2833 2180 vinculum
2851 2124 2992 2195 quod
3011 2139 3077 2180 ex
3096 2123 3228 2180 loris
3249 2130 3332 2178 est
3348 2122 3558 2179 calcea-

1990 2218 2155 2273 menti
2192 2216 2333 2286 ejus.
2359 2216 2683 2287 lntelligitur
2708 2223 2886 2271 autem
2909 2224 2966 2270 et
2986 2215 3089 2270 hoc
3118 2214 3281 2270 modo
3312 2231 3325 2268 :
3362 2212 3564 2275 Omnes

1989 2309 2081 2378 qui
2131 2308 2420 2364 veniebant
2448 2316 2504 2363 et
2520 2306 2934 2377 baptizabantur
2956 2319 2986 2359 a
3015 2304 3244 2372 Joanne,
3278 2304 3563 2361 solveban-

1991 2408 2080 2452 tur
2103 2412 2199 2467 per
2247 2396 2623 2466 pmnit'entiam
2648 2411 2678 2450 a
2710 2396 2926 2452 vinculo
2947 2403 3290 2465 peccatorum
3319 2409 3564 2459 suorum,

1989 2489 2116 2543 dum
2155 2488 2450 2545 credebant
2470 2487 2523 2543 in
2555 2487 2854 2543 Christum.
2877 2485 3130 2543 Omnium
3158 2488 3322 2556 igitur
3336 2486 3564 2542 aliorum

1994 2579 2238 2635 solvebat
2260 2578 2499 2636 Joannes
2529 2579 2795 2648 corrigias
2823 2587 2879 2634 et
2897 2577 3110 2633 vincula
3165 2587 3511 2647 peccatorum
3542 2596 3556 2631 :

1989 2669 2115 2727 Jesu
2148 2680 2327 2726 autem
2359 2670 2648 2740 corrigiam
2691 2669 2905 2729 solvere
2935 2685 3044 2726 non
3076 2671 3270 2740 potuit,
3320 2684 3384 2724 eo
3408 2670 3552 2740 quod

1992 2779 2096 2819 non
2122 2762 2322 2820 invenit
2347 2763 2660 2835 corrigiam,
2691 2762 2796 2820 hoc
2828 2771 2934 2829 est,
2953 2771 3234 2833 peccatum
3265 2762 3317 2817 in
3337 2762 3475 2833 ipso.

2065 2897 2286 2957 νωιεῶ
2322 2901 2402 2954 tl.
2440 2919 2459 2952 ι
2494 2899 2563 2954 Ει
2593 2900 2792 2955 factum
2816 2907 2899 2957 est
2925 2899 2978 2955 in
3012 2899 3210 2956 diebus
3243 2897 3372 2966 illis,
3424 2900 3570 2953 venit

1991 2987 2019 3044 J
2028 3004 2150 3046 esus
2166 3005 2196 3045 a
2212 2988 2482 3046 Nazareth
2504 2990 2759 3058 Galilataz,
2790 2999 2843 3047 et
2870 2990 3172 3061 baptizatus
3194 2998 3277 3047 est
3306 3005 3335 3044 a
3364 2987 3570 3045 Joanne

1994 3085 2046 3138 in
2078 3082 2336 3139 Jordane.
2369 3083 2436 3138 Et
2463 3084 2644 3139 statim
2670 3098 2794 3139 cum
2826 3082 3147 3139 ascenderet
3186 3098 3251 3137 ex
3289 3096 3451 3154 aqua,
3486 3081 3570 3136 vi—

1993 3175 2072 3229 dit
2101 3171 2512 3240 diﬂindicoelos,
2535 3184 2590 3229 et
2623 3174 2881 3243 Spiritum
2916 3174 3072 3244 quasi
3118 3175 3418 3229 columbam
3472 3173 3570 3227 (Ιε-

1995 3266 2340 3321 scendentem
2373 3280 2534 3337 super
2561 3265 2705 3321 illum
2731 3285 2745 3322 :
2772 3278 2826 3322 et
2854 3280 2955 3321 vox
2984 3265 3124 3322 facta
3155 3277 3236 3321 est
3266 3268 3331 3321 de
3365 3266 3517 3322 cmlis
3553 3283 3568 3319 :

309 3351 411 3401 ἐπ’
427 3348 613 3415 αὐτὸν,
638 3350 731 3404 καὶ
758 3349 912 3421 φωνὴ
935 3347 1155 3419 ἐγένετο
1185 3350 1249 3402 ἐκ
1284 3348 1393 3401 τῶν
1417 3346 1671 3417 οὐρανῶν
1690 3363 1705 3377 ⁸
1739 3346 1812 3399 Σὺ
1848 3342 1893 3399 εί

2009 3353 2087 3408 Tu
2109 3370 2169 3410 es
2200 3354 2286 3409 ille
2315 3352 2488 3410 Filius
2533 3368 2684 3409 meus
2719 3354 2971 3420 dilectus,
3027 3354 3082 3408 in
3115 3367 3222 3422 quo
3254 3353 3384 3407 mihi
3437 3352 3573 3408 bene

306 3443 342 3495 ὁ
365 3438 503 3504 Υἱός
545 3458 649 3511 μου
674 3442 703 3493 ὁ
728 3441 1032 3512 ἀγαπητὸς,
1062 3442 1120 3494 ἑν
1242 3440 1528 3510 εὐδόκησα.
1566 3459 1586 3494 ι
1619 3439 1731 3510 (40)
1760 3438 1899 3495 Οῦτε

307 3535 411 3587 διὰ
459 3534 520 3586 τδ
546 3534 815 3605 ἀφεθῆναι
854 3534 965 3588 τῶν
1005 3533 1314 3606 ἁμαρτιῶν,
1364 3533 1585 3604 ἔρχεται
1633 3535 1662 3587 ό
1691 3532 1900 3603 Ἰησοῦς

308 3623 415 3677 ἐπὶ
443 3622 506 3676 τὸ
529 3622 833 3694 βάπτισμα,
865 3624 1141 3696 ἁμαρτίαν
1183 3625 1291 3696 γὰρ
1319 3624 1418 3678 οὐκ
1448 3624 1706 3695 ἐποίησεν
1725 3641 1739 3654 ⁸
1770 3623 1896 3678 οὔτε

305 3715 397 3778 ὡς
429 3715 749 3786 Πνεῦματος
804 3715 1284 3787 μεταληψόμενοςο
1343 3715 1405 3770 τὸ
1453 3717 1562 3788 γὰρ
1615 3715 1896 3788 βάπτισμα

322 3806 603 3874 Ἰωάννου,
648 3807 724 3870 ὡς
778 3804 955 3873 εἷπον,
998 3809 1275 3881 ἁμαρτίας
1328 3809 1402 3880 μὴ
1455 3809 1741 3882 καθαῖρον,
1778 3811 1897 3876 πῶς

311 3898 392 3951 ἂν
419 3897 647 3969 Πνεῦμα
698 3899 932 3969 ἔδωκεν;
974 3900 1133 3955 Ἀλλὰ
1157 3900 1264 3972 μὴν
1284 3900 1402 3954 οὐδὲ
1432 3900 1521 3954 διὰ
1545 3900 1606 3955 τὸ
1630 3903 1895 3979 μετανοῆ-
1922 3934 1947 3951 ο

312 4006 414 4043 σαι
451 3988 675 4061 ἔρχεται
702 3990 1241 4065 βαπτὶσθησόμενος⁸
1272 3992 1452 4064 πολλῷ
1489 3993 1597 4064 γάρ
1624 3989 1694 4063 ἦν
1721 3994 1899 4066 κρείτ-

309 4099 433 4135 των
454 4083 549 4135 ut
571 4081 665 4136 τοῦ
689 4085 1020 4140 Βαπτιστοῦ.
1047 4085 1202 4139 Διατί
1242 4079 1334 4138 οῦν
1361 4084 1618 4155 ἐρχεται;
1652 4085 1724 4138 Ἢ
1753 4085 1892 4140 πάν-

310 4190 430 4236 τως
463 4173 553 4228 ῐνα
580 4175 874 4248 φανερωθῇ
901 4177 1006 4231 ὐπὸ
1047 4175 1298 4231 Ἰωάννου
1312 4173 1390 4246 τῷ
1430 4174 1564 4241 λαῷ.
1606 4173 1764 4229 Ἐπεὶ
1791 4175 1898 4247 γὰρ

314 4264 510 4321 πολλοὶ
532 4265 696 4338 συνέῤ
707 4269 852 4337 ρεον,
876 4267 1168 4337 εὐδόκησεν
1186 4268 1361 4322 ἐλθεῖν
1379 4265 1453 4333 ὡς
1481 4266 1547 4323 ἂν
1578 4266 1897 4339 μαρτυρηθῇ

315 4354 688 4410 ἐνώπιονοτῶν
723 4356 931 4413 πολλῶν
956 4357 1184 4423 τούτων,
1223 4357 1307 4421 τίς
1346 4360 1464 4411 ἐστι
1492 4374 1505 4388 ⁸
1537 4358 1633 4412 καὶ
1665 4357 1785 4428 ἅμα
1813 4358 1901 4414 ἵνα

316 4449 592 4525 πληρώσῃ
623 4452 802 4506 πᾶσαν
835 4448 1207 4522 δικαιοσύνην,
1267 4451 1539 4511 τουτέστι,
1581 4449 1759 4515 πάσας
1801 4451 1902 4514 τὰς

317 4541 547 4607 ἐντολάς
570 4543 666 4597 τοῦ
695 4544 860 4614 νόμου
881 4560 896 4575 ⁸
926 4543 1052 4598 ἐπεὶ
1082 4542 1187 4613 γάρ
1216 4538 1401 4613 ἐντολὴ
1444 4543 1537 4596 καὶ
1557 4542 1713 4597 τοῦτο
1735 4543 1900 4607 δοκεῖ,

2003 3443 2381 3514 complacitum
2407 3452 2513 3500 est.
2548 3461 2566 3495 ι
2594 3441 2780 3514 Neque
2806 3451 2864 3498 ut
2888 3444 3291 3499 remitterentur
3321 3441 3423 3497 sibi
3452 3457 3574 3514 pee-

2005 3547 2124 3597 cata
2162 3537 2306 3592 venit
2331 3536 2490 3594 Jesus
2535 3541 2601 3593 ad
2642 3538 2950 3609 baptisma:
2983 3545 3264 3608 peccatum
3293 3537 3434 3591 enim
3466 3551 3572 3593 non

1999 3629 2125 3684 fecit
2151 3644 2166 3696 ;
2203 3644 2374 3700 neque
2403 3638 2461 3684 ut
2491 3628 2726 3700 Spiritus
2753 3631 3026 3701 particeps
3058 3630 3241 3685 ﬁeret:
3271 3644 3393 3685 cum
3429 3630 3573 3685 enim

1999 3718 2264 3787 baptisma
2305 3717 2551 3785 Joannis,
2585 3718 2727 3774 sicut
2745 3719 2875 3783 dixi,
2905 3729 3125 3789 peccata
3153 3735 3258 3776 non
3287 3732 3571 3790 purgaret,

1999 3806 2269 3877 quomodo
2300 3804 2565 3877 Spiritum
2589 3807 2859 3863 dedisset?
2882 3809 2988 3864 Sed
3016 3824 3189 3878 neque
3212 3818 3431 3879 propter
3460 3824 3577 3879 pa:-

2003 3894 2285 3950 nitentiam
2315 3896 2544 3952 venitut
2570 3896 2940 3967 baptizaretur
2981 3917 2994 3954 :
3036 3900 3205 3954 multo
3244 3903 3387 3957 enim
3441 3920 3576 3972 prmo

2001 3987 2232 4042 stantior
2256 3998 2373 4042 erat
2398 3988 2665 4060 Baptista.
2702 3989 2882 4057 Quare
2902 3991 3067 4061 igitur
3098 3994 3294 4050 venit?
3322 3996 3417 4052 Vel
3451 4012 3578 4052 omn

2001 4079 2130 4134 nino
2165 4088 2222 4135 ut
2248 4079 2687 4136 manifestaretur
2706 4097 2734 4134 a
2760 4080 2968 4137 Joanne
2995 4084 3210 4155 pepnlo.
3272 4085 3407 4142 Nam
3451 4090 3576 4159 quia

2003 4171 2157 4227 multi
2190 4171 2551 4241 conﬂuebant,
2577 4184 2820 4246 apparet,
2869 4177 3015 4247 quod
3049 4178 3170 4233 ideo
3236 4180 3463 4244 venerit,
3520 4191 3581 4235 nt

2005 4262 2373 4319 testimonium
2400 4262 2673 4334 acciperet
2700 4279 2884 4319 coram
2915 4265 3099 4322 multis
3131 4266 3257 4337 quis
3285 4278 3449 4324 esset.
3479 4266 3578 4322 Vel
3665 4296 3671 4300 ~

2003 4363 2060 4408 ut
2089 4353 2341 4425 impleret
2374 4369 2588 4410 omnem
2612 4354 2903 4426 justitiam,
2934 4357 3037 4412 hoc
3068 4366 3172 4423 est,
3206 4359 3387 4413 omnia
3427 4373 3580 4413 man-

2004 4445 2129 4501 data
2163 4446 2311 4516 legis.
2349 4444 2614 4513 Quoniam
2639 4446 2784 4502 enim
2806 4455 2860 4502 et
2880 4447 2979 4503 hoc
3004 4448 3318 4504 mandatum
3342 4449 3577 4518 videtur,

2006 4544 2065 4591 ut
2095 4536 2350 4591 credatur
2375 4535 2650 4606 propheta
2676 4536 2995 4606 baptizanti,
3029 4539 3169 4608 quod
3190 4553 3222 4593 a
3252 4537 3359 4596 Deo
3381 4540 3580 4599 missus

318 4634 388 4686 τδ
434 4633 727 4704 πεισθῆναι
760 4633 836 4703 τῷ
871 4633 1131 4704 προφήτῃ
1185 4631 1502 4703 βαπτίζοντι
1525 4632 1600 4695 ὡς
1631 4632 1737 4685 ὐπὸ
1764 4631 1893 4685 Θεοῦ

2006 4630 2100 4694 sit,
2133 4628 2319 4700 implet
2350 4628 2636 4699 et-ipsum.
2676 4627 2918 4699 Spiritus
2947 4644 3077 4707 vero
3138 4631 3419 4688 descendit
3473 4647 3578 4687 non

321 4725 653 4795 πεμφθέντι,
685 4725 1002 4797 πληροῖκαὶ
1028 4726 1252 4796 ταύτην.
1286 4725 1360 4777 Τὸ
1397 4725 1455 4778 δὲ
1510 4723 1737 4794 Πνεῦμα
1766 4724 1893 4778 κάτ-

2004 4720 2149 4790 quod
2179 4733 2315 4789 opus
2338 4718 2427 4774 illo
2449 4718 2647 4774 habeat
2676 4717 2927 4775 Christus
2959 4737 2973 4775 :
3006 4721 3279 4791 quomodo
3306 4722 3448 4777 enim
3479 4722 3579 4778 hoc

323 4833 488 4881 τισιν,
533 4818 635 4887 οὐχ
675 4818 757 4871 ὅτι
807 4817 988 4871 ἐδέετο
1018 4816 1208 4871 τούτου
1238 4818 1267 4870 ό
1295 4816 1549 4886 Χριστὸς,
1577 4815 1693 4880 πῶς
1721 4815 1829 4886 γάρ
1864 4810 1894 4867 δ

323 4905 393 4978 ἦν
420 4909 478 4961 ὲν
511 4906 660 4980 αὐτῷ
691 4908 966 4972 οὐσιωδῶς
996 4907 1191 4979 μένον;
1220 4906 1334 4961 ἀλλ’
1367 4908 1454 4961 ἴνα
1505 4907 1685 4978 μάθῃς
1719 4907 1784 4960 σύ
1813 4907 1896 4960 ὅτι

323 5001 458 5053 ὅταν
477 4999 737 5074 βαπτίζῃ,
789 5000 882 5054 καὶ
910 5000 991 5063 είς
1021 4999 1083 5053 σὲ
1133 4998 1360 5069 Πνεῦμα
1395 4997 1551 5067 ἅγιον
1579 4995 1862 5051 ἐλεύσεται
1880 5011 1896 5029 ⁸

325 5090 443 5159 ἅμα
470 5089 529 5142 δὲ
553 5090 650 5143 καὶ
673 5088 832 5143 τοῦτο
861 5090 1083 5160 ἐνήργει
1109 5089 1144 5158 ἡ
1168 5087 1261 5141 τοῦ
1287 5085 1604 5156 Πνεῦματος
1627 5084 1852 5148 κάθοδος
1878 5101 1894 5117 ⁸

326 5179 449 5231 ἐπεὶ
474 5179 579 5250 γάρ
615 5174 768 5234 εἶπεν
803 5181 831 5234 ὁ
866 5180 1057 5252 Πατήρ
1089 5178 1319 5246 ἄνωθεν,
1341 5171 1509 5241 Οῦτός
1537 5177 1686 5232 ἐστιν
1710 5177 1740 5230 ό
1768 5175 1898 5240 Υίός

327 5288 463 5342 μου,
501 5270 590 5328 ἵνα
640 5273 715 5345 μὴ
769 5274 1068 5344 νομίσωσιν
1110 5273 1163 5327 οί
1213 5270 1504 5335 ἀκούοντες
1533 5270 1617 5325 ὃτι
1648 5268 1897 5340 περὶτοῦ

335 5362 589 5420 Ἰωάννου
612 5365 781 5437 λέγει,
815 5365 1029 5422 κάτεισι
1052 5365 1114 5419 τὸ
1160 5350 1391 5436 Πνεῦμα
1410 5363 1503 5417 ἐπὶ
1534 5361 1627 5417 τὸν
1663 5360 1899 5432 Ἰησοῦν.

1281 5520 1373 5582 Ex
1405 5477 1743 5581 collatione
1779 5514 1967 5579 codd.

400 5696 516 5763 (40)
536 5694 674 5752 Cod.
705 5696 776 5751 26
801 5696 982 5752 addit:
1009 5694 1287 5756 Ματθαῖος
1320 5694 1418 5763 μὲν
1440 5694 1626 5759 ἁπλῶς
1642 5697 1761 5751 ἀπὸ
1793 5695 1902 5763 τῆς

323 5762 673 5838 Ιάλιλρίᾳς
704 5763 847 5838 εἷπε.
874 5767 1102 5838 Μάρκος
1121 5766 1180 5820 δὲ
1213 5762 1523 5838 ἰδικώτερον
1546 5766 1652 5838 καί
1684 5767 1781 5836 τὴν
1807 5762 1904 5838 '56-

323 5781 673 5836 Γαλιλαίας
704 5781 847 5829 ams.
874 5781 1102 5838 Μάρκος
1121 5781 1180 5820 οε
1213 5781 1425 5818 ιοικωτε
1465 5782 1523 5819 ον
1557 5781 1652 5819 και
1684 5781 1781 5836 την
1807 5781 1904 5819 πο-

318 5839 416 5889 λιν
441 5837 501 5888 ιν
529 5828 563 5906 ᾖ
591 5836 829 5905 διέτριὸε
863 5836 1203 5906 προσέθηκε,
1233 5781 1462 5906 Οῦτξ-δς
1482 5835 1571 5889 διὰ
1603 5836 1665 5889 τὸ
1691 5835 1906 5906 ἀφεθῆ-

321 5924 427 5960 ναι
477 5901 586 5960 τῶν
642 5901 948 5976 ἁμαρτιῶν,
1011 5922 1067 5961 κ.
1095 5901 1154 5959 ’τ,
1192 5904 1247 5959 λ.
1298 5922 1316 5957 ι
1356 5901 1640 5961 Mattltacus
1688 5901 1905 5975 quidem

2006 4808 2283 4881 possibile,
2310 4825 2434 4865 cum
2457 4810 2510 4865 in
2536 4824 2602 4866 eo
2633 4810 3070 4868 substantialiter
3101 4814 3327 4870 manet?
3373 4814 3466 4869 sed
3516 4824 3576 4874 ut

2003 4916 2061 4962 tn
2089 4904 2267 4960 discas
2313 4901 2456 4973 quod
2502 4901 2717 4971 quando
2758 4901 3077 4973 baptizaris,
3109 4903 3271 4960 etiam
3300 4903 3357 4958 in
3386 4912 3437 4958 te
3459 4903 3583 4974 Spi-

2005 5000 2146 5055 ritus
2177 5004 2395 5052 sanctus
2428 4995 2628 5049 veniat.
2651 4995 2866 5050 Interea
2884 5003 2940 5050 et
2961 4995 3065 5050 hoc
3078 5005 3333 5065 operatur
3349 4994 3584 5066 Spiritus

2007 5088 2182 5147 sancti
2209 5087 2504 5143 descensus
2526 5103 2540 5140 :
2573 5100 2642 5141 ne
2664 5102 2785 5141 cum
2802 5084 2963 5141 Pater
2979 5100 3211 5158 superne
3226 5086 3453 5153 diceret,
3482 5086 3582 5144 llic

2008 5184 2093 5232 est
2125 5174 2218 5230 ille
2246 5171 2415 5229 Filius
2439 5188 2615 5240 meus,
2656 5181 2928 5242 putarent,
2951 5173 3043 5244 qui
3080 5173 3383 5243 audierant,
3440 5178 3583 5248 quod

2007 5270 2074 5323 de
2097 5264 2306 5323 Joanne
2329 5264 2581 5330 dixisset,
2613 5263 2896 5320 descendit
2929 5261 3166 5335 Spiritus
3189 5280 3354 5337 super
3375 5266 3585 5335 Jesum,

2006 5357 2298 5417 ostendens
2325 5355 2468 5427 quod
2484 5356 2552 5411 de
2582 5356 2688 5412 hoc
2712 5355 2917 5412 dictum
2945 5355 3039 5413 sit.
3071 5355 3240 5415 Porro
3261 5358 3386 5416 celi
3410 5358 3588 5415 dil'ﬁn-

2009 5516 2237 5577 Venet.
2273 5515 2337 5575 S.
2379 5512 2601 5575 Marci.

2012 5696 2333 5768 simpliciter
2383 5696 2542 5768 dixit,
2591 5711 2656 5752 ea:
2708 5698 2934 5755 Galilara
2969 5716 2988 5754 :
3049 5708 3105 5754 at
3155 5699 3369 5755 Marcus
3422 5698 3595 5768 magis

2014 5766 2416 5839 particularitcr
2454 5766 2732 5823 civitatem
2793 5770 2958 5825 etiam
2988 5770 3054 5839 in
3111 5785 3217 5839 qua
3280 5766 3593 5839 morabatur

2016 5834 2235 5959 adiecit.
2267 5836 2338 5960 Alt
2385 5851 2515 5893 vero
2565 5852 2739 5909 neque
2774 5847 2831 5895 ut
2866 5834 3281 5896 remitterentur
3311 5837 3415 5895 sibi
3470 5853 3592 5908 pet:-

2016 5922 2077 5959 ca
2104 5924 2160 5960 ει.
2204 5924 2226 5957 ι
2256 5920 2285 5960 e
2312 5922 2361 5960 C.

2016 5920 2162 5972 cata,
2204 5924 2226 5957 ι
2256 5920 2361 5963 ειε.
