3810 6544
157 482 232 544 531
776 477 1220 541 ENARRATIO
1261 482 1343 544 IN
1383 481 1884 547 EVANGELIUM
1924 490 2183 553 MARCI.
2229 519 2294 530 -·
2330 496 2489 557 CAP;
2533 497 2580 558 Ι.
3251 504 3376 569 502‘

154 592 225 646 xxi
244 589 313 652 τὸ,
341 587 588 653 Ἤγγικεν
615 585 647 657 ἡ
684 586 927 657 βασιλεία
956 591 1052 646 τοῦ
1085 593 1243 648 Θεοῦ.
1270 595 1386 650 06x
1412 595 1526 650 ἔστι
1554 597 1612 650 δέ
1651 613 1658 628 ε

1852 617 1994 668 mpe,
2046 605 2434 677 Rescipisrite,
2494 619 2571 675 et,
2609 612 3076 684 Appropinquavit
3130 629 3355 684 regnum

152 683 270 752 ὁμὲν
297 680 381 748 γὰρ
397 677 640 749 Ἰωάννης
668 681 750 746 τὸ,
769 684 1122 753 Μετανοεῖτε,
1151 687 1360 758 ἔλεγεν,
1381 688 1522 744 ὥστε
1545 692 1656 745 ὑπο⁴

1863 695 1896 748 i.
1937 696 2042 751 Sed
2074 714 2178 753 non
2211 712 2296 755 est
2335 701 2430 755 ita.
2456 677 2864 760 Joanne-senim
2907 677 3162 764 dicebat:
3194 677 3358 764 ilosi-

151 775 351 845 χωρῆσαι
379 771 482 824 ἀπὸ
524 772 632 824 τῶν
667 773 952 845 ἁμαρτιῶν
981 794 996 808 ·
1031 781 1058 832 6
1089 779 1148 832 δὲ
1177 782 1419 850 Χριστὸς
1447 783 1529 848 τὸ,
1563 785 1655 838 Με

1851 785 1996 850 scite,
2043 795 2099 840 ut
2134 789 2535 845 abscederenta
2565 794 2806 861 peccatis
2839 815 2852 850 :
2882 797 3132 852 Christus
3155 809 3355 864 autem,

151 865 368 926 τανοεῖτε,
396 861 560 930 λέγει,
598 864 739 919 ὥστε
787 869 896 921 ἀπὸ
926 870 1020 924 τοῦ
1065 875 1292 943 νομικοῦ
1349 877 1655 946 γράμματα

1855 878 2108 947 :sipiscite
2142 881 2293 947 dicit,
2327 895 2382 938 ut
2414 900 2441 937 a
2479 886 2636 953 legali
2682 887 2857 941 littera
2930 889 3196 960 fugerent.
3234 861 3359 948 Ideo

150 960 318 1028 φυγεῖν.
359 955 444 1007 Διὸ
479 957 576 1008 καὶ
637 962 950 1032 προσέθηκε
999 965 1079 1028 τὸ,
1119 966 1418 1020 Πιστεύετε
1469 970 1526 1022 ὲν
1592 969 1654 1039 τᾷ

1859 971 2079 1038 posuit,
2131 974 2352 1030 Credite
2406 978 2715 1048 Evangelio.
2775 955 3013 1035 Credens
3060 982 3202 1036 enim
3268 998 3363 1053 per

148 1046 413 1116 Εὑαγγελίῳ
438 1062 455 1081 ·
486 1050 515 1101 6
549 1049 656 1120 γὰρ
685 1050 894 1120 μέλλων
922 1054 1218 1111 πιστεῦσαι
1246 1056 1336 1110 διά
1361 1057 1455 1112 τοῦ
1498 1060 1652 1129 Εὐαγη

1863 1064 2133 1132 angelium
2165 1067 2276 1137 jam
2305 1069 2538 1124 abolevit
2565 1046 2780 1140 legem.
2812 1070 2951 1125 Dicit
2981 1074 3126 1127 enim
3176 1074 3363 1129 Domi-

144 1141 306 1210 γελίου,
335 1142 644 1212 κατήργηκε
680 1145 774 1198 τὸν
809 1146 978 1217 νόμον
1007 1148 1215 1204 λοιπόν.
1265 1152 1648 1222 Πεπληρῶσθα

1858 1171 1885 1210 s
1941 1157 2223 1227 impletum
2275 1176 2396 1216 esse
2441 1171 2651 1232 tempus
2696 1163 2850 1234 legis.
2885 1163 3174 1220 Enimvero
3213 1167 3266 1220 in
3311 1167 3361 1220 id

144 1236 228 1306 γάρ
254 1250 400 1303 φησιν
422 1236 449 1287 6
488 1234 694 1306 Κύριος
725 1239 819 1291 καὶ
847 1239 936 1292 τὸν
960 1241 1150 1314 καιρὸν
1181 1242 1274 1296 τοῦ
1324 1243 1490 1314 νόμου
1523 1244 1634 1313 (4.5)

1861 1263 1953 1319 pte
1986 1253 2242 1322 temporis
2272 1253 2351 1309 lex
2375 1258 2726 1325 operabatur,
2763 1257 2938 1328 inquit
2967 1275 2984 1313 :
3013 1258 3080 1312 ab
3117 1260 3218 1314 hoc
3267 1276 3365 1315 au-

141 1330 239 1398 ἀχρι
266 1328 558 1398 γὰρ,φησ“ι,
599 1330 692 1382 τοῦ
711 1330 807 1384 νῦν
858 1333 1082 1404 ἐνήργει
1126 1338 1155 1389 6
1210 1337 1393 1406 νόμος,
1431 1338 1540 1391 ἀπὸ
1583 1357 1644 1393 το

1861 1357 1892 1395 n
1937 1353 2179 1410 tempore
2235 1361 2463 1417 regnum
2507 1349 2625 1415 Dei,
2668 1351 2812 1419 quod
2843 1360 2926 1404 est
2969 1351 3074 1405 vita
3133 1366 3365 1422 evange-

139 1419 211 1471 νῦν
233 1418 282 1470 δὲ
308 1421 336 1487 ἡ
363 1417 610 1488 βασιλεία
661 1421 754 1474 τοῦ
800 1423 962 1489 Θεοῦ,
997 1428 1028 1497 ή
1063 1427 1206 1481 κατὰ
1239 1428 1308 1480 τὸ.
1346 1430 1643 1499 Ευαγγέλιο

1860 1453 1910 1504 a,
1942 1439 2126 1506 adest,
2157 1455 2281 1509 qna!
2331 1440 2556 1510 quidem
2600 1443 2711 1498 vita
2748 1458 2914 1514 regno
2949 1444 3216 1498 caelorum
3249 1460 3364 1499 me-

139 1509 341 1562 πολιτεία
371 1511 658 1579 πάρεστιν,
707 1513 830 1583 ἥτις
879 1517 1105 1580 εἰκότως
1153 1519 1556 1589 παρεικάζεται
1611 1539 1640 1574 τ

1858 1543 1886 1583 o
1947 1528 2248 1585 confertur.
2295 1533 2431 1586 Nam
2495 1534 2538 1586 si
2591 1538 2896 1604 quempiam
2963 1535 3165 1590 videris
3209 1538 3362 1604 quasi

137 1606 344 1676 βασιλείᾳ
383 1607 495 1660 τῶν
540 1609 810 1678 οὐρανῶν.
843 1611 1010 1665 Ὅταν
1037 1614 1146 1680 γάρ
1187 1614 1304 1685 ῐδῃς
1333 1614 1409 1679 ὡς
1440 1616 1641 1688 ἅσαρκο

1865 1637 1988 1693 sque
2019 1637 2185 1679 carne
2213 1624 2399 1678 vivere
2428 1624 2590 1679 vitam
2621 1627 3011 1692 evangelicam,
3054 1643 3236 1683 annon
3285 1628 3369 1683 di-

141 1696 305 1769 μικροῦ
375 1699 804 1771 πολιτευόμενον
875 1703 967 1756 τὸν
1023 1705 1166 1759 κατὰ
1224 1706 1286 1759 τὸ
1351 1707 1645 1776 Εὑαγγέλιο

1861 1729 1936 1770 res
1968 1717 2109 1784 quod
2149 1731 2375 1783 regnum
2419 1717 2682 1772 caelorum
2720 1716 2832 1786 jam
2881 1718 3096 1784 haheat,
3129 1733 3194 1773 eo
3223 1721 3365 1790 quod

135 1789 332 1860 βιοῦντα,
361 1787 476 1862 ἆρα
501 1792 604 1846 οὐκ
637 1791 704 1846 ἂν
743 1795 918 1859 εῐποις
947 1796 1032 1850 ὃτι
1057 1791 1214 1862 οὗτος
1265 1799 1365 1868 τὴν
1398 1800 1639 1870 βασιλεία

1864 1822 1890 1860 n
1961 1809 2033 1863 sit
2091 1807 2143 1862 in
2179 1808 2270 1862 illo
2329 1809 2482 1864 cibus
2528 1818 2583 1864 et
2632 1820 2826 1877 potus,
2887 1810 3050 1864 etiam
3108 1811 3152 1865 si
3212 1811 3368 1880 longe

132 1882 217 1934 τῶν
235 1883 469 1952 οὐρανῶν
501 1884 611 1954 (ὅτε
638 1886 740 1940 οὐκ
769 1886 884 1941 ἔστι
920 1889 1122 1960 βρῶσις
1154 1890 1186 1961 ἢ
1211 1892 1390 1962 πόσις)
1414 1893 1512 1964 ἤδη
1543 1894 1633 1964 ἔχε

782 1886 884 1941 ἔστι
920 1889 1122 1960 βρῶσις
1154 1890 1390 1962 ῆπόσις)
1414 1893 1512 1964 ἤδη
1543 1894 1676 1964 ἔχει,
1714 1948 1752 1964 ἢ
1785 1899 1974 1954 abesse
2005 1899 2286 1954 videatur?

132 1975 213 2028 κᾶν
235 1977 445 2046 μακρὰν
471 1972 615 2032 εἶναι
640 1979 770 2051 δοκῇ
798 1997 814 2045 ;
1713 1948 1754 2003 Β

188 2085 206 2117 ι
239 2068 560 2138 ωριπατῶν
608 2070 666 2124 δὲ
721 2071 875 2144 παρά
919 2073 1019 2144 τὴν
1070 2073 1348 2130 Θάλασσαν
1392 2077 1490 2146 τῆς
1519 2077 1677 2132 Γαλι-

1866 2052 2022 2110 Vens.
2053 2055 2240 2110 46-20.
2279 2075 2297 2108 ι
2331 2057 2463 2112 Cum
2497 2057 2801 2112 ambularet
2838 2068 3016 2111 autem
3040 2058 3191 2128 juxta
3216 2072 3370 2114 mare

130 2157 274 2225 λαίας,
303 2157 413 2212 εἶδε
435 2161 657 2232 Σίμωνα
690 2164 786 2217 καὶ
823 2165 1080 2235 Ἀνδρέαν
1116 2167 1207 2220 τὸν
1231 2168 1460 2237 ἀδελφὸν
1489 2169 1634 2223 αὖτοξ

1869 2147 2038 2212 ΙίΙεεειι,
2059 2148 2196 2202 vidit
2229 2147 2506 2203 Simonem
2534 2158 2589 2203 et
2609 2149 2882 2204 Andream
2916 2149 3138 2204 fratrem
3154 2150 3366 2219 ejnsja-

131 2251 386 2317 βάλλοντας
441 2254 864 2327 ἀμφίϐληστρον
917 2259 997 2322 είς
1039 2259 1138 2328 τὴν
1195 2259 1472 2314 θάλασσαν
1519 2259 1635 2333 (ἧσε

1873 2248 1993 2295 ntes
2027 2241 2160 2294 retia
2179 2241 2231 2295 in
2253 2256 2425 2304 mare,
2451 2252 2606 2298 erant
2636 2243 2778 2297 enim
2807 2243 3129 2313 piscatores,
3158 2253 3212 2298 et
3235 2243 3372 2298 dixit

128 2342 211 2411 γάρ
233 2341 440 2414 ἁλιεῖς),
481 2345 574 2398 καὶ
602 2340 754 2399 εἶπεν
783 2350 965 2412 αὐτοῖς
988 2352 1015 2402 6
1041 2349 1249 2419 Ἰησοῦς
1269 2365 1281 2379 ⁶
1312 2352 1477 2405 Δεῦτε
1507 2353 1632 2407 ὀπίσ

1884 2331 2040 2388 Jesus
2070 2331 2402 2402 :Sequimini
2435 2334 2821 2398 me,etfaciam
2857 2335 3241 2391 nteﬁiciamini
3287 2338 3371 2407 pi-

132 2452 230 2502 μου,
260 2437 345 2488 καὶ
409 2441 622 2505 ποιήσω
653 2438 799 2509 ὑμᾶς
845 2417 1114 2507 γενέσθαι
1131 2442 1303 2508 ἁλιεῖς
1349 2444 1636 2516 ἀνθρώπω·

1866 2435 2028 2481 ttores
2073 2426 2376 2484 hominum.
2408 2429 2475 2481 At
2524 2427 2885 2499 illi,protinus
2919 2428 3123 2486 relictis
3164 2431 3370 2486 retibus

129 2527 212 2579 Kal
238 2528 433 2592 εὐθέως
485 2531 720 2600 ἀφέντες
752 2532 818 2584 τά
861 2532 1050 2587 δίκτυα
1081 2535 1282 2602 αὐτῶν,
1307 2537 1633 2611 ἠκολούθησε

1863 2517 1919 2582 is,
1957 2518 2125 2571 secuti
2151 2529 2275 2574 sunt
2307 2535 2450 2576 enm.
2486 2520 2550 2574 Et
2575 2537 2892 2592 progressus
2915 2523 3060 2578 illinc
3093 2525 3367 2593 pusillum,

127 2618 244 2688 αὐτῷ
263 2637 274 2648 °
303 2623 400 2674 καὶ
427 2624 637 2692 προϐὰς
659 2626 866 2680 ἐκεῖθεν
894 2627 1098 2696 ὀλίγον,
1131 2625 1273 2682 εἶδεν
1300 2608 1631 2686 Ἰάκωϐοντὲ

1855 2609 1922 2662 .lit
1947 2608 2206 2665 Jacobum
2230 2610 2398 2666 lilium
2441 2611 2719 2678 Zebedazi,
2747 2623 2804 2669 et
2841 2613 3102 2670 Joannem
3139 2615 3359 2670 fratrem

126 2712 198 2764 τοῦ
247 2715 559 2782 Ζεϐεδαίου,
606 2719 703 2773 καὶ
770 2721 1025 2792 Ἰωάννην
1076 2723 1170 2778 τὸν
1218 2723 1447 2794 ἀδελφὸν
1490 2726 1630 2780 αὐτοί

1869 2718 1925 2768 is,
1949 2702 2038 2773 qui
2062 2703 2234 2774 etipsi
2260 2705 2311 2758 in
2341 2705 2461 2758 navi
2488 2706 2942 2761 reconcinnabant
2973 2707 3127 2773 retia,
3161 2710 3373 2762 statim-

127 2805 200 2856 καὶ
227 2807 419 2871 αὐτοὺς
458 2813 516 2863 ἐν
543 2812 620 2881 τῷ
659 2813 830 2884 πλοίῳ
876 2807 1304 2886 καταρτίζοντας
1340 2819 1408 2871 τά
1462 2818 1631 2872 δίκτυι

1867 2812 1892 2851 e
1918 2798 2132 2852 vocavit
2156 2797 2310 2854 illos:
2347 2807 2401 2853 et
2433 2799 2508 2853 illi
2573 2801 2763 2856 relicto
2788 2811 2940 2870 patre
2969 2815 3068 2857 sno
3108 2802 3371 2859 Zebedzeo

125 2895 200 2946 καὶ
227 2897 424 2962 εὐθέως
457 2899 720 2955 ἐκάλεσεν
742 2902 960 2967 αὐτούς.
1008 2903 1120 2956 Καὶ
1161 2905 1392 2972 ἀφέντες
1449 2904 1542 2958 τὸν
1578 2924 1629 2959 πε

1879 2889 2001 2943 navi
2038 2905 2162 2943 cum
2187 2890 2566 2956 mercenariis,
2600 2892 2773 2947 secuti
2806 2901 2933 2946 sunt
2963 2908 3110 2964 enm.
3161 2911 3182 2945 ι
3221 2892 3369 2946 Prie-

125 2987 232 3052 τέρα
255 2989 434 3042 αὐτῶν
473 2992 755 3046 Ζεϐεδαῖον
789 2995 847 3047 ἐν
886 2995 965 3064 τῷ
1031 2994 1203 3066 πλοίῳ
1260 2996 1399 3066 μετὰ
1447 2997 1557 3051 τῶν
1593 3016 1629 3068 μ

1863 2985 2025 3040 rsoris
2074 2983 2322 3054 discipuli
2374 2995 2532 3040 erant
2570 2985 2764 3041 Petrus
2809 2997 2865 3041 et
2909 2988 3172 3042 Andreas.
3231 2985 3367 3042 Cum

126 3078 337 3146 σθωτῶν,
371 3083 617 3153 ἀπῆλθον
667 3085 846 3139 ὀπίσω
901 3085 1090 3140 αὐτοῦ.
1135 3107 1153 3139 ι
1200 3088 1307 3142 Τοῦ
1362 3089 1630 3162 Προδρόμι

1864 3088 1971 3134 tem
1998 3079 2260 3134 vidissent
2291 3077 2476 3134 Jesum
2508 3093 2536 3133 a
2570 3078 2777 3134 Joanne
2807 3076 3172 3136 testimonium
3209 3095 3368 3136 accc-

125 3166 236 3237 ἦσαν
265 3175 507 3246 μαθηταὶ
543 3179 750 3250 Πέτρος
787 3180 881 3234 καὶ
924 3180 1202 3252 Ἀνδρέας.
1253 3181 1551 3246 Ἰδόντεςδέ
1591 3185 1629 3236 τὶ

1864 3185 1954 3236 sse,
2014 3168 2267 3226 adierunt
2309 3184 2456 3225 eum.
2533 3168 2740 3226 Deinde
2784 3179 3069 3240 postquam
3132 3168 3368 3225 Joannes

136 3265 314 3335 Ἰησοῦν
351 3270 456 3322 ὑπὸ
488 3269 582 3323 τοῦ
619 3273 868 3347 Ἰωάννου
909 3274 1349 3346 μαρτυρηθέντα,
1373 3277 1640 3347 προσῆλθε

1865 3263 2218 3332 mprehensus
2266 3262 2391 3328 fuit,
2432 3262 2612 3318 maesti
2663 3261 2787 3317 facti
2833 3262 3025 3316 iterum
3081 3262 3150 3317 ad
3197 3270 3369 3317 artem

125 3328 268 3427 αὐτῷ.
300 3357 434 3416 Εἶτα
474 3362 663 3433 ἐπειδὴ
707 3328 966 3436 Ἰωάννης
991 3328 1311 3438 παρεδόθη,

1863 3328 1940 3406 am
1967 3353 2242 3408 redierunt
2277 3370 2292 3408 :
2331 3353 2473 3407 unde
2494 3352 2614 3409 illos
2646 3353 2893 3409 Christus
2916 3355 3155 3410 secundo
3192 3362 3367 3408 vocat.

120 3449 447 3524 ἀνεχώρησαν
480 3454 644 3509 πάλιν
674 3456 754 3520 είς
788 3456 888 3529 τὴν
936 3458 1144 3512 οἰκείαν
1193 3459 1412 3530 τέχνην.
1455 3461 1621 3516 Ὅθεν

1866 3443 2042 3498 cnnda
2092 3443 2237 3499 enim
2273 3445 2489 3500 vocatio
2535 3444 2637 3499 ista
2672 3454 2777 3510 est.
2810 3445 2946 3500 Vide
3003 3455 3184 3499 autem
3237 3460 3370 3515 quo-

121 3543 331 3613 Χριστὸς
378 3550 442 3602 ἐκ
483 3549 740 3620 δευτέρου
787 3551 1014 3618 τούτους
1045 3554 1224 3611 καλεῖ.
1277 3556 1516 3626 Δευτέρα
1573 3574 1625 3626 γε

1866 3537 1951 3592 nlo
1976 3535 2052 3591 illi
2079 3539 2246 3606 justis
2276 3537 2552 3594 laboribus
2582 3552 2704 3594 sese
2739 3540 3041 3603 enutriant,
3074 3547 3128 3594 et
3164 3555 3270 3594 non
3304 3554 3370 3594 ex

118 3637 243 3690 ἐςτιν
302 3639 433 3709 αὕτη
463 3643 498 3712 ἠ
545 3641 764 3712 κλῆσις.
805 3644 953 3715 Ὅρα
984 3645 1040 3700 δὲ
1083 3648 1288 3712 αὐτοὺς
1335 3650 1400 3703 ἐκ
1456 3650 1622 3704 δικαίι

1869 3631 2025 3687 ustis.
2061 3630 2220 3689 Tales
2249 3633 2391 3687 enim
2433 3634 2581 3703 digni
2617 3642 2774 3689 erant
2811 3635 2903 3704 qui
2959 3635 3118 3703 primi
3175 3634 3370 3689 tierent

119 3728 280 3783 πὲνων
335 3733 724 3804 τρεφομένους,
765 3735 884 3791 ἀλλ’
925 3737 1026 3791 οὐκ
1077 3738 1140 3803 ἐξ
1164 3737 1369 3793 ἀδίκων
1399 3756 1412 3770 ⁸
1448 3741 1623 3794 τοιοῦτ

1864 3727 2034 3795 ιοῖρυιί
2071 3727 2296 3783 Christi.
2334 3727 2564 3784 Relictis
2602 3729 2767 3800 igitur
2799 3729 2984 3784 statim
3023 3729 3108 3783 his
3161 3744 3283 3799 qua:
3318 3729 3368 3783 in

120 3818 210 3890 γὰρ
245 3824 300 3876 οἱ
347 3823 483 3889 ἄξιοι
541 3825 791 3893 γίνεσθαι
839 3828 1048 3900 πρῶτοι
1108 3831 1349 3902 Χριστοῦ
1419 3833 1624 3904 μαθητο

1868 3821 2040 3876 mibns
2095 3833 2274 3887 erant,
2307 3822 2475 3876 secuti
2525 3833 2652 3878 sunt
2685 3837 2828 3877 eum.
2852 3821 2970 3876 Non
3024 3824 3168 3877 enim
3209 3839 3372 3879 mora:

131 3913 366 3982 'A;évrs;
418 3915 511 3973 οὖν
557 3919 762 3984 εὐθέως
817 3921 886 3976 τὰ
937 3924 994 3976 ἐν
1053 3926 1265 3996 χερσὶν,
1309 3926 1635 3997 ἠκολούθησε

1871 3915 2067 3969 ειειιᾱειι
2123 3926 2271 3975 sunt.
2327 3915 2420 3969 sed
2489 3917 2670 3969 statim
2725 3917 3056 3985 sequendum
3111 3927 3213 3973 est.
3247 3915 3375 3973 Post

120 4007 249 4079 αὐτῷ
291 4026 304 4040 ·
338 4012 396 4064 o6
427 4013 536 4084 γὰρ
580 4013 661 4066 δεῖ
708 4015 1130 4079 ἀναϐάλλεσθαι,
1159 4017 1277 4071 ἀλλ’
1310 4018 1515 4084 εὐθέως
1551 4021 1621 4075 ἀκ

1869 4019 1909 4058 l5
1934 4005 2176 4076 piscatur
2200 4004 2460 4062 Jacobum
2495 4015 2549 4060 et
2588 4008 2876 4072 Joannem,
2905 4007 2996 4078 qui
3033 4019 3085 4063 et
3115 4008 3212 4078 ipsi
3243 4025 3373 4079 pau-

117 4100 332 4156 λουθεῖν.
382 4106 538 4158 Μετά
566 4106 623 4160 δὲ
667 4105 913 4172 τούτους,
961 4107 1053 4162 τὸν
1100 4109 1358 4164 Ἰάκωϐον
1391 4112 1621 4184 σαγηνειὶ

1865 4113 1948 4154 res
1983 4108 2162 4160 erant.
2215 4109 2270 4154 et
2305 4109 2516 4169 patrem
2575 4099 2730 4153 senio
2766 4098 3072 4154 confectum
3131 4100 3369 4156 alebant.

124 4194 205 4243 καὶ
241 4194 323 4246 τὸν
359 4195 630 4267 Ἰωάννην,
671 4197 721 4251 οἳ
765 4199 859 4252 καὶ
898 4199 1054 4253 αὐτοὶ
1085 4201 1318 4274 πένητες
1344 4203 1628 4274 δντες,ὃμο

1869 4205 1958 4245 rro
2001 4189 2340 4260 reliquerunt
2374 4199 2604 4260 patrem,
2644 4206 2752 4246 non
2785 4193 2928 4262 quod
2961 4193 3158 4246 bonum
3190 4194 3261 4247 sit
3284 4208 3371 4247 re-

119 4287 499 4358 ὲγηροτρόφουν
529 4292 624 4344 τὸν
674 4293 908 4364 πατέρα.
961 4293 1209 4364 Ἀφῆκαν
1239 4295 1297 4348 δὲ
1322 4295 1414 4350 τὸν
1444 4301 1619 4366 πατέρ

1869 4296 2038 4351 qnere
2075 4291 2350 4352 parentes,
2396 4282 2490 4338 sed
2530 4283 2656 4355 quia
2710 4283 3097 4354 impedimento
3159 4284 3373 4340 futurus

119 4381 206 4449 οὐχ
253 4381 324 4434 ὅτι
362 4383 526 4436 καλόν
567 4385 715 4437 ἐστιν
738 4384 960 4453 ἀφιέναι
994 4387 1120 4450 τοὺς
1152 4389 1420 4458 πατέρας,
1454 4389 1569 4442 ἀλλ’
1600 4391 1623 4443 ὃ

1869 4381 1914 4428 ιι
1943 4373 2215 4429 secuturis
2243 4373 2548 4429 Christum.
2575 4373 2667 4430 Sic
2705 4385 2759 4430 et
2789 4386 2845 4431 tu
2873 4375 3117 4445 relinque
3173 4392 3373 4446 paren-

119 4473 320 4539 ἔμελλεν
379 4477 575 4539 αὐτοὺς
631 4479 928 4546 ἐμποδίσαι
965 4479 1102 4548 πρὸς
1162 4479 1260 4551 τὴν
1298 4481 1623 4550 ἁκολούθησι

1861 4468 1954 4523 ssi
2007 4471 2072 4522 ad
2125 4469 2382 4538 pietatem
2439 4468 2530 4522 tibi
2597 4467 2927 4532 obstiterint,
2983 4479 3038 4524 et
3119 4469 3172 4524 id
3221 4470 3365 4540 quod

128 4563 296 4628 Οὕτως
323 4565 410 4619 οὖν
451 4568 547 4620 καὶ
579 4569 643 4621 σὺ
670 4569 800 4622 ὃταν
832 4569 1103 4640 ἐμποδίζῃ
1137 4569 1291 4641 παρά
1312 4571 1422 4624 τῶν
1452 4573 1632 4640 γονέωέ

1865 4575 1985 4613 num
2041 4560 2372 4630 amplexare.
2406 4560 2643 4630 Apparet
2686 4559 2849 4630 178
2901 4559 3217 4616 Zebedaeum
3259 4577 3369 4616 non

124 4655 248 4723 ἇεες
273 4659 462 4723 αὐτοὺς
521 4662 614 4712 καὶ
672 4660 992 4732 πρόοδραμε
1042 4664 1120 4732 τῷ
1185 4662 1396 4733 ἀγαθῷ.
1427 4663 1628 4718 Φαίνετι

1865 4655 2110 4718 edidisse,
2139 4661 2316 4707 mater
2357 4661 2534 4706 autem
2595 4651 2966 4722 apostolorum
3018 4652 3268 4718 credidit,
3315 4662 3369 4707 et

121 4753 268 4819 ’ίὰρό
305 4753 583 4817 Ζεϐεδαῖος
614 4755 687 4825 μὴ
718 4756 1011 4810 πιστεῦσαι
1045 4773 1060 4788 ο
1093 4757 1332 4825 ἡμέντοι
1356 4758 1541 4828 μήτηρ
1570 4760 1625 4810 τι]

1860 4757 1963 4803 :uta
1992 4757 2076 4801 est
2130 4744 2396 4809 fortassis,
2455 4755 2668 4802 mortuo
2723 4743 3003 4800 Zebedaeo.
3037 4745 3200 4800 Scias
3237 4745 3364 4800 item

123 4846 431 4908 ἀποστόλων,
465 4847 782 4914 πιστεῦσαι,
809 4848 1212 4919 καὶ-ἠκολούθει
1250 4849 1360 4919 γὰρ
1397 4849 1550 4914 ἴσως,
1582 4867 1627 4902 τι

1859 4844 2022 4896 imum
2086 4840 2266 4895 vocari
2320 4840 2634 4908 practicen,
2692 4839 2814 4893 dein
2869 4840 3363 4908 contemplativam.

122 4934 382 4992 Ζεϐεδαίου
407 4940 793 5004 ἀποθανόντος.
818 4941 958 4994 Ἴσθι
997 4940 1051 4993 δὲ
1082 4941 1174 4994 καὶ
1203 4940 1384 5007 τοῦτο,
1417 4941 1497 4993 ὅτι
1525 4941 1626 5010 πρὸ

1865 4950 1982 4994 trns
2039 4939 2183 4994 enim
2234 4937 2504 5006 practices
2555 4933 2860 5005 symbolum
2906 4943 3028 4986 est:
3068 4928 3368 4984 ferventior

119 5044 208 5082 τιν
224 5032 446 5084 καλεῖται
468 5033 502 5103 ἡ
525 5031 743 5102 πρᾶξις,
775 5028 938 5104 simi)
959 5032 1182 5104 θεωρία.
1209 5031 1276 5088 Οἱ
1311 5033 1410 5102 μὲν
1436 5026 1530 5086 οὖν
1550 5049 1618 5085 πε

1867 5033 1932 5084 im
1966 5039 2086 5084 erat
2141 5030 2371 5098 aliisque
2427 5027 2792 5099 praestantior,
2846 5024 2987 5079 sicut
3029 5032 3084 5076 et
3132 5021 3371 5090 practice

118 5119 205 5170 τὸν
247 5123 456 5194 Πέτρον,
489 5124 590 5194 τῆς
641 5124 958 5196 πρακτικῆς
989 5126 1098 5177 εἰσι
1148 5123 1440 5194 σύμϐολονο
1482 5122 1622 5193 θερμ

1873 5163 1888 5179 .
1924 5125 2161 5180 Joannes
2188 5137 2318 5176 vero
2374 5119 2853 5188 cnntcmplativam
2892 5115 3165 5185 significat
3196 5131 3211 5170 :
3251 5113 3371 5184 plus

119 5225 262 5275 τατος
291 5215 394 5285 γὰρ
433 5211 610 5279 οὗτος,
641 5217 738 5268 καὶ
773 5214 1069 5287 προπηδῶν
1111 5214 1222 5268 τῶν
1270 5213 1468 5276 ἄλλων,
1489 5208 1579 5266 οἷα
1616 5215 1623 5263 i

1493 5208 1579 5266 οἷα
1616 5213 1680 5282 δὴ
1789 5216 1934 5271 enim
1966 5216 2034 5271 de
2069 5216 2229 5272 rebus
2261 5214 2460 5270 divinis
2491 5211 2717 5269 diSSerit
2741 5208 2997 5264 Joannes.

124 5303 258 5374 mli,
293 5309 567 5379 πρακτική
609 5309 782 5367 ἐστιν.
814 5309 889 5362 Οῑι
948 5308 1006 5363 δὲ
1065 5307 1198 5378 περὶ
1223 5305 1315 5360 τὸν
1361 5305 1613 5378 Ἰωάννην
1649 5304 1747 5376 τὴν
1787 5307 2022 5380 θεωρίαν
2093 5307 2560 5380 ὑποσημαίνουσιν
2594 5323 2608 5342 ·
2673 5299 3132 5371 θεολογικώτατος
3186 5303 3294 5374 γὰρ
3345 5302 3377 5356 ὁ

135 5392 383 5470 Ἰωάννης.

197 5511 211 5542 ι
245 5495 348 5548 Καὶ
370 5497 781 5569 εἰσπορεύονται
812 5497 892 5559 εἰς
920 5493 1320 5565 Καπερναοὺμ.
1341 5495 1452 5548 Καὶ
1475 5493 1681 5558 εὐθέως

1865 5494 2023 5550 Vens.
2073 5494 2162 5561 2|,
2198 5495 2290 5553 22.
2353 5513 2372 5546 ι
2417 5492 2481 5548 Ει
2547 5489 2928 5564 ingrediuntur
2982 5487 3323 5558 Capernaum
3356 5523 3369 5546 .

125 5583 224 5645 τοῖς
250 5585 512 5640 Σάϐϐασιν
539 5584 802 5640 εἰσελθὼν
833 5585 913 5649 είς
944 5583 1044 5654 τὴν
1096 5583 1457 5653 Συναγωγὴν,
1499 5583 1629 5638 ἐδίδε

1877 5588 2057 5642 statim
2081 5587 2334 5642 Sabbatis
2363 5587 2642 5659 ingressus
2672 5587 2727 5640 in
2764 5583 3100 5652 Synagogam
3126 5578 3373 5639 docebat.

1058 5723 1149 5784 Ex
1184 5721 1535 5785 collatione
1571 5723 1760 5784 codd.
1801 5725 2030 5787 Venet.
2071 5726 2132 5787 S.
2175 5726 2395 5787 Marci.

187 5853 292 5930 μδ)
327 5853 456 5908 Lod.
521 5856 590 5910 ‘26
625 5854 718 5908 καὶ
754 5852 880 5930 *τὸν-
909 5852 1109 5930 καιρὸν.
1150 5854 1242 5908 τὸν
1302 5854 1664 5928 ἀφορισθέντα

1918 5853 2052 5910 Θεοῦ
2083 5859 2158 5929 τῇ,
2182 5857 2424 5928 πολιτείᾳ
2445 5858 2540 5912 τοῦ
2574 5858 2772 5930 νόμου,
2828 5869 2882 5906 κ.
2915 5867 2965 5904 τ.
2986 5848 3034 5903 λ.
3079 5867 3098 5900 ι
3141 5845 3381 5915 Tempus

131 5933 152 5972 a
190 5923 291 5979 Deo
317 5936 568 5982 statutum
607 5942 702 5996 pro
739 5924 979 5982 dominio
1011 5923 1161 5996 legis.
1188 5943 1206 5976 ο
