3968 6460
462 486 561 552 5ἰ1

1383 484 1963 549 TllEOPHYLACTI
2008 482 2418 544 BULGARH!
2463 484 2822 547 ARCHIEP.

3594 490 3686 555 512

468 609 630 661 esset,
669 608 723 651 et
782 598 1028 666 protinus
1064 596 1379 666 congregati
1432 608 1556 651 sunt
1606 598 1783 662 multi,
1816 600 1951 654 adeo
1975 607 2033 652 ut

2152 612 2243 650 ταν
2278 596 2483 662 πολλοὶ,
2519 596 2658 649 ὥστε
2705 597 2903 667 μηκέτι
2938 600 3135 669 χωρεῖν
3184 598 3317 670 μηδὲ
3347 598 3412 651 τὰ
3441 602 3573 671 πρὸς
3605 606 3692 675 τὴν

461 692 572 761 jam
602 707 706 746 non
725 702 984 761 caperent
1010 704 1124 753 eos,
1159 704 1256 743 nec
1288 689 1375 744 illa
1413 690 1527 744 loca
1558 706 1677 761 qua:
1708 702 1864 745 erant
1886 692 2031 744 circa

459 782 701 851 ianuam,
727 791 780 836 et
815 780 1135 851 loquebatur
1183 782 1263 835 eis
1314 795 1646 836 sermonem.
1696 781 1761 836 Et
1812 782 2035 836 Veniunt

463 875 529 929 ad
561 889 682 929 eum
712 873 947 929 ferentes
976 872 1359 944 paralyticum,
1394 872 1484 940 qui
1514 888 1543 925 a
1573 882 1812 941 quatuor
1850 882 2031 943 porta-

463 965 622 1020 batur
662 973 903 1021 :etcum
950 978 1056 1019 non
1097 965 1783 1033 .possentappropinquare
1819 963 1891 1018 illi
1926 979 2036 1035 ριίιι

469 1060 647 1123 turba,
703 1061 1044 1113 nudaverunt
1080 1066 1282 1112 tectum
1320 1056 1515 1111 aedium
1561 1058 1616 1111 in
1668 1057 1867 1127 quibus
1895 1066 2032 1124 erat,

461 1151 816 1219 perfossaque
843 1158 986 1205 tecto
1012 1148 1229 1205 funibus
1284 1148 1579 1203 demittunt
1625 1150 1944 1220 grabbatum
1979 1150 2034 1205 iu

461 1257 568 1310 qtto
623 1240 951 1310 paralyticos
979 1239 1362 1295 decumbebat.
1405 1239 1539 1296 Cum
1592 1252 1770 1297 autem
1813 1242 2037 1297 vidisset

466 1328 618 1383 ‘esus
647 1329 802 1385 (idem
837 1329 1070 1393 illorum,
1098 1330 1172 1382 ait
1196 1329 1495 1399 paralytico
1530 1348 1545 1385 :
1575 1329 1698 1395 Fili,
1752 1330 2037 1385 remittun-

462 1429 548 1472 tur
584 1417 674 1473 tibi
710 1428 934 1489 pcccata
963 1427 1077 1473 tua.
1119 1437 1138 1471 ι
1175 1414 1307 1473 Illud
1344 1417 1410 1472 δι’
1437 1419 1682 1490 ἡμερῶν,
1714 1418 1767 1487 id
1806 1429 1907 1481 est,
1942 1434 2038 1487 per

463 1513 602 1575 dies,
634 1512 810 1579 posttit
830 1525 947 1580 pro,
975 1510 1264 1579 praeteritis
1288 1510 1491 1579 aliquot
1512 1511 1721 1565 diebus.
1746 1508 2034 1579 Postquam

466 1612 645 1657 autem
683 1603 962 1671 ingressus
990 1612 1156 1666 esset,
1184 1602 1568 1672 audissentque
1610 1603 1752 1671 quod
1791 1602 1842 1655 in
1876 1602 2039 1656 domo

461 1703 629 1756 esset,
661 1703 1071 1753 concurrerunt.
1104 1703 1390 1762 sperantes
1423 1691 1539 1748 fore
1592 1703 1650 1748 ut
1703 1691 1865 1748 facile
1912 1708 2035 1749 cum

466 1803 528 1839 co
550 1796 1025 1841 conversarentur.
1045 1784 1237 1856 Magna
1262 1785 1475 1840 illorum
1502 1786 1653 1851 lldes,
1685 1796 1741 1839 ut
1764 1796 1816 1840 et
1838 1795 2038 1842 tectum

467 1879 761 1947 aperirent,
787 1878 1247 1944 eldemittereut;
1270 1878 1473 1933 idcirco
1495 1888 1550 1932 et
1577 1878 1836 1934 Dominus
1860 1889 2037 1945 Sonat,

2142 686 2337 756 θύραν,
2388 690 2481 741 καὶ
2515 688 2697 743 ἐλάλει
2745 690 2930 753 αὐτοῖς
2957 689 3051 743 τὸν
3096 690 3275 759 λόγον,
3322 691 3417 744 καὶ
3460 692 3692 762 ἔρχονται

2144 778 2279 849 πρὸς
2306 779 2491 842 αὐτὸν,
2544 780 2920 853 παραλυτικὸν
2957 780 3238 853 φέροντες,
3279 783 3563 853 αἰρόμενον
3602 786 3695 839 ὑπὸ

2141 868 2425 939 τεσσάρων
2452 884 2468 899 ο
2509 870 2606 922 καὶ
2633 870 2707 939 μὴ
2742 868 3027 940 δυνάμενοι
3061 872 3420 940 προσεγγίσαι
3452 872 3593 944 αὐτῷ
3610 875 3691 931 διὰ

2139 958 2235 1012 τὸν
2270 959 2451 1029 δχλον,
2493 960 2880 1028 ἀπεστέγασαν
2924 961 3025 1031 τὴν
3073 963 3271 1033 στέγην
3305 963 3440 1016 ὅπου
3474 960 3562 1035 ἦν.
3612 969 3698 1021 καὶ

2141 1046 2519 1119 ἐξορύξαντες,
2556 1050 2764 1120 χαλῶσι
2808 1052 2902 1106 τὸν
2934 1052 3245 1122 κράδσατον
3267 1053 3354 1121 ἐφ’
3385 1047 3430 1122 ᾧ
3470 1058 3500 1109 6
3540 1074 3698 1127 παρα-

2144 1139 2361 1204 λυτικὸς
2413 1141 2720 1197 κατέκειτο.
2772 1141 2915 1196 Ἰδὼν
2955 1143 3012 1196 δὲ
3050 1144 3081 1195 6
3127 1144 3338 1213 Ἰησοῦς
3388 1145 3488 1215 τὴν
3535 1148 3697 1202 πίστει

2153 1230 2356 1296 αὐτῶν,
2383 1230 2532 1299 λέγει
2551 1230 2631 1302 τῷ
2658 1231 3012 1303 παραλυτικῷ
3034 1249 3048 1264 ·
3077 1234 3299 1299 Τέκνον,
3330 1237 3601 1305 ἀφέωνταί
3627 1256 3699 1293 σοι

2142 1323 2200 1377 at
2233 1323 2501 1392 ἁμαρτίαι
2554 1340 2669 1377 σου.
2710 1343 2728 1375 ι
2763 1324 2828 1376 Τί
2864 1326 2983 1377 ἐστι
3029 1325 3110 1392 τὸ,
3159 1326 3226 1378 δι’
3281 1328 3548 1397 ἡμερὼνς
3592 1332 3699 1384 ἀντὶ

2142 1412 2257 1479 τοῦ,
2292 1413 2616 1469 διελθουσῶν
2656 1414 2881 1486 ἡμερῶν
2927 1434 3110 1474 τινων.
3148 1419 3303 1472 Ἐπεὶ
3332 1420 3388 1474 δὲ
3444 1420 3699 1490 εἰσῆλθεν,

2146 1508 2484 1570 ἀκούσαντες
2513 1510 2594 1562 ὃτι
2626 1511 2684 1563 ἑν
2726 1512 2862 1581 οίκῳ
2892 1511 3033 1578 ἐστὶ,
3080 1514 3437 1584 συνέδραμον,
3492 1519 3701 1586 προσδο-

2146 1602 2411 1669 κήσαντες
2456 1602 2587 1671 ῥᾷον
2635 1604 2882 1673 ἐντυχεῖν
2934 1603 3102 1673 αὐτῷ.
3138 1604 3316 1673 Πολλὴ
3373 1606 3435 1659 δὲ
3469 1609 3503 1675 ἡ
3539 1608 3701 1673 πίστις

2144 1689 2255 1743 τῶν
2282 1691 2512 1761 ἀνδρῶν,
2541 1691 2683 1746 ὥστε
2719 1693 2811 1747 καὶ
2850 1693 2949 1765 τὴν
2979 1696 3179 1764 στέγην
3200 1696 3394 1766 ὀρύξαι
3430 1699 3522 1750 καὶ
3549 1700 3701 1768 χειλά-

2148 1799 2257 1843 σαι.
2291 1783 2372 1836 διὸ
2399 1784 2490 1837 καὶ
2536 1786 2564 1837 6
2612 1785 2815 1856 Κύριος
2848 1785 3162 1856 θεραπεύει,
3224 1788 3348 1841 ἰδὼν
3401 1789 3502 1858 τὴν
3538 1791 3701 1844 πίστιν

2149 1872 2330 1926 αὐτῶν
2351 1874 2458 1927 τῶν
2494 1877 2861 1945 κομισάντων,
2889 1877 2921 1947 ἢ
2945 1878 3039 1931 καὶ
3076 1878 3288 1932 ἐκείνου
3310 1880 3406 1933 τοῦ
3425 1882 3704 1951 παραλυτι-

466 1985 653 2025 eorum
686 1972 790 2026 lide
814 1972 927 2025 visa
970 1971 1097 2041 (fide
1119 1972 1364 2041 inquam)
1401 1981 1509 2025 tam
1546 1987 1734 2026 eorum
1764 1973 1854 2041 qui
1888 1972 2034 2026 illum

2152 1962 2268 2016 κοῦ.
2300 1965 2412 2017 Καὶ
2437 1964 2544 2035 γὰρ
2573 1967 2827 2029 κάκεῖνος
2859 1967 2959 2019 οὐκ
3005 1967 3072 2020 ἂν
3102 1968 3323 2033 ἐδέξατο
3370 1971 3625 2042 ἀρθῆναι,
3659 1975 3702 2027 εἰ

467 2071 833 2130 gestaverant,
883 2079 1048 2132 quam
1080 2063 1361 2134 paralytici
1419 2063 1612 2132 ipsius.
1652 2063 1865 2119 Etenim
1924 2066 2038 2133 ipse

467 2167 572 2205 non
609 2153 945 2220 permisisset
966 2168 1029 2207 se
1053 2152 1165 2207 tolli
1201 2152 1303 2206 nisi
1333 2152 1637 2207 sanandum
1681 2169 1741 2209 se
1776 2154 2038 2210 credidis-

465 2253 569 2296 set.
609 2242 762 2313 Swpe
790 2244 932 2298 enim
958 2254 1180 2314 propter
1207 2244 1487 2300 oﬂ’erentis
1535 2245 1694 2300 [idem
1747 2255 1905 2300 sanat
1943 2261 2038 2302 cos

467 2334 557 2400 qui
584 2332 903 2402 atteruntur,
965 2336 1274 2392 incredulos
1325 2356 1340 2393 :
1382 2353 1522 2407 saepe
1549 2339 1712 2393 etiam
1741 2353 1773 2394 ε
1822 2339 2041 2395 diverso

472 2435 690 2494 propter
721 2426 883 2481 ﬁdem
913 2426 1030 2496 ejus
1057 2430 1148 2491 qni
1204 2427 1451 2494 all'ertur.
1504 2431 1720 2487 tametsi
1776 2430 2041 2488 increduli

471 2517 583 2571 sint
611 2518 704 2586 qui
739 2517 991 2579 alteram.
1031 2521 1273 2577 Primum
1325 2534 1506 2578 autem
1551 2535 1770 2591 peccata
1820 2525 2042 2578 dimittit

470 2606 712 2675 inﬁrmo,
746 2612 967 2669 deinde-
996 2615 1241 2668 morbum
1277 2627 1453 2670 sanat.
1497 2616 1625 2668 Nam
1679 2631 1746 2670 ex
1803 2618 2040 2683 peccatis

472 2698 799 2757 dilﬁciliores
834 2705 1003 2760 morbi
1034 2705 1164 2759 oriri
1195 2705 1392 2770 solent,
1427 2706 1568 2760 sicut
1588 2708 1875 2775 quemdam
1901 2705 2040 2775 apud

469 2786 732 2861 Joannem
787 2794 1047 2850 Dominus
1085 2795 1218 2849 dicit
1271 2798 1340 2850 ob
1397 2805 1616 2864 peccata
1666 2795 1719 2849 in
1770 2794 2041 2866 paralysin

471 2881 728 2939 incidisse
750 2883 820 2938 ".
850 2884 965 2940 Non
1005 2895 1089 2940 est
1116 2886 1261 2940 enim
1320 2887 1461 2955 apud
1486 2884 1752 2941 Joannem
1796 2886 1843 2940 is
1885 2886 2042 2955 cujus

472 2988 614 3027 nunc
645 2974 702 3027 ίίι
734 2976 958 3040 mentio,
980 2976 1074 3032 sed
1113 2977 1276 3035 alios.
1311 2974 1445 3030 Nam
1469 2975 1559 3044 qui
1586 2976 1726 3045 apud
1750 2973 2040 3043 Joannem,

471 3078 579 3117 non
637 3064 870 3122 habebat
909 3066 1182 3121 hominem
1232 3085 1246 3121 :
1298 3066 1387 3122 hic
1412 3076 1592 3121 autem
1639 3067 1706 3121 de
1737 3080 1846 3135 quo
1900 3080 2045 3122 nunc

472 3154 727 3225 loquitur,
755 3171 784 3210 a
832 3169 1063 3227 quatuor
1109 3158 1433 3214 ferebatur:
1489 3168 1544 3214 et
1600 3157 1691 3213 ille
1735 3159 1789 3213 in
1837 3159 2041 3229 piscina

2145 2052 2221 2123 μὴ
2248 2054 2570 2106 ἐπίστευσεν
2598 2055 2674 2117 ὼς
2711 2057 3017 2125 ἰαθήσεται.
3054 2059 3323 2123 Πολλάκις
3355 2063 3469 2132 γὰρ
3511 2062 3596 2114 διὰ
3618 2063 3705 2131 τὴν

2141 2147 2236 2201 τοῦ
2269 2148 2672 2219 προσφέροντος
2724 2151 2928 2212 πίστιν.
2971 2153 3116 2205 ἰᾶται
3163 2154 3289 2216 τοὺς
3338 2158 3705 2227 προσφερομέι

2141 2257 2288 2304 νους,
2327 2242 2593 2306 ἀπίστους
2637 2242 2796 2306 ὄντας
2823 2259 2838 2273 ο
2874 2243 3135 2309 πολλάκις
3180 2246 3237 2300 δὲ
3270 2248 3601 2314 τούναντίον,
3626 2251 3704 2303 διὰ

2142 2331 2242 2402 τὴν
2281 2331 2377 2385 τοῦ
2417 2334 2888 2402 προσφερομένου,
2923 2335 3099 2389 καίτοι
3130 2337 3374 2391 ἀπίστων
3414 2339 3585 2393 ὄντων
3606 2340 3702 2393 τῶν

2143 2427 2587 2496 προσφερόντων.
2648 2428 2871 2498 Πρῶτον
2894 2429 2952 2482 δὲ
2977 2428 3075 2492 τὰς
3102 2431 3379 2501 ἁμαρτίας
3414 2434 3602 2502 ἀφίησι
3636 2435 3709 2504 τῷ

2143 2516 2430 2591 ἀρρώστῳ,
2469 2513 2590 2575 εἶτα
2637 2520 2734 2572 καὶ
2785 2519 2885 2590 τὴν
2916 2522 3073 2575 νόσον
3105 2523 3425 2594 θεραπεύει.
3479 2527 3582 2578 Καὶ
3612 2528 3711 2595 γὰρ

2145 2610 2204 2675 ἑξ
2235 2609 2524 2680 ἁμαρτιῶν
2558 2611 2627 2664 τὶ
2694 2610 3055 2685 χαλεπώτερα
3103 2606 3214 2667 τῶν
3263 2616 3704 2687 ἀρρωστημάτων

2144 2700 2223 2764 ὡς
2254 2703 2347 2753 ἐπὶ
2379 2701 2439 2755 τὸ
2474 2704 2725 2757 πλεῖστον
2774 2705 3260 2778 γίνονται,›ὦσπερ
3290 2711 3385 2762 καὶ
3444 2709 3537 2764 τὸν
3574 2710 3707 2781 παρὰ

2142 2791 2222 2863 τῷ
2285 2792 2508 2864 Ἰωάννῃ
2560 2795 2892 2863 παράλυτον,
2948 2798 3010 2863 ἐξ
3060 2799 3347 2869 ἁμαρτιῶν
3419 2803 3706 2873 παρεθῆναί

2145 2900 2311 2953 φησιν
2339 2885 2369 2938 6
2397 2884 2624 2956 Κύριος.
2647 2888 2762 2941 Οὐκ
2782 2888 2897 2943 ἐστι
2913 2890 3020 2962 γὰρ
3043 2886 3164 2954 εἷςό
3188 2894 3341 2964 παρὰ
3357 2893 3439 2964 τῷ
3481 2897 3708 2967 Ἰωάννῃ,

2144 2975 2239 3028 καὶ
2264 2978 2293 3029 6
2329 2975 2426 3029 νῦν
2457 2980 2951 3048 μνημονευόμενος,
2988 2982 3105 3034 ἀλλ’
3148 2984 3332 3052 ἔτερος
3370 2989 3469 3038 καὶ
3513 2988 3703 3059 ’έτ;ρος.

2156 3068 2216 3122 '0
2249 3068 2349 3138 μὲν
2380 3070 2490 3141 γὰρ
2522 3072 2677 3140 παρὰ
2702 3072 2779 3138 τῷ
2828 3072 3071 3146 Ἰωάννῃ,
3100 3074 3200 3128 οὐκ
3231 3070 3376 3146 εἶχεν
3402 3076 3705 3148 ἄνθρωπονι

2144 3160 2174 3213 6
2202 3159 2260 3213 δὲ
2289 3160 2406 3226 νῦν,
2452 3162 2726 3233 τέσσαρας
2756 3162 2869 3235 ἔχει
2905 3180 2918 3196 ⁸
2955 3167 3060 3219 καὶ
3094 3167 3121 3218 6
3163 3166 3285 3235 μὲν,
3322 3168 3383 3219 ὲν
3410 3170 3479 3237 τῇ
3516 3168 3709 3239 προδα-

474 3247 775 3315 probation,
816 3248 906 3303 ltic
925 3259 1106 3304 autem
1158 3267 1303 3306 nunc
1343 3251 1395 3306 itt
1442 3251 1602 3307 domo
1636 3267 1651 3306 :
1694 3260 1748 3305 et
1782 3252 1872 3306 hic
1925 3259 2043 3306 erat

2152 3255 2297 3324 τικῇ,
2329 3255 2357 3307 6
2380 3253 2439 3307 δὲ
2464 3252 2579 3317 νῦν,
2607 3256 2664 3307 ὲν
2686 3256 2836 3325 οἰκίᾳ.
2861 3270 2877 3285 ⁸
2915 3257 3009 3309 καὶ
3036 3257 3065 3308 6
3093 3255 3213 3327 μὲν,
3245 3257 3304 3310 ἐν
3329 3259 3708 3330 Καπερναοϋμ,

473 3336 836 3404 Capernaum,
872 3338 961 3394 ille
986 3354 1115 3395 vero
1141 3339 1548 3412 Hierosolymis,
1573 3351 1629 3396 et
1655 3341 1773 3396 alia:
1795 3340 2041 3411 quadam

2152 3344 2179 3397 6
2233 3343 2312 3420 δὲ,
2369 3347 2428 3398 ὲν
2498 3345 2923 3416 Ἱεροσολύμοις,
2980 3347 3076 3401 καὶ
3136 3347 3300 3413 ἄλλας
3342 3349 3387 3402 δ’
3418 3350 3487 3403 ἂν
3544 3348 3709 3419 εὕροις

473 3426 810 3483 ιΙὶΠειεηιίω.
858 3427 1059 3485 Verum
1115 3432 1257 3488 scias
1287 3448 1452 3487 unum
1485 3447 1610 3488 esse
1633 3442 1690 3488 et
1725 3432 1875 3487 illum
1904 3434 2046 3503 apud

2152 3438 2438 3511 διαφοράς.
2488 3438 2635 3510 Πλὴν
2665 3439 2903 3507 γίνωσκε
2941 3439 3025 3493 ὅτι
3055 3439 3084 3491 6
3118 3441 3270 3510 παρὰ
3305 3439 3384 3510 τῷ
3441 3441 3709 3511 Ματθαίῳ,

478 3516 810 3585 Μσιιιιτευηι,
842 3532 898 3576 ει
945 3522 1089 3576 hunc
1140 3523 1205 3577 de
1235 3537 1342 3592 quo
1364 3538 1507 3578 nunc
1547 3524 1687 3593 apud
1715 3522 1955 3579 Marcum
1990 3524 2046 3577 tit

2152 3530 2247 3584 καὶ
2300 3530 2328 3582 6
2378 3529 2474 3584 νῦν
2532 3528 3010 3601 μνημονευόμενος
3051 3530 3205 3602 παρὰ
3231 3530 3310 3600 τῷ
3361 3532 3597 3603 Μάρκῳ,
3640 3524 3711 3594 εἷς

480 3608 701 3661 mentio.

2152 3621 2318 3677 ἔστιν.

551 3699 711 3756 Vsus.
749 3701 896 3757 5-12.
939 3720 959 3754 ι
995 3701 1163 3758 Erant
1195 3716 1374 3759 autem
1414 3704 1523 3759 illic
1551 3705 1770 3775 quidant
1808 3706 1873 3761 de
1897 3704 2046 3761 Scri-

2228 3734 2246 3764 ι
2283 3706 2463 3766 Ἦσαν
2485 3711 2544 3765 δέ
2569 3729 2716 3777 τινες
2732 3713 2842 3767 τῶν
2862 3709 3244 3786 Γραμματέων
3272 3717 3389 3769 εκεῖ
3407 3716 3710 3787 καθήμενοι,

482 3790 565 3847 his
611 3796 862 3849 sedentes
891 3805 945 3849 et
986 3798 1285 3867 cogitantes
1332 3798 1383 3851 in
1427 3798 1681 3853 cordibus
1723 3800 1855 3864 suis,
1908 3798 2046 3866 Quid

2153 3802 2247 3856 καὶ
2274 3802 2705 3872 διαλογιζόμενοι
2733 3806 2791 3858 ὲν
2814 3808 2936 3869 ταῖς
2957 3806 3205 3877 καρδίαις
3231 3807 3412 3860 αὐτῶν
3437 3826 3453 3840 ο
3483 3807 3548 3861 Τί
3573 3803 3711 3869 οὗτος
3790 3853 3795 3856 .

480 3884 566 3940 hic
590 3886 668 3941 sic
698 3887 934 3959 loquitur
971 3891 1379 3961 bL-tsphcmias?
1406 3892 1540 3960 Quis
1567 3906 1742 3964 potem
1774 3895 2051 3952 remittere

479 3990 722 4048 peccata,
753 3982 855 4036 nisi
889 3984 1039 4039 solus
1072 3983 1255 4041 Dens?
1288 3985 1351 4039 Et
1386 3987 1633 4056 protinus
1666 3987 1756 4042 ubi
1797 3988 2053 4059 cognovit

474 4071 633 4128 .lcsus
676 4076 867 4144 spiritu
918 4092 1016 4130 suo
1056 4079 1197 4147 quod
1243 4080 1322 4134 sic
1364 4080 1670 4149 cogitarent.
1720 4080 1863 4136 intra
1909 4098 2049 4148 sese,

479 4165 616 4219 dixit
644 4167 749 4222 illis
785 4184 799 4221 :
839 4167 979 4235 Quid
1014 4170 1114 4224 ista
1149 4172 1401 4240 cogitatis
1445 4172 1497 4225 in
1534 4174 1789 4229 cordibus
1816 4174 2054 4229 vestris?

482 4257 619 4321 Quid
667 4267 750 4312 est
795 4258 1006 4313 facilius
1043 4261 1221 4316 dzcere
1277 4263 1575 4334 paralytico
1620 4282 1637 4319 :
1675 4263 2048 4321 Remittuntur

484 4349 580 4403 tibi
611 4358 853 4415 peccata,
880 4365 947 4403 an
984 4350 1164 4405 dicere
1200 4370 1212 4405 :
1251 4353 1446 4424 Surge.
1481 4365 1535 4408 et
1570 4355 1697 4409 tolle
1729 4355 2051 4425 grabbatum

483 4451 632 4494 tuum
676 4450 730 4495 et
770 4442 1025 4496 ambula?
1056 4441 1119 4496 Ut
1154 4453 1332 4497 autem
1371 4445 1559 4500 sciatis
1591 4450 1731 4514 quod
1759 4447 1923 4502 Filius
1960 4450 2055 4502 ho-

482 4528 641 4582 minis
666 4528 827 4582 habet
850 4538 1170 4598 potestatem
1212 4532 1264 4586 in
1293 4543 1435 4587 terra
1471 4535 1781 4590 remittendi
1805 4547 2050 4606 peccata,

2150 3893 2297 3947 οὕτω
2325 3894 2481 3958 λαλεῖ,
2496 3895 2878 3965 βλασφημίας;
2912 3896 3008 3961 Τίς
3035 3896 3256 3951 δύναται
3287 3899 3505 3968 ἀφιέναι
3547 3900 3712 3967 ἁμαρ-

2150 3987 2291 4053 τίας,
2319 3986 2368 4038 εί
2389 3989 2463 4056 μὴ
2479 3979 2560 4051 εἷς
2590 3988 2617 4041 ό
2644 3986 2778 4051 Θεός
2797 4003 2811 4052 ;
2832 3987 2943 4040 Καὶ
2963 3987 3168 4051 εὐθέως
3198 3989 3455 4057 ἐπιγνοὺς
3473 3991 3502 4042 6
3524 3988 3714 4060 Ἰησοῦς

2153 4078 2230 4150 τῷ
2271 4077 2546 4150 πνεύματι
2570 4078 2756 4144 αὐτοῦ,
2792 4081 2873 4134 ὅτι
2916 4079 3087 4143 οὕτως
3132 4081 3287 4135 αὐτοὶ
3336 4081 3711 4150 διαλογίζονται

2155 4172 2212 4224 ὲν
2242 4171 2476 4235 ἑαυτοῖς,
2504 4167 2658 4224 εἶπεν
2689 4171 2879 4235 αὐτοῖς
2903 4187 2917 4201 ο
2954 4169 3019 4223 Τί
3046 4170 3221 4224 ταῦτα
3261 4171 3626 4241 διαλογίζεσθε
3663 4173 3714 4223 ὲν

2153 4264 2275 4325 ταῖς
2306 4262 2559 4333 καρδίαις
2592 4261 2783 4331 ὐμῶνς
2816 4263 2882 4315 Τί
2928 4264 3075 4316 ἐστιν
3104 4262 3505 4335 εὐκοπώτερον,
3554 4263 3714 4315 εἰπεῖν

2153 4353 2233 4422 τῷ
2258 4353 2635 4424 παραλυτικῷ,
2655 4353 2955 4424 Ἀφέωνταί
2976 4371 3056 4408 σοι
3073 4357 3127 4407 αἰ
3156 4356 3441 4425 ἁμαρτίαι,
3477 4355 3509 4424 ll,
3536 4357 3711 4406 εἰπεῖν·

2158 4445 2434 4516 Ἕγειραι,
2453 4447 2548 4498 καὶ
2562 4441 2694 4516 ἆρόν
2722 4461 2815 4499 σου
2836 4447 2928 4498 τὸν
2950 4444 3279 4517 κράϐὃατον,
3296 4446 3389 4499 καὶ
3405 4462 3473 4497 πε
3482 4445 3711 4516 ριπάτεις

2164 4535 2285 4589 ἰνα
2306 4535 2362 4589 δὲ
2393 4535 2570 4604 εἰδῆτε
2600 4534 2685 4587 ὅτι
2707 4533 2957 4600 ἐξουσίαν
2990 4533 3103 4603 ἔχει
3131 4535 3159 4587 6
3183 4533 3306 4595 Υἰὺς
3328 4532 3422 4587 τοῦ
3444 4532 3713 4602 ἀνθρώπου

480 4621 556 4675 ait
591 4620 887 4692 paralytico
921 4639 935 4677 :
970 4622 1088 4676 Tibi
1126 4626 1279 4689 dico,
1315 4626 1508 4695 Surge,
1538 4643 1601 4682 ac
1645 4627 1771 4684 tolle
1812 4629 2044 4697 grabba-

2160 4626 2254 4679 ἐπὶ
2273 4625 2371 4696 τῆς
2395 4626 2497 4695 γῆς
2523 4624 2745 4693 ἀφιέναι
2771 4624 3070 4694 ἁμαρτίας,
3094 4623 3337 4693 λέγειτῷ
3354 4620 3713 4694 παραλυτικῷ·

480 4724 596 4768 tum
634 4723 806 4778 tuum,
838 4722 892 4768 et
922 4716 1010 4770 abi
1058 4716 1112 4771 itt
1150 4718 1370 4771 domum
1410 4730 1578 4773 tuam.
1606 4718 1674 4773 Et
1714 4721 1898 4776 statim
1937 4735 2057 4775 sur-

486 4805 647 4869 rexit,
673 4804 999 4875 sublatoque
1024 4809 1286 4878 grabbato
1309 4823 1561 4880 egressus
1584 4823 1669 4867 est
1696 4813 1747 4865 itt
1769 4823 2056 4881 conspectu

482 4900 750 4966 ontnimu,
784 4901 920 4955 adco
954 4911 1012 4955 ut
1040 4912 1413 4972 slupescerent
1442 4920 1653 4966 omnes,
1694 4915 1749 4959 et
1789 4904 2061 4973 gloriﬁca-

484 5006 605 5049 rent
637 4994 831 5061 Deum,
850 4997 1094 5052 dicentes
1122 5016 1136 5051 ι
1165 4997 1448 5067 Nunquam
1476 5000 1557 5054 sic
1583 4999 1832 5053 vidimus.
1865 5017 1883 5051 ι
1914 4997 2062 5053 Pha-

482 5085 624 5140 riszei
664 5086 881 5155 quidem
914 5087 1216 5159 arguebant
1246 5087 1528 5142 Dominum
1563 5099 1624 5143 ut
1653 5088 2062 5158 1blasphemum,

483 5178 623 5244 quod
672 5180 974 5234 remitteret
1010 5191 1254 5251 peccata.
1277 5179 1488 5236 'Solius
1537 5182 1681 5234 enim
1712 5179 1806 5236 Dei
1842 5190 1925 5235 est
1972 5195 2059 5235 re-

494 5270 709 5325 mittere
737 5280 980 5339 peccata.
1012 5272 1272 5328 Dominus
1312 5283 1495 5328 autem
1525 5282 1580 5327 et
1613 5272 1757 5327 aliud
1789 5273 1936 5327 dedit
1974 5273 2059 5328 in-

485 5362 684 5416 dicium
712 5359 878 5416 Demn
913 5376 975 5417 se
1017 5378 1140 5416 esse
1165 5376 1386 5425 verum,
1420 5378 1617 5434 nempe
1658 5378 1719 5418 se
1749 5366 1912 5419 corda
1942 5364 2063 5418 illo-

487 5470 604 5509 rum
642 5467 995 5525 cognoscere.
1020 5454 1152 5510 Nam
1179 5465 1233 5510 ει
1258 5456 1421 5511 corda
1445 5456 1686 5510 onmium
1715 5470 2060 5526 cognoscere,

485 5548 655 5603 solius
703 5546 797 5604 Dei
834 5558 956 5613 est,
987 5549 1130 5604 sicut
1167 5550 1328 5621 182
1373 5557 1428 5605 et
1459 5548 1723 5619 propheta
1758 5548 1889 5604 dicit
1928 5564 1942 5602 :
1985 5547 2063 5603 To

488 5641 627 5696 nosti
654 5640 816 5695 corda
836 5640 1013 5697 solus.
1040 5640 1117 5696 llli
1143 5651 1323 5695 tamen
1348 5639 1604 5696 revelatis
1628 5640 1793 5695 etiam
1819 5639 2063 5695 cordium

488 5745 711 5788 suorum
748 5733 1175 5805 cogitationibus
1206 5743 1526 5807 permanent
1556 5732 1819 5789 insensati
1855 5746 1919 5786 ac
1950 5742 2065 5787 stu-

563 5909 608 5938 “
637 5906 794 5964 Junii.
825 5926 873 5974 ν,
909 5911 1022 5967 5·8.

2163 4719 2258 4773 Σοὶ
2286 4718 2450 4785 λέγω,
2479 4718 2713 4788 ἐγειραι.
2750 4717 2844 4769 καὶ
2866 4712 2999 4784 ἆρον
3027 4717 3119 4770 τὸν
3146 4717 3457 4789 κράὸσατόν
3492 4733 3603 4779 σου,
3633 4714 3715 4766 καὶ

2165 4809 2347 4879 ὕπαγε
2378 4811 2459 4872 εἰς
2510 4809 2604 4862 τὸν
2636 4804 2783 4861 οἶκόν
2833 4825 2950 4862 σου.
2983 4808 3094 4861 Καὶ
3122 4807 3334 4879 ἠγέρθη
3382 4807 3602 4868 εὐθέως.
3635 4804 3717 4856 καὶ

2167 4903 2304 4973 ἄρας
2327 4902 2421 4955 τὸν
2453 4900 2787 4973 κράεϐατον,
2819 4900 3043 4968 ἐξῆλθεν
3066 4899 3307 4954 ἐναντίον
3338 4900 3571 4964 πάντων,
3591 4896 3716 4949 ὥστε

2163 4995 2478 5062 ἐξίστασθαι
2518 4994 2747 5058 πάντας,
2767 4993 3132 5061 καιδοξάζειν
3153 4992 3243 5046 τὸν
3274 4992 3428 5055 Θεὸν,
3452 4989 3706 5058 λέγοντας,

2164 5090 2247 5143 ὅτι
2280 5088 2548 5143 Οὐδέποτε
2590 5085 2762 5149 οὕτως
2809 5086 3011 5157 ίδομεν.
3052 5103 3072 5138 ι
3121 5086 3182 5138 Ol
3214 5084 3315 5154 μὲν
3352 5083 3626 5154 Φαρισαῖοι
3652 5077 3718 5139 ὡς

2170 5179 2492 5251 βλάσφημον
2525 5176 2804 5231 διέϐαλλον
2820 5177 2912 5231 τὸν
2925 5175 3152 5247 Κύριον,
3171 5178 3255 5229 ὃτι
3271 5174 3419 5245 ἠφίει
3436 5170 3715 5243 ἁμαρτίας⁹

2172 5272 2337 5344 μόνου
2364 5272 2476 5344 γὰρ
2506 5271 2642 5326 Θεοῦ
2674 5271 2735 5324 τὸ
2778 5271 2999 5340 ἀφιέναι
3028 5267 3300 5341 ἁμαρτίας
3336 5283 3351 5299 ο
3382 5267 3411 5320 6
3442 5265 3498 5320 δὲ
3531 5262 3719 5331 Κύριος

2170 5367 2265 5419 καὶ
2299 5365 2428 5419 ἄλλο
2473 5365 2775 5434 τεκμήριον
2813 5362 2997 5418 δίδωσι
3023 5360 3120 5415 τοῦ
3165 5359 3307 5415 εἶναι
3338 5358 3488 5424 Θεὸς,
3536 5355 3593 5408 τὸ
3630 5352 3718 5414 τὰς

2172 5458 2398 5524 καρδίας
2426 5457 2605 5511 αὐτῶν
2627 5456 2917 5525 γινώσκειν
2949 5472 2963 5486 ·
2993 5454 3127 5519 Θεὸς
3155 5455 3264 5525 γὰρ
3318 5451 3476 5523 μόνος
3517 5444 3622 5502 οἶδε
3658 5444 3719 5497 τὰ

2175 5548 2441 5621 ὲγκάρδια
2495 5547 2751 5614 ἑκάστου,
2785 5547 2861 5612 ὡς
2896 5547 2992 5601 καὶ
3034 5548 3063 5600 ό
3104 5544 3392 5616 προφήτης
3419 5542 3601 5610 λέγει’
3653 5535 3715 5589 Σὺ

2176 5638 2475 5692 ἐπίστασαι
2504 5638 2733 5711 καρδίας
2783 5635 3112 5709 μονώτατος.
3161 5634 3303 5689 Ἀλλ’
3336 5635 3528 5688 ἐκεῖνοι
3559 5626 3717 5683 καίτοι

2177 5729 2665 5800 ἀνακαλυφθέντων
2696 5729 2803 5784 τῶν
2834 5730 2892 5783 ὲν
2934 5729 3053 5792 ταῖς
3085 5726 3333 5800 καρδίαις
3355 5723 3548 5787 αὐτῶν,
3582 5721 3716 5790 ὅμως
