3968 6460
245 431 341 494 ίιίὲ

918 432 1361 493 ENARRATlO
1405 435 1487 496 IN
1532 378 2030 499 EVANGEllUM
2070 434 2330 498 MARCI.
2366 461 2434 472 -··
2472 437 2629 499 CAP.
2673 440 2757 501 Π.

3379 449 3484 513 514

240 540 545 612 ἀναίσθητοι
632 540 891 611 μένουσι,
965 543 1039 614 μὴ
1107 545 1525 614 συγχωροῦντες
1585 548 1648 602 τὸ
1717 549 1810 602 καὶ

1919 546 2053 617 pidi,
2101 561 2210 600 non
2253 546 2613 603 concedentes
2655 566 2812 620 posse
2858 553 3130 609 remittere
3167 567 3385 625 peccata
3418 559 3486 611 il-

242 638 614 707 ἁμαρτήματα
659 636 923 692 δύνασθαι
955 638 1283 710 θεραπεύειν
1320 642 1402 712 τῷ
1458 644 1558 708 τὰς
1585 646 1813 718 καρδίας

238 724 414 780 αὐτῶν
448 725 636 781 εἰδότι.
667 727 958 782 Πιστοῦται
992 730 1174 800 μέντοι
1200 733 1296 785 καὶ
1325 733 1582 804 βεϐαιοῖό
1609 734 1816 807 Κύριος

235 817 315 870 διὰ
352 817 446 872 τοῦ
500 817 562 871 τδ
616 818 777 889 σῶμα
836 818 1204 891 θεραπεῦσαι,
1255 823 1316 876 τὸ
1348 824 1444 877 καὶ
1487 825 1589 896 τὴν
1632 825 1814 900 ψυχὴν

237 908 396 962 αὐτοῦ
438 910 717 977 ὶάσασθαι,
758 909 845 964 διὰ
887 911 982 965 τοῦ
1033 913 1311 985 ἐμφανοῦς
1355 915 1417 968 τὸ
1474 916 1680 986 ἀφανὲς
1725 917 1814 988 βε-

235 1001 491 1066 ϐαιώσας,
525 1003 619 1055 καὶ
669 1003 757 1056 διὰ
793 1001 885 1056 τοῦ
923 1004 1317 1077 εὐχερεστέρου
1362 1005 1425 1058 τὸ
1453 1005 1813 1077 δυσχερέστε-

238 1111 346 1163 ρον,
373 1093 479 1147 κᾶν
503 1094 728 1159 ἐκείνοις
753 1096 854 1166 οὐχ
878 1096 1050 1160 οῦτως
1078 1098 1275 1152 ἐδόκει.
1302 1100 1365 1152 Ol
1388 1099 1499 1169 γὰρ
1528 1101 1812 1169 Φαρισαῖοι

237 1186 658 1257 δυσχερέστερον
690 1185 862 1257 ᾤοντο
889 1187 950 1241 τὸ
983 1187 1144 1260 σῶμα
1175 1190 1543 1260 θεραπεῦσαι,
1581 1189 1656 1252 ὡς
1683 1208 1812 1258 φαι-

233 1280 452 1350 νόμενον
489 1297 505 1310 ·
545 1280 606 1334 τὸ
647 1281 704 1335 δέ
759 1281 859 1352 τὴν
902 1280 1083 1354 ψυχὴν
1144 1282 1320 1335 εἰπεῖν
1378 1281 1810 1355 θεραπευθῆναι,

234 1372 467 1440 εὐχερὲς,
516 1372 651 1425 διότι
699 1373 916 1443 ἀφανὴς
965 1368 1033 1441 ἦν
1091 1373 1125 1443 ἡ
1161 1371 1453 1444 θεραπεία.
1499 1373 1664 1427 Ὥστε
1717 1372 1813 1425 καὶ

232 1462 451 1517 τοιαῦτα
487 1461 555 1516 ἂν
582 1463 711 1527 ίσως
739 1464 1100 1533 διελογίζοντο
1124 1482 1139 1497 ·
1172 1465 1304 1520 Ἰδοὺ
1329 1468 1357 1520 ό
1378 1465 1599 1531 πλάνος,
1631 1465 1809 1534 ἀφῆκε

236 1559 291 1609 τὸ
317 1556 661 1628 θεραπεῦσαι
691 1557 753 1610 τὸ
785 1558 971 1628 σῶμα,
998 1559 1060 1612 τὸ
1099 1560 1357 1631 φανερὸν,
1387 1559 1482 1613 καί
1514 1557 1811 1629 θεραπεύει

231 1647 323 1718 τὴν
354 1647 542 1718 ἀφανῆ
574 1646 777 1719 ψυχὴν,
805 1648 980 1718 λέγων
1005 1665 1019 1679 ’
1053 1667 1071 1701 ι
1111 1649 1415 1718 Ἀφέωνταί
1440 1667 1520 1703 σοι
1550 1653 1604 1703 αἱ
1625 1651 1809 1720 ἁμαρ-

234 1740 360 1793 τίαι.
401 1758 420 1789 ι
456 1738 690 1803 Πάντως
715 1741 826 1810 γὰρ
859 1741 908 1793 εί
941 1739 1195 1810 ἠδύνατο,
1224 1742 1285 1795 τὸ
1329 1742 1491 1812 σῶμα
1530 1741 1595 1796 ἂν
1620 1741 1811 1812 ἐθερά-

231 1849 411 1894 πευσε,
445 1833 548 1885 καὶ
596 1834 658 1885 οὐ
702 1833 1015 1902 κατέφυγεν
1058 1836 1138 1897 είς
1196 1834 1256 1888 τὸ
1303 1835 1529 1904 ἀφανές.
1573 1834 1632 1888 '0
1677 1832 1810 1904 γοῦν

230 1923 409 1994 Σωτὴρ
434 1923 709 1977 δεικνύων
744 1894 1037 1989 αὐτοῖς’ὄτι
1068 1894 1618 1997 ἀμφότερα-δύναται,
1649 1894 1805 1998 φησί’
1835 1894 1884 1953 Β

230 2017 287 2068 Τί
320 2018 468 2070 ἐστιν
504 2017 913 2088 εὐκοπώτερον,
944 2017 1008 2087 τὸ
1048 2017 1387 2089 θεραπεῦσαι
1421 2017 1605 2089 σῶμα,
1640 2018 1673 2089 ἢ
1701 2017 1804 2088 ψυ-

230 2111 322 2179 χήν
348 2127 363 2175 ;
400 2109 636 2172 Πάντως
671 2109 732 2163 τὸ
759 2109 1099 2181 θεραπεῦσαι
1131 2109 1311 2180 σῶμα,
1351 2109 1466 2164 ἀλλ’
1498 2110 1628 2180 ὑμῖν
1662 2110 1814 2165 δοκεῖ

229 2202 557 2256 τοὶναντίον.
598 2200 740 2271 Ἐγὼ
772 2202 953 2255 τοίνυν
997 2201 1087 2255 διὰ
1121 2200 1215 2255 τοῦ
1260 2201 1320 2255 τὸ
1353 2201 1513 2273 σῶμα
1543 2201 1812 2273 θεραπεῦ-

235 2309 339 2358 σαι,
371 2294 517 2363 ὅπερ
545 2296 613 2363 τῇ
643 2293 743 2364 μὲν
776 2292 1007 2366 ἀληθείᾳ
1026 2293 1271 2366 εὐχερὲς,
1293 2292 1556 2364 δυσχερὲς
1582 2293 1640 2347 δὲ
1664 2294 1813 2348 δοκεῖ

234 2385 372 2455 ὑμῖν,
420 2384 775 2455 πιστώσομαι
826 2386 919 2439 καὶ
969 2385 1069 2456 τὴν
1119 2385 1218 2454 τῆς
1263 2384 1442 2456 ψυχῆς
1488 2385 1807 2457 θεραπείαν,

235 2480 346 2549 ἥτις
374 2479 650 2550 δυσχερὴς
694 2479 814 2549 μὲν,
839 2477 928 2532 διὰ
951 2478 1007 2532 δὲ
1039 2479 1099 2531 τὸ
1134 2479 1346 2547 ἀφανὴς
1381 2476 1521 2531 εἶναι
1583 2480 1678 2531 καὶ
1718 2480 1813 2533 ἁν-

242 2570 511 2637 έλεγκτος,
541 2570 691 2623 δοκεί
710 2571 960 2642 εὐχερής.
980 2570 1113 2623 Τότε
1129 2567 1260 2634 γοῦν
1282 2568 1429 2637 λέγει
1458 2569 1536 2641 τῷ
1558 2568 1808 2640 παραλυ-

234 2660 387 2730 τικῷ·
439 2663 701 2733 Ἔγειραι
750 2663 845 2716 καὶ
884 2657 1019 2733 ἆρον
1052 2661 1143 2714 τὸν
1196 2660 1508 2733 κράὸὁατόν
1561 2677 1677 2728 σου,
1726 2663 1809 2725 είς

236 2754 486 2808 πίστωσιν
519 2755 747 2808 πλείονα
774 2753 871 2808 τοῦ
903 2754 1202 2823 θαύματος,
1234 2755 1317 2807 ὅτι
1337 2754 1398 2807 οὐ
1429 2752 1572 2806 κατὰ
1601 2770 1811 2822 φαντα-

239 2844 348 2898 σίαν
371 2848 486 2900 ἐστί
516 2863 536 2880 ο
573 2848 668 2901 καὶ
710 2847 827 2917 άμα
855 2847 944 2902 ἵνα
980 2846 1132 2923 δείξῃ
1174 2848 1256 2901 ὅτι
1302 2846 1363 2901 οὐ
1392 2847 1555 2919 μόνον
1594 2848 1805 2911 ἰάσατο,

236 2938 357 2991 ἀλλὰ
405 2941 504 2994 καὶ
541 2927 776 3010 δύναμιν
817 2939 1097 3011 ἐνέθηκεν.
1160 2939 1348 3004 Οὕτως
1393 2935 1487 2994 οῦν
1520 2942 1666 2993 ποιεῖ
1715 2940 1812 2997 καὶ

238 3030 321 3084 ἐπὶ
361 3032 466 3084 τῶν
500 3029 756 3102 ψυχικῶν
805 3031 1261 3102 ἀρρωστημάτων
1290 3046 1302 3060 ’
1339 3031 1401 3084 οὐ
1438 3032 1597 3103 μόνον
1630 3032 1810 3086 ἀπαλ-

236 3121 405 3176 λάττει
438 3123 596 3193 ἡμᾶς
625 3122 734 3175 τῶν
774 3105 1086 3193 ἁμαρτιῶν,
1111 3122 1250 3177 ἀλλὰ
1286 3123 1380 3176 καὶ⁸
1405 3122 1632 3195 δύναμιν
1666 3123 1811 3178 ἐντί-

1915 634 2024 689 lum
2059 634 2154 704 qui
2178 635 2341 691 corda
2373 637 2611 706 ipsorum
2643 650 2816 694 norat.
2849 639 3033 698 Fidem
3080 644 3244 715 igitur
3267 643 3398 700 facit
3422 662 3488 703 ac

1913 728 2141 794 stabilit,
2188 744 2386 799 corpus
2432 734 2694 796 sanando,
2744 749 2902 803 posse
2936 751 2997 792 se
3035 737 3198 792 etiam
3243 740 3484 794 animam

1913 833 2147 875 sanare:
2183 831 2347 890 atque
2385 822 2520 877 adeo
2572 838 2669 893 per
2714 825 3081 892 manifestum,
3133 830 3183 884 id
3217 838 3360 901 quod
3393 836 3490 888 ob-

1914 925 2129 965 scurum
2177 921 2315 978 eral,
2360 913 2667 977 confirmat,
2713 926 2769 970 et
2811 930 2908 985 per
2953 918 3112 974 facile
3157 920 3426 977 difficilius
3473 942 3487 977 :

1917 1004 2133 1057 tametsi
2165 1018 2269 1059 non
2306 1004 2379 1059 ita
2419 1003 2697 1060 videretur
2730 1006 2852 1063 illis.
2883 1007 3140 1067 Pharisaei
3179 1015 3323 1068 enim
3356 1016 3492 1070 diffi-

1913 1093 2070 1150 cilius
2118 1096 2375 1166 putabant
2425 1112 2622 1167 corpus
2667 1101 2872 1164 sanari,
2904 1102 2957 1155 ld
2995 1106 3138 1172 quod
3183 1107 3433 1163 videbant
3466 1094 3487 1160 ἰ

1914 1185 2128 1242 facilius
2167 1203 2294 1243 vero
2336 1190 2598 1254 animam,
2632 1205 2697 1245 eo
2727 1193 2867 1258 quod
2897 1193 3109 1249 occulta
3148 1206 3296 1253 esset
3332 1214 3464 1255 sana

1914 1278 2009 1332 tio.
2040 1280 2218 1347 Atque
2244 1277 2497 1335 fortassis
2540 1281 2666 1335 talia
2699 1283 3017 1351 cogitabant
3050 1302 3063 1338 :
3095 1282 3236 1341 Ecce
3269 1288 3355 1342 hic
3389 1289 3491 1342 im-

1913 1377 2098 1438 postor
2115 1377 2172 1422 ut
2197 1369 2391 1425 evadat
2422 1385 2490 1426 ne
2518 1380 2672 1429 curet
2694 1388 2890 1444 corpus
2917 1375 3059 1443 quod
3091 1377 3142 1431 in
3179 1377 3488 1443 manifesto,

1911 1462 2161 1529 praetexit
2183 1459 2323 1530 quod
2350 1472 2499 1517 curet
2521 1466 2755 1517 animum
2776 1480 2896 1534 qua:
2923 1468 2975 1521 in
3003 1469 3235 1531 occulto,
3257 1471 3443 1525 dicens
3474 1489 3489 1526 :

1917 1568 1935 1601 ι
1975 1550 2345 1608 fletnittuntur
2376 1553 2472 1608 tibi
2508 1564 2754 1623 peccata.
2793 1573 2811 1608 ι
2849 1554 3083 1611 Omnino
3109 1560 3252 1612 enim
3288 1560 3335 1614 si
3371 1576 3494 1631 pos-

1911 1653 1993 1698 set
2014 1661 2208 1700 sanare
2233 1662 2452 1717 corpus,
2490 1664 2595 1703 non
2620 1648 2938 1719 c0ufugeret
2967 1651 3034 1705 ad
3084 1652 3137 1708 id
3168 1658 3309 1723 quod
3341 1655 3493 1725 igno-

1912 1753 2115 1793 ramus.
2167 1736 2433 1806 Quocirca
2481 1739 2730 1796 Salvator
2770 1741 3062 1796 ostendens
3103 1758 3162 1797 se
3203 1754 3494 1816 utrumque

1911 1842 2093 1897 posse,
2142 1830 2279 1898 Quid
2313 1840 2395 1886 est
2434 1832 2679 1898 facilius,
2723 1833 2919 1902 inquit,
2953 1849 3147 1889 sanare
3174 1850 3388 1907 corpus,
3423 1853 3490 1891 an

1914 1921 2151 1976 animam
2176 1923 2200 1977 ?
2223 1922 2458 1979 Omnino
2480 1938 2674 1980 curare
2700 1939 2898 1995 corpus
2926 1944 2941 1993 ;
2975 1927 3067 1981 sed
3099 1927 3249 1984 vobis
3278 1929 3497 1984 videtur

1910 2014 2273 2071 contrarium.
2324 2013 2438 2087 Ego
2490 2015 2653 2085 igitur
2703 2019 2946 2071 curando
2999 2032 3215 2088 corpus,
3264 2018 3316 2072 id
3350 2022 3490 2089 quod

1911 2120 2099 2160 revera
2132 2105 2292 2162 facile
2322 2116 2427 2173 est,
2463 2106 2681 2163 difficile
2708 2116 2887 2161 autem
2922 2108 3076 2163 vobis
3103 2108 3341 2171 videtur,
3373 2124 3494 2164 cre-

1910 2198 2134 2255 dibilem
2168 2199 2331 2253 etiam
2376 2198 2574 2254 faciam
2610 2200 2807 2254 animae
2851 2199 3215 2267 curationem,
3260 2200 3312 2255 id
3349 2202 3491 2271 quod

1909 2306 2096 2346 revera
2126 2289 2361 2356 difficile,
2402 2292 2495 2345 sed
2541 2292 2666 2362 quia
2721 2291 2773 2346 in
2809 2292 3024 2347 occulto
3078 2292 3170 2358 sit,
3201 2302 3255 2347 et
3303 2292 3497 2362 depre-

1911 2383 2073 2438 hendi
2112 2384 2318 2453 nequit,
2356 2383 2572 2437 videtur
2619 2383 2795 2438 facile.
2832 2382 2985 2438 Tune
3020 2384 3186 2453 igitur
3228 2383 3360 2438 dicit
3395 2400 3490 2453 pa-

1910 2476 2139 2545 ralytico
2173 2493 2187 2529 :
2228 2475 2428 2544 Surge,
2458 2484 2511 2528 et
2546 2474 2672 2529 tolle
2701 2475 3024 2544 grabbatutn
3065 2470 3237 2540 tuum,
3276 2474 3343 2528 ad
3379 2491 3492 2527 rna-

1903 2565 2078 2635 jorcm
2098 2564 2343 2621 miraculi
2362 2566 2853 2628 confirmationem,
2874 2566 3017 2636 quod
3042 2581 3148 2621 non
3168 2573 3495 2635 apparenter

1911 2675 2135 2722 sanatus
2179 2666 2252 2721 sit
2294 2707 2310 2733 ,
2360 2674 2416 2721 et
2462 2666 2528 2720 ad
2560 2664 2949 2720 declarandum
2991 2664 3132 2734 quod
3171 2679 3278 2719 non
3318 2664 3491 2718 solum

1911 2759 2141 2827 sanarit,
2177 2759 2271 2814 sed
2305 2768 2362 2815 et
2385 2758 2639 2813 virtutem
2674 2756 2956 2813 indiderit.
2995 2756 3087 2811 Sic
3119 2771 3337 2826 quoque
3365 2756 3495 2812 facit

1910 2858 1966 2906 et
1999 2850 2052 2905 in
2095 2850 2299 2905 morbis
2329 2850 2545 2905 animae.
2580 2848 2700 2902 Non
2734 2849 2910 2904 solum
2941 2847 3136 2903 liberat
3164 2863 3262 2903 nos
3292 2863 3323 2902 a
3368 2863 3497 2903 oec-

1913 2938 2072 3006 catis,
2121 2939 2216 2994 sed
2259 2939 2423 2995 etiam
2468 2940 2721 2993 virtutem
2766 2938 3037 3001 infundit,
3095 2948 3155 2993 ιιι
3203 2952 3493 3008 Operemur

1914 3030 2191 3085 mandata.
2221 3028 2446 3085 Possum
2480 3030 2645 3100 igitur
2675 3038 2729 3083 et
2773 3043 2894 3098 ego,
2931 3042 3052 3083 cum
3087 3029 3190 3082 sint
3235 3028 3492 3099 paralyti-

1916 3136 2036 3186 cus,
2060 3122 2261 3178 sanari.
2282 3123 2376 3177 Est
2392 3122 2536 3175 enim
2559 3132 2611 3175 et
2634 3136 2775 3174 nunc
2800 3121 3049 3175 Christus
3073 3121 3124 3173 in
3150 3121 3490 3189 Caperuauin

237 3213 377 3283 ρησιν
403 3215 484 3277 είς
510 3213 578 3267 τὸ
621 3212 957 3286 ἐργάζεσθαι
1005 3214 1105 3277 τὰς
1133 3213 1373 3278 ἐντολάς.
1417 3216 1664 3287 Δύναμαι
1716 3210 1810 3272 οὖν

1916 3214 2077 3269 domo
2119 3211 2531 3277 consolationis,
2566 3210 2670 3265 hoc
2699 3220 2780 3266 est
2826 3210 3084 3264 Ecclesia.
3118 3209 3318 3263 Domus
3344 3210 3489 3264 enim

236 3306 379 3375 κάγὼ
417 3308 734 3379 παράλυτος
767 3306 842 3361 ῶν
883 3306 1122 3379 ἰαθῆναι.
1164 3307 1323 3361 Ἐστι
1355 3310 1463 3380 γὰρ
1510 3309 1601 3367 καὶ
1654 3310 1750 3366 νῦν
1779 3314 1808 3367 ό

238 3401 454 3471 Χριστὸς
487 3404 554 3455 ἐν
580 3402 975 3472 Καπερναοὺμ,
1008 3401 1085 3473 τῷ
1107 3403 1242 3473 οἴκῳ
1260 3402 1359 3471 τῆς
1384 3405 1805 3477 παρακλήσεως,

239 3491 469 3544 τουτέστι
500 3494 574 3562 τῇ
613 3493 914 3563 Ἐκκλησία
939 3510 952 3523 ·
979 3487 1128 3555 οἶκος
1158 3492 1268 3564 γὰρ
1294 3493 1386 3546 τοῦ
1423 3497 1806 3570 Παρακλήτου,

240 3584 268 3650 ἡ
308 3584 611 3653 Ἐκκλησία
634 3599 648 3614 ·
672 3582 790 3656 είμὶ
821 3582 864 3635 δ’
883 3583 997 3652 ἐγὼ
1026 3583 1357 3659 παράλυτος,
1380 3588 1478 3651 τὰς
1508 3590 1605 3659 τῆς
1630 3588 1810 3659 ψυχῆς

239 3672 490 3753 δυνάμεις
514 3676 915 3747 ἀνενεργήτους
945 3677 1043 3733 καὶ
1081 3680 1373 3750 ἀκινήτους
1406 3680 1546 3750 ἔχων
1573 3681 1706 3751 πρὸς
1750 3680 1811 3732 τὸ

243 3770 395 3827 καλόν
420 3790 435 3806 ο
462 3772 586 3827 ἄλλ’
632 3772 727 3825 ἐὰν
765 3770 870 3825 ὑπὸ
908 3771 1020 3826 τῶν
1080 3773 1363 3843 τεσσάρων
1413 3771 1811 3839 εὐαγγελιστῶν

245 3863 408 3933 ἀρθῶ,
441 3865 546 3919 καὶ
572 3863 806 3934 ἁπαχθῶ
836 3863 973 3935 πρὸς
1025 3864 1117 3917 τὸν
1154 3863 1382 3932 Κύριον,
1413 3863 1532 3914 τότε
1557 3863 1808 3917 ἀκούσω·

245 3955 433 4009 Τέκνον
467 3955 626 4028 (υίὸς
673 3956 782 4027 γὰρ
827 3954 921 4009 τοῦ
973 3954 1110 4009 Θεοῦ
1164 3954 1387 4025 γίνομαι
1433 3953 1522 4008 διὰ
1563 3952 1662 4023 τῆς
1703 3953 1812 4006 τῶν

247 4047 465 4103 ἐντολῶν
491 4049 806 4121 ἐργασίας),
833 4053 928 4103 καὶ
947 4050 1310 4122 ἀφεθήσονταί
1334 4068 1425 4122 μοι
1444 4052 1501 4105 αί
1525 4050 1810 4122 ἁμαρτίαι.

261 4137 415 4191 Ἀλλά
437 4139 564 4202 πῶς
592 4140 981 4211 ἀπαχθήσομαι
998 4142 1306 4212 ἔμπροσθεν
1337 4141 1428 4195 τοῦ
1454 4139 1659 4212 ἰησοῦ;
1684 4142 1812 4195 Ἐὰν

248 4226 335 4294 τὴν
366 4229 573 4298 στέγην
605 4228 929 4300 άνορύξωσι.
964 4230 1060 4293 Τίς
1100 4230 1159 4284 δὲ
1197 4231 1232 4302 ri
1282 4229 1491 4299 στέγη;
1536 4229 1595 4283 '0
1639 4230 1761 4293 νοῦς
1783 4230 1812 4281 ό

249 4316 636 4390 ὑπερκείμενος
682 4323 903 4375 πάντων
940 4321 1047 4373 τῶν
1090 4322 1149 4374 ἐν
1196 4322 1348 4392 ἡμῖν.
1393 4314 1563 4389 Οὗτος
1610 4319 1668 4371 δέ
1699 4318 1812 4390 ἔχει

250 4410 366 4479 χοῦν
398 4412 573 4465 πολὺν
597 4412 693 4465 καὶ
720 4412 1019 4483 κεράμους,
1043 4411 1110 4465 τὰ
1132 4414 1295 4483 γήϊνα
1317 4411 1462 4480 λέγω
1487 4412 1809 4481 πράγματα*

251 4505 357 4556 ἀλλ’
384 4506 480 4559 ἐὰν
511 4505 963 4559 ἁποσκευασθῶσι
989 4503 1164 4558 ταῦτα
1185 4505 1385 4571 πάντα,
1416 4503 1511 4559 καὶ
1540 4502 1812 4575 ἀνορυχθῇ

1917 3305 2189 3362 Paracleti
2221 3304 2420 3361 dicitur
2454 3303 2722 3358 Ecclesia.
2753 3302 2887 3358 Sunt
2932 3312 3110 3356 autem
3141 3301 3489 3371 paralyticus.

1916 3397 2041 3467 quia
2073 3410 2178 3450 non
2223 3403 2517 3464 operantur
2548 3400 2602 3446 et
2632 3390 2938 3445 immobiles
2970 3402 3104 3445 sunt
3128 3390 3271 3443 vires
3299 3389 3494 3441 aninue

1920 3506 2051 3547 mea:
2070 3490 2137 3545 ad
2167 3490 2368 3544 bonum
2400 3504 2414 3540 :
2437 3487 2531 3542 sed
2557 3485 2603 3541 si
2630 3500 2657 3538 a
2690 3496 2925 3555 quatuor
2944 3480 3295 3552 evangelistis
3318 3489 3501 3552 gesta-

1920 3593 2007 3637 tus
2035 3592 2089 3636 et
2121 3582 2389 3635 adductus
2428 3579 2585 3632 fuero
2626 3577 2693 3629 ad
2723 3575 3035 3639 Dominum,
3074 3582 3203 3627 tunc
3228 3573 3441 3624 audiam
3478 3587 3494 3625 :

1916 3674 2018 3728 Fili
2063 3672 2125 3743 (F
2131 3673 2254 3727 ilius
2304 3670 2449 3727 enim
2474 3668 2570 3723 Dei
2615 3681 2735 3722 sunt
2766 3683 2861 3736 per
2894 3665 3267 3720 mandatorum
3301 3677 3498 3730 opera-

1922 3763 2169 3831 tionem),
2197 3773 2253 3818 et
2288 3763 2638 3817 remittemur
2659 3760 2788 3814 tnilti
2817 3769 3055 3829 peccata.
3089 3755 3193 3811 Sed
3227 3756 3501 3823 quomodo

1919 3857 2161 3909 adducar
2202 3856 2268 3908 ad
2314 3853 2545 3909 Jesum?
2575 3851 2631 3907 Si
2677 3854 2878 3906 te'etum
2935 3847 3291 3920 perfoderint.
3336 3845 3494 3914 Quod

1921 3957 2006 4002 est
2035 3945 2277 4001 tectum?
2302 3944 2476 4008 Mens,
2514 3959 2636 4014 quae
2678 3958 2930 4011 suprema
2967 3941 3138 3996 nostri
3182 3941 3359 4009 portio
3392 3951 3499 4006 est,

1922 4040 2047 4094 llaec
2098 4038 2257 4092 habet
2289 4036 2516 4090 multum
2570 4044 2737 4089 terra:
2770 4042 2825 4088 et
2858 4032 2989 4099 .luti,
3031 4033 3370 4103 negotiorum
3410 4030 3498 4084 in—

1921 4146 2083 4203 quam
2113 4141 2452 4185 terrenorum
2496 4144 2511 4182 :
2546 4135 2803 4182 caeterum
2843 4126 2929 4179 ubi
2960 4125 3075 4180 haec
3096 4124 3346 4191 deposita
3379 4122 3499 4175 fue-

1920 4226 2051 4289 rint,
2083 4233 2137 4278 et
2169 4220 2364 4277 effossa
2408 4221 2606 4275 mentis
2638 4227 2839 4274 nostra:
2868 4220 3042 4273 virtus
3102 4229 3159 4272 et
3198 4225 3494 4270 exonerata

1923 4315 2106 4379 fuerit,
2137 4314 2332 4369 deinde
2363 4326 2464 4381 ego
2494 4311 2760 4366 demissus
2787 4308 2960 4374 fuero,
2989 4308 3092 4361 hoc
3128 4318 3211 4361 est
3237 4306 3491 4360 humilia-

1925 4416 2031 4470 tus,
2060 4420 2162 4459 non
2184 4404 2328 4458 enim
2352 4402 2537 4458 extolli
2561 4411 2794 4469 oportet,
2824 4411 3105 4469 prapterea
3135 4397 3276 4465 quod
3297 4405 3495 4448 tectqu

1925 4494 2125 4551 mentis
2164 4502 2515 4547 exoneratqu
2555 4490 2659 4554 sit,
2697 4492 2790 4544 scd
2837 4494 3117 4557 postquam
3168 4495 3501 4540 exoneratus

253 4600 284 4663 ἡ
311 4599 367 4650 ἐν
394 4600 533 4668 ἡμῖν
574 4597 668 4651 τοῦ
696 4598 789 4651 νοῦ
832 4597 1061 4667 δύναμις
1114 4595 1211 4650 καὶ
1262 4593 1664 4666 άποφορτισθῇ,
1699 4589 1810 4646 εἶτα

1924 4589 2102 4652 fuero,
2126 4587 2297 4642 debeo
2322 4583 2556 4643 demitti,
2587 4583 2690 4636 hoc
2713 4593 2797 4637 est
2828 4578 3138 4643 humiliari;
3184 4586 3309 4631 tunc
3340 4577 3503 4647 igitur

253 4688 524 4756 χαλασθῶ,
549 4690 820 4759 τουτέστι,
837 4688 1183 4743 ταπεινωθῶ·
1205 4688 1268 4742 οὐ
1285 4687 1394 4760 γὰρ
1409 4688 1490 4741 δεῖ
1510 4686 1810 4759 ἐπαρθῆναι

1924 4678 2178 4744 sanabor,
2216 4685 2273 4731 et
2301 4674 2482 4730 tollam
2515 4671 2860 4744 grdbbatuut,
2891 4673 2991 4724 hoc
3022 4679 3128 4730 est,
3183 4682 3398 4735 corpus,
3433 4670 3500 4719 ait

255 4755 379 4834 διότι
412 4784 446 4854 ἡ
479 4783 655 4851 στέγη
678 4782 774 4835 τοῦ
803 4755 896 4835 νοῦ
925 4755 1328 4852 άπεφορτίσθη,
1362 4755 1500 4832 sua
1535 4755 1665 4850 μεθὸ
1686 4755 1810 4849 άπο·

1925 4769 2305 4824 mandatorum
2345 4764 2716 4835 operationem
2743 4763 2914 4831 ipsum
2941 4774 3186 4814 movens.
3213 4755 3328 4811 Non
3354 4772 3498 4810 enim

258 4850 526 4940 φορτισθῶ
551 4914 566 4939 ,
596 4850 804 4943 όφείλω
850 4850 1221 4943 χαλασθῆναι,
1263 4871 1511 4924 τουτέστι
1554 4886 1810 4923 ταπεινω-

1928 4874 1957 4913 a
1987 4868 2213 4930 peccato
2248 4856 2422 4911 solum
2459 4869 2557 4910 nos
2580 4853 2828 4909 suscitari
2860 4860 3097 4922 oportet,
3120 4858 3174 4904 et
3203 4850 3503 4916 intelligere

260 4965 428 5032 θῆναι.
466 4966 603 5019 Τότε
629 4965 811 5018 τοίνυν
849 4963 1164 5035 ἱαθήσομαι,
1195 4962 1290 5016 καὶ
1311 4960 1427 5031 ἀρῶ
1447 4960 1540 5014 τὸν
1575 4960 1810 5031 κράὸϐα-

1926 4952 2069 5024 quod
2122 4963 2433 5019 peccamus,
2473 4948 2568 5002 sed
2604 4956 2658 5001 et
2686 4947 2904 5010 lectum,
2939 4946 3041 4999 hoc
3071 4952 3152 4998 est
3184 4957 3402 5012 corpus,
3434 4944 3506 4993 ait

260 5070 365 5121 τον,
398 5058 519 5126 ἤτοι
551 5057 612 5109 τὺ
646 5057 828 5126 σῶμα,
860 5034 997 5125 πρὸς
1025 5056 1125 5125 τὴν
1167 5052 1273 5107 τῶν
1309 5053 1536 5105 ἐντολῶν
1560 5050 1810 5122 ἐργασίαι

1927 5042 2293 5111 operationem
2319 5035 2838 5107 bouigtollere.183
2857 5034 3007 5090 'l‘unc
3022 5036 3185 5104 igitur
3206 5045 3260 5088 et
3284 5036 3349 5086 ad
3372 5050 3502 5085 con-

261 5147 416 5199 κινῶν
446 5149 599 5204 αὑτό.
632 5150 708 5203 Οὐ
755 5148 862 5221 γὰρ
906 5148 986 5201 δεῖ
1028 5147 1188 5219 μόνον
1239 5143 1534 5215 ἐγερθῆναι
1575 5141 1685 5197 ἀπὸ
1728 5144 1810 5211 τῆς

1934 5133 2336 5204 templationem
2354 5132 2541 5187 venire
2567 5133 2885 5201 poterimus,
2913 5130 2987 5182 ita
3015 5141 3072 5180 ιιι
3088 5141 3281 5182 omnes
3304 5137 3504 5181 nostrae

263 5236 551 5308 ἁμαρτίας,
600 5242 696 5294 καὶ
735 5218 928 5311 νοῆσαι
973 5218 1057 5293 ὅτι
1098 5238 1506 5310 ἁμαρτάνομεν,
1541 5232 1679 5288 ἀλλὰ
1732 5234 1810 5286 κα¹

1930 5226 2287 5295 cogitationes
2314 5222 2457 5276 intra
2510 5236 2613 5275 nos
2641 5219 2826 5275 dicant
2860 5238 2874 5273 :
2920 5218 3193 5272 Hactenus
3226 5234 3502 5289 nunquam

263 5334 347 5381 τὶν
378 5332 704 5401 κράόὸατον,
738 5334 989 5385 τουτέστι
1017 5332 1076 5384 τί,
1095 5330 1273 5401 σῶμα,
1296 5325 1427 5400 ἆραι
1455 5328 1535 5393 είς
1562 5324 1810 5397 ἐργασίαι

1930 5318 2035 5373 tale
2048 5317 2313 5382 vidimus,
2336 5315 2390 5369 id
2410 5321 2517 5375 est,
2543 5325 2822 5381 nunquam
2853 5313 2932 5366 sic
2956 5310 3340 5374 intelleximus,
3364 5314 3505 5366 sicut

264 5420 353 5472 τοῦ
383 5399 564 5476 καλοῦ.
607 5422 743 5476 Τότε
770 5421 947 5475 τοίνυν
976 5422 1072 5475 καὶ
1105 5399 1191 5483 είς
1228 5399 1463 5490 θεωρίαν
1492 5417 1698 5486 φθάσαι
1729 5415 1810 5469 δυ-

1932 5422 2076 5461 nunc
2128 5409 2345 5475 quando
2383 5402 2617 5473 paralysi
2674 5400 2845 5456 curati
2899 5415 3107 5455 sumus.
3138 5399 3242 5467 Qui
3298 5404 3440 5455 enini
3472 5418 3503 5453 a

267 5509 554 5579 νησόμεθα,
600 5512 745 5565 ῶσντε
798 5512 1003 5576 πάντας
1051 5510 1178 5575 τοὺς
1244 5511 1303 5562 ἐν
1351 5510 1484 5580 ἡμῖν
1530 5504 1810 5575 λογισμοὺς

1929 5500 2163 5568 peccatis
2192 5497 2507 5567 purificatus
2530 5504 2634 5558 est,
2654 5494 2740 5548 ille
2766 5509 2888 5549 vere
2915 5494 3078 5549 videt.

266 5598 464 5668 λέγειν,
493 5606 571 5657 ὅτι
600 5603 868 5657 Οὐδέποτε
897 5602 1067 5666 οὓτως
1106 5604 1341 5671 εἴδομεν,
1393 5601 1697 5659 τουτέστιν,
1731 5596 1854 5649 οὐδέ
1899 5608 2031 5645 ποτε
2054 5589 2228 5654 οὕτως
2252 5589 2558 5659 ἐνοήσαμεν
2622 5587 2697 5652 ὼς
2726 5585 2844 5654 νῦν,
2897 5587 2986 5642 ὅτε
3009 5586 3313 5659 παράλυτοι
3351 5588 3504 5651 ὄντες

272 5694 512 5763 ίάθημεν.
556 5699 614 5751 ’0
639 5699 750 5768 γὰρ
781 5699 890 5752 τῶν
921 5696 1210 5766 ἁμαρτιῶν
1254 5693 1574 5765 καθαρθεὶς,
1619 5692 1824 5750 ἐκεῖνος
1862 5688 1964 5759 ὁρᾷ
1986 5685 2064 5756 τῷ
2090 5686 2228 5740 δντι.

348 5807 366 5837 ι
409 5789 516 5842 Καὶ
540 5791 730 5863 ἐξῆλθε
758 5792 918 5845 πάλιν
947 5790 1096 5860 παρὰ
1124 5788 1222 5860 τὴν
1270 5788 1565 5852 θάλασσαν,
1603 5786 1698 5839 καὶ
1723 5785 1810 5836 πᾶς

2013 5782 2173 5835 Vens.
2210 5778 2391 5834 I5-l7.
2437 5797 2453 5829 ι
2499 5777 2563 5832 Et
2592 5791 2842 5849 egressus
2887 5786 2971 5832 est
3003 5791 3195 5831 rursus
3220 5775 3291 5829 ad
3329 5788 3503 5835 mare.

274 5877 303 5929 δ
330 5878 479 5949 διλος
507 5883 701 5954 ἤρχετο
750 5884 884 5953 πρὸς
910 5882 1093 5947 αὑτὸν,
1140 5882 1230 5933 καὶ
1285 5878 1561 5931 ἐδίδασκεν
1609 5874 1805 5936 αὐτούς

1939 5876 2224 5941 multisque
2259 5871 2413 5923 Ill-bit
2446 5870 2699 5925 Veniebat
2732 5868 2797 5922 ad
2844 5882 2990 5943 eum,
3015 5882 3077 5919 ac
3129 5868 3357 5920 docebat
3386 5882 3500 5919 eos.
