3968 6460
275 415 383 480 51⁸1

1026 420 1477 485 ENARRATIO
1521 426 1603 487 ΙΝ
1646 427 2153 489 EVANGELIUM
2191 428 2453 490 MARCI.
2497 457 2556 466 -
2600 432 2759 493 CAP.
2805 434 2887 495 II.

3462 440 3583 504 518'

273 531 597 600 Φαρισαίων
620 529 1003 601 νηστεύοντες,
1030 537 1126 589 καὶ
1178 534 1435 607 ἔρχονται
1476 540 1573 593 καὶ
1619 539 1876 609 λέγουσιν

1985 556 2101 595 rum
2140 540 2485 610 ieiunabant,
2519 546 2851 614 veniuntque
2878 556 2930 600 et
2982 547 3165 602 dicunt
3222 550 3294 603 illi
3333 568 3346 605 :
3383 549 3570 618 Quare

275 623 433 695 αὐτῷ
453 639 467 652 ⁸
510 625 667 677 Διατί
698 625 749 680 oi
781 625 1026 697 μαθηταὶ
1071 628 1323 684 Ἰωάννου
1355 631 1451 684 καὶ
1496 634 1546 685 οἱ
1569 632 1679 686 τῶν
1707 634 1878 704 Φαρι-

279 716 454 770 σαίων
480 717 862 787 νηστεύουσιν,
888 722 936 774 oi
966 720 1024 774 δὲ
1044 720 1130 775 σοὶ
1155 722 1399 794 μαθηταὶ
1429 724 1490 777 οὐ
1511 725 1874 796 νηστεύουσι;

279 810 393 863 Καὶ
426 805 582 864 εἶπεν
607 813 793 886 αὐτοῖς
822 814 851 866 6
886 813 1121 884 Ἰησοῦς
1160 813 1255 886 Μὴ
1278 814 1535 869 δύνανται
1559 817 1609 869 oi
1642 816 1751 871 uio“.
1780 817 1874 871 τοῦ

275 902 597 972 νυμφῶνος,
648 903 708 958 ὲν
757 897 802 973 ᾧ
834 905 863 957 ὁ
922 904 1158 975 νυμφίος
1195 905 1314 976 μετ’
1360 906 1541 961 αὐτῶν
1588 908 1729 973 ἐστι,
1779 924 1876 977 νη·

276 995 527 1063 στεύειν;
569 996 694 1049 ὅσον
723 996 919 1068 χρόνον
982 996 1105 1068 μεθ’
1149 998 1363 1053 ἑαυτῶν
1400 998 1586 1070 ἔχουσι
1615 1000 1708 1055 τὸν
1741 1018 1878 1072 νυμ-

276 1089 426 1156 φίον,
458 1090 520 1142 ού
551 1088 808 1144 δύνανται
838 1089 1146 1162 νηστεύειν.
1188 1090 1536 1146 Ἐλεύσονται
1583 1092 1678 1145 καὶ
1733 1093 1876 1165 ἡμέ-

276 1198 373 1252 ραι
407 1182 537 1234 ὃταν
588 1180 811 1253 ἀπαρθῇ
851 1182 947 1235 ἀπ’
998 1183 1180 1245 αὐτῶν
1219 1185 1248 1237 6
1304 1184 1562 1254 νυμφίος,
1602 1169 1711 1237 καὶ⁴
1750 1185 1873 1238 τότε

271 1270 674 1341 νηστεύσουσιν
701 1274 759 1325 ὲν
785 1272 1028 1337 ἐκείναις
1058 1276 1181 1332 ταῖς
1206 1275 1466 1347 ἡμέραις.
1511 1295 1529 1329 ι
1567 1277 1676 1330 Καὶ
1701 1278 1752 1330 οί
1777 1277 1873 1330 τοῦ

283 1363 541 1418 Ἰωάννου
604 1364 849 1437 μαθηταὶ
899 1366 1258 1439 ἀτελέστερον
1325 1369 1700 1441 διακείμενοι,
1758 1373 1873 1434 τοῖς

282 1457 606 1524 Ἰουδαϊκοῖς
632 1459 894 1532 ἐνέμενον
927 1459 1142 1515 ἔθεσιν·
1192 1460 1319 1517 ὅθεν
1354 1464 1755 1536 προσέρχονταί
1794 1481 1875 1518 τι-

268 1567 368 1614 νες
397 1551 476 1622 τῷ
505 1551 751 1625 Χριστῷ,
777 1555 860 1618 εἰς
894 1554 1207 1625 ὑπόδειγμα
1228 1555 1456 1620 τούτους
1490 1555 1740 1626 ἄγοντες,
1773 1557 1871 1611 καὶ

269 1643 603 1714 αἰτιώμενοι
632 1645 778 1700 διατί
804 1646 854 1700 oi
890 1646 1137 1719 μαθηταὶ
1187 1647 1356 1702 αὐτοῦ
1419 1648 1480 1701 οὐ
1517 1649 1872 1718 νηστεύουσιν

268 1736 478 1808 ἐπίσης
509 1737 720 1802 αὐτοῖς.
770 1737 830 1792 '0
854 1738 935 1807 δὲ,
975 1738 1073 1793 νῦν
1110 1739 1211 1811 μέν
1251 1758 1439 1812 φησιν,
1473 1741 1727 1812 Νυμφίος
1753 1743 1871 1811 εἰμὶ

266 1825 413 1894 ἐγὼ,
456 1828 555 1881 καὶ
579 1827 664 1881 δεῖ
692 1829 894 1894 αὐτοὺς
943 1830 1227 1903 εὐθυμεῖν,
1281 1835 1376 1886 καὶ
1417 1831 1494 1903 μὴ
1534 1832 1822 1904 νηστεύειν
1853 1848 1867 1862 ο

1983 632 2234 702 discipuli
2268 631 2495 687 Joannis
2519 643 2574 688 et
2598 633 2999 690 Pharisaeorum
3038 637 3321 706 j'iuuaut,
3345 642 3420 694 tui
3467 656 3567 694 att-

1981 732 2090 778 tem
2123 725 2371 795 discipuli
2408 741 2512 779 non
2542 726 2836 796 jejunaut?
2892 729 2957 783 Et
3002 732 3138 785 dixit
3190 731 3298 788 illis
3342 730 3506 789 Jesus
3549 749 3564 786 :

1981 816 2124 872 Num
2166 830 2396 888 possunt
2457 819 2549 873 lilii
2587 820 2809 875 thalami
2843 822 3116 891 nuptialis,
3168 824 3222 879 in
3274 840 3382 893 quo
3438 841 3559 879 cunt

1980 910 2088 964 illis
2119 924 2353 979 sponsus
2383 910 2756 979 est,jejuuare
2782 911 2806 965 ?
2837 911 3089 978 Quandiu
3136 929 3323 969 secum
3360 916 3565 971 habent

1978 1018 2262 1072 sponsum,
2326 1019 2430 1058 non
2491 1015 2718 1074 possunt
2767 1002 3040 1074 jejunare.
3098 1005 3330 1061 Venient
3380 1022 3559 1063 autem

1977 1094 2094 1148 dies
2120 1109 2242 1146 cum
2269 1094 2553 1148 auferetur
2581 1093 2649 1147 ab
2684 1094 2762 1148 eis
2790 1109 3046 1164 sponsus,
3080 1104 3136 1149 et
3183 1107 3310 1152 tunc
3350 1098 3565 1169 jejuna-

1975 1183 2111 1237 bunt
2141 1183 2193 1237 in
2225 1183 2329 1237 illis
2356 1184 2566 1237 diebus.
2606 1204 2625 1236 ι
2668 1184 2829 1257 184
2885 1186 3143 1255 Discipuli
3182 1185 3409 1242 Joannis
3457 1191 3556 1244 imo

1977 1277 2331 1349 perfectiores
2386 1278 2566 1331 adhuc
2626 1275 2872 1333 Judaicis
2914 1279 3155 1335 moribus
3210 1282 3499 1337 studebant
3545 1301 3560 1337 :

1976 1370 2119 1423 unde
2143 1367 2363 1437 quidam
2390 1368 2721 1424 accedebant
2748 1372 2814 1424 ad
2843 1369 3124 1427 Christum
3169 1372 3225 1428 in
3250 1377 3559 1447 exetuplunt

1975 1462 2124 1531 ipsos
2162 1458 2524 1529 proferentes,
2566 1472 2621 1516 et
2654 1464 2916 1518 taxabant
2955 1481 3125 1533 quare
3155 1464 3407 1535 discipuli
3447 1471 3565 1540 ejus

1974 1568 2080 1605 non
2113 1552 2444 1620 jejuuarent,
2471 1554 2612 1608 sicut
2634 1554 2756 1623 ipsi.
2789 1556 2858 1609 At
2882 1556 2969 1611 hic
2994 1572 3139 1612 nunc
3166 1561 3382 1628 quidem
3405 1562 3559 1624 dicit,

1983 1642 2234 1713 Sponsus
2259 1660 2380 1699 sunt
2414 1661 2538 1716 ego,
2563 1654 2621 1701 et
2651 1659 2865 1717 oportet
2893 1649 3018 1704 illos
3038 1651 3181 1705 bono
3204 1666 3326 1708 esse
3354 1656 3559 1720 animo,

1972 1747 2025 1790 et
2050 1752 2153 1790 non
2182 1735 2434 1806 jejuuare
2471 1756 2487 1794 :
2520 1740 2610 1793 tibi
2634 1748 2816 1794 autem
2843 1754 2947 1809 ego
2977 1757 3007 1797 e
3056 1742 3165 1797 vita
3205 1746 3303 1800 hac
3351 1746 3563 1800 ablatus

1976 1828 2151 1890 fuero.
2192 1838 2323 1883 tunc
2348 1831 2603 1896 ingruerit
2638 1832 2991 1897 tematioues,
3022 1842 3076 1886 et
3129 1834 3458 1903 jejuuabuut
3497 1852 3561 1890 ac

266 1922 407 1974 ὅταν
437 1920 495 1974 δὲ
525 1922 684 1994 ἀρθῶ
725 1921 839 1991 ἐγὼ
883 1923 991 1977 ἀπὸ
1019 1902 1115 1977 τοῦ
1170 1923 1288 1994 βίου
1334 1902 1554 1990 τούτου,
1590 1902 1718 1978 τότε
1752 1943 1871 1979 πει-

1985 1918 2297 1988 aﬂligentur.
2348 1918 2584 1975 Proinde
2622 1937 2882 1990 sponsum
2947 1924 3186 1992 seipsum
3221 1935 3400 1991 vocat,
3452 1941 3558 1979 non

269 2013 515 2082 ρασμοῖς
542 2014 962 2081 περιπεσόντες,
991 2014 1087 2068 καὶ
1131 2016 1496 2085 νηστεύσουσι
1546 2016 1644 2073 καὶ
1678 2017 1869 2089 θλισή-

266 2120 490 2159 σονται.
529 2106 788 2177 Νυμφίον
818 2106 919 2178 μὲν
945 2102 1040 2161 οὖν
1074 2108 1271 2161 ἑαυτὸν
1312 2108 1598 2180 ὀνομάζει,
1624 2111 1686 2166 οὐ
1711 2111 1870 2182 μόνον

265 2196 356 2259 ὡς
382 2199 802 2270 νυμφευόμενον
851 2199 954 2264 τὰς
994 2200 1301 2273 παρθένους
1346 2201 1547 2274 ψυχὰς,
1591 2203 1729 2258 ἀλλὰ
1776 2205 1871 2258 καὶ

264 2286 412 2342 διότι
464 2292 493 2343 6
552 2291 747 2363 καιρὸς
793 2293 894 2363 τῆς
936 2290 1163 2364 πρώτης
1220 2295 1530 2364 παρουσίας
1576 2296 1765 2364 αὐτοῦ,
1809 2298 1870 2351 οὐ

269 2382 541 2449 πένθους,
598 2385 722 2438 οὐδὲ
756 2386 1222 2457 σκυθρωπότητός
1253 2388 1370 2441 ἐστι
1423 2389 1537 2450 τοῖς
1581 2391 1661 2452 εἰς
1709 2390 1871 2444 αὐτὸν

269 2476 656 2540 πιστεύουσιν,
689 2477 811 2531 οὐδὲ
860 2481 1065 2542 κόπους
1116 2478 1280 2549 ἔχων,
1319 2479 1439 2534 ἀλλ’
1471 2481 1728 2546 εὐκόπως
1775 2485 1872 2538 καὶ

271 2567 454 2638 χωρὶς
486 2568 666 2639 ἔργων
695 2567 803 2621 τῶν
854 2568 952 2621 τοῦ
979 2568 1171 2640 νόμου,
1214 2568 1304 2623 διὰ
1344 2570 1440 2624 τοῦ
1492 2571 1873 2644 βαπτίσματος

271 2659 585 2713 ἀναπαύων
613 2660 782 2730 ἡμᾶς.
812 2661 973 2724 Ποῖος
998 2661 1108 2732 γὰρ
1128 2661 1290 2726 πόνος
1316 2662 1688 2733 βαπτίσασθαι
1713 2681 1727 2732 ;
1758 2665 1874 2718 ἀλλ’

273 2751 434 2820 ὅμως
486 2749 577 2804 διὰ
615 2750 711 2805 τοῦ
747 2752 1010 2823 εὐχεροῦς
1054 2752 1272 2820 τούτου,
1309 2754 1586 2826 σωτηρίαν
1619 2757 1872 2828 εὑρίσκον

278 2858 411 2912 μεν.
442 2841 562 2896 Υἱοὶ
596 2842 655 2896 δὲ
688 2845 997 2913 νυμφῶνος,
1030 2844 1081 2898 oi
1105 2845 1422 2912 ἀπόστολοι,
1460 2848 1536 2911 ὡς
1564 2847 1665 2918 τῆς
1701 2851 1873 2920 χαρᾶς

277 2934 380 2987 τοῦ
430 2934 638 3005 Κυρίου
670 2935 765 2988 καὶ
823 2936 978 2989 αὐτοὶ
1020 2937 1468 3008 καταξιούμενοι,
1529 2939 1626 2992 καὶ
1675 2940 1874 3004 παντὸς

278 3025 616 3097 ἐπουρανίου
648 3025 858 3095 ἀγαθοῦ
893 3028 989 3080 καὶ
1029 3029 1214 3100 πάσης
1240 3029 1437 3101 ἡδονῆς
1474 3030 1719 3101 μέτοχοι.
1740 3033 1871 3085 Νόει

278 3118 342 3172 δὲ
372 3119 468 3171 καὶ
496 3117 693 3182 οὕτως,
743 3120 825 3173 ὅτι
875 3122 983 3185 πᾶς
1016 3120 1330 3191 ἄνθρωπος,
1383 3124 1513 3177 ὅταν
1540 3124 1641 3194 τὴν
1673 3125 1874 3196 ἀρετὴν

279 3209 612 3283 ἐργάζηται,
646 3211 759 3275 υίὸς
790 3212 1081 3283 νυμφῶνός
1105 3215 1272 3268 ἐστιν.
1321 3214 1464 3279 Ἕως
1513 3214 1613 3285 μὲν
1638 3214 1729 3269 οῦν
1763 3215 1875 3286 ἔχει

285 3304 412 3375 μεθ’
440 3303 639 3358 ἑαυτοῦ
671 3303 762 3358 τὸν
790 3305 1026 3375 νυμφίον
1056 3307 1315 3376 Χριστὸν,
1338 3306 1400 3359 οὐ
1425 3307 1697 3379 νηστεύει,
1723 3326 1854 3362 τουτ

283 3400 457 3467 ἐστιν,
497 3400 558 3453 οὐ
625 3399 694 3452 τὰ
721 3399 821 3470 τῆς
848 3399 1138 3470 μετανοίας
1167 3399 1305 3471 ἔργα
1327 3400 1716 3456 ἐπιδείκνυται.
1750 3402 1876 3464 Πῶς

284 3490 399 3561 γὰρ
427 3492 456 3543 6
488 3488 564 3561 μὴ
588 3489 796 3544 πταίων
819 3505 835 3555 ;
863 3490 1035 3544 Ὅταν
1056 3491 1114 3545 δὲ
1128 3491 1268 3563 ἀρθῇ
1291 3492 1389 3546 ἀπ’
1412 3491 1575 3546 αὐτοῦ
1599 3493 1628 3546 6
1643 3493 1877 3565 νυμφίος

285 3582 549 3651 Χριστὸς,
593 3582 674 3646 είς
727 3581 1013 3653 ἁμαρτίαν
1045 3581 1250 3654 δηλαδὴ
1282 3580 1701 3656 ὀλισθήσαντος,
1751 3583 1875 3637 τότε

288 3674 544 3748 νηστεύει
580 3675 674 3729 καὶ
699 3676 972 3746 μετανοεῖ,
1000 3674 1086 3728 ἵνα
1112 3674 1211 3746 τὴν
1240 3675 1524 3748 ἁμαρτίαν
1557 3676 1800 3747 ἰάσηται.

366 3787 388 3820 ι
423 3767 614 3831 Οὐδεὶς
643 3767 927 3839 ἐπίϐλημα
977 3766 1182 3839 ῥάκους
1237 3768 1486 3838 ἀγνάφου
1544 3770 1877 3840 ἐπιρρἀτει

284 3860 386 3916 ἐπὶ
417 3860 620 3930 ίματίῳ
646 3859 881 3930 παλαιῷ,
922 3860 970 3912 εί
994 3858 1052 3912 δὲ
1086 3859 1183 3931 μὴ,
1216 3859 1361 3931 αίρει
1381 3860 1442 3913 τὸ
1468 3859 1743 3932 πλήρωμα
1776 3860 1879 3912 αὐ-

284 3953 385 4007 τοῦ
422 3953 484 4007 τὸ
518 3952 707 4006 καινὸν
734 3951 831 4005 τοῦ
857 3951 1120 4017 παλαιοῦ,
1150 3952 1248 4005 καὶ
1278 3954 1461 4024 χεῖρον
1493 3954 1702 4025 σχίσμα
1734 3952 1879 4022 γίνε-

282 4067 403 4104 ται.
456 4050 567 4104 Καὶ
597 4048 773 4113 οὐδεὶς
830 4048 1015 4120 βάλλει
1071 4044 1219 4103 οἶνον
1249 4049 1371 4103 νέον
1398 4050 1481 4113 είς
1533 4050 1738 4112 ἀσκοὺς
1773 4067 1879 4102 πα-

283 4140 498 4204 λαιούς·
528 4139 579 4192 εί
617 4139 674 4193 δὲ
708 4138 805 4211 μὴ,
835 4138 1031 4210 ῥήσσει
1060 4141 1089 4193 6
1140 4138 1260 4201 νέος
1287 4139 1416 4203 τοὺς
1456 4140 1684 4202 ἀσκοὺς,
1717 4141 1813 4192 κα)⁸
1851 4141 1879 4191 6

279 4229 436 4295 οἲνος
466 4233 731 4304 ἐκχεῖται,
764 4232 861 4284 καὶ
905 4232 957 4284 oi.
990 4231 1151 4284 ὁισκο)⁵
1190 4230 1542 4284 ἀπολοῦνταν
1578 4230 1715 4284 ἀλλὰ
1736 4227 1879 4284 οἶνον

282 4323 414 4377 νέον
434 4324 515 4385 είς
550 4322 754 4384 ἀσκοὺς
780 4320 1004 4383 καινοὺς
1054 4320 1303 4392 βλητέον.
1352 4340 1370 4373 ι
1410 4322 1649 4393 Ὥσπερ,
1689 4325 1877 4395 φησὶν,

286 4417 340 4468 εἱ
368 4413 536 4484 ῥάκος
565 4411 833 4481 ᾶγναφον,
865 4411 1121 4465 τουτέστι
1142 4412 1352 4478 καινὸν,
1388 4412 1715 4485 ὲπιόληθείη
1754 4415 1882 4484 ίμα-

284 4506 391 4577 τίῳ
427 4503 666 4574 παλαιῷ,
690 4503 1048 4574 διαρῤἡγνυσι
1071 4502 1230 4556 τοῦτο
1251 4505 1317 4574 τῇ
1337 4504 1516 4575 οἰκείᾳ
1534 4506 1876 4576 στερρότητι,

1972 2013 2149 2067 solum
2185 2014 2327 2082 quod
2357 2013 2647 2082 desponset
2679 2014 2916 2082 virgines
2950 2016 3181 2080 animas,
3214 2021 3307 2071 scd
3337 2027 3391 2070 et
3418 2022 3560 2084 quod

1976 2114 2188 2174 tempus
2240 2104 2397 2173 primi
2457 2103 2538 2157 sui
2584 2105 2872 2169 adventus,
2930 2120 3034 2160 non
3087 2116 3300 2176 tempus
3350 2106 3552 2169 luctus,

1972 2212 2151 2267 neque
2179 2196 2521 2250 austeritatis
2552 2206 2637 2251 est
2671 2196 2738 2249 iis
2763 2198 2854 2266 qui
2891 2197 2944 2251 in
2986 2198 3135 2252 illum
3171 2201 3420 2261 credunt,
3460 2215 3557 2253 ue-

1974 2306 2080 2362 que
2113 2290 2330 2345 labores
2363 2289 2590 2355 habens,
2619 2291 2712 2344 sed
2756 2289 2916 2345 facile
2965 2300 3018 2346 et
3055 2289 3261 2360 absque
3302 2292 3560 2361 operibus

1977 2378 2107 2448 legis
2141 2392 2241 2447 per
2277 2377 2609 2445 baptismum
2656 2377 2967 2435 refocillaus
3016 2395 3137 2435 nos.
3181 2380 3367 2447 Qualis
3414 2382 3559 2434 enim

1975 2467 2130 2523 labor
2162 2469 2471 2540 baptizari?
2500 2480 2741 2524 attamen
2791 2484 2890 2540 per
2919 2470 3105 2525 facilia
3161 2472 3277 2526 haec
3322 2473 3556 2526 salutem

1975 2561 2389 2630 consequimur.
2414 2559 2538 2614 Filii
2574 2571 2754 2614 autem
2788 2561 3034 2626 thalami,
3078 2563 3330 2629 apostoli,
3376 2571 3561 2631 utpote

1975 2662 2029 2704 et
2066 2652 2169 2720 ipsi
2207 2651 2547 2707 Dominicum
2586 2653 2842 2722 gaudium
2871 2652 3109 2707 assecuti
3142 2665 3195 2708 et
3226 2655 3405 2708 omnis
3437 2668 3555 2708 etn-

1976 2741 2128 2795 lestis
2150 2740 2276 2794 boni
2312 2755 2377 2794 ac
2415 2741 2712 2811 voluptatis
2751 2741 2921 2796 totius
2968 2743 3282 2813 participes.
3314 2741 3562 2813 Iulellige

1976 2845 2158 2884 amem
2185 2841 2238 2883 et
2269 2830 2348 2884 sic
2391 2833 2533 2899 quod
2594 2832 2773 2886 omnis
2815 2833 3000 2896 homo,
3038 2833 3256 2902 quando
3300 2836 3558 2888 virtutem

1977 2934 2255 2992 nptn‘atur,
2299 2922 2441 2976 illius
2475 2934 2559 2976 est
2583 2923 2805 2977 thalami
2862 2925 3140 2993 nuptialis.
3171 2924 3422 2991 Quandiu
3452 2926 3558 2994 igi-

1981 3016 2337 3070 lurltahuerit
2384 3031 2572 3070 secum
2614 3032 2874 3085 Sponsum
2936 3019 3237 3082 Christum,
3289 3019 3567 3089 noujeju-

1980 3120 2092 3174 nat,
2127 3108 2227 3162 hoc
2258 3117 2362 3172 est,
2399 3124 2504 3163 non
2533 3109 2774 3163 ostendit
2823 3125 2988 3179 opera
3028 3111 3363 3178 paenitentiae
3397 3127 3410 3162 :
3454 3127 3552 3164 ne-

1979 3216 2085 3268 que
2123 3201 2268 3253 enim
2331 3200 2530 3256 cecidit
2581 3201 2849 3271 :quando
2906 3211 3089 3256 autem
3132 3204 3197 3257 ab
3244 3217 3311 3256 eo
3349 3203 3562 3257 ablatus

1980 3292 2146 3347 fuerit
2176 3292 2454 3358 Christus,
2505 3292 2903 3364 prolapsusque
2944 3294 3106 3348 fuerit
3148 3295 3200 3348 iu
3258 3307 3560 3364 peccatum,

1980 3397 2108 3441 tunc
2136 3386 2371 3458 jejunat,
2405 3396 2459 3442 et
2485 3388 2859 3457 pmuiteutiam
2889 3388 3024 3460 agit,
3056 3399 3115 3443 ut
3143 3404 3172 3443 a
3205 3399 3431 3459 peccato
3470 3402 3566 3443 sa-

1979 3491 2159 3537 ηθιυτ.

2051 3773 2220 3830 Vsus.
2250 3771 2448 3827 20-22.
2487 3790 2506 3825 ι
2545 3770 2612 3826 Ει
2662 3787 2824 3827 nemo
2870 3783 3242 3829 assumeutum
3275 3777 3437 3845 partui
3472 3793 3562 3832 ru.

1980 3869 2067 3924 dis
2092 3867 2264 3922 assuit
2290 3865 2621 3919 vestimento
2652 3865 2819 3920 veteri
2864 3883 2878 3919 :
2920 3867 3161 3936 alioquin
3209 3868 3389 3923 aufert
3432 3886 3568 3941 sup-

1981 3960 2311 4030 plementum
2344 3956 2465 4025 ejus
2494 3970 2694 4011 novum
2728 3971 2760 4010 a
2805 3957 2998 4021 veteri,
3036 3967 3091 4011 et
3123 3961 3275 4027 pejor
3329 3960 3565 4015 scissura

1981 4052 2061 4108 lit.
2092 4053 2158 4106 Et
2187 4064 2345 4106 nemo
2362 4048 2528 4103 mittit
2550 4048 2734 4101 vinum
2767 4058 3007 4103 mttstutu
3041 4050 3092 4102 in
3128 4059 3279 4104 utres
3308 4059 3523 4105 veteres
3551 4068 3567 4106 :

1982 4144 2180 4213 alioqui
2225 4141 2515 4211 disrumpit
2556 4142 2737 4196 viuum
2787 4150 3233 4208 mustum'utres,
3267 4153 3320 4198 et
3381 4144 3566 4197 vinum

1981 4236 2302 4300 elfunditur,
2337 4246 2392 4289 et
2425 4246 2577 4291 utres
2602 4242 2831 4304 pereunt
2860 4251 2874 4287 :
2905 4236 2998 4290 sed
3029 4238 3216 4290 vinum
3249 4247 3488 4290 mustum
3515 4237 3568 4289 in

1986 4339 2134 4385 utres
2194 4343 2363 4383 novos
2423 4329 2563 4383 mitti
2614 4328 2795 4383 debet.
2839 4347 2859 4379 ι
2925 4327 3427 4395 Quemadmodum,
3485 4329 3572 4382 in-

1982 4422 2125 4493 quit,
2161 4435 2373 4491 pannus
2405 4421 2573 4486 rudis,
2609 4420 2711 4475 hoc
2741 4430 2823 4475 est
2869 4435 3063 4485 novus,
3113 4420 3160 4475 si
3195 4430 3448 4475 assuatur
3477 4435 3570 4474 ve-

1986 4516 2248 4570 stimento
2282 4516 2474 4581 veteri,
2528 4530 2625 4568 sua
2663 4514 2922 4569 lirmitate
2981 4513 3110 4569 illud
3158 4515 3437 4579 discindit,
3487 4516 3569 4570 vi-

286 4596 437 4662 οἶνός
459 4615 520 4650 τε
562 4597 685 4659 νέος
713 4599 778 4667 τῇ
809 4595 978 4651 αὐτοῦ
1009 4596 1308 4667 θερμότητι
1365 4598 1492 4660 τοὺς
1540 4598 1749 4660 ἀσκοὺς
1779 4615 1877 4650 πα-

1995 4621 2231 4675 unmque
2260 4621 2459 4661 novum
2494 4619 2589 4659 sua
2617 4608 2943 4659 aastuatione
2986 4616 3137 4659 utres
3185 4615 3399 4660 veteres
3451 4605 3562 4660 dis-

288 4693 484 4755 λαιοὺς
526 4692 874 4763 διαρῤήτσει,
904 4689 1049 4743 οὕτω
1096 4690 1192 4744 καὶ
1218 4690 1269 4742 οἱ
1319 4691 1560 4761 μαθηταί
1595 4707 1698 4761 μου
1733 4691 1886 4745 οὔπω

292 4787 590 4856 γεγόνασιν
617 4784 848 4855 ἰσχυροὶ,
878 4783 1019 4838 ὥστε
1040 4784 1135 4837 ἐὰν
1167 4781 1496 4855 βαρήσωμεν
1517 4785 1736 4849 αὐτοὺς,
1766 4784 1890 4854 βλά-

290 4879 498 4949 ψομεν.
538 4876 792 4939 Παλαιοῖς
816 4874 927 4944 γὰρ
957 4874 1200 4929 ἐοίκασιν
1235 4875 1494 4945 ἱματίοις,
1519 4876 1609 4929 διὰ
1634 4877 1696 4929 τὸ
1728 4877 1888 4930 ἀσθε-

294 4971 389 5032 νὲς
420 4968 519 5038 τῆς
549 4965 729 5020 αὐτῶν
758 4965 1005 5036 γνώμης.
1040 4965 1116 5018 Οὐ
1149 4963 1257 5035 χρὴ
1306 4960 1401 5018 οὖν
1444 4966 1758 5018 ὲπιὸἀλλειν
1792 4966 1927 5053 at):

291 5065 410 5125 τοῖς
450 5060 514 5114 τὸ
543 5060 639 5127 τῆς
689 5057 943 5129 νηστείας
986 5057 1127 5129 βαρὺ
1189 5056 1470 5128 ἐπίταγμα
1499 5073 1513 5087 ⁸
1547 5058 1580 5128 ἢ
1612 5057 1708 5111 καὶ
1746 5057 1889 5112 οὕτω

299 5156 529 5224 νοήσαις
552 5167 568 5183 ⁶
631 5152 694 5206 ΟΞ
724 5151 820 5207 τοῦ
871 5150 1113 5222 Χριστοῦ
1148 5150 1388 5221 μαθηταὶ
1418 5152 1598 5204 καινοὶ
1628 5151 1802 5219 ὄντες,
1829 5154 1889 5205 οὐ

296 5248 560 5301 δύνανται
591 5243 869 5298 δουλεύειν
894 5243 1145 5307 παλαιοῖς
1164 5243 1313 5297 ἔθεσι
1347 5243 1443 5298 καὶ
1468 5244 1673 5314 νόμοις.

381 5360 401 5392 ι
475 5339 588 5392 Καὶ
652 5338 872 5406 ἐγένετο
917 5336 1406 5408 παραπορεύεσθαι
1448 5336 1610 5391 αὐτὸν
1657 5338 1718 5389 ἐν
1776 5340 1891 5402 τοῖς

307 5430 552 5484 Σάὂεασι
587 5428 677 5481 διὰ
692 5427 802 5480 τῶν
845 5427 1154 5498 σπορίμων,
1184 5427 1278 5481 καὶ
1305 5425 1542 5499 ἤρξαντο
1566 5430 1614 5481 oi
1650 5427 1892 5498 μαθηταὶ

306 5521 473 5577 αὐτοῦ
503 5520 793 5584 ὁδοποιεῖν,
828 5518 1103 5582 τίλλοντες
1130 5520 1256 5583 τοὺς
1288 5519 1548 5589 στάχυας,
1579 5521 1675 5572 καὶ
1703 5521 1752 5573 οἱ
1781 5522 1893 5573 Φα-

316 5617 517 5686 ρισαῖοι
549 5612 738 5680 ἔλεγον
760 5609 911 5682 αὐτῷ
934 5627 949 5643 ·
985 5613 1094 5665 Ἴδε
1128 5612 1181 5664 τί
1231 5612 1478 5666 ποιοῦσιν
1503 5614 1562 5666 ὲν
1606 5617 1718 5677 τοῖς
1748 5611 1889 5667 25.6-

306 5704 469 5757 61ch
499 5702 529 5755 ὃ
559 5701 662 5756 οὐκ
688 5702 866 5769 ἔξεστι
891 5720 906 5771 ;
933 5703 1042 5755 Καὶ
1094 5702 1260 5765 αὐτὸς
1302 5702 1490 5771 ἔλεγεν
1538 5705 1721 5766 αὐτοῖς
1740 5720 1752 5732 ·
1787 5704 1891 5757 Θύ-

307 5792 501 5847 δέποτε
534 5793 804 5862 ἀνέγνωτε
839 5796 890 5846 τί
918 5794 1143 5863 ἐποίησε
1198 5794 1363 5849 Δαϐὶδ
1400 5796 1487 5848 ὅτε
1520 5796 1711 5867 χρείαν
1743 5796 1891 5866 ἔσχε,

312 5887 406 5940 καὶ
432 5887 718 5940 ἐπείνασεν
749 5888 910 5951 αὐτὸς
952 5887 1044 5945 καὶ
1082 5890 1129 5941 οἱ
1163 5890 1283 5958 μετ’
1309 5889 1473 5943 αὐτοῦ
1506 5909 1519 5958 ;
1558 5893 1671 5956 πῶς
1711 5892 1891 5962 εἰσῆλι

1992 4699 2198 4768 rumpit
2230 4716 2244 4753 :
2278 4698 2358 4754 sic
2375 4698 2538 4751 etiam
2572 4696 2819 4765 discipuli
2851 4697 2955 4751 mei
2989 4698 3228 4751 nondum
3272 4697 3571 4751 iacti'suut

1993 4792 2204 4848 fortes:
2240 4792 2422 4860 itaque
2454 4792 2495 4845 si
2531 4805 2831 4861 gravavero
2880 4789 3050 4859 ipsos,
3084 4788 3374 4845 oifennlam.
3416 4789 3571 4845 Vete-

1992 4883 2142 4937 ribus
2175 4884 2319 4936 enim
2375 4882 2717 4936 vestimentis
2747 4880 2954 4935 similes
3019 4890 3165 4946 sunt,
3198 4881 3270 4935 ob
3329 4882 3571 4950 ipsorum

1993 4975 2162 5029 animi
2198 4974 2647 5029 imbecillitatem.
2675 4972 2789 5027 Non
2823 4983 3038 5041 oportet
3071 4974 3234 5043 igitur
3270 4973 3391 5029 illos
3423 4976 3572 5044 gravi

1989 5064 2322 5135 jejuniorum
2370 5073 2641 5134 praecepto
2669 5078 2923 5118 onerare.
2954 5063 3053 5118 Vel
3086 5065 3251 5119 etiam
3296 5064 3375 5119 sic
3414 5064 3573 5119 intel—

1994 5158 2135 5229 lige:
2175 5158 2432 5227 Discipuli
2471 5156 2698 5221 Christi,
2739 5171 2864 5211 cum
2897 5154 3007 5209 sint
3039 5157 3184 5222 novi,
3207 5171 3315 5211 non
3350 5166 3577 5225 possunt

1994 5251 2204 5306 servire
2239 5252 2436 5319 priscis
2467 5251 2711 5305 moribus
2739 5260 2794 5306 et
2820 5250 3047 5321 legibus.

2066 5340 2232 5396 Vens.
2265 5341 2459 5398 23-28.
2497 5359 2516 5392 ι
2560 5342 2624 5395 Ει
2664 5341 2863 5396 accidit
2899 5350 2957 5395 ut
3003 5341 3262 5396 transiret
3326 5340 3579 5397 Sabbatis

1996 5450 2092 5503 per
2118 5444 2351 5503 segetes.
2397 5442 2452 5487 et
2496 5442 2780 5502 eruperunt
2838 5431 3093 5501 discipuli
3125 5431 3242 5500 ejus
3273 5435 3416 5488 inter
3437 5434 3578 5488 viain

1996 5528 2200 5581 vellere
2227 5526 2428 5596 spicas,
2476 5534 2531 5580 et
2563 5525 2823 5582 Pharisaei
2862 5526 3118 5581 dicebant
3154 5527 3202 5580 ei
3242 5525 3445 5592 :Ecce,
3483 5541 3583 5581 cur

1999 5619 2204 5674 faciunt
2230 5617 2485 5708 Sahbatis
2513 5621 2655 5687 quod
2702 5634 2813 5673 non
2868 5618 3028 5673 licet?
3067 5618 3133 5672 Et
3175 5618 3290 5687 ipse
3320 5618 3396 5671 ait
3425 5617 3531 5670 illis
3563 5634 3579 5671 :

1998 5711 2282 5781 Nunquam
2340 5711 2548 5782 legistis
2600 5712 2731 5781 quid
2792 5710 2986 5767 fecerit
3045 5711 3233 5776 David,
3277 5724 3400 5770 cum
3448 5723 3582 5778 opus

2004 5809 2248 5874 haberet,
2285 5818 2338 5864 et
2375 5808 2609 5863 csutiret
2639 5808 2753 5877 ipse
2786 5820 2838 5862 et
2864 5808 2951 5876 qui
2982 5823 3104 5862 cum
3132 5823 3197 5862 eo
3219 5805 3415 5861 erant?
3442 5820 3582 5874 quo-

2007 5902 2162 5957 modo
2216 5902 2489 5973 ingressus
2530 5901 2601 5956 sit
2655 5901 2702 5955 in
2761 5900 2979 5955 domum
3046 5899 3136 5953 Dei
3189 5898 3290 5953 sub
3317 5899 3584 5955 Abiathal'
