3968 6460
250 356 365 420 [21

978 351 1430 416 ENARRATIO
1469 351 1551 413 IN
1588 350 2089 414 EVANGELIUM
2132 353 2396 415 MARCI.
2420 380 2489 391 --
2517 353 2677 419 CAP.
2720 354 2834 417 ΙΙΙ.

3409 359 3515 428 5'22

253 481 504 538 τματος.
547 463 838 520 Ἐπιπλέον
886 463 943 518 δὲ
1001 464 1201 528 αὐτοὺς
1257 464 1353 519 καὶ
1407 462 1502 517 νῦν
1549 464 1845 536 ἐντρέπων,

1955 464 2059 534 puli
2110 464 2246 537 ejus,
2293 475 2350 520 ut
2378 473 2432 521 et
2470 466 2584 536 ipse
2617 476 2865 537 operetur
2896 466 2949 527 in
2986 466 3072 529 die
3105 466 3326 527 Sabbati
3356 472 3523 528 mira-

259 559 704 630 Οαυματουργεῖ,
732 556 993 613 δεικνύων
1022 558 1131 625 ὅτι,
1163 556 1437 613 Τοσοῦτον
1464 557 1564 629 οὐχ
1596 558 1848 629 ἀμαρτά-

255 669 452 706 νουσιν
473 651 523 704 οί
554 649 795 723 μαθηταί
827 665 953 721 μου,
978 648 1121 704 ὥστε
1147 648 1244 705 καὶ
1284 648 1450 714 αὐτὸς
1478 649 1590 721 ἐγὼ
1618 648 1849 721 ἐργάζο-

260 759 370 816 μαι
399 743 457 796 ὲν
488 745 558 812 τῇ
607 741 796 815 ἡμέρᾳ
831 740 927 795 τοῦ
962 740 1264 807 Σαϐϐἀτου,
1310 740 1498 812 θαῦμα
1544 738 1851 795 ἐπιδεικνύ-

260 849 466 906 μενος·
497 832 642 888 ὥστε
676 834 728 887 εί
780 832 953 888 κακόν
986 833 1103 888 ἐστι
1131 832 1194 888 τδ
1239 832 1700 905 θαυματουργεῖν,
1732 832 1849 887 ἐστι

258 926 446 983 κακὸν
478 925 669 988 ἁπλῶς
699 927 794 980 καὶ
828 927 890 979 τδ
925 924 1261 997 ἐργάζεσθαι
1287 925 1358 981 τὰ
1388 927 1661 994 ἀναγκαῖα
1690 926 1750 982 ὲν
1771 925 1849 998 τῷ

256 1017 549 1089 Σαϐϐάτῳ·
582 1017 719 1072 ἀλλά
746 1016 856 1090 μὴν
875 1016 939 1071 τὸ
962 1017 1426 1089 θαυματουργεῖν.
1478 1016 1573 1073 ἐπὶ
1605 1018 1850 1091 σωτηρίᾳ

256 1104 580 1176 ἀνθρώπου,
613 1105 757 1161 θεῖόν
786 1107 935 1163 ἔστιν
960 1146 976 1175 ,
1003 1105 1106 1162 οὐκ
1130 1104 1244 1175 ἀρα
1278 1105 1591 1175 παρανομεῖ
1628 1105 1659 1157 6
1686 1105 1745 1157 έν
1769 1103 1850 1174 τῷ

258 1196 535 1268 Σαϐϐάτῳ
572 1196 649 1268 μὴ
680 1197 851 1252 κακόν
899 1215 952 1253 τι
993 1196 1387 1267 ἐργαζόμενος.
1427 1197 1524 1250 Διά
1566 1194 1727 1253 τοῦτο
1758 1193 1851 1251 οὖν

256 1291 363 1343 καὶ
382 1291 565 1361 ἐρωτᾷ
584 1289 785 1353 αὐτοὺς
809 1290 860 1343 εί
884 1289 1096 1357 ἔξεστιν
1119 1288 1544 1358 ἀγαθοποιῆσαι,
1569 1289 1850 1359 ἐντρέπων

262 1380 474 1442 αὐτοὺς
509 1378 585 1444 ώς
622 1379 934 1445 κωλύοντας
981 1380 1149 1437 αὑτὸν
1179 1380 1294 1436 ἀπὸ
1329 1379 1423 1435 τοῦ
1467 1379 1848 1449 ἀγαθοποιεῖν·

259 1473 445 1544 ξηρὰν
473 1474 530 1528 δὲ
556 1472 671 1546 ἔχει
700 1473 799 1546 τὴν
828 1472 984 1545 χεῖρα
1019 1473 1119 1546 τὴν
1148 1473 1330 1541 δεξιὰν
1360 1474 1472 1538 πᾶς
1498 1474 1528 1526 ό
1560 1472 1639 1546 μὴ
1675 1473 1851 1543 πράτ-

252 1582 377 1621 saw
408 1565 477 1619 τά
504 1566 603 1635 τῆς
633 1565 815 1631 δεξιᾶς
868 1565 1084 1640 μερίδος
1119 1565 1279 1637 ἔργα.
1334 1564 1478 1637 Πρὸς
1516 1563 1575 1617 ὃν
1625 1563 1775 1634 λέγει
1825 1565 1852 1615 ό

256 1657 527 1727 Χριστόςο
555 1657 833 1732 Ἐγειραι,
855 1657 1158 1724 τουτέστιν,
1176 1656 1412 1713 ’Δνάστα
1432 1654 1540 1710 ἀπὸ
1558 1644 1658 1726 τῆς
1673 1654 1856 1727 ἁμαρ-

255 1749 412 1815 τὶας,
459 1750 555 1805 καὶ
587 1750 746 1822 στῆθι
791 1752 871 1815 εἰς
904 1749 967 1805 τὸ
1020 1749 1211 1822 μέσον,
1262 1750 1569 1814 τουτέστιν,
1621 1750 1701 1811 είς
1751 1748 1852 1822 τὴν

1951 555 2133 613 culum
2173 556 2381 614 faciens
2408 575 2422 614 :
2456 559 2528 613 ita
2569 568 2626 613 ut
2654 559 2698 615 si
2728 559 2926 618 malum
2948 562 3016 618 sit
3042 562 3255 633 operari
3286 564 3523 621 miracuo

1951 647 2087 721 lum,
2103 648 2422 721 simpliciter
2441 649 2638 707 malum
2659 648 2897 708 futurum
2921 651 2993 710 sit
3013 653 3225 733 operari
3243 655 3406 728 186
3430 670 3525 713 ne-

1952 754 2101 796 cesse
2117 739 2195 795 ria
2216 739 2269 795 in
2294 737 2531 796 Sabbato
2553 756 2567 809 ;
2587 742 2681 797 sed
2696 741 3012 802 miraculum
3024 742 3204 801 facere
3227 745 3280 801 in
3293 746 3521 803 salutem

1953 831 2208 896 hominis,
2250 831 2491 888 divinum
2520 841 2601 887 est
2635 847 2648 885 :
2683 845 2788 888 non
2820 831 2985 902 igitur
3015 836 3405 904 pravaricatur
3432 838 3528 910 qui

1952 921 2008 977 in
2066 919 2304 979 Sabbato
2349 924 2492 995 quod
2543 921 2743 979 malum
2783 934 3016 997 nonest,
3072 938 3352 999 operatur.
3396 926 3536 995 Pro;

1952 1024 2135 1088 pterea
2172 1015 2335 1072 etiam
2367 1017 2668 1088 interrogat
2694 1018 2816 1075 illos
2848 1035 2977 1076 num
3003 1020 3162 1079 liceat
3183 1023 3527 1094 benefacere,

1956 1115 2147 1159 natans
2168 1119 2263 1161 eos
2296 1113 2353 1160 ut
2382 1105 2698 1163 benefacere
2736 1122 2859 1164 eum
2894 1110 3268 1181 prohibentes.
3302 1113 3524 1172 Aridam

1954 1204 2134 1251 autem
2175 1196 2455 1253 dexteram
2499 1200 2674 1255 omnis
2705 1200 2867 1257 habet
2891 1202 2981 1273 qui
3003 1217 3167 1275 opera
3198 1219 3385 1264 eorum
3420 1202 3527 1269 nou

1959 1285 2088 1342 facit
2117 1286 2208 1355 qui
2242 1289 2309 1344 ad
2338 1287 2611 1345 dexteram
2646 1301 2853 1362 partem
2900 1298 3190 1367 pertinent.
3244 1298 3326 1354 Ad
3367 1314 3527 1370 quem

1955 1379 2206 1437 Christus
2251 1383 2404 1453 dicit,
2435 1384 2709 1452 Excitare,
2744 1387 2847 1445 hoc
2884 1398 2987 1454 est,
3021 1389 3197 1465 Surge
3225 1406 3256 1448 a
3287 1403 3534 1471 peccato,

1955 1484 2009 1529 et
2030 1484 2111 1530 sta
2138 1474 2190 1530 in
2230 1476 2426 1540 medio.
2464 1476 2566 1538 hoc
2591 1488 2673 1535 est
2728 1480 2781 1535 in
2830 1482 3207 1542 mediocritate
3245 1487 3528 1547 virtutum.

1956 1561 2145 1622 Omnis
2187 1567 2329 1624 enim
2359 1568 2530 1625 virtus
2577 1570 2922 1629 mediocritas
2948 1583 3055 1641 est.
3084 1590 3150 1635 eo
3177 1578 3320 1647 quod
3353 1594 3531 1650 neque

1955 1655 2009 1713 in
2063 1655 2352 1723 defectum,
2404 1674 2579 1733 neque
2630 1661 2683 1717 in
2731 1677 3012 1721 excessum
3072 1667 3324 1725 declinat.
3383 1671 3536 1727 Tunc

1955 1749 2121 1821 igitur
2155 1752 2371 1820 quando
2395 1765 2454 1808 se
2479 1754 2670 1812 statuit
2715 1756 2768 1810 in
2796 1756 3246 1829 mediocritatem,
3284 1762 3535 1819 restitui-

264 1839 550 1910 μεσότητα
583 1840 694 1895 τῶν
723 1839 955 1923 ἀρετῶνέ
994 1841 1154 1895 Πᾶσα
1191 1838 1303 1909 γὰρ
1350 1837 1521 1909 ἀρετὴ
1546 1877 1564 1907 ,
1610 1835 1844 1908 μεσότης

1955 1851 2040 1897 tur
2086 1841 2306 1897 dextera
2360 1843 2410 1901 ei
2458 1857 2608 1901 sana.
2651 1843 2782 1903 Vide
2838 1857 3017 1909 autem
3090 1853 3232 1921 quod
3277 1853 3430 1923 dicit,
3461 1853 3530 1909 Et

259 1931 444 1997 ἐστὶν,
481 1930 601 1987 οὔτε
628 1934 712 1997 είς
738 1933 839 2005 τὴν
869 1915 1128 2002 ἔλλειψιν,
1158 1930 1283 1986 οὗτε
1310 1932 1390 1995 είς
1412 1930 1511 2002 τὴν
1539 1928 1845 2003 ὑπερϐολὴν

262 2023 619 2081 ὲπινεύουσα*
655 2027 775 2082 τότε
803 2028 989 2085 τοίνυν
1021 2029 1155 2085 ὅταν
1192 2026 1371 2096 σταθῇ
1423 2024 1504 2087 εἰς
1540 2023 1640 2095 τὴν
1681 2023 1843 2093 μεσό-

258 2134 433 2189 τητα,
467 2120 1115 2193 ἀποκατασταθήσεταιή
1147 2121 1271 2192 χεὶρ
1296 2116 1461 2174 αὐτοῦ
1490 2118 1672 2192 ὑγιής.
1700 2115 1844 2191 Ὅρα

258 2210 320 2264 δὲ
376 2215 473 2267 καὶ
515 2213 582 2266 τὸ
636 2212 1103 2283 Ἀποκατεστάθη.
1140 2213 1250 2268 Καὶ
1278 2211 1386 2282 γὰρ
1416 2206 1483 2285 ἦν
1510 2209 1598 2264 ὅτε
1627 2209 1851 2283 εἴχομεν

262 2303 447 2371 ὑγιεῖς
480 2303 584 2369 τὰς
616 2307 827 2376 χεῖρας,
856 2305 1129 2370 τουτέστι,
1183 2304 1283 2377 τὴν
1335 2301 1649 2374 πρακτικὴν
1694 2301 1851 2377 ἐνέρ-

260 2411 447 2462 τειαν,
482 2396 573 2451 ὅτε
611 2397 772 2452 οὔπω
800 2396 1114 2468 παράϐασις
1136 2412 1148 2427 ·
1204 2393 1301 2464 ἀφ’
1338 2387 1400 2451 οὗ
1423 2394 1485 2450 δὲ
1524 2393 1792 2465 ὲξετάσθη
1817 2395 1852 2465 ἡ

261 2486 394 2556 χεὶρ
421 2489 453 2559 ἡ
465 2487 581 2557 μῶν
618 2490 714 2544 ἐπὶ
759 2490 849 2545 τὸν
882 2488 1332 2563 ἀπηγορευμένον
1378 2486 1610 2559 καρπὸν,
1654 2485 1853 2543 ἔκτοτε

1951 1932 2205 1989 restituta
2253 1943 2355 1989 est.
2403 1932 2573 1992 Erant
2604 1937 2752 1994 cutim
2800 1938 2927 1999 olim
2956 1941 3116 1999 nobis
3143 1958 3289 2000 same
3318 1962 3531 2019 manus,

1952 2022 2055 2082 boc
2075 2033 2159 2083 eet
2207 2024 2390 2083 eﬂicax
2417 2028 2586 2086 virtus
2609 2030 2904 2101 operativa',
2935 2036 3148 2104 quando
3172 2040 3410 2095 nondum
3435 2039 3539 2097 fuit

1959 2119 2343 2188 transgressio.
2388 2120 2485 2181 Ubi
2518 2131 2696 2181 autem
2731 2133 2947 2185 extenta
2978 2137 3062 2185 est
3091 2131 3316 2189 dextera
3350 2143 3533 2192 nostra

1960 2209 2028 2265 ad
2082 2209 2320 2269 fructum
2367 2214 2721 2286 prohibitum,
2782 2229 2910 2279 tunc
2945 2236 3192 2283 arescere
3247 2226 3412 2298 coepit
3470 2229 3536 2283 ad

1959 2303 2328 2374 operationem
2403 2307 2566 2378 boui.!
2613 2307 2952 2371 Bcstituetur
3005 2313 3171 2387 igitur
3229 2316 3422 2372 iterum
3483 2318 3536 2373 in

1958 2395 2246 2468 pristinam
2291 2398 2598 2469 sanitatem,
2632 2418 2753 2461 cum
2784 2403 2841 2463 in
2888 2406 3064 2465 medio
3094 2409 3405 2466 steterimus
3427 2411 3537 2465 vir-

1960 2494 2163 2543 tutum.

262 2577 544 2653 ἐξηράνθη
577 2582 716 2652 προς
755 2581 852 2653 τὴν
880 2581 979 2635 τοῦ
1018 2581 1186 2636 καλοῦ
1223 2579 1510 2653 ἐργασίαν.
1548 2577 1720 2634 Πάλιν
1782 2575 1884 2634 οὖν
1926 2579 2516 2654 ἀποκατασταθήσεται
2557 2586 2636 2649 εἰς
2675 2586 2774 2658 τὴν
2819 2591 3093 2662 προτέραν
3135 2592 3344 2665 ὑγείαν,
3411 2597 3541 2653 ὅταν

258 2671 325 2726 ὲν
356 2671 433 2743 τῷ
463 2674 621 2745 μέσῳ
661 2674 948 2746 σταθῶμεν
971 2675 1080 2730 τῶν
1109 2673 1342 2747 ἀρετῶν.

350 2784 372 2819 ι
410 2768 524 2823 Καὶ
553 2768 862 2835 ἐξελθόντες
894 2771 945 2825 οί
976 2771 1288 2841 Φαρισαῖοι,
1323 2767 1529 2834 εὐθέως
1569 2768 1711 2841 μετὰ
1743 2768 1850 2827 τῶν

2036 2764 2201 2825 Vens.
2237 2765 2393 2826 6-12.
2431 2785 2451 2820 ι
2484 2766 2701 2839 Egressi
2729 2781 2859 2824 vero
2891 2767 3152 2825 Pharisaei
3199 2773 3384 2826 statim
3433 2789 3541 2830 una

274 2857 634 2929 Ἡρωδιανῶν
670 2862 997 2934 συμϐούλιον
1033 2864 1253 2919 ἐποίουν
1300 2864 1424 2917 κατ’
1459 2862 1650 2930 αὑτοῦ,
1694 2863 1849 2928 ὅπως

1960 2873 2086 2916 cum
2127 2858 2454 2921 Herodianis
2504 2859 2797 2917 consilium
2842 2860 3046 2917 inibant
3103 2863 3363 2920 adversus
3388 2865 3538 2921 illum

261 2948 437 3004 αὑτὸν
486 2950 820 3009 ἀπολέσωσι.
871 2953 985 3008 Καὶ
1032 2955 1062 3009 6
1112 2952 1323 3026 Ἰησοῦς
1354 2952 1671 3025 ἀνεχώρησε
1704 2953 1850 3026 μετά

1960 2964 2019 3012 ut
2048 2969 2168 3012 eum
2204 2957 2513 3027 perderent.
2561 2955 2720 3021 Jesus
2752 2966 2931 3013 autem
2977 2973 3100 3014 cum
3126 2958 3406 3032 discipulis
3427 2960 3542 3020 suis

263 3045 386 3101 τῶν
418 3046 679 3119 μαθητῶν
712 3049 880 3104 αὐτοῦ
928 3048 1067 3122 acpbe
1108 3050 1209 3122 τὴν
1249 3049 1545 3115 θάλασσαν,
1578 3051 1675 3106 καὶ
1717 3050 1850 3105 πολὺ

1955 3050 2181 3107 secessit
2231 3050 2298 3105 ad
2355 3064 2525 3118 mare,
2574 3060 2631 3107 et
2672 3052 2860 3123 ingens
2907 3051 3196 3109 multitudo
3233 3064 3416 3110 secuta
3456 3064 3542 3112 est

266 3136 484 3209 πλῆθος
533 3141 644 3195 ἀπὸ
679 3142 782 3212 τῆς
812 3141 1104 3208 Γαλιλαίας
1133 3141 1508 3217 ἠκολούθησεν
1547 3143 1720 3217 αὐτῷ,
1759 3145 1855 3200 καὶ

265 3228 387 3286 ἀπὸ
423 3231 524 3299 τῆς
570 3233 858 3303 Ἰουδαίας,
901 3235 997 3291 καὶ
1022 3233 1132 3293 ἀπὸ
1173 3234 1591 3307 Ἱεροσολύμων,
1624 3236 1720 3291 καὶ
1746 3235 1856 3290 ἀπὸ

262 3322 375 3393 τῆς
418 3324 748 3395 Ἰδουμαίας,
792 3328 892 3385 καὶ
945 3326 1119 3400 πέραν
1157 3328 1253 3385 τοῦ
1313 3329 1603 3402 Ἰορδάνου,
1656 3330 1753 3385 καὶ
1804 3331 1855 3385 οἱ

266 3413 410 3485 περὶ
445 3414 623 3487 Τύρον
653 3415 749 3471 καὶ
778 3417 1009 3487 Σιδῶνα,
1057 3418 1269 3491 πλῆθος
1310 3420 1483 3489 πολὺ,
1522 3420 1857 3486 ἀκούσαντες

267 3506 378 3563 ὅσα
404 3509 603 3576 ἐποίει,
642 3506 806 3580 ἦλθον
845 3511 985 3581 πρὸς
1012 3512 1202 3569 αὐτόν.
1238 3512 1349 3568 Καὶ
1372 3509 1494 3569 εἷπε
1518 3516 1633 3579 τοῖς
1668 3514 1851 3586 μαθη-

266 3601 396 3662 ταῖς
422 3599 585 3654 αὺτοῦ
625 3600 718 3656 ἵνα
743 3600 1024 3672 πλοιάριον
1054 3608 1439 3678 προσκαρτερῇ
1467 3604 1619 3678 αὐτῷ
1641 3605 1731 3661 διὰ
1762 3608 1855 3681 τὸν

266 3688 455 3759 δχλον,
486 3690 575 3745 ἵνα
600 3690 682 3765 μὴ
706 3692 964 3751 θλίϐωσιν
1002 3695 1203 3753 αὐτόν’
1248 3696 1481 3763 πολλοὺς
1511 3697 1623 3771 γὰρ
1655 3684 1853 3770 ἐθερά-

270 3800 506 3849 πευσεν,
543 3784 683 3842 ὥστε
712 3787 1036 3843 ἐπιπίπτειν
1074 3788 1229 3861 αὐτῷ
1260 3789 1348 3847 ἵνα
1384 3790 1552 3849 αὐτοῦ
1586 3790 1853 3862 ἅψωνται,

267 3873 391 3929 ὅσοι
423 3869 569 3946 εἶχον
598 3875 895 3948 μάστιγας,
925 3881 1021 3935 καὶ
1044 3881 1114 3935 τὰ
1145 3879 1438 3950 πνεύματα
1464 3880 1537 3935 τά
1556 3880 1855 3953 ἀκάθαρτα

268 3964 407 4022 ὅταν
435 3967 599 4025 αὑτὸν
624 3968 879 4041 ἐθεώρει,
914 3971 1292 4043 προσέπιπτεν
1327 3971 1497 4045 αὐτῷ,
1530 3974 1626 4029 καὶ
1653 3971 1854 4044 ἐκραζε

269 4055 504 4125 λέγοντα
552 4058 664 4127 ὅτι,
695 4060 768 4115 Σὺ
812 4056 871 4116 εἴ
896 4062 929 4115 6
971 4062 1100 4128 Υίδς
1157 4062 1256 4118 τοῦ
1290 4061 1461 4120 Θεοῦ.
1520 4063 1632 4118 Καὶ
1684 4061 1856 4118 πολλὰ

272 4146 515 4220 ἐπετίμα
545 4152 750 4218 αὐτοῖς,
787 4152 876 4206 ἵνα
906 4151 984 4225 μὴ
1015 4152 1248 4226 φανερὸν
1271 4152 1434 4209 αὑτὸν
1464 4152 1791 4224 ποιήσωσιν.
1826 4171 1848 4206 ι

271 4239 434 4305 Τίνες
470 4237 612 4313 ἦσαν
631 4243 682 4297 οι
726 4242 1090 4317 Ἡρωδιανοί;
1127 4245 1289 4300 Ἤτοι
1324 4246 1373 4299 οί
1402 4244 1733 4318 στρατιῶται
1759 4242 1855 4297 τοῦ

1952 3158 2080 3199 eum
2114 3157 2144 3196 a
2194 3141 2438 3209 Galilaea,
2468 3150 2525 3201 et
2569 3157 2597 3203 a
2622 3141 2825 3211 Iudaea,
2852 3152 2906 3199 et
2930 3144 2997 3201 ab
3030 3142 3446 3217 Hierosolymis.
3482 3156 3540 3202 et

1958 3233 2025 3289 ab
2044 3233 2301 3301 Idumam,
2337 3243 2392 3291 et
2416 3241 2563 3290 trans
2591 3232 2906 3301 Iordanem,
2935 3242 2989 3289 et
3031 3236 3121 3307 qui
3153 3234 3300 3291 circa
3329 3234 3536 3308 Tyrum

1957 3324 2299 3389 habitabant,
2334 3312 2418 3380 ac
2444 3324 2729 3391 Sidonem,
2782 3324 3063 3381 hominum
3106 3325 3390 3383 multitudo
3418 3342 3538 3389 ma-

1956 3431 2063 3488 gna
2096 3435 2110 3474 :
2146 3418 2392 3490 quicum
2418 3417 2695 3474 audissent
2716 3432 2838 3489 qua:
2865 3415 3121 3486 faciebat,
3150 3429 3420 3477 venerunt
3468 3420 3540 3476 ad

1958 3525 2106 3566 eum.
2163 3509 2232 3567 Et
2264 3511 2407 3568 dixit
2455 3509 2738 3583 discipulis
2768 3510 2882 3567 suis
2930 3520 2991 3569 ut
3034 3513 3336 3569 naviculam
3358 3513 3542 3586 appel-

1958 3610 2131 3665 terent
2178 3603 2281 3664 sibi
2336 3612 2559 3676 propter
2615 3606 2855 3677 turbam,
2895 3619 2964 3661 ne
3016 3606 3193 3679 ipsum
3245 3616 3538 3678 premeret.

1956 3698 2155 3755 Multos
2179 3699 2322 3755 enim
2354 3709 2663 3769 sanaverat,
2701 3701 2772 3756 ita
2807 3710 2864 3757 ut
2888 3702 3157 3758 irruerent
3181 3700 3233 3755 in
3257 3715 3400 3769 eum,
3431 3713 3541 3771 quo

1957 3789 2105 3845 illum
2164 3797 2444 3861 tangerent
2502 3799 2766 3863 quotquOt
2824 3791 3100 3847 habebant
3171 3789 3403 3863 ﬂagella.
3469 3788 3543 3847 Et

1963 3880 2192 3951 spiritus
2226 3879 2492 3937 immundi
2521 3896 2645 3938 cum
2673 3882 2825 3938 illum
2871 3883 3156 3951 vidissent,
3181 3882 3542 3952 procidebant

1954 3975 2029 4040 ei,
2057 3981 2112 4032 et
2153 3972 2459 4032 clamabant
2494 3974 2757 4043 dicentes,
2788 3972 2867 4030 Tu
2909 3989 2969 4033 es
2996 3972 3168 4033 Filius
3192 3974 3309 4030 Dei.
3341 3974 3411 4034 Et
3443 3989 3539 4030 ve-

1958 4065 2239 4123 hementer
2286 4065 2739 4122 interminabatur
2760 4065 2841 4123 eis
2886 4076 2954 4121 ne
2983 4081 3045 4123 se
3068 4064 3412 4122 manifestum
3450 4065 3538 4121 fa-

1957 4166 2163 4214 cerent.
2216 4177 2238 4213 ι
2290 4158 2523 4227 Quinam
2573 4165 2730 4214 erant
2796 4158 3127 4217 Herodiani?
3185 4155 3284 4214 Vel
3337 4159 3539 4215 milites

1957 4251 2210 4318 Herodis,
2247 4251 2331 4308 vel
2357 4250 2580 4309 haeresis
2608 4253 2854 4324 quaedam
2878 4266 3050 4322 nuper
3078 4251 3366 4307 admodum
3391 4261 3536 4316 orta,

291 4331 555 4404 Ἡρώδου,
587 4335 620 4407 ἢ
654 4335 867 4407 αἵρεσίς
895 4354 978 4402 τις
1012 4335 1298 4409 νεοφανής,
1332 4337 1729 4410 δογματίζουσα
1762 4335 1850 4391 τὸν

1960 4358 2082 4417 qua!
2126 4343 2355 4401 docebat
2408 4342 2674 4400 Herodem
2726 4342 2899 4414 ipsum
2950 4356 3074 4399 esse
3127 4342 3425 4407 Christum,
3470 4358 3538 4398 eo

287 4425 539 4500 Ἡρώδην
564 4428 724 4484 αὐτὸν
748 4426 892 4486 εῖναι
917 4431 1010 4487 τὸν
1042 4432 1299 4504 Χριστὸν,
1333 4432 1421 4489 διὰ
1468 4432 1530 4486 τδ
1564 4431 1653 4487 ἐπ’
1683 4430 1850 4488 αὑτοῦ

272 4519 452 4591 πέρας
498 4520 747 4589 δέξασθαι
783 4523 882 4596 τὴν
911 4524 1023 4581 τῶν
1072 4525 1378 4582 Ἰουδαϊκῶν
1426 4525 1696 4597 βασιλέων
1730 4524 1850 4580 δια-

268 4610 458 4682 δοχήν.
505 4612 567 4670 Ἡ
594 4615 703 4689 γὰρ
746 4617 1056 4690 προφητεία
1096 4619 1192 4675 τοῦ
1238 4618 1434 4675 Ἰακὼϐ
1464 4619 1848 4690 διελάμϐανεν,

268 4702 363 4758 ὅτε
408 4705 753 4778 ἐκλείψουσιν
798 4712 848 4769 oi
893 4711 953 4778 ἐξ
1012 4710 1180 4767 Ἰούδα
1224 4711 1521 4783 ἄρχοντες,
1581 4711 1705 4765 τότε
1755 4712 1849 4765 τὸν

267 4799 513 4870 Χριστὸν
542 4802 736 4860 ἐλθεῖν.
779 4803 932 4860 ‘Eml.
958 4800 1052 4859 οὖν
1077 4804 1170 4857 ἐπὶ
1207 4803 1317 4857 τῶν
1361 4801 1604 4874 Ἡρώδου
1641 4802 1851 4876 χρόνων

268 4889 453 4955 οὐδεὶς
488 4888 558 4965 ἦν
596 4893 893 4960 Ἰουδαῖκὺς
918 4894 1125 4967 ἄρχων,
1157 4895 1272 4950 ἀλλ’
1298 4895 1462 4960 αὐτὸς
1489 4891 1660 4967 ἦρχεν
1693 4894 1849 4949 ἀλλό-

267 4983 442 5050 φυλος
468 4983 569 5049 ὢν,
618 4986 913 5057 Ἰδουμαῖος
936 4989 1053 5059 γὰρ
1084 4983 1177 5060 ἦν.
1209 4987 1469 5059 ἐνόμισαν
1511 5004 1657 5053 τινες
1686 4986 1849 5041 αὑτὸν

264 5064 416 5126 εἶναι
446 5072 541 5126 τὸν
566 5074 822 5145 Χριστὸν,
855 5076 953 5130 καὶ
993 5076 1206 5149 αἰρεσιν
1247 5079 1671 5148 συνεστήσαντο,
1701 5070 1848 5132 οὗτοι

263 5161 457 5218 τοίνυν
516 5165 838 5239 ιτσεχείρουν
887 5167 1154 5224 ἀπολέσαι
1216 5169 1309 5225 τὸν
1366 5169 1595 5241 Κύριον.
1669 5167 1729 5223 '0
1788 5167 1849 5222 δὲ

262 5255 578 5327 ἀναχωρεῖ·
606 5257 762 5315 οὔπω
787 5260 897 5334 γὰρ
935 5256 1005 5332 ἦν
1024 5261 1056 5316 6
1081 5263 1178 5316 τοῦ
1218 5261 1426 5326 πάῖους
1457 5261 1669 5331 καιρός.
1694 5262 1848 5333 ’Ἅμα

260 5347 327 5403 δὲ
354 5348 452 5402 καὶ
481 5348 568 5404 ἵνα
600 5350 854 5416 πλείονας
879 5353 1242 5429 εὐεργετήσῃ,
1268 5353 1358 5408 διά
1386 5353 1547 5409 τοῦτο
1571 5353 1849 5426 ἀναχωρεῖ

259 5438 382 5493 ἀπὸ
418 5439 531 5494 τῶν
577 5442 911 5515 ἀγνωμόνων
935 5462 949 5478 ο
979 5449 1076 5504 καὶ
1123 5451 1233 5519 γὰρ
1266 5446 1645 5519 ἠκολούθησαν
1694 5446 1846 5521 αὐτῷ

256 5530 485 5595 πολλοὶ,
516 5536 617 5590 καὶ
650 5535 841 5593 ίάσατο
877 5537 1099 5606 αὐτοὺς,
1131 5538 1269 5594 ἀλλά
1298 5539 1394 5593 καὶ
1440 5539 1490 5593 oi
1525 5538 1713 5611 Τύριοι
1752 5539 1847 5594 καὶ

260 5623 318 5678 οἱ
366 5623 658 5694 Σιδώνιοι,
713 5627 1002 5699 ἀλλόφυλοι
1047 5629 1220 5696 ὄντες,
1271 5629 1598 5701 ὠφελοῦντο.
1658 5631 1723 5684 Ol
1785 5630 1844 5687 δὲ

337 5782 387 5813 ⁷⁸
417 5778 556 5837 Gen.
588 5798 736 5849 χιιι,
760 5786 844 5842 10.

482 5876 756 5940 hunc.
792 5880 912 5942 Gn.
959 5880 1228 5947 CXXIII.

1957 4438 2100 4509 quod
2155 4435 2257 4492 sub
2301 4435 2395 4493 illo
2446 4432 2802 4515 Iudaicarum
2850 4450 3033 4507 regum
3070 4437 3343 4492 successio
3368 4435 3529 4491 tinem

1958 4528 2265 4597 habuisset,
2297 4529 2369 4584 ita
2396 4528 2538 4585 enim
2579 4530 2917 4598 exponebant
2945 4529 3283 4603 prophetiam
3338 4527 3529 4592 Jacob.

1958 4621 2174 4692 quando
2270 4619 2532 4679 defecturi
2612 4631 2797 4677 essent
2855 4634 2922 4677 ex
3013 4618 3151 4676 Juda
3241 4620 3533 4690 principes,

1957 4720 2115 4781 tunc,
2157 4722 2439 4768 venturum
2517 4711 2794 4768 Christum
2859 4710 2929 4766 ".
3009 4709 3362 4780 Cum-igitur
3430 4708 3536 4765 He-

1959 4805 2105 4861 rodis
2173 4804 2505 4876 temporibus
2563 4802 2745 4860 nullus
2799 4818 3029 4872 usquam
3093 4811 3241 4859 esset
3277 4800 3535 4857 Judaicus

1953 4895 2231 4968 princeps,
2283 4896 2380 4952 sed
2444 4903 2697 4967 regnaret
2748 4893 2989 4951 Herodes
3032 4894 3353 4965 alienigena,
3403 4893 3532 4948 ldu-

1955 5001 2124 5043 maeus
2194 4986 2338 5042 enim
2414 4995 2551 5050 erat,
2598 4983 2801 5054 opinati
2868 4992 2996 5040 sunt
3085 4984 3303 5054 quidam
3354 4984 3531 5052 ipsum

1953 5093 2075 5135 esse
2104 5077 2405 5144 Christum,
2433 5088 2489 5134 et
2520 5079 2811 5133 constituta
2846 5076 3077 5148 quadam
3110 5075 3344 5131 factione
3359 5084 3533 5131 atten-

1957 5180 2210 5228 taverunt
2263 5172 2490 5241 perdere
2551 5169 2858 5225 Dominum.
2909 5168 3030 5240 Ipse
3075 5178 3256 5225 autem
3305 5170 3529 5234 secedit,

1959 5265 2195 5321 nondum
2240 5263 2386 5320 enim
2417 5272 2536 5319 erat
2579 5262 2817 5334 patiendi
2848 5274 3078 5331 tempus.
3112 5260 3328 5317 Interim
3356 5263 3532 5335 pluri-

1955 5356 2059 5415 bus
2090 5355 2494 5424 benefaciehat,
2545 5354 2615 5411 ab
2678 5352 2905 5426 ingratis
2945 5353 3269 5411 secedendo.
3313 5352 3529 5410 Etenim

1954 5449 2129 5505 secuti
2173 5457 2298 5504 sunt
2319 5462 2440 5504 eum
2469 5447 2645 5514 multi,
2676 5456 2731 5504 et
2769 5447 2980 5503 sanavit
3014 5445 3135 5503 lllos
3165 5464 3179 5502 :
3207 5446 3338 5520 quin
3364 5448 3529 5504 etiam

1954 5540 2132 5612 Tyriis
2175 5549 2232 5601 et
2260 5539 2520 5608 Sidoniis,
2550 5538 2766 5595 tametsi
2794 5548 2980 5596 essent
3015 5539 3292 5613 allophyli,
3324 5538 3528 5613 prode-

1954 5642 2057 5687 rat.
2094 5629 2318 5702 Cognati
2357 5638 2534 5686 autem
2573 5628 2691 5701 ejus
2718 5644 2839 5688 eum
2870 5633 3350 5703 persequebantur.
3378 5632 3527 5688 Adeo

3178 5878 3246 5946 Π
