3810 6606
467 396 572 462 5ἓ3

1376 390 1973 458 ’ΤΙΙΕΟΡΠΥΙΑΟΤΙ
2010 397 2044 457 Ὲ

2163 396 2428 456 eam:
2470 396 2824 461 meumr.
3548 426 3624 489 εδει

470 513 613 568 nulla
648 526 674 564 a
709 524 905 584 genere
932 509 1180 581 provenit
1203 509 1427 579 utilitas,
1455 512 1555 566 nisi
1583 512 1745 566 ctiam
1782 511 1907 566 boni
1940 527 2044 566 mo-

2163 514 2446 579 συγγενεῖς
2478 511 2641 567 αὺτοῦ
2680 514 2901 568 ὲὸίωκον
2936 516 3116 572 αὐτόν.
3149 519 3320 586 Οὕτως
3348 528 3473 583 (ιῦδέδ
3497 537 3635 607 diem.

2410 601 2422 607 -
2600 604 2611 607 “
2714 604 2724 607 ‘
2861 604 2871 607 “
3552 582 3569 593 “
3616 588 3634 605 ι

469 619 557 659 res
605 603 802 658 adsint.
843 602 1003 673 187
1032 601 1099 657 Εῑ
1137 602 1455 672 alienigenae
1496 603 1712 673 quidem
1752 618 1782 657 a
1827 605 2051 659 rcmOtis

471 697 604 753 locis
653 698 719 749 ad
762 711 887 750 eum
934 695 1178 758 veniunt,
1232 693 1402 750 ,ἰυόωὶ
1440 710 1590 759 vero,
1638 711 1757 750 cum
1795 694 1861 750 ad
1910 696 2052 765 ipsos

464 789 723 849 venisset.
769 788 1124 844 insectantur.
1149 786 1285 845 Vide
1313 798 1493 844 autem
1541 803 1703 857 quam
1731 788 1937 843 alienus
1963 789 2037 844 sit

465 897 495 938 a
532 881 673 936 fastu
715 896 728 936 :
767 881 1045 936 enimvero
1079 894 1146 935 nc
1183 880 1354 935 turbae
1381 878 1760 949 obstrepentes
1795 879 1842 932 ei
1880 892 2049 948 nego-

467 977 600 1030 tium
649 973 915 1040 facerent,
975 971 1280 1028 naviculam
1330 973 1543 1042 quaerit,
1582 986 1685 1041 qua
1722 968 2049 1038 conscensa,

465 1067 612 1124 nulla
660 1067 711 1122 ei
766 1065 1012 1122 molestia
1053 1064 1425 1121 exhiberetur.
1473 1063 1704 1133 Flagella
1756 1078 1891 1119 'vcro
1925 1065 2056 1119 dicit

470 1162 687 1218 morbos
720 1176 734 1214 :
768 1174 892 1215 nam
951 1158 1015 1213 ad
1063 1156 1497 1213 emendationem
1535 1158 1692 1212 nobis
1720 1156 1891 1213 morbi
1921 1158 2055 1211 mul-

471 1262 587 1313 tum
611 1255 942 1317 conducunt,
983 1250 1284 1322 ﬂagellante
1312 1264 1409 1320 n‘os
1446 1249 1554 1304 Deo
1579 1249 1731 1320 quasi
1779 1249 1919 1305 ﬁlios
1962 1266 2055 1319 pa-

470 1360 574 1404 tre.
615 1345 857 1415 lntellige
880 1351 1058 1398 autem
1082 1356 1180 1412 per
1211 1339 1566 1406 llerodianos,
1593 1342 1835 1396 carnales
1856 1353 1911 1397 et
1944 1342 2054 1412 pcl-

465 1440 655 1506 liceos,
673 1445 725 1490 et
736 1447 828 1489 eos
849 1432 939 1503 qui
957 1426 1614 1486 occitlere'voluntJesum.
1638 1427 1875 1484 llcrodcs
1889 1430 2052 1493 enim,

469 1531 514 1586 si
531 1530 652 1603 quis
666 1533 1072 1597 interpretetur,
1086 1522 1330 1594 pelliceus
1352 1533 1530 1577 sonat.
1549 1520 2053 1593 Quiegrediuntura

470 1621 718 1680 domibus
740 1618 850 1672 suis
884 1624 937 1671 et
966 1614 1138 1685 patria
1172 1629 1289 1679 sua,
1330 1613 1433 1668 hoc
1469 1622 1550 1667 est
1577 1612 2057 1669 consuetudinibus

443 1715 669 1779 .carnis,
692 1711 841 1767 illum
859 1718 1194 1778 sequuntur:
1212 1706 1352 1762 unde
1363 1716 1415 1761 et
1436 1705 1642 1774 ﬂagella
1660 1720 1846 1761 eorum
1864 1720 2058 1762 sanan-

461 1814 576 1869 tur.
605 1812 820 1874 peccata
837 1801 978 1867 dico,
994 1814 1114 1871 quae
1155 1797 1542 1854 conscientiam
1565 1789 1855 1867 ﬂagellant,
1877 1807 1931 1853 et
1951 1796 2053 1853 im-

2166 601 2615 698 euyysvd—agfi
2667 604 2742 674 μὴ
2776 604 2978 698 τρόπος
3009 607 3212 675 ἀγαθὸς
3248 612 3348 683 εἴη.
3383 619 3475 675 Καὶ
3510 601 3547 679 ei

2160 692 2467 761 άλλογενεῖς
2522 694 2754 765 ἢρχοντο
2806 696 2945 766 πρὸς
3001 698 3165 752 αὑτὸν
3218 707 3479 776 μακρόθεν,
3522 692 3638 778 οῖ’δὲ

2173 786 2438 883 Ἰουδαῖοι,
2467 787 2641 883 ⁸πρὸς.
2674 787 2876 883 αὐτοὺς
2936 789 3230 860 ἐρχόμενον
3294 797 3504 860 ἐδίωκον,
3538 809 3641 883 .091

2161 877 2219 930 δὲ
2248 878 2342 970 καί
2371 877 2431 970 τὸ
2456 877 2770 970 άφιλόδοξον
2801 879 2968 933 αὐτοῦ
2986 897 3001 912 ·
3032 881 3128 934 καὶ
3156 884 3258 955 γάρ
3283 886 3364 941 ἴνα
3389 892 3452 962 μὴ
3476 877 3643 970 belli}.

2163 986 2249 1023 σιν
2279 968 2442 1023 αὐτὸν
2476 969 2528 1022 οἱ
2556 969 2724 1041 ὄχλοι,
2758 971 3037 1042 πλοιάριον
3065 974 3325 1045 ἐπιζητεῖ,
3359 980 3488 1037 ὼοὰν
3519 968 3646 1058 ἐμϐὰς

2162 1058 2334 1130 αὐτῷ,
2364 1060 2720 1132 άνενόχλητος
2759 1066 3003 1133 τηροίτο.
3048 1064 3330 1134 Μάστιγας
3349 1070 3401 1125 δὲ
3428 1073 3549 1143 λέγει
3578 1084 3648 1148 τὰς

2164 1154 2388 1217 νόσους⁹
2445 1153 2538 1207 καὶ
2570 1154 2680 1225 γὰρ
2738 1153 2909 1220 ὅντως
2945 1157 3004 1210 al.
3056 1156 3201 1212 νόσοι
3258 1161 3417 1217 πολλὰ
3446 1167 3554 1237 ἡμῖν
3595 1179 3651 1238 εὶς

2176 1245 2431 1299 παιδείαν
2489 1244 2928 1316 συμϐάλλονται,
2998 1248 3375 1325 μαστιγοῦντος
3419 1257 3557 1326 ἡμᾶέ,
3598 1263 3654 1328 ὡς

2165 1336 2348 1406 πατὴρ
2378 1336 2606 1401 παῖδας,
2642 1337 2738 1390 τοῦ
2776 1336 2935 1393 Θεοῦ.
2971 1338 3183 1410 Νόησον
3224 1340 3277 1394 δὲ
3306 1344 3394 1397 καὶ
3417 1346 3487 1399 ὅτι
3513 1353 3553 1403 oi
3584 1354 3654 1421 μὲν

2177 1427 2518 1500 Ἢρωδιανοὶ,
2555 1433 2603 1483 οἱ
2634 1430 2883 1502 σάρκινοι
2915 1434 3006 1484 καὶ
3042 1432 3369 1503 δερμάτινοι,
3402 1440 3654 1497 ἀποκτείναι

2166 1520 2445 1590 βούλονται
2492 1521 2585 1574 τὸν
2644 1522 2872 1591 Ἰησοῦν.
2913 1522 3161 1595 Ἡρώδης
3203 1526 3326 1596 γὰρ,
3377 1529 3656 1601 δερμάτινος

2165 1614 2551 1684 ἑρμηνεύεται.
2578 1616 2645 1667 Οἱ
2670 1615 2727 1668 δὲ
2754 1614 3063 1680 ἐξελθόντες
3092 1617 3202 1669 ἀπὸ
3224 1620 3331 1672 τῶν
3359 1622 3505 1674 οἴκων
3528 1626 3660 1679 αὐτῶν

2165 1707 2261 1761 καὶ
2310 1708 2418 1760 ἀπὸ
2465 1708 2574 1760 τῶν
2607 1708 2881 1777 πατρίδων
2912 1709 3111 1776 αὐτῶν,
3159 1714 3398 1768 τουτέστι
3431 1718 3523 1772 τῶν
3562 1724 3659 1791 πρὸς

2163 1803 2261 1873 τὴν
2318 1803 2498 1874 σάρκα
2550 1803 2818 1874 σχέσεων,
2872 1804 3069 1857 ἐκεῖνοι
3125 1806 3491 1864 ἀκολουθοῦσιν
3536 1815 3660 1885 αὐτῷ*

470 1896 652 1954 mundi
673 1896 894 1967 Spiritus
916 1893 1223 1964 cjiciuntur.
1243 1889 1473 1946 Attende
1498 1890 1585 1945 hic
1613 1890 1753 1960 qitod
1787 1884 2044 1961 discipuli:

2167 1896 2290 1950 ὅθεν
2347 1896 2442 1950 καὶ
2500 1896 2555 1950 αἱ
2615 1896 2878 1966 μάστιγες
2947 1897 3129 1951 αὐτῶν
3188 1900 3582 1970 θεραπεύονται,
3623 1884 3663 1959 id

460 1992 583 2050 ‘suis
605 1989 862 2059 praecepit
890 1985 1067 2052 Jesus,
1087 1992 1144 2038 ut
1167 1983 1362 2055 appellr
1377 1983 1634 2039 retursibi
1671 1983 1820 2037 naris
1841 1994 2057 2053 propter

460 2084 685 2149 turbas,
737 2094 805 2136 ne
847 2083 1024 2152 ipsum
1064 2084 1393 2150 premerent.
1441 2075 1601 2132 Jesus
1633 2077 1774 2132 enim
1804 2083 1888 2131 cst
1921 2076 2056 2130 ratio

456 2177 594 2248 quae
630 2177 682 2231 in
711 2174 865 2230 nobis
888 2174 1135 2243 imperat,
1173 2178 1233 2225 ut
1267 2169 1418 2224 navis
1446 2178 1653 2236 nastra;
1680 2169 1780 2224 hoc
1817 2177 1899 2225 est
1932 2183 2054 2224 cor-

406 2269 425 2285 '
461 2289 595 2345 pus,
655 2269 954 2342 appellatur
984 2266 1110 2332 sibi,
1159 2274 1308 2319 etne
1331 2261 1647 2334 projiciatur
1670 2262 1721 2316 in
1758 2261 2054 2332 procellam

469 2365 810 2423 szecnlarium
846 2359 1208 2431 negotiorum,
1251 2364 1306 2410 et
1336 2369 1404 2410 ne
1432 2361 1677 2423 premant
1716 2354 1887 2409 turbae
1957 2368 2055 2409 ne.

467 2460 846 2531 gotiorumqne
879 2449 1219 2509 turbulentite
1264 2446 1540 2503 Christum
1572 2447 1662 2518 qui
1699 2449 1751 2502 in
1779 2445 1934 2503 nobis
1948 2455 2053 2503 est.

2165 1989 2434 2060 ἁμαρτίαι
2463 1987 2627 2057 λέγω,
2659 1988 2715 2043 αἱ
2745 1990 2806 2042 τδ
2842 1989 3084 2053 συνειδὸς
3118 1992 3465 2061 μαστίζουσαι
3486 2036 3499 2057 ,
3528 1999 3602 2049 καὶ
3621 2001 3667 2053 τὰ

2160 2079 2452 2149 πνεύματα
2499 2080 2569 2133 τά
2623 2079 2912 2152 ἀκάθαρτα
2962 2080 3336 2138 ὲκδιώκονται.
3384 2085 3593 2154 Πρόσχες
3624 2088 3665 2140 δὲ

2144 2171 2240 2226 θὸτι
2269 2170 2388 2234 τοῖς
2420 2170 2689 2242 μαθηταῖς
2717 2172 2881 2227 αὐτοῦ
2910 2173 3247 2246 προστάττει
3285 2175 3313 2228 ὁ
3349 2175 3557 2246 Ἰησοῦς,
3601 2178 3667 2233 ἵνα

2159 2265 2545 2335 προσκαρτερῇ
2575 2263 2724 2335 αύτῷ
2757 2264 3037 2334 πλοιάριον
3063 2265 3155 2319 διὰ
3180 2268 3309 2328 τοὺς
3337 2266 3530 2337 ὄχλους,
3555 2272 3665 2333 ὅπως

2162 2354 2238 2428 μὴ
2271 2354 2529 2410 θλίϐωσιν
2561 2355 2745 2410 αὐτόν.
2788 2355 3000 2428 Ἰησοῦς
3031 2358 3141 2429 γάρ
3182 2359 3335 2412 ἔστιν
3356 2360 3384 2412 ό
3415 2361 3467 2413 ὲν
3486 2361 3676 2432 ὴμῖνὶό-

2160 2464 2279 2518 γος,
2312 2447 2371 2512 ὃς
2404 2447 2751 2519 προστάττει,
2779 2447 2865 2503 τνα
2887 2449 2948 2503 τδ
2970 2450 3255 2521 πλοιάριον
3285 2449 3457 2521 ἡμῶν,
3485 2452 3672 2507 τουτέστι

466 2553 531 2606 τὸ
566 2551 747 2622 σῶμα,
782 2546 1170 2619 προσκαρτερῇ
1221 2542 1393 2614 αὐτῷ,
1429 2543 1525 2597 καὶ
1581 2541 1657 2613 μὴ
1708 2541 2052 2611 ὲμϐάλλητοιι
2091 2544 2172 2607 εἰς
2238 2543 2331 2599 τδν
2367 2542 2613 2599 κλύδωνα
2642 2542 2750 2597 τῶν
2799 2543 2893 2597 τοῦ
2961 2543 3076 2615 βίου
3111 2548 3476 2618 πραγμάτων,
3517 2549 3590 2602 ἵνα
3624 2551 3678 2618 μὴ

450 2645 729 2701 θλίϐωσιν
761 2644 809 2696 οἱ
839 2642 1008 2712 ὄχλοι,
1043 2641 1099 2694 αἱ
1133 2638 1245 2694 τῶν
1275 2634 1619 2711 πραγμάτων
1663 2636 1924 2708 ταραχαὶ,
1952 2637 2047 2692 τδν
2086 2638 2144 2691 ὲν
2177 2639 2310 2710 ἡμῖν
2348 2639 2605 2711 Χριστόν.

542 2741 706 2796 Vens.
765 2738 950 2794 15-19.
995 2755 1015 2789 ι
1053 2737 1122 2793 Ει
1142 2737 1386 2792 ascendit
1418 2735 1475 2790 in
1510 2745 1771 2802 montem,
1806 2750 1869 2788 ac
1898 2745 2055 2790 vocat

454 2832 536 2887 ad
582 2846 642 2888 se
687 2845 823 2902 quos
871 2829 1039 2884 voluit
1075 2829 1211 2899 ipse,
1263 2835 1636 2895 veneruntque
1691 2825 1759 2879 ad
1804 2839 1948 2879 eum.
1989 2822 2055 2880 Et

460 2925 596 2982 fecit
631 2923 910 2980 duodecim
963 2932 1020 2977 ut
1063 2932 1246 2977 essent
1273 2934 1480 2986 secum,
1514 2930 1568 2973 et
1602 2929 1661 2974 ut
1684 2918 1924 2974 mitteret
1957 2932 2052 2973 eos

470 3018 537 3074 ad
577 3016 1000 3089 praedicandum,
1060 3024 1220 3085 atque
1276 3013 1539 3088 haberent
1592 3010 1913 3082 poteétatem
1960 3026 2053 3065 sa-

2240 2755 2258 2788 ι
2301 2735 2411 2790 Καὶ
2459 2736 2738 2791 ἀναϐαίνει
2787 2737 2869 2802 είς
2918 2737 2980 2792 τὸ
3025 2738 3171 2810 ὅρος,
3221 2739 3317 2793 καὶ
3355 2740 3682 2811 προσκαλεῖται

2161 2826 2254 2891 οὓς
2304 2828 2495 2896 ἤθελεν
2530 2828 2715 2893 αὐτὸς,
2769 2829 2865 2882 καὶ
2916 2829 3164 2898 ἀπῆλθον
3220 2832 3360 2900 πρὸς
3413 2830 3575 2884 αὑτόν.
3604 2832 3682 2883 Καὶ

2162 2920 2387 2988 ἐποίησε
2436 2918 2666 2985 δώδεκα,
2699 2921 2789 2977 ἵνα
2820 2915 2923 2975 ὦσι
2959 2922 3076 2992 μετ’
3113 2921 3310 2990 αὐτοῦ,
3346 2922 3436 2975 καὶ
3468 2921 3547 2975 ἴνα
3587 2924 3686 2975 ἁπο-

2161 3012 2349 3085 στείλῃ
2384 3013 2581 3078 αὐτοὺς
2609 3014 2925 3085 κηρύσσειν,
2956 3013 3052 3069 καὶ
3090 3014 3240 3084 ἔχειν
3286 3014 3526 3079 ἐξουσίαν
3568 3014 3684 3084 θερο-

436 3098 637 3179 ίηοιιόὶ
688 3106 929 3171 morbos,
972 3097 1330 3177 ejiciendique
1384 3102 1672 3159 daemonia.
1705 3101 1771 3157 Et
1799 3103 2044 3173 imposuit

2163 3103 2342 3157 πεύειν
2368 3104 2466 3169 τὰς
2496 3104 2705 3171 νόσους,
2751 3107 2847 3159 καὶ
2885 3105 3171 3159 ἐκϐάλλειν
3219 3108 3292 3159 τὰ
3324 3106 3581 3177 δαιμόνια.
3608 3108 3689 3159 Καὶ

442 3194 682 3259 ’δίιιιοηί
706 3215 899 3256 nomen
928 3198 1145 3261 Petrus.
1178 3208 1233 3254 et
1284 3197 1545 3254 Jacobum
1579 3195 1749 3251 lilium
1783 3194 2050 3261 Zebedaei,

432 3366 439 3373 σ
468 3304 524 3351 et
561 3293 824 3353 Joannem
871 3291 1095 3348 fratrem
1126 3289 1331 3356 Jacobi,
1357 3299 1411 3345 et
1434 3288 1691 3358 imposuit
1722 3288 1802 3344 eis
1835 3286 2051 3342 nomina

470 3387 800 3459 Boanerges,
846 3383 989 3456 quod
1017 3393 1124 3447 est,
1155 3382 1275 3438 Filii
1318 3381 1565 3448 tonitrui,
1598 3391 1651 3435 et
1678 3381 1969 3446 Andream,
1999 3386 2053 3433 et

470 3481 812 3552 Philippum,
856 3490 909 3534 et
955 3477 1407 3533 Bartbolomteum
1434 3516 1451 3542 ,
1510 3484 1565 3531 et
1609 3474 1943 3540 Mattlueum,
1999 3482 2054 3528 et

472 3571 760 3636 Thomam,
788 3579 846 3625 et
872 3568 1136 3625 Jacobum
1172 3567 1377 3638 Alplttei
1413 3560 1603 3632 ﬁlium,
1625 3575 1677 3620 et
1696 3564 2048 3628 Thaddmum,

430 3656 531 3731 iet
601 3664 874 3720 Simonem
917 3662 1307 3727 Chananteum,
1368 3668 1421 3716 et
1468 3656 1660 3714 Judam
1711 3658 2047 3721 lseariotcm,

473 3759 564 3830 qui
601 3768 655 3814 et
698 3756 934 3828 prodidit
975 3756 1145 3812 illum.
1203 3773 1222 3809 ι
1282 3753 1540 3809 Ascendit
1598 3754 1650 3806 in
1694 3761 1928 3807 montem
1983 3751 2051 3806 ad

471 3851 752 3907 orandum.
799 3848 1063 3917 Quoniam
1120 3848 1261 3903 enim
1310 3846 1567 3900 miracula
1621 3843 1845 3908 fecerat,
1897 3842 2051 3898 factis

470 3940 746 3998 miraculis
797 3948 940 4003 orat.
999 3941 1197 3995 docens
1238 3951 1428 3992 omnes
1487 3951 1584 3991 nos
1640 3936 1843 4007 gratias
1891 3948 2051 4003 agere

471 4034 604 4098 Deo,
643 4042 697 4088 et
749 4032 918 4088 sicubi
955 4030 1079 4086 boni
1126 4030 1401 4101 quippiam
1439 4027 1847 4098 periecerimus,
1878 4026 1931 4080 id
1962 4026 2049 4080 di-

470 4127 610 4180 vinae
663 4123 848 4179 \irtuti
901 4120 1096 4177 oﬂ‘crre
1120 4119 1339 4177 debere.
1395 4117 1488 4174 Vel
1525 4118 1650 4185 quia
1700 4116 2049 4172 ordinaturus

469 4228 588 4273 erat
622 4214 916 4285 apostolos,
941 4211 1058 4281 ejus
1087 4211 1260 4284 gratia
1283 4211 1524 4267 ascendit
1551 4219 1824 4276 oraturus,
1853 4220 1911 4263 ut
1966 4207 2051 4262 di-

472 4322 689 4361 eramus
720 4307 862 4376 quod
892 4319 993 4359 nos
1018 4316 1231 4374 quoque
1263 4302 1479 4373 quando
1512 4301 1721 4372 aliquos
1744 4315 1929 4357 sumus
1959 4315 2051 4354 or-

468 4397 727 4462 dinatnri,
768 4396 918 4466 prius
955 4408 1117 4451 orare
1146 4393 1441 4449 debeamus
1492 4403 1549 4447 ut
1574 4391 1844 4449 reveletur
1890 4392 2048 4446 nobis
2082 4416 2087 4424 -

2155 3195 2391 3267 ἐπέθηκε
2437 3195 2516 3265 τῷ
2561 3196 2769 3269 Σίμωνι
2827 3197 2999 3268 ὄνομα
3053 3196 3292 3269 Πέτρον,
3350 3199 3444 3250 καὶ
3487 3196 3690 3250 Ἰάκωϐον

2153 3287 2244 3342 τὸν
2290 3287 2386 3343 τοῦ
2428 3288 2735 3356 Ζεϐεδαίου,
2779 3290 2876 3343 καὶ
2913 3289 3169 3358 Ἰωάννην
3230 3288 3328 3342 τὸν
3374 3288 3585 3356 ἀδελφὸν
3625 3286 3694 3339 τοῦ

2168 3380 2449 3436 Ἰακώϐου·
2476 3382 2571 3435 καὶ
2616 3381 2885 3452 ἐπέθηκεν
2915 3382 3099 3447 αὐτοῖς
3128 3382 3401 3453 ὀνόματα,
3431 3381 3693 3452 Βοανεργὲί,

2154 3471 2183 3524 ὃ
2222 3472 2395 3535 ἐστιν,
2434 3471 2551 3525 Υίοὶ
2585 3471 2834 3543 βροντῆς,
2883 3472 2979 3526 καὶ
3026 3473 3316 3544 Ἀνδρέαν,
3343 3474 3440 3528 καλ⁵
3464 3471 3699 3534 Φίλιππον,
3780 3478 3781 3481 “

2155 3566 2248 3618 καὶ
2282 3564 2706 3636 Βαρθολομαῖον,
2746 3567 2840 3619 καὶ
2889 3565 3199 3632 Ματθαῖον,
3258 3567 3358 3623 καὶ
3391 3567 3605 3637 Θωμᾶν,
3629 3564 3698 3616 καὶ

2169 3657 2425 3710 Ἰάκωϐον
2446 3657 2536 3710 τὸν
2560 3656 2653 3711 τοῦ
2688 3657 2965 3727 Ἀλφαὶου,
2990 3659 3083 3713 καὶ
3104 3657 3399 3725 Θαδδαῖον,
3422 3659 3512 3712 καὶ
3526 3656 3703 3727 Σίμωνι
3780 3644 3781 3681 λ

2154 3748 2244 3801 τὸν
2275 3748 2605 3820 Κανανίτην,
2629 3751 2723 3806 καὶ
2761 3749 2979 3821 Ἰούδαν⁸
2993 3751 3389 3823 Ἰσκαριώτην,
3417 3751 3475 3815 ὃς
3497 3751 3580 3803 καὶ
3597 3764 3703 3815 παρ⁴
3780 3752 3781 3817 Ξ

2154 3842 2352 3898 ἐδωκεν
2379 3842 2561 3898 αὐτόν.
2612 3861 2631 3895 ι
2679 3842 2985 3898 Ἀναϐαίνει
3016 3844 3098 3908 είς
3139 3844 3209 3899 τὸ
3242 3822 3377 3915 ϐρος
3408 3844 3544 3898 ὥστε
3573 3856 3706 3910 προο-

2152 3933 2433 4000 5551690“-
2478 3935 2630 3988 Ἐπεὶ
2674 3935 2782 4007 γὰρ
2839 3935 3094 4008 θαύματα
3146 3937 3412 4008 ἐποίησε,
3468 3935 3596 4006 μετὰ
3634 3931 3707 3995 τὴν

2154 4026 2265 4082 τῶν
2323 4026 2622 4099 θαυμάτων
2686 4027 2948 4097 ἐπίδειξιν
3013 4030 3437 4101 προσεύχεται,
3489 4025 3710 4081 διδάσκων

2162 4122 2372 4184 πάντας
2403 4121 2550 4191 ἡμᾶς
2577 4122 2662 4175 ὅτι
2711 4120 2795 4174 δεῖ
2839 4121 3188 4191 εὐχαριστεῖν
3242 4121 3331 4191 τῷ
3378 4119 3499 4189 Θεῷ
3543 4118 3651 4171 ὅταν
3672 4130 3709 4165 τι

2154 4212 2450 4281 φθάσωμεν
2503 4213 2669 4267 καλὸν
2723 4214 3120 4284 ἐργασάμενοι,
3180 4215 3290 4269 καὶ
3340 4216 3414 4286 τῇ
3463 4210 3555 4267 τοῦ
3601 4204 3709 4263 Θενῦ
3780 4204 3781 4269 Ῐ

2150 4306 2381 4377 δυνάμει
2417 4306 2804 4362 ἑπανατιθέναι
2832 4308 3011 4362 τοῦτοδ
3043 4307 3076 4379 ἦ
3109 4308 3315 4380 ἐπειδὴ
3343 4306 3538 4377 ἔμελλε
3565 4317 3712 4374 χειρο·

2150 4400 2376 4470 τονῆσαι
2430 4400 2559 4464 τοὺς
2623 4400 2994 4469 ἀποστόλους,
3064 4401 3268 4456 τούτου
3328 4401 3522 4454 ἕνεκεν
3578 4396 3715 4451 ἄνεισι
3780 4392 3781 4399 “

472 4489 565 4561 qui
601 4488 797 4559 dignus
832 4488 925 4554 sit,
975 4496 1032 4542 et
1054 4500 1120 4540 ne
1148 4485 1608 4541 communicenm
1651 4484 1887 4554 peccatis
1916 4483 2044 4539 alie-

2163 4490 2606 4563 προσευξόμενος,
2645 4491 2733 4545 ἵνα
2770 4491 3031 4564 μάθωμεν
3069 4491 3157 4545 ὅτι
3186 4492 3295 4545 καὶ
3327 4492 3485 4560 ἡμᾶς
3523 4488 3599 4541 δεῖ
3620 4484 3717 4536 ὅταν

471 4553 576 4638 ais.
619 4553 927 4636 Assumitur
959 4587 1015 4635 et
1037 4575 1205 4634 ludas
1234 4576 1288 4631 in
1328 4553 1743 4647 apostolum,ut
1771 4576 2044 4632 discamus

2163 4553 2304 4648 τινὰς
2356 4553 2737 4655 χειροτονῆσαι
2770 4553 3105 4654 μέλλωμεν,
3165 4553 3457 4654 πρότερον
3502 4577 3719 4647 εὔχεσθαι

470 4673 616 4747 quod
671 4689 777 4728 non
842 4678 1064 4743 propter
1118 4669 1350 4725 futuram
1393 4668 1652 4722 malitiam
1682 4667 1908 4739 alicujus
1958 4682 2047 4723 as-

469 4775 724 4838 pernetur
777 4764 920 4819 Dens
974 4761 1282 4832 quempiam
1338 4759 1475 4817 mala
1534 4769 1901 4830 operaturum,
1948 4761 2041 4816 sed

469 4869 687 4931 propter
734 4864 1055 4928 praesentem
1109 4854 1361 4908 virtutem
1411 4852 1616 4907 honore
1651 4866 1774 4907 eum
1822 4852 2043 4923 dignum

469 4960 674 5016 censet,
724 4947 936 5004 etiamsi
992 4953 1181 5016 postea
1223 4944 1396 4999 malus
1444 4944 1515 5000 sit
1577 4942 1811 4998 futurus.
1871 4945 2041 4999 Porro

472 5032 840 5114 apostolorum
914 5035 1129 5090 nomina
1179 5042 1398 5104 prepter
1432 5032 1594 5087 falsos
1640 5031 1909 5102 apostolos
1950 5044 2040 5085 re-

469 5144 781 5196 censentur,
834 5139 891 5183 ut
950 5129 1055 5182 sint
1088 5126 1200 5181 noti
1233 5127 1365 5181 veri.
1402 5122 1568 5179 Filios
1594 5135 1772 5179 autem
1815 5121 2039 5179 tonitrui

471 5224 721 5279 nominat
758 5221 897 5275 illius
930 5218 1200 5283 Zebedaii,
1228 5224 1286 5270 ut
1317 5217 1613 5287 praecipuos
1640 5217 2039 5287 praedicatores,

468 5327 523 5371 et
555 5315 789 5371 maxime
817 5309 1115 5379 theologos.

2110 4694 2117 4701 '
2150 4675 2235 4729 ἵνα
2267 4674 2626 4747 ἀποκαλυφθῇ
2652 4677 2789 4747 ἡμῖν
2823 4677 2851 4730 ό
2881 4676 3054 4743 ἄξιος,
3081 4676 3177 4729 καὶ
3211 4676 3298 4748 μὴ
3329 4674 3720 4741 κοινωνήσωμεν

2148 4766 2404 4833 άνομίαις
2440 4763 2770 4836 ἀλλοτρίαις.
2809 4765 2917 4818 Καὶ
2949 4766 3041 4819 τὸν
3084 4763 3307 4819 Ἰούδαν
3357 4764 3421 4819 δὲ
3453 4759 3719 4835 προϐάλλε-

2145 4873 2236 4912 ται
2253 4857 2573 4923 ἀπόστολον,
2601 4857 2689 4910 ἵνα
2711 4856 2975 4928 μάθωμεν
2996 4857 3077 4910 ὅτι
3101 4857 3164 4910 ού
3191 4857 3296 4911 διὰ
3329 4857 3436 4928 τὴν
3462 4852 3725 4926 μέλλουσαν

2146 4949 2343 5002 κακίαν
2374 4946 2540 5012 τινὸς,
2575 4948 2604 5001 ό
2627 4947 2761 5010 Θεὸς
2789 4948 3210 5019 ἀποστρέφεται
3247 4947 3476 5001 ἐκεῖνον
3511 4945 3598 4999 τὸν
3624 4937 3724 5013 μέλ·

2149 5040 2309 5093 λοντα
2362 5037 2712 5108 ἐργάσεσθαι
2752 5038 2813 5091 τδ
2861 5039 3049 5104 κακδν,
3079 5038 3225 5094 ἀλλὰ
3262 5039 3364 5093 διὰ
3420 5039 3522 5104 τὴν
3564 5030 3729 5104 ἀρετὴν

2098 5152 2103 5155 ·
2151 5131 2316 5184 αὐτοῦ
2352 5132 2385 5202 ἢ
2418 5132 2512 5184 νῦν
2561 5131 2857 5201 πρόσεστιν
2911 5130 3083 5202 αὐτῷ,
3134 5132 3324 5202 τιμῆς
3380 5130 3531 5196 άξιοί
3575 5123 3728 5181 αὑτὸν,

2104 5232 2107 5235 ’
2150 5222 2251 5275 κᾶν
2272 5223 2328 5285 ἐς
2352 5220 2578 5292 ὕστερον
2607 5221 2774 5293 μέλλῃ
2803 5222 2974 5286 κακὸς
2998 5222 3311 5294 ἀποϐῆναι.
3334 5221 3733 5292 ’Δπαριθμεῖται

2153 5314 2209 5366 δὲ
2254 5316 2322 5367 τά
2377 5313 2485 5368 τῶν
2521 5312 2837 5368 ἀποστόλων
2875 5315 3136 5385 ὀνόματα,
3173 5314 3277 5369 διὰ
3315 5315 3455 5378 τοὺς
3487 5310 3732 5383 ψευδαπε-

472 5408 719 5473 στόλους,
744 5408 833 5461 ἵνα
855 5400 958 5462 ὦσι
987 5404 1253 5477 γνώριμοι
1286 5403 1338 5455 οἱ
1367 5401 1604 5471 ἀληθείς.
1639 5402 1801 5465 Υἱοὺς
1835 5403 1891 5456 δὲ
1924 5402 2150 5474 βροντῆς
2211 5409 2466 5482 ὀνομάζει
2519 5415 2648 5477 τοὺς
2670 5411 2765 5465 τοῦ
2791 5409 3100 5475 Ζεϐεδαίου,
3142 5407 3225 5471 ὡς
3292 5408 3735 5478 μεγαλοκήρυιας

470 5508 564 5564 καὶ
597 5502 1113 5573 θεολογικωτάτους.

541 5600 705 5656 Vens.
757 5598 851 5665 νο,
878 5597 969 5654 22.
1002 5616 1021 5650 ι
1061 5596 1128 5653 Ει
1186 5598 1406 5654 veniunt
1427 5598 1480 5653 in
1533 5598 1748 5652 domum
1784 5615 1798 5652 :
1834 5607 1886 5653 et
1915 5612 2045 5652 eon-

466 5695 617 5753 vcnit
657 5693 852 5748 iterum
906 5691 1081 5756 turba,
1136 5689 1214 5745 sic
1247 5697 1304 5744 ut
1346 5704 1449 5744 non
1482 5691 1664 5746 liceret
1694 5690 1798 5744 iliis
1825 5690 1905 5745 vel
1952 5705 2044 5759 pa-

468 5804 568 5843 nes
638 5789 798 5843 edere
825 5803 842 5844 :
869 5792 924 5840 et
952 5799 1072 5840 cum
1120 5781 1398 5841 audissent
1430 5784 1521 5854 qui
1555 5786 1621 5839 ad
1651 5783 1797 5839 illum
1842 5786 2040 5838 attine.

466 5884 622 5953 bant,
673 5879 921 5940 exierunt
949 5886 1006 5937 ut
1042 5891 1237 5938 manus
1286 5876 1577 5953 injicerent
1608 5878 1660 5935 in
1708 5891 1850 5936 eum.
1884 5876 2039 5933 Dice-

2176 5624 2179 5627 ·
2229 5619 2248 5650 t
2283 5601 2393 5654 Καὶ
2430 5599 2682 5671 ἔρχονται
2720 5601 2802 5660 είς
2858 5594 3029 5663 οἶκον,
3071 5598 3163 5650 καὶ
3222 5596 3573 5668 συνέρχεται
3608 5590 3734 5643 πάλι·⁸

2146 5690 2323 5761 ὄχλος,
2344 5691 2486 5745 ὥστε
2512 5694 2587 5763 μὴ
2609 5690 2870 5745 δύνασθαι
2891 5689 3109 5754 αὐτοὺς,
3144 5690 3301 5758 μήτε
3327 5689 3512 5759 ἄρτον
3536 5682 3736 5756 φαγεῖν.

2150 5783 2260 5835 Καὶ
2300 5783 2635 5849 ἀκούσαντες
2672 5785 2723 5837 οἱ
2781 5782 2912 5854 περ’
2951 5780 3139 5845 αὑτοῦ,
3199 5780 3461 5851 ὲξῇλθον
3497 5776 3741 5850 κρατῆσαι

2144 5874 2327 5930 αὐτόν.
2367 5874 2593 5946 Ἔλεγον
2629 5877 2736 5953 γὰρ
2769 5878 2850 5932 ὅτι
2881 5874 3123 5947 Ἐξέστη.
3157 5874 3285 5928 Καὶ
3305 5874 3361 5928 οἱ
3400 5867 3736 5947 Γραμματεῖς
