3968 6460
267 337 370 399 ὗέδ

980 332 1422 395 ENARRATIO
1448 322 1543 397 ἸΝ
1576 331 1849 396 'EVANGi

1952 332 2088 394 IUM
2122 332 2384 393 MARCI.
2424 357 2493 368 -
2518 332 2677 394 CAP.
2718 333 2834 394 HI.

3408 334 3521 398 526

270 453 327 504 οί
366 449 475 504 ἀπὸ
517 448 906 519 Ἰεροσολύμων
958 446 1321 513 καταϐάντες,
1352 447 1537 518 ἔλεγον
1566 449 1649 502 ὅτι
1692 447 1849 501 Βεελ-

1952 448 2091 503 bant
2119 447 2284 513 enim,
2320 445 2485 517 188
2509 443 2566 499 In
2601 444 2838 502 furorem
2865 459 3053 502 versus
3084 454 3187 501 est.
3221 443 3287 500 Et
3318 445 3522 519 Scriba}

265 540 461 606 ζεϐοὺλ
484 540 620 610 ἔχει,
656 540 751 594 καὶ
793 538 877 593 ὅτι
916 539 1011 593 καὶ
1065 542 1122 593 ὲν
1150 539 1231 610 τῷ
1263 540 1486 610 ἀρχοντι
1522 538 1630 594 τῶν
1655 539 1847 608 δαιμο⁴

265 630 398 683 νίων
433 629 692 683 ἐκϐάλλει
720 627 788 682 τὰ
836 628 1108 699 δαιμόνια.
1151 646 1171 680 ι
1232 627 1621 693 Ἀκούσαντες,
1660 628 1846 698 φησὶν,

260 723 315 776 oi
347 722 482 792 παρ’
520 720 711 787 αὐτοῦ,
741 720 1020 773 τουτέστιν
1064 721 1113 773 oi
1144 720 1333 773 οἰκεῖοι
1369 717 1557 784 αὐτοῦ,
1609 718 1771 789 τυχὸν
1800 719 1849 772 oi

259 815 375 869 ἀπὸ
402 815 502 884 τῆς
534 813 705 882 αὐτῆς
758 811 1057 883 πατρίδος,
1092 812 1125 883 ἢ
1160 812 1254 865 καὶ
1302 812 1354 865 oi
1393 809 1615 881 ἀδελφοὶ
1654 809 1845 875 αὑτοῦ,

256 906 490 979 ἐξῆλθον
532 905 804 976 κρατῆσαι
830 902 1014 958 αὐτόν.
1038 904 1264 973 Ἔλεγον
1301 902 1430 973 γὰρ,
1463 902 1547 956 δτι
1597 898 1846 972 Ἐξέστη·

257 995 579 1063 τουτέστιν,
614 995 696 1049 ὅτι
753 994 996 1064 Δαίμονα
1054 993 1187 1065 ἔχει.
1237 993 1553 1057 Ἀκούοντες
1623 992 1733 1064 γὰρ
1767 992 1848 1046 ὅτι

254 1085 519 1155 δαιμόνια
563 1084 838 1151 ἐκϐάλλει,
886 1085 991 1161 καὶ
1040 1084 1229 1159 νόσους
1272 1086 1441 1152 ἰᾶται,
1497 1084 1606 1140 ἀπὸ
1651 1083 1846 1153 φθόνου

254 1176 518 1250 ἐνόμιζον
547 1178 628 1230 ὅτι
654 1177 887 1247 δαίμονα
916 1176 1053 1249 ἔχει,
1094 1177 1191 1231 καὶ
1220 1176 1417 1249 ἐξέστη
1436 1193 1450 1207 ’
1492 1176 1615 1231 ὅθεν
1657 1175 1849 1250 ῆθελον

260 1245 545 1338 κρατῆσαι
573 1269 759 1336 αὐτὸν,
792 1269 868 1334 ὡς
890 1254 965 1323 ’ἂν
998 1268 1345 1340 δεσμήσωσιν
1373 1269 1448 1333 ὡς
1488 1268 1847 1340 δαιμονῶντα.

252 1359 376 1412 Καὶ
406 1362 457 1413 οί
490 1360 589 1431 μὲν
619 1359 751 1431 παρ’
783 1359 970 1428 αὐτοῦ,
1010 1362 1310 1428 τουτέστιν,
1350 1364 1398 1416 oi
1429 1364 1619 1416 οἰκεῖοι
1658 1360 1847 1427 αὐτοῦ,

252 1449 466 1515 οὔτως·
500 1452 699 1522 ὁμοίως
732 1452 789 1506 δὲ
839 1452 938 1506 καὶ
979 1453 1030 1506 οί
1061 1452 1169 1507 ἀπὸ
1227 1452 1622 1524 Ἰεροσολύμων
1659 1454 1850 1524 Γραμ-

257 1546 480 1613 ματεῖς,
514 1543 790 1613 δαιμόνιον
832 1543 978 1616 ἔχειν
1028 1544 1191 1599 αὐτὸν
1229 1545 1436 1615 ἔλεγον.
1487 1544 1706 1617 Ἐπειδὴ
1738 1546 1848 1617 γὰρ

1940 539 2042 609 qui
2070 539 2139 596 ab
2168 536 2558 608 Hierosolymis
2581 525 2993 605 descenderant,
3043 535 3295 594 dicebant
3323 556 3338 594 :
3368 537 3525 594 Beel-

1949 631 2104 687 zebul
2154 630 2335 698 habet,
2385 638 2440 687 et
2486 645 2584 701 per
2639 629 2936 701 principem
2960 630 3350 705 daemoniorum
3381 631 3528 698 ejieit

1951 725 2237 781 daemonia.
2282 743 2301 777 ι
2351 725 2487 779 Cum
2534 723 2834 788 audissent,
2894 723 3202 794 inquil,qui
3258 724 3324 779 ad
3362 725 3523 787 illum

1952 815 2275 880 attinebant,
2331 815 2435 869 hoc
2481 822 2567 868 est
2625 814 2916 869 necessarii
2945 814 3079 882 ejus,
3111 814 3248 871 forte
3272 815 3531 886 quiejus—

1951 908 2073 963 dem
2097 915 2252 962 erant
2281 906 2488 977 patriae.
2521 907 2604 961 vel
2627 905 2787 961 etiam
2816 905 3015 962 fratres
3042 907 3177 977 ejus,
3208 910 3530 963 exieruntut

1951 1000 2471 1069 comprehenderent
2527 1013 2674 1054 eum.
2735 998 2994 1055 Dicebant
3048 1000 3229 1068 enim,
3282 1006 3403 1070 quia
3467 1001 3526 1056 In

1951 1087 2192 1142 furorem
2220 1101 2411 1142 versus
2447 1095 2552 1153 est,
2588 1087 2692 1141 hoc
2731 1093 2837 1154 est,
2875 1085 3180 1142 Daunonem
3208 1086 3389 1143 habet.
3419 1091 3531 1142 Au-

1948 1178 2160 1235 dientes
2222 1178 2366 1234 enim
2423 1181 2566 1249 quod
2615 1177 2877 1233 daemonia
2933 1177 3175 1246 ejiceret,
3219 1188 3273 1233 et
3314 1178 3531 1236 morbos

1950 1278 2190 1338 sanaret,
2234 1284 2345 1339 pra:
2380 1270 2579 1325 invidia
2626 1270 2986 1339 opinabantur
3029 1270 3173 1338 quod
3206 1271 3529 1327 dmiizonitim

1948 1359 2195 1426 haberet,
2230 1369 2283 1414 et
2312 1359 2552 1416 furiosus
2587 1368 2733 1415 esset
2774 1378 2787 1415 :
2820 1361 2961 1415 unde
2996 1361 3248 1416 volebant
3281 1375 3531 1435 compre-

1942 1452 2187 1515 hendere
2222 1451 2396 1514 illum,
2437 1462 2497 1506 ut
2521 1467 2642 1505 cum
2686 1461 2941 1523 tanquam
2975 1453 3360 1507 daemoniacum
3404 1453 3532 1524 liga-

1950 1552 2091 1599 rent.
2121 1542 2189 1597 Et
2237 1542 2532 1600 familiares
2561 1543 2678 1614 ejus
2723 1543 2802 1600 sic
2845 1543 3062 1615 quidam
3092 1545 3339 1613 agebant,
3383 1545 3533 1598 simi-

252 1636 566 1705 ἀντιλέγειν
591 1637 693 1691 οὐκ
732 1632 876 1708 εἶχον
915 1639 1028 1701 τοῖς
1061 1636 1369 1708 γινομένοις
1389 1676 1405 1703 ,
1455 1637 1629 1710 ἑτέρῳ
1657 1638 1847 1710 τρόπῳ

1952 1634 2072 1691 liter
2096 1646 2273 1692 autem
2300 1644 2355 1691 et
2382 1634 2586 1693 Scriba:
2607 1636 2899 1703 faciebant,
2927 1636 3020 1708 qui
3040 1636 3107 1691 ab
3138 1635 3529 1707 Hierosolymis

251 1727 645 1785 διαϐάλλουσιν
673 1728 835 1795 αὐτὰ,
862 1728 946 1781 ὅτι
979 1728 1086 1782 ἀπὸ
1114 1727 1387 1798 δαιμόνων
1428 1727 1692 1796 γίνονται.

1948 1727 2360 1794 descenderant,
2423 1727 2749 1783 daunonium
2797 1729 2970 1799 ipsum
3027 1728 3225 1784 habere
3263 1730 3529 1803 dicentes,

253 1822 403 1876 Cum
427 1823 571 1877 enim
601 1838 705 1878 non
730 1830 953 1892 possent
972 1821 1347 1877 contradicere
1384 1821 1467 1876 his
1510 1836 1630 1891 quae
1660 1820 1882 1887 fiebant,
1922 1819 2032 1875 alio
2098 1821 2258 1876 modo
2309 1820 2605 1890 arguebant
2655 1836 2739 1890 ea,
2787 1836 2979 1892 nempe
3025 1822 3167 1892 quod
3199 1837 3227 1876 a
3254 1822 3531 1878 daemoniis

254 1915 483 1970 ﬁerent.

347 2029 367 2063 ι
404 2011 516 2064 Καὶ
562 2009 1080 2083 προσκαλεσάμενος
1133 2010 1353 2075 αὐτοὺς,
1404 2011 1463 2064 ὲν
1512 2009 1849 2081 παραϐολαῖς

2025 2009 2191 2065 Vens.
2243 2007 2438 2064 25-27.
2485 2025 2504 2059 ι
2547 2007 2616 2063 Ει
2659 2007 2727 2062 ad
2767 2020 2826 2063 se
2872 2006 3082 2062 vocalis
3112 2006 3238 2072 illis,
3277 2007 3330 2064 in
3372 2022 3531 2078 para.

254 2104 458 2173 ἔλεγεν
486 2105 667 2167 αὐτοῖς
684 2121 698 2135 ο
731 2103 853 2168 Πῶς
878 2103 1104 2158 δύναται
1128 2104 1375 2168 Σατανᾶς
1391 2104 1637 2160 Σατανᾶν
1655 2103 1852 2159 ἐκϐάλ-

255 2199 414 2265 λεινς
452 2198 561 2251 Καὶ
625 2196 720 2251 ὲάν
788 2197 1039 2269 βασιλεία
1086 2197 1172 2267 ἐφ’
1219 2196 1418 2267 ἑαυτὴν
1480 2199 1737 2268 μερισθῇ,
1786 2196 1848 2250 οὐ

252 2290 493 2345 δύναται
524 2288 782 2359 σταθῆναι
813 2291 847 2359 ή
890 2287 1137 2360 βασιλεία
1184 2288 1392 2360 ἐκείνη.
1425 2289 1538 2342 Καὶ
1581 2289 1676 2344 ὲάν
1701 2289 1850 2343 οἰκία

250 2384 356 2455 ἐφ’
392 2383 593 2453 ἑαυτὴν
648 2383 905 2454 μερισθῇ,
956 2382 1018 2436 οὐ
1050 2381 1274 2436 δύναται
1325 2382 1588 2453 σταθῆναι
1630 2384 1665 2453 ἡ
1695 2382 1849 2437 οίκία

255 2475 476 2546 ἐκείνη.
518 2475 630 2530 Καὶ
671 2476 719 2528 εί
767 2478 794 2529 ὁ
824 2476 1071 2538 Σατανᾶς
1103 2475 1305 2546 ἀνέστη
1342 2476 1430 2543 ἐφ’
1486 2474 1704 2541 ἑαυτὸν,
1754 2474 1849 2529 καὶ

261 2568 632 2639 μεμέρισται,
662 2566 724 2621 ού
769 2565 994 2622 δύναται
1030 2567 1317 2637 σταθῆναι,
1348 2566 1485 2621 ἀλλά
1510 2567 1665 2631 τέλος
1706 2567 1845 2639 εχει.

264 2659 464 2722 Οὐδεὶς
490 2658 717 2713 δύναται
747 2658 819 2712 τὰ
863 2658 1032 2729 σκεύη
1062 2657 1158 2712 τοῦ
1213 2657 1438 2731 ἰσχυροῦ
1466 2657 1724 2712 εἰσελθὼν
1770 2659 1850 2722 εἰς

252 2744 367 2823 ’τὴν
418 2751 598 2806 οίκίαν
648 2750 814 2804 αὐτοῦ
864 2750 1199 2822 διαρπάσαι,
1236 2750 1332 2805 ἐὰν
1382 2749 1457 2822 μὴ
1512 2750 1728 2822 πρῶτον
1757 2750 1848 2803 τὸν

266 2844 494 2915 ἰσχυρὸν
514 2844 673 2918 δήσῃ,
700 2846 795 2898 καὶ
818 2844 940 2898 τότε
964 2843 1060 2916 τῆν
1084 2844 1263 2899 οἰκίαν
1284 2842 1451 2897 αὑτοῦ
1475 2842 1786 2915 διαρπάσει.
1824 2862 1841 2894 ι

277 2938 416 2993 Ἀπὸ
449 2939 909 3011 παραδειγμάτων
942 2940 1359 3011 ἀναντιρρήτων
1397 2938 1697 3009 ἀνατρέπει
1724 2938 1848 3002 τοὺς

264 3031 576 3103 βασκάνους
626 3031 935 3095 Ἰουδαίους.
1005 3031 1129 3098 Πῶς
1193 3031 1327 3103 γὰρ,
1400 3032 1568 3103 φησὶ,
1625 3029 1850 3086 δυνατὸν

258 3123 503 3194 δαίμονα
550 3122 811 3194 δαίμονας
867 3124 1198 3191 ὲκϐάλλειν;
1234 3122 1428 3194 ὥσπερ
1484 3124 1578 3177 καὶ
1626 3124 1686 3178 ὲν
1729 3126 1849 3189 ταῖς

248 3216 473 3287 ,οἰκίαις
504 3215 740 3286 δρῶμεν,
769 3214 875 3280 ἕως
906 3214 1007 3286 μὲν
1036 3214 1412 3285 είρηνεύουσιν
1435 3216 1482 3268 οἱ
1512 3214 1569 3267 ὲν
1598 3212 1845 3282 ταύταις,

270 3306 659 3360 συνίστανταισ
704 3307 791 3360 ἐπ’
840 3307 906 3361 ἂν
978 3306 1034 3370 δὲ
1088 3307 1411 3379 μερισθῶσι,
1464 3308 1847 3366 καταλύονται.

1942 2104 2095 2161 .bolis
2137 2101 2351 2158 dicebat
2394 2100 2502 2157 illis
2543 2099 2866 2168 :Quomodo
2922 2109 3097 2170 potest
3148 2099 3379 2156 Satanas
3432 2099 3532 2155 Sa-

1954 2203 2134 2250 tanam
2188 2190 2432 2263 ejicere?
2462 2191 2528 2245 Et
2558 2191 2602 2247 si
2651 2206 2872 2262 regnum
2928 2191 3189 2247 adversus
3242 2205 3360 2246 sese
3389 2190 3557 2246 divi»

1951 2301 2071 2342 sum
2104 2284 2300 2359 fuerit,
2358 2298 2465 2339 non
2517 2292 2694 2355 potest
2726 2294 2872 2339 stare
2926 2297 3150 2354 regnum
3178 2283 3347 2351 illud;
3401 2286 3530 2340 etsi

1951 2379 2144 2434 domus
2166 2384 2360 2434 contra
2382 2376 2615 2448 seipsam
2645 2376 2812 2432 divisa
2847 2374 3028 2441 fuerit,
3059 2389 3168 2431 non
3192 2383 3366 2446 potest
3387 2385 3532 2431 stare

1950 2471 2145 2529 domus
2174 2471 2313 2538 illa;
2369 2471 2496 2527 etsi
2555 2468 2785 2526 Satanas
2844 2469 3201 2525 insurrexerit
3273 2469 3531 2525 adversus

1950 2564 2324 2635 semetipsum,
2387 2579 2453 2620 ac
2495 2562 2707 2620 divisus
2749 2571 2852 2628 est,
2906 2578 3012 2617 non
3040 2572 3214 2634 potest
3244 2572 3410 2628 stare,
3437 2566 3530 2618 sed

1951 2655 2115 2712 habet
2143 2653 2330 2711 finem.
2385 2652 2503 2709 Non
2538 2663 2717 2726 potest
2748 2655 3030 2726 quisquam
3068 2669 3191 2711 vasa
3230 2653 3408 2720 fortis,
3447 2654 3523 2709 in-

1951 2762 2171 2818 gressus
2198 2749 2250 2804 in
2280 2748 2499 2805 domum
2535 2748 2702 2814 illius,
2734 2747 2993 2818 diripere,
3024 2748 3125 2803 nisi
3149 2747 3300 2818 prius
3336 2744 3526 2802 fortem

1952 2840 2218 2913 alligarit,
2264 2849 2318 2898 et
2349 2850 2478 2899 tunc
2503 2840 2722 2896 domum
2759 2839 2900 2896 illius
2921 2840 3161 2909 diriptet.
3195 2858 3216 2892 ι
3250 2840 3529 2909 Exemplis

1951 2932 2146 3002 quibus
2191 2932 2489 2989 contradici
2544 2947 2649 2987 non
2710 2940 2941 3003 poterat,
2992 2932 3157 2987 vincit
3202 2933 3412 2988 invidos
3434 2930 3530 2987 Ju-

1952 3025 2117 3080 daeos.
2165 3022 2446 3089 Quomodo
2497 3023 2663 3091 enim,
2704 3022 2900 3094 inquit,
2930 3023 3185 3094 possibile
3211 3033 3289 3078 est
3325 3024 3527 3080 dmum-

1952 3132 2074 3172 nem
2102 3118 2372 3174 daemones
2398 3116 2636 3188 ejicere?
2664 3118 2803 3173 sicut
2829 3127 2884 3172 et
2913 3117 2966 3171 in
2991 3116 3237 3173 domibus
3262 3116 3525 3181 videmus,

1951 3211 2188 3280 quandiu
2252 3210 2460 3281 paciﬁci
2509 3218 2659 3275 sunt,
2707 3211 2843 3267 bene
2907 3211 3107 3265 habent
3134 3209 3187 3265 hi
3215 3210 3304 3280 qui
3337 3210 3390 3264 in
3422 3209 3528 3265 illis

1951 3310 2122 3356 sunt:
2155 3299 2369 3370 quando
2418 3309 2596 3354 autem
2644 3298 2803 3357 divisi
2858 3299 3081 3366 fuerint,
3145 3300 3525 3373 destruuntur.

268 3358 419 3461 τι...
435 3358 517 3465 δὲ,
555 3358 724 3469 ...μ’
743 3358 972 3453 δύναταί
988 3358 1213 3464 ’ξιξέέ
1231 3358 1422 3473 ἐξεδιιῆ
1467 3358 1849 3473 ’.;.~;"'s;;.;;.;;-;

1954 3393 2235 3461 Quomodo
2271 3401 2475 3461 autem,
2501 3392 2692 3461 inquit,
2726 3399 2905 3463 potest
2959 3393 3081 3463 quis
3125 3392 3361 3463 diripere
3400 3370 3525 3449 vasa

270 3487 603 3560 διαρπάσαι,
643 3488 741 3545 ἐὰν
805 3489 881 3562 μὴ
934 3490 1202 3562 πρότερον
1248 3492 1412 3547 αὐτὸν
1463 3491 1640 3566 δήσῃς
1686 3494 1751 3547 Ὃ
1792 3493 1850 3547 δὲ

268 3576 447 3648 λέγει,
475 3578 720 3634 τοιοῦτόν
747 3583 916 3634 ἐστιν’
961 3581 1229 3654 Ἰσχυρὸς,
1264 3584 1292 3637 ὁ
1317 3583 1523 3655 δαίμων
1543 3601 1557 3614 ·
1593 3585 1761 3657 σκεύη
1794 3586 1852 3640 δὲ

267 3665 467 3731 αὐτοῦ,
514 3668 565 3720 oi
598 3667 874 3742 ἄνθρωποι
921 3671 970 3723 ei
1021 3672 1328 3743 χωροῦντες
1358 3673 1540 3728 αὐτόν.
1585 3674 1711 3730 Ἐὰν
1762 3674 1853 3730 οῦν

270 3758 351 3830 μὴ
376 3759 645 3831 πρότερον
679 3761 816 3835 δήσῃ
861 3779 945 3827 τις
978 3762 1069 3817 τὸν
1115 3764 1367 3836 δαίμονα,
1419 3768 1513 3820 καὶ
1545 3766 1848 3840 καταλύσῃ,

254 3848 390 3915 ,πῶς
417 3850 488 3905 τὰ
517 3852 686 3925 σκεύη
720 3852 907 3921 αὐτοῦ,
934 3854 1064 3920 τοὺς
1093 3856 1465 3928 δαιμονῶντας
1499 3858 1663 3928 λέγω,
1694 3859 1851 3931 διαρ-

258 3942 442 3996 πάσει
473 3943 532 4011 ἑξ
562 3945 763 4012 αὐτοῦς
791 3946 954 4001 Ὥστε
985 3948 1109 4002 ἐπεὶ
1135 3949 1246 4019 ἐγὼ
1275 3950 1561 4023 διαρπάζω
1587 3952 1654 4006 τὰ
1681 3952 1848 4018 σκεύη

269 4033 466 4102 αὐτοῦ,
515 4035 814 4103 τουτέστιν,
862 4036 1167 4111 ἐλευθερῶν
1212 4042 1341 4103 τοὺς
1394 4041 1712 4116 ἀνθρώπους
1746 4044 1851 4097 ἀπὸ

268 4125 368 4178 τοῦ
390 4126 719 4198 ,δαιμονικοῦ
754 4128 992 4192 πάθους,
1024 4130 1290 4202 πρότερον
1323 4132 1509 4187 λοιπὸν
1548 4133 1716 4206 ἔδησα
1755 4136 1852 4190 καὶ

271 4220 552 4276 κατέλυσα
597 4224 723 4285 τοὺς
772 4221 1053 4293 δαίμονας,
1104 4226 1196 4277 καὶ
1246 4224 1439 4296 ἐχθρὸς
1477 4226 1659 4281 αὐτῶν
1710 4230 1848 4298 εἰμι.

274 4308 402 4372 Πῶς
427 4308 522 4363 οῦν
553 4311 710 4382 ὑμεῖς
736 4309 922 4380 λέγετε
948 4313 1025 4365 ὅτι
1059 4312 1389 4377 Βεελζεϐοὺλ
1419 4313 1551 4384 ἔχω,
1579 4316 1846 4382 τουτέστι,

253 4399 547 4471 ,δαιμόνων
562 4399 713 4469 φίλος
733 4399 807 4454 ὣν
830 4401 923 4455 καὶ
946 4401 1141 4472 μάγος,
1160 4402 1408 4458 ἐκϐάλλω
1424 4406 1548 4469 τοὺς
1569 4405 1848 4478 δαίμονας;

349 4597 370 4630 ι
407 4576 580 4650 ’Δμῆν
606 4576 748 4648 λέγω
779 4579 907 4649 ὑμῖν
928 4580 1010 4634 ὅτι
1034 4582 1210 4635 πάντα
1237 4582 1569 4653 ἀφεθήσεται
1590 4583 1656 4637 τὰ
1674 4585 1853 4655 ἀμαρ-

1944 3759 2059 3815 -nisi
2119 3759 2243 3829 quis
2292 3758 2445 3828 prius

1952 3484 2129 3551 fortis,
2173 3483 2278 3539 nisi
2333 3484 2482 3553 prius
2502 3482 2650 3538 illum
2711 3483 2981 3540 vinxerit?
3054 3481 3318 3539 Casterum
3387 3488 3528 3555 quod

1951 3577 2103 3642 dicit,
2135 3574 2240 3631 hoc
2266 3573 2368 3631 sibi
2401 3573 2546 3629 vult:
2573 3573 2756 3630 Fortis
2778 3583 2860 3630 est
2885 3575 3130 3630 daemon:
3160 3589 3289 3631 vasa
3344 3583 3524 3631 autem

1950 3667 2087 3738 ejus,
2141 3667 2388 3722 homines
2418 3675 2543 3722 sunt
2595 3665 2685 3736 qui
2741 3667 2809 3720 ab
2870 3665 2961 3720 illo
3018 3675 3291 3745 tenentur.
3341 3666 3528 3738 Itaque

2526 3758 2706 3829 alliget
2780 3758 3080 3814 dmmoncm
3145 3769 3203 3814 et
3265 3760 3527 3822 destruat,

1952 3850 2223 3922 quomodo
2271 3864 2400 3905 vasa
2425 3849 2541 3918 ejus
2570 3852 2637 3906 ab
2671 3864 2736 3905 eo
2767 3849 3008 3905 auferet?
3038 3850 3419 3914 dmmouiacos,
3446 3851 3515 3904 iu-

1953 3958 2136 4016 quam.
2175 3942 2409 3999 Proinde
2438 3941 2560 4011 quia
2588 3957 2687 4014 ego
2710 3957 2834 3998 vasa
2876 3943 2992 4012 ejus
3047 3942 3261 4012 diripio,
3296 3943 3397 3999 hoc
3445 3956 3525 3999 est

1944 4033 2123 4089 libero
2148 4032 2399 4088 homines
2422 4033 2489 4087 ab
2525 4028 2808 4087 affectione
2836 4031 3189 4096 damoniaca,
3240 4042 3526 4089 consenta-

1954 4140 2115 4181 neum
2166 4125 2420 4194 estquod
2468 4124 2701 4194 primum
2759 4123 3038 4194 ligaverim
3072 4132 3125 4179 et
3162 4124 3523 4181 destruxerim

1941 4217 2246 4282 daemones,
2274 4224 2329 4273 et
2363 4216 2614 4271 inimicus
2647 4216 2860 4271 illorum
2898 4215 3023 4272 sim.
3059 4215 3528 4288 Quomodo‘igitur

1953 4324 2048 4365 vos
2098 4304 2278 4365 dicitis
2310 4309 2451 4379 quod
2495 4306 2775 4365 Beelzebul
2816 4307 3065 4376 habeam,
3110 4311 3211 4366 hoc
3256 4318 3360 4377 est,
3404 4325 3525 4365 cum

1953 4401 2160 4457 amicus
2218 4400 2319 4455 sim
2385 4400 2688 4455 daemonum
2749 4410 2805 4458 et
2876 4416 3102 4473 magus,
3152 4401 3367 4474 ejiciam
3422 4404 3517 4457 dae-

1888 4540 1891 4545 _
1954 4493 2176 4550 rnones?

2025 4587 2187 4643 Vens.
2213 4586 2404 4642 28-50.
2437 4606 2455 4639 ι
2486 4589 2656 4641 Amen
2688 4586 2807 4642 dico
2833 4586 3007 4652 vobis,
3033 4586 3213 4642 omnia
3240 4588 3526 4643 remitten-

278 4670 504 4740 τήματα
535 4673 650 4733 τοῖς
698 4670 834 4734 υἱοῖς
868 4670 976 4724 τῶν
1008 4672 1333 4743 ἀνθρώπων,
1371 4675 1463 4727 καὶ
1513 4674 1849 4747 βλασφημίαι

1963 4691 2051 4755 tur;
2067 4677 2196 4755 filiis
2223 4681 2502 4735 hominum
2532 4690 2747 4750 peccata
2777 4689 2831 4734 et
2862 4680 3093 4735 convitia
3115 4681 3527 4752 quibuscunque

279 4757 407 4821 ὅσας
460 4756 527 4811 ἂν
573 4757 1057 4831 βλασφημήσωσιν.
1119 4764 1216 4825 Ὃς
1264 4763 1310 4816 δ’
1361 4763 1428 4818 ἀν
1480 4764 1849 4839 βλασφημήσῃ

1952 4763 2227 4831 convitiati
2275 4772 2514 4829 fuerint:
2544 4784 2599 4828 at
2639 4773 2729 4844 qui
2756 4774 3047 4828 convitimn
3080 4774 3278 4828 dixerit
3311 4773 3362 4829 in
3391 4773 3523 4844 Spi-

260 4852 354 4925 si;
401 4850 464 4905 τὸ
501 4851 727 4922 Πνεῦμα
771 4853 833 4905 τὸ
860 4851 1033 4921 ἅγιον,
1085 4855 1188 4907 οὐκ
1231 4854 1343 4926 ἔχει
1389 4857 1584 4926 ἄφεσιν
1634 4861 1711 4922 είς
1756 4860 1850 4912 τὸν

282 4942 473 5008 αἰῶνα,
502 4943 618 4996 ἀλλ’
666 4943 847 5014 ἔνοχός
883 4946 1030 5015 ἐστιν
1057 4947 1277 5001 αἰωνίου
1314 4950 1586 5019 κρίσεως·
1620 4951 1702 5004 ὅτι
1734 4950 1850 5004 ἑλε-

284 5052 394 5105 γον.
457 5035 683 5108 Πνεῦμα
720 5039 1026 5109 ἀκάθαρτον
1055 5040 1189 5111 ἔχει.
1226 5059 1245 5092 ι
1285 5040 1538 5097 Τοιοῦτόν
1584 5041 1637 5096 τί
1686 5060 1850 5114 φησιν

283 5127 515 5181 ἑνταὲιθα
537 5144 553 5160 ο
580 5130 720 5184 Ὅσα
743 5132 840 5201 μὲν
864 5131 1016 5201 ,ἄλλα
1052 5134 1456 5206 ἁμαρτάνουσιν
1473 5135 1523 5188 oi
1551 5136 1847 5206 ἄνθρωποι,

288 5222 440 5294 τυχὸν
472 5223 648 5295 ἔχοιεν
677 5224 743 5279 ἂν
776 5223 870 5278 καὶ
900 5226 1337 5296 προφασίσασθαι
1369 5245 1444 5292 τι,
1469 5229 1562 5282 καὶ
1600 5229 1847 5298 συγγνώ-

260 5332 391 5403 ³μης
420 5318 628 5388 τυχεῖν,
671 5317 765 5371 τοῦ
806 5318 943 5372 Θεοῦ
987 5322 1053 5391 τῇ
1088 5320 1199 5375 τῶν
1245 5319 1549 5394 ἀνθρώπων
1592 5323 1846 5395 ἀσθενείᾳ

282 5408 827 5475 συγκαταϐαίνοντος,
881 5405 1026 5465 οἷονο
1072 5412 1256 5483 ἔλεγον
1288 5415 1379 5468 τὸν
1437 5415 1642 5486 Κύριον
1682 5416 1854 5485 φάγον

262 5500 376 5573 ,καὶ
445 5502 752 5574 οίνοπότην,
810 5503 964 5572 φίλον
1028 5506 1275 5566 τελωνῶν
1342 5508 1434 5561 καὶ
1490 5507 1853 5578 ἁμαρτωλῶν,

282 5592 616 5665 συγγνώμης
649 5594 1044 5666 ἀξιωθήσονται
1089 5598 1181 5650 ἐπὶ
1226 5598 1433 5669 τούτῳο
1475 5600 1604 5652 ὅταν
1645 5599 1702 5651 δὲ
1734 5598 1854 5668 βλέ-

283 5699 478 5747 ποντες
499 5684 660 5739 αὐτὸν
685 5685 940 5756 θαύματα
963 5687 1180 5752 ἐξαίσια
1203 5689 1588 5760 ἐργαζόμενον,
1607 5689 1858 5762 βλασφη-

286 5774 432 5832 urbe:
461 5776 522 5830 τὸ
548 5777 793 5850 Πνεῦμα,
824 5779 1096 5850 τουτέστι,
1122 5780 1223 5845 τὰς
1250 5780 1335 5835 διὰ
1364 5780 1458 5836 τοῦ
1502 5780 1657 5852 ἁγίου
1683 5779 1858 5835 Πνεύ-

1955 4864 2112 4917 ritum
2137 4871 2405 4931 sanctum,
2434 4877 2540 4918 non
2571 4864 2733 4918 habet
2761 4862 3132 4918 remissionem
3156 4864 3209 4917 in
3232 4873 3490 4919 maternum
3509 4909 3523 4928 ,

1952 4955 2046 5009 sed
2103 4955 2374 5010 obnoxius
2424 4965 2509 5010 est
2567 4965 2771 5009 aeterno
2819 4953 3020 5024 judicio
3056 4954 3221 5023 :quia
3256 4954 3525 5019 dicebant,

1953 5046 2214 5116 Spiritum
2238 5047 2573 5102 immundum
2597 5047 2776 5102 habet.
2810 5066 2827 5099 ι
2848 5046 2978 5101 Tale
2998 5046 3256 5118 quiddam
3286 5048 3525 5103 hocvloc‘u

1953 5139 2081 5192 dicit
2114 5155 2129 5193 :
2161 5138 2503 5208 Quaecunque
2527 5140 2630 5194 alia
2658 5140 2998 5210 peccaverint
3031 5140 3295 5208 homines,
3326 5142 3526 5197 habent

1953 5229 2093 5285 forte
2116 5232 2255 5302 quod
2286 5242 2584 5302 praetexam
2611 5241 2665 5287 et
2696 5230 2909 5286 veniam
2948 5243 3367 5304 consequantur,
3415 5234 3525 5291 Deo

1956 5324 2006 5378 id
2040 5325 2381 5379 condonante
2405 5324 2652 5378 humana;
2678 5322 2978 5379 infirmitati
3007 5346 3021 5380 ;
3051 5336 3110 5381 ut
3134 5327 3363 5399 exempli
3397 5343 3523 5399 gra-

1953 5416 2046 5481 tia,
2076 5417 2330 5473 dicebant
2355 5402 2519 5486 189
2542 5413 2818 5472 Christum
2839 5414 3142 5475 helluonem
3165 5429 3220 5476 et
3247 5420 3522 5487 hihonem,

1952 5509 2183 5562 amicum
2242 5506 2648 5577 publicanorum
2710 5516 2767 5563 et
2803 5522 3172 5579 peccatorum,
3210 5514 3265 5568 in
3299 5514 3389 5570 illo
3428 5529 3522 5570 ve-

1954 5603 2095 5653 niam
2169 5606 2567 5668 assequentur:
2599 5600 2815 5669 quando
2865 5614 3042 5660 autem
3098 5606 3342 5662 videntes
3395 5622 3520 5663 eum

1954 5688 2169 5758 operari
2232 5689 2493 5745 miracula
2543 5691 2870 5760 indubitata,
2907 5695 3522 5771 blasphemarintSpiri-

1954 5785 2090 5844 tum,
2145 5778 2246 5835 hoc
2298 5790 2379 5837 est
2432 5781 2570 5840 mira
2623 5776 2798 5852 opera.
2834 5801 2930 5857 per
2962 5767 3220 5858 Spiritum
3267 5767 3515 5848 sanctum
