3968 6460
320 405 429 468 529

899 398 909 407 ’
1022 372 1470 475 ENAnnATto
1512 407 1597 471 IN
1626 407 1895 477 EVANG]

1997 411 2128 475 [ΗΜ
2166 408 2424 477 MARCI-
2467 432 2537 444 -
2564 408 2722 472 CAP.
2766 408 2866 470 ιν.

3423 416 3431 431 '
3457 400 3564 465 530

319 515 401 576 si;
427 514 523 584 τὴν
565 512 673 584 γῆν
699 515 798 587 τὴν
838 516 1031 588 καλὴν,
1058 520 1152 574 καὶ
1188 520 1362 581 ἐδίδου
1398 522 1612 596 καρπὸν
1657 524 1893 583 ἀναϐαί-

1998 523 2232 585 l‘ructum
2260 537 2365 581 non
2404 518 2574 581 dedit.
2601 520 2669 583 Et
2702 521 2857 582 aliud
2892 518 3090 581 cecidit
3126 517 3181 574 in
3230 525 3437 583 terrain
3462 517 3565 577 bo~

317 621 476 658 νοντα
514 606 606 659 καὶ
645 606 968 675 αὐξάνοντα,
1004 610 1099 665 καὶ
1128 611 1327 684 ἔφερεν
1354 612 1414 669 ἓν
1447 617 1761 686 τριάκοντα,
1795 618 1894 675 καὶ

317 698 375 750 ἓν
400 697 686 767 ἑξήκοντα,
719 702 813 754 καὶ
840 699 899 753 ἓν
947 702 1164 761 ἑκατόν.
1200 706 1311 760 Καὶ
1339 705 1525 776 ἔλεγεν
1555 709 1741 773 αὐτοῖς
1767 721 1784 738 ⁶
1829 709 1892 763 '0

319 791 455 861 ἔχων
476 784 593 848 ὦτα
613 791 856 859 ἀκούειν,
897 794 1167 852 ἀκουέτω.
1199 798 1329 852 Ὅτε
1362 799 1420 852 δὲ
1452 800 1669 869 ἐγένετο
1721 819 1890 861 κατα·

320 884 505 952 μόνας,
546 882 843 955 ἠρώτησαν
904 888 1070 945 αὐτὸν
1117 890 1167 942 οι
1222 889 1354 960 περὶ
1406 891 1570 947 αὑτὸν
1610 893 1711 953 σὺν
1773 896 1891 958 τοῖς

312 974 522 1033 δώδεκα
550 975 650 1048 τὴν
710 978 1047 1050 παραϐολὴν,
1100 980 1195 1035 καὶ
1233 981 1419 1050 ἔλεγεν
1453 983 1637 1048 αὐτοῖς
1672 998 1686 1014 ·
1724 985 1888 1057 Ὑμῖν

314 1068 527 1129 δέδοται
547 1069 752 1137 γνῶναι
768 1071 829 1124 τὸ
864 1073 1167 1144 μυστήριον
1192 1077 1290 1145 τῆς
1321 1075 1600 1145 βασιλείας
1619 1079 1714 1135 τοῦ
1731 1081 1889 1149 Θεοῦ,

313 1160 544 1224 ἐκεινοις
574 1160 634 1215 δὲ
670 1164 782 1227 τοῖς
810 1161 937 1228 ἔξω,
963 1163 1022 1223 ἐν
1046 1165 1384 1236 παρασολαῖς
1424 1169 1493 1223 τὰ
1533 1171 1711 1231 πάντα
1741 1172 1893 1242 γίνε-

313 1273 425 1321 ται,
465 1256 550 1313 ἵνα
607 1255 915 1328 βλέποντες,
970 1259 1234 1332 βλέπωσι.
1282 1262 1377 1320 καὶ
1432 1263 1507 1340 μὴ
1554 1265 1728 1333 ἴδωσι,
1794 1268 1891 1323 καὶ

314 1347 630 1415 ἀκούοντες,
653 1349 914 1415 ἀκούωσι,
941 1352 1037 1409 καὶ
1063 1350 1139 1423 μὴ
1161 1353 1391 1417 συνῶσι.
1417 1356 1629 1426 μήποτε
1650 1357 1895 1428 ἐπιστρέ-

313 1435 483 1504 ψωσι,
517 1439 610 1490 καὶ
644 1438 819 1510 ἀφεθῇ
855 1439 1038 1504 αὐτοῖς
1075 1441 1146 1494 τὰ
1170 1442 1567 1514 ἁμαρτήματα.
1600 1464 1620 1497 ι
1658 1446 1892 1519 Πρώτην

313 1526 525 1599 ταύτην
553 1532 653 1599 τὴν
685 1530 1001 1603 παραΰολὴν
1030 1531 1212 1602 τίθησι
1234 1534 1333 1606 τὴν
1363 1537 1496 1608 περὶ
1526 1536 1622 1592 τοῦ
1661 1540 1890 1612 σπόρου,

314 1617 401 1670 ἵνα
431 1622 636 1694 ποιήσῃ
663 1623 1199 1695 προσεκτικωτέρους
1233 1628 1361 1691 τοὺς
1387 1629 1692 1700 ἀκροατάς.
1734 1631 1891 1689 Ἐπεὶ

315 1711 430 1782 γὰρ
466 1713 652 1782 μέλλει
702 1715 877 1771 εἰπεῖν
906 1717 989 1772 ὅτι
1020 1720 1051 1772 ὁ
1104 1719 1305 1790 σπόρος
1336 1724 1485 1782 ἐστὶν
1513 1725 1544 1779 ὁ
1575 1724 1753 1793 λόγος,
1784 1728 1888 1796 ἑμ-

314 1799 501 1857 πεσὼν
518 1802 574 1856 δὲ
596 1804 678 1866 ei;
695 1802 1136 1875 ἀπροσκέπτους,
1157 1808 1462 1881 φθείρεται,
1488 1813 1681 1868 τούτου
1707 1814 1894 1875 ἕνεκεν

311 1893 427 1965 πρὸ
473 1894 587 1951 τῶν
631 1895 805 1950 ἄλλων
837 1898 906 1953 τὰ
947 1898 1171 1959 τοιαῦτα
1208 1901 1380 1971 λέγει,
1411 1902 1492 1966 ὡς
1536 1904 1604 1965 ἂν
1661 1908 1894 1968 σπουδά-

310 2001 486 2039 σωσιν
518 1986 568 2038 οἱ
600 1987 867 2058 ἀκροαταὶ
898 1988 976 2063 μὴ
1009 1990 1193 2063 ἐκείνῃ
1236 1995 1303 2063 τῇ
1337 1995 1408 2065 γῇ
1462 1993 1797 2067 ὁμοιωθῆναι
1825 1999 1892 2069 τῇ

310 2076 409 2129 τὸν
450 2077 653 2149 σπόρον
685 2078 1097 2156 διαφθειρούσῃ.
1132 2083 1228 2149 Τίς
1274 2080 1367 2143 οὖν
1394 2086 1541 2139 ἐστὶν
1568 2087 1597 2139 ό
1622 2088 1891 2160 σπείρων;

311 2164 482 2229 αὐτὸς
524 2168 552 2221 ό
582 2168 841 2237 Χριστὸς,
878 2169 938 2235 ὃς
964 2171 1187 2241 ἐξῆλθεν
1236 2174 1302 2226 ὲκ
1350 2174 1459 2232 τῶν
1520 2176 1738 2231 κόλπων
1785 2178 1894 2235 τῶν

312 2253 613 2324 Πατρικῶν
647 2256 1030 2333 φιλανθρωπίᾳ
1062 2260 1159 2317 καὶ
1189 2265 1600 2334 συγκαταὸἀσει
1628 2266 1892 2339 ἀνεκφοι-

307 2344 518 2423 τητως.
557 2347 780 2418 Ἒξῆλθε
805 2348 861 2405 δὲ
878 2350 977 2420 οὐχ
1002 2349 1089 2404 ῐηια
1137 2353 1401 2428 ἐμπρήσῃ
1429 2355 1529 2428 τὴν
1570 2357 1893 2428 κατηραμέ-

312 2434 566 2503 νηνγῆν,
598 2436 813 2500 καὶτὰς
837 2442 1080 2513 πονηρὰς
1115 2443 1341 2513 καρδίας
1363 2460 1377 2474 '
1413 2445 1534 2503 οὐδὲ
1569 2446 1663 2508 ἵνα,
1685 2447 1895 2522 ἐκτέμῃ

308 2524 416 2589 τὰς
448 2527 710 2591 ἀκάνθας,
768 2530 882 2587 ἀλλ’
918 2532 1006 2589 ἵνα
1052 2535 1254 2611 σπείρῃ
1287 2536 1376 2591 τὸν
1436 2539 1660 2611 σπόρον.
1726 2542 1891 2597 Ποῖον

306 2615 369 2671 δὲ
405 2617 636 2688 σπόρον;
659 2612 810 2692 *Αρα
834 2621 924 2677 τὸν
956 2623 1051 2680 τοῦ
1073 2625 1347 2692 Μωσέως
1376 2623 1484 2698 ἆρα
1511 2629 1603 2687 τὸν
1630 2629 1738 2685 τῶν
1762 2647 1896 2707 προ·

313 2708 545 2777 φητῶνς
598 2710 753 2781 Οὐχὶ.
803 2711 938 2770 ἀλλὰ
991 2712 1085 2771 τὸν
1130 2717 1323 2781 αὐτοῦ,
1358 2718 1660 2784 τουτέστιν,
1711 2720 1798 2782 ἵνα
1833 2721 1897 2775 τὸ

311 2799 652 2869 Εὑαγγέλιον
683 2803 849 2860 αὐτοῦ
876 2805 1364 2883 κηρύξῃ.Ἐκείνος
1396 2810 1495 2881 μὲν
1517 2806 1610 2869 οὖν
1650 2812 1891 2885 ἔσπειρε.

313 2888 444 2945 Τῶν
475 2889 532 2943 δὲ
579 2893 912 2964 σπερμάτων
938 2895 967 2954 δ
1003 2896 1127 2967 μὲν,
1166 2898 1364 2957 ἔπεσεν
1395 2900 1476 2964 εις
1505 2900 1681 2975 ψυχὴν
1722 2921 1895 2959 κατα-

309 2983 717 3055 πεπατημένην
752 2985 859 3044 ὑπὸ
888 2988 1097 3047 πολλῶν
1119 3005 1134 3020 ·
1186 2991 1281 3047 καὶ
1309 2991 1379 3047 τὰ
1416 2995 1640 3051 πετεινὰ
1667 2993 1760 3051 τοῦ
1806 2997 1895 3051 οὐ-

311 3073 512 3144 ρανοῦ,
561 3076 612 3131 oi
658 3076 914 3148 δαίμονες
958 3078 1102 3150 λέγω
1151 3083 1201 3139 οἱ
1263 3084 1353 3138 τὸν
1387 3085 1525 3157 ἀέρα
1556 3088 1893 3158 κατέχοντες,

309 3167 628 3236 κατέφαγον
642 3169 734 3225 τὸν
761 3171 982 3243 σπόρον.
1012 3173 1255 3232 Τοιοῦτοι
1289 3176 1395 3246 γάρ
1422 3178 1559 3236 εἰσιν
1588 3179 1638 3234 οἱ
1681 3179 1894 3251 ἀνθρω-

315 3257 613 3329 πάρεσκοι,
649 3260 767 3325 ὁδὸς
797 3266 1306 3341 καταπεπατημένη
1341 3269 1447 3324 ὑπὸ
1500 3270 1731 3325 πολλῶνο
1764 3272 1894 3331 ὅταν

313 3351 428 3422 γάρ
458 3369 542 3416 τις
576 3353 754 3412 πάντα
784 3357 998 3431 πράττῃ
1049 3358 1189 3429 πρὸς
1228 3359 1288 3417 τὸ
1320 3361 1516 3431 ἀρέσαι
1552 3364 1748 3436 τούτῳ,
1800 3369 1901 3423 κά-

314 3445 504 3515 κείνῳ,
533 3440 685 3511 οὗτος
704 3452 1097 3508 καταπατεῖται
1121 3451 1226 3509 ὑπὸ
1250 3453 1481 3509 πολλῶν.
1507 3455 1651 3528 Ὅρα
1672 3457 1728 3513 δέ
1750 3474 1763 3488 ·
1799 3462 1901 3518 οὐκ

315 3531 475 3588 εἶπεν
503 3537 585 3593 ὅτι
611 3538 872 3612 Ἐρριψεν
900 3541 1033 3597 αὐτὸ
1056 3543 1149 3600 ἐπὶ
1177 3544 1277 3614 τὴν
1307 3544 1449 3610 ὁδὸν,
1483 3546 1600 3603 ἀλλ’
1638 3550 1895 3607 Ἔπεσεν.

328 3626 391 3680 Ὀ
428 3627 530 3695 μὲν
559 3629 666 3701 γὰρ
716 3631 976 3705 σπείρων,
1031 3634 1107 3699 ὡς
1164 3636 1246 3700 εἰς
1293 3636 1507 3713 ἀγαθὴν
1539 3641 1642 3711 γῆν
1691 3642 1897 3712 ῥίπτει,

316 3719 505 3791 ἐκείνη
533 3720 590 3775 δὲ
620 3726 832 3797 πονηρὰ
860 3726 1249 3803 εὑρισκομένη.
1285 3729 1496 3807 φθείρει
1541 3732 1633 3788 τὸν
1672 3734 1896 3807 σπόρον.

317 3812 440 3880 ἦτοι
468 3812 559 3869 τὸν
603 3814 782 3886 λόγον.
830 3818 987 3885 Τινὲς
1022 3819 1086 3877 δὲ·
1119 3820 1181 3880 τὸ
1219 3823 1376 3893 Παρὰ
1424 3823 1524 3893 τὴν
1556 3823 1674 3883 ὁδὸν
1711 3824 1898 3892 ἔπεσε.

321 3908 626 3983 χαριέντως
656 3911 909 3986 ἐνόησαν,
937 3916 1021 3973 ὅτι
1050 3914 1246 3973 ἔπεσεν
1272 3918 1351 3981 εἰς
1368 3919 1600 3978 ἄπιστον
1624 3920 1852 3993 καρδίαν
1880 3936 1896 3953 ⁸

319 4001 442 4065 ὁδὸς
467 4003 566 4075 μὲν
592 4002 700 4077 γὰρ
721 4008 749 4060 ό
777 4007 1012 4078 Χριστός
1043 4024 1057 4038 ·
1082 4008 1237 4079 παρὰ
1280 4007 1376 4081 τὴν
1405 4010 1523 4067 ὁδὸν
1569 4011 1627 4067 δέ
1681 4014 1819 4066 εἰσιν
1849 4014 1898 4067 οἱ

321 4093 567 4162 ἄπιστοι,
588 4095 639 4151 οι
661 4095 766 4166 ἔξω
781 4098 879 4173 τῆς
899 4098 1042 4165 ὀδοῦ,
1063 4101 1311 4158 τουτέστι
1336 4100 1432 4158 τοῦ
1449 4102 1712 4173 Χριστοῦ.
1737 4103 1899 4161 Ἀλλο

320 4184 378 4238 δὲ
406 4184 601 4242 πίπτει
634 4188 725 4243 ἐπὶ
767 4188 946 4263 ψυχὴν
997 4191 1285 4262 πετρώδη·
1324 4194 1450 4257 τοὺς
1481 4193 1719 4260 εὐκόλως
1756 4194 1900 4265 λέγω

321 4276 668 4345 δεχομένους,
704 4274 822 4333 εἶτα
842 4280 1249 4346 ἀποϐάλλοντας
1276 4299 1290 4314 ·
1328 4282 1378 4340 οἶ
1420 4283 1719 4355 πετρώδεις
1768 4287 1896 4353 εἰσὶ,

326 4365 466 4418 κατὰ
489 4383 542 4420 τι
566 4369 762 4439 μικρὸν
791 4371 1028 4436 ἐοικότες
1050 4375 1119 4444 τῇ
1146 4374 1340 4445 πέτρᾳ,
1364 4374 1441 4445 τῷ
1472 4358 1695 4448 Χριστῷ
1726 4395 1894 4451 φημι,

326 4456 463 4509 καθὸ
491 4456 739 4522 ἐδέξαντο
767 4461 859 4514 τὸν
901 4463 1058 4530 λόγον
1079 4480 1095 4496 ο
1142 4464 1279 4519 καθὸ
1315 4463 1372 4517 δὲ
1404 4465 1541 4536 πρδς
1567 4466 1761 4537 καιρὸν
1810 4467 1898 4522 δέ-

1995 633 2142 684 nam,
2197 625 2253 672 et
2282 614 2443 675 dabnt
2468 611 2705 675 fructum
2730 621 3097 683 emergentem
3128 620 3558 679 etcrescentem,

1991 719 2049 770 et
2076 706 2336 770 eliciebat
2363 722 2532 768 unum
2581 706 2829 778 triginta,
2859 713 2914 766 ct
2951 719 3121 763 unum
3151 702 3459 773 sexaginta,
3508 709 3566 757 et

1994 814 2160 859 unum
2189 806 2427 860 centum.
2452 797 2534 858 Ae
2560 796 2772 857 dicebat
2804 794 2951 853 illis:
2978 793 3081 863 Qui
3112 792 3276 855 habet
3302 807 3465 854 aures
3493 792 3562 848 ad

1993 889 2342 955 audiendum,
2366 889 2567 949 audiat.
2600 888 2935 957 Curuiautem
2962 885 3218 956 coepisset
3242 900 3371 944 esse
3393 883 3562 949 solus,

1994 985 2472 1053 interrogaverunt
2502 995 2630 1043 eum
2668 979 2724 1041 iii
2755 978 2847 1050 qui
2876 978 3020 1037 circa
3052 975 3226 1046 ipsum
3255 984 3562 1034 erantcum

1994 1074 2276 1137 duodecim
2304 1073 2379 1137 de
2409 1070 2689 1143 parabole,
2717 1078 2771 1133 et
2798 1069 3010 1133 dicebat
3036 1069 3120 1128 eis
3145 1086 3162 1131 ;
3191 1066 3357 1129 Vobis
3378 1067 3563 1124 datum

1992 1179 2079 1231 est
2109 1181 2275 1227 nosse
2324 1167 2641 1239 mysterium
2700 1164 2854 1233 regni
2915 1162 3050 1228 Dei;
3086 1161 3193 1222 illis
3234 1171 3414 1222 autem
3472 1160 3565 1230 qui

1994 1259 2129 1317 furis
2160 1266 2310 1325 sunt,
2342 1272 2439 1330 per
2473 1256 2759 1330 parabolas
2785 1253 2968 1317 omnia
3010 1253 3191 1315 ﬁunt:
3234 1261 3293 1309 ut
3316 1251 3564 1313 videntes

1994 1348 2213 1405 Videant
2243 1355 2298 1404 et
2353 1362 2462 1403 non
2518 1354 2746 1404 cernant
2776 1362 2793 1414 ;
2825 1353 2882 1401 et
2945 1343 3229 1400 audientes
3257 1341 3480 1398 audiant
3513 1350 3569 1397 et

1995 1455 2100 1496 non
2135 1439 2462 1511 intelligant,
2491 1438 2777 1509 nequando
2818 1443 3209 1493 convertantur
3264 1442 3321 1490 et
3370 1431 3565 1488 remit-

1996 1540 2183 1591 tantur
2219 1532 2303 1588 eis
2355 1539 2601 1602 peccata.
2667 1548 2687 1584 ι
2754 1527 2996 1589 Primam
3057 1525 3201 1585 hanc
3249 1522 3566 1595 parabolam

1996 1624 2166 1695 ponit,
2199 1638 2321 1695 quze
2352 1630 2438 1681 est
2467 1623 2534 1682 de
2558 1622 2790 1687 semine,
2826 1635 2933 1691 quo
2963 1619 3260 1677 reddantur
3290 1616 3568 1674 auditores

1995 1716 2330 1775 attentiores.
2357 1715 2623 1783 Quoniam
2655 1715 2800 1773 enim
2866 1713 3111 1773 dicturus
3165 1717 3287 1769 erat
3341 1707 3565 1766 verbum

1996 1821 2119 1869 esse
2148 1821 2357 1872 semen,
2389 1804 2530 1876 quod
2558 1806 2648 1864 ubi
2681 1803 2942 1865 ceciderit
2985 1801 3040 1860 in
3088 1815 3276 1873 parum
3303 1808 3564 1860 attentos.

1927 1871 1970 1929 Β
1996 1898 2366 1967 corrumpitur
2383 1871 2722 1968 {propterea
2750 1901 2874 1955 ante
2894 1892 3000 1953 alia
3030 1871 3143 1953 huic
3166 1889 3320 1954 dicit,
3384 1897 3445 1945 ut
3468 1902 3565 1944 au-

1996 1988 2204 2049 ditores
2253 1986 2506 2045 studeant
2534 2000 2641 2047 non
2692 1984 2771 2046 illi
2806 1990 2970 2045 terra
2999 1980 3202 2039 similes
3245 1978 3386 2047 fieri,
3446 1992 3568 2048 quae

1995 2092 2180 2135 semen
2215 2076 2501 2146 dispertiit.
2525 2074 2660 2144 Quis
2691 2075 2856 2145 igitur
2898 2083 2983 2135 est
3012 2072 3103 2142 qui
3153 2069 3419 2133 seminat?
3452 2069 3570 2140 ipse

1995 2167 2247 2230 Christus
2279 2168 2371 2239 qui
2400 2167 2567 2231 exivit
2597 2183 2629 2224 e
2656 2166 2906 2229 Patentis
2938 2165 3150 2227 sinibus
3181 2162 3435 2225 inellabili
3469 2163 3570 2223 nti-

1997 2262 2291 2324 sericordia
2321 2276 2382 2321 se
2417 2262 2572 2323 nobis
2603 2269 2992 2330 intemperans.
3023 2256 3205 2321 Exivit
3233 2263 3415 2315 autem
3463 2269 3568 2310 non

1997 2364 2057 2410 ut
2085 2353 2337 2415 incendat
2359 2353 2697 2414 maledictam
2727 2358 2925 2411 terram
2943 2359 2998 2406 et
3020 2348 3160 2410 mala
3181 2348 3365 2414 corda,
3391 2360 3568 2416 neque

1997 2455 2056 2505 ut
2084 2454 2302 2506 exsecat
2337 2447 2542 2516 apinae,
2588 2444 2685 2505 sed
2748 2451 2808 2501 ut
2871 2442 3103 2503 seminet
3137 2456 3345 2501 semen.
3399 2438 3573 2508 Quale

1996 2546 2174 2597 autem
2204 2536 2427 2596 semen?
2459 2535 2716 2606 Nunquid
2744 2533 2947 2593 Mosis?
3000 2533 3246 2602 nunquid
3276 2532 3569 2604 propheta-

1994 2626 2157 2687 rum?
2210 2625 2351 2693 Non,
2404 2625 2500 2688 sed
2551 2638 2730 2690 suum,
2779 2626 2882 2684 hoc
2926 2632 3009 2679 est
3078 2629 3139 2679 ut
3216 2621 3568 2693 Evangciiunt

1996 2734 2155 2779 suum
2191 2717 2477 2786 pradicet.
2517 2715 2614 2777 Ille
2644 2716 2812 2788 igitur
2840 2715 3150 2776 seminavit.
3212 2713 3333 2770 Jam
3376 2728 3567 2773 semen

1998 2810 2140 2872 aliud
2176 2809 2233 2867 in
2270 2808 2509 2874 animum
2530 2824 2563 2867 ο
2589 2809 2777 2867 multis
2806 2808 3186 2870 conculcatum
3218 2805 3416 2865 cecidit
3443 2822 3459 2860 :
3513 2815 3571 2863 et

1997 2902 2239 2965 volatilia
2259 2903 2406 2968 coeli,
2443 2904 2714 2967 daemones
2737 2903 2881 2969 dico,
2908 2903 2997 2973 qui
3023 2917 3204 2961 aerem
3240 2902 3569 2967 inhabitant,

1997 2994 2352 3055 comederunt
2379 3010 2584 3054 semen.
2612 2993 2769 3050 Tales
2800 2995 2944 3051 enim
2985 3001 3110 3051 sunt
3144 2992 3233 3062 qui
3264 2993 3571 3051 hominibus

1999 3086 2220 3157 placere
2250 3086 2462 3153 volunt,
2516 3087 2600 3147 via
2655 3085 2861 3147 Scilicet
2918 3083 3234 3146 conculcata
3281 3083 3565 3145 amultis:

2001 3180 2222 3251 quando
2259 3180 2404 3241 enim
2442 3180 2565 3250 quis
2595 3179 2776 3239 omnia
2809 3178 2940 3239 facit
2969 3186 3026 3236 ut
3072 3178 3198 3238 huic
3241 3187 3293 3239 et
3327 3176 3401 3235 illi
3458 3176 3571 3246 pla-

2002 3282 2148 3340 ceat,
2178 3274 2281 3331 iste
2328 3287 2357 3327 a
2398 3270 2584 3332 multis
2615 3269 2991 3332 conculcatur.
3031 3267 3167 3327 Vide
3221 3278 3399 3326 autem
3431 3267 3573 3340 quod

2002 3381 2106 3422 non
2130 3365 2329 3426 dixerit
2348 3379 2407 3423 se
2424 3363 2716 3435 proiecisse
2740 3362 2871 3423 illud
2900 3362 2955 3421 in
2980 3362 3145 3426 viam,
3167 3361 3261 3421 sed
3284 3360 3571 3421 cecidisse.

1996 3456 2133 3514 Nam
2164 3457 2259 3528 qui
2299 3457 2555 3522 seminat,
2587 3470 2688 3514 ceu
2723 3455 2775 3511 in
2819 3464 3020 3511 terram
3082 3453 3282 3511 bonam
3302 3452 3568 3523 proiicit:

2000 3550 2089 3607 illa
2125 3558 2306 3606 autem
2340 3549 2387 3609 si
2418 3548 2641 3609 inventa
2670 3548 2838 3609 fuerit
2862 3547 3029 3611 mala,
3075 3560 3284 3612 semen,
3315 3560 3411 3602 seu
3455 3561 3574 3600 ver-

1998 3640 2124 3697 bum
2174 3642 2494 3713 corrumpit.
2541 3640 2771 3709 Quidam
2820 3651 3002 3696 autem
3051 3654 3148 3711 per
3192 3653 3379 3696 semen
3429 3639 3573 3709 quod

1999 3749 2157 3791 secus
2187 3735 2331 3791 viam
2363 3735 2581 3801 cecidit,
2630 3735 2852 3804 pulchre
2883 3734 3266 3791 intellexerunt
3303 3734 3446 3804 quod
3480 3748 3574 3788 εει

2005 3826 2201 3885 ciderit
2226 3826 2281 3883 in
2318 3842 2416 3885 cor
2438 3827 2677 3885 inﬁdele.
2710 3825 2809 3882 Via
2842 3826 2988 3883 enim
3018 3834 3106 3882 est
3149 3825 3426 3892 Christus,
3463 3840 3573 3882 cat-

2003 3924 2177 3975 terum
2226 3932 2385 3978 secus
2415 3918 2581 3982 viam,
2635 3925 2764 3975 sunt
2806 3917 3054 3973 inﬁdeles
3091 3916 3183 3987 qui
3236 3924 3392 3981 extre
3426 3918 3571 3973 viam

2000 4016 2150 4074 sunt,
2184 4007 2286 4066 hoc
2316 4017 2402 4067 est
2427 4008 2731 4071 Christum.
2755 4007 2913 4066 Aliud
2944 4018 3127 4067 autem
3157 4010 3304 4068 cadit
3343 4010 3397 4066 in
3449 4011 3572 4066 ani-

2001 4114 2144 4158 mam
2179 4109 2449 4169 petrosam
2477 4115 2493 4157 ι
2522 4114 2619 4157 eos
2651 4099 2793 4165 dico.
2828 4100 2921 4170 qui
2950 4098 3110 4160 facile
3139 4101 3467 4173 suscipiunt,
3517 4111 3576 4158 et

2002 4190 2198 4251 deinde
2226 4190 2513 4260 abjiciunt.
2542 4189 2647 4258 Qui
2676 4192 2878 4261 petrosi
2906 4201 3053 4258 sunt,
3086 4191 3154 4251 ad
3185 4208 3407 4263 parvum
3444 4202 3577 4250 tem-

2000 4297 2102 4352 pus
2138 4282 2343 4348 similes
2382 4281 2511 4339 facti
2550 4292 2718 4352 petrae
2755 4284 2997 4351 Christo,
3046 4285 3102 4346 in
3143 4286 3249 4344 hoc
3278 4287 3422 4355 quod
3454 4301 3570 4341 ser-

2003 4390 2218 4435 monem
2273 4385 2673 4446 susceperunt:
2730 4376 3025 4437 dissimiles
3074 4385 3251 4437 autem
3312 4376 3464 4444 facti.
3508 4392 3577 4436 eo

2004 4469 2148 4538 quod
2175 4468 2243 4531 ad
2265 4478 2479 4539 tempus
2508 4469 2671 4528 breve
2696 4477 3078 4541 susceperunt,
3102 4478 3158 4529 et
3202 4469 3399 4529 deinde
3434 4469 3577 4540 abje-

324 4566 533 4618 χονται,
567 4547 687 4606 εἶτα
728 4553 1148 4619 ἀποϐάλλουσιν,
1203 4556 1547 4622 ἀπεοικότες.
1600 4559 1709 4612 Καὶ
1772 4558 1895 4614 ἄλλο

2004 4570 2216 4615 cerunt.
2254 4559 2319 4615 Et
2360 4560 2508 4616 aliud
2542 4563 2597 4617 in
2645 4562 2881 4617 animam
2938 4561 3135 4623 cecidit
3184 4561 3371 4621 multis
3421 4560 3572 4622 curis

325 4644 405 4705 si;
431 4642 613 4715 ψυχὴν
644 4645 1008 4719 πολύφροντιν
1041 4664 1055 4685 ο
1091 4648 1327 4703 ἄκανθαι
1358 4649 1467 4725 γὰρ
1506 4651 1562 4706 αἱ
1594 4651 1897 4725 φροντίδες.

325 4733 399 4789 Τὸ
428 4735 486 4791 δὲ
520 4736 804 4809 τέταρτον,
836 4741 916 4805 εἰς
958 4741 1062 4811 γῆν
1128 4741 1361 4813 ἀγαθήν.
1407 4744 1552 4817 Ὅρα
1606 4742 1738 4812 γοῦν
1780 4744 1900 4810 πῶς

328 4826 533 4886 σπάνια
564 4829 631 4884 τὰ
657 4829 817 4896 καλὰ,
854 4830 950 4889 καὶ
980 4830 1150 4902 ὀλίγοι
1177 4833 1226 4887 οἱ
1259 4833 1575 4907 σωζόμενοι·
1609 4835 1673 4889 τὸ
1697 4836 1898 4909 τέταρ-

332 4936 416 4973 τον
457 4920 568 4991 γὰρ
609 4921 771 4992 μόνον
818 4921 915 4979 τοῦ
965 4923 1169 4995 σπόρου
1222 4924 1550 4997 εθρίσκεταιι
1605 4925 1894 4982 διασωθόν.

329 5010 452 5077 Τοῖς
473 5007 569 5069 οὖν
590 5013 858 5085 μαθηταῖς
887 5016 1229 5089 ἐρωτήσασιν
1257 5016 1421 5077 αὐτὸν
1456 5016 1581 5090 ἰδίᾳ,
1619 5017 1784 5088 φησιν
1814 5017 1898 5072 ὅτι

336 5101 500 5173 ’Υμῖν
527 5102 732 5159 δέδοται
776 5105 980 5179 γνῶναι
1000 5108 1070 5163 τὰ
1118 5109 1411 5179 μυστήρια.
1451 5103 1577 5179 Ἆρ’
1621 5107 1714 5164 οὖν
1760 5109 1904 5168 κατὰ
1943 5119 1950 5126 “

330 5195 717 5269 ἀποκλήρωσιν
746 5198 844 5253 καὶ
895 5200 1238 5273 εἱμαρμένην
1282 5202 1347 5255 ἐκ
1394 5199 1609 5272 φύσεως
1636 5202 1747 5263 τοῖς
1798 5201 1901 5276 μὲν

327 5284 560 5351 δέδοται,
580 5292 689 5350 τοῖς
706 5288 762 5343 δὲ
783 5288 844 5343 οὕ
865 5305 880 5355 ;
906 5290 998 5365 Μὴ
1022 5292 1231 5359 γένοιτο
1248 5292 1263 5345 l
1283 5292 1396 5346 ἀλλ’
1414 5292 1645 5356 ἐκείνοις
1671 5291 1900 5358 δέδοται,

328 5378 442 5438 τοῖς
472 5376 720 5446 ζητοῦσι.
757 5398 775 5437 t
828 5384 1054 5456 Ζητεῖτε
1104 5383 1234 5453 γάρ,
1270 5384 1424 5456 φησὶ,
1470 5385 1566 5441 καὶ
1616 5382 1902 5455 δοθήσεται

330 5466 483 5534 ὑμῖν.
521 5487 539 5523 ι
582 5471 720 5535 Τοὺς
754 5470 809 5524 δὲ
832 5472 1055 5540 λοιποὺς
1082 5473 1390 5549 ἐτύφλωσεν
1443 5476 1471 5530 ό
1503 5474 1658 5541 Θεὸς,
1704 5474 1792 5530 ἵνα
1824 5474 1902 5548 μὴ

328 5560 467 5626 πρὸς
498 5560 717 5621 πλείονα
744 5565 1073 5636 κατάκρισιν
1095 5567 1274 5623 αὐτῶν
1313 5567 1400 5641 εἴη
1421 5565 1483 5621 τὸ
1505 5569 1646 5625 νοεῖν
1672 5565 1894 5633 απὸ-δέον,

331 5650 409 5721 μὴ
440 5654 790 5725 πραττόντων
816 5655 966 5714 αὐτό.
999 5658 1211 5722 Ἄλλως
1241 5675 1253 5688 ·
1287 5658 1474 5723 Θέλεις
1506 5657 1709 5729 γνῶναι
1741 5658 1824 5712 ὅτι
1867 5660 1894 5711 ὁ

408 5830 677 5895 ’τυπιυα
713 5849 829 5899 Vill,
876 5835 956 5891 l0.

2001 4653 2317 4718 obnoxiam,
2349 4652 2521 4723 spinae
2574 4653 2719 4709 enim
2755 4667 2904 4709 curae
2935 4661 3086 4715 sunt.
3130 4651 3372 4723 Denique
3413 4667 3577 4722 quar-

2005 4751 2118 4801 tum
2176 4744 2228 4804 in
2264 4753 2464 4801 terram
2489 4744 2686 4804 bonam
2719 4744 2936 4807 cecidit.
2990 4742 3223 4804 Proinde
3260 4743 3382 4799 vide
3432 4758 3574 4814 quo-

2003 4833 2165 4890 modo
2192 4848 2316 4895 rara
2351 4835 2462 4893 sint
2483 4834 2646 4902 bona,
2688 4842 2747 4893 et
2782 4833 2939 4905 pauci
2968 4834 3059 4905 qui
3093 4841 3421 4895 serventur;
3449 4849 3571 4889 nam

2003 4930 2257 4992 quartum
2290 4922 2446 4993 191
2482 4931 2691 4985 tantum
2740 4936 2928 4983 semen
2960 4922 3230 4984 invenitur
3276 4933 3571 4993 serratum.

2005 5011 2176 5070 Porro
2230 5015 2515 5086 discipulis
2563 5016 2795 5078 seorsim
2844 5015 3310 5086 interrogantibus
3371 5015 3571 5085 inquit,

2009 5124 2030 5160 ι
2056 5104 2226 5162 Vobis
2257 5108 2443 5165 datum
2486 5114 2569 5162 est
2619 5120 2782 5167 nosse
2813 5105 3224 5178 mysterie77'".
3260 5124 3279 5159 ι
3322 5104 3572 5177 Nunquid

2004 5196 2169 5269 igitur
2222 5212 2321 5268 per
2368 5199 2800 5270 segregationem
2844 5206 2900 5254 et
2930 5198 3176 5258 naturale
3226 5199 3396 5263 fatum
3454 5199 3575 5257 aliis

2004 5290 2221 5361 quidem
2249 5293 2434 5353 datum
2460 5298 2563 5358 est,
2593 5289 2717 5351 aliis
2745 5305 2875 5348 vero
2904 5290 3055 5349 non?
3098 5291 3258 5352 Absit
3288 5292 3302 5345 ι
3340 5290 3435 5355 sed
3469 5290 3576 5351 illis

2003 5382 2191 5445 datum
2217 5392 2300 5442 est
2320 5384 2411 5452 qui
2466 5382 2766 5453 inquirunt.
2810 5401 2832 5437 ι
2876 5382 3122 5449 Quaerite
3171 5384 3339 5444 enim.
3374 5382 3574 5453 inquit,

2003 5482 2060 5535 et
2090 5473 2308 5536 dabitur
2337 5474 2509 5531 vobis.
2536 5491 2557 5524 ι
2596 5472 2839 5533 Caeteros
2871 5483 3053 5533 autem
3084 5471 3381 5533 remeavit
3413 5473 3571 5540 Deus,

2005 5580 2074 5621 ne
2101 5565 2173 5621 sit
2204 5564 2310 5625 illis
2358 5564 2411 5621 in
2439 5563 2700 5637 majorem
2728 5565 3237 5629 condemnationem
3288 5564 3334 5620 si
3374 5564 3576 5625 intelli-

2002 5666 2131 5731 gant
2158 5666 2341 5715 etnon
2374 5656 2593 5719 iaciat".
2624 5655 2693 5717 Et
2721 5659 2881 5725 aliter
2913 5676 2929 5717 :
2966 5658 3063 5718 Vis
3101 5658 3244 5723 scire
3269 5658 3394 5731 quia
3432 5658 3572 5717 Deus
