3968 6460
253 362 350 425 ί33

962 360 1408 427 ENARRATIO
1447 368 1532 431 IN
1572 370 2072 438 EVANGELIUM
2108 380 2368 454 MARCI.
2408 410 2477 420 -
2515 388 2673 452 CAP.
2720 394 2821 456 ιν.

3412 399 3518 464 534

263 475 432 545 χνὶαν,
457 474 741 529 τουτέστιν
789 473 880 529 ἐπὶ
924 475 984 530 τὺ
1028 475 1163 546 ὕψος
1210 481 1308 551 τῆς
1345 482 1487 537 κατᾶ
1514 484 1648 539 Θεὸν
1680 487 1831 540 πολι-

1945 493 2026 561 qui
2087 496 2244 552 debet
2278 501 2401 569 poni
2461 519 2622 574 super
2658 508 3064 577 candelabrum,
3097 511 3201 568 hoc
3251 522 3332 569 est
3358 530 3519 584 super

262 567 431 631 τείας,
477 567 566 621 ῐνα
611 570 707 622 καὶ
745 568 957 641 ἑτέροις
1010 570 1237 643 δύνηται
1287 574 1546 647 λάμπειν,
1584 578 1698 632 ἀλλ’
1739 582 1839 651 οὐχ

265 658 366 711 ὑπὸ
395 658 492 711 τὸν
526 658 725 725 μόδιον,
757 661 1038 716 τουτέστιν
1071 663 1176 717 ὑπὸ
1216 665 1318 736 τὴν
1365 671 1836 741 γαστριμαργίαν,

261 749 353 802 καὶ
375 747 479 817 τὴν
515 748 640 820 περὶ
668 749 735 803 τὰ
772 751 896 804 σῖτα
928 752 1188 824 σπουδὴν,
1210 754 1323 807 οὐδ’
1358 756 1462 810 ὑπὸ
1500 759 1600 828 τὴν
1625 760 1836 832 κλίνην,

259 840 511 896 τουτέστι
544 842 641 915 τὴν
673 843 1000 900 ἀνάπαυσιν.
1034 846 1223 910 Οὐδεὶς
1270 849 1379 921 γὰρ
1411 852 1540 921 περὶ
1593 854 1662 905 τὰ
1716 854 1839 907 σῖτα

257 934 601 999 σπουδάζων,
631 935 725 987 καὶ
752 934 935 989 ἄνεσιν
961 937 1164 1004 ποθῶν,
1194 938 1419 995 δύναται
1452 942 1645 1013 λύχνος
1694 941 1836 1000 εἶναι

255 1027 394 1079 πᾶσι
435 1025 649 1094 φαίνων
683 1025 771 1079 διὰ
793 1026 888 1081 τοῦ
921 1029 1124 1083 οἰκείου
1154 1029 1293 1102 βίου.
1320 1032 1396 1087 Οὐ
1427 1033 1533 1105 γάρ
1559 1049 1675 1089 εστι
1701 1054 1839 1110 κρυ-

254 1117 385 1170 πτὸν
410 1116 441 1170 6
478 1116 541 1170 ού
580 1116 655 1189 μὴ
681 1118 990 1189 φανερωθῇ.
1014 1119 1137 1175 Εἴτε
1163 1121 1373 1190 ἀγαθόν
1404 1140 1488 1193 τι,
1530 1125 1643 1180 εἴτε
1674 1146 1839 1201 πονη-

253 1208 346 1280 ρδν
376 1210 437 1262 ὲν
467 1208 549 1279 τῷ
608 1208 857 1280 λεληθότι
890 1213 1054 1273 ποιεῖ,
1086 1214 1541 1287 φανερωθήσεται
1592 1221 1689 1274 καὶ
1742 1222 1830 1275 ὲν-

250 1300 451 1368 ταῦθα,
491 1301 590 1355 καὶ
623 1301 806 1372 πολλῷ
839 1303 1042 1374 μᾶλλον
1092 1307 1151 1360 ἐν
1203 1304 1283 1378 τῷ
1318 1307 1588 1377 μέλλοντι.
1627 1312 1694 1366 Τί
1728 1314 1837 1387 γὰρ

249 1390 316 1465 ἦν
349 1393 736 1466 κρυφιὼτερον
767 1395 939 1457 Θειοῦς
993 1397 1109 1452 ἀλλ’
1133 1400 1285 1471 ὅμως
1341 1402 1435 1457 καὶ
1467 1395 1620 1469 οὗτος
1645 1406 1815 1476 έφανε

253 1485 399 1556 ρώθη
428 1487 492 1539 ἐν
523 1486 709 1558 σαρκί.

326 1597 344 1630 ι
385 1580 504 1633 Καὶ
534 1578 721 1648 ἔλεγεν
752 1581 939 1647 αὐτοῖς
975 1599 989 1614 ο
1023 1581 1261 1639 Βλέπετε
1298 1586 1353 1641 τί
1382 1587 1634 1647 ἀκούετε.
1672 1591 1762 1645 Ἐν
1790 1585 1835 1661 ᾧ

252 1671 436 1742 μέτρῳ
465 1675 746 1743 μετρεῖτε,
779 1675 1186 1749 μετρηθήσεται
1219 1679 1370 1750 ύμῖν,
1409 1684 1504 1738 καὶ
1526 1686 1834 1759 προστεθή-

251 1781 400 1818 σεται
439 1763 577 1834 ὕμτν
599 1767 711 1830 τοῖς
752 1766 1063 1825 ἀκούουσιν.
1116 1772 1214 1836 Ὃς
1243 1772 1353 1845 γὰρ
1402 1774 1469 1829 ἂν
1501 1775 1621 1849 ἔχῃ,
1675 1774 1834 1852 δοθή-

1942 587 2312 644 snmmitatetn
2355 592 2551 652 divina:
2583 598 2721 663 vine,
2750 608 2804 653 ut
2832 612 2884 655 et
2915 600 3035 658 aliis
3085 604 3255 673 possit
3290 604 3471 661 lucere
3500 620 3516 659 :

1941 679 2036 734 sed
2079 695 2186 736 non
2223 683 2325 739 sub
2353 686 2556 752 modio,
2591 689 2694 742 hoc
2743 698 2826 744 est
2861 692 2965 747 sub
3013 695 3418 764 gastrimargia,
3463 704 3519 748 et

1940 771 2185 827 ciborum
2215 790 2345 830 cura
2382 792 2396 830 :
2456 793 2633 848 neque
2678 781 2779 836 sub
2822 783 2984 851 lceto,
3039 785 3140 842 hoc
3180 796 3263 842 est
3314 787 3514 856 quiete.

1939 862 2130 921 Nullus
2159 868 2301 921 enim
2329 869 2414 924 cui
2442 870 2548 926 cibi
2580 870 2902 938 curassent,
2937 885 2992 930 et
3019 877 3109 947 qui
3150 878 3388 951 requiem
3416 879 3518 936 de-

1939 959 2164 1019 siderat.
2200 971 2381 1030 potest
2430 962 2649 1021 lucerna
2696 979 2817 1022 esse
2848 968 3102 1025 omnibus
3139 970 3326 1027 lucens
3352 971 3514 1027 etiam

1938 1062 2035 1116 per
2055 1062 2208 1103 suam
2241 1052 2426 1107 vitam.
2461 1052 2576 1108 Non
2607 1055 2751 1111 enim
2783 1067 2871 1113 est
2910 1058 3202 1125 occultum,
3241 1062 3383 1131 quod
3407 1076 3515 1116 non

1940 1136 2333 1195 manifestatur.
2395 1140 2777 1215 Unusquisque
2830 1155 3095 1212 vestrum,
3155 1148 3270 1204 sive
3310 1147 3512 1226 bonum

1938 1227 2064 1298 quid
2099 1228 2311 1297 fecerit,
2339 1233 2454 1288 sive
2486 1234 2686 1290 malum
2722 1236 2774 1291 in
2798 1236 3036 1306 occulto,
3073 1238 3516 1295 manifestabitur

1942 1317 2105 1372 etiam
2136 1319 2248 1388 hic,
2276 1330 2330 1376 et
2360 1323 2530 1380 multo
2570 1327 2744 1397 magis
2772 1327 2827 1383 in
2882 1327 3064 1385 futuro
3114 1330 3336 1386 saeculo.
3373 1329 3515 1398 Quid

1937 1410 2080 1467 enim
2114 1412 2486 1474 absconditius
2536 1419 2690 1476 Deo?
2723 1430 2964 1480 attamen
3002 1433 3059 1480 et
3120 1424 3234 1495 ipse
3286 1422 3517 1480 manife-

1937 1507 2112 1556 status
2138 1512 2218 1559 est
2241 1504 2292 1559 in
2323 1520 2503 1561 carne.

2010 1592 2180 1650 Vens.
2221 1597 2309 1665 24,
2337 1599 2428 1654 25.
2465 1620 2484 1653 ι
2517 1600 2816 1662 Etdieebat
2845 1604 2952 1664 illis
2979 1625 2995 1663 :
3021 1604 3216 1664 Videte
3263 1608 3391 1679 quid
3415 1622 3515 1664 au-

1938 1687 2119 1745 diatis.
2151 1687 2270 1756 Qua
2299 1708 2555 1751 mensura
2595 1699 2917 1767 metiemini,
2941 1702 3033 1759 alii
3070 1704 3373 1760 metientur
3411 1719 3511 1760 vo-

1938 1778 2062 1836 bis:
2092 1790 2150 1837 et
2178 1783 2465 1851 adjicietur
2494 1788 2649 1845 vobis
2678 1791 2768 1861 qui
2828 1793 3049 1849 auditis.
3080 1794 3182 1862 Qui
3219 1797 3365 1851 enim
3409 1798 3511 1853 ba—

249 1871 401 1908 σεται
437 1853 620 1926 αὐτῷ.
649 1856 745 1912 καὶ
772 1856 833 1922 ὃς
870 1857 971 1913 οὐκ
1004 1858 1142 1931 ἔχει,
1185 1864 1280 1917 καὶ
1329 1863 1358 1918 6
1382 1865 1497 1937 ἔχει
1536 1850 1834 1940 ἀρθήσεται

1945 1871 2049 1937 bet,
2069 1872 2286 1930 dabitur
2317 1875 2392 1931 illi
2425 1895 2437 1931 :
2463 1887 2517 1935 et
2544 1880 2634 1950 qui
2658 1850 2957 1949 nonhabet.
2981 1850 3144 1942 etiam
3163 1887 3306 1956 quod
3328 1850 3509 1954 habet,

248 1947 342 2029 ἀπ’
370 1946 569 2003 αὐτοῦ.
602 1967 622 2002 ι
662 1949 808 2021 ῐῐρδς
837 1952 1211 2025 νηφαλιότητα
1263 1956 1525 2030 διεγείρει
1574 1962 1701 2026 τοὺς
1729 1980 1832 2033 μα-

248 2020 438 2112 θῆτάς.
485 2020 728 2095 Βλέπετε
757 2020 896 2115 γὰρ,
930 2046 1089 2117 φησὶ,
1116 2020 1169 2101 τί
1205 2020 1452 2119 ἀκούετε,
1492 2055 1661 2126 μηδὲν
1679 2020 1832 2128 -ύμᾶς

247 2133 355 2188 τῶν
383 2134 705 2206 λεγομένων
742 2137 873 2210 παρ’
918 2139 1052 2212 ἐμοῦ
1105 2141 1467 2215 διαφευγέτω.
1510 2148 1598 2204 Ἐν
1627 2144 1672 2220 ᾧ
1723 2153 1834 2226 γὰρ

251 2225 437 2298 μέτρῳ
500 2230 783 2297 μετρεῖτε,
843 2230 1248 2303 μετρηθήσεται
1304 2234 1456 2307 ὑμῖν,
1531 2225 1830 2308 τουτέστιν,

252 2319 436 2389 ἡλίκον
471 2319 682 2393 μέτρον
732 2324 1007 2396 προσοχῆς
1058 2316 1366 2401 είσφέρετε,
1399 2333 1704 2407 τηλικαύτη
1738 2339 1832 2391 καὶ

249 2409 485 2478 ὠφέλεια
516 2411 811 2479 δοθήσεται
840 2416 970 2487 ύμῖν
1009 2418 1143 2488 (55).
1188 2420 1249 2475 Ὀ
1280 2421 1390 2495 γὰρ
1418 2424 1689 2498 ἀκροατὴς
1738 2429 1833 2483 ἐὰν

253 2503 350 2575 μὲν
382 2505 531 2559 πάνυ
575 2508 825 2592 προσέχῃ
850 2508 945 2561 καὶ
974 2511 1055 2574 εἰς
1084 2510 1277 2583 ἀκρον,
1317 2515 1657 2573 ἀντιδίδωσιν
1681 2520 1835 2592 αὐτῷ

250 2600 278 2650 6
311 2598 443 2664 Θεὸς
472 2601 577 2654 και
602 2600 701 2673 τὴν
725 2588 993 2671 ὼξρέλειαν
1025 2604 1271 2674 πολλήν·
1304 2608 1399 2663 ἐὰν
1427 2608 1483 2663 δι
1527 2610 1725 2681 χαῦνος
1773 2588 1832 2686 ᾗ,

254 2691 388 2746 κατὰ
436 2693 739 2762 ἀναλογίαν
770 2695 863 2749 καὶ
913 2696 976 2750 τὸ
1032 2697 1224 2768 κέρδος
1257 2699 1357 2771 τῆς
1403 2702 1695 2771 ὠφελείας.
1736 2708 1833 2772 Ὃς

252 2782 354 2853 γὰρ
382 2782 451 2837 ἂν
480 2784 588 2856 ἔχῃ
620 2785 932 2857 προθυμίαν
956 2789 1051 2843 καὶ
1084 2791 1649 2865 σπουδὴν,δοθήσεται
1681 2799 1834 2871 αύτῷ

254 2874 342 2928 καὶ
368 2873 621 2945 ὠφέλεια
643 2894 658 2908 ο
689 2877 748 2941 ὃς
769 2878 815 2932 δ’
842 2879 944 2933 οὐκ
970 2879 1086 2951 ἔχει
1109 2882 1425 2954 προθυμίαν
1451 2887 1555 2944 καὶ.
1573 2889 1833 2961 σπουδὴν,

254 2967 342 3020 καὶ
377 2967 407 3021 6
462 2968 623 3023 δοκεῖ
666 2970 832 3040 ἔχειν,
861 2973 1161 3044 ἀρθήσεται
1200 2975 1295 3039 ἀπ’
1351 2977 1513 3033 αὐτοῦ
1565 2981 1700 3053 (54).
1737 2983 1836 3038 Διά

252 3056 359 3128 γάρ
406 3058 513 3129 τῆς
586 3059 863 3132 ῥᾳθυμίας
933 3063 1365 3120 κατασϐέννυται
1423 3070 1519 3124 καὶ
1572 3072 1600 3125 6
1639 3071 1836 3142 μικρὸς

253 3149 485 3222 σπινθὴρ
510 3149 582 3205 ὃν
609 3152 875 3226 πρότερον
901 3148 1070 3226 εἶχεν,
1113 3155 1303 3232 ὥσπερ
1333 3159 1438 3215 ὑπὸ
1482 3163 1581 3234 τῆς
1634 3166 1831 3235 ὲπιμε-
1863 3190 1909 3253 C

254 3238 395 3306 λείας
434 3242 775 3300 ἀνάπτεται.

324 3351 346 3386 ι
381 3334 495 3389 Καὶ
535 3334 752 3406 ἔλεγενο
782 3338 976 3405 Οὕτως
1009 3341 1159 3396 ἐστὶν
1187 3345 1218 3415 ἡ
1255 3344 1503 3416 βασιλεία
1530 3348 1624 3403 τοῦ
1677 3348 1835 3416 Θεοῦ,

256 3421 330 3489 ὡς
364 3426 461 3482 ἐὰν
484 3426 787 3499 ἄνθρωπος
821 3430 961 3505 βάλῃ
988 3432 1080 3487 τὸν
1109 3435 1310 3508 σπόρον
1341 3438 1434 3493 ἐπὶ
1455 3439 1555 3510 τῆς
1593 3439 1719 3511 γῆς,
1744 3441 1839 3494 καὶ

259 3517 493 3592 καθεύδῃ
541 3523 633 3574 καὶ
682 3522 990 3597 ἐγείρηται,
1034 3526 1207 3581 νύκτα
1241 3528 1336 3582 καὶ
1392 3531 1628 3603 ἡμέραν,
1683 3534 1778 3588 καὶ
1812 3536 1841 3589 6

258 3609 452 3682 σπόρος
479 3611 771 3688 βλαστάνῃ
789 3616 885 3670 καὶ
917 3615 1230 3689 μηκύνηται
1262 3621 1338 3686 ὡς
1363 3623 1464 3676 οὐκ
1486 3618 1627 3678 οἶδεν
1651 3625 1835 3689 αὐτός.

259 3701 554 3789 ᾼύτομάτη
590 3705 701 3777 γὰρ
743 3708 779 3779 ἡ
828 3710 900 3780 γῆ
956 3716 1317 3783 καρποφορεῖ,
1355 3715 1570 3786 πρῶτον
1615 3716 1832 3789 χόρτον,

256 3786 370 3849 εἶτα
397 3797 636 3867 στάχυν,
658 3793 777 3853 εἶτα
822 3799 1005 3873 πλήρη
1026 3804 1183 3879 ,σῖτον
1213 3806 1270 3859 ἐν
1311 3806 1390 3877 τῷ
1416 3786 1648 3881 στάχυῖιὴ
1669 3786 1839 3864 Ὅταν

258 3886 315 3941 δὲ
337 3891 569 3963 παραδῷ
600 3893 628 3946 6
665 3896 898 3967 καρπὸς,
927 3897 1133 3962 εὐθέως
1160 3899 1484 3954 ἀποστέλλει
1531 3901 1593 3955 τὸ
1631 3902 1839 3975 δρέπα-

260 3993 368 4044 νον,
407 3983 493 4036 ὅτι
533 3983 885 4058 παρέστηκεν
942 3991 972 4042 6
1018 3988 1300 4061 θερισμός.
1348 4010 1367 4044 ι
1423 3991 1708 4047 Βασιλείαν
1742 3991 1839 4047 τοῦ

264 4069 417 4140 Θεοῦ,
446 4074 549 4147 τὴν
584 4077 713 4149 περὶ
743 4079 890 4150 ἡμᾶς
911 4081 1226 4154 οἰκονομίαν
1250 4084 1346 4137 τοῦ
1369 4083 1504 4138 Θεοῦ
1540 4085 1673 4140 νόει.
1706 4087 1835 4142 ’Λνο

265 4161 478 4236 θρωπος
512 4168 616 4239 μὲν
632 4170 741 4243 γάρ
768 4173 916 4226 ἐστιν
940 4175 1102 4240 αὐτὸς
1129 4177 1157 4229 6
1191 4177 1347 4242 Θεὸς,
1376 4180 1403 4232 6
1433 4180 1729 4251 γενόμενος
1768 4181 1838 4235 δι’

262 4256 404 4326 ἡμᾶς
431 4260 747 4331 ἄνθρωπος.
776 4264 989 4334 Σπόρον
1010 4266 1067 4319 δὲ
1095 4266 1289 4321 ἔϐαλεν
1323 4268 1418 4322 ἐπὶ
1458 4271 1558 4340 τῆς
1587 4271 1713 4342 γῆς,
1738 4272 1834 4325 τοῦ

265 4347 603 4421 Εύαγγελίου
623 4354 683 4409 τὸ
708 4357 993 4428 κήρυγμα·
1033 4358 1209 4430 βαλὼν
1238 4361 1535 4429 δὲ’τοῦτον,
1561 4364 1835 4433 καθεύδει,

264 4445 565 4511 τουτέστιν,
600 4448 833 4519 ἀνῆλθεν
882 4452 963 4514 είς
1012 4451 1275 4524 οὐρανούς
1304 4469 1319 4485 ’
1353 4453 1468 4508 ἀλλ’
1497 4457 1645 4528 ὅμως
1696 4457 1838 4526 ἐγεί-

1938 1964 2216 2021 auferetur
2250 1969 2318 2025 ab
2347 1984 2433 2026 eo.
2477 1990 2496 2025 ι
2537 1972 2618 2027 Ad
2671 1974 3007 2045 vigilantiam
3068 1978 3321 2035 hortatur
3349 1980 3513 2036 disci-

1937 2056 2109 2125 pulos.
2142 2057 2333 2117 Videte
2362 2063 2531 2129 euim,
2576 2065 2773 2137 inquit,
2806 2069 2935 2137 quid
2992 2070 3248 2136 audiatis,
3303 2070 3508 2127 nullum

1938 2163 2003 2205 ex
2038 2151 2197 2208 dictis
2255 2153 2391 2210 meis
2422 2170 2516 2212 vos
2546 2155 2735 2229 fugiat.
2786 2157 2845 2214 ln
2898 2175 3004 2230 qua
3041 2148 3295 2218 mensura
3339 2163 3510 2220 mensi

1937 2241 2171 2310 fueritis,
2221 2247 2573 2303 remetientur
2623 2250 2714 2305 alii
2776 2251 2949 2319 vobis,
2994 2253 3096 2309 hoc
3161 2265 3244 2310 est
3291 2254 3505 2326 qualem

1938 2350 2246 2391 tuensuram
2279 2342 2598 2398 attentionis
2629 2343 2945 2411 attuleritis,
2976 2346 3100 2400 talis
3117 2348 3282 2403 etiam
3304 2349 3510 2406 utilitas

1937 2426 2090 2483 vobis
2142 2429 2376 2486 dabitur.
2417 2433 2646 2489 Auditor
2697 2435 2843 2490 enim
2893 2436 2938 2493 si
2996 2439 3292 2501 attenderit
3337 2456 3511 2511 quan-

1937 2526 2048 2574 tum
2090 2529 2286 2589 potest,
2320 2540 2574 2592 maguum
2630 2526 2706 2582 illi
2737 2527 3077 2584 commodum
3127 2531 3267 2587 Deus
3314 2532 3507 2589 dabit:

1937 2611 2019 2666 sin
2053 2613 2312 2670 remissus
2347 2616 2531 2684 fuerit,
2567 2617 2722 2687 juxta
2760 2617 2879 2688 ejus
2932 2622 3309 2678 remissionem
3336 2634 3393 2680 et
3422 2624 3509 2680 lu-

1937 2716 2088 2757 crum
2132 2702 2505 2763 immiuuetur.
2550 2706 2629 2762 llli
2660 2708 2804 2763 enim
2834 2708 3051 2766 dabitur
3080 2712 3169 2781 qui
3214 2713 3394 2770 alacer
3426 2725 3510 2770 est

1936 2803 1990 2850 et
2014 2794 2280 2865 diligens:
2307 2797 2375 2853 ab
2396 2813 2461 2854 eo
2495 2809 2678 2855 autem
2711 2801 2800 2870 qui
2824 2803 3009 2873 segnis
3060 2803 3225 2860 fuerit
3256 2820 3319 2861 ae
3356 2806 3509 2875 igna-

1941 2903 2058 2954 vus,
2103 2889 2322 2947 tolletur
2364 2893 2528 2949 etiam
2559 2896 2703 2965 quod
2764 2897 2979 2953 videtur
3012 2898 3232 2954 habere.
3281 2899 3511 2970 Propter

1940 2980 2206 3053 ignaviam
2252 2988 2400 3042 enim
2453 2988 2823 3061 exstinguitur
2863 2992 3048 3072 etiam,
3076 3007 3242 3063 parva
3274 2993 3512 3050 scintilla

1940 3088 2101 3144 quam
2133 3076 2312 3146 habet,
2342 3079 2600 3151 sicutper
2624 3081 2960 3140 alacritatem
3001 3085 3434 3142 rcdaceenditur.

2013 3338 2177 3396 Vens.
2209 3342 2400 3400 26-29.
2437 3362 2455 3396 ι
2496 3343 2563 3399 Ει
2586 3346 2800 3403 dicebat
2827 3364 2839 3401 :
2870 3345 2963 3403 Sic
2990 3356 3073 3403 est
3116 3361 3344 3418 regnum
3394 3346 3511 3413 Dei,

1939 3434 2392 3503 quemadmodum
2418 3436 2464 3493 si
2501 3438 2661 3493 homo
2689 3437 2858 3509 jaelat
2893 3448 3192 3495 sementem
3225 3438 3281 3493 in
3313 3447 3511 3493 terram

1941 3541 2007 3582 ae
2046 3527 2282 3583 dormiat
2326 3538 2490 3599 atque
2519 3538 2786 3601 exsurgat
2828 3531 2915 3586 die
2945 3546 3009 3587 ae
3043 3540 3220 3595 nocte,
3253 3542 3516 3602 segesque

1940 3617 2226 3685 germinet,
2252 3631 2314 3672 ac
2344 3629 2529 3689 surgat
2564 3620 2617 3674 in
2641 3619 2807 3675 altum
2831 3621 2956 3676 dum
3005 3621 3178 3677 nescit
3217 3620 3324 3676 ille.
3360 3612 3515 3676 Ultro

1941 3708 2084 3762 enim
2151 3717 2295 3764 terra
2350 3708 2668 3779 fructiﬁcat,
2732 3713 2966 3783 primum
3025 3712 3270 3777 herbam,
3321 3713 3519 3769 deinde

1941 3800 2169 3869 Spicam,
2207 3812 2483 3870 postremo
2510 3802 2729 3873 plenum
2754 3803 3083 3860 fermentum
3111 3807 3163 3860 in
3183 3806 3352 3875 spica.
3375 3805 3511 3861 Cum

1943 3903 2123 3949 autem
2155 3897 2451 3966 productus
2504 3895 2680 3963 fuerit.
2706 3895 2940 3963 fructus,
2980 3898 3162 3952 statim
3201 3898 3369 3954 mittit
3413 3895 3515 3950 fal-

1941 4001 2081 4053 cem,
2112 3988 2364 4056 quoniam
2402 3988 2557 4043 adest
2602 3988 2813 4043 messis.
2850 4006 2871 4043 ι
2925 3987 3172 4058 Regnum
3217 3990 3307 4043 Dei
3350 3989 3513 4043 intel~

1941 4078 2047 4151 lige
2078 4079 2175 4135 Dei
2228 4089 2448 4152 propter
2483 4095 2580 4135 nos
2618 4080 3075 4136 incarnationem.
3127 4079 3301 4135 Homo
3364 4080 3511 4135 enim

1942 4183 2026 4230 est
2055 4174 2171 4244 ipse
2218 4176 2379 4241 Deus,
2413 4174 2507 4246 qui
2562 4185 2785 4246 propter
2836 4190 2934 4230 nos
2969 4174 3144 4229 lactus
3198 4183 3283 4228 est
3332 4174 3515 4228 homo.

1946 4266 2143 4321 Semen
2190 4276 2368 4323 autem
2400 4268 2736 4339 misitsuper
2768 4276 2991 4330 terram,
3023 4265 3298 4336 Evangelii
3328 4266 3523 4336 praedi-

1941 4358 2237 4427 cationem,
2270 4360 2468 4431 illoque
2498 4360 2736 4432 projecto
2772 4361 2992 4426 dormit,
3013 4359 3113 4415 hoc
3157 4367 3238 4414 est
3278 4359 3522 4415 ascendit

1949 4451 2005 4507 in
2029 4453 2194 4508 etelos
2221 4472 2234 4508 :
2264 4459 2504 4509 attamen
2541 4455 2714 4522 surgit
2737 4463 2898 4509 nocte
2929 4463 2983 4509 et
3012 4452 3120 4508 die.
3149 4450 3283 4507 Nam
3329 4467 3522 4522 quam-

267 4549 418 4603 ρεται
442 4536 624 4592 νύκτα
669 4541 766 4593 καὶ
803 4541 1038 4612 ἡμέραν.
1070 4544 1132 4597 El
1160 4544 1268 4616 γὰρ
1296 4546 1394 4600 καὶ
1429 4547 1715 4603 καθεύδειν
1748 4549 1836 4603 δο-

1947 4543 2029 4599 vis
2065 4542 2207 4600 Deus
2231 4544 2469 4600 dormire
2496 4545 2762 4609 videatur,
2799 4542 2970 4613 surgit
3007 4552 3182 4597 tamen
3229 4558 3245 4595 :
3276 4552 3330 4596 et
3363 4550 3523 4597 nocte

265 4627 349 4677 κεί
371 4625 402 4679 6
431 4626 591 4695 Θεὸς,
618 4628 734 4684 ἀλλ’
758 4632 1032 4703 ἐγείρεται
1060 4649 1075 4665 ’
1104 4633 1277 4690 νύκτα
1315 4635 1435 4706 μὲν,
1467 4639 1596 4693 ὅταν
1622 4639 1710 4693 διὰ
1735 4639 1843 4695 τῶν

267 4720 588 4791 πειρασμῶν
630 4724 711 4788 είς
733 4726 832 4796 τὴν
866 4726 1030 4779 αὑτοῦ
1083 4727 1380 4797 ἐπίγνωσιν
1411 4730 1558 4800 ἡμᾶς
1608 4731 1803 4802 ἀνωτᾷ
1826 4750 1839 4763 ’

264 4809 476 4881 ἡμέραν
502 4813 581 4878 δὲ,
617 4814 745 4870 ὅταν
775 4817 862 4872 διὰ
892 4819 1002 4872 τῶν
1034 4820 1203 4889 ἡδέων
1254 4822 1350 4876 καὶ
1387 4822 1740 4893 εύφροσύνων
1766 4824 1841 4877 οἰ-

1945 4632 2191 4703 quidem,
2215 4632 2436 4703 quando
2476 4647 2573 4702 per
2599 4633 2924 4690 tentatioues
2955 4633 3007 4687 in
3042 4631 3200 4704 193
3219 4633 3301 4687 sui
3330 4632 3521 4703 cogni-

1946 4725 2150 4781 tionem
2176 4740 2275 4781 nos
2300 4725 2527 4782 suscitat
2562 4742 2577 4781 :
2606 4727 2693 4782 die
2716 4742 2868 4791 vero,
2892 4728 3110 4797 quando
3143 4738 3239 4795 per
3255 4724 3443 4780 suavia
3466 4731 3515 4779 el

1939 4816 2180 4888 jucunda
2229 4828 2471 4874 nostram
2504 4819 2674 4874 vitam
2720 4819 3051 4874 moderatur.
3080 4815 3292 4872 Crescit
3341 4821 3518 4870 autem

268 4907 469 4976 κονομῇ
498 4904 600 4976 τὴν
638 4908 914 4980 ἡμετέραν
949 4911 1113 4982 ζωήν.
1141 4912 1461 4984 Μηκύνεται
1492 4913 1549 4967 δὲ
1583 4915 1611 4968 6
1643 4914 1836 4985 σπόρος

1945 4924 2131 4966 Semen
2167 4910 2284 4981 ipso
2337 4911 2540 4976 nescio,
2580 4910 2736 4965 liberi
2786 4910 2931 4965 enim
2982 4908 3193 4964 arbitrii
3224 4922 3433 4972 sumus,
3463 4914 3520 4961 et

265 4994 337 5058 ὡς
371 4999 472 5052 οὐκ
494 4995 636 5054 οἶδεν
661 5002 822 5066 αὐτός
843 5020 859 5035 ’
901 5003 1243 5071 αύτεξούσιοι
1272 5005 1381 5076 γάρ
1410 5006 1621 5085 ἐσμεν,
1654 5006 1750 5060 καὶ
1778 5006 1838 5061 ὲν

268 5088 330 5156 τῇ
360 5089 606 5163 ἡμετέρᾳ
635 5094 953 5165 προαιρέσει
985 5098 1157 5149 κεῖται
1209 5096 1271 5150 τὸ
1305 5097 1395 5152 τδν
1428 5096 1628 5169 σπόρον
1666 5097 1700 5151 ἥ
1743 5098 1838 5153 αύ-

271 5175 575 5255 ξᾶνεσθαιῆ
609 5185 706 5255 μή.
753 5186 906 5240 Ἐπεὶ
945 5188 1079 5258 μηδὲ
1112 5189 1328 5261 ἀνάγκῃ
1354 5189 1838 5261 καρποφοροῦμεν,

271 5268 382 5322 ἀλλ’
410 5271 698 5344 αὐτοματὶ,
733 5276 1035 5343 τουτέστιν,
1083 5278 1177 5347 ἀφ’
1202 5279 1412 5332 ἑαυτῶν
1452 5279 1839 5350 καρποφοροῦ-

1945 4999 2000 5059 in
2025 5011 2208 5057 nostra
2229 5001 2495 5058 electione
2518 5002 2791 5072 oportebit
2815 5016 3002 5057 semen
3030 5000 3115 5056 vel
3144 5014 3412 5067 crescere,
3437 4998 3524 5055 vel

1950 5108 2080 5150 non.
2122 5093 2306 5163 Neque
2338 5095 2483 5151 enim
2519 5096 2691 5149 coacti
2715 5103 2771 5149 et
2800 5093 3112 5150 necessario
3164 5092 3401 5147 fructum
3440 5090 3523 5147 af-

1949 5186 2195 5253 ferimus,
2230 5188 2325 5243 sed
2358 5197 2571 5257 Sponte,
2610 5187 2712 5243 hoc
2734 5195 2818 5242 est
2863 5202 2892 5239 a
2917 5185 3243 5255 nobisipsis:
3286 5184 3520 5256 primum

1952 5279 2166 5353 quidem
2230 5281 2452 5339 herbam
2487 5279 2766 5336 ﬂorentem
2802 5291 2867 5332 ac
2925 5277 3194 5345 primitias
3249 5276 3378 5333 boui
3425 5276 3521 5333 deo

1222 5438 1312 5496 Ex.
1353 5435 1915 5499 collatione-codd.
1968 5439 2198 5498 Venet.
2231 5439 2293 5499 S.
2334 5437 2555 5500 Marci.

343 5605 457 5679 (53)
508 5608 640 5684 (loti.
682 5609 947 5684 26Aaddit
976 5624 992 5665 :
1022 5611 1135 5684 Καὶ
1181 5610 1243 5666 οῦ
1300 5613 1461 5684 μόνον
1502 5614 1559 5667 ὲν
1583 5612 1661 5684 τῷ
1691 5613 1841 5684 αύτῷ

278 5678 652 5752 μέτρῳηάλλὰ
702 5681 794 5735 καὶ
844 5678 1519 5752 προστεθήσεται’πλέον,
1571 5703 1590 5737 ι
1628 5678 1694 5739 Et
1739 5678 1843 5751 ηοὶι

278 5747 446 5824 solum
505 5749 556 5804 in
602 5753 790 5807 eadem
842 5747 1129 5819 mensura;
1191 5753 1282 5809 sed
1329 5756 1447 5823 plus
1492 5747 1654 5809 etiam
1713 5747 1847 5824 adji-

279 5816 467 5871 cietur.
511 5838 528 5869 ι

2021 5612 2133 5685 (Si)
2162 5612 2307 5685 Idem
2347 5611 2509 5675 Cod.,
2538 5612 2637 5685 ἀπ’
2664 5611 2863 5685 αὐτοῦ,
2888 5611 3041 5685 rein:
3066 5610 3203 5676 ἔστι,
3237 5613 3330 5685 καὶ
3360 5611 3388 5665 6
3412 5610 3527 5685 ἔχει

1950 5682 2174 5754 σπέρμα
2190 5683 2441 5751 γνώσεως
2454 5684 2752 5754 ἀρθήσεται
2771 5682 3064 5737 ἀπἀύτοῦ.
3084 5683 3320 5753 Διὰγάρ,
3343 5701 3395 5740 κ.
3413 5701 3464 5737 τ.
3480 5682 3526 5739 λ.

1956 5773 1974 5805 ι
2018 5753 2130 5807 lloe
2162 5762 2263 5816 est,
2294 5763 2347 5808 et
2380 5753 2507 5810 illud
2569 5753 2710 5825 quod
2767 5754 2927 5808 habet
2962 5768 3145 5809 semen
3180 5754 3523 5831 cognitionis,

1954 5825 2174 5881 tolletur
2198 5825 2264 5878 ab
2292 5840 2385 5881 eo.
2415 5844 2432 5876 ι
2788 5856 2795 5861 -
