3810 6568
415 370 521 435 ιιιδ

1335 371 1918 436 THEOPHYLACTI
1957 370 2375 434 BULGARUE
2409 375 2768 440 ARCHIEP.
2923 364 2926 368 “
3494 394 3577 465 ωδ

409 492 796 549 monstrantes.
845 483 1065 556 quando
1101 484 1312 554 parvuli
1356 500 1568 551 sumus.
1633 494 1691 541 et
1731 482 1971 540 nondum

2081 498 2200 552 μεν,
2233 483 2450 555 πρῶτον
2481 486 2672 556 χόρτον
2696 486 2987 552 ἀνθοῦντες
3024 488 3117 543 καὶ
3163 489 3323 565 ἀρχὴν
3363 498 3444 554 τοῦ
3465 505 3571 573 ἀγα.

409 578 475 634 ad
531 591 841 633 mensuram
896 574 1021 633 Jesu
1074 575 1279 634 Christi
1341 577 1729 649 pervenimus;
1787 575 1982 631 deinde

406 671 615 741 spicam
645 669 1000 741 proferimus,
1034 672 1250 739 quando
1303 680 1358 728 et
1401 680 1593 727 contra
1645 670 1979 727 teutationes

408 764 709 819 consistere
741 764 1008 820 valemus.
1038 761 1195 835 Spica
1225 765 1368 818 enim
1415 772 1469 818 et
1523 762 1784 834 geniculis
1811 761 1985 834 cingi-

409 866 519 921 tur,
554 865 610 911 ct
639 866 783 912 recte
814 863 946 922 stat,
984 865 1040 911 et
1073 855 1365 926 perfectior
1393 865 1495 910 est.
1529 854 1720 911 Postea
1756 853 1979 923 plenum

406 948 573 1004 etiam
611 949 941 1007 frumentum
992 951 1044 1004 in
1096 950 1266 1018 spica,
1314 963 1435 1003 cum
1494 948 1791 1020 perfectum
1860 948 1981 1018 quis

408 1040 645 1098 fructum
679 1042 940 1099 attulerit.
975 1042 1205 1110 Quando
1265 1051 1443 1098 autem
1479 1041 1715 1098 adfuerit
1759 1042 1980 1107 messis,

411 1145 541 1189 tunc
570 1132 699 1198 falx,
734 1135 837 1190 hoc
865 1142 949 1189 est
975 1134 1198 1190 verbum
1235 1133 1353 1203 Dei,
1403 1143 1692 1204 congregat
1715 1131 1974 1188 fructum.

409 1227 511 1281 Per
539 1236 771 1282 messem
799 1226 1041 1297 iutelllge
1074 1226 1596 1282 consummationem
1627 1226 1833 1281 saeculi.

476 1486 643 1545 Vsus.
678 1477 870 1543 50454.
922 1505 941 1539 ι
997 1488 1061 1541 Et
1112 1487 1367 1542 dicebat:
1416 1485 1512 1542 Cui
1555 1486 1979 1543 assimilabimus

407 1596 630 1654 regnum
679 1580 982 1639 crelorum?
1021 1590 1111 1635 aut
1156 1595 1259 1651 qua
1306 1579 1593 1636 collatione
1638 1578 1980 1635 conferemus

403 1664 579 1728 illud?
608 1662 703 1728 Est
732 1673 873 1728 sicut
910 1687 1135 1744 granum
1159 1672 1388 1743 sinapis,
1424 1673 1566 1744 quod
1593 1687 1716 1728 cum
1745 1674 1981 1729 semina-

408 1776 518 1820 tum
560 1763 723 1820 fuerit
762 1765 819 1821 in
855 1770 1026 1831 terra,
1066 1763 1247 1821 minus
1279 1774 1364 1821 est
1392 1765 1645 1822 omnibus
1678 1765 1977 1822 seminibus

403 1872 522 1929 qua!
552 1866 678 1913 sunt
708 1856 763 1913 in
789 1866 956 1924 terra,
980 1867 1033 1913 et
1064 1872 1187 1913 cum
1214 1858 1538 1914 semiuatum
1571 1855 1755 1925 fuerit,
1782 1871 1976 1912 exsuro

402 1950 512 2019 git,
544 1959 600 2006 ct
636 1950 696 2006 fit
738 1951 912 2021 majus
953 1951 1209 2007 erunibus
1246 1950 1508 2019 oleribus,
1540 1958 1594 2008 et
1630 1950 1760 2005 facit
1794 1964 1977 2005 ramos

404 2056 655 2112 magnos,
706 2042 781 2098 ita
812 2053 870 2099 ut
910 2043 1118 2114 possint
1159 2043 1261 2099 sub
1303 2043 1495 2099 umbra
1537 2043 1655 2113 ejus
1682 2056 1811 2098 aves
1850 2041 1974 2098 coeli

403 2132 711 2190 nidificare.
754 2134 824 2191 Et
871 2135 1071 2191 talibus
1110 2136 1295 2192 multis
1341 2134 1614 2208 parabolis
1654 2135 1977 2205 loquebatur

402 2224 483 2280 cis
509 2239 836 2292 sermonem,
863 2235 1025 2296 prout
1054 2237 1303 2298 poterant
1329 2227 1537 2283 audire.
1564 2226 1693 2282 Sine
1721 2227 1975 2297 parabola

401 2330 536 2373 vero
568 2332 674 2373 non
708 2318 1033 2388 loquebatur
1056 2320 1174 2375 eis:
1208 2335 1449 2377 seorsum
1483 2329 1662 2375 autem
1697 2320 1977 2391 discipulis

402 2409 515 2464 suis
542 2412 848 2481 exponebat
885 2413 1086 2468 omnia.
1119 2410 1321 2469 Parvus
1350 2413 1568 2484 quidem
1605 2427 1786 2469 sermo
1827 2414 1972 2470 tldei.

400 2495 537 2555 Nam
572 2501 617 2557 si
651 2502 947 2559 credideris
979 2503 1032 2558 iu
1061 2501 1370 2572 Christum,
1402 2503 1720 2561 salvabcris.
1759 2523 1777 2556 ι
1812 2504 1970 2569 Vide.

401 2602 637 2662 quantus
665 2608 864 2663 sermo,
894 2603 1101 2651 tantum
1128 2606 1211 2652 est
1244 2605 1298 2654 et
1322 2612 1547 2666 granum
1580 2597 1804 2667 sinapis.
1837 2595 1973 2655 Nam

397 2684 717 2755 praedicatio
756 2687 920 2742 missa
945 2702 1108 2757 super
1139 2696 1359 2757 terram,
1398 2690 1618 2746 dilatata
1653 2699 1738 2747 est
1766 2700 1821 2747 et
1856 2706 1974 2747 cre-

398 2772 507 2839 vit,
553 2774 627 2830 ita
659 2781 719 2829 ut
745 2775 979 2833 volatilia
1014 2779 1172 2844 coeli,
1203 2779 1307 2835 boc
1341 2791 1445 2849 est,
1490 2795 1681 2837 omnes
1715 2782 1974 2839 sublimes

397 2865 627 2923 scientia
655 2876 709 2923 et
744 2882 904 2924 sensu
925 2909 942 2935 ,
988 2871 1042 2925 in
1079 2871 1197 2942 ipso
1230 2871 1497 2929 babiteut.
1530 2873 1673 2940 Quot
1708 2875 1852 2929 enim
1885 2889 1974 2930 sa-

396 2960 628 3029 pientes,
657 2961 842 3018 relicta
866 2964 1129 3034 sapientia
1159 2965 1458 3036 gentilium,
1498 2968 1550 3021 iu
1588 2968 1973 3038 predjcatione

398 3053 828 3124 requieverunt?
877 3054 1108 3112 Maxima
1160 3058 1325 3129 igitur
1376 3058 1478 3114 fuit
1521 3060 1873 3131 praedicatio,
1918 3074 1972 3119 et

2085 572 2180 668 θοῦ
2202 575 2623 668 ἐπιδεικνύντες,
2655 580 2745 633 ὅτε
2777 580 2965 653 νήπιοι
2992 582 3188 652 ἐσμεν,
3238 587 3327 641 καὶ
3357 590 3581 668 olimst;

2083 659 2144 755 το
2183 661 2386 733 μέτρον
2436 664 2542 736 τῆς
2569 668 2713 722 κατά
2763 668 3002 740 Χριστὸν
3047 669 3261 741 ἡλικίας
3300 659 3577 755 ἐφθάσαμεῷ

2084 748 2205 847 εἶτα
2245 757 2469 829 στάχυν,
2525 759 2654 815 ὅταν
2698 762 2794 817 καὶ
2825 762 2962 834 πρὸς
2995 769 3325 836 πειρασμοὺς
3348 748 3584 847 δυνώμεθα

2088 844 2356 904 ἵστασθαι.
2402 848 2461 904 '0
2484 849 2594 922 γὰρ
2625 851 2828 923 στάχυς
2848 853 2949 925 ἥδη
2977 854 3073 908 καὶ
3097 853 3312 925 γόνασιν
3337 844 3579 928 diuitum.

2083 954 2195 1000 ται,
2229 941 2324 994 καὶ
2357 942 2543 1014 ὄρθιος
2575 941 2809 1009 ἵσταται,
2837 945 2933 998 καὶ
2966 946 3286 1019 τελειότερός
3309 954 3454 1010 ἐστιν.
3485 957 3588 1017 Εἶτα

2084 1030 2179 1083 καὶ
2209 1032 2396 1104 πλήρη
2427 1036 2576 1088 σῖτον
2607 1036 2665 1088 ἐν
2689 1034 2765 1107 τῷ
2798 1038 3011 1108 στάχυϊ,
3036 1039 3165 1092 ὅταν
3202 1040 3261 1093 τὸ
3284 1043 3464 1100 τέλειον
3487 1067 3589 1122 καρ-

2084 1126 2295 1195 ποφορῇ
2326 1141 2434 1189 τις.
2470 1127 2640 1181 Ὅταν
2663 1127 2723 1183 δὲ
2749 1127 2978 1202 παραδῷ
3008 1131 3070 1183 τὸ
3092 1130 3245 1201 θέρος
3265 1132 3391 1205 (55),
3415 1140 3518 1193 τότε
3539 1144 3586 1197 εδ

2082 1214 2350 1285 δρέπανον
2378 1219 2602 1286 συνάγει
2629 1219 2725 1275 τὸν
2752 1221 2982 1293 καρπόν.
3032 1221 3303 1293 Δρέπανον
3331 1226 3383 1280 δὲ
3408 1230 3500 1285 νόει
3520 1235 3592 1290 τὶν

2079 1304 2178 1360 τοῦ
2207 1306 2345 1361 Θεοῦ
2375 1308 2534 1377 λόγον
2558 1322 2573 1339 ⁶
2627 1309 2891 1384 θερισμὸν
2928 1310 3009 1377 δὲ,
3051 1314 3144 1367 τὸν
3195 1314 3291 1385 τῆς
3336 1321 3594 1392 συντελείας

2083 1397 2293 1468 καιρόν.

2159 1506 2177 1539 t
2215 1490 2324 1543 Kal.
2353 1492 2506 1563 ἔλεγε
2526 1511 2540 1525 ·
2570 1493 2687 1549 Τίνι
2711 1495 3069 1566 ὁμοιώσωμεν
3098 1494 3198 1566 τὴν
3243 1496 3586 1568 βασιλείαντοῦ

2078 1575 2309 1667 βεοῖηῆ
2364 1584 2422 1635 ὲν
2457 1584 2587 1656 ποία
2635 1584 2921 1657 παραϐολῇ
2974 1586 3375 1658 παραϐάλωμεν
3424 1595 3592 1667 αὐτή-ις

2091 1665 2181 1732 Ὠς
2206 1671 2406 1726 κόκκον
2437 1675 2735 1739 σινάπεως,
2775 1674 2837 1739 ὃς
2862 1677 2991 1731 ὅταν
3036 1678 3222 1748 σπαρῇ
3254 1677 3346 1732 ἐπὶ
3370 1681 3458 1750 τῆς
3497 1665 3595 1754 ﬁt.

2084 1765 2409 1833 μικρότερος
2466 1764 2687 1819 πάντων
2721 1765 2834 1820 τῶν
2881 1767 3215 1838 σπερμάτων
3254 1769 3366 1823 ἐστὶ
3391 1770 3486 1825 τῶν
3528 1777 3599 1830 ἐπὶ

2080 1859 2180 1927 τῆς
2212 1858 2337 1930 γῆς,
2373 1858 2469 1912 καὶ
2526 1858 2656 1911 ὅταν
2710 1859 2919 1928 σπαρῇ,
2970 1858 3256 1913 ἀναϐαίνει
3287 1861 3375 1915 καὶ
3430 1864 3599 1933 γίνεται

2081 1950 2299 2004 πάντων
2347 1947 2458 2002 τῶν
2495 1948 2748 2019 λαχάνων
2811 1948 3035 2018 μείζων,
3091 1949 3191 2004 καὶ
3235 1952 3375 2005 ποιεῖ
3417 1954 3601 2020 κλάδους

2081 2042 2377 2114 μεγάλους,
2414 2040 2558 2094 ὥστε
2590 2040 2851 2095 δύνασθαι
2890 2040 2996 2094 ὑπὸ
3025 2040 3125 2110 τὴν
3190 2042 3346 2095 σκιάν
3385 2046 3527 2099 αὐτοῦ
3548 2051 3601 2101 τά

2077 2135 2303 2188 πετεινᾶ
2337 2131 2433 2187 τοῦ
2470 2132 2704 2201 ούρανοῦ
2755 2132 3157 2204 πατασκηνοῦν.
3207 2134 3318 2187 Καὶ
3368 2137 3602 2202 τοιαύταις

2079 2224 2416 2298 παραϐολαῖς
2441 2224 2663 2288 πολλαῖς
2686 2224 2863 2278 ἐλάλει
2897 2225 3085 2288 αὐτοῖς
3135 2224 3231 2279 τὸν
3260 2225 3431 2295 λόγον,
3457 2229 3603 2293 καθὼς

2075 2317 2341 2389 ἠδύναντο
2373 2317 2613 2372 ἀκούειν,
2640 2317 2828 2389 Χωρὶς
2885 2316 2941 2371 δὲ
2972 2316 3295 2388 παραϐολῆς
3341 2319 3435 2373 οὐκ
3464 2320 3606 2375 ἐλάλει

2078 2408 2267 2471 αὐτοῖς
2290 2422 2303 2435 ο
2336 2405 2458 2460 κατ’
2489 2405 2625 2459 ἰδίαν
2655 2405 2712 2460 δὲ
2740 2408 2855 2470 τοῖς
2910 2405 3187 2477 μαθηταῖς
3237 2407 3399 2462 αὐτοῦ
3448 2410 3604 2464 ὲπέλυε

2079 2498 2278 2553 πάντα.
2314 2497 2556 2570 Σμικρὸς
2582 2496 2681 2569 μὲν
2711 2500 2740 2552 ό
2780 2496 2938 2568 λόγος
2985 2499 3084 2569 τῆς
3132 2498 3390 2563 πίστεως.
3417 2501 3608 2555 Πίστευ-

2078 2607 2171 2645 σον
2199 2591 2309 2661 γάρ
2340 2591 2420 2653 εἰς
2466 2588 2724 2661 Χριστὸν,
2776 2590 2874 2645 καὶ
2916 2589 3166 2663 σωθήσῃ.
3212 2609 3232 2643 ι
3278 2591 3455 2663 Ὀρᾷς,
3484 2591 3609 2662 πηλί-

2086 2701 2180 2748 κος
2207 2684 2236 2736 ὁ
2279 2684 2463 2752 λόγος,
2509 2682 2697 2754 ἡλίκος
2754 2682 2850 2736 καὶ
2894 2683 2923 2735 ὁ
2971 2682 3069 2737 τοῦ
3100 2685 3374 2747 σινάπεως
3419 2684 3607 2749 κόκκος.

2088 2774 2249 2828 Ἀλλά
2287 2775 2495 2846 σπαρὲν
2516 2776 2609 2829 ἐπὶ
2643 2773 2742 2845 τῆς
2776 2774 2881 2843 γῆς
2925 2773 2986 2827 τὸ
3015 2775 3283 2847 κήρυγμα
3305 2815 3318 2837 ,
3345 2774 3609 2848 ὲπλατύνθη

2074 2868 2169 2923 καὶ
2193 2868 2431 2940 ηὐξήθη,
2456 2868 2599 2922 ὥστε
2626 2868 2694 2922 τὰ
2730 2868 2954 2922 πετεινὰ
2982 2867 3076 2922 τοῦ
3106 2867 3611 2938 οὐρανοῦ,τουτέστι,

2074 2961 2283 3025 πάντας
2304 2960 2431 3024 τοὺς
2459 2962 2772 3032 μετεώρους
2816 2960 2911 3014 καὶ
2955 2959 3195 3030 ὑψηλοὺς
3225 2959 3305 3031 τῷ
3349 2961 3613 3031 φρονήματι

2077 3053 2175 3107 καλ⁵
2204 3056 2270 3123 τῇ
2304 3051 2527 3121 γνώσει,
2580 3052 2667 3105 ἐπ’
2715 3051 2867 3124 αύτῷ
2906 3052 3310 3122 κατασκηνοῦν.
3340 3052 3490 3105 Πόσοι
3529 3050 3615 3122 γὰρ

397 3157 625 3213 magnos
670 3160 850 3201 ramos
894 3146 1043 3203 fecit.
1090 3149 1246 3205 Unus
1289 3152 1434 3204 enim
1488 3153 1852 3221 apostolorum
1902 3156 1969 3210 ad

2079 3146 2254 3215 σοφοὶ,
2272 3145 2369 3218 τὴν
2412 3145 2731 3217 Ἑλληνικὴν
2759 3145 2990 3214 ἀφέντες
3013 3145 3227 3214 σοφίαν,
3260 3146 3352 3198 ἐπὶ
3376 3143 3450 3215 τῷ
3474 3143 3615 3214 κηρύο

395 3231 642 3302 ludiam,
680 3237 817 3294 alius
851 3237 1112 3310 Romam,
1151 3242 1290 3297 alius
1320 3243 1616 3309 Achaiam,
1653 3255 1707 3300 et
1745 3246 1881 3301 alius
1917 3247 1968 3302 in

2079 3257 2253 3311 γματι
2284 3238 2676 3310 ἀνεπαύθησαν
2702 3257 2717 3306 ;
2747 3240 2977 3294 Πάντων
3009 3238 3104 3293 οὖν
3140 3239 3329 3307 μεῖζον
3352 3238 3549 3307 ἐγένετο
3572 3236 3618 3290 τὸ

395 3326 556 3381 aliam
599 3337 807 3398 partem
857 3338 1044 3398 terrae,
1093 3332 1250 3387 divisi
1284 3340 1409 3388 sunt
1445 3342 1503 3388 ut
1547 3334 1703 3389 rami.
1754 3335 1973 3393 Dicebat

398 3427 578 3474 autem
605 3420 673 3475 ad
701 3420 886 3478 turbas
912 3422 964 3477 in
996 3423 1269 3494 parabolis
1297 3425 1479 3481 multis
1504 3425 1658 3497 juxta
1695 3429 1968 3486 habitudio

395 3527 520 3568 nem
580 3513 916 3570 audientium
975 3519 1290 3588 compositis
1345 3522 1614 3590 parabolis
1701 3524 1968 3590 Quoniam

392 3602 540 3657 enim
572 3600 723 3657 turba
750 3613 863 3659 erat
886 3604 1131 3675 imperita
1157 3618 1210 3662 et
1236 3608 1472 3676 indocta,
1496 3611 1615 3668 ideo
1640 3614 1967 3670 mentionem

394 3689 527 3746 facit
558 3690 712 3762 graui
742 3692 969 3763 sinapis,
1001 3706 1057 3750 et
1092 3697 1293 3764 herbae,
1320 3707 1374 3755 et
1401 3702 1646 3771 seminis,
1685 3715 1744 3760 ut
1773 3720 1971 3776 cogna-

396 3783 468 3839 tis
491 3793 546 3839 et
568 3786 840 3842 consuetis
860 3789 1169 3848 nominibus
1195 3792 1389 3849 doceat
1416 3809 1511 3851 eos
1536 3798 1664 3854 utile
1687 3801 1966 3871 quiddam,

397 3873 480 3931 vel
521 3877 720 3932 excitet
758 3887 817 3933 ut
847 3883 1107 3938 accedant
1142 3890 1196 3940 et
1238 3884 1604 3958 interrogent,
1651 3900 1703 3946 et
1733 3891 1971 3948 interro-

394 3970 573 4040 gando
607 3985 728 4042 quae
752 3972 1003 4043 ignorant
1028 3978 1259 4034 discant.
1304 3981 1590 4051 Discipulis
1615 3986 1759 4039 enim
1801 4000 1969 4056 expo-

395 4064 556 4119 nebat
579 4067 781 4132 omuia,
814 4068 1067 4137 quoniam
1101 4080 1346 4127 seorsum
1383 4077 1714 4130 accedebant
1739 4090 1886 4144 eum,
1914 4087 1970 4135 et

394 4155 826 4226 interrogabant.
881 4157 1073 4214 Omnia
1120 4169 1302 4216 autem
1350 4159 1593 4217 solvebat
1633 4176 1969 4234 quaecunque

393 4247 709 4319 ignorantes
737 4251 1018 4322 rogabant;
1047 4267 1154 4307 non
1180 4251 1324 4307 enim
1346 4253 1666 4325 simpliciter
1686 4256 1890 4322 omnia,
1913 4266 1969 4313 et

390 4355 515 4412 quae
547 4342 855 4400 manifesta.
901 4343 1039 4400 Nam
1068 4358 1134 4401 ex
1175 4346 1258 4402 bis
1287 4360 1407 4418 quae
1447 4348 1846 4417 interrogantes
1879 4350 1966 4406 di-

392 4436 661 4504 dicerant,
697 4438 1087 4507 caeteractiam
1121 4437 1225 4493 illis
1249 4436 1534 4495 manifesta
1566 4449 1757 4505 erant,
1796 4449 1854 4497 et
1892 4441 1965 4497 ita

391 4528 572 4583 omnia
600 4528 907 4598 exponebat
931 4529 1032 4585 eis.

2078 3333 2363 3403 κήρυγμα,
2397 3332 2491 3385 καὶ
2531 3331 2762 3395 κλάδους
2810 3329 3080 3401 μεγάλους
3121 3330 3404 3400 ἐποίησεν.
3453 3329 3506 3383 ’0
3540 3329 3617 3399 μὲν

2074 3423 2184 3490 γάρ
2228 3421 2336 3476 τῶν
2390 3422 2705 3476 ἀποστόλων
2733 3423 2814 3486 είς
2867 3422 3108 3494 Ῥώμην,
3161 3425 3191 3477 ὁ
3229 3422 3288 3477 δὲ
3322 3423 3404 3486 είς
3438 3420 3619 3483 Ἰνδίαν,

2072 3521 2102 3572 ὁ
2153 3519 2210 3574 δὲ
2246 3521 2326 3581 εἰς
2363 3519 2612 3589 Ἀχαίαν,
2644 3519 2805 3582 ἄλλος
2832 3520 2912 3582 είς
2943 3518 3072 3573 ἄλλο
3104 3518 3278 3589 μέρος
3312 3516 3412 3586 τῆς
3442 3515 3536 3584 γῆς
3558 3514 3621 3567 διε

2076 3609 2407 3681 εσχίσθησαν
2436 3613 2628 3681 ὥσπερ
2657 3610 2863 3665 κλάδοι.
2892 3609 3087 3679 Ἔλεγε
3129 3609 3191 3665 δὲ
3238 3610 3355 3674 τοῖς
3382 3607 3546 3679 ὄχλοις
3577 3605 3621 3656 ἐν

2075 3703 2413 3772 παραϐολαῖς
2454 3702 2695 3768 πολλαῖς,
2742 3703 2881 3773 πρὸς
2923 3703 3024 3772 τὴν
3057 3701 3174 3767 ἕξιν
3203 3702 3318 3757 τῶν
3352 3700 3622 3755 ἀκουόντων

2077 3793 2399 3864 παρατιθεὶς
2425 3794 2522 3858 τὰς
2541 3794 2884 3862 παραϐολάς.
2923 3794 3146 3868 Ἐπειδὴ
3173 3794 3288 3867 γὰρ
3334 3794 3484 3865 ὄχλος
3507 3786 3624 3863 ἦσαν

2076 3886 2293 3957 ἰδιώτης
2321 3889 2417 3943 καὶ
2446 3889 2688 3961 ἀμαθὴς.
2720 3887 2912 3942 τούτου
2964 3886 3156 3942 ἕνεκεν
3221 3888 3494 3960 μέμνηται
3519 3884 3625 3937 κάκ·

2074 3993 2173 4034 κου
2206 3981 2498 4047 σινάπεως,
2523 3980 2618 4036 καὶ
2653 3981 2870 4052 χόρτου,
2895 3978 2992 4034 καὶ
3018 3980 3252 4053 σπόρου,
3292 3978 3380 4035 ἶνα
3418 3976 3517 4032 ἀπὸ
3538 3973 3627 4030 τῶν

2073 4072 2390 4143 συντρόφων
2446 4075 2542 4127 καὶ
2598 4071 2848 4141 συνήθων
2899 4071 3082 4137 αὐτοῖς
3134 4073 3424 4142 ὀνομάτων
3465 4066 3622 4134 διδάξῃ

2069 4165 2267 4229 αὐτοὺς
2286 4164 2564 4238 ὠφέλιμόν
2596 4184 2670 4230 τι,
2703 4167 2738 4239 ἦ
2764 4168 3118 4241 παρακινήσῃ
3150 4162 3468 4237 γοῦνδείςίτὺ
3492 4174 3629 4233 προσ-

2072 4254 2263 4309 ελθεῖν·
2296 4256 2392 4309 καὶ
2448 4257 2747 4329 ἐρωτῆσαι,
2778 4257 2876 4312 καὶ
2926 4256 3017 4312 διὰ
3065 4259 3172 4328 τῆς
3225 4256 3544 4328 ἐρωτήσεως
3573 4250 3629 4302 τὰ

2072 4349 2419 4421 ἀγνοούμενα
2481 4349 2696 4421 μαθεῖν.
2720 4350 2845 4416 Τοῖς
2866 4350 2978 4424 γάρ
3019 4367 3103 4405 τοι
3127 4350 3411 4422 μαθηταῖς
3455 4342 3628 4399 έπέλυι

2074 4443 2252 4497 πάντα
2283 4444 2404 4498 κατ’
2447 4444 2608 4508 ίδίαν,
2641 4443 3105 4516 προσερχομένοις
3150 4441 3364 4516 δηλαδὴ
3395 4440 3490 4493 καὶ
3515 4439 3631 4507 ἐρω-

1998 4529 2047 4585 D
2077 4535 2231 4591 τῶσι.
2261 4535 2448 4590 Πάντα
2495 4536 2554 4591 δὲ
2589 4535 2766 4602 ἔλυεν,
2799 4536 2900 4593 ὅσα
2933 4534 3164 4607 ἠρώτων
3190 4533 3273 4598 ὡς
3310 4530 3629 4603 ἀγνοοῦντες-

302 4700 305 4705 (
392 4625 467 4679 Oti
507 4625 616 4698 γάρ
644 4625 832 4690 ἁπλῶς
866 4625 1063 4694 πάντα,
1081 4627 1177 4682 καὶ⁸
1203 4626 1275 4682 τά
1306 4626 1474 4698 σαφῆ.
1519 4624 1655 4680 ’Δπὺ
1688 4625 1800 4698 γὰρ
1828 4628 2033 4717 τούτων
2095 4626 2172 4687 ὧν
2234 4634 2554 4705 ἐρωτῶντες
2614 4632 2945 4705 ἐμάνθανον,
2974 4630 3125 4704 σαφῆ
3145 4626 3295 4702 ἦσαν
3321 4627 3504 4690 αὐτοῖς
3550 4622 3632 4679 καὶ

389 4718 558 4775 τᾶλλα
577 4736 590 4750 ·
617 4718 758 4775 ὥστε
782 4719 961 4775 πάντα
993 4718 1282 4775 ἑπελύοντο
1315 4723 1522 4786 αὐτοῖς.

461 4813 627 4869 Vsus.
656 4812 849 4870 3540.
885 4832 906 4869 ι
941 4816 1007 4875 Et
1040 4817 1170 4873 dicit
1193 4817 1299 4875 illis
1327 4819 1381 4876 in
1412 4820 1503 4877 die
1532 4820 1644 4888 illo,
1669 4836 1790 4878 cum
1822 4821 1964 4877 facta

388 4912 533 4960 esset
580 4919 845 4976 vespera:
893 4903 1257 4965 Transeamus
1304 4907 1360 4965 in
1408 4910 1722 4973 ulteriorem
1766 4913 1960 4985 ripam.

388 4996 456 5050 Et
477 4996 699 5054 dimissa
729 4997 885 5053 turba
920 5007 1200 5055 assumunt
1222 5014 1345 5056 eum
1376 5000 1451 5056 ita
1479 5011 1539 5057 ut
1566 5010 1687 5058 erat
1725 5002 1779 5058 in
1815 5003 1958 5070 navi,

394 5085 555 5161 ιω
579 5090 674 5145 sed
708 5099 764 5145 et
795 5087 913 5144 alia:
940 5087 1205 5146 naviculas
1239 5099 1397 5146 erant
1425 5106 1550 5147 cum
1581 5105 1667 5149 eo.
1702 5098 1757 5149 et
1787 5092 1964 5149 oritur

2154 4836 2172 4869 ι
2210 4817 2322 4871 Καὶ
2341 4815 2490 4886 λέγει
2520 4816 2705 4881 αὐτοῖς
2737 4817 2797 4871 ὲν
2812 4814 2995 4890 ἐκείνῃ
3014 4816 3078 4887 τῇ
3099 4814 3297 4887 ἡμέρᾳ
3329 4812 3466 4885 (56),
3492 4807 3633 4879 ὀψίας

2078 4906 2410 4978 γενομένης·
2445 4905 2756 4981 Διέλθωμεν
2805 4906 2884 4970 είς
2929 4904 2991 4958 τὸ
3023 4903 3225 4976 πέραν.
3270 4902 3386 4958 Kal
3428 4899 3633 4970 ἀφέντες

2069 5000 2165 5054 τὸν
2211 4999 2388 5071 δχλον,
2445 4996 2968 5071 παραλαμϐάνουσιν
3023 4996 3189 5050 αὐτὸν
3255 4995 3339 5060 ὡς
3367 4990 3435 5065 ἦν
3471 4993 3527 5045 ἑν
3568 4984 3637 5059 τῷ

2072 5092 2263 5165 πλοίῳ.
2323 5092 2435 5146 Ka't
2461 5091 2595 5146 ἄλλα
2632 5090 2690 5146 δὲ
2732 5089 2994 5160 πλοιάρια
3039 5083 3110 5161 ἦν
3142 5085 3269 5159 μετ’
3318 5082 3509 5143 αὐτοῦ.
3537 5077 3634 5136 Καὶ

1340 5230 1434 5291 Ex
1475 5226 1818 5293 collatione
1851 5229 2038 5293 codd.
2080 5230 2312 5293 Venet.
2350 5232 2413 5293 S.
2448 5228 2653 5293 Marci.

460 5356 574 5429 (55)
605 5354 739 5413 Cod.
770 5356 862 5412 26.
884 5354 1057 5429 Ὅταν
1076 5353 1138 5429 ῥὲ
1159 5350 1477 5429 παραδῷῗτδ
1487 5351 1665 5429 θέρος.
1695 5352 1819 5429 άντὶ
1841 5349 1960 5416 τοῦ,

385 5422 597 5500 ὥριμος
621 5428 871 5500 γένηται,
901 5425 1048 5483 τοῦτ’
1073 5422 1252 5490 ἐστιν,
1284 5422 1418 5500 ὅταν
1448 5424 1651 5500 πάντες
1680 5424 1730 5477 οἱ
1760 5437 1966 5500 καρπο-

386 5492 671 5572 φορεῖσθαι
716 5492 1002 5575 μέλλοντες
1053 5496 1536 5575 καρποφορήσωσι,
1561 5492 1689 5575 ’τότε
1742 5492 1804 5575 “ab
1840 5493 1964 5575 δρέ-

389 5563 584 5637 πανον,
615 5587 672 5625 κ.
706 5563 758 5625 τ.
786 5569 833 5625 λ.
856 5588 875 5622 ι
906 5563 1331 5636 ριιοιιάοάυιοηι
1364 5563 1599 5620 adfuerit
1626 5564 1839 5629 messis,
1865 5563 1966 5637 hoc

387 5651 492 5706 est,
533 5634 757 5696 cumsad
804 5634 1525 5706 maturitatemperveuerit
1558 5652 1573 5706 ;
1608 5650 1703 5691 seu
1750 5634 1966 5706 quando

387 5702 596 5777 omnes,
631 5712 722 5779 qui
754 5706 964 5766 fructus
1008 5705 1201 5763 facturi
1219 5702 1380 5773 'suut,
1409 5703 1656 5771 fecerint,
1683 5702 1811 5760 tunc
1856 5702 1966 5759 falx

385 5787 689 5849 congregat
719 5780 979 5835 fructum;
1015 5797 1034 5831 ι

460 5842 573 5925 (53)
593 5842 737 5909 ‘Cod.
770 5849 840 5906 26
872 5850 1015 5907 addit
1053 5865 1070 5903 :
1097 5847 1257 5905 τὸέν
1281 5846 1481 5918 ἐκείνῃ
1506 5842 1580 5918 τῇ
1618 5843 1826 5918 ἡμέρᾳ,
1846 5845 1961 5903 ἴσον

2064 5353 2183 5409 ἐστὶ
2215 5352 2293 5421 τῷ
2320 5353 2390 5407 ἐν
2431 5350 2540 5422 μιᾷ
2589 5351 2846 5423 ἠμερῷν,
2874 5353 2950 5416 ὡς
2973 5346 3096 5406 εἷπε
3136 5350 3390 5423 Λουκᾶς.
3540 5345 3636 5423 ﬁt)

2064 5417 2481 5511 "‘““‘l".i'li“"
2506 5417 2643 5511 θεαθῗ
2658 5417 2727 5511 ’λθ
2746 5419 2869 5511 εἷπε
3021 5420 3379 5511 tueamur:
3394 5420 3516 5511 ρξ’
3535 5417 3637 5511 ‘35:

2070 5511 2169 5565 ραν
2216 5485 2337 5548 καθ’
2363 5485 2554 5617 ’γ’τά
2599 5485 2958 5566 ῥηθησόμενα
2996 5485 3250 5563 γέγονεν.
3285 5485 3500 5554 ’Ἄλλως
3550 5485 3638 5558 μὶν

2070 5566 2196 5617 γὰο.
2227 5581 2282 5617 κ.
2320 5581 2371 5617 τ.
2445 5602 2458 5617 .
2499 5581 2518 5615 t
2546 5563 2679 5617 Illud
2731 5568 2785 5617 in
2814 5564 2897 5617 die
2925 5564 3042 5617 illo.
3062 5561 3367 5617 :eauivalet
3392 5561 3479 5617 ei:
3508 5554 3633 5617 quod

2066 5554 2196 5636 ista.
2227 5581 2282 5619 κ.
2320 5581 2371 5618 τ.
2406 5554 2458 5618 λ.
2499 5581 2518 5615 t
2546 5554 2692 5636 Illud
2727 5554 2785 5618 in
2813 5554 2897 5618 'die
2925 5554 3367 5636 illo,:iaqttivalet
3392 5561 3479 5636 ei;
3508 5554 3633 5636 quod

2062 5627 2340 5715 ‘ait'Lucas
2366 5651 2380 5691 :
2414 5636 2469 5687 in
2500 5651 2605 5688 una
2637 5633 2840 5715 dferam
2864 5647 2883 5685 :
2910 5627 3353 5715 uenieuim_ea_m
3383 5627 3635 5715 dictuper

2066 5706 2265 5787 signat.
2296 5706 2348 5758 in
2383 5720 2486 5774 qua
2550 5705 2858 5777 parabolam
2906 5703 3082 5770 dixit;
3248 5702 3443 5767 aliam,
3470 5702 3522 5756 iu
3540 5710 3633 5781 qua

2062 5775 2335 5840 νιιιοιιεοι,
2371 5790 2456 5838 ea,
2479 5789 2598 5845 quae
2627 5776 2874 5833 dicturus
2903 5783 3040 5845 erat,
3064 5781 3446 5846 contigerunt.
3475 5770 3633 5826 Aliter

2064 5856 2266 5912 autem,
2316 5863 2335 5898 t
2374 5853 2478 5901 etc.
