3968 6460
172 386 254 448 :37
643 347 645 350 ⁴
850 387 1294 454 ENARRATIO
1332 395 1417 458 IN
1456 397 1960 462 EVANGELIUM
1997 400 2260 465 MARCI.
2303 426 2365 438 -
2393 403 2559 467 cap.
2603 407 2668 469 v.

3307 413 3411 480 538

175 499 358 565 γίνεται
376 493 572 565 λαίλαψ
604 494 804 567 ἀνέμου
850 499 1063 572 μεγάλη
1097 517 1112 533 ⁸
1141 520 1210 559 τα
1253 504 1311 558 δὲ
1346 506 1570 578 κύματα
1612 510 1714 564 ἐπ.

1822 511 2052 582 procella
2079 513 2228 568 venti
2259 527 2482 585 magna,
2507 525 2564 570 et
2589 515 2784 575 ﬂuctus
2808 517 3087 578 irruebant
3107 520 3161 578 in
3193 526 3401 592 navim,

171 585 368 642 έόαλλεν
391 587 470 650 εἰς
500 586 563 640 τδ
614 587 814 656 πλοῖον,
847 589 987 645 ὥστε
1029 593 1166 648 αὐτὸ
1216 596 1316 668 ἤδη
1365 599 1710 669 γεμίζεσθαι.

172 679 264 733 Καὶ
285 674 347 748 ἦν
375 677 535 742 αὐτὸς
559 680 651 732 ἐπὶ
681 681 741 751 τῇ
798 682 1024 757 πρύμνῃ
1045 686 1139 740 ἐπὶ
1171 687 1232 741 τὸ
1269 691 1715 760 προσκεφάλαιον

168 770 437 835 καθεύδων,
499 772 597 824 κα)⁵
645 773 1010 844 διεγείρουσιν
1059 779 1246 846 αὐτὸν,
1311 782 1407 836 καὶ
1459 783 1714 852 λέγουσιν

167 863 320 932 αὐτῷ’
349 862 673 929 Διδάσκαλε,
697 867 756 919 ού
790 866 941 937 μέλει
973 887 1058 924 σοι
1085 871 1165 925 ὅτι
1192 873 1573 946 ἀπολλύμεθα;
1605 878 1716 932 Καὶ

163 956 459 1026 διεγερθεὶς,
495 958 803 1029 ἐπετίμησε
839 960 917 1032 τῷ
973 963 1182 1034 ἀνέμῳ,
1217 966 1312 1020 καὶ
1350 963 1472 1023 εἷπε
1521 972 1588 1042 τῇ
1622 970 1716 1025 θα-

163 1046 343 1118 λάσση*
380 1045 594 1114 Σιώπα,
625 1051 938 1121 πεφίμωσο.
963 1055 1074 1108 Καὶ
1118 1057 1397 1114 ἐκόπασεν
1431 1062 1460 1114 δ
1490 1062 1712 1133 ἄνεμος,

162 1140 238 1190 καὶ
286 1136 501 1204 ἐγένετο
533 1139 748 1213 γαλήνη
788 1145 1022 1214 μεγάλη,
1069 1149 1164 1202 καὶ
1211 1144 1366 1204 εἶπεν
1398 1152 1610 1217 αὐτοῖς·
1649 1155 1714 1208 Τί

159 1226 298 1278 δειλοί
328 1227 447 1280 ὲστε
479 1227 668 1297 obrui;
703 1233 827 1297 Πῶς
859 1236 960 1288 ούκ
997 1235 1151 1308 ἔχετε
1180 1239 1404 1309 πίστιν;
1442 1244 1552 1296 Καὶ
1588 1245 1715 1313 ἐφο-

159 1318 374 1386 ϐήθησαν
409 1318 577 1384 φόϐον
613 1323 812 1391 μέγαν,
860 1326 960 1380 καὶ
1010 1327 1197 1398 ἔλεγον
1229 1333 1368 1401 πρὸς
1412 1334 1710 1406 ἀλλήλους·

159 1412 238 1472 Τίς
262 1411 363 1481 ἄρα
387 1405 548 1476 οὗτός
574 1417 748 1481 ἐστιν,
783 1418 867 1471 ὅτι
893 1421 986 1473 καὶ
1015 1421 1258 1494 δάνεμος
1289 1427 1385 1479 καὶ
1415 1429 1447 1499 ἡ
1470 1427 1713 1486 θάλασσα

160 1503 500 1559 ὑπακούουσιν
537 1506 733 1578 adtigi;
779 1527 798 1559 ι
838 1511 1047 1577 Ἀλλως
1083 1518 1182 1585 μὲν
1208 1517 1385 1574 ταῦτα
1407 1519 1710 1592 διηγήσατο

159 1593 488 1660 όΜατθαῖος,
518 1597 698 1662 ἄλλως
727 1599 784 1652 δὲ
804 1603 832 1654 δ
860 1603 1114 1675 Μάρκος·
1158 1606 1195 1661 ἃ
1224 1609 1331 1680 γάρ
1360 1611 1568 1676 ἐκεῖνος
1591 1608 1714 1668 εἷπε

159 1686 487 1758 πλατύτερον,
526 1683 689 1754 οὗτος
731 1695 1038 1748 συνέστειλε
1069 1711 1083 1726 ⁶
1132 1699 1226 1753 καὶ
1285 1701 1630 1772 τούναντίον,
1681 1705 1716 1760 ἃ

158 1780 339 1837 ἐκεῖνος
367 1780 733 1850 συνέστειλεν,
762 1778 919 1850 οὗτος
943 1788 1209 1844 ὲπλάτυνε
1239 1792 1378 1864 (57).
1412 1795 1713 1868 Παραλαμ-

159 1871 287 1924 Cave:
309 1865 397 1924 οὖν
424 1871 626 1940 μόνους
656 1875 782 1939 τοὺς
801 1878 1067 1948 μαθητάς,
1091 1858 1288 1948 θεατάς
1301 1858 1395 1938 τοῦ
1425 1858 1710 1956 μέλλοντος
1745 1858 1788 1914 Β

159 1962 351 2017 ἔσεσθαι
391 1965 678 2034 θαύματος
709 1970 877 2026 ποιῶν
897 1986 910 2000 ⁸
944 1973 1032 2026 ἵνα
1079 1973 1136 2027 δὲ
1174 1976 1249 2048 μὴ
1279 1978 1601 2050 ὲπαρθῶσιν
1625 1981 1708 2036 δτι

159 2057 262 2112 τοὺς
287 2054 471 2121 ἄλλους
507 2059 808 2130 ἐκπέμψας
839 2063 1036 2126 αὐτοὺς
1057 2065 1342 2137 κατέσχεν,
1370 2068 1562 2142 ἀφίησι
1582 2071 1709 2127 κλυ-

159 2148 472 2218 δωνισθῆναι,
513 2153 612 2204 καὶ
638 2153 754 2224 ἃμα
779 2153 866 2207 ἴνα
901 2156 1090 2230 διδάξῃ
1113 2163 1458 2231 πειρασμοῦς
1495 2165 1710 2236 φέρειν.

161 2238 394 2292 Καθεύδει
422 2239 498 2306 δὲ,
537 2241 628 2295 ἵνα
665 2244 848 2313 μεῖζον
877 2249 1017 2318 φανῇ
1044 2248 1226 2314 αὐτοῖς
1253 2251 1314 2304 τὸ
1337 2251 1543 2322 θαῦμα,
1577 2254 1715 2322 πρό·

160 2348 291 2398 τερον
313 2331 694 2404 θορυϐηθείσιν
715 2351 727 2363 ·
766 2338 814 2388 εί
832 2337 940 2408 γὰρ
964 2340 1330 2412 ἐγρηγορότος
1358 2344 1453 2398 τοῦ
1472 2345 1712 2416 Χριστοῦ

161 2425 682 2500 δκλύδωνέγένετο,ἢ
703 2429 801 2483 οὐκ
823 2430 887 2483 ἂν
913 2432 1265 2504 ἐφοϐήθησαν
1287 2436 1351 2506 ,ἣ
1378 2437 1476 2490 ούκ
1489 2439 1554 2492 ἂν
1579 2454 1718 2511 παρ-

161 2518 406 2574 εκάλεσαν.
429 2520 686 2590 Ἀφίησιν
707 2518 800 2579 οὖν
822 2524 1017 2588 αὐτοὺς
1046 2525 1196 2598 φόϐῳ
1222 2528 1466 2584 κινδύνου
1495 2547 1718 2602 περιπε-

166 2611 275 2670 σεῖν,
305 2611 383 2662 ἵνα
411 2611 490 2672 είς
506 2609 768 2680 αἴσθησιν
815 2614 915 2684 τῆς
945 2615 1111 2668 αὑτοῦ
1136 2616 1422 2688 δυνάμεως
1463 2620 1711 2678 ἔλθωσιν.

173 2701 300 2754 Ἐπεὶ
318 2700 420 2770 γὰρ
441 2703 568 2764 τοὺς
592 2703 695 2773 μὲν
731 2704 924 2770 ἄλλους
941 2707 1171 2764 ἔϐλεπον
1202 2713 1714 2784 εὐεργετουμένους,

1818 597 1894 658 ita
1923 613 1980 659 ut
2015 604 2108 660 illa
2149 605 2260 676 jam
2302 607 2641 677 impleretur.
2688 609 2755 666 Et
2800 624 2918 668 erat
2976 615 3091 685 ipse
3134 616 3189 672 in
3241 619 3408 690 puppi

1818 712 1985 766 super
2031 699 2268 754 cervical
2294 699 2599 764 dormiens,
2633 709 2690 758 et
2727 705 2967 762 excitant
3015 723 3164 776 eum,
3195 712 3410 768 dicunt-

1818 804 1924 860 que
1968 790 2041 844 illi
2075 808 2088 844 :
2121 789 2452 862 Praeceptor,
2487 809 2594 848 non
2636 802 2724 850 est
2772 797 2864 852 tibi
2903 812 3048 856 cura:
3081 801 3229 871 quod
3260 805 3406 873 peri-

1818 888 1975 944 mus?
2030 887 2095 944 Et
2147 891 2419 947 excitatus
2477 892 2786 963 increpavit
2843 908 3102 967 ventum,
3164 902 3408 972 dixitque

1820 976 1955 1031 mari
1983 996 1996 1034 :
2032 979 2196 1047 Tace,
2230 982 2563 1041 obmutesce.
2615 983 2681 1040 Et
2715 989 3030 1058 conquievit
3063 1003 3277 1059 ventus,
3322 996 3406 1048 fa-

1817 1078 2018 1142 ctaque
2067 1083 2155 1129 est
2211 1075 2573 1146 tranquillitas
2617 1094 2850 1146 magna,
2890 1093 2944 1136 et
2969 1084 3045 1138 ait
3081 1086 3224 1142 illis:
3265 1087 3406 1156 Quid

1820 1161 1991 1218 timidi
2026 1166 2156 1220 estis
2179 1167 2353 1222 adeo?
2381 1166 2485 1234 Qui
2518 1168 2577 1224 fit
2608 1179 2667 1224 ut
2698 1187 2802 1228 non
2841 1173 3084 1230 habeatis
3115 1177 3407 1234 fiduciam?

1817 1253 1886 1310 Et
1939 1257 2241 1314 timuerunt
2295 1260 2489 1317 timore
2545 1279 2782 1334 magno,
2842 1267 3208 1339 dicebantque
3261 1270 3404 1326 inter

1817 1360 1975 1402 sese:
2017 1346 2279 1412 Quisnam
2313 1350 2404 1406 hic
2465 1362 2571 1418 est,
2605 1355 2734 1424 quia
2778 1368 2968 1412 ventus
2998 1367 3052 1413 et
3086 1375 3236 1414 mare
3271 1361 3406 1427 ohe,-

1816 1435 1970 1492 diunt
2009 1439 2099 1494 ei?
2137 1458 2156 1492 ι
2187 1439 2359 1496 Aliter
2401 1443 2512 1498 haec
2553 1448 2834 1501 enarravit
2878 1448 3167 1505 Matthaaus
3193 1492 3207 1516 ,
3248 1453 3406 1506 aliter

1816 1525 2052 1584 Marcus.
2099 1528 2236 1586 Nam
2265 1546 2386 1602 quae
2422 1534 2512 1590 ille
2542 1535 2682 1592 dixit
2721 1537 3001 1603 diffusius,
3037 1541 3122 1595 hic
3155 1543 3207 1595 iu
3253 1557 3405 1596 com-

1815 1623 2069 1698 pendium
2111 1627 2422 1680 contraxit:
2471 1637 2526 1682 et
2561 1643 2591 1683 e
2637 1630 2852 1684 diverso
2896 1647 3014 1697 quae
3043 1632 3134 1686 ille
3178 1643 3402 1688 contra-

1816 1699 1977 1778 ctius,
2011 1713 2099 1769 hic
2131 1713 2380 1773 diffusius
2407 1719 2559 1775 dicit.
2591 1719 2838 1775 Assumit
2869 1721 3035 1791 igitur
3063 1724 3209 1778 solos
3240 1725 3406 1780 disci-

1815 1803 1994 1873 pulos,
2021 1805 2112 1874 qui
2145 1805 2313 1863 futuri
2356 1811 2602 1865 miraculi
2637 1822 2973 1883 spectatores
2999 1829 3200 1873 essent.
3231 1820 3405 1876 Porro

1817 1911 1888 1950 ne
1931 1896 2321 1954 extollerentur
2366 1902 2508 1970 quod
2554 1903 2702 1971 ipsos
2751 1905 2989 1962 dimissis
3023 1909 3148 1964 aliis
3192 1927 3408 1967 assum-

1813 1999 2020 2056 pserat,
2053 1999 2108 2043 et
2144 1998 2202 2044 ut
2233 1991 2426 2048 doceat
2464 1992 2718 2051 ferendas
2753 2001 3113 2068 tentationes,
3141 2005 3401 2071 relinquit

1813 2095 1907 2135 eos
1943 2083 2193 2150 procellis
2239 2085 2560 2154 periclitari.
2603 2087 2816 2144 Dormit
2859 2103 3073 2156 autem,
3126 2105 3182 2149 ut
3227 2098 3402 2165 majus

1817 2181 2078 2241 appareat
2121 2174 2482 2245 miraculum,
2520 2193 2644 2235 cum
2698 2183 2847 2251 prius
2897 2187 3094 2241 turbati
3147 2187 3398 2244 fuissent.

1814 2261 1951 2318 Nam
1983 2265 2028 2320 si
2070 2265 2346 2335 vigilasset
2379 2267 2666 2337 Christus,
2695 2284 2749 2328 et
2790 2274 2932 2330 facta
2972 2277 3164 2333 fuisset
3200 2290 3402 2348 tempe-

1817 2365 1954 2422 Stas,
1981 2355 2064 2410 vel
2099 2372 2203 2411 non
2234 2359 2562 2428 timuissent,
2591 2365 2675 2420 vel
2707 2381 2816 2421 non
2849 2379 3097 2423 orassent
3124 2389 3138 2424 :
3176 2371 3402 2440 proinde

1819 2444 2069 2513 permisit
2097 2460 2190 2501 eos
2228 2448 2281 2502 in
2319 2460 2518 2507 metum
2551 2456 2774 2523 periculi
2813 2458 3056 2514 incidere
3082 2498 3096 2525 ,
3152 2477 3261 2528 quo
3296 2463 3408 2516 vir-

1823 2543 1993 2590 tutem
2019 2535 2189 2605 ipsius
2219 2542 2485 2596 sentirent
2516 2544 2879 2601 manifestius.
2907 2546 3042 2613 Quia
3075 2551 3220 2603 enim
3247 2553 3403 2607 vide-

1819 2627 1950 2681 bant
1979 2626 2099 2682 aliis
2127 2626 2392 2684 beneficia
2419 2633 2559 2697 dari,
2610 2649 2730 2689 sese
2763 2646 2942 2691 autem
2977 2640 3121 2695 nullo
3148 2641 3239 2696 tali
3267 2642 3397 2707 frui,

1820 2718 2122 2787 periculum
2171 2730 2291 2774 erat
2351 2737 2418 2778 ne
2468 2723 2660 2780 tierent
2714 2731 3155 2800 negligentiores.
3218 2733 3406 2804 itaque

162 2795 288 2845 αὐτοὶ
313 2794 364 2846 δὲ
387 2794 602 2858 οὐδενὸς
619 2796 865 2850 τοιούτου
895 2800 1241 2868 ἀπήλαυσαν,
1266 2804 1511 2867 κίνδυνος
1533 2800 1717 2876 ἦνρᾳ-

1823 2817 2196 2878 tempestatem
2238 2815 2370 2869 oriri
2416 2819 2700 2886 permittit.
2747 2819 2920 2876 Porro
2961 2838 3124 2891 super
3172 2826 3404 2880 cervical

167 2885 460 2957 θυμοτέρους
505 2889 712 2953 αὐτοὺς
740 2891 1012 2958 γενέσθαι.
1041 2895 1326 2967 Συγχωρεῖ
1351 2889 1444 2951 οὖν
1477 2899 1717 2968 ἐπιγενέ-

1823 2902 2044 2969 dormit,
2075 2906 2217 2973 quod
2249 2906 2300 2960 in
2331 2885 2458 2964 navi
2487 2920 2630 2975 erat,
2662 2912 2917 2967 nimirum
2955 2916 3210 2983 ligneum.
3250 2917 3407 2974 Exci-
3462 2923 3464 2925 ’

168 2979 266 3032 σθαι
297 2982 378 3036 τὸν
410 2983 662 3052 χειμῶνα
683 2998 697 3014 ·
731 2985 978 3038 καθεύδει
1001 2986 1058 3039 δὲ
1084 2987 1177 3040 ἐπὶ
1194 2989 1253 3042 τὸ
1284 2993 1717 3062 προσκεφάλαιον

1826 3003 1966 3048 tatus
2007 3011 2163 3062 vero,
2214 2999 2447 3068 primum
2484 3002 2788 3073 increpavit
2830 3015 3046 3062 ventum
3108 3010 3219 3080 (hic
3261 3014 3404 3068 enim

169 3074 216 3124 τὸ
247 3073 329 3127 τοῦ
358 3076 568 3141 πλοίου,
624 3077 832 3144 ξύλινον
861 3078 916 3132 δὲ
951 3080 1166 3145 πάντως
1203 3078 1270 3154 ἦν
1304 3085 1717 3140 τοῦτο.Διυπνι-

1823 3097 1906 3142 est
1949 3089 2038 3159 qui
2097 3089 2251 3146 ferox
2295 3095 2603 3150 reddiderat
2655 3099 2850 3168 mare),
2881 3100 3074 3154 deinde
3115 3073 3184 3158 ‘et
3229 3119 3400 3160 mare.

171 3164 292 3230 σθεὶς
323 3166 374 3218 δὲ
399 3206 414 3231 ,
442 3170 679 3240 ἐπιτιμᾷ
729 3171 990 3242 πρότερον
1042 3174 1120 3244 τῷ
1174 3176 1360 3246 ἀνέμῳ
1394 3171 1568 3247 (οὗτος
1613 3179 1717 3251 γάρ

1829 3175 2130 3247 Discipulos
2153 3188 2334 3236 autem
2361 3182 2682 3254 increpavit,
2706 3201 2773 3243 eo
2793 3164 2937 3258 quod
2966 3206 3076 3246 non
3105 3192 3407 3250 habuerant

171 3257 290 3310 ἐστιν
308 3259 334 3309 ὁ
363 3259 456 3330 τὴν
473 3260 755 3314 θάλασσαν
776 3263 1075 3332 ἀγριαίνειν
1093 3267 1576 3339 παρασκευάζων),
1604 3267 1717 3325 εἶτα

1833 3265 2014 3325 iidem.
2041 3268 2177 3324 Nam
2201 3272 2246 3325 si
2271 3272 2434 3330 fidem
2463 3257 3186 3346 habuissent,credidissent
3216 3286 3404 3353 utique

171 3353 248 3406 καὶ
274 3354 816 3430 θαλάσσῃ.Ἑπιτιμᾷ
867 3361 923 3414 δὲ
953 3362 1183 3425 καὶτοῖς
1227 3364 1519 3435 μαθηταῖς,
1540 3366 1614 3430 ὡς
1649 3367 1717 3436 μὴ

1832 3360 1974 3429 quod
2009 3370 2065 3416 et
2095 3363 2365 3421 dormiens
2393 3377 2581 3437 posset
2607 3369 2731 3426 illos
2756 3387 2978 3429 servare
3002 3375 3220 3430 illaesos.
3254 3376 3408 3432 Dice-

171 3446 324 3515 Ξχουσι
362 3451 582 3505 πίστιν⁶
629 3453 678 3505 εἰ
708 3454 813 3523 γὰρ
861 3448 1006 3524 εἶχον
1061 3456 1261 3521 πίστιν,
1286 3459 1614 3512 ἐπίστευσαν
1659 3459 1717 3512 ἂν

1831 3452 1959 3506 bant
1981 3463 2159 3508 autem
2186 3457 2328 3513 inter
2349 3475 2408 3516 se
2437 3478 2451 3515 :
2483 3461 2744 3527 Quisnam
2773 3475 2859 3521 est
2891 3467 3021 3521 hic?
3049 3469 3238 3523 Adhuc
3261 3468 3406 3523 enim

171 3538 236 3589 ὅτι
260 3543 342 3593 καὶ
369 3542 720 3612 κοιμώμενος
769 3542 993 3599 δύναται
1024 3546 1282 3612 ἀϐλαϐεῖς
1311 3550 1510 3615 αὐτοὺς
1538 3551 1717 3618 διατη-

1832 3543 1898 3598 de
1939 3559 2004 3598 eo
2050 3546 2394 3609 dubitabant.
2441 3551 2709 3611 Caeterum
2762 3561 3060 3613 secundum
3109 3563 3250 3630 quod
3293 3561 3408 3618 solo

175 3632 330 3700 ρῆσαι.
365 3636 598 3704 Ἔλεγον
629 3637 684 3690 δὲ
715 3637 851 3709 πρὸς
881 3639 1145 3710 ἀλλήλους
1167 3658 1180 3672 ·
1213 3641 1308 3705 Τίς
1338 3643 1445 3713 ἀρα
1465 3645 1612 3697 ἐστὶν
1636 3637 1717 3696 οὖ-

1828 3645 2098 3706 ρταιεεριο
2147 3656 2297 3696 mare
2329 3645 2574 3714 sedavit,
2615 3657 2669 3702 et
2709 3663 2814 3704 non
2865 3653 3046 3720 virga,
3094 3664 3151 3706 ut
3198 3651 3408 3724 Moyses

174 3737 243 3784 τος
263 3740 277 3789 ;
298 3723 412 3778 Ἔτι
437 3726 544 3797 γὰρ
593 3727 908 3796 ἀμφιϐόλως
939 3725 1084 3800 εἶχον
1102 3731 1227 3801 περὶ
1246 3731 1409 3784 αὐτοῦ
1429 3747 1444 3764 ο
1473 3731 1608 3786 καθὸ
1626 3731 1717 3801 μὲν

1832 3743 2022 3784 mare:
2071 3747 2248 3802 neque
2297 3735 2676 3805 invocatione,
2718 3753 2776 3798 ut
2817 3743 3038 3799 Elismus
3079 3743 3406 3800 Jurdanem:

174 3811 262 3880 γὰρ
289 3814 620 3885 ὲπιτάγματι
641 3817 786 3888 μόνῳ
805 3818 902 3889 τὴν
925 3819 1204 3874 θάλασσαν
1227 3822 1604 3891 κατεκοίμισε.
1627 3823 1717 3875 καὶ

1829 3834 2006 3889 neque
2033 3838 2182 3892 arca,
2217 3837 2276 3881 ut
2299 3826 2458 3886 Jesus
2485 3831 2674 3887 Nave:
2710 3846 2994 3904 propterea
3031 3851 3194 3904 super
3229 3837 3408 3892 homi-

174 3903 276 3956 οὔτε
303 3907 491 3979 ῥάϐδῳ,
532 3910 616 3973 ὡς
661 3912 689 3964 δ
717 3912 940 3983 Μωσῆς,
973 3913 1097 3968 οὔτε
1130 3913 1420 3986 ἐπικλήσει
1448 3915 1527 3978 ὡς
1559 3915 1587 3968 δ
1633 3913 1717 3968 Ἐ-

1830 3927 1952 3967 nem
1989 3914 2096 3970 illis
2138 3917 2440 3977 videbatur.
2489 3921 2548 3976 lu
2594 3938 2660 3979 eo
2706 3903 2885 3980 autem
2915 3903 3404 3996 'quoddormivit,

174 3997 379 4069 ὶισσαῖος
404 4006 493 4060 τὸν
539 4006 844 4077 Ἰορδάνην,
873 4005 1000 4060 οὕτε
1041 4009 1109 4076 τῇ
1147 4005 1371 4077 κιϐωτῷ
1397 4005 1474 4069 ὡς
1511 4001 1717 4074 Ἰησοῦς

1833 4019 2054 4062 rursum
2085 4010 2168 4065 eis
2201 4012 2361 4068 homo
2394 4015 2701 4072 videbatur.

171 4093 301 4149 6τοῦ
321 4099 493 4172 Ναυῆ,
513 4099 784 4154 διάτοῠτο
808 4099 949 4171 ὑπὲρ
975 4099 1264 4172 ἄνθρωπον
1292 4098 1477 4162 αὐτοῖς
1537 4097 1748 4152 tecm:
1792 4097 1934 4153 καθὸ
1976 4099 2035 4156 δὲ
2106 4100 2407 4175 ὕπνωττεν,
2448 4107 2737 4180 ἅνθρωπος
2786 4108 2950 4165 πάλιν
3005 4111 3191 4176 αὐτοῖς
3245 4111 3406 4182 ἐφαί-

172 4201 291 4243 νετο.

741 4307 994 4362 ΚΕΦΑΔ.
1023 4304 1097 4364 E'.
1752 4283 1800 4341 θ

174 4417 291 4487 Περὶ
312 4419 411 4474 τοῦ
446 4418 765 4495 λεγεῶνος.
798 4420 934 4495 Περὶ
951 4420 1068 4495 ζῆς
1093 4423 1386 4495 θυγατρὸς
1421 4423 1530 4479 τοῦ
1553 4425 1719 4495 ἀρχι-

352 4490 728 4562 συναγώγου.
748 4492 884 4560 Περὶ
901 4492 1009 4561 τῆς
1036 4494 1497 4563 αἱμοῤῥοούσης.

2449 4309 2679 4368 CAPUT
2717 4311 2786 4370 γ.

1825 4415 1902 4473 De
1933 4417 2138 4490 legione
2170 4419 2489 4506 dwmonﬁum:
2524 4423 2600 4478 De
2639 4425 3039 4506 ﬁlia_principis
3089 4430 3407 4506 Synagogre.

2324 4493 2425 4562 _De
2462 4493 2883 4555 hwmarrhoissa.

244 4621 260 4654 t
294 4605 400 4658 Καὶ
429 4601 598 4677 ἦλθον
627 4605 706 4668 εἰς
734 4603 794 4658 τὸ
829 4603 1004 4676 πέραν
1047 4604 1145 4676 τῆς
1175 4605 1474 4676 θαλάσσης,
1499 4604 1593 4674 sig:
1619 4604 1720 4677 τὴν

178 4694 334 4767 χώραν
358 4699 462 4752 τῶν
488 4696 842 4770 Γαδαρηνῶν.
897 4699 1007 4752 Καὶ
1041 4697 1316 4764 ἐξελθόντι
1347 4699 1498 4769 αὐτῷ
1529 4701 1594 4753 ἐκ
1621 4699 1718 4752 τοῦ

180 4786 362 4855 πλοίου,
397 4792 602 4855 εὐθέως
655 4791 974 4862 ἀπήντησεν
1012 4791 1162 4862 αὐτῷ
1212 4792 1276 4844 ὲκ
1301 4791 1409 4845 τῶν
1433 4793 1715 4863 μνημείων

1895 4603 2063 4661 Vens.
2103 4606 2216 4662 1-5.
2251 4625 2271 4660 ι
2313 4605 2381 4663 Ει
2413 4620 2680 4665 venerunt
2714 4613 2939 4681 trajecto
2967 4618 3106 4672 mari
3143 4618 3194 4673 in
3230 4618 3410 4690 regio-

1825 4711 1946 4752 nem
1991 4698 2424 4755 Gadarenorum.
2466 4700 2807 4774 Egressoque
2876 4708 2924 4761 ei
2965 4708 3029 4764 de
3068 4713 3189 4764 navi
3223 4712 3409 4766 statim

1823 4791 2121 4846 occurrite
2155 4793 2515 4848 monumentis
2554 4794 2715 4851 homo
2753 4797 2965 4869 spiritui
3005 4801 3269 4856 obnoxius
3307 4803 3411 4856 im-

180 4877 428 4950 ἄνθρωπος
459 4887 516 4937 ὲν
549 4883 822 4954 πνεύματι
851 4882 1166 4957 ἀκαθάρτῳ,
1193 4885 1251 4950 ὃς
1277 4884 1376 4956 τὴν
1403 4885 1720 4956 κατοίκησιν

180 4963 303 5039 εἶχεν
351 4976 406 5027 ὲν
455 4978 573 5039 τοῖς
627 4978 896 5048 μνήμασι,
929 4975 1024 5030 καὶ
1073 4975 1198 5030 οὔτε
1233 4976 1492 5031 ἀλύσεσιν
1546 4977 1721 5040 οὐδεὶς

179 5059 374 5118 ἐδύνατο
419 5066 583 5121 αὐτὸν
615 5067 796 5139 δῆσαι,
827 5067 916 5122 διά
950 5069 1013 5122 τὸ
1042 5069 1203 5123 αὑτὸν
1234 5068 1501 5134 πολλάκις
1527 5069 1722 5134 πέδαις

181 5151 262 5203 καὶ
289 5154 502 5210 ἁλύσεσι
536 5158 802 5225 δεδέσθαι,
837 5159 931 5214 καὶ
958 5158 1285 5215 διεσπάσθαι
1313 5160 1406 5214 ὑπ’
1433 5159 1600 5214 αὐτοῦ
1625 5159 1724 5226 τὰς

1826 4885 2052 4948 mundo,
2087 4885 2179 4954 qui
2209 4885 2542 4940 domicilium
2574 4887 2812 4944 habebat
2847 4892 2902 4946 in
2934 4892 3319 4958 monumentis,
3351 4900 3408 4947 et

1829 4988 2003 5043 neque
2024 4975 2230 5031 catenis
2254 4976 2538 5048 quisquam
2567 4988 2778 5048 poterat
2799 4996 2922 5035 eum
2943 4980 3134 5052 ligare,
3161 4993 3408 5052 propter-

1831 5082 1896 5124 ea
1947 5071 2089 5138 quod
2139 5084 2264 5125 cum
2301 5085 2444 5140 δίκερε
2476 5074 2830 5144 compedibus
2861 5083 2916 5130 et
2953 5077 3161 5133 catenis
3192 5077 3408 5134 vinctus

1829 5160 2048 5226 fuisset,
2079 5160 2366 5235 discerptae
2395 5176 2578 5221 essent
2609 5165 2678 5222 ab
2711 5165 2802 5222 illo
2831 5173 3042 5224 catena:
3061 5209 3079 5238 ,
3107 5181 3164 5226 et
3192 5185 3410 5242 compe-

1118 5331 1212 5392 Ex
1241 5330 1586 5396 collatione
1616 5330 1808 5396 codd.
1844 5330 2079 5397 Venet.
2113 5332 2176 5395 S.
2211 5332 2434 5395 Marci.

247 5511 347 5586 (57)
377 5517 522 5586 Iden)
550 5518 702 5586 Cod.,
721 5513 889 5585 Οὗτος
905 5520 1193 5576 ἐπλάτυνε.
1221 5522 1376 5577 Μετά
1396 5521 1491 5576 τοῦ
1533 5523 1720 5576 πλοίου

183 5578 380 5664 δηλαδή,
417 5590 470 5641 ὲν
491 5582 621 5664 ᾧ-ἦν
656 5578 703 5664 ἀί
734 5578 992 5664 Χριᾰτδς,
1025 5592 1118 5664 καὶ
1148 5591 1284 5664 alia
1315 5593 1574 5664 πλοιάρια
1606 5589 1717 5664 ἦν’

186 5603 380 5708 intuma,
417 5603 470 5686 εν
491 5603 534 5652 φ
553 5603 621 5662 ην
656 5603 685 5643 o
734 5603 992 5677 Χριστὸς,
1025 5603 1118 5680 καὶ
1148 5603 1285 5674 ἀλλα
1315 5603 1574 5663 πλοιάρια
1606 5603 1674 5680 ην
1702 5608 1717 5624 .

190 5655 334 5733 εροσέ
369 5675 467 5733 ηκε
508 5660 566 5733 δέ
590 5663 718 5733 περὶ
755 5679 960 5733 τουτων
987 5679 1108 5733 ουχ
1137 5662 1347 5733 ἀπλως,
1385 5663 1523 5718 ἀλλά
1551 5664 1724 5730 δειξαι

190 5719 344 5804 ρ’ἐλων
371 5719 466 5804 ὅτε
487 5730 651 5804 τοῦτο
662 5719 831 5803 ’μόνον
845 5719 1365 5804 ὲκλυᾶυνῖσθημκαῖθ
1385 5719 1722 5804 οίκονομίᾶν.

190 5785 847 5869 Παραλαμϐάνειοῦύᾷξτ.
880 5785 930 5858 λ.
966 5785 998 5856 (ν
1021 5803 1119 5859 Hic
1137 5785 1723 5864 diffusiiusidﬁici-tfiium

1823 5520 1948 5593 navi
2011 5519 2283 5593 videlicet.
2315 5519 2368 5593 iu
2418 5535 2523 5593 qua
2584 5529 2701 5578 erat
2744 5523 3022 5593 Christus,
3065 5525 3184 5582 alia;
3239 5528 3404 5585 etiam

1825 5589 2088 5646 navicula:
2132 5597 2310 5644 erant.
2338 5589 2412 5645 De
2458 5590 2544 5646 his
2580 5607 2709 5648 vero
2742 5589 3071 5650 mentionem
3110 5595 3242 5651 facit
3299 5614 3404 5654 non

1825 5660 2162 5724 inconsultu;
2200 5661 2294 5715 sed
2335 5671 2392 5714 ut
2433 5665 2762 5728 ostenderet,
2800 5679 2919 5720 eam
2959 5681 3065 5722 non
3101 5667 3203 5722 nisi
3227 5667 3408 5723 divina

1828 5729 2234 5854 dispensatiqne
2276 5727 2529 5791 ﬂuctibus
2581 5727 2840 5806 agitatam
2910 5736 3100 5794 fuisse.
3158 5737 3404 5795 Assumit

1829 5811 2018 5854 mtur.
2058 5817 2077 5852 ι
2106 5815 2136 5854 e
2163 5813 2212 5854 c.

1829 5811 2018 5873 igitur,
2058 5817 2077 5852 ι
2106 5811 2212 5856 etc.
