3810 6564
531 407 642 474 L39

1448 414 1758 477 THEOPH
1768 411 2035 476 YLACTI
2068 411 2483 475 BULGAllI/E
2528 416 2890 478 ARCHIEP.
3585 443 3657 507 550

532 524 631 578 des
657 528 845 578 essent
877 520 1225 580 comminutae
1244 565 1258 588 ,
1295 538 1471 596 neque
1499 527 1787 597 quisquam
1826 525 1984 597 195
2012 538 2101 579 va-

2205 523 2444 591 ἀλύαεις,
2497 527 2594 581 καὶ
2641 528 2744 591 τὰς
2797 528 2962 591 πέδας
3008 531 3394 601 συντετρῖφθαι’
3423 543 3501 598 καὶ
3541 551 3658 621 οὐδεὶς

532 615 721 671 luisset
742 630 866 671 eum
892 616 1134 682 domare,
1167 626 1221 672 et
1243 631 1465 687 semper
1489 620 1578 675 die
1602 636 1666 675 ac
1694 630 1851 676 nocte
1875 622 1927 674 in
1952 636 2106 676 mon-

506 708 676 763 tibus
738 723 805 763 ac
836 710 1200 767 monumentis
1242 719 1361 765 erat
1402 711 1678 777 clamans,
1721 722 1777 767 et
1815 713 2109 769 concidens

531 801 770 873 seipsum
801 802 1091 874 lapidibus.
1132 828 1150 858 ο
1180 803 1499 862 Probatiora
1525 808 1856 878 exemplaria
1883 807 2104 874 habent,

529 894 585 949 in
615 896 889 966 regionem
929 896 1385 968 Gergesenorum.
1429 899 1600 957 Porro
1643 901 1928 959 Matthzeus
1973 904 2110 960 duos

510 988 660 1043 .dicit
709 989 982 1045 daemonio
1034 992 1319 1062 agitatos:
1372 992 1586 1051 Marcus
1640 1009 1773 1051 vero
1819 1003 1875 1052 et
1933 995 2109 1052 Lucas

532 1096 720 1150 unum,
751 1084 1078 1139 atrociorem
1115 1086 1368 1141 videlicet
1399 1087 1450 1140 in
1485 1086 1720 1143 medium
1747 1089 2105 1160 prolerentes.

533 1173 692 1229 Venit
719 1176 885 1245 igitur
913 1177 1003 1246 qui
1024 1177 1291 1233 daemonio
1314 1180 1640 1250 agitabatur,
1664 1182 1927 1239 conlitens
1960 1182 2109 1239 illum

530 1277 654 1318 esse
682 1263 878 1321 Filium
911 1264 1030 1321 Dei.
1067 1266 1330 1334 Quoniam
1359 1269 1412 1323 in
1448 1270 1571 1324 navi
1599 1270 1913 1327 dubitabant
1944 1272 2110 1328 disci-

530 1355 642 1423 puli
669 1366 902 1426 qnantus
937 1357 1026 1413 hic
1052 1367 1218 1424 esset,
1250 1359 1475 1432 majoris
1500 1361 1620 1417 lidei
1657 1363 1715 1416 lit
1740 1365 2107 1433 testimonium

532 1445 600 1499 ab
631 1445 906 1502 inimicis:
934 1462 1071 1518 quos
1098 1463 1196 1518 per
1220 1451 1493 1507 daemones
1523 1453 1786 1522 intelligo.
1819 1453 2109 1511 llahitahat

530 1543 710 1590 autem
737 1537 789 1590 in
812 1537 1099 1607 sepulcris,
1128 1540 1315 1595 volens
1339 1542 1649 1599 hominibus
1674 1546 1868 1600 malam
1896 1549 2107 1619 opinio-

530 1639 653 1678 nem
711 1624 946 1694 irferre,
996 1631 1140 1699 quod
1196 1633 1544 1689 morientium
1593 1640 1788 1692 animae
1835 1639 2108 1698 daemones

532 1715 665 1773 liant
694 1736 709 1774 :
742 1720 885 1789 quod
915 1722 1058 1779 absit
1090 1732 1149 1779 ut
1173 1725 1298 1796 quis
1326 1727 1533 1782 credat.

599 1987 764 2045 Vens.
792 1988 930 2046 6-10
983 2009 1003 2046 ι
1035 1993 1170 2049 Cum
1202 1998 1424 2054 vidisset
1449 2009 1628 2058 autem
1656 2002 1839 2061 Jesum
1872 2010 2103 2077 eminus,

528 2081 771 2135 cucurrit
809 2093 866 2138 et
912 2087 1159 2143 adoravit
1189 2105 1312 2146 eum
1336 2131 1351 2158 ,
1384 2102 1438 2148 et
1467 2093 1710 2161 clamans
1747 2114 1879 2156 voce
1912 2116 2106 2172 magna

529 2172 699 2233 dixitl:
732 2173 871 2243 Quid
902 2179 1033 2234 mihi
1066 2188 1240 2237 tecum
1267 2185 1538 2253 est,Jesn,
1560 2189 1657 2245 Fili
1689 2191 1784 2247 Dei
1812 2193 2105 2267 altissimi?

530 2264 722 2335 adiuro
753 2277 804 2324 te
832 2285 933 2340 per
970 2272 1165 2340 Deum,
1197 2292 1265 2333 ne
1301 2293 1387 2335 me
1410 2288 1686 2352 torqueas.
1712 2285 1931 2344 Dicebat
1959 2264 2104 2345 enim

531 2356 607 2410 illi
635 2375 650 2412 :
678 2356 800 2428 Exi,
830 2362 1052 2431 spiritus
1079 2365 1372 2431 immunde,
1407 2371 1476 2427 ab
1506 2372 1746 2434 homine.
1778 2377 1843 2433 Et
1869 2380 2106 2437 interro-

529 2451 696 2519 gabat
748 2467 912 2511 cum:
959 2455 1113 2524 Quod
1162 2460 1259 2515 tibi
1308 2476 1505 2519 nomen
1548 2468 1672 2522 est?
1717 2468 1783 2524 Et
1829 2475 2108 2543 respondit

533 2542 721 2599 dicens
745 2546 793 2599 ei
821 2564 835 2600 :
866 2545 1032 2618 Legio
1058 2550 1187 2606 mihi
1216 2568 1409 2609 nomen
1439 2566 1541 2623 est,
1565 2560 1690 2631 quia
1720 2563 1873 2620 multi
1893 2542 2103 2623 sumus.

531 2634 600 2690 Et
630 2635 1023 2708 deprecabatur
1045 2656 1169 2698 eum
1201 2645 1450 2715 multum,
1477 2665 1545 2706 ne
1569 2665 1629 2707 se
1654 2653 1927 2712 emitteret
1952 2668 2104 2714 extra

531 2731 831 2803 regionem.
877 2754 896 2788 ο
928 2734 1280 2795 Tormentum
1310 2757 1470 2797 suum
1503 2752 1693 2816 putant
1727 2747 2023 2817 daemones,
2059 2752 2105 2808 si

526 2832 798 2894 cogantur
843 2826 996 2883 exire
1030 2829 1100 2885 ab
1144 2829 1397 2902 homine;
1439 2835 1563 2895 ideo
1602 2838 1836 2897 dicunt:
1879 2842 1960 2899 Ne
1997 2854 2108 2901 tor-

528 2931 719 2987 queas,
749 2919 852 2975 hoc
875 2931 978 2988 est,
1012 2935 1080 2977 ne
1106 2924 1308 2981 educas
1338 2941 1439 2983 nos
1464 2942 1531 2984 ex
1557 2930 1868 2991 hahltaculo
1897 2946 2103 3005 nostro,

531 3007 634 3062 hoc
680 3016 766 3064 est
810 3011 1046 3068 homine.
1092 3014 1199 3072 Sed
1234 3025 1289 3072 et
1325 3019 1483 3075 aliter
1527 3023 1916 3082 existimabant
1958 3032 2104 3100 quod

528 3112 750 3173 propter
771 3106 957 3173 gravia
987 3123 1110 3177 qua).
1136 3117 1511 3181 attentasscnt,
1544 3128 1649 3170 non
1676 3117 1815 3172 ultra
1843 3135 2103 3189 passurus

527 3206 669 3251 esset
704 3197 850 3268 ipsos
874 3239 889 3266 ,
918 3201 1012 3256 sed
1045 3217 1168 3257 mox
1217 3205 1499 3276 suppliciis
1537 3208 1866 3279 traditurus,
1903 3213 2104 3271 idcirco
2131 3227 2173 3285 ο

528 3297 581 3342 et
627 3300 786 3344 orant
829 3306 897 3346 ne
946 3306 1005 3348 se
1057 3304 1325 3365 torqueat.
1373 3297 1680 3370 interrogat
1725 3312 1902 3358 autem
1950 3304 2101 3361 illum

529 3377 808 3450 Dominus,
840 3398 946 3439 non
973 3394 1029 3440 ut
1057 3385 1171 3455 ipse
1190 3388 1387 3456 discat,
1414 3392 1508 3445 sed
1529 3400 1588 3446 ut
1609 3391 1699 3450 alii
1726 3394 1940 3451 discant
1964 3398 2102 3452 mul-

529 3467 816 3526 titudinem
859 3473 1246 3531 daemoniorum
1291 3477 1385 3547 qui
1428 3479 1482 3534 in
1513 3479 1608 3536 illo
1642 3492 1820 3538 erant.
1854 3484 2106 3552 Quando-

528 3558 745 3626 quidem
789 3577 929 3619 unus
954 3567 1247 3635 apparebat
1287 3584 1445 3638 esse,
1492 3573 1733 3629 ostendit
1774 3573 1937 3633 Jesus
1978 3593 2101 3635 cum

522 3661 660 3721 quot
692 3648 931 3711 inimicis
970 3656 1295 3718 miserabilis
1327 3662 1492 3720 homo
1521 3664 1612 3723 ille
1643 3676 1900 3728 certaret.

601 3827 768 3885 Vens.
802 3830 858 3887 ll
903 3834 990 3890 l4.
1024 3854 1043 3888 ‹
1075 3836 1201 3893 Erat
1224 3850 1403 3898 autem
1431 3845 1502 3901 ibi
1526 3845 1682 3917 juxta
1710 3860 1947 3907 montem
1972 3870 2101 3924 grex

526 3935 817 3990 porcorum
854 3942 1077 3998 magnus
1114 3946 1375 4001 pascens,
1421 3946 1476 3992 et
1513 3939 1948 4009 deprecabantur
1979 3961 2102 4002 eum

526 4026 716 4070 amnes
745 4016 1019 4074 daemones
1050 4022 1333 4081 dicentes:
1364 4026 1514 4085 Mitte
1554 4045 1653 4088 nos
1688 4033 1739 4087 in
1784 4049 2004 4105 porcos,
2045 4048 2105 4094 ut

526 4104 580 4158 in
614 4120 708 4161 eos
750 4107 1100 4167 introeanms.
1176 4112 1243 4169 Et
1283 4118 1528 4186 permisit
1570 4121 1649 4176 eis
1694 4104 1878 4180 statim
1920 4125 2101 4184 Jesus.

526 4191 592 4247 Et
610 4197 815 4262 egressi
842 4198 1067 4266 spiritus
1095 4201 1360 4257 immundi
1395 4205 1627 4276 ingressi
1653 4220 1778 4264 sunt
1808 4210 1861 4265 in
1885 4227 2100 4282 porcos.

527 4284 592 4339 Et
645 4284 922 4343 ferebatur
979 4306 1109 4358 grex
1162 4308 1262 4362 per
1307 4311 1547 4367 praeceps
1603 4299 1654 4354 in
1710 4317 1882 4359 mare.
1934 4303 2104 4361 Erant

526 4383 705 4428 autem
742 4375 916 4433 lerme
960 4379 1044 4435 his
1081 4381 1264 4447 mille,
1309 4393 1365 4438 et
1400 4386 1650 4444 suffocati
1689 4398 1815 4446 sunt
1846 4393 1900 4446 in
1939 4395 2098 4449 mari.

526 4465 696 4521 Porro
730 4470 820 4539 qui
856 4471 1150 4538 pascebant
1180 4490 1401 4545 porcos,
1430 4477 1711 4573 fuge‘r‘unt,
1735 4493 1790 4539 et
1820 4488 2103 4542 renuntia-
2204 4484 2472 4556 δισχίλιοι,
2522 4483 2617 4536 καὶ
2646 4482 2932 4580 ἐπνίγοντο
2971 4481 3029 4537 ὲν
3061 4484 3130 4553 τῇ
3166 4481 3434 4580 θαλάσσῃ.
3455 4476 3521 4580 με
3546 4471 3668 4580 δὲ.

526 4571 720 4616 verunt
753 4563 804 4627 in
837 4564 1137 4634 civitatem,
1172 4580 1227 4624 et
1259 4572 1311 4625 in
1349 4548 1595 4643 agrosa‘;
1631 4578 1909 4637 Dzemooes
1938 4591 2098 4638 orant

2205 4548 2543 4642 κοντεςτοὺς
2571 4548 2810 4649 χοίρους,
2842 4574 3067 4644 ἔφυγον,
3099 4548 3197 4628 καὶ
3226 4548 3541 4643 ἀνήγγειλαν
3562 4567 3621 4627 εἱς
3635 4563 3699 4630 τὴν

526 4648 812 4707 Dominum
863 4671 930 4711 ne
971 4656 1211 4716 mitteret
1258 4677 1317 4719 se
1359 4674 1514 4721 extra
1557 4670 1866 4740 regionem,
1912 4675 2006 4731 scd
2043 4676 2095 4731 in

521 4758 737 4815 gregem
781 4762 1088 4817 porcorum.
1133 4749 1252 4824 lpse
1290 4767 1470 4813 autem
1514 4760 1614 4817 hoc
1659 4767 1923 4832 permisit.
1961 4767 2097 4837 Quia

520 4834 663 4889 enim
690 4849 959 4895 certamen
987 4845 1200 4898 estvita
1225 4856 1434 4915 nostra,
1460 4850 1630 4905 noluit
1660 4853 1919 4911 Dominus
1944 4834 2096 4913 estra

520 4925 660 4982 hanc
688 4929 852 4984 vitam
894 4919 1169 4989 daemones
1209 4950 1354 5003 esse,
1399 4949 1459 4993 ut
1502 4952 1776 5000 certantes
1810 4947 2095 5004 nobiscum

522 5032 621 5070 nos
668 5021 1006 5088 probationes
1040 5039 1556 5091 commonstrarent.
1599 5036 1870 5094 Permittit
1915 5051 2094 5096 autem

519 5108 625 5163 illis
654 5113 861 5168 intrare
891 5115 944 5169 in
979 5131 1169 5184 porcos
1197 5140 1205 5171 :
1237 5131 1297 5176 ut
1321 5122 1618 5193 discamus,
1653 5133 1794 5196 quod
1821 5131 1962 5187 sicut
1988 5150 2093 5190 non

520 5213 879 5270 pepercerunt
909 5208 1087 5274 porcis
1110 5252 1126 5275 ,
1167 5211 1240 5266 ita
1271 5227 1445 5284 neque
1475 5216 1677 5273 homini
1715 5220 1786 5275 illi
1823 5224 2096 5293 pepercis-

519 5305 669 5361 sent,
708 5298 808 5352 nisi
843 5315 968 5354 emn
1000 5301 1179 5359 divina
1213 5308 1387 5364 virtus
1419 5312 1779 5381 custodisset;
1822 5316 2123 5373 daemones

519 5388 665 5441 enim
697 5403 819 5444 cum
849 5391 1050 5448 inimici
1080 5399 1250 5453 nostri
1284 5400 1413 5466 sint,
1440 5402 1687 5472 protinus
1718 5420 1814 5460 nos
1842 5408 2096 5465 concide-

521 5489 663 5544 rent,
700 5482 801 5536 nisi
839 5482 979 5541 Deus
1006 5501 1104 5542 nos
1135 5501 1505 5549 conservaret.
1550 5494 1708 5550 Disce
1738 5506 1917 5553 autem
1949 5506 2095 5569 quod

520 5588 701 5642 neque
740 5574 792 5629 in
833 5591 1028 5646 porcos
1066 5580 1269 5637 habent
1318 5594 1641 5655 potestatem
1690 5589 1995 5659 daemones,
2041 5603 2100 5650 et

524 5667 691 5722 multo
724 5670 900 5725 minus
930 5673 983 5727 in
1017 5674 1299 5741 homines,
1330 5679 1433 5733 nisi
1468 5680 1741 5750 permittat
1784 5683 1945 5740 Deus.
1981 5683 2096 5741 οι».

524 5774 678 5813 serva
712 5761 873 5834 196
904 5770 1252 5837 autemquod
1300 5770 1352 5823 in
1387 5772 1635 5827 homines
1677 5774 1770 5843 qni
1801 5790 2091 5843 porcorum

529 5866 680 5919 more
712 5854 917 5921 vivunt,
953 5864 1006 5913 et
1033 5857 1085 5913 in
1121 5857 1231 5917 luto
1264 5861 1549 5932 voluptatis
1582 5874 1885 5937 vorsantur,
1917 5869 2095 5940 ingre-

2136 1890 2180 1947 Β
2218 1909 2283 1960 ‘0
2313 1906 2386 1978 μὴ
2418 1907 2631 1975 γένοιτο
2660 1900 2784 1961 mat
2809 1904 3123 1962 πιστεῦσαι.

2212 618 2376 672 αὐτὸν
2407 614 2562 690 ἴσχυε
2612 619 2859 691 δαμάσαι
2878 637 2891 651 °
2934 622 3029 675 καὶ
3061 621 3148 680 διὰ
3201 627 3399 692 παντδς,
3430 637 3576 703 verti;
3601 651 3661 699 καὶ

2210 710 2446 779 ἡμέρας,
2479 712 2538 764 έν
2563 712 2678 774 τοῖς
2713 711 2866 782 ὄρεσι
2893 711 2988 766 καὶ
3013 713 3072 764 έν
3096 714 3207 777 τοῖς
3243 719 3482 789 μνήμασιν
3504 723 3555 799 ἦν
3574 738 3661 803 api.

2212 802 2322 867 ζων
2356 803 2453 857 καὶ
2486 804 2852 858 κατακόπτων
2889 803 3084 859 ἑαυτὸν
3116 805 3299 872 λίθοις.
3340 830 3356 862 ι
3405 814 3471 868 Τὰ
3508 802 3662 892 ἀκριεέ.

2212 908 2379 961 στερα
2425 893 2536 947 τῶν
2572 895 2946 968 ἀντιγράφων,
2978 898 3060 961 εἰς
3088 897 3188 967 τὴν
3222 898 3389 969 χώραν
3427 907 3514 960 τῶν
3534 911 3664 982 Γεργε.

2213 982 2415 1053 σφῶν,
2467 985 2603 1055 ἔχει.
2643 986 2703 1040 ’0
2752 987 2854 1057 μὲν
2885 982 2979 1042 οὖν
3030 987 3299 1054 Ματθαῖος
3321 991 3405 1045 δύο
3436 991 3546 1051 εἶναι
3581 1006 3664 1068 τοὺς

2208 1076 2690 1149 δαιμονιζομένους
2739 1079 2928 1149 λέγει·
2967 1081 2996 1133 ό
3026 1079 3083 1133 δὲ
3118 1080 3332 1151 Μάρκος
3354 1084 3435 1137 καὶ
3460 1089 3483 1139 ὁ
3504 1090 3664 1162 Λουκᾶς⁹

2208 1169 2307 1225 ἕνα
2330 1185 2344 1202 ⁶
2372 1172 2467 1225 τὸν
2494 1171 2603 1243 γὰρ
2641 1171 3019 1244 χαλεπώτερον
3047 1172 3425 1244 ἐπιλεξάμενοι,
3444 1177 3666 1250 διηγοῦνται

2211 1263 2341 1334 περὶ
2378 1262 2569 1318 αὑτοῦ.
2608 1264 2872 1334 Ἔρχεται
2896 1263 3077 1317 τοίνυν
3109 1263 3560 1334 όδαιμονιζόμενος,
3586 1273 3667 1328 my

2211 1354 2375 1408 αὐτὸν
2429 1353 2708 1422 όμολογῶν
2745 1347 2888 1407 εἶναι
2944 1352 3106 1409 Θεοῦ.
3143 1353 3295 1407 Ἐπεὶ
3343 1358 3439 1426 γὰρ
3480 1361 3518 1411 oi
3553 1365 3593 1413 ἐν
3621 1366 3669 1432 τῷ

2211 1445 2385 1517 πλοίῳ
2440 1445 2810 1516 ἀμφέϐαλλον,
2847 1444 3091 1508 ποταπός
3140 1447 3284 1499 ἐστιν
3325 1442 3476 1515 οὗτος,
3525 1453 3670 1525 ηπαρὶ

2207 1537 2318 1591 τῶν
2379 1536 2591 1608 ἐχθρῶν
2627 1538 2906 1608 μαρτυρία
2940 1535 3237 1607 πιστοτέρα
3254 1537 3444 1603 γίνεται
3469 1557 3481 1572 υ
3508 1542 3613 1610 λέγω
3631 1548 3671 1615 δὴ

2208 1630 2317 1685 τῶν
2339 1629 2631 1699 δαιμόνων.
2666 1630 2935 1700 Κατῴκει
2971 1628 3029 1681 δὲ
3059 1628 3119 1682 ἐν
3148 1630 3260 1692 τοῖς
3304 1631 3533 1700 μνήμασι,
3565 1652 3671 1705 πονη.

2210 1721 2314 1793 ρὰν
2345 1720 2630 1792 ὑπόληψιν
2658 1721 2893 1775 ἐνθεῖναι
2936 1720 3258 1792 βουλόμενος
3282 1726 3386 1785 τοῖς
3431 1725 3669 1794 ἀνθρώποις,

2209 1814 2419 1868 ὅτιτῶν
2445 1813 2903 1886 ἀποθνησκόντων
2933 1814 2990 1867 αἱ
3019 1812 3193 1882 ψυχαὶ
3234 1811 3466 1882 δαίμονες
3485 1818 3669 1883 γίνονται.

2289 2018 2307 2049 ε
2355 1997 2499 2053 Ἰδὼν
2524 1998 2581 2053 δὲ
2605 1998 2697 2052 τδν
2740 1997 2950 2070 Ἰησοῦν
2988 1997 3096 2052 ἀπὸ
3124 1995 3405 2068 μακρόθεν,
3437 1997 3590 2069 έδραμε
3614 2004 3671 2054 καὶ

2208 2092 2615 2165 προσεκύνησεν
2634 2090 2805 2161 αὐτῷ,
2825 2089 2920 2145 καὶ
2936 2089 3146 2162 κράξας
3177 2092 3323 2159 φωνῇ
3355 2091 3550 2163 μεγάλῃ,
3571 2088 3670 2145 εἶπε·

2208 2186 2274 2239 Τί
2309 2186 2431 2256 ἐμοὶ
2465 2184 2559 2240 καὶ
2589 2184 2696 2250 σοὶ,
2724 2182 2922 2255 Ἰησοῦ,
2961 2183 3058 2237 Υἱὲ
3097 2182 3195 2236 τοῦ
3222 2180 3351 2235 Θεοῦ
3384 2182 3465 2236 τοῦ
3491 2184 3670 2252 ὑψίστοις

2218 2275 2457 2348 Ὀρκίζω
2483 2292 2543 2329 σε
2572 2274 2664 2329 τὸν
2696 2275 2849 2338 Θεὸν,
2893 2275 2967 2347 μή
3006 2291 3072 2346 με
3102 2273 3410 2346 βασανίσῃς.
3429 2275 3583 2344 Ἔλεγε
3606 2279 3674 2347 γὰρ

2208 2366 2375 2438 αὐτῷ’
2417 2366 2663 2434 Ἔξελθε,
2697 2366 2757 2420 τὸ
2778 2366 2993 2438 πνεῦμα
3021 2365 3082 2419 τὸ
3104 2365 3423 2435 ἀκάθαρτον,
3455 2369 3507 2419 ἐκ
3527 2366 3595 2421 τοῦ
3615 2371 3673 2420 ἀν-

2207 2456 2450 2529 θρώπου.
2494 2458 2603 2511 Καὶ
2633 2456 2899 2530 ἐπηρώτα
2950 2456 3133 2521 αὑτὸν,
3172 2452 3249 2510 Τί
3279 2475 3355 2511 σοι
3407 2458 3581 2526 6νομα;
3606 2458 3674 2510 Καὶ

2208 2548 2505 2621 ἀπεκρίθη,
2524 2548 2730 2617 λέγων’
2760 2547 2979 2617 Δεγεὼν
3006 2546 3182 2618 ὄνομα
3216 2565 3323 2619 μοι,
3367 2548 3439 2602 ὃτι
3461 2549 3675 2602 7:010ch-

2211 2656 2331 2710 μεν.
2386 2639 2497 2693 Καὶ
2526 2638 2824 2710 παρεκάλει
2874 2638 3040 2693 αὐτὸν
3088 2639 3282 2705 πολλὰ,
3321 2639 3401 2692 ἵνα
3449 2640 3511 2709 μὴ
3544 2640 3674 2702 αὐτοὺς

2206 2731 2499 2804 ἀποστείλῃ
2532 2730 2636 2797 ἔξω
2674 2731 2773 2801 τῆς
2818 2730 3029 2803 χώρας.
3086 2731 3333 2787 Βάσανον
3389 2730 3677 2802 νομίζουσινοί

2205 2823 2460 2895 δαίμονες
2482 2824 2542 2879 τὸ
2567 2824 2802 2890 ἐξελθεῖν
2827 2824 2892 2879 ὲκ
2921 2824 3015 2879 τοῦ
3045 2824 3144 2879 ἀνθ
3154 2824 3353 2896 ρώπου.
3383 2824 3462 2876 Διό
3480 2841 3600 2894 φασι,
3618 2824 3677 2894 Μὴ

2208 2916 2532 2990 βασανίσῃς,
2555 2917 2825 2981 τουτέστι,
2857 2917 2934 2991 μὴ
2964 2917 3245 2988 ἐξαγάγης
3276 2918 3415 2989 ἡμᾶς
3432 2918 3485 2970 ἐκ
3505 2914 3679 2969 105:1:-

2207 3012 2526 3081 οικητηρίου
2584 3011 2769 3083 ἡμῶν,
2841 3011 2962 3082 ἦτοι
2990 3010 3086 3065 τοῦ
3138 3009 3444 3083 ἀνθρώπου·
3474 3007 3678 3071 καὶᾶλλως

2205 3101 2284 3164 δὲ,
2325 3100 2575 3173 ἐνόμιζον
2604 3103 2687 3157 ὅτι
2719 3103 2808 3158 διὰ
2858 3104 2957 3177 τὴν
2988 3102 3297 3177 ὑπερϐολὴν
3324 3101 3426 3155 τῶν
3452 3103 3528 3155 ὑπ’
3563 3099 3680 3155 αὐτῶν

2207 3192 2592 3265 τολμωμένων,
2615 3196 2717 3250 οὐκ
2744 3195 2998 3263 ἀνέξεται
3022 3212 3037 3228 ⁸
3073 3196 3215 3252 ἀλλὰ
3244 3194 3528 3268 παραδώσει
3549 3192 3681 3252 αὐτοὺς

2206 3283 2456 3342 ἐντεῦθεν
2484 3287 2584 3358 ήδη
2645 3290 2713 3359 τῇ
2746 3287 2965 3342 κολάσει
2987 3303 3003 3318 ·
3052 3287 3140 3342 διὰ
3179 3287 3343 3342 τοῦτο
3369 3286 3454 3340 καὶ
3506 3298 3684 3354 παρίκει

2209 3376 2393 3430 λοῦσιν
2435 3376 2525 3431 ἵνα
2560 3378 2634 3448 μὴ
2661 3378 2932 3454 βασανίσῃ
2971 3377 3194 3444 αὐτούς.
3244 3378 3443 3449 Ἐρωτᾷ
3465 3375 3512 3429 δὲ
3537 3372 3685 3428 αὐτὸνό

2206 3466 2430 3540 Κύριος,
2461 3468 2558 3539 οὐχ
2611 3470 2698 3522 ῖνα
2733 3469 2878 3541 μάθῃ
2911 3469 3096 3535 αὐτὸς,
3152 3468 3385 3523 ἀλλ’ἵνα
3415 3469 3459 3521 oi
3481 3465 3598 3521 ἄλλοι
3620 3462 3688 3532 μᾶ-

2206 3558 2342 3613 θωαι
2380 3560 2442 3614 τὸ
2476 3560 2682 3630 πλῆθος
2738 3560 2848 3614 τῶν
2901 3560 3261 3616 ἐνοικούντων
3291 3558 3433 3630 αὐτῷ
3474 3554 3685 3626 δαιμόνων.

2218 3651 2434 3724 Ἐπειδὴ
2459 3653 2566 3723 γὰρ
2595 3647 2676 3714 εἷς
2705 3652 2980 3722 ἐφαίνετο,
3012 3651 3292 3706 δείκνυσιν
3313 3650 3341 3704 ό
3374 3648 3575 3721 Χριστὸς
3594 3648 3689 3706 ὅσοις

2208 3743 2423 3814 ἐχθροῖς
2455 3744 2720 3798 έπάλαιεν
2754 3746 2783 3797 ό
2816 3743 3049 3804 ἐλεεινὸς
3070 3743 3288 3803 ἐκεῖνος
3318 3739 3594 3812 ἄνθρωπος·

2281 3854 2300 3888 ι
2331 3830 2441 3888 Ἦν
2470 3836 2528 3890 δὲ
2546 3836 2667 3890 ἐκεῖ
2694 3836 2831 3908 πρὸς
2859 3834 2937 3908 τῷ
2964 3835 3081 3907 ὄρει
3137 3836 3313 3907 ἀγέλη
3339 3835 3520 3907 χοίρων
3546 3827 3690 3901 μεγάλη

2207 3928 2531 4002 βοσκομένη.
2562 3931 2674 3985 Καὶ
2697 3930 3078 4001 παρεκάλεσαν
3101 3929 3268 3984 αὑτὸν
3298 3930 3492 4025 πάντες·
3508 3926 3547 3977 oi
3565 3923 3692 4025 δαίμο-

2206 4039 2315 4087 νες,
2345 4021 2623 4091 λέγοντες*
2679 4022 2902 4094 Πέμψον
2935 4024 3085 4094 ἡμᾶς
3139 4024 3226 4086 είς
3260 4022 3385 4083 τοὺς
3416 4017 3615 4089 χοίρους,
3639 4017 3693 4065 iv:

2206 4117 2285 4180 είς
2304 4116 2500 4180 αὐτοὺς
2523 4114 2888 4185 είσέλθωμενο
2908 4115 3002 4169 καὶ
3022 4114 3328 4186 ἐπέτρεψεν
3353 4111 3521 4171 αὐτοῖς
3549 4104 3691 4162 εὐθέως

2205 4211 2233 4263 ό
2275 4207 2515 4279 Ἰησοῦς*
2542 4207 2637 4261 καὶ
2666 4205 2952 4272 ἐξελθόντα
2969 4207 3041 4260 τά
3066 4207 3358 4275 πνεύματα
3379 4203 3444 4256 τὰ
3467 4198 3694 4302 adlegit.

2206 4298 2456 4371 εἰσῆλθον
2511 4301 2591 4363 είς
2629 4299 2755 4362 τοὺς
2799 4299 3039 4372 χοίρους.
3071 4299 3188 4393 lict).
3236 4296 3486 4393 ὥρμησε-ν
3524 4293 3550 4362 ή

2205 4390 2347 4447 κατά
2382 4390 2476 4445 τοῦ
2532 4390 2779 4463 κρημνοῦ
2820 4390 2899 4454 είς
2926 4390 3027 4460 τὴν
3080 4387 3378 4443 θάλασσαν.
3400 4385 3561 4439 Ἦσαν
3584 4381 3625 4435 δὲ
3649 4381 3695 4440 ὡς

2204 4484 2472 4556 δισχίλιοι,
2522 4483 2617 4536 καὶ
2646 4482 2932 4552 ἐπνίγοντο
2971 4481 3029 4537 ὲν
3061 4484 3130 4553 τῇ
3166 4481 3434 4551 θαλάσσῃ.
3464 4476 3521 4530 Ui
3546 4473 3590 4526 δὲ
3614 4471 3696 4541 βόσ-

2202 4671 2356 4724 πόλιν
2373 4668 2469 4724 καὶ
2488 4669 2568 4733 είς
2592 4667 2718 4733 τοὺς
2751 4667 2976 4738 ἀγρούς.
3020 4687 3037 4720 ι
3063 4669 3125 4721 0i
3151 4667 3250 4737 μὲν
3281 4664 3520 4735 δαίμονες
3548 4656 3698 4722 ἀξιοῦπ

2198 4763 2290 4816 τὸν
2322 4763 2522 4835 Κύριον
2579 4763 2654 4832 μὴ
2691 4760 3010 4815 ἀποστεῖλαι
3062 4760 3263 4823 αὐτοὺς
3293 4759 3398 4824 ἔξω
3434 4757 3523 4825 τῆς
3548 4751 3701 4861 χώραςξ

2200 4853 2314 4906 ἀλλ’
2372 4853 2450 4916 είς
2500 4851 2598 4922 τὴν
2662 4850 2864 4919 ἀγέλην
2902 4847 3011 4903 τῶν
3065 4848 3268 4919 χοίρων
3313 4846 3586 4907 dinam“?
3627 4846 3702 4889 ὁδε

2201 4946 2477 5018 συγχωρεῖ
2519 4942 2697 4999 τοῦτο.
2741 4941 2960 5015 Ἐπειδὴ
3012 4941 3122 5013 γὰρ
3175 4939 3485 5035 παλαίστρα
3531 4927 3702 5035 ἐστὶν)

2202 5037 2313 5108 βίος
2349 5036 2529 5106 ἡμῶν,
2589 5035 2689 5088 οὐκ
2727 5033 2993 5105 ἠθέλησεν
3039 5035 3067 5087 ό
3111 5031 3322 5103 Κύριος
3354 5030 3471 5124 ἕξει»
3510 5021 3701 5124 “Ui”

2195 5128 2390 5182 τούτου
2414 5127 2683 5181 ἀπολῦσαι
2701 5128 2824 5188 τοὺς
2846 5124 3130 5196 δαίμονας,
3159 5124 3247 5178 ἵνα
3270 5120 3574 5180 παλαίοντες
3598 5115 3703 5181 inm.

2197 5219 2602 5292 δοκιμωτέρους
2660 5220 2812 5289 ἡμᾶς
2866 5217 3230 5290 έγράζωνται,
3305 5212 3625 5283 Συνεχὼρησε
3668 5203 3704 5255 δὲ

2198 5312 2383 5376 αὐτοῖς
2438 5313 2521 5375 είς
2572 5310 2699 5374 τοὺς
2730 5309 2948 5381 χοίρους
2982 5307 3275 5369 εἰσελθεῖν,
3312 5306 3390 5370 ὡς
3408 5306 3481 5399 αν

2196 5405 2279 5459 ὅτι
2314 5402 2503 5471 ὥσπερ
2537 5402 2645 5455 τῶν
2672 5401 2871 5473 χοίρων
2907 5401 3007 5454 οὐκ
3033 5400 3343 5469 ἐφείσαντο,
3376 5397 3537 5457 οὕτως
3560 5390 3705 5446 οὖδάν

2197 5494 2292 5548 τοῦ
2319 5494 2607 5566 ἀνθρώπου
2644 5493 2854 5547 ἐκείνου
2886 5492 3192 5561 ἐφείσαντο,
3215 5492 3266 5543 εί
3305 5487 3382 5560 μὴ
3411 5487 3522 5540 θεία
3538 5482 3706 5549 δύναμις
3756 5492 3757 5525 1

2177 5586 2330 5662 οῆνὴ
2389 5588 2737 5662 συντηροῦσα
2775 5590 2976 5643 αὐτόν’
3012 5590 3061 5641 οἱ
3112 5587 3372 5657 δαίμονες

2199 5683 2368 5748 ὄντες,
2426 5680 2737 5750 κατέκοψαν
2770 5680 2835 5734 ἂν
2883 5681 3032 5751 ἡμᾶς
3066 5678 3359 5773 αὐθωρξν,Δ
3386 5676 3434 5728 εί
3469 5672 3537 5773 μί]
3570 5663 3706 5773 (illis;

2204 5778 2488 5847 συνετήρει
2547 5778 2715 5846 ἡμᾶς.
2756 5772 3012 5827 Μάνθανε
3049 5772 3102 5825 δὲ
3136 5773 3213 5825 ὅτι
3249 5770 3373 5824 οὐδὲ
3405 5764 3535 5820 κατά
3562 5774 3707 5863 χῖξεξων
3756 5822 3757 5863 1

2202 5869 2399 5939 ἔχωσιν
2450 5868 2696 5933 ἐξουσίαν
2752 5867 2799 5919 οἱ
2855 5864 3131 5935 δαίμονες,
3177 5864 3270 5916 καὶ
3332 5857 3502 5928 πολλῷ
3556 5847 3705 5922 μᾶλλον
