  <div class='ocr_page' id='page_1' title='image "/cluster/home/n/w/nwhite01/storage/ocr_20150623/123/hvd.32044019208198/278.png"; bbox 0 0 3968 6460; ppageno 0'>
   <div class='ocr_carea' id='block_1_1' title="bbox 162 372 2702 485">
    <p class='ocr_par' dir='ltr' id='par_1_1' title="bbox 162 372 2702 485">
     <span class='ocr_line' id='line_1_1' title="bbox 162 372 2702 485; baseline -0.008 -1"><span class='ocrx_word' id='word_1_1' title='bbox 162 415 261 485; x_wconf 73' lang='lat' dir='ltr'><strong>5t:</strong></span> <span class='ocrx_word' id='word_1_2' title='bbox 664 462 673 466; x_wconf 80' lang='lat'><strong>-</strong></span> <span class='ocrx_word' id='word_1_3' title='bbox 921 413 1359 478; x_wconf 76' lang='lat' dir='ltr'><strong>ENARRATIO</strong></span> <span class='ocrx_word' id='word_1_4' title='bbox 1395 411 1477 473; x_wconf 85' lang='lat' dir='ltr'><strong>IN</strong></span> <span class='ocrx_word' id='word_1_5' title='bbox 1517 406 2024 473; x_wconf 75' lang='lat' dir='ltr'><strong>EVANGELIUM</strong></span> <span class='ocrx_word' id='word_1_6' title='bbox 2065 405 2409 468; x_wconf 79' lang='lat' dir='ltr'><strong>MARCI.-</strong></span> <span class='ocrx_word' id='word_1_7' title='bbox 2443 372 2602 464; x_wconf 66' lang='lat' dir='ltr'><strong>CAP.</strong></span> <span class='ocrx_word' id='word_1_8' title='bbox 2633 401 2702 463; x_wconf 90' lang='lat' dir='ltr'><strong>v.</strong></span> 
     </span>
    </p>
   </div>
   <div class='ocr_carea' id='block_1_2' title="bbox 3307 385 3416 454">
    <p class='ocr_par' dir='ltr' id='par_1_2' title="bbox 3307 385 3416 454">
     <span class='ocr_line' id='line_1_2' title="bbox 3307 385 3416 454; baseline -0.028 0"><span class='ocrx_word' id='word_1_9' title='bbox 3307 385 3416 454; x_wconf 61' lang='lat'><strong>552</strong></span> 
     </span>
    </p>
   </div>
   <div class='ocr_carea' id='block_1_3' title="bbox 166 500 1753 608">
    <p class='ocr_par' dir='ltr' id='par_1_3' title="bbox 166 520 1747 608">
     <span class='ocr_line' id='line_1_3' title="bbox 166 520 1747 608; baseline -0.007 -22"><span class='ocrx_word' id='word_1_10' title='bbox 166 533 308 587; x_wconf 80' lang='grc' dir='ltr'><strong>κατὰ</strong></span> <span class='ocrx_word' id='word_1_11' title='bbox 332 523 673 608; x_wconf 68' lang='grc' dir='ltr'><strong>ἀνθρώπων,</strong></span> <span class='ocrx_word' id='word_1_12' title='bbox 701 535 752 589; x_wconf 78' lang='grc' dir='ltr'><strong>εἰ</strong></span> <span class='ocrx_word' id='word_1_13' title='bbox 786 533 860 606; x_wconf 86' lang='grc' dir='ltr'><strong>μὴ</strong></span> <span class='ocrx_word' id='word_1_14' title='bbox 887 520 1231 602; x_wconf 78' lang='grc' dir='ltr'><strong>συγχωρήσει</strong></span> <span class='ocrx_word' id='word_1_15' title='bbox 1256 528 1284 580; x_wconf 90' lang='grc' dir='ltr'><strong>ὁ</strong></span> <span class='ocrx_word' id='word_1_16' title='bbox 1333 522 1498 589; x_wconf 79' lang='grc' dir='ltr'><strong>Θεόςο</strong></span> <span class='ocrx_word' id='word_1_17' title='bbox 1531 523 1643 579; x_wconf 81' lang='grc' dir='ltr'><strong>νόει</strong></span> <span class='ocrx_word' id='word_1_18' title='bbox 1690 520 1747 575; x_wconf 77' lang='grc' dir='ltr'><strong>δὲ</strong></span> 
     </span>
    </p>
   </div>
   <div class='ocr_carea' id='block_1_4' title="bbox 1859 500 3422 608">
    <p class='ocr_par' dir='ltr' id='par_1_4' title="bbox 1859 500 3422 580">
     <span class='ocr_line' id='line_1_4' title="bbox 1859 500 3422 580; baseline -0.013 -7"><span class='ocrx_word' id='word_1_19' title='bbox 1859 519 2075 575; x_wconf 84' lang='lat' dir='ltr'><strong>diuntur</strong></span> <span class='ocrx_word' id='word_1_20' title='bbox 2102 519 2400 580; x_wconf 82' lang='lat' dir='ltr'><strong>daemones,</strong></span> <span class='ocrx_word' id='word_1_21' title='bbox 2437 524 2491 571; x_wconf 90' lang='lat' dir='ltr'><strong>et</strong></span> <span class='ocrx_word' id='word_1_22' title='bbox 2526 512 2749 567; x_wconf 89' lang='lat' dir='ltr'><strong>mittunt</strong></span> <span class='ocrx_word' id='word_1_23' title='bbox 2783 507 2903 563; x_wconf 83' lang='lat' dir='ltr'><strong>illos</strong></span> <span class='ocrx_word' id='word_1_24' title='bbox 2934 501 3200 576; x_wconf 71' lang='grc' dir='ltr'><strong>ι)ηοίμὶιί</strong></span> <span class='ocrx_word' id='word_1_25' title='bbox 3241 500 3422 571; x_wconf 82' lang='lat' dir='ltr'><strong>perdi-</strong></span> 
     </span>
    </p>
   </div>
   <div class='ocr_carea' id='block_1_5' title="bbox 163 612 1745 693">
    <p class='ocr_par' dir='ltr' id='par_1_5' title="bbox 163 612 1745 693">
     <span class='ocr_line' id='line_1_5' title="bbox 163 612 1745 693; baseline -0.008 -16"><span class='ocrx_word' id='word_1_26' title='bbox 163 626 245 677; x_wconf 75' lang='grc' dir='ltr'><strong>ὅτι</strong></span> <span class='ocrx_word' id='word_1_27' title='bbox 298 624 399 678; x_wconf 59' lang='grc' dir='ltr'><strong>καὶ</strong></span> <span class='ocrx_word' id='word_1_28' title='bbox 446 625 527 687; x_wconf 85' lang='grc' dir='ltr'><strong>είς</strong></span> <span class='ocrx_word' id='word_1_29' title='bbox 561 628 691 688; x_wconf 75' lang='grc' dir='ltr'><strong>τοὺς</strong></span> <span class='ocrx_word' id='word_1_30' title='bbox 724 623 865 678; x_wconf 86' lang='grc' dir='ltr'><strong>κατά</strong></span> <span class='ocrx_word' id='word_1_31' title='bbox 892 620 1112 693; x_wconf 76' lang='grc' dir='ltr'><strong>χοίρους</strong></span> <span class='ocrx_word' id='word_1_32' title='bbox 1145 617 1353 681; x_wconf 81' lang='grc' dir='ltr'><strong>ζῶντας</strong></span> <span class='ocrx_word' id='word_1_33' title='bbox 1402 612 1745 685; x_wconf 80' lang='grc' dir='ltr'><strong>ἀνθρώπους,</strong></span> 
     </span>
    </p>
   </div>
   <div class='ocr_carea' id='block_1_6' title="bbox 1858 595 3100 676">
    <p class='ocr_par' dir='ltr' id='par_1_6' title="bbox 1858 595 3100 676">
     <span class='ocr_line' id='line_1_6' title="bbox 1858 595 3100 676; baseline -0.015 -10"><span class='ocrx_word' id='word_1_34' title='bbox 1858 612 2003 666; x_wconf 89' lang='lat' dir='ltr'><strong>tione</strong></span> <span class='ocrx_word' id='word_1_35' title='bbox 2033 611 2085 664; x_wconf 87' lang='lat' dir='ltr'><strong>in</strong></span> <span class='ocrx_word' id='word_1_36' title='bbox 2116 624 2264 664; x_wconf 90' lang='lat' dir='ltr'><strong>mare</strong></span> <span class='ocrx_word' id='word_1_37' title='bbox 2296 605 2461 676; x_wconf 80' lang='lat' dir='ltr'><strong>hujus</strong></span> <span class='ocrx_word' id='word_1_38' title='bbox 2489 604 2634 667; x_wconf 60' lang='lat' dir='ltr'><strong>vita,</strong></span> <span class='ocrx_word' id='word_1_39' title='bbox 2663 606 2721 654; x_wconf 92' lang='lat' dir='ltr'><strong>ut</strong></span> <span class='ocrx_word' id='word_1_40' title='bbox 2751 595 3100 654; x_wconf 69' lang='lat' dir='ltr'><strong>suﬂ‘ocentu-r.</strong></span> 
     </span>
    </p>
   </div>
   <div class='ocr_carea' id='block_1_7' title="bbox 171 681 3424 791">
    <p class='ocr_par' dir='ltr' id='par_1_7' title="bbox 171 681 3424 791">
     <span class='ocr_line' id='line_1_7' title="bbox 171 681 3424 791; baseline -0.013 -14"><span class='ocrx_word' id='word_1_41' title='bbox 171 720 264 772; x_wconf 66' lang='grc' dir='ltr'><strong>καὶ</strong></span> <span class='ocrx_word' id='word_1_42' title='bbox 286 716 363 788; x_wconf 78' lang='grc' dir='ltr'><strong>τῷ</strong></span> <span class='ocrx_word' id='word_1_43' title='bbox 399 681 652 791; x_wconf 76' lang='grc' dir='ltr'><strong>βορϐόρῳ</strong></span> <span class='ocrx_word' id='word_1_44' title='bbox 669 681 778 789; x_wconf 59' lang='grc' dir='ltr'><strong>τῆς</strong></span> <span class='ocrx_word' id='word_1_45' title='bbox 1038 681 1479 782; x_wconf 73' lang='grc' dir='ltr'><strong>ἐγκυλιομὲνους,</strong></span> <span class='ocrx_word' id='word_1_46' title='bbox 1508 681 1519 685; x_wconf 30' lang='grc'>⁷</span> <span class='ocrx_word' id='word_1_47' title='bbox 1554 708 1638 770; x_wconf 78' lang='grc' dir='ltr'><strong>είς</strong></span> <span class='ocrx_word' id='word_1_48' title='bbox 1694 704 1921 769; x_wconf 75' lang='grc' dir='ltr'><strong>τούτους</strong></span> <span class='ocrx_word' id='word_1_49' title='bbox 1968 705 2308 776; x_wconf 76' lang='grc' dir='ltr'>εἰσέρχονται</span> <span class='ocrx_word' id='word_1_50' title='bbox 2344 700 2395 754; x_wconf 78' lang='lat' dir='ltr'><strong>oi</strong></span> <span class='ocrx_word' id='word_1_51' title='bbox 2441 696 2721 765; x_wconf 86' lang='grc' dir='ltr'><strong>δαίμονες,</strong></span> <span class='ocrx_word' id='word_1_52' title='bbox 2750 691 2844 747; x_wconf 73' lang='grc' dir='ltr'><strong>καὶ</strong></span> <span class='ocrx_word' id='word_1_53' title='bbox 2906 689 3191 762; x_wconf 78' lang='grc' dir='ltr'><strong>ῥίπτουσιν</strong></span> <span class='ocrx_word' id='word_1_54' title='bbox 3223 681 3424 747; x_wconf 74' lang='grc' dir='ltr'><strong>αὐτοὺς</strong></span> 
     </span>
    </p>
   </div>
   <div class='ocr_carea' id='block_1_8' title="bbox 175 790 2748 880">
    <p class='ocr_par' dir='ltr' id='par_1_8' title="bbox 175 790 2748 880">
     <span class='ocr_line' id='line_1_8' title="bbox 175 790 2748 880; baseline -0.008 -17"><span class='ocrx_word' id='word_1_55' title='bbox 175 808 311 863; x_wconf 74' lang='grc' dir='ltr'><strong>χιιτά</strong></span> <span class='ocrx_word' id='word_1_56' title='bbox 338 807 433 863; x_wconf 87' lang='grc' dir='ltr'><strong>τοῦ</strong></span> <span class='ocrx_word' id='word_1_57' title='bbox 459 790 709 880; x_wconf 81' lang='grc' dir='ltr'><strong>κρημνοῦ</strong></span> <span class='ocrx_word' id='word_1_58' title='bbox 738 811 836 876; x_wconf 85' lang='grc' dir='ltr'><strong>τῆς</strong></span> <span class='ocrx_word' id='word_1_59' title='bbox 866 806 1161 867; x_wconf 73' lang='grc' dir='ltr'><strong>ἀπωλείας,</strong></span> <span class='ocrx_word' id='word_1_60' title='bbox 1201 803 1261 857; x_wconf 89' lang='grc' dir='ltr'><strong>ἐν</strong></span> <span class='ocrx_word' id='word_1_61' title='bbox 1284 802 1349 871; x_wconf 78' lang='grc' dir='ltr'><strong>τῇ</strong></span> <span class='ocrx_word' id='word_1_62' title='bbox 1372 798 1616 869; x_wconf 76' lang='grc' dir='ltr'><strong>θαλάσσῃ</strong></span> <span class='ocrx_word' id='word_1_63' title='bbox 1673 793 1768 849; x_wconf 87' lang='grc' dir='ltr'><strong>τοῦ</strong></span> <span class='ocrx_word' id='word_1_64' title='bbox 1811 793 1929 865; x_wconf 82' lang='grc' dir='ltr'><strong>βίου</strong></span> <span class='ocrx_word' id='word_1_65' title='bbox 1959 798 2173 861; x_wconf 85' lang='grc' dir='ltr'><strong>τούτου,</strong></span> <span class='ocrx_word' id='word_1_66' title='bbox 2211 794 2308 848; x_wconf 70' lang='lat' dir='ltr'><strong>xal.</strong></span> <span class='ocrx_word' id='word_1_67' title='bbox 2336 790 2748 858; x_wconf 74' lang='grc' dir='ltr'><strong>ἀποπνίγονται.</strong></span> 
     </span>
    </p>
   </div>
   <div class='ocr_carea' id='block_1_9' title="bbox 246 882 1746 967">
    <p class='ocr_par' dir='ltr' id='par_1_9' title="bbox 246 882 1746 967">
     <span class='ocr_line' id='line_1_9' title="bbox 246 882 1746 967; baseline -0.009 -18"><span class='ocrx_word' id='word_1_68' title='bbox 246 916 266 949; x_wconf 78' lang='grc' dir='ltr'><strong>ι</strong></span> <span class='ocrx_word' id='word_1_69' title='bbox 302 896 416 951; x_wconf 76' lang='grc' dir='ltr'><strong>Καὶ</strong></span> <span class='ocrx_word' id='word_1_70' title='bbox 449 897 675 967; x_wconf 80' lang='grc' dir='ltr'><strong>ἐξῆλθον</strong></span> <span class='ocrx_word' id='word_1_71' title='bbox 719 898 847 951; x_wconf 75' lang='grc' dir='ltr'><strong>ἰδεῖν</strong></span> <span class='ocrx_word' id='word_1_72' title='bbox 872 896 923 949; x_wconf 86' lang='grc' dir='ltr'><strong>τί</strong></span> <span class='ocrx_word' id='word_1_73' title='bbox 955 897 1071 947; x_wconf 83' lang='grc' dir='ltr'><strong>ἐστι</strong></span> <span class='ocrx_word' id='word_1_74' title='bbox 1107 893 1170 946; x_wconf 81' lang='grc' dir='ltr'><strong>τὸ</strong></span> <span class='ocrx_word' id='word_1_75' title='bbox 1224 890 1470 961; x_wconf 86' lang='grc' dir='ltr'><strong>γεγονός.</strong></span> <span class='ocrx_word' id='word_1_76' title='bbox 1513 884 1621 939; x_wconf 70' lang='grc' dir='ltr'><strong>Καὶ</strong></span> <span class='ocrx_word' id='word_1_77' title='bbox 1656 882 1746 954; x_wconf 70' lang='lat' dir='ltr'><strong>Ep-</strong></span> 
     </span>
    </p>
   </div>
   <div class='ocr_carea' id='block_1_10' title="bbox 180 978 1744 1062">
    <p class='ocr_par' dir='ltr' id='par_1_10' title="bbox 180 978 1744 1062">
     <span class='ocr_line' id='line_1_10' title="bbox 180 978 1744 1062; baseline -0.01 -19"><span class='ocrx_word' id='word_1_78' title='bbox 180 984 356 1062; x_wconf 83' lang='grc' dir='ltr'><strong>χονται</strong></span> <span class='ocrx_word' id='word_1_79' title='bbox 389 987 523 1061; x_wconf 76' lang='grc' dir='ltr'><strong>πρὸς</strong></span> <span class='ocrx_word' id='word_1_80' title='bbox 576 988 670 1042; x_wconf 77' lang='grc' dir='ltr'><strong>τὸν</strong></span> <span class='ocrx_word' id='word_1_81' title='bbox 713 986 943 1059; x_wconf 84' lang='grc' dir='ltr'><strong>Ἰησοῦν,</strong></span> <span class='ocrx_word' id='word_1_82' title='bbox 977 985 1073 1039; x_wconf 74' lang='grc' dir='ltr'><strong>καὶ</strong></span> <span class='ocrx_word' id='word_1_83' title='bbox 1108 982 1380 1053; x_wconf 79' lang='grc' dir='ltr'><strong>θεωροῦσι</strong></span> <span class='ocrx_word' id='word_1_84' title='bbox 1423 979 1516 1033; x_wconf 63' lang='grc' dir='ltr'><strong>τὶν</strong></span> <span class='ocrx_word' id='word_1_85' title='bbox 1547 978 1744 1047; x_wconf 85' lang='grc' dir='ltr'><strong>δαιμο-</strong></span> 
     </span>
    </p>
   </div>
   <div class='ocr_carea' id='block_1_11' title="bbox 184 1073 1746 1152">
    <p class='ocr_par' dir='ltr' id='par_1_11' title="bbox 184 1073 1746 1152">
     <span class='ocr_line' id='line_1_11' title="bbox 184 1073 1746 1152; baseline -0.01 -16"><span class='ocrx_word' id='word_1_86' title='bbox 184 1083 453 1152; x_wconf 68' lang='grc' dir='ltr'><strong>νιζόμενον</strong></span> <span class='ocrx_word' id='word_1_87' title='bbox 484 1080 821 1151; x_wconf 78' lang='grc' dir='ltr'><strong>καθήμενον,</strong></span> <span class='ocrx_word' id='word_1_88' title='bbox 865 1079 957 1132; x_wconf 74' lang='grc' dir='ltr'><strong>καὶ</strong></span> <span class='ocrx_word' id='word_1_89' title='bbox 982 1077 1340 1147; x_wconf 79' lang='grc' dir='ltr'><strong>ἱματισμένον</strong></span> <span class='ocrx_word' id='word_1_90' title='bbox 1382 1073 1471 1126; x_wconf 65' lang='grc' dir='ltr'><strong>καὶ</strong></span> <span class='ocrx_word' id='word_1_91' title='bbox 1526 1084 1746 1139; x_wconf 72' lang='grc' dir='ltr'><strong>σωφρο-</strong></span> 
     </span>
    </p>
   </div>
   <div class='ocr_carea' id='block_1_12' title="bbox 181 1162 1742 1243">
    <p class='ocr_par' dir='ltr' id='par_1_12' title="bbox 181 1162 1742 1243">
     <span class='ocr_line' id='line_1_12' title="bbox 181 1162 1742 1243; baseline -0.008 -15"><span class='ocrx_word' id='word_1_92' title='bbox 181 1174 393 1243; x_wconf 79' lang='grc' dir='ltr'><strong>νοῦντα,</strong></span> <span class='ocrx_word' id='word_1_93' title='bbox 421 1170 513 1227; x_wconf 75' lang='grc' dir='ltr'><strong>τὸν</strong></span> <span class='ocrx_word' id='word_1_94' title='bbox 539 1172 814 1242; x_wconf 76' lang='grc' dir='ltr'><strong>ἐσχηκότα</strong></span> <span class='ocrx_word' id='word_1_95' title='bbox 833 1171 925 1223; x_wconf 80' lang='grc' dir='ltr'><strong>τδν</strong></span> <span class='ocrx_word' id='word_1_96' title='bbox 947 1167 1210 1238; x_wconf 86' lang='grc' dir='ltr'><strong>λεγεῶνα,</strong></span> <span class='ocrx_word' id='word_1_97' title='bbox 1231 1166 1327 1219; x_wconf 74' lang='grc' dir='ltr'><strong>καὶ</strong></span> <span class='ocrx_word' id='word_1_98' title='bbox 1376 1162 1742 1234; x_wconf 73' lang='grc' dir='ltr'><strong>ἐφοϐήθησαν.</strong></span> 
     </span>
    </p>
   </div>
   <div class='ocr_carea' id='block_1_13' title="bbox 175 1250 1744 1336">
    <p class='ocr_par' dir='ltr' id='par_1_13' title="bbox 175 1250 1744 1336">
     <span class='ocr_line' id='line_1_13' title="bbox 175 1250 1744 1336; baseline -0.01 -17"><span class='ocrx_word' id='word_1_99' title='bbox 175 1265 511 1336; x_wconf 79' lang='grc' dir='ltr'><strong>Διηγήσαντο</strong></span> <span class='ocrx_word' id='word_1_100' title='bbox 559 1262 620 1318; x_wconf 82' lang='grc' dir='ltr'><strong>δὲ</strong></span> <span class='ocrx_word' id='word_1_101' title='bbox 664 1263 847 1325; x_wconf 82' lang='grc' dir='ltr'><strong>αὐτοῖς</strong></span> <span class='ocrx_word' id='word_1_102' title='bbox 872 1262 921 1315; x_wconf 76' lang='lat' dir='ltr'><strong>oi</strong></span> <span class='ocrx_word' id='word_1_103' title='bbox 974 1260 1194 1323; x_wconf 89' lang='grc' dir='ltr'><strong>ίδόντες,</strong></span> <span class='ocrx_word' id='word_1_104' title='bbox 1231 1256 1348 1319; x_wconf 81' lang='grc' dir='ltr'><strong>πῶς</strong></span> <span class='ocrx_word' id='word_1_105' title='bbox 1403 1254 1622 1322; x_wconf 78' lang='grc' dir='ltr'><strong>ἐγένετο</strong></span> <span class='ocrx_word' id='word_1_106' title='bbox 1665 1250 1744 1321; x_wconf 86' lang='grc' dir='ltr'><strong>τῷ</strong></span> 
     </span>
    </p>
   </div>
   <div class='ocr_carea' id='block_1_14' title="bbox 174 1345 1749 1429">
    <p class='ocr_par' dir='ltr' id='par_1_14' title="bbox 174 1345 1749 1429">
     <span class='ocr_line' id='line_1_14' title="bbox 174 1345 1749 1429; baseline -0.01 -17"><span class='ocrx_word' id='word_1_107' title='bbox 174 1356 624 1429; x_wconf 74' lang='grc' dir='ltr'><strong>δαιμονιζομένῳ,</strong></span> <span class='ocrx_word' id='word_1_108' title='bbox 658 1356 755 1409; x_wconf 76' lang='grc' dir='ltr'><strong>καὶ</strong></span> <span class='ocrx_word' id='word_1_109' title='bbox 791 1354 920 1425; x_wconf 79' lang='grc' dir='ltr'><strong>περὶ</strong></span> <span class='ocrx_word' id='word_1_110' title='bbox 949 1351 1058 1406; x_wconf 81' lang='grc' dir='ltr'><strong>τῶν</strong></span> <span class='ocrx_word' id='word_1_111' title='bbox 1101 1350 1333 1422; x_wconf 77' lang='grc' dir='ltr'><strong>χοίρωνο</strong></span> <span class='ocrx_word' id='word_1_112' title='bbox 1392 1349 1488 1402; x_wconf 75' lang='grc' dir='ltr'><strong>καὶ</strong></span> <span class='ocrx_word' id='word_1_113' title='bbox 1514 1345 1749 1417; x_wconf 74' lang='grc' dir='ltr'><strong>ἤρξαντο</strong></span> 
     </span>
    </p>
   </div>
   <div class='ocr_carea' id='block_1_15' title="bbox 176 1433 1742 1520">
    <p class='ocr_par' dir='ltr' id='par_1_15' title="bbox 176 1433 1742 1520">
     <span class='ocr_line' id='line_1_15' title="bbox 176 1433 1742 1520; baseline -0.01 -17"><span class='ocrx_word' id='word_1_114' title='bbox 176 1447 521 1520; x_wconf 72' lang='grc' dir='ltr'><strong>παρακαλεῖν</strong></span> <span class='ocrx_word' id='word_1_115' title='bbox 566 1447 732 1502; x_wconf 77' lang='grc' dir='ltr'><strong>αὑτὸν</strong></span> <span class='ocrx_word' id='word_1_116' title='bbox 784 1443 1040 1499; x_wconf 82' lang='grc' dir='ltr'><strong>ἀπελθεῖν</strong></span> <span class='ocrx_word' id='word_1_117' title='bbox 1062 1441 1170 1497; x_wconf 81' lang='grc' dir='ltr'><strong>ἀπὸ</strong></span> <span class='ocrx_word' id='word_1_118' title='bbox 1199 1440 1310 1494; x_wconf 79' lang='grc' dir='ltr'><strong>τῶν</strong></span> <span class='ocrx_word' id='word_1_119' title='bbox 1338 1438 1503 1507; x_wconf 82' lang='grc' dir='ltr'><strong>ὁρίων</strong></span> <span class='ocrx_word' id='word_1_120' title='bbox 1535 1433 1742 1490; x_wconf 78' lang='grc' dir='ltr'><strong>αὐτῶν.</strong></span> 
     </span>
    </p>
   </div>
   <div class='ocr_carea' id='block_1_16' title="bbox 176 1522 1750 1607">
    <p class='ocr_par' dir='ltr' id='par_1_16' title="bbox 176 1522 1750 1607">
     <span class='ocr_line' id='line_1_16' title="bbox 176 1522 1750 1607; baseline -0.012 -13"><span class='ocrx_word' id='word_1_121' title='bbox 176 1540 283 1593; x_wconf 71' lang='grc' dir='ltr'><strong>Καὶ</strong></span> <span class='ocrx_word' id='word_1_122' title='bbox 327 1536 596 1607; x_wconf 83' lang='grc' dir='ltr'><strong>ἐμϐάντος</strong></span> <span class='ocrx_word' id='word_1_123' title='bbox 626 1533 793 1597; x_wconf 81' lang='grc' dir='ltr'><strong>αὑτοῦ</strong></span> <span class='ocrx_word' id='word_1_124' title='bbox 827 1535 908 1596; x_wconf 86' lang='grc' dir='ltr'><strong>είς</strong></span> <span class='ocrx_word' id='word_1_125' title='bbox 937 1532 1000 1585; x_wconf 75' lang='grc' dir='ltr'><strong>τὸ</strong></span> <span class='ocrx_word' id='word_1_126' title='bbox 1024 1530 1232 1595; x_wconf 82' lang='grc' dir='ltr'><strong>πλοῖον,</strong></span> <span class='ocrx_word' id='word_1_127' title='bbox 1265 1526 1566 1598; x_wconf 77' lang='grc' dir='ltr'><strong>παρεκάλει</strong></span> <span class='ocrx_word' id='word_1_128' title='bbox 1585 1522 1750 1579; x_wconf 84' lang='grc' dir='ltr'><strong>αύτδν</strong></span> 
     </span>
    </p>
   </div>
   <div class='ocr_carea' id='block_1_17' title="bbox 169 1614 1752 1697">
    <p class='ocr_par' dir='ltr' id='par_1_17' title="bbox 169 1614 1752 1697">
     <span class='ocr_line' id='line_1_17' title="bbox 169 1614 1752 1697; baseline -0.009 -16"><span class='ocrx_word' id='word_1_129' title='bbox 169 1632 197 1682; x_wconf 89' lang='grc' dir='ltr'><strong>ὁ</strong></span> <span class='ocrx_word' id='word_1_130' title='bbox 225 1624 616 1697; x_wconf 76' lang='grc' dir='ltr'><strong>δαιμονισθεὶς,</strong></span> <span class='ocrx_word' id='word_1_131' title='bbox 671 1622 759 1675; x_wconf 87' lang='grc' dir='ltr'><strong>ἵνα</strong></span> <span class='ocrx_word' id='word_1_132' title='bbox 858 1622 976 1693; x_wconf 86' lang='grc' dir='ltr'><strong>μετ’</strong></span> <span class='ocrx_word' id='word_1_133' title='bbox 1016 1619 1181 1674; x_wconf 81' lang='grc' dir='ltr'><strong>αὐτοῦ</strong></span> <span class='ocrx_word' id='word_1_134' title='bbox 1202 1635 1217 1650; x_wconf 75' lang='grc'><strong><em>⁸</em></strong></span> <span class='ocrx_word' id='word_1_135' title='bbox 1259 1621 1287 1672; x_wconf 94' lang='grc' dir='ltr'><strong>ὁ</strong></span> <span class='ocrx_word' id='word_1_136' title='bbox 1315 1618 1372 1671; x_wconf 79' lang='grc' dir='ltr'><strong>δὲ</strong></span> <span class='ocrx_word' id='word_1_137' title='bbox 1417 1615 1623 1687; x_wconf 85' lang='grc' dir='ltr'><strong>Ἰησοῦς</strong></span> <span class='ocrx_word' id='word_1_138' title='bbox 1651 1614 1752 1693; x_wconf 72' lang='grc' dir='ltr'><strong>οὐκ</strong></span> 
     </span>
    </p>
   </div>
   <div class='ocr_carea' id='block_1_18' title="bbox 170 1686 1750 1785">
    <p class='ocr_par' dir='ltr' id='par_1_18' title="bbox 170 1686 1750 1785">
     <span class='ocr_line' id='line_1_18' title="bbox 170 1686 1750 1785; baseline -0.009 -14"><span class='ocrx_word' id='word_1_139' title='bbox 170 1686 386 1785; x_wconf 59' lang='grc' dir='ltr'><strong>ἀφῆκεν</strong></span> <span class='ocrx_word' id='word_1_140' title='bbox 427 1686 611 1782; x_wconf 67' lang='grc' dir='ltr'><strong>αὑτὸν,</strong></span> <span class='ocrx_word' id='word_1_141' title='bbox 663 1686 824 1769; x_wconf 41' lang='grc' dir='ltr'><strong>ἀλλὰ..</strong></span> <span class='ocrx_word' id='word_1_142' title='bbox 841 1686 990 1780; x_wconf 77' lang='grc' dir='ltr'><strong>λέγει</strong></span> <span class='ocrx_word' id='word_1_143' title='bbox 1029 1710 1212 1783; x_wconf 73' lang='grc' dir='ltr'><strong>αὐτῷ·</strong></span> <span class='ocrx_word' id='word_1_144' title='bbox 1249 1686 1489 1777; x_wconf 82' lang='grc' dir='ltr'><strong>’Ύπαγε</strong></span> <span class='ocrx_word' id='word_1_145' title='bbox 1522 1708 1611 1770; x_wconf 78' lang='grc' dir='ltr'><strong>είς,</strong></span> <span class='ocrx_word' id='word_1_146' title='bbox 1657 1686 1750 1758; x_wconf 76' lang='grc' dir='ltr'><strong>τὸν</strong></span> 
     </span>
    </p>
   </div>
   <div class='ocr_carea' id='block_1_19' title="bbox 170 1799 1748 1875">
    <p class='ocr_par' dir='ltr' id='par_1_19' title="bbox 170 1799 1748 1875">
     <span class='ocr_line' id='line_1_19' title="bbox 170 1799 1748 1875; baseline -0.008 -12"><span class='ocrx_word' id='word_1_147' title='bbox 170 1805 322 1863; x_wconf 81' lang='grc' dir='ltr'><strong>οἶκόν</strong></span> <span class='ocrx_word' id='word_1_148' title='bbox 350 1825 439 1861; x_wconf 82' lang='grc' dir='ltr'><strong>σου</strong></span> <span class='ocrx_word' id='word_1_149' title='bbox 471 1809 608 1875; x_wconf 79' lang='grc' dir='ltr'><strong>πρὸς</strong></span> <span class='ocrx_word' id='word_1_150' title='bbox 638 1807 764 1869; x_wconf 75' lang='grc' dir='ltr'><strong>τοὺς</strong></span> <span class='ocrx_word' id='word_1_151' title='bbox 789 1806 915 1868; x_wconf 81' lang='grc' dir='ltr'><strong>σοὺς</strong></span> <span class='ocrx_word' id='word_1_152' title='bbox 939 1805 1035 1858; x_wconf 75' lang='grc' dir='ltr'><strong>καὶ</strong></span> <span class='ocrx_word' id='word_1_153' title='bbox 1063 1803 1387 1872; x_wconf 87' lang='grc' dir='ltr'><strong>ἀνάγγειλον</strong></span> <span class='ocrx_word' id='word_1_154' title='bbox 1420 1801 1605 1863; x_wconf 72' lang='grc' dir='ltr'><strong>αὐτοῖς</strong></span> <span class='ocrx_word' id='word_1_155' title='bbox 1648 1799 1748 1851; x_wconf 86' lang='grc' dir='ltr'><strong>ὅσα</strong></span> 
     </span>
    </p>
   </div>
   <div class='ocr_carea' id='block_1_20' title="bbox 174 1890 1748 1970">
    <p class='ocr_par' dir='ltr' id='par_1_20' title="bbox 174 1890 1748 1970">
     <span class='ocr_line' id='line_1_20' title="bbox 174 1890 1748 1970; baseline -0.007 -16"><span class='ocrx_word' id='word_1_156' title='bbox 174 1918 258 1954; x_wconf 88' lang='grc' dir='ltr'><strong>σοι</strong></span> <span class='ocrx_word' id='word_1_157' title='bbox 285 1903 317 1954; x_wconf 89' lang='grc' dir='ltr'><strong>ὀ</strong></span> <span class='ocrx_word' id='word_1_158' title='bbox 351 1898 551 1970; x_wconf 84' lang='grc' dir='ltr'><strong>Κύριος</strong></span> <span class='ocrx_word' id='word_1_159' title='bbox 586 1897 877 1967; x_wconf 82' lang='grc' dir='ltr'><strong>πεποίηκε,</strong></span> <span class='ocrx_word' id='word_1_160' title='bbox 913 1898 1009 1950; x_wconf 73' lang='grc' dir='ltr'><strong>καὶ</strong></span> <span class='ocrx_word' id='word_1_161' title='bbox 1033 1895 1233 1966; x_wconf 69' lang='grc' dir='ltr'><strong>ἠλέησέ</strong></span> <span class='ocrx_word' id='word_1_162' title='bbox 1264 1912 1345 1950; x_wconf 90' lang='grc' dir='ltr'><strong>σε.</strong></span> <span class='ocrx_word' id='word_1_163' title='bbox 1383 1894 1495 1949; x_wconf 77' lang='lat' dir='ltr'><strong>Kal.</strong></span> <span class='ocrx_word' id='word_1_164' title='bbox 1515 1890 1748 1962; x_wconf 79' lang='grc' dir='ltr'><strong>ἀπῆλθε,</strong></span> 
     </span>
    </p>
   </div>
   <div class='ocr_carea' id='block_1_21' title="bbox 175 1984 1752 2062">
    <p class='ocr_par' dir='ltr' id='par_1_21' title="bbox 175 1984 1752 2062">
     <span class='ocr_line' id='line_1_21' title="bbox 175 1984 1752 2062; baseline -0.007 -16"><span class='ocrx_word' id='word_1_165' title='bbox 175 1992 271 2046; x_wconf 72' lang='grc' dir='ltr'><strong>καὶ</strong></span> <span class='ocrx_word' id='word_1_166' title='bbox 299 1991 505 2062; x_wconf 64' lang='grc' dir='ltr'><strong>ἤρξατο</strong></span> <span class='ocrx_word' id='word_1_167' title='bbox 529 1989 827 2060; x_wconf 83' lang='grc' dir='ltr'><strong>κηρύσσειν</strong></span> <span class='ocrx_word' id='word_1_168' title='bbox 856 1990 914 2041; x_wconf 88' lang='grc' dir='ltr'><strong>ἐν</strong></span> <span class='ocrx_word' id='word_1_169' title='bbox 942 1990 1007 2056; x_wconf 79' lang='grc' dir='ltr'><strong>τῇ</strong></span> <span class='ocrx_word' id='word_1_170' title='bbox 1031 1986 1352 2050; x_wconf 85' lang='grc' dir='ltr'><strong>Δεκαπόλει,</strong></span> <span class='ocrx_word' id='word_1_171' title='bbox 1373 1987 1474 2039; x_wconf 81' lang='grc' dir='ltr'><strong>ὅσα</strong></span> <span class='ocrx_word' id='word_1_172' title='bbox 1494 1984 1752 2055; x_wconf 79' lang='grc' dir='ltr'><strong>ἐποίησεν</strong></span> 
     </span>
    </p>
   </div>
   <div class='ocr_carea' id='block_1_22' title="bbox 176 2075 1752 2153">
    <p class='ocr_par' dir='ltr' id='par_1_22' title="bbox 176 2075 1752 2153">
     <span class='ocr_line' id='line_1_22' title="bbox 176 2075 1752 2153; baseline -0.002 -18"><span class='ocrx_word' id='word_1_173' title='bbox 176 2082 330 2153; x_wconf 83' lang='grc' dir='ltr'><strong>αύτῷ</strong></span> <span class='ocrx_word' id='word_1_174' title='bbox 361 2083 389 2134; x_wconf 89' lang='grc' dir='ltr'><strong>ὁ</strong></span> <span class='ocrx_word' id='word_1_175' title='bbox 426 2080 658 2152; x_wconf 86' lang='grc' dir='ltr'><strong>Ἰησοῦς,</strong></span> <span class='ocrx_word' id='word_1_176' title='bbox 687 2081 782 2134; x_wconf 80' lang='grc' dir='ltr'><strong>καὶ</strong></span> <span class='ocrx_word' id='word_1_177' title='bbox 831 2085 1032 2145; x_wconf 87' lang='grc' dir='ltr'><strong>πάντες</strong></span> <span class='ocrx_word' id='word_1_178' title='bbox 1067 2079 1398 2150; x_wconf 77' lang='grc' dir='ltr'><strong>ἐθαύμαζον.</strong></span> <span class='ocrx_word' id='word_1_179' title='bbox 1440 2096 1458 2130; x_wconf 77' lang='grc' dir='ltr'><strong>ι</strong></span> <span class='ocrx_word' id='word_1_180' title='bbox 1501 2075 1752 2148; x_wconf 81' lang='grc' dir='ltr'><strong>Ἐξῆλθον</strong></span> 
     </span>
    </p>
   </div>
   <div class='ocr_carea' id='block_1_23' title="bbox 181 2169 1747 2247">
    <p class='ocr_par' dir='ltr' id='par_1_23' title="bbox 181 2169 1747 2247">
     <span class='ocr_line' id='line_1_23' title="bbox 181 2169 1747 2247; baseline -0.005 -18"><span class='ocrx_word' id='word_1_181' title='bbox 181 2177 279 2247; x_wconf 66' lang='grc' dir='ltr'><strong>μὲν</strong></span> <span class='ocrx_word' id='word_1_182' title='bbox 305 2177 357 2229; x_wconf 77' lang='grc' dir='ltr'><strong>οἱ</strong></span> <span class='ocrx_word' id='word_1_183' title='bbox 387 2175 481 2245; x_wconf 78' lang='grc' dir='ltr'><strong>τῆς</strong></span> <span class='ocrx_word' id='word_1_184' title='bbox 504 2175 713 2238; x_wconf 85' lang='grc' dir='ltr'><strong>πόλεως</strong></span> <span class='ocrx_word' id='word_1_185' title='bbox 735 2174 949 2245; x_wconf 79' lang='grc' dir='ltr'><strong>ἐκείνης</strong></span> <span class='ocrx_word' id='word_1_186' title='bbox 981 2174 1119 2242; x_wconf 78' lang='grc' dir='ltr'><strong>πρὸς</strong></span> <span class='ocrx_word' id='word_1_187' title='bbox 1139 2173 1232 2227; x_wconf 77' lang='grc' dir='ltr'><strong>τὸν</strong></span> <span class='ocrx_word' id='word_1_188' title='bbox 1271 2170 1503 2242; x_wconf 80' lang='grc' dir='ltr'><strong>Ἰησοῦν,</strong></span> <span class='ocrx_word' id='word_1_189' title='bbox 1535 2169 1747 2223; x_wconf 83' lang='grc' dir='ltr'><strong>ἐκπλα-</strong></span> 
     </span>
    </p>
   </div>
   <div class='ocr_carea' id='block_1_24' title="bbox 179 2264 1748 2340">
    <p class='ocr_par' dir='ltr' id='par_1_24' title="bbox 179 2264 1748 2340">
     <span class='ocr_line' id='line_1_24' title="bbox 179 2264 1748 2340; baseline -0.005 -15"><span class='ocrx_word' id='word_1_190' title='bbox 179 2270 369 2340; x_wconf 80' lang='grc' dir='ltr'><strong>γέντες</strong></span> <span class='ocrx_word' id='word_1_191' title='bbox 395 2269 454 2324; x_wconf 82' lang='grc' dir='ltr'><strong>τὺ</strong></span> <span class='ocrx_word' id='word_1_192' title='bbox 486 2269 674 2339; x_wconf 89' lang='grc' dir='ltr'><strong>θαῦμα</strong></span> <span class='ocrx_word' id='word_1_193' title='bbox 696 2286 710 2299; x_wconf 73' lang='grc' dir='ltr'><strong>ο</strong></span> <span class='ocrx_word' id='word_1_194' title='bbox 737 2268 1068 2333; x_wconf 86' lang='grc' dir='ltr'><strong>ἀκούσαντες</strong></span> <span class='ocrx_word' id='word_1_195' title='bbox 1091 2268 1168 2332; x_wconf 84' lang='grc' dir='ltr'><strong>δὲ,</strong></span> <span class='ocrx_word' id='word_1_196' title='bbox 1196 2265 1543 2336; x_wconf 78' lang='grc' dir='ltr'><strong>ἐφοϐήθησαν</strong></span> <span class='ocrx_word' id='word_1_197' title='bbox 1565 2264 1748 2318; x_wconf 81' lang='grc' dir='ltr'><strong>πλέον.</strong></span> 
     </span>
    </p>
   </div>
   <div class='ocr_carea' id='block_1_25' title="bbox 181 2357 1753 2434">
    <p class='ocr_par' dir='ltr' id='par_1_25' title="bbox 181 2357 1753 2434">
     <span class='ocr_line' id='line_1_25' title="bbox 181 2357 1753 2434; baseline -0.002 -19"><span class='ocrx_word' id='word_1_198' title='bbox 181 2364 273 2416; x_wconf 78' lang='grc' dir='ltr'><strong>Διδ</strong></span> <span class='ocrx_word' id='word_1_199' title='bbox 304 2364 398 2416; x_wconf 75' lang='grc' dir='ltr'><strong>καὶ</strong></span> <span class='ocrx_word' id='word_1_200' title='bbox 421 2360 800 2434; x_wconf 79' lang='grc' dir='ltr'><strong>παρακαλοῦσι</strong></span> <span class='ocrx_word' id='word_1_201' title='bbox 826 2361 919 2415; x_wconf 66' lang='grc' dir='ltr'><strong>τόν</strong></span> <span class='ocrx_word' id='word_1_202' title='bbox 956 2359 1164 2431; x_wconf 78' lang='grc' dir='ltr'><strong>Ἰησοῦν</strong></span> <span class='ocrx_word' id='word_1_203' title='bbox 1193 2360 1281 2413; x_wconf 75' lang='grc' dir='ltr'><strong>ἵνα</strong></span> <span class='ocrx_word' id='word_1_204' title='bbox 1308 2357 1500 2430; x_wconf 78' lang='grc' dir='ltr'><strong>ἐξέλθῃ</strong></span> <span class='ocrx_word' id='word_1_205' title='bbox 1551 2359 1615 2411; x_wconf 86' lang='grc' dir='ltr'><strong>ἐκ</strong></span> <span class='ocrx_word' id='word_1_206' title='bbox 1645 2357 1753 2412; x_wconf 85' lang='grc' dir='ltr'><strong>τῶν</strong></span> 
     </span>
    </p>
   </div>
   <div class='ocr_carea' id='block_1_26' title="bbox 183 2450 1755 2526">
    <p class='ocr_par' dir='ltr' id='par_1_26' title="bbox 183 2450 1755 2526">
     <span class='ocr_line' id='line_1_26' title="bbox 183 2450 1755 2526; baseline -0.003 -19"><span class='ocrx_word' id='word_1_207' title='bbox 183 2455 348 2526; x_wconf 81' lang='grc' dir='ltr'><strong>ὁρίων</strong></span> <span class='ocrx_word' id='word_1_208' title='bbox 380 2453 575 2508; x_wconf 74' lang='grc' dir='ltr'><strong>αὐτῶν.</strong></span> <span class='ocrx_word' id='word_1_209' title='bbox 608 2454 724 2508; x_wconf 84' lang='grc' dir='ltr'><strong>Ἐδε</strong></span> <span class='ocrx_word' id='word_1_210' title='bbox 745 2453 1023 2507; x_wconf 81' lang='grc' dir='ltr'><strong>δοίκεισαν</strong></span> <span class='ocrx_word' id='word_1_211' title='bbox 1061 2452 1170 2523; x_wconf 84' lang='grc' dir='ltr'><strong>γὰρ</strong></span> <span class='ocrx_word' id='word_1_212' title='bbox 1202 2452 1411 2523; x_wconf 88' lang='grc' dir='ltr'><strong>μήποτε</strong></span> <span class='ocrx_word' id='word_1_213' title='bbox 1441 2451 1535 2504; x_wconf 76' lang='grc' dir='ltr'><strong>καὶ</strong></span> <span class='ocrx_word' id='word_1_214' title='bbox 1572 2450 1755 2520; x_wconf 80' lang='grc' dir='ltr'><strong>μεῖζόν</strong></span> 
     </span>
    </p>
   </div>
   <div class='ocr_carea' id='block_1_27' title="bbox 188 2540 1756 2615">
    <p class='ocr_par' dir='ltr' id='par_1_27' title="bbox 188 2540 1756 2615">
     <span class='ocr_line' id='line_1_27' title="bbox 188 2540 1756 2615; baseline -0.003 -16"><span class='ocrx_word' id='word_1_215' title='bbox 188 2565 238 2599; x_wconf 84' lang='grc' dir='ltr'><strong>τι</strong></span> <span class='ocrx_word' id='word_1_216' title='bbox 269 2544 500 2605; x_wconf 85' lang='grc' dir='ltr'><strong>πάθωσι.</strong></span> <span class='ocrx_word' id='word_1_217' title='bbox 536 2544 677 2608; x_wconf 72' lang='grc' dir='ltr'><strong>Τοὺς</strong></span> <span class='ocrx_word' id='word_1_218' title='bbox 710 2545 819 2615; x_wconf 74' lang='grc' dir='ltr'><strong>γὰρ</strong></span> <span class='ocrx_word' id='word_1_219' title='bbox 850 2544 1067 2615; x_wconf 82' lang='grc' dir='ltr'><strong>χοίρους</strong></span> <span class='ocrx_word' id='word_1_220' title='bbox 1109 2543 1499 2605; x_wconf 80' lang='grc' dir='ltr'><strong>ἀπολέσαντες,</strong></span> <span class='ocrx_word' id='word_1_221' title='bbox 1542 2543 1633 2596; x_wconf 76' lang='grc' dir='ltr'><strong>καὶ</strong></span> <span class='ocrx_word' id='word_1_222' title='bbox 1660 2540 1756 2593; x_wconf 92' lang='grc' dir='ltr'><strong>λυ-</strong></span> 
     </span>
    </p>
   </div>
   <div class='ocr_carea' id='block_1_28' title="bbox 191 2636 1759 2708">
    <p class='ocr_par' dir='ltr' id='par_1_28' title="bbox 191 2636 1759 2708">
     <span class='ocr_line' id='line_1_28' title="bbox 191 2636 1759 2708; baseline -0.003 -18"><span class='ocrx_word' id='word_1_223' title='bbox 191 2638 445 2707; x_wconf 66' lang='grc' dir='ltr'><strong>πηθέντες</strong></span> <span class='ocrx_word' id='word_1_224' title='bbox 469 2638 559 2692; x_wconf 71' lang='grc' dir='ltr'><strong>ἐπὶ</strong></span> <span class='ocrx_word' id='word_1_225' title='bbox 590 2640 654 2707; x_wconf 81' lang='grc' dir='ltr'><strong>τῇ</strong></span> <span class='ocrx_word' id='word_1_226' title='bbox 682 2637 945 2708; x_wconf 75' lang='grc' dir='ltr'><strong>ἀπωλείᾳ,</strong></span> <span class='ocrx_word' id='word_1_227' title='bbox 971 2636 1356 2708; x_wconf 84' lang='grc' dir='ltr'><strong>παραιτοῦνται</strong></span> <span class='ocrx_word' id='word_1_228' title='bbox 1385 2636 1478 2690; x_wconf 71' lang='grc' dir='ltr'><strong>καὶ</strong></span> <span class='ocrx_word' id='word_1_229' title='bbox 1499 2636 1598 2706; x_wconf 85' lang='grc' dir='ltr'><strong>τὴν</strong></span> <span class='ocrx_word' id='word_1_230' title='bbox 1615 2652 1759 2705; x_wconf 84' lang='grc' dir='ltr'><strong>παρ-</strong></span> 
     </span>
    </p>
   </div>
   <div class='ocr_carea' id='block_1_29' title="bbox 190 2727 1758 2799">
    <p class='ocr_par' dir='ltr' id='par_1_29' title="bbox 190 2727 1758 2799">
     <span class='ocr_line' id='line_1_29' title="bbox 190 2727 1758 2799; baseline -0.003 -16"><span class='ocrx_word' id='word_1_231' title='bbox 190 2728 369 2783; x_wconf 71' lang='grc' dir='ltr'><strong>ουσίαν</strong></span> <span class='ocrx_word' id='word_1_232' title='bbox 420 2727 512 2781; x_wconf 89' lang='grc' dir='ltr'><strong>τοῦ</strong></span> <span class='ocrx_word' id='word_1_233' title='bbox 566 2727 772 2799; x_wconf 79' lang='grc' dir='ltr'><strong>Κυρίου</strong></span> <span class='ocrx_word' id='word_1_234' title='bbox 803 2745 818 2760; x_wconf 88' lang='grc'><strong>·</strong></span> <span class='ocrx_word' id='word_1_235' title='bbox 853 2730 882 2782; x_wconf 91' lang='grc' dir='ltr'><strong>ὁ</strong></span> <span class='ocrx_word' id='word_1_236' title='bbox 925 2728 982 2782; x_wconf 74' lang='grc' dir='ltr'><strong>δὲ</strong></span> <span class='ocrx_word' id='word_1_237' title='bbox 1040 2728 1406 2798; x_wconf 76' lang='grc' dir='ltr'><strong>δαιμονισθεὶς</strong></span> <span class='ocrx_word' id='word_1_238' title='bbox 1457 2727 1758 2797; x_wconf 79' lang='grc' dir='ltr'><strong>παρεκάλει</strong></span> 
     </span>
    </p>
   </div>
   <div class='ocr_carea' id='block_1_30' title="bbox 195 2815 1757 2891">
    <p class='ocr_par' dir='ltr' id='par_1_30' title="bbox 195 2815 1757 2891">
     <span class='ocr_line' id='line_1_30' title="bbox 195 2815 1757 2891; baseline 0 -17"><span class='ocrx_word' id='word_1_239' title='bbox 195 2822 369 2886; x_wconf 67' lang='grc' dir='ltr'><strong>αὐτὴν,</strong></span> <span class='ocrx_word' id='word_1_240' title='bbox 399 2821 485 2875; x_wconf 75' lang='grc' dir='ltr'><strong>ἵνα</strong></span> <span class='ocrx_word' id='word_1_241' title='bbox 584 2823 701 2891; x_wconf 84' lang='grc' dir='ltr'><strong>μετ’</strong></span> <span class='ocrx_word' id='word_1_242' title='bbox 723 2818 909 2874; x_wconf 82' lang='grc' dir='ltr'><strong>αὐτοῦ’</strong></span> <span class='ocrx_word' id='word_1_243' title='bbox 940 2820 1190 2890; x_wconf 78' lang='grc' dir='ltr'><strong>ἐφοϐεῖτο</strong></span> <span class='ocrx_word' id='word_1_244' title='bbox 1221 2819 1328 2891; x_wconf 80' lang='grc' dir='ltr'><strong>γὰρ</strong></span> <span class='ocrx_word' id='word_1_245' title='bbox 1354 2821 1564 2891; x_wconf 83' lang='grc' dir='ltr'><strong>μήποτε</strong></span> <span class='ocrx_word' id='word_1_246' title='bbox 1595 2821 1757 2891; x_wconf 84' lang='grc' dir='ltr'><strong>μόνον</strong></span> 
     </span>
    </p>
   </div>
   <div class='ocr_carea' id='block_1_31' title="bbox 196 2911 1756 2983">
    <p class='ocr_par' dir='ltr' id='par_1_31' title="bbox 196 2911 1756 2983">
     <span class='ocr_line' id='line_1_31' title="bbox 196 2911 1756 2983; baseline 0 -18"><span class='ocrx_word' id='word_1_247' title='bbox 196 2914 433 2982; x_wconf 75' lang='grc' dir='ltr'><strong>εὑρόντες</strong></span> <span class='ocrx_word' id='word_1_248' title='bbox 458 2913 617 2967; x_wconf 76' lang='grc' dir='ltr'><strong>αύτδν</strong></span> <span class='ocrx_word' id='word_1_249' title='bbox 643 2913 693 2964; x_wconf 79' lang='grc' dir='ltr'><strong>οἱ</strong></span> <span class='ocrx_word' id='word_1_250' title='bbox 721 2912 995 2983; x_wconf 81' lang='grc' dir='ltr'><strong>δαίμονες,</strong></span> <span class='ocrx_word' id='word_1_251' title='bbox 1027 2913 1191 2967; x_wconf 73' lang='grc' dir='ltr'><strong>πάλιν</strong></span> <span class='ocrx_word' id='word_1_252' title='bbox 1254 2912 1554 2966; x_wconf 76' lang='grc' dir='ltr'><strong>ἐπέλθωσιν</strong></span> <span class='ocrx_word' id='word_1_253' title='bbox 1585 2911 1756 2982; x_wconf 81' lang='grc' dir='ltr'><strong>αὐτῷ.</strong></span> 
     </span>
    </p>
   </div>
   <div class='ocr_carea' id='block_1_32' title="bbox 206 2998 1761 3075">
    <p class='ocr_par' dir='ltr' id='par_1_32' title="bbox 206 2998 1761 3075">
     <span class='ocr_line' id='line_1_32' title="bbox 206 2998 1761 3075; baseline -0.001 -17"><span class='ocrx_word' id='word_1_254' title='bbox 206 3006 261 3058; x_wconf 87' lang='grc'><strong>’0</strong></span> <span class='ocrx_word' id='word_1_255' title='bbox 286 3005 340 3059; x_wconf 81' lang='grc' dir='ltr'><strong>δὲ</strong></span> <span class='ocrx_word' id='word_1_256' title='bbox 363 3006 564 3075; x_wconf 83' lang='grc' dir='ltr'><strong>Κύριος</strong></span> <span class='ocrx_word' id='word_1_257' title='bbox 590 3004 822 3060; x_wconf 76' lang='grc' dir='ltr'><strong>ἀπολύει</strong></span> <span class='ocrx_word' id='word_1_258' title='bbox 843 3004 1007 3058; x_wconf 76' lang='grc' dir='ltr'><strong>αὐτὸν</strong></span> <span class='ocrx_word' id='word_1_259' title='bbox 1023 3006 1098 3068; x_wconf 88' lang='grc' dir='ltr'><strong>είς</strong></span> <span class='ocrx_word' id='word_1_260' title='bbox 1130 3004 1221 3058; x_wconf 82' lang='grc' dir='ltr'><strong>τὸν</strong></span> <span class='ocrx_word' id='word_1_261' title='bbox 1243 2998 1390 3058; x_wconf 77' lang='grc' dir='ltr'><strong>οἷκον</strong></span> <span class='ocrx_word' id='word_1_262' title='bbox 1415 3003 1598 3070; x_wconf 72' lang='grc' dir='ltr'><strong>αὑτοῦ,</strong></span> <span class='ocrx_word' id='word_1_263' title='bbox 1617 3003 1761 3057; x_wconf 85' lang='grc' dir='ltr'><strong>δεικ-</strong></span> 
     </span>
    </p>
   </div>
   <div class='ocr_carea' id='block_1_33' title="bbox 1918 867 3422 950">
    <p class='ocr_par' dir='ltr' id='par_1_33' title="bbox 1918 867 3422 950">
     <span class='ocr_line' id='line_1_33' title="bbox 1918 867 3422 950; baseline -0.014 -9"><span class='ocrx_word' id='word_1_264' title='bbox 1918 885 2084 941; x_wconf 78' lang='lat' dir='ltr'><strong>Vsus.</strong></span> <span class='ocrx_word' id='word_1_265' title='bbox 2120 884 2308 939; x_wconf 72' lang='lat'><strong>15-20.</strong></span> <span class='ocrx_word' id='word_1_266' title='bbox 2346 900 2365 934; x_wconf 78' lang='grc' dir='ltr'><strong>ι</strong></span> <span class='ocrx_word' id='word_1_267' title='bbox 2404 881 2469 936; x_wconf 82' lang='grc' dir='ltr'><strong>Ει</strong></span> <span class='ocrx_word' id='word_1_268' title='bbox 2492 879 2698 950; x_wconf 77' lang='lat' dir='ltr'><strong>egressi</strong></span> <span class='ocrx_word' id='word_1_269' title='bbox 2729 883 2856 932; x_wconf 89' lang='lat' dir='ltr'><strong>sunt</strong></span> <span class='ocrx_word' id='word_1_270' title='bbox 2879 872 2947 927; x_wconf 88' lang='lat' dir='ltr'><strong>ad</strong></span> <span class='ocrx_word' id='word_1_271' title='bbox 2974 869 3266 926; x_wconf 89' lang='lat' dir='ltr'><strong>videndum</strong></span> <span class='ocrx_word' id='word_1_272' title='bbox 3292 867 3422 938; x_wconf 88' lang='lat' dir='ltr'><strong>quid</strong></span> 
     </span>
    </p>
   </div>
   <div class='ocr_carea' id='block_1_34' title="bbox 1845 959 3424 1045">
    <p class='ocr_par' dir='ltr' id='par_1_34' title="bbox 1845 959 3424 1045">
     <span class='ocr_line' id='line_1_34' title="bbox 1845 959 3424 1045; baseline -0.015 -12"><span class='ocrx_word' id='word_1_273' title='bbox 1845 984 1992 1033; x_wconf 90' lang='lat' dir='ltr'><strong>esset</strong></span> <span class='ocrx_word' id='word_1_274' title='bbox 2036 974 2181 1045; x_wconf 80' lang='lat' dir='ltr'><strong>quod</strong></span> <span class='ocrx_word' id='word_1_275' title='bbox 2227 973 2503 1028; x_wconf 84' lang='lat' dir='ltr'><strong>acciderat</strong></span> <span class='ocrx_word' id='word_1_276' title='bbox 2541 987 2556 1023; x_wconf 91' lang='lat'><strong>:</strong></span> <span class='ocrx_word' id='word_1_277' title='bbox 2610 977 2665 1024; x_wconf 91' lang='lat' dir='ltr'><strong>et</strong></span> <span class='ocrx_word' id='word_1_278' title='bbox 2715 965 2942 1021; x_wconf 86' lang='lat' dir='ltr'><strong>veniunt</strong></span> <span class='ocrx_word' id='word_1_279' title='bbox 2991 961 3058 1016; x_wconf 89' lang='lat' dir='ltr'><strong>ad</strong></span> <span class='ocrx_word' id='word_1_280' title='bbox 3104 959 3325 1021; x_wconf 72' lang='lat' dir='ltr'><strong>Iesum,</strong></span> <span class='ocrx_word' id='word_1_281' title='bbox 3368 964 3424 1011; x_wconf 86' lang='lat' dir='ltr'><strong>et</strong></span> 
     </span>
    </p>
   </div>
   <div class='ocr_carea' id='block_1_35' title="bbox 1842 1050 3421 1136">
    <p class='ocr_par' dir='ltr' id='par_1_35' title="bbox 1842 1050 3421 1136">
     <span class='ocr_line' id='line_1_35' title="bbox 1842 1050 3421 1136; baseline -0.016 -10"><span class='ocrx_word' id='word_1_282' title='bbox 1842 1071 2032 1126; x_wconf 85' lang='lat' dir='ltr'><strong>vident</strong></span> <span class='ocrx_word' id='word_1_283' title='bbox 2064 1068 2217 1122; x_wconf 90' lang='lat' dir='ltr'><strong>illum</strong></span> <span class='ocrx_word' id='word_1_284' title='bbox 2249 1064 2343 1136; x_wconf 85' lang='lat' dir='ltr'><strong>qui</strong></span> <span class='ocrx_word' id='word_1_285' title='bbox 2388 1079 2418 1116; x_wconf 91' lang='lat' dir='ltr'><strong>a</strong></span> <span class='ocrx_word' id='word_1_286' title='bbox 2457 1061 2723 1117; x_wconf 68' lang='lat' dir='ltr'><strong>daemonio</strong></span> <span class='ocrx_word' id='word_1_287' title='bbox 2769 1057 3108 1119; x_wconf 75' lang='lat' dir='ltr'><strong>vexabatur,</strong></span> <span class='ocrx_word' id='word_1_288' title='bbox 3143 1050 3421 1105; x_wconf 77' lang='lat' dir='ltr'><strong>sedentem</strong></span> 
     </span>
    </p>
   </div>
   <div class='ocr_carea' id='block_1_36' title="bbox 1843 1141 3418 1219">
    <p class='ocr_par' dir='ltr' id='par_1_36' title="bbox 1843 1141 3418 1219">
     <span class='ocr_line' id='line_1_36' title="bbox 1843 1141 3418 1219; baseline -0.015 -3"><span class='ocrx_word' id='word_1_289' title='bbox 1843 1177 1908 1219; x_wconf 91' lang='lat' dir='ltr'><strong>ac</strong></span> <span class='ocrx_word' id='word_1_290' title='bbox 1926 1160 2183 1216; x_wconf 88' lang='lat' dir='ltr'><strong>vestitum</strong></span> <span class='ocrx_word' id='word_1_291' title='bbox 2232 1166 2287 1212; x_wconf 91' lang='lat' dir='ltr'><strong>et</strong></span> <span class='ocrx_word' id='word_1_292' title='bbox 2314 1169 2460 1212; x_wconf 84' lang='lat' dir='ltr'><strong>sanae</strong></span> <span class='ocrx_word' id='word_1_293' title='bbox 2487 1151 2707 1217; x_wconf 91' lang='lat' dir='ltr'><strong>mentis,</strong></span> <span class='ocrx_word' id='word_1_294' title='bbox 2729 1148 2819 1219; x_wconf 98' lang='lat' dir='ltr'><strong>qui</strong></span> <span class='ocrx_word' id='word_1_295' title='bbox 2843 1146 3108 1203; x_wconf 74' lang='lat' dir='ltr'><strong>habuerat</strong></span> <span class='ocrx_word' id='word_1_296' title='bbox 3129 1141 3418 1214; x_wconf 76' lang='lat' dir='ltr'><strong>legionem,</strong></span> 
     </span>
    </p>
   </div>
   <div class='ocr_carea' id='block_1_37' title="bbox 1842 1232 3407 1310">
    <p class='ocr_par' dir='ltr' id='par_1_37' title="bbox 1842 1232 3407 1310">
     <span class='ocr_line' id='line_1_37' title="bbox 1842 1232 3407 1310; baseline -0.018 0"><span class='ocrx_word' id='word_1_297' title='bbox 1842 1260 1897 1310; x_wconf 88' lang='lat' dir='ltr'><strong>et</strong></span> <span class='ocrx_word' id='word_1_298' title='bbox 1941 1253 2258 1307; x_wconf 87' lang='lat' dir='ltr'><strong>timuerunt.</strong></span> <span class='ocrx_word' id='word_1_299' title='bbox 2310 1247 2374 1302; x_wconf 82' lang='lat' dir='ltr'><strong>Et</strong></span> <span class='ocrx_word' id='word_1_300' title='bbox 2429 1247 2794 1303; x_wconf 84' lang='lat' dir='ltr'><strong>narraverunt</strong></span> <span class='ocrx_word' id='word_1_301' title='bbox 2839 1237 2947 1291; x_wconf 85' lang='lat' dir='ltr'><strong>illis</strong></span> <span class='ocrx_word' id='word_1_302' title='bbox 2997 1235 3088 1305; x_wconf 86' lang='lat' dir='ltr'><strong>qui</strong></span> <span class='ocrx_word' id='word_1_303' title='bbox 3143 1232 3407 1295; x_wconf 86' lang='lat' dir='ltr'><strong>viderant,</strong></span> 
     </span>
    </p>
   </div>
   <div class='ocr_carea' id='block_1_38' title="bbox 1843 1324 3427 1414">
    <p class='ocr_par' dir='ltr' id='par_1_38' title="bbox 1843 1324 3427 1414">
     <span class='ocr_line' id='line_1_38' title="bbox 1843 1324 3427 1414; baseline -0.017 -14"><span class='ocrx_word' id='word_1_304' title='bbox 1843 1343 2078 1414; x_wconf 77' lang='lat' dir='ltr'><strong>qualiter</strong></span> <span class='ocrx_word' id='word_1_305' title='bbox 2113 1339 2405 1396; x_wconf 88' lang='lat' dir='ltr'><strong>accidisset</strong></span> <span class='ocrx_word' id='word_1_306' title='bbox 2437 1337 2485 1392; x_wconf 89' lang='lat' dir='ltr'><strong>ei</strong></span> <span class='ocrx_word' id='word_1_307' title='bbox 2524 1333 2616 1405; x_wconf 89' lang='lat' dir='ltr'><strong>qui</strong></span> <span class='ocrx_word' id='word_1_308' title='bbox 2658 1330 2986 1388; x_wconf 72' lang='lat' dir='ltr'><strong>daemonium</strong></span> <span class='ocrx_word' id='word_1_309' title='bbox 3026 1324 3331 1383; x_wconf 79' lang='lat' dir='ltr'><strong>habuerat.</strong></span> <span class='ocrx_word' id='word_1_310' title='bbox 3369 1329 3427 1375; x_wconf 89' lang='lat' dir='ltr'><strong>et</strong></span> 
     </span>
    </p>
   </div>
   <div class='ocr_carea' id='block_1_39' title="bbox 1845 1410 3425 1504">
    <p class='ocr_par' dir='ltr' id='par_1_39' title="bbox 1845 1410 3425 1504">
     <span class='ocr_line' id='line_1_39' title="bbox 1845 1410 3425 1504; baseline -0.016 -12"><span class='ocrx_word' id='word_1_311' title='bbox 1845 1410 1912 1492; x_wconf 78' lang='lat' dir='ltr'><strong>de</strong></span> <span class='ocrx_word' id='word_1_312' title='bbox 1937 1435 2139 1504; x_wconf 90' lang='lat' dir='ltr'><strong>porcis.</strong></span> <span class='ocrx_word' id='word_1_313' title='bbox 2165 1431 2232 1486; x_wconf 88' lang='lat' dir='ltr'><strong>Et</strong></span> <span class='ocrx_word' id='word_1_314' title='bbox 2268 1444 2460 1501; x_wconf 89' lang='lat' dir='ltr'><strong>rogare</strong></span> <span class='ocrx_word' id='word_1_315' title='bbox 2486 1433 2774 1496; x_wconf 76' lang='lat' dir='ltr'><strong>coeperunt</strong></span> <span class='ocrx_word' id='word_1_316' title='bbox 2798 1436 2921 1476; x_wconf 90' lang='lat' dir='ltr'><strong>eum</strong></span> <span class='ocrx_word' id='word_1_317' title='bbox 2947 1428 3005 1473; x_wconf 94' lang='lat' dir='ltr'><strong>ut</strong></span> <span class='ocrx_word' id='word_1_318' title='bbox 3029 1415 3334 1473; x_wconf 87' lang='lat' dir='ltr'><strong>discederet</strong></span> <span class='ocrx_word' id='word_1_319' title='bbox 3359 1410 3425 1467; x_wconf 87' lang='lat' dir='ltr'><strong>de</strong></span> 
     </span>
    </p>
   </div>
   <div class='ocr_carea' id='block_1_40' title="bbox 1848 1505 3428 1594">
    <p class='ocr_par' dir='ltr' id='par_1_40' title="bbox 1848 1505 3428 1594">
     <span class='ocr_line' id='line_1_40' title="bbox 1848 1505 3428 1594; baseline -0.016 -11"><span class='ocrx_word' id='word_1_320' title='bbox 1848 1526 2045 1583; x_wconf 85' lang='lat' dir='ltr'><strong>ﬁnibus</strong></span> <span class='ocrx_word' id='word_1_321' title='bbox 2076 1526 2341 1594; x_wconf 89' lang='lat' dir='ltr'><strong>ipsorum.</strong></span> <span class='ocrx_word' id='word_1_322' title='bbox 2372 1520 2441 1575; x_wconf 86' lang='lat' dir='ltr'><strong>Et</strong></span> <span class='ocrx_word' id='word_1_323' title='bbox 2466 1534 2592 1575; x_wconf 91' lang='lat' dir='ltr'><strong>eum</strong></span> <span class='ocrx_word' id='word_1_324' title='bbox 2630 1518 2907 1586; x_wconf 88' lang='lat' dir='ltr'><strong>ingressus</strong></span> <span class='ocrx_word' id='word_1_325' title='bbox 2934 1516 3080 1566; x_wconf 84' lang='lat' dir='ltr'><strong>esset</strong></span> <span class='ocrx_word' id='word_1_326' title='bbox 3110 1505 3308 1571; x_wconf 81' lang='lat' dir='ltr'><strong>navim,</strong></span> <span class='ocrx_word' id='word_1_327' title='bbox 3340 1517 3428 1558; x_wconf 82' lang='lat' dir='ltr'><strong>ro-</strong></span> 
     </span>
    </p>
   </div>
   <div class='ocr_carea' id='block_1_41' title="bbox 1845 1601 3428 1690">
    <p class='ocr_par' dir='ltr' id='par_1_41' title="bbox 1845 1601 3428 1690">
     <span class='ocr_line' id='line_1_41' title="bbox 1845 1601 3428 1690; baseline -0.018 -15"><span class='ocrx_word' id='word_1_328' title='bbox 1845 1619 2008 1690; x_wconf 83' lang='lat' dir='ltr'><strong>gabat</strong></span> <span class='ocrx_word' id='word_1_329' title='bbox 2056 1617 2207 1673; x_wconf 92' lang='lat' dir='ltr'><strong>illum</strong></span> <span class='ocrx_word' id='word_1_330' title='bbox 2260 1614 2352 1686; x_wconf 88' lang='lat' dir='ltr'><strong>qui</strong></span> <span class='ocrx_word' id='word_1_331' title='bbox 2399 1612 2576 1668; x_wconf 87' lang='lat' dir='ltr'><strong>fuerat</strong></span> <span class='ocrx_word' id='word_1_332' title='bbox 2625 1624 2656 1664; x_wconf 88' lang='lat' dir='ltr'><strong>a</strong></span> <span class='ocrx_word' id='word_1_333' title='bbox 2698 1604 2965 1663; x_wconf 69' lang='lat' dir='ltr'><strong>daemonio</strong></span> <span class='ocrx_word' id='word_1_334' title='bbox 3009 1608 3324 1669; x_wconf 88' lang='lat' dir='ltr'><strong>correptus,</strong></span> <span class='ocrx_word' id='word_1_335' title='bbox 3365 1601 3428 1685; x_wconf 83' lang='lat' dir='ltr'><strong>ut</strong></span> 
     </span>
    </p>
   </div>
   <div class='ocr_carea' id='block_1_42' title="bbox 1850 1678 3426 1768">
    <p class='ocr_par' dir='ltr' id='par_1_42' title="bbox 1850 1678 3426 1768">
     <span class='ocr_line' id='line_1_42' title="bbox 1850 1678 3426 1768; baseline -0.016 -2"><span class='ocrx_word' id='word_1_336' title='bbox 1850 1719 1996 1766; x_wconf 81' lang='lat' dir='ltr'><strong>esset</strong></span> <span class='ocrx_word' id='word_1_337' title='bbox 2020 1724 2143 1764; x_wconf 89' lang='lat' dir='ltr'><strong>cum</strong></span> <span class='ocrx_word' id='word_1_338' title='bbox 2177 1707 2271 1763; x_wconf 90' lang='lat' dir='ltr'><strong>illo</strong></span> <span class='ocrx_word' id='word_1_339' title='bbox 2298 1723 2311 1760; x_wconf 94' lang='lat'><strong>:</strong></span> <span class='ocrx_word' id='word_1_340' title='bbox 2344 1703 2503 1760; x_wconf 78' lang='lat' dir='ltr'><strong>Jesns</strong></span> <span class='ocrx_word' id='word_1_341' title='bbox 2532 1709 2712 1757; x_wconf 90' lang='lat' dir='ltr'><strong>autem</strong></span> <span class='ocrx_word' id='word_1_342' title='bbox 2741 1713 2848 1753; x_wconf 90' lang='lat' dir='ltr'><strong>non</strong></span> <span class='ocrx_word' id='word_1_343' title='bbox 2876 1692 3124 1768; x_wconf 84' lang='lat' dir='ltr'><strong>permisit</strong></span> <span class='ocrx_word' id='word_1_344' title='bbox 3150 1703 3299 1753; x_wconf 87' lang='lat' dir='ltr'><strong>eum,</strong></span> <span class='ocrx_word' id='word_1_345' title='bbox 3333 1678 3426 1741; x_wconf 82' lang='lat' dir='ltr'><strong>sed</strong></span> 
     </span>
    </p>
   </div>
   <div class='ocr_carea' id='block_1_43' title="bbox 1781 1767 3428 1859">
    <p class='ocr_par' dir='ltr' id='par_1_43' title="bbox 1781 1767 3428 1859">
     <span class='ocr_line' id='line_1_43' title="bbox 1781 1767 3428 1859; baseline -0.018 1"><span class='ocrx_word' id='word_1_346' title='bbox 1781 1767 1823 1822; x_wconf 74' lang='grc' dir='ltr'><strong><em>Β</em></strong></span> <span class='ocrx_word' id='word_1_347' title='bbox 1852 1804 1930 1859; x_wconf 90' lang='lat' dir='ltr'><strong>ait</strong></span> <span class='ocrx_word' id='word_1_348' title='bbox 1963 1802 2039 1857; x_wconf 90' lang='lat' dir='ltr'><strong>illi</strong></span> <span class='ocrx_word' id='word_1_349' title='bbox 2066 1819 2081 1856; x_wconf 92' lang='lat'><strong>:</strong></span> <span class='ocrx_word' id='word_1_350' title='bbox 2122 1800 2223 1855; x_wconf 87' lang='lat' dir='ltr'><strong>Abi</strong></span> <span class='ocrx_word' id='word_1_351' title='bbox 2270 1799 2323 1853; x_wconf 92' lang='lat' dir='ltr'><strong>in</strong></span> <span class='ocrx_word' id='word_1_352' title='bbox 2361 1797 2580 1851; x_wconf 90' lang='lat' dir='ltr'><strong>domum</strong></span> <span class='ocrx_word' id='word_1_353' title='bbox 2632 1802 2777 1847; x_wconf 90' lang='lat' dir='ltr'><strong>tuam</strong></span> <span class='ocrx_word' id='word_1_354' title='bbox 2808 1788 2876 1843; x_wconf 90' lang='lat' dir='ltr'><strong>ad</strong></span> <span class='ocrx_word' id='word_1_355' title='bbox 2907 1797 3052 1853; x_wconf 87' lang='lat' dir='ltr'><strong>tuos,</strong></span> <span class='ocrx_word' id='word_1_356' title='bbox 3086 1792 3139 1839; x_wconf 90' lang='lat' dir='ltr'><strong>et</strong></span> <span class='ocrx_word' id='word_1_357' title='bbox 3169 1776 3428 1835; x_wconf 87' lang='lat' dir='ltr'><strong>annuutia</strong></span> 
     </span>
    </p>
   </div>
   <div class='ocr_carea' id='block_1_44' title="bbox 1853 1869 3431 1964">
    <p class='ocr_par' dir='ltr' id='par_1_44' title="bbox 1853 1869 3431 1964">
     <span class='ocr_line' id='line_1_44' title="bbox 1853 1869 3431 1964; baseline -0.017 -13"><span class='ocrx_word' id='word_1_358' title='bbox 1853 1896 1962 1952; x_wconf 87' lang='lat' dir='ltr'><strong>illis</strong></span> <span class='ocrx_word' id='word_1_359' title='bbox 2003 1900 2201 1964; x_wconf 86' lang='lat' dir='ltr'><strong>quanta</strong></span> <span class='ocrx_word' id='word_1_360' title='bbox 2248 1889 2343 1945; x_wconf 87' lang='lat' dir='ltr'><strong>tibi</strong></span> <span class='ocrx_word' id='word_1_361' title='bbox 2383 1885 2642 1955; x_wconf 77' lang='lat' dir='ltr'><strong>Dominus</strong></span> <span class='ocrx_word' id='word_1_362' title='bbox 2690 1881 2914 1947; x_wconf 63' lang='lat' dir='ltr'><strong>feceritf,</strong></span> <span class='ocrx_word' id='word_1_363' title='bbox 2963 1888 3018 1934; x_wconf 90' lang='lat' dir='ltr'><strong>et</strong></span> <span class='ocrx_word' id='word_1_364' title='bbox 3056 1876 3311 1932; x_wconf 89' lang='lat' dir='ltr'><strong>misertus</strong></span> <span class='ocrx_word' id='word_1_365' title='bbox 3358 1869 3431 1925; x_wconf 85' lang='lat' dir='ltr'><strong>sit</strong></span> 
     </span>
    </p>
   </div>
   <div class='ocr_carea' id='block_1_45' title="bbox 1853 1961 3429 2048">
    <p class='ocr_par' dir='ltr' id='par_1_45' title="bbox 1853 1961 3429 2048">
     <span class='ocr_line' id='line_1_45' title="bbox 1853 1961 3429 2048; baseline -0.018 -4"><span class='ocrx_word' id='word_1_366' title='bbox 1853 1987 1953 2044; x_wconf 90' lang='lat' dir='ltr'><strong>tui.</strong></span> <span class='ocrx_word' id='word_1_367' title='bbox 2013 1961 2080 2040; x_wconf 67' lang='lat' dir='ltr'><strong>Et</strong></span> <span class='ocrx_word' id='word_1_368' title='bbox 2139 1983 2310 2048; x_wconf 85' lang='lat' dir='ltr'><strong>abiit,</strong></span> <span class='ocrx_word' id='word_1_369' title='bbox 2367 1989 2423 2037; x_wconf 91' lang='lat' dir='ltr'><strong>et</strong></span> <span class='ocrx_word' id='word_1_370' title='bbox 2487 1978 2653 2048; x_wconf 73' lang='lat' dir='ltr'><strong>cmpit</strong></span> <span class='ocrx_word' id='word_1_371' title='bbox 2708 1973 3014 2044; x_wconf 81' lang='lat' dir='ltr'><strong>praedicare</strong></span> <span class='ocrx_word' id='word_1_372' title='bbox 3063 1970 3117 2023; x_wconf 90' lang='lat' dir='ltr'><strong>in</strong></span> <span class='ocrx_word' id='word_1_373' title='bbox 3175 1961 3429 2034; x_wconf 82' lang='lat' dir='ltr'><strong>Decapoli</strong></span> 
     </span>
    </p>
   </div>
   <div class='ocr_carea' id='block_1_46' title="bbox 1848 2064 3422 2157">
    <p class='ocr_par' dir='ltr' id='par_1_46' title="bbox 1848 2064 3422 2157">
     <span class='ocr_line' id='line_1_46' title="bbox 1848 2064 3422 2157; baseline -0.02 -17"><span class='ocrx_word' id='word_1_374' title='bbox 1848 2092 2057 2157; x_wconf 87' lang='lat' dir='ltr'><strong>quanta</strong></span> <span class='ocrx_word' id='word_1_375' title='bbox 2085 2079 2189 2136; x_wconf 85' lang='lat' dir='ltr'><strong>sibi</strong></span> <span class='ocrx_word' id='word_1_376' title='bbox 2222 2077 2441 2134; x_wconf 83' lang='lat' dir='ltr'><strong>fecisset</strong></span> <span class='ocrx_word' id='word_1_377' title='bbox 2471 2071 2665 2140; x_wconf 79' lang='lat' dir='ltr'><strong>Jesus;</strong></span> <span class='ocrx_word' id='word_1_378' title='bbox 2699 2078 2753 2126; x_wconf 90' lang='lat' dir='ltr'><strong>et</strong></span> <span class='ocrx_word' id='word_1_379' title='bbox 2779 2083 2972 2125; x_wconf 88' lang='lat' dir='ltr'><strong>omnes</strong></span> <span class='ocrx_word' id='word_1_380' title='bbox 3001 2064 3360 2119; x_wconf 85' lang='lat' dir='ltr'><strong>mirabantur.</strong></span> <span class='ocrx_word' id='word_1_381' title='bbox 3402 2075 3422 2109; x_wconf 78' lang='grc' dir='ltr'><strong>ι</strong></span> 
     </span>
    </p>
   </div>
   <div class='ocr_carea' id='block_1_47' title="bbox 1854 2155 3430 2243">
    <p class='ocr_par' dir='ltr' id='par_1_47' title="bbox 1854 2155 3430 2243">
     <span class='ocr_line' id='line_1_47' title="bbox 1854 2155 3430 2243; baseline -0.018 -10"><span class='ocrx_word' id='word_1_382' title='bbox 1854 2155 2118 2232; x_wconf 67' lang='lat' dir='ltr'><strong>Exierunt</strong></span> <span class='ocrx_word' id='word_1_383' title='bbox 2154 2172 2319 2243; x_wconf 89' lang='lat' dir='ltr'><strong>igitur</strong></span> <span class='ocrx_word' id='word_1_384' title='bbox 2350 2168 2452 2223; x_wconf 87' lang='lat' dir='ltr'><strong>viri</strong></span> <span class='ocrx_word' id='word_1_385' title='bbox 2485 2166 2629 2222; x_wconf 90' lang='lat' dir='ltr'><strong>illius</strong></span> <span class='ocrx_word' id='word_1_386' title='bbox 2661 2162 2900 2219; x_wconf 85' lang='lat' dir='ltr'><strong>civitatis</strong></span> <span class='ocrx_word' id='word_1_387' title='bbox 2928 2162 2995 2214; x_wconf 90' lang='lat' dir='ltr'><strong>ad</strong></span> <span class='ocrx_word' id='word_1_388' title='bbox 3027 2155 3212 2213; x_wconf 85' lang='lat' dir='ltr'><strong>Jesum</strong></span> <span class='ocrx_word' id='word_1_389' title='bbox 3244 2161 3430 2221; x_wconf 88' lang='lat' dir='ltr'><strong>stupe-</strong></span> 
     </span>
    </p>
   </div>
   <div class='ocr_carea' id='block_1_48' title="bbox 1850 2247 3426 2324">
    <p class='ocr_par' dir='ltr' id='par_1_48' title="bbox 1850 2247 3426 2324">
     <span class='ocr_line' id='line_1_48' title="bbox 1850 2247 3426 2324; baseline -0.016 1"><span class='ocrx_word' id='word_1_390' title='bbox 1850 2268 1984 2324; x_wconf 90' lang='lat' dir='ltr'><strong>facti</strong></span> <span class='ocrx_word' id='word_1_391' title='bbox 2007 2264 2268 2322; x_wconf 90' lang='lat' dir='ltr'><strong>miraculo</strong></span> <span class='ocrx_word' id='word_1_392' title='bbox 2301 2278 2317 2317; x_wconf 95' lang='lat'><strong>:</strong></span> <span class='ocrx_word' id='word_1_393' title='bbox 2345 2270 2401 2316; x_wconf 90' lang='lat' dir='ltr'><strong>et</strong></span> <span class='ocrx_word' id='word_1_394' title='bbox 2427 2274 2549 2315; x_wconf 89' lang='lat' dir='ltr'><strong>cum</strong></span> <span class='ocrx_word' id='word_1_395' title='bbox 2577 2256 2877 2320; x_wconf 87' lang='lat' dir='ltr'><strong>audissent,</strong></span> <span class='ocrx_word' id='word_1_396' title='bbox 2905 2252 3204 2307; x_wconf 90' lang='lat' dir='ltr'><strong>timuerunt</strong></span> <span class='ocrx_word' id='word_1_397' title='bbox 3234 2247 3426 2314; x_wconf 82' lang='lat' dir='ltr'><strong>magis.</strong></span> 
     </span>
    </p>
   </div>
   <div class='ocr_carea' id='block_1_49' title="bbox 1854 2335 3431 2418">
    <p class='ocr_par' dir='ltr' id='par_1_49' title="bbox 1854 2335 3431 2418">
     <span class='ocr_line' id='line_1_49' title="bbox 1854 2335 3431 2418; baseline -0.016 -4"><span class='ocrx_word' id='word_1_398' title='bbox 1854 2359 2062 2416; x_wconf 78' lang='lat' dir='ltr'><strong>Idcirco</strong></span> <span class='ocrx_word' id='word_1_399' title='bbox 2103 2364 2160 2411; x_wconf 82' lang='lat' dir='ltr'><strong>et</strong></span> <span class='ocrx_word' id='word_1_400' title='bbox 2201 2353 2384 2410; x_wconf 70' lang='lat' dir='ltr'><strong>Iesum</strong></span> <span class='ocrx_word' id='word_1_401' title='bbox 2437 2357 2628 2418; x_wconf 85' lang='lat' dir='ltr'><strong>rogant</strong></span> <span class='ocrx_word' id='word_1_402' title='bbox 2677 2355 2737 2400; x_wconf 89' lang='lat' dir='ltr'><strong>ut</strong></span> <span class='ocrx_word' id='word_1_403' title='bbox 2785 2342 3100 2414; x_wconf 72' lang='lat' dir='ltr'><strong>egrediatur</strong></span> <span class='ocrx_word' id='word_1_404' title='bbox 3145 2352 3176 2392; x_wconf 89' lang='lat' dir='ltr'><strong>a</strong></span> <span class='ocrx_word' id='word_1_405' title='bbox 3228 2335 3431 2391; x_wconf 77' lang='lat' dir='ltr'><strong>finibus</strong></span> 
     </span>
    </p>
   </div>
   <div class='ocr_carea' id='block_1_50' title="bbox 1854 2425 3431 2522">
    <p class='ocr_par' dir='ltr' id='par_1_50' title="bbox 1854 2425 3431 2522">
     <span class='ocr_line' id='line_1_50' title="bbox 1854 2425 3431 2522; baseline -0.017 -14"><span class='ocrx_word' id='word_1_406' title='bbox 1854 2451 2117 2522; x_wconf 87' lang='lat' dir='ltr'><strong>ipsorum.</strong></span> <span class='ocrx_word' id='word_1_407' title='bbox 2148 2445 2471 2501; x_wconf 81' lang='lat' dir='ltr'><strong>Timuerunt</strong></span> <span class='ocrx_word' id='word_1_408' title='bbox 2498 2439 2645 2496; x_wconf 87' lang='lat' dir='ltr'><strong>enim</strong></span> <span class='ocrx_word' id='word_1_409' title='bbox 2672 2434 2964 2506; x_wconf 89' lang='lat' dir='ltr'><strong>nequando</strong></span> <span class='ocrx_word' id='word_1_410' title='bbox 2992 2440 3048 2490; x_wconf 90' lang='lat' dir='ltr'><strong>et</strong></span> <span class='ocrx_word' id='word_1_411' title='bbox 3078 2428 3251 2498; x_wconf 79' lang='lat' dir='ltr'><strong>majus</strong></span> <span class='ocrx_word' id='word_1_412' title='bbox 3276 2425 3431 2498; x_wconf 86' lang='lat' dir='ltr'><strong>quid-</strong></span> 
     </span>
    </p>
   </div>
   <div class='ocr_carea' id='block_1_51' title="bbox 1856 2519 3428 2611">
    <p class='ocr_par' dir='ltr' id='par_1_51' title="bbox 1856 2519 3428 2611">
     <span class='ocr_line' id='line_1_51' title="bbox 1856 2519 3428 2611; baseline -0.02 -9"><span class='ocrx_word' id='word_1_413' title='bbox 1856 2519 1980 2601; x_wconf 81' lang='lat' dir='ltr'><strong>dam</strong></span> <span class='ocrx_word' id='word_1_414' title='bbox 2027 2541 2324 2611; x_wconf 87' lang='lat' dir='ltr'><strong>patiantur.</strong></span> <span class='ocrx_word' id='word_1_415' title='bbox 2375 2536 2477 2603; x_wconf 85' lang='lat' dir='ltr'><strong>Qui</strong></span> <span class='ocrx_word' id='word_1_416' title='bbox 2519 2533 2663 2587; x_wconf 92' lang='lat' dir='ltr'><strong>enim</strong></span> <span class='ocrx_word' id='word_1_417' title='bbox 2710 2528 3067 2599; x_wconf 85' lang='lat' dir='ltr'><strong>perdiderant</strong></span> <span class='ocrx_word' id='word_1_418' title='bbox 3106 2535 3334 2593; x_wconf 85' lang='lat' dir='ltr'><strong>porcos.</strong></span> <span class='ocrx_word' id='word_1_419' title='bbox 3375 2519 3428 2572; x_wconf 91' lang='lat' dir='ltr'><strong>in</strong></span> 
     </span>
    </p>
   </div>
   <div class='ocr_carea' id='block_1_52' title="bbox 1858 2611 3428 2705">
    <p class='ocr_par' dir='ltr' id='par_1_52' title="bbox 1858 2611 3428 2705">
     <span class='ocr_line' id='line_1_52' title="bbox 1858 2611 3428 2705; baseline -0.019 -14"><span class='ocrx_word' id='word_1_420' title='bbox 1858 2634 2160 2705; x_wconf 83' lang='lat' dir='ltr'><strong>perditione</strong></span> <span class='ocrx_word' id='word_1_421' title='bbox 2212 2629 2457 2684; x_wconf 88' lang='lat' dir='ltr'><strong>dolentes</strong></span> <span class='ocrx_word' id='word_1_422' title='bbox 2499 2632 2794 2698; x_wconf 87' lang='lat' dir='ltr'><strong>precantur</strong></span> <span class='ocrx_word' id='word_1_423' title='bbox 2842 2629 2903 2673; x_wconf 90' lang='lat' dir='ltr'><strong>ut</strong></span> <span class='ocrx_word' id='word_1_424' title='bbox 2947 2618 3106 2671; x_wconf 84' lang='lat' dir='ltr'><strong>abeat</strong></span> <span class='ocrx_word' id='word_1_425' title='bbox 3148 2611 3428 2666; x_wconf 88' lang='lat' dir='ltr'><strong>Dominus.</strong></span> 
     </span>
    </p>
   </div>
   <div class='ocr_carea' id='block_1_53' title="bbox 1857 2702 3435 2793">
    <p class='ocr_par' dir='ltr' id='par_1_53' title="bbox 1857 2702 3435 2793">
     <span class='ocr_line' id='line_1_53' title="bbox 1857 2702 3435 2793; baseline -0.019 -9"><span class='ocrx_word' id='word_1_426' title='bbox 1857 2702 2125 2784; x_wconf 66' lang='lat' dir='ltr'><strong>Cancrum</strong></span> <span class='ocrx_word' id='word_1_427' title='bbox 2172 2725 2220 2781; x_wconf 88' lang='lat' dir='ltr'><strong>is</strong></span> <span class='ocrx_word' id='word_1_428' title='bbox 2258 2721 2349 2793; x_wconf 89' lang='lat' dir='ltr'><strong>qui</strong></span> <span class='ocrx_word' id='word_1_429' title='bbox 2394 2717 2664 2775; x_wconf 64' lang='lat' dir='ltr'><strong>daemonio</strong></span> <span class='ocrx_word' id='word_1_430' title='bbox 2712 2713 2950 2785; x_wconf 89' lang='lat' dir='ltr'><strong>agitatus</strong></span> <span class='ocrx_word' id='word_1_431' title='bbox 2990 2708 3202 2771; x_wconf 81' lang='lat' dir='ltr'><strong>fuerat,</strong></span> <span class='ocrx_word' id='word_1_432' title='bbox 3241 2702 3435 2757; x_wconf 88' lang='lat' dir='ltr'><strong>orabat</strong></span> 
     </span>
    </p>
   </div>
   <div class='ocr_carea' id='block_1_54' title="bbox 1858 2795 3432 2890">
    <p class='ocr_par' dir='ltr' id='par_1_54' title="bbox 1858 2795 3432 2890">
     <span class='ocr_line' id='line_1_54' title="bbox 1858 2795 3432 2890; baseline -0.018 -11"><span class='ocrx_word' id='word_1_433' title='bbox 1858 2824 2009 2880; x_wconf 89' lang='lat' dir='ltr'><strong>illum</strong></span> <span class='ocrx_word' id='word_1_434' title='bbox 2059 2831 2118 2876; x_wconf 91' lang='lat' dir='ltr'><strong>ut</strong></span> <span class='ocrx_word' id='word_1_435' title='bbox 2171 2835 2292 2876; x_wconf 86' lang='lat' dir='ltr'><strong>cum</strong></span> <span class='ocrx_word' id='word_1_436' title='bbox 2344 2820 2462 2890; x_wconf 91' lang='lat' dir='ltr'><strong>ipso</strong></span> <span class='ocrx_word' id='word_1_437' title='bbox 2513 2824 2702 2871; x_wconf 88' lang='lat' dir='ltr'><strong>esset:</strong></span> <span class='ocrx_word' id='word_1_438' title='bbox 2750 2808 2986 2865; x_wconf 74' lang='lat' dir='ltr'><strong>&#39;timebat</strong></span> <span class='ocrx_word' id='word_1_439' title='bbox 3030 2803 3214 2865; x_wconf 84' lang='lat' dir='ltr'><strong>enim,</strong></span> <span class='ocrx_word' id='word_1_440' title='bbox 3267 2812 3337 2853; x_wconf 85' lang='lat' dir='ltr'><strong>ne</strong></span> <span class='ocrx_word' id='word_1_441' title='bbox 3385 2795 3432 2852; x_wconf 91' lang='lat' dir='ltr'><strong>si</strong></span> 
     </span>
    </p>
   </div>
   <div class='ocr_carea' id='block_1_55' title="bbox 1860 2892 3433 2985">
    <p class='ocr_par' dir='ltr' id='par_1_55' title="bbox 1860 2892 3433 2985">
     <span class='ocr_line' id='line_1_55' title="bbox 1860 2892 3433 2985; baseline -0.017 -16"><span class='ocrx_word' id='word_1_442' title='bbox 1860 2912 2078 2985; x_wconf 88' lang='lat' dir='ltr'><strong>quando</strong></span> <span class='ocrx_word' id='word_1_443' title='bbox 2102 2911 2374 2965; x_wconf 72' lang='lat' dir='ltr'><strong>dremones</strong></span> <span class='ocrx_word' id='word_1_444' title='bbox 2397 2922 2521 2962; x_wconf 89' lang='lat' dir='ltr'><strong>eum</strong></span> <span class='ocrx_word' id='word_1_445' title='bbox 2552 2900 2885 2958; x_wconf 86' lang='lat' dir='ltr'><strong>invenissent</strong></span> <span class='ocrx_word' id='word_1_446' title='bbox 2912 2895 3113 2957; x_wconf 86' lang='lat' dir='ltr'><strong>solum.</strong></span> <span class='ocrx_word' id='word_1_447' title='bbox 3150 2892 3344 2947; x_wconf 87' lang='lat' dir='ltr'><strong>iterum</strong></span> <span class='ocrx_word' id='word_1_448' title='bbox 3372 2899 3433 2943; x_wconf 87' lang='lat' dir='ltr'><strong>se</strong></span> 
     </span>
    </p>
   </div>
   <div class='ocr_carea' id='block_1_56' title="bbox 1861 2980 3430 3060">
    <p class='ocr_par' dir='ltr' id='par_1_56' title="bbox 1861 2980 3430 3060">
     <span class='ocr_line' id='line_1_56' title="bbox 1861 2980 3430 3060; baseline -0.018 1"><span class='ocrx_word' id='word_1_449' title='bbox 1861 2980 2096 3060; x_wconf 72' lang='lat' dir='ltr'><strong>adirent.</strong></span> <span class='ocrx_word' id='word_1_450' title='bbox 2132 3002 2202 3055; x_wconf 86' lang='lat' dir='ltr'><strong>At</strong></span> <span class='ocrx_word' id='word_1_451' title='bbox 2237 3000 2495 3054; x_wconf 86' lang='lat' dir='ltr'><strong>Dominus</strong></span> <span class='ocrx_word' id='word_1_452' title='bbox 2527 2993 2734 3052; x_wconf 88' lang='lat' dir='ltr'><strong>dimisit</strong></span> <span class='ocrx_word' id='word_1_453' title='bbox 2757 3005 2879 3046; x_wconf 87' lang='lat' dir='ltr'><strong>eum</strong></span> <span class='ocrx_word' id='word_1_454' title='bbox 2924 2989 2976 3043; x_wconf 90' lang='lat' dir='ltr'><strong>in</strong></span> <span class='ocrx_word' id='word_1_455' title='bbox 3014 2985 3234 3042; x_wconf 91' lang='lat' dir='ltr'><strong>domum</strong></span> <span class='ocrx_word' id='word_1_456' title='bbox 3273 2980 3390 3049; x_wconf 84' lang='lat' dir='ltr'><strong>ejus</strong></span> <span class='ocrx_word' id='word_1_457' title='bbox 3412 3015 3430 3043; x_wconf 84' lang='lat'><strong>,</strong></span> 
     </span>
    </p>
   </div>
   <div class='ocr_carea' id='block_1_57' title="bbox 199 3073 1753 3169">
    <p class='ocr_par' dir='ltr' id='par_1_57' title="bbox 199 3073 1748 3169">
     <span class='ocr_line' id='line_1_57' title="bbox 199 3073 1748 3169; baseline 0.001 -22"><span class='ocrx_word' id='word_1_458' title='bbox 199 3092 330 3149; x_wconf 82' lang='grc' dir='ltr'><strong>νύων</strong></span> <span class='ocrx_word' id='word_1_459' title='bbox 358 3073 503 3166; x_wconf 79' lang='grc' dir='ltr'><strong>αὐτῷ</strong></span> <span class='ocrx_word' id='word_1_460' title='bbox 546 3098 628 3149; x_wconf 82' lang='grc' dir='ltr'><strong>ὅτι</strong></span> <span class='ocrx_word' id='word_1_461' title='bbox 660 3094 766 3149; x_wconf 80' lang='grc' dir='ltr'><strong>κᾶν</strong></span> <span class='ocrx_word' id='word_1_462' title='bbox 807 3094 882 3167; x_wconf 82' lang='grc' dir='ltr'><strong>μὴ</strong></span> <span class='ocrx_word' id='word_1_463' title='bbox 915 3096 1075 3160; x_wconf 77' lang='grc' dir='ltr'><strong>αὐτὸς</strong></span> <span class='ocrx_word' id='word_1_464' title='bbox 1107 3099 1278 3169; x_wconf 78' lang='grc' dir='ltr'><strong>παρῇ,</strong></span> <span class='ocrx_word' id='word_1_465' title='bbox 1314 3096 1428 3149; x_wconf 80' lang='grc' dir='ltr'><strong>ἀλλ’</strong></span> <span class='ocrx_word' id='word_1_466' title='bbox 1459 3097 1562 3165; x_wconf 78' lang='grc' dir='ltr'><strong>ἦγε</strong></span> <span class='ocrx_word' id='word_1_467' title='bbox 1589 3094 1748 3149; x_wconf 87' lang='grc' dir='ltr'><strong>δύνα-</strong></span> 
     </span>
    </p>
   </div>
   <div class='ocr_carea' id='block_1_58' title="bbox 1859 3073 3433 3169">
    <p class='ocr_par' dir='ltr' id='par_1_58' title="bbox 1859 3073 3433 3162">
     <span class='ocr_line' id='line_1_58' title="bbox 1859 3073 3433 3162; baseline -0.017 -10"><span class='ocrx_word' id='word_1_468' title='bbox 1859 3095 2149 3151; x_wconf 88' lang='lat' dir='ltr'><strong>ostendens</strong></span> <span class='ocrx_word' id='word_1_469' title='bbox 2174 3093 2223 3149; x_wconf 91' lang='lat' dir='ltr'><strong>ei</strong></span> <span class='ocrx_word' id='word_1_470' title='bbox 2250 3091 2392 3162; x_wconf 87' lang='lat' dir='ltr'><strong>quod</strong></span> <span class='ocrx_word' id='word_1_471' title='bbox 2429 3090 2556 3145; x_wconf 89' lang='lat' dir='ltr'><strong>licet</strong></span> <span class='ocrx_word' id='word_1_472' title='bbox 2586 3089 2705 3158; x_wconf 90' lang='lat' dir='ltr'><strong>ipse</strong></span> <span class='ocrx_word' id='word_1_473' title='bbox 2734 3100 2844 3140; x_wconf 90' lang='lat' dir='ltr'><strong>non</strong></span> <span class='ocrx_word' id='word_1_474' title='bbox 2881 3081 3044 3145; x_wconf 85' lang='lat' dir='ltr'><strong>adsit,</strong></span> <span class='ocrx_word' id='word_1_475' title='bbox 3082 3073 3433 3133; x_wconf 87' lang='lat' dir='ltr'><strong>nihilominus</strong></span> 
     </span>
    </p>
   </div>
   <div class='ocr_carea' id='block_1_59' title="bbox 204 3184 1748 3257">
    <p class='ocr_par' dir='ltr' id='par_1_59' title="bbox 204 3184 1748 3257">
     <span class='ocr_line' id='line_1_59' title="bbox 204 3184 1748 3257; baseline 0 -19"><span class='ocrx_word' id='word_1_476' title='bbox 204 3203 289 3254; x_wconf 88' lang='grc' dir='ltr'><strong>μις</strong></span> <span class='ocrx_word' id='word_1_477' title='bbox 314 3184 471 3239; x_wconf 79' lang='grc' dir='ltr'><strong>αὑτοῦ</strong></span> <span class='ocrx_word' id='word_1_478' title='bbox 501 3187 598 3239; x_wconf 69' lang='grc' dir='ltr'><strong>καὶ</strong></span> <span class='ocrx_word' id='word_1_479' title='bbox 649 3187 685 3257; x_wconf 77' lang='grc' dir='ltr'><strong>ἡ</strong></span> <span class='ocrx_word' id='word_1_480' title='bbox 738 3187 1013 3255; x_wconf 80' lang='grc' dir='ltr'><strong>ἐπισκοπὴ</strong></span> <span class='ocrx_word' id='word_1_481' title='bbox 1045 3185 1271 3256; x_wconf 81' lang='grc' dir='ltr'><strong>φυλάξει</strong></span> <span class='ocrx_word' id='word_1_482' title='bbox 1313 3185 1497 3252; x_wconf 80' lang='grc' dir='ltr'><strong>αὐτὸν,</strong></span> <span class='ocrx_word' id='word_1_483' title='bbox 1525 3187 1640 3255; x_wconf 74' lang='grc' dir='ltr'><strong>ἅμα</strong></span> <span class='ocrx_word' id='word_1_484' title='bbox 1670 3186 1748 3251; x_wconf 82' lang='grc' dir='ltr'><strong>δὲ,</strong></span> 
     </span>
    </p>
   </div>
   <div class='ocr_carea' id='block_1_60' title="bbox 203 3274 1754 3348">
    <p class='ocr_par' dir='ltr' id='par_1_60' title="bbox 203 3274 1754 3348">
     <span class='ocr_line' id='line_1_60' title="bbox 203 3274 1754 3348; baseline 0.001 -22"><span class='ocrx_word' id='word_1_485' title='bbox 203 3274 282 3329; x_wconf 75' lang='grc' dir='ltr'><strong>ἵνα</strong></span> <span class='ocrx_word' id='word_1_486' title='bbox 304 3277 391 3328; x_wconf 77' lang='grc' dir='ltr'><strong>καὶ</strong></span> <span class='ocrx_word' id='word_1_487' title='bbox 419 3275 637 3346; x_wconf 81' lang='grc' dir='ltr'><strong>ἐτέρους</strong></span> <span class='ocrx_word' id='word_1_488' title='bbox 658 3275 877 3345; x_wconf 60' lang='grc' dir='ltr'><strong>ὁραθείς</strong></span> <span class='ocrx_word' id='word_1_489' title='bbox 906 3274 1193 3348; x_wconf 79' lang='grc' dir='ltr'><strong>ὠφελήσῃ.</strong></span> <span class='ocrx_word' id='word_1_490' title='bbox 1230 3275 1365 3330; x_wconf 80' lang='grc' dir='ltr'><strong>Ἰδοὺ</strong></span> <span class='ocrx_word' id='word_1_491' title='bbox 1388 3276 1520 3344; x_wconf 88' lang='grc' dir='ltr'><strong>γοῦν</strong></span> <span class='ocrx_word' id='word_1_492' title='bbox 1548 3274 1754 3346; x_wconf 69' lang='grc' dir='ltr'><strong>ἤρξατο</strong></span> 
     </span>
    </p>
   </div>
   <div class='ocr_carea' id='block_1_61' title="bbox 204 3364 1754 3444">
    <p class='ocr_par' dir='ltr' id='par_1_61' title="bbox 204 3364 1754 3444">
     <span class='ocr_line' id='line_1_61' title="bbox 204 3364 1754 3444; baseline 0 -26"><span class='ocrx_word' id='word_1_493' title='bbox 204 3366 503 3437; x_wconf 81' lang='grc' dir='ltr'><strong>κηρύσσειν,</strong></span> <span class='ocrx_word' id='word_1_494' title='bbox 544 3369 640 3421; x_wconf 77' lang='grc' dir='ltr'><strong>καὶ</strong></span> <span class='ocrx_word' id='word_1_495' title='bbox 668 3368 867 3432; x_wconf 86' lang='grc' dir='ltr'><strong>πάντες</strong></span> <span class='ocrx_word' id='word_1_496' title='bbox 902 3366 1233 3444; x_wconf 73' lang='grc' dir='ltr'><strong>ἐθαύμαζον.</strong></span> <span class='ocrx_word' id='word_1_497' title='bbox 1267 3368 1410 3437; x_wconf 86' lang='grc' dir='ltr'><strong>Ὅρα</strong></span> <span class='ocrx_word' id='word_1_498' title='bbox 1435 3366 1493 3420; x_wconf 81' lang='grc' dir='ltr'><strong>δὲ</strong></span> <span class='ocrx_word' id='word_1_499' title='bbox 1549 3367 1644 3419; x_wconf 80' lang='grc' dir='ltr'><strong>καὶ</strong></span> <span class='ocrx_word' id='word_1_500' title='bbox 1690 3364 1754 3419; x_wconf 85' lang='grc' dir='ltr'><strong>τδ</strong></span> 
     </span>
    </p>
   </div>
   <div class='ocr_carea' id='block_1_62' title="bbox 208 3452 1755 3529">
    <p class='ocr_par' dir='ltr' id='par_1_62' title="bbox 208 3452 1755 3529">
     <span class='ocr_line' id='line_1_62' title="bbox 208 3452 1755 3529; baseline 0.001 -19"><span class='ocrx_word' id='word_1_501' title='bbox 208 3458 395 3523; x_wconf 78' lang='grc' dir='ltr'><strong>ἄτυφον</strong></span> <span class='ocrx_word' id='word_1_502' title='bbox 418 3459 507 3511; x_wconf 82' lang='grc' dir='ltr'><strong>τοῦ</strong></span> <span class='ocrx_word' id='word_1_503' title='bbox 524 3460 799 3529; x_wconf 78' lang='grc' dir='ltr'><strong>Σωτῆρος.</strong></span> <span class='ocrx_word' id='word_1_504' title='bbox 820 3460 936 3513; x_wconf 85' lang='grc' dir='ltr'><strong>Ούκ</strong></span> <span class='ocrx_word' id='word_1_505' title='bbox 965 3452 1117 3512; x_wconf 69' lang='grc' dir='ltr'><strong>εἶπεν</strong></span> <span class='ocrx_word' id='word_1_506' title='bbox 1142 3459 1247 3522; x_wconf 81' lang='grc' dir='ltr'><strong>ὅτι,</strong></span> <span class='ocrx_word' id='word_1_507' title='bbox 1284 3457 1639 3527; x_wconf 81' lang='grc' dir='ltr'><strong>Ἀπάγγειλον</strong></span> <span class='ocrx_word' id='word_1_508' title='bbox 1655 3458 1755 3512; x_wconf 82' lang='grc' dir='ltr'><strong>ὅσα</strong></span> 
     </span>
    </p>
   </div>
   <div class='ocr_carea' id='block_1_63' title="bbox 212 3547 1751 3619">
    <p class='ocr_par' dir='ltr' id='par_1_63' title="bbox 212 3547 1751 3619">
     <span class='ocr_line' id='line_1_63' title="bbox 212 3547 1751 3619; baseline 0.005 -23"><span class='ocrx_word' id='word_1_509' title='bbox 212 3563 287 3599; x_wconf 69' lang='grc' dir='ltr'><strong>σοι</strong></span> <span class='ocrx_word' id='word_1_510' title='bbox 326 3549 615 3619; x_wconf 85' lang='grc' dir='ltr'><strong>πεποίηκα,</strong></span> <span class='ocrx_word' id='word_1_511' title='bbox 664 3549 802 3617; x_wconf 80' lang='grc' dir='ltr'><strong>ἀλλ’,</strong></span> <span class='ocrx_word' id='word_1_512' title='bbox 850 3550 991 3605; x_wconf 84' lang='grc' dir='ltr'><strong>Ὅσα</strong></span> <span class='ocrx_word' id='word_1_513' title='bbox 1012 3568 1096 3605; x_wconf 80' lang='grc' dir='ltr'><strong>σοι</strong></span> <span class='ocrx_word' id='word_1_514' title='bbox 1144 3548 1492 3618; x_wconf 88' lang='grc' dir='ltr'><strong>πεποίηκενὸ</strong></span> <span class='ocrx_word' id='word_1_515' title='bbox 1530 3547 1751 3619; x_wconf 86' lang='grc' dir='ltr'><strong>Κύριος.</strong></span> 
     </span>
    </p>
   </div>
   <div class='ocr_carea' id='block_1_64' title="bbox 210 3633 1753 3711">
    <p class='ocr_par' dir='ltr' id='par_1_64' title="bbox 210 3633 1753 3711">
     <span class='ocr_line' id='line_1_64' title="bbox 210 3633 1753 3711; baseline 0.004 -24"><span class='ocrx_word' id='word_1_516' title='bbox 210 3633 353 3690; x_wconf 72' lang='grc' dir='ltr'><strong>Οὕτω</strong></span> <span class='ocrx_word' id='word_1_517' title='bbox 381 3638 469 3691; x_wconf 69' lang='grc' dir='ltr'><strong>καὶ</strong></span> <span class='ocrx_word' id='word_1_518' title='bbox 507 3638 600 3701; x_wconf 79' lang='grc' dir='ltr'><strong>σὺ,</strong></span> <span class='ocrx_word' id='word_1_519' title='bbox 637 3638 765 3692; x_wconf 82' lang='grc' dir='ltr'><strong>ὅταν</strong></span> <span class='ocrx_word' id='word_1_520' title='bbox 801 3640 1003 3708; x_wconf 86' lang='grc' dir='ltr'><strong>ἀγαθόν</strong></span> <span class='ocrx_word' id='word_1_521' title='bbox 1047 3658 1100 3694; x_wconf 90' lang='grc' dir='ltr'><strong>τι</strong></span> <span class='ocrx_word' id='word_1_522' title='bbox 1129 3640 1382 3711; x_wconf 82' lang='grc' dir='ltr'><strong>ποιήσῃς,</strong></span> <span class='ocrx_word' id='word_1_523' title='bbox 1415 3640 1491 3711; x_wconf 80' lang='grc' dir='ltr'><strong>μὴ</strong></span> <span class='ocrx_word' id='word_1_524' title='bbox 1523 3638 1753 3710; x_wconf 82' lang='grc' dir='ltr'><strong>σεαυτῷ,</strong></span> 
     </span>
    </p>
   </div>
   <div class='ocr_carea' id='block_1_65' title="bbox 211 3726 1239 3805">
    <p class='ocr_par' dir='ltr' id='par_1_65' title="bbox 211 3726 1239 3805">
     <span class='ocr_line' id='line_1_65' title="bbox 211 3726 1239 3805; baseline 0.008 -27"><span class='ocrx_word' id='word_1_525' title='bbox 211 3726 331 3781; x_wconf 81' lang='grc' dir='ltr'><strong>άλλά</strong></span> <span class='ocrx_word' id='word_1_526' title='bbox 356 3728 431 3798; x_wconf 81' lang='grc' dir='ltr'><strong>τῷ</strong></span> <span class='ocrx_word' id='word_1_527' title='bbox 460 3729 578 3800; x_wconf 82' lang='grc' dir='ltr'><strong>Θεῷ</strong></span> <span class='ocrx_word' id='word_1_528' title='bbox 611 3730 850 3784; x_wconf 80' lang='grc' dir='ltr'><strong>ἀνατίθει</strong></span> <span class='ocrx_word' id='word_1_529' title='bbox 882 3731 942 3785; x_wconf 83' lang='grc' dir='ltr'><strong>τὸ</strong></span> <span class='ocrx_word' id='word_1_530' title='bbox 975 3732 1239 3805; x_wconf 79' lang='grc' dir='ltr'><strong>πραχθέν.</strong></span> 
     </span>
    </p>
   </div>
   <div class='ocr_carea' id='block_1_66' title="bbox 276 3820 1753 3896">
    <p class='ocr_par' dir='ltr' id='par_1_66' title="bbox 276 3820 1753 3896">
     <span class='ocr_line' id='line_1_66' title="bbox 276 3820 1753 3896; baseline 0.005 -25"><span class='ocrx_word' id='word_1_531' title='bbox 276 3837 293 3869; x_wconf 84' lang='grc' dir='ltr'><strong>ι</strong></span> <span class='ocrx_word' id='word_1_532' title='bbox 321 3820 423 3873; x_wconf 71' lang='lat' dir='ltr'><strong>Kal.</strong></span> <span class='ocrx_word' id='word_1_533' title='bbox 449 3821 880 3893; x_wconf 80' lang='grc' dir='ltr'><strong>διαπεράσαντος</strong></span> <span class='ocrx_word' id='word_1_534' title='bbox 900 3822 996 3877; x_wconf 87' lang='grc' dir='ltr'><strong>τοῦ</strong></span> <span class='ocrx_word' id='word_1_535' title='bbox 1040 3824 1216 3896; x_wconf 82' lang='grc' dir='ltr'><strong>Ἰησοῦ</strong></span> <span class='ocrx_word' id='word_1_536' title='bbox 1240 3827 1297 3880; x_wconf 91' lang='grc' dir='ltr'><strong>ἐν</strong></span> <span class='ocrx_word' id='word_1_537' title='bbox 1329 3823 1407 3896; x_wconf 79' lang='grc' dir='ltr'><strong>τῷ</strong></span> <span class='ocrx_word' id='word_1_538' title='bbox 1444 3824 1617 3895; x_wconf 84' lang='grc' dir='ltr'><strong>πλοίῳ</strong></span> <span class='ocrx_word' id='word_1_539' title='bbox 1646 3823 1753 3878; x_wconf 84' lang='grc' dir='ltr'><strong>πά-</strong></span> 
     </span>
    </p>
   </div>
   <div class='ocr_carea' id='block_1_67' title="bbox 212 3910 1754 3991">
    <p class='ocr_par' dir='ltr' id='par_1_67' title="bbox 212 3910 1754 3991">
     <span class='ocr_line' id='line_1_67' title="bbox 212 3910 1754 3991; baseline 0.006 -29"><span class='ocrx_word' id='word_1_540' title='bbox 212 3910 286 3963; x_wconf 78' lang='grc' dir='ltr'><strong>λιν</strong></span> <span class='ocrx_word' id='word_1_541' title='bbox 328 3915 402 3978; x_wconf 85' lang='grc' dir='ltr'><strong>είς</strong></span> <span class='ocrx_word' id='word_1_542' title='bbox 442 3914 501 3968; x_wconf 78' lang='grc' dir='ltr'><strong>τὸ</strong></span> <span class='ocrx_word' id='word_1_543' title='bbox 550 3915 747 3988; x_wconf 79' lang='grc' dir='ltr'><strong>πέραν,</strong></span> <span class='ocrx_word' id='word_1_544' title='bbox 784 3917 1028 3991; x_wconf 79' lang='grc' dir='ltr'><strong>συνήχθη</strong></span> <span class='ocrx_word' id='word_1_545' title='bbox 1059 3917 1216 3990; x_wconf 82' lang='grc' dir='ltr'><strong>δχλος</strong></span> <span class='ocrx_word' id='word_1_546' title='bbox 1259 3919 1428 3984; x_wconf 75' lang='grc' dir='ltr'><strong>πολὺς</strong></span> <span class='ocrx_word' id='word_1_547' title='bbox 1453 3920 1538 3972; x_wconf 81' lang='grc' dir='ltr'><strong>ἐπ’</strong></span> <span class='ocrx_word' id='word_1_548' title='bbox 1563 3916 1754 3981; x_wconf 79' lang='grc' dir='ltr'><strong>αὐτὸν,</strong></span> 
     </span>
    </p>
   </div>
   <div class='ocr_carea' id='block_1_68' title="bbox 215 3999 1758 4082">
    <p class='ocr_par' dir='ltr' id='par_1_68' title="bbox 215 3999 1758 4082">
     <span class='ocr_line' id='line_1_68' title="bbox 215 3999 1758 4082; baseline 0.004 -27"><span class='ocrx_word' id='word_1_549' title='bbox 215 4004 296 4056; x_wconf 69' lang='grc' dir='ltr'><strong>καὶ</strong></span> <span class='ocrx_word' id='word_1_550' title='bbox 317 3999 383 4076; x_wconf 77' lang='grc' dir='ltr'><strong>ἦν</strong></span> <span class='ocrx_word' id='word_1_551' title='bbox 420 4006 571 4079; x_wconf 88' lang='grc' dir='ltr'><strong>παρά</strong></span> <span class='ocrx_word' id='word_1_552' title='bbox 618 4008 719 4079; x_wconf 84' lang='grc' dir='ltr'><strong>τὴν</strong></span> <span class='ocrx_word' id='word_1_553' title='bbox 763 4008 1063 4064; x_wconf 89' lang='grc' dir='ltr'><strong>θάλασσαν.</strong></span> <span class='ocrx_word' id='word_1_554' title='bbox 1095 4010 1209 4066; x_wconf 74' lang='grc' dir='ltr'><strong>Καὶ</strong></span> <span class='ocrx_word' id='word_1_555' title='bbox 1270 4012 1380 4065; x_wconf 79' lang='grc' dir='ltr'><strong>ίδοῦ</strong></span> <span class='ocrx_word' id='word_1_556' title='bbox 1414 4010 1634 4082; x_wconf 79' lang='grc' dir='ltr'><strong>ἔρχεται</strong></span> <span class='ocrx_word' id='word_1_557' title='bbox 1677 4003 1758 4072; x_wconf 74' lang='grc' dir='ltr'><strong>εἷς</strong></span> 
     </span>
    </p>
   </div>
   <div class='ocr_carea' id='block_1_69' title="bbox 214 4093 1758 4172">
    <p class='ocr_par' dir='ltr' id='par_1_69' title="bbox 214 4093 1758 4172">
     <span class='ocr_line' id='line_1_69' title="bbox 214 4093 1758 4172; baseline 0.006 -28"><span class='ocrx_word' id='word_1_558' title='bbox 214 4093 308 4146; x_wconf 87' lang='grc' dir='ltr'><strong>τῶν</strong></span> <span class='ocrx_word' id='word_1_559' title='bbox 348 4096 831 4170; x_wconf 82' lang='grc' dir='ltr'><strong>ἀρχισυναγώγων,</strong></span> <span class='ocrx_word' id='word_1_560' title='bbox 883 4100 1110 4171; x_wconf 84' lang='grc' dir='ltr'><strong>ὀνόματι</strong></span> <span class='ocrx_word' id='word_1_561' title='bbox 1155 4101 1403 4172; x_wconf 87' lang='grc' dir='ltr'><strong>Ἰάειρος.</strong></span> <span class='ocrx_word' id='word_1_562' title='bbox 1457 4101 1568 4155; x_wconf 76' lang='grc' dir='ltr'><strong>Καὶ</strong></span> <span class='ocrx_word' id='word_1_563' title='bbox 1634 4099 1758 4154; x_wconf 86' lang='grc' dir='ltr'><strong>ίδὼν</strong></span> 
     </span>
    </p>
   </div>
   <div class='ocr_carea' id='block_1_70' title="bbox 216 4185 1755 4258">
    <p class='ocr_par' dir='ltr' id='par_1_70' title="bbox 216 4185 1755 4258">
     <span class='ocr_line' id='line_1_70' title="bbox 216 4185 1755 4258; baseline 0.003 -21"><span class='ocrx_word' id='word_1_564' title='bbox 216 4185 583 4247; x_wconf 80' lang='grc' dir='ltr'><strong>αὖτδν,πίπτει</strong></span> <span class='ocrx_word' id='word_1_565' title='bbox 614 4190 750 4258; x_wconf 85' lang='grc' dir='ltr'><strong>πρὸς</strong></span> <span class='ocrx_word' id='word_1_566' title='bbox 785 4191 913 4253; x_wconf 77' lang='grc' dir='ltr'><strong>τοὺς</strong></span> <span class='ocrx_word' id='word_1_567' title='bbox 950 4191 1118 4253; x_wconf 88' lang='grc' dir='ltr'><strong>πόδας</strong></span> <span class='ocrx_word' id='word_1_568' title='bbox 1150 4190 1341 4254; x_wconf 81' lang='grc' dir='ltr'><strong>αὐτοῦ,</strong></span> <span class='ocrx_word' id='word_1_569' title='bbox 1378 4189 1473 4243; x_wconf 77' lang='grc' dir='ltr'><strong>καὶ</strong></span> <span class='ocrx_word' id='word_1_570' title='bbox 1502 4187 1755 4257; x_wconf 86' lang='grc' dir='ltr'><strong>παρεκά-</strong></span> 
     </span>
    </p>
   </div>
   <div class='ocr_carea' id='block_1_71' title="bbox 218 4275 1761 4354">
    <p class='ocr_par' dir='ltr' id='par_1_71' title="bbox 218 4275 1761 4354">
     <span class='ocr_line' id='line_1_71' title="bbox 218 4275 1761 4354; baseline 0.005 -27"><span class='ocrx_word' id='word_1_571' title='bbox 218 4275 287 4329; x_wconf 82' lang='grc' dir='ltr'><strong>λει</strong></span> <span class='ocrx_word' id='word_1_572' title='bbox 317 4277 468 4331; x_wconf 80' lang='grc' dir='ltr'><strong>αὐτὸν</strong></span> <span class='ocrx_word' id='word_1_573' title='bbox 491 4278 683 4342; x_wconf 70' lang='grc' dir='ltr'><strong>πολλὰ,</strong></span> <span class='ocrx_word' id='word_1_574' title='bbox 714 4280 888 4350; x_wconf 83' lang='grc' dir='ltr'><strong>λέγων</strong></span> <span class='ocrx_word' id='word_1_575' title='bbox 913 4281 1019 4346; x_wconf 82' lang='grc' dir='ltr'><strong>ὅτι,</strong></span> <span class='ocrx_word' id='word_1_576' title='bbox 1037 4281 1112 4336; x_wconf 82' lang='grc' dir='ltr'><strong>Τὸ</strong></span> <span class='ocrx_word' id='word_1_577' title='bbox 1150 4281 1444 4354; x_wconf 85' lang='grc' dir='ltr'><strong>θυγάτριόν</strong></span> <span class='ocrx_word' id='word_1_578' title='bbox 1475 4298 1578 4352; x_wconf 90' lang='grc' dir='ltr'><strong>μου</strong></span> <span class='ocrx_word' id='word_1_579' title='bbox 1604 4280 1761 4351; x_wconf 78' lang='grc' dir='ltr'><strong>ἐσχάο</strong></span> 
     </span>
    </p>
   </div>
   <div class='ocr_carea' id='block_1_72' title="bbox 219 4370 1756 4444">
    <p class='ocr_par' dir='ltr' id='par_1_72' title="bbox 219 4370 1756 4444">
     <span class='ocr_line' id='line_1_72' title="bbox 219 4370 1756 4444; baseline 0.002 -23"><span class='ocrx_word' id='word_1_580' title='bbox 219 4385 310 4432; x_wconf 83' lang='grc' dir='ltr'><strong>τως</strong></span> <span class='ocrx_word' id='word_1_581' title='bbox 337 4370 470 4442; x_wconf 77' lang='grc' dir='ltr'><strong>ἔχει·</strong></span> <span class='ocrx_word' id='word_1_582' title='bbox 506 4371 595 4424; x_wconf 80' lang='grc' dir='ltr'><strong>ίνα</strong></span> <span class='ocrx_word' id='word_1_583' title='bbox 624 4370 797 4427; x_wconf 85' lang='grc' dir='ltr'><strong>ἐλθὼν</strong></span> <span class='ocrx_word' id='word_1_584' title='bbox 827 4372 1022 4444; x_wconf 80' lang='grc' dir='ltr'><strong>ἐπιθῇς</strong></span> <span class='ocrx_word' id='word_1_585' title='bbox 1059 4374 1198 4443; x_wconf 85' lang='grc' dir='ltr'><strong>αύτῇ</strong></span> <span class='ocrx_word' id='word_1_586' title='bbox 1230 4372 1327 4437; x_wconf 86' lang='grc' dir='ltr'><strong>τὰς</strong></span> <span class='ocrx_word' id='word_1_587' title='bbox 1359 4374 1572 4443; x_wconf 86' lang='grc' dir='ltr'><strong>χεῖρας,</strong></span> <span class='ocrx_word' id='word_1_588' title='bbox 1607 4372 1756 4435; x_wconf 84' lang='grc' dir='ltr'><strong>ὅπως</strong></span> 
     </span>
    </p>
   </div>
   <div class='ocr_carea' id='block_1_73' title="bbox 1863 3167 3436 3246">
    <p class='ocr_par' dir='ltr' id='par_1_73' title="bbox 1863 3167 3436 3246">
     <span class='ocr_line' id='line_1_73' title="bbox 1863 3167 3436 3246; baseline -0.018 0"><span class='ocrx_word' id='word_1_589' title='bbox 1863 3200 2044 3246; x_wconf 92' lang='lat' dir='ltr'><strong>tamen</strong></span> <span class='ocrx_word' id='word_1_590' title='bbox 2069 3187 2240 3242; x_wconf 91' lang='lat' dir='ltr'><strong>virtus</strong></span> <span class='ocrx_word' id='word_1_591' title='bbox 2261 3201 2357 3241; x_wconf 89' lang='lat' dir='ltr'><strong>sua</strong></span> <span class='ocrx_word' id='word_1_592' title='bbox 2381 3192 2436 3237; x_wconf 88' lang='lat' dir='ltr'><strong>et</strong></span> <span class='ocrx_word' id='word_1_593' title='bbox 2458 3180 2699 3237; x_wconf 88' lang='lat' dir='ltr'><strong>visitatio</strong></span> <span class='ocrx_word' id='word_1_594' title='bbox 2720 3174 2988 3235; x_wconf 87' lang='lat' dir='ltr'><strong>custodiet</strong></span> <span class='ocrx_word' id='word_1_595' title='bbox 3019 3186 3140 3226; x_wconf 90' lang='lat' dir='ltr'><strong>eum</strong></span> <span class='ocrx_word' id='word_1_596' title='bbox 3173 3186 3188 3223; x_wconf 88' lang='lat'><strong>:</strong></span> <span class='ocrx_word' id='word_1_597' title='bbox 3214 3167 3436 3234; x_wconf 71' lang='lat' dir='ltr'><strong>insuper</strong></span> 
     </span>
    </p>
   </div>
   <div class='ocr_carea' id='block_1_74' title="bbox 1860 3251 3436 3343">
    <p class='ocr_par' dir='ltr' id='par_1_74' title="bbox 1860 3251 3436 3343">
     <span class='ocr_line' id='line_1_74' title="bbox 1860 3251 3436 3343; baseline -0.02 -5"><span class='ocrx_word' id='word_1_598' title='bbox 1860 3290 1918 3338; x_wconf 90' lang='lat' dir='ltr'><strong>ut</strong></span> <span class='ocrx_word' id='word_1_599' title='bbox 1958 3289 2013 3336; x_wconf 90' lang='lat' dir='ltr'><strong>et</strong></span> <span class='ocrx_word' id='word_1_600' title='bbox 2055 3280 2190 3334; x_wconf 88' lang='lat' dir='ltr'><strong>alios</strong></span> <span class='ocrx_word' id='word_1_601' title='bbox 2232 3277 2494 3338; x_wconf 88' lang='lat' dir='ltr'><strong>lucretur,</strong></span> <span class='ocrx_word' id='word_1_602' title='bbox 2540 3272 2631 3343; x_wconf 90' lang='lat' dir='ltr'><strong>qui</strong></span> <span class='ocrx_word' id='word_1_603' title='bbox 2680 3270 2858 3339; x_wconf 91' lang='lat' dir='ltr'><strong>ipsum</strong></span> <span class='ocrx_word' id='word_1_604' title='bbox 2907 3262 3077 3320; x_wconf 87' lang='lat' dir='ltr'><strong>visuri</strong></span> <span class='ocrx_word' id='word_1_605' title='bbox 3123 3265 3324 3315; x_wconf 88' lang='lat' dir='ltr'><strong>essent.</strong></span> <span class='ocrx_word' id='word_1_606' title='bbox 3368 3251 3436 3307; x_wconf 86' lang='lat' dir='ltr'><strong>Et</strong></span> 
     </span>
    </p>
   </div>
   <div class='ocr_carea' id='block_1_75' title="bbox 1860 3345 3437 3442">
    <p class='ocr_par' dir='ltr' id='par_1_75' title="bbox 1860 3345 3437 3442">
     <span class='ocr_line' id='line_1_75' title="bbox 1860 3345 3437 3442; baseline -0.02 -12"><span class='ocrx_word' id='word_1_607' title='bbox 1860 3388 1990 3429; x_wconf 85' lang='lat' dir='ltr'><strong>ecce</strong></span> <span class='ocrx_word' id='word_1_608' title='bbox 2020 3369 2314 3442; x_wconf 81' lang='lat' dir='ltr'><strong>praedicare</strong></span> <span class='ocrx_word' id='word_1_609' title='bbox 2360 3365 2556 3436; x_wconf 60' lang='lat' dir='ltr'><strong>coepit,</strong></span> <span class='ocrx_word' id='word_1_610' title='bbox 2597 3371 2652 3418; x_wconf 83' lang='grc' dir='ltr'><strong>ει</strong></span> <span class='ocrx_word' id='word_1_611' title='bbox 2675 3373 2867 3419; x_wconf 88' lang='lat' dir='ltr'><strong>omnes</strong></span> <span class='ocrx_word' id='word_1_612' title='bbox 2906 3354 3263 3411; x_wconf 81' lang='lat' dir='ltr'><strong>mirabantur.</strong></span> <span class='ocrx_word' id='word_1_613' title='bbox 3299 3345 3437 3402; x_wconf 77' lang='lat' dir='ltr'><strong>Vide</strong></span> 
     </span>
    </p>
   </div>
   <div class='ocr_carea' id='block_1_76' title="bbox 1861 3436 3434 3530">
    <p class='ocr_par' dir='ltr' id='par_1_76' title="bbox 1861 3436 3434 3530">
     <span class='ocr_line' id='line_1_76' title="bbox 1861 3436 3434 3530; baseline -0.02 -8"><span class='ocrx_word' id='word_1_614' title='bbox 1861 3436 2041 3522; x_wconf 82' lang='lat' dir='ltr'><strong>autem</strong></span> <span class='ocrx_word' id='word_1_615' title='bbox 2072 3478 2231 3530; x_wconf 85' lang='lat' dir='ltr'><strong>quam</strong></span> <span class='ocrx_word' id='word_1_616' title='bbox 2261 3461 2468 3515; x_wconf 88' lang='lat' dir='ltr'><strong>alienus</strong></span> <span class='ocrx_word' id='word_1_617' title='bbox 2500 3457 2620 3512; x_wconf 89' lang='lat' dir='ltr'><strong>sita</strong></span> <span class='ocrx_word' id='word_1_618' title='bbox 2650 3453 2789 3509; x_wconf 88' lang='lat' dir='ltr'><strong>fastu</strong></span> <span class='ocrx_word' id='word_1_619' title='bbox 2814 3450 3088 3505; x_wconf 86' lang='lat' dir='ltr'><strong>Servator.</strong></span> <span class='ocrx_word' id='word_1_620' title='bbox 3118 3443 3235 3500; x_wconf 84' lang='lat' dir='ltr'><strong>Non</strong></span> <span class='ocrx_word' id='word_1_621' title='bbox 3259 3436 3434 3495; x_wconf 89' lang='lat' dir='ltr'><strong>dixit:</strong></span> 
     </span>
    </p>
   </div>
   <div class='ocr_carea' id='block_1_77' title="bbox 1858 3530 3433 3623">
    <p class='ocr_par' dir='ltr' id='par_1_77' title="bbox 1858 3530 3433 3623">
     <span class='ocr_line' id='line_1_77' title="bbox 1858 3530 3433 3623; baseline -0.02 -11"><span class='ocrx_word' id='word_1_622' title='bbox 1858 3556 2138 3611; x_wconf 78' lang='lat' dir='ltr'><strong>Annuntia</strong></span> <span class='ocrx_word' id='word_1_623' title='bbox 2161 3567 2283 3623; x_wconf 74' lang='lat' dir='ltr'><strong>qua:</strong></span> <span class='ocrx_word' id='word_1_624' title='bbox 2305 3550 2402 3605; x_wconf 88' lang='lat' dir='ltr'><strong>tibi</strong></span> <span class='ocrx_word' id='word_1_625' title='bbox 2427 3562 2549 3618; x_wconf 85' lang='lat' dir='ltr'><strong>ego,</strong></span> <span class='ocrx_word' id='word_1_626' title='bbox 2578 3544 2696 3607; x_wconf 88' lang='lat' dir='ltr'><strong>sed,</strong></span> <span class='ocrx_word' id='word_1_627' title='bbox 2719 3542 2851 3609; x_wconf 66' lang='lat' dir='ltr'><strong>Quae</strong></span> <span class='ocrx_word' id='word_1_628' title='bbox 2880 3538 2975 3593; x_wconf 79' lang='lat' dir='ltr'><strong>tibi</strong></span> <span class='ocrx_word' id='word_1_629' title='bbox 3000 3534 3126 3590; x_wconf 88' lang='lat' dir='ltr'><strong>fecit</strong></span> <span class='ocrx_word' id='word_1_630' title='bbox 3154 3530 3433 3623; x_wconf 81' lang='lat' dir='ltr'><strong>Dominus.</strong></span> 
     </span>
    </p>
   </div>
   <div class='ocr_carea' id='block_1_78' title="bbox 1864 3620 3432 3715">
    <p class='ocr_par' dir='ltr' id='par_1_78' title="bbox 1864 3620 3432 3715">
     <span class='ocr_line' id='line_1_78' title="bbox 1864 3620 3432 3715; baseline -0.018 -11"><span class='ocrx_word' id='word_1_631' title='bbox 1864 3649 1954 3704; x_wconf 89' lang='lat' dir='ltr'><strong>Sic</strong></span> <span class='ocrx_word' id='word_1_632' title='bbox 1987 3657 2040 3702; x_wconf 92' lang='lat' dir='ltr'><strong>et</strong></span> <span class='ocrx_word' id='word_1_633' title='bbox 2079 3657 2132 3701; x_wconf 89' lang='lat' dir='ltr'><strong>tu</strong></span> <span class='ocrx_word' id='word_1_634' title='bbox 2168 3620 2385 3715; x_wconf 80' lang='lat' dir='ltr'><strong>quando</strong></span> <span class='ocrx_word' id='word_1_635' title='bbox 2416 3642 2616 3696; x_wconf 91' lang='lat' dir='ltr'><strong>bonum</strong></span> <span class='ocrx_word' id='word_1_636' title='bbox 2657 3634 2789 3706; x_wconf 90' lang='lat' dir='ltr'><strong>quid</strong></span> <span class='ocrx_word' id='word_1_637' title='bbox 2822 3630 3018 3688; x_wconf 88' lang='lat' dir='ltr'><strong>feceris</strong></span> <span class='ocrx_word' id='word_1_638' title='bbox 3040 3662 3056 3695; x_wconf 84' lang='lat'><strong>,</strong></span> <span class='ocrx_word' id='word_1_639' title='bbox 3092 3642 3159 3682; x_wconf 91' lang='lat' dir='ltr'><strong>ne</strong></span> <span class='ocrx_word' id='word_1_640' title='bbox 3189 3623 3286 3680; x_wconf 90' lang='lat' dir='ltr'><strong>tibi</strong></span> <span class='ocrx_word' id='word_1_641' title='bbox 3310 3620 3432 3692; x_wconf 86' lang='lat' dir='ltr'><strong>ipsi,</strong></span> 
     </span>
    </p>
   </div>
   <div class='ocr_carea' id='block_1_79' title="bbox 1862 3730 2696 3795">
    <p class='ocr_par' dir='ltr' id='par_1_79' title="bbox 1862 3730 2696 3795">
     <span class='ocr_line' id='line_1_79' title="bbox 1862 3730 2696 3795; baseline -0.016 0"><span class='ocrx_word' id='word_1_642' title='bbox 1862 3739 1953 3795; x_wconf 88' lang='lat' dir='ltr'><strong>sed</strong></span> <span class='ocrx_word' id='word_1_643' title='bbox 1984 3736 2212 3792; x_wconf 90' lang='lat' dir='ltr'><strong>Domino</strong></span> <span class='ocrx_word' id='word_1_644' title='bbox 2237 3733 2436 3788; x_wconf 90' lang='lat' dir='ltr'><strong>factum</strong></span> <span class='ocrx_word' id='word_1_645' title='bbox 2468 3730 2696 3786; x_wconf 85' lang='lat' dir='ltr'><strong>tribuas.</strong></span> 
     </span>
    </p>
   </div>
   <div class='ocr_carea' id='block_1_80' title="bbox 1937 3810 3437 3883">
    <p class='ocr_par' dir='ltr' id='par_1_80' title="bbox 1937 3810 3437 3883">
     <span class='ocr_line' id='line_1_80' title="bbox 1937 3810 3437 3883; baseline -0.015 0"><span class='ocrx_word' id='word_1_646' title='bbox 1937 3828 2100 3883; x_wconf 76' lang='lat' dir='ltr'><strong>Vens.</strong></span> <span class='ocrx_word' id='word_1_647' title='bbox 2128 3825 2321 3881; x_wconf 74' lang='lat'><strong>21-29.</strong></span> <span class='ocrx_word' id='word_1_648' title='bbox 2359 3841 2378 3876; x_wconf 82' lang='grc' dir='ltr'><strong>ι</strong></span> <span class='ocrx_word' id='word_1_649' title='bbox 2417 3823 2477 3877; x_wconf 85' lang='grc' dir='ltr'><strong>Ει</strong></span> <span class='ocrx_word' id='word_1_650' title='bbox 2510 3836 2633 3877; x_wconf 89' lang='lat' dir='ltr'><strong>cum</strong></span> <span class='ocrx_word' id='word_1_651' title='bbox 2668 3817 2951 3874; x_wconf 83' lang='lat' dir='ltr'><strong>transisset</strong></span> <span class='ocrx_word' id='word_1_652' title='bbox 2977 3811 3147 3869; x_wconf 82' lang='lat' dir='ltr'><strong>Jesns&#39;</strong></span> <span class='ocrx_word' id='word_1_653' title='bbox 3163 3810 3286 3866; x_wconf 83' lang='lat' dir='ltr'><strong>navi</strong></span> <span class='ocrx_word' id='word_1_654' title='bbox 3314 3822 3437 3862; x_wconf 85' lang='lat' dir='ltr'><strong>rur-</strong></span> 
     </span>
    </p>
   </div>
   <div class='ocr_carea' id='block_1_81' title="bbox 1864 3902 3435 3987">
    <p class='ocr_par' dir='ltr' id='par_1_81' title="bbox 1864 3902 3435 3987">
     <span class='ocr_line' id='line_1_81' title="bbox 1864 3902 3435 3987; baseline -0.014 -9"><span class='ocrx_word' id='word_1_655' title='bbox 1864 3937 1956 3979; x_wconf 88' lang='lat' dir='ltr'><strong>sus</strong></span> <span class='ocrx_word' id='word_1_656' title='bbox 1991 3922 2048 3976; x_wconf 90' lang='lat' dir='ltr'><strong>in</strong></span> <span class='ocrx_word' id='word_1_657' title='bbox 2090 3919 2402 3975; x_wconf 86' lang='lat' dir='ltr'><strong>ulteriorem</strong></span> <span class='ocrx_word' id='word_1_658' title='bbox 2437 3916 2634 3987; x_wconf 89' lang='lat' dir='ltr'><strong>ripam,</strong></span> <span class='ocrx_word' id='word_1_659' title='bbox 2671 3911 2927 3968; x_wconf 86' lang='lat' dir='ltr'><strong>convenit</strong></span> <span class='ocrx_word' id='word_1_660' title='bbox 2967 3909 3132 3963; x_wconf 88' lang='lat' dir='ltr'><strong>multa</strong></span> <span class='ocrx_word' id='word_1_661' title='bbox 3175 3906 3331 3960; x_wconf 87' lang='lat' dir='ltr'><strong>tnr‘ha</strong></span> <span class='ocrx_word' id='word_1_662' title='bbox 3367 3902 3435 3956; x_wconf 89' lang='lat' dir='ltr'><strong>ad</strong></span> 
     </span>
    </p>
   </div>
   <div class='ocr_carea' id='block_1_82' title="bbox 1863 3994 3440 4078">
    <p class='ocr_par' dir='ltr' id='par_1_82' title="bbox 1863 3994 3440 4078">
     <span class='ocr_line' id='line_1_82' title="bbox 1863 3994 3440 4078; baseline -0.014 -8"><span class='ocrx_word' id='word_1_663' title='bbox 1863 4031 2011 4078; x_wconf 88' lang='lat' dir='ltr'><strong>eum,</strong></span> <span class='ocrx_word' id='word_1_664' title='bbox 2032 4022 2084 4069; x_wconf 91' lang='lat' dir='ltr'><strong>et</strong></span> <span class='ocrx_word' id='word_1_665' title='bbox 2110 4020 2229 4067; x_wconf 88' lang='lat' dir='ltr'><strong>erat</strong></span> <span class='ocrx_word' id='word_1_666' title='bbox 2255 4010 2401 4064; x_wconf 85' lang='lat' dir='ltr'><strong>circa</strong></span> <span class='ocrx_word' id='word_1_667' title='bbox 2434 4021 2602 4062; x_wconf 90' lang='lat' dir='ltr'><strong>mare.</strong></span> <span class='ocrx_word' id='word_1_668' title='bbox 2629 4005 2695 4060; x_wconf 83' lang='lat' dir='ltr'><strong>Et</strong></span> <span class='ocrx_word' id='word_1_669' title='bbox 2719 4019 2847 4060; x_wconf 88' lang='lat' dir='ltr'><strong>ecce</strong></span> <span class='ocrx_word' id='word_1_670' title='bbox 2869 4001 3018 4056; x_wconf 88' lang='lat' dir='ltr'><strong>venit</strong></span> <span class='ocrx_word' id='word_1_671' title='bbox 3041 3997 3259 4069; x_wconf 89' lang='lat' dir='ltr'><strong>quidam</strong></span> <span class='ocrx_word' id='word_1_672' title='bbox 3288 3994 3440 4065; x_wconf 83' lang='lat' dir='ltr'><strong>prin-</strong></span> 
     </span>
    </p>
   </div>
   <div class='ocr_carea' id='block_1_83' title="bbox 1863 4086 3433 4178">
    <p class='ocr_par' dir='ltr' id='par_1_83' title="bbox 1863 4086 3433 4178">
     <span class='ocr_line' id='line_1_83' title="bbox 1863 4086 3433 4178; baseline -0.017 -14"><span class='ocrx_word' id='word_1_673' title='bbox 1863 4107 2042 4178; x_wconf 89' lang='lat' dir='ltr'><strong>cipum</strong></span> <span class='ocrx_word' id='word_1_674' title='bbox 2094 4103 2393 4175; x_wconf 74' lang='lat' dir='ltr'><strong>Synagoga:</strong></span> <span class='ocrx_word' id='word_1_675' title='bbox 2436 4098 2654 4155; x_wconf 89' lang='lat' dir='ltr'><strong>nomine</strong></span> <span class='ocrx_word' id='word_1_676' title='bbox 2693 4095 2908 4160; x_wconf 84' lang='lat' dir='ltr'><strong>Jairus,</strong></span> <span class='ocrx_word' id='word_1_677' title='bbox 2957 4101 3014 4148; x_wconf 88' lang='lat' dir='ltr'><strong>et</strong></span> <span class='ocrx_word' id='word_1_678' title='bbox 3055 4103 3174 4146; x_wconf 91' lang='lat' dir='ltr'><strong>cum</strong></span> <span class='ocrx_word' id='word_1_679' title='bbox 3217 4086 3433 4141; x_wconf 73' lang='lat' dir='ltr'><strong>vidisset</strong></span> 
     </span>
    </p>
   </div>
   <div class='ocr_carea' id='block_1_84' title="bbox 1863 4182 3434 4267">
    <p class='ocr_par' dir='ltr' id='par_1_84' title="bbox 1863 4182 3434 4267">
     <span class='ocr_line' id='line_1_84' title="bbox 1863 4182 3434 4267; baseline -0.016 -11"><span class='ocrx_word' id='word_1_680' title='bbox 1863 4215 1986 4256; x_wconf 89' lang='lat' dir='ltr'><strong>eum</strong></span> <span class='ocrx_word' id='word_1_681' title='bbox 2011 4242 2026 4264; x_wconf 88' lang='lat'><strong>,</strong></span> <span class='ocrx_word' id='word_1_682' title='bbox 2070 4194 2304 4267; x_wconf 87' lang='lat' dir='ltr'><strong>procidit</strong></span> <span class='ocrx_word' id='word_1_683' title='bbox 2336 4192 2403 4248; x_wconf 90' lang='lat' dir='ltr'><strong>ad</strong></span> <span class='ocrx_word' id='word_1_684' title='bbox 2432 4190 2597 4258; x_wconf 87' lang='lat' dir='ltr'><strong>pedes</strong></span> <span class='ocrx_word' id='word_1_685' title='bbox 2624 4187 2773 4258; x_wconf 85' lang='lat' dir='ltr'><strong>ejus,</strong></span> <span class='ocrx_word' id='word_1_686' title='bbox 2812 4195 2867 4241; x_wconf 93' lang='lat' dir='ltr'><strong>et</strong></span> <span class='ocrx_word' id='word_1_687' title='bbox 2897 4182 3288 4254; x_wconf 83' lang='lat' dir='ltr'><strong>deprecabatur</strong></span> <span class='ocrx_word' id='word_1_688' title='bbox 3311 4192 3434 4232; x_wconf 89' lang='lat' dir='ltr'><strong>eum</strong></span> 
     </span>
    </p>
   </div>
   <div class='ocr_carea' id='block_1_85' title="bbox 1863 4276 3437 4352">
    <p class='ocr_par' dir='ltr' id='par_1_85' title="bbox 1863 4276 3437 4352">
     <span class='ocr_line' id='line_1_85' title="bbox 1863 4276 3437 4352; baseline -0.013 -7"><span class='ocrx_word' id='word_1_689' title='bbox 1863 4290 2116 4352; x_wconf 89' lang='lat' dir='ltr'><strong>multum,</strong></span> <span class='ocrx_word' id='word_1_690' title='bbox 2146 4286 2335 4342; x_wconf 89' lang='lat' dir='ltr'><strong>dicens</strong></span> <span class='ocrx_word' id='word_1_691' title='bbox 2364 4301 2380 4340; x_wconf 94' lang='lat'><strong>:</strong></span> <span class='ocrx_word' id='word_1_692' title='bbox 2416 4281 2609 4338; x_wconf 88' lang='lat' dir='ltr'><strong>Filiola</strong></span> <span class='ocrx_word' id='word_1_693' title='bbox 2645 4292 2762 4334; x_wconf 88' lang='lat' dir='ltr'><strong>mea</strong></span> <span class='ocrx_word' id='word_1_694' title='bbox 2807 4277 2865 4332; x_wconf 89' lang='lat' dir='ltr'><strong>in</strong></span> <span class='ocrx_word' id='word_1_695' title='bbox 2892 4276 3157 4331; x_wconf 78' lang='lat' dir='ltr'><strong>extremis</strong></span> <span class='ocrx_word' id='word_1_696' title='bbox 3180 4280 3300 4326; x_wconf 88' lang='lat' dir='ltr'><strong>est:</strong></span> <span class='ocrx_word' id='word_1_697' title='bbox 3338 4282 3437 4324; x_wconf 93' lang='lat' dir='ltr'><strong>oro</strong></span> 
     </span>
    </p>
   </div>
   <div class='ocr_carea' id='block_1_86' title="bbox 1863 4360 3440 4442">
    <p class='ocr_par' dir='ltr' id='par_1_86' title="bbox 1863 4360 3440 4442">
     <span class='ocr_line' id='line_1_86' title="bbox 1863 4360 3440 4442; baseline -0.013 -7"><span class='ocrx_word' id='word_1_698' title='bbox 1863 4388 1924 4435; x_wconf 90' lang='lat' dir='ltr'><strong>ut</strong></span> <span class='ocrx_word' id='word_1_699' title='bbox 1966 4379 2153 4434; x_wconf 88' lang='lat' dir='ltr'><strong>venias</strong></span> <span class='ocrx_word' id='word_1_700' title='bbox 2199 4384 2253 4431; x_wconf 90' lang='lat' dir='ltr'><strong>et</strong></span> <span class='ocrx_word' id='word_1_701' title='bbox 2298 4376 2545 4442; x_wconf 89' lang='lat' dir='ltr'><strong>imponas</strong></span> <span class='ocrx_word' id='word_1_702' title='bbox 2587 4370 2664 4425; x_wconf 90' lang='lat' dir='ltr'><strong>illi</strong></span> <span class='ocrx_word' id='word_1_703' title='bbox 2708 4383 2925 4432; x_wconf 88' lang='lat' dir='ltr'><strong>manus,</strong></span> <span class='ocrx_word' id='word_1_704' title='bbox 2980 4374 3040 4419; x_wconf 89' lang='lat' dir='ltr'><strong>nt</strong></span> <span class='ocrx_word' id='word_1_705' title='bbox 3083 4363 3230 4418; x_wconf 86' lang='lat' dir='ltr'><strong>salva</strong></span> <span class='ocrx_word' id='word_1_706' title='bbox 3275 4360 3345 4416; x_wconf 87' lang='lat' dir='ltr'><strong>sit</strong></span> <span class='ocrx_word' id='word_1_707' title='bbox 3380 4368 3440 4414; x_wconf 88' lang='lat' dir='ltr'><strong>et</strong></span> 
     </span>
    </p>
   </div>
   <div class='ocr_carea' id='block_1_87' title="bbox 226 4453 1753 4532">
    <p class='ocr_par' dir='ltr' id='par_1_87' title="bbox 226 4457 1753 4532">
     <span class='ocr_line' id='line_1_87' title="bbox 226 4457 1753 4532; baseline 0.003 -24"><span class='ocrx_word' id='word_1_708' title='bbox 226 4457 350 4530; x_wconf 81' lang='grc' dir='ltr'><strong>σωθῇ</strong></span> <span class='ocrx_word' id='word_1_709' title='bbox 403 4459 497 4513; x_wconf 65' lang='grc' dir='ltr'><strong>καὶ⁸</strong></span> <span class='ocrx_word' id='word_1_710' title='bbox 549 4460 796 4532; x_wconf 80' lang='grc' dir='ltr'><strong>ζήσεται.</strong></span> <span class='ocrx_word' id='word_1_711' title='bbox 856 4461 968 4515; x_wconf 77' lang='grc' dir='ltr'><strong>Καὶ</strong></span> <span class='ocrx_word' id='word_1_712' title='bbox 1014 4460 1228 4532; x_wconf 83' lang='grc' dir='ltr'><strong>ἀπῆλθε</strong></span> <span class='ocrx_word' id='word_1_713' title='bbox 1267 4460 1383 4532; x_wconf 85' lang='grc' dir='ltr'><strong>μετ’</strong></span> <span class='ocrx_word' id='word_1_714' title='bbox 1421 4460 1621 4515; x_wconf 82' lang='grc' dir='ltr'><strong>αὐτοῦ’</strong></span> <span class='ocrx_word' id='word_1_715' title='bbox 1663 4460 1753 4514; x_wconf 69' lang='grc' dir='ltr'><strong>καὶ</strong></span> 
     </span>
    </p>
   </div>
   <div class='ocr_carea' id='block_1_88' title="bbox 1859 4453 3439 4532">
    <p class='ocr_par' dir='ltr' id='par_1_88' title="bbox 1866 4453 3439 4530">
     <span class='ocr_line' id='line_1_88' title="bbox 1866 4453 3439 4530; baseline -0.013 -3"><span class='ocrx_word' id='word_1_716' title='bbox 1866 4472 2028 4527; x_wconf 88' lang='lat' dir='ltr'><strong>vivet.</strong></span> <span class='ocrx_word' id='word_1_717' title='bbox 2063 4468 2130 4525; x_wconf 87' lang='lat' dir='ltr'><strong>Et</strong></span> <span class='ocrx_word' id='word_1_718' title='bbox 2164 4468 2298 4524; x_wconf 88' lang='lat' dir='ltr'><strong>abiit</strong></span> <span class='ocrx_word' id='word_1_719' title='bbox 2344 4482 2467 4522; x_wconf 91' lang='lat' dir='ltr'><strong>cum</strong></span> <span class='ocrx_word' id='word_1_720' title='bbox 2509 4463 2626 4528; x_wconf 89' lang='lat' dir='ltr'><strong>illo,</strong></span> <span class='ocrx_word' id='word_1_721' title='bbox 2654 4471 2709 4518; x_wconf 92' lang='lat' dir='ltr'><strong>et</strong></span> <span class='ocrx_word' id='word_1_722' title='bbox 2748 4459 3077 4530; x_wconf 89' lang='lat' dir='ltr'><strong>sequebatur</strong></span> <span class='ocrx_word' id='word_1_723' title='bbox 3112 4470 3233 4511; x_wconf 91' lang='lat' dir='ltr'><strong>enm</strong></span> <span class='ocrx_word' id='word_1_724' title='bbox 3281 4453 3439 4508; x_wconf 89' lang='lat' dir='ltr'><strong>turba</strong></span> 
     </span>
    </p>
   </div>
   <div class='ocr_carea' id='block_1_89' title="bbox 225 4549 1750 4623">
    <p class='ocr_par' dir='ltr' id='par_1_89' title="bbox 225 4549 1750 4623">
     <span class='ocr_line' id='line_1_89' title="bbox 225 4549 1750 4623; baseline 0.003 -20"><span class='ocrx_word' id='word_1_725' title='bbox 225 4549 476 4618; x_wconf 60' lang='grc' dir='ltr'><strong>ᾐκολούθει</strong></span> <span class='ocrx_word' id='word_1_726' title='bbox 504 4552 655 4622; x_wconf 86' lang='grc' dir='ltr'><strong>αύτῷ</strong></span> <span class='ocrx_word' id='word_1_727' title='bbox 681 4553 837 4623; x_wconf 83' lang='grc' dir='ltr'><strong>ὁχλος</strong></span> <span class='ocrx_word' id='word_1_728' title='bbox 870 4554 1058 4620; x_wconf 79' lang='grc' dir='ltr'><strong>πολὺς,</strong></span> <span class='ocrx_word' id='word_1_729' title='bbox 1109 4554 1204 4607; x_wconf 74' lang='grc' dir='ltr'><strong>καὶ</strong></span> <span class='ocrx_word' id='word_1_730' title='bbox 1228 4553 1538 4607; x_wconf 78' lang='grc' dir='ltr'><strong>συνέθλιϐον</strong></span> <span class='ocrx_word' id='word_1_731' title='bbox 1562 4552 1750 4607; x_wconf 79' lang='grc' dir='ltr'><strong>αὑτὸν.</strong></span> 
     </span>
    </p>
   </div>
   <div class='ocr_carea' id='block_1_90' title="bbox 229 4642 1758 4719">
    <p class='ocr_par' dir='ltr' id='par_1_90' title="bbox 229 4642 1758 4719">
     <span class='ocr_line' id='line_1_90' title="bbox 229 4642 1758 4719; baseline 0.003 -24"><span class='ocrx_word' id='word_1_732' title='bbox 229 4642 320 4696; x_wconf 80' lang='lat' dir='ltr'><strong>Kal</strong></span> <span class='ocrx_word' id='word_1_733' title='bbox 338 4647 465 4713; x_wconf 83' lang='grc' dir='ltr'><strong>γυνή</strong></span> <span class='ocrx_word' id='word_1_734' title='bbox 504 4663 588 4709; x_wconf 88' lang='grc' dir='ltr'><strong>τις</strong></span> <span class='ocrx_word' id='word_1_735' title='bbox 614 4642 746 4700; x_wconf 81' lang='grc' dir='ltr'><strong>οὖσα</strong></span> <span class='ocrx_word' id='word_1_736' title='bbox 770 4649 827 4701; x_wconf 87' lang='grc' dir='ltr'><strong>ἐν</strong></span> <span class='ocrx_word' id='word_1_737' title='bbox 861 4646 1015 4718; x_wconf 78' lang='grc' dir='ltr'><strong>ῥύσει</strong></span> <span class='ocrx_word' id='word_1_738' title='bbox 1039 4649 1268 4719; x_wconf 83' lang='grc' dir='ltr'><strong>αἵματος</strong></span> <span class='ocrx_word' id='word_1_739' title='bbox 1284 4647 1381 4718; x_wconf 81' lang='grc' dir='ltr'><strong>ἐτη</strong></span> <span class='ocrx_word' id='word_1_740' title='bbox 1407 4647 1636 4711; x_wconf 84' lang='grc' dir='ltr'><strong>δώδεκα,</strong></span> <span class='ocrx_word' id='word_1_741' title='bbox 1664 4649 1758 4701; x_wconf 69' lang='grc' dir='ltr'><strong>καὶ</strong></span> 
     </span>
    </p>
   </div>
   <div class='ocr_carea' id='block_1_91' title="bbox 229 4734 1758 4811">
    <p class='ocr_par' dir='ltr' id='par_1_91' title="bbox 229 4734 1758 4811">
     <span class='ocr_line' id='line_1_91' title="bbox 229 4734 1758 4811; baseline 0.005 -27"><span class='ocrx_word' id='word_1_742' title='bbox 229 4734 368 4789; x_wconf 81' lang='grc' dir='ltr'><strong>πολλά</strong></span> <span class='ocrx_word' id='word_1_743' title='bbox 396 4738 642 4793; x_wconf 86' lang='grc' dir='ltr'><strong>παθοῦσα</strong></span> <span class='ocrx_word' id='word_1_744' title='bbox 672 4740 777 4793; x_wconf 76' lang='grc' dir='ltr'><strong>ὑπὸ</strong></span> <span class='ocrx_word' id='word_1_745' title='bbox 806 4739 1017 4793; x_wconf 84' lang='grc' dir='ltr'><strong>πολλῶν</strong></span> <span class='ocrx_word' id='word_1_746' title='bbox 1052 4739 1280 4811; x_wconf 80' lang='grc' dir='ltr'><strong>ἰατρῶν,</strong></span> <span class='ocrx_word' id='word_1_747' title='bbox 1314 4740 1410 4794; x_wconf 78' lang='grc' dir='ltr'><strong>καὶ</strong></span> <span class='ocrx_word' id='word_1_748' title='bbox 1435 4739 1758 4808; x_wconf 86' lang='grc' dir='ltr'><strong>δαπανήσα-</strong></span> 
     </span>
    </p>
   </div>
   <div class='ocr_carea' id='block_1_92' title="bbox 232 4828 1756 4902">
    <p class='ocr_par' dir='ltr' id='par_1_92' title="bbox 232 4828 1756 4902">
     <span class='ocr_line' id='line_1_92' title="bbox 232 4828 1756 4902; baseline 0.003 -24"><span class='ocrx_word' id='word_1_749' title='bbox 232 4839 283 4877; x_wconf 78' lang='grc' dir='ltr'><strong>σα</strong></span> <span class='ocrx_word' id='word_1_750' title='bbox 309 4828 367 4882; x_wconf 81' lang='grc' dir='ltr'><strong>τὰ</strong></span> <span class='ocrx_word' id='word_1_751' title='bbox 404 4831 531 4901; x_wconf 87' lang='grc' dir='ltr'><strong>παρ’</strong></span> <span class='ocrx_word' id='word_1_752' title='bbox 585 4832 756 4901; x_wconf 77' lang='grc' dir='ltr'><strong>αὐτῆς</strong></span> <span class='ocrx_word' id='word_1_753' title='bbox 799 4831 1002 4897; x_wconf 87' lang='grc' dir='ltr'><strong>πάντα,</strong></span> <span class='ocrx_word' id='word_1_754' title='bbox 1045 4832 1140 4885; x_wconf 71' lang='grc' dir='ltr'><strong>καὶ</strong></span> <span class='ocrx_word' id='word_1_755' title='bbox 1172 4832 1337 4902; x_wconf 83' lang='grc' dir='ltr'><strong>μηδὲν</strong></span> <span class='ocrx_word' id='word_1_756' title='bbox 1391 4829 1756 4901; x_wconf 78' lang='grc' dir='ltr'><strong>ὠφεληθεῖσα,</strong></span> 
     </span>
    </p>
   </div>
   <div class='ocr_carea' id='block_1_93' title="bbox 231 4920 1760 4997">
    <p class='ocr_par' dir='ltr' id='par_1_93' title="bbox 231 4920 1760 4997">
     <span class='ocr_line' id='line_1_93' title="bbox 231 4920 1760 4997; baseline 0.003 -28"><span class='ocrx_word' id='word_1_757' title='bbox 231 4920 336 4973; x_wconf 72' lang='grc' dir='ltr'><strong>ἀλλὰ</strong></span> <span class='ocrx_word' id='word_1_758' title='bbox 364 4924 557 4992; x_wconf 81' lang='grc' dir='ltr'><strong>μᾶλλον</strong></span> <span class='ocrx_word' id='word_1_759' title='bbox 602 4927 682 4987; x_wconf 80' lang='grc' dir='ltr'><strong>εἰς</strong></span> <span class='ocrx_word' id='word_1_760' title='bbox 726 4925 788 4979; x_wconf 80' lang='grc' dir='ltr'><strong>τὸ</strong></span> <span class='ocrx_word' id='word_1_761' title='bbox 822 4928 1005 4997; x_wconf 87' lang='grc' dir='ltr'><strong>χεῖρον</strong></span> <span class='ocrx_word' id='word_1_762' title='bbox 1041 4923 1291 4989; x_wconf 82' lang='grc' dir='ltr'><strong>ἐλθοῦσα,</strong></span> <span class='ocrx_word' id='word_1_763' title='bbox 1313 4922 1596 4976; x_wconf 83' lang='grc' dir='ltr'><strong>ἀκούσασα</strong></span> <span class='ocrx_word' id='word_1_764' title='bbox 1631 4922 1760 4993; x_wconf 77' lang='grc' dir='ltr'><strong>περὶ</strong></span> 
     </span>
    </p>
   </div>
   <div class='ocr_carea' id='block_1_94' title="bbox 228 5011 1758 5087">
    <p class='ocr_par' dir='ltr' id='par_1_94' title="bbox 228 5011 1758 5087">
     <span class='ocr_line' id='line_1_94' title="bbox 228 5011 1758 5087; baseline 0.001 -25"><span class='ocrx_word' id='word_1_765' title='bbox 228 5011 302 5065; x_wconf 81' lang='grc' dir='ltr'><strong>τοῦ</strong></span> <span class='ocrx_word' id='word_1_766' title='bbox 335 5014 522 5085; x_wconf 84' lang='grc' dir='ltr'><strong>Ἰησοῦ,</strong></span> <span class='ocrx_word' id='word_1_767' title='bbox 545 5016 776 5070; x_wconf 85' lang='grc' dir='ltr'><strong>ἐλθοῦσα</strong></span> <span class='ocrx_word' id='word_1_768' title='bbox 810 5017 870 5069; x_wconf 87' lang='grc' dir='ltr'><strong>ἐν</strong></span> <span class='ocrx_word' id='word_1_769' title='bbox 898 5016 977 5087; x_wconf 84' lang='grc' dir='ltr'><strong>τῷ</strong></span> <span class='ocrx_word' id='word_1_770' title='bbox 1003 5014 1146 5086; x_wconf 72' lang='grc' dir='ltr'><strong>ὄχλῳ</strong></span> <span class='ocrx_word' id='word_1_771' title='bbox 1177 5013 1427 5078; x_wconf 79' lang='grc' dir='ltr'><strong>ὄπισθεν,</strong></span> <span class='ocrx_word' id='word_1_772' title='bbox 1463 5012 1640 5083; x_wconf 75' lang='grc' dir='ltr'><strong>ἥψατο</strong></span> <span class='ocrx_word' id='word_1_773' title='bbox 1666 5012 1758 5065; x_wconf 85' lang='grc' dir='ltr'><strong>τοῦ</strong></span> 
     </span>
    </p>
   </div>
   <div class='ocr_carea' id='block_1_95' title="bbox 231 5103 1762 5180">
    <p class='ocr_par' dir='ltr' id='par_1_95' title="bbox 231 5103 1762 5180">
     <span class='ocr_line' id='line_1_95' title="bbox 231 5103 1762 5180; baseline -0.003 -21"><span class='ocrx_word' id='word_1_774' title='bbox 231 5103 409 5172; x_wconf 68' lang='grc' dir='ltr'><strong>ἱματίου</strong></span> <span class='ocrx_word' id='word_1_775' title='bbox 431 5109 617 5164; x_wconf 81' lang='grc' dir='ltr'><strong>αὐτοῦ·</strong></span> <span class='ocrx_word' id='word_1_776' title='bbox 652 5109 808 5177; x_wconf 74' lang='grc' dir='ltr'><strong>ἔλεγε</strong></span> <span class='ocrx_word' id='word_1_777' title='bbox 840 5109 948 5180; x_wconf 70' lang='grc' dir='ltr'><strong>γάρ</strong></span> <span class='ocrx_word' id='word_1_778' title='bbox 972 5109 1079 5172; x_wconf 85' lang='grc' dir='ltr'><strong>ὅτι,</strong></span> <span class='ocrx_word' id='word_1_779' title='bbox 1110 5106 1236 5161; x_wconf 82' lang='grc' dir='ltr'><strong>Κάν</strong></span> <span class='ocrx_word' id='word_1_780' title='bbox 1266 5106 1374 5160; x_wconf 83' lang='grc' dir='ltr'><strong>τῶν</strong></span> <span class='ocrx_word' id='word_1_781' title='bbox 1406 5104 1637 5175; x_wconf 81' lang='grc' dir='ltr'><strong>ἱματίων</strong></span> <span class='ocrx_word' id='word_1_782' title='bbox 1663 5104 1762 5157; x_wconf 90' lang='grc' dir='ltr'><strong>αύ-</strong></span> 
     </span>
    </p>
   </div>
   <div class='ocr_carea' id='block_1_96' title="bbox 228 5195 1756 5271">
    <p class='ocr_par' dir='ltr' id='par_1_96' title="bbox 228 5195 1756 5271">
     <span class='ocr_line' id='line_1_96' title="bbox 228 5195 1756 5271; baseline 0.003 -25"><span class='ocrx_word' id='word_1_783' title='bbox 228 5195 300 5248; x_wconf 76' lang='grc' dir='ltr'><strong>τοῦ</strong></span> <span class='ocrx_word' id='word_1_784' title='bbox 342 5198 584 5270; x_wconf 73' lang='grc' dir='ltr'><strong>ἅψωμαι,</strong></span> <span class='ocrx_word' id='word_1_785' title='bbox 617 5201 955 5271; x_wconf 76' lang='grc' dir='ltr'><strong>σωθήσομαι</strong></span> <span class='ocrx_word' id='word_1_786' title='bbox 979 5216 993 5231; x_wconf 82' lang='grc'><em>’</em></span> <span class='ocrx_word' id='word_1_787' title='bbox 1028 5199 1120 5253; x_wconf 77' lang='grc' dir='ltr'><strong>καὶ</strong></span> <span class='ocrx_word' id='word_1_788' title='bbox 1151 5198 1356 5261; x_wconf 79' lang='grc' dir='ltr'><strong>εὐθέως</strong></span> <span class='ocrx_word' id='word_1_789' title='bbox 1414 5196 1687 5267; x_wconf 82' lang='grc' dir='ltr'><strong>ἐξηράνθη</strong></span> <span class='ocrx_word' id='word_1_790' title='bbox 1721 5198 1756 5266; x_wconf 80' lang='grc' dir='ltr'>ἡ</span> 
     </span>
    </p>
   </div>
   <div class='ocr_carea' id='block_1_97' title="bbox 230 5285 1760 5360">
    <p class='ocr_par' dir='ltr' id='par_1_97' title="bbox 230 5285 1760 5360">
     <span class='ocr_line' id='line_1_97' title="bbox 230 5285 1760 5360; baseline -0.001 -20"><span class='ocrx_word' id='word_1_791' title='bbox 230 5285 350 5357; x_wconf 78' lang='grc' dir='ltr'><strong>πηγὴ</strong></span> <span class='ocrx_word' id='word_1_792' title='bbox 378 5287 470 5342; x_wconf 87' lang='grc' dir='ltr'><strong>τοῦ</strong></span> <span class='ocrx_word' id='word_1_793' title='bbox 509 5291 740 5360; x_wconf 80' lang='grc' dir='ltr'><strong>αἵματος</strong></span> <span class='ocrx_word' id='word_1_794' title='bbox 776 5291 969 5360; x_wconf 82' lang='grc' dir='ltr'><strong>αὐτῆς,</strong></span> <span class='ocrx_word' id='word_1_795' title='bbox 1000 5291 1094 5343; x_wconf 75' lang='grc' dir='ltr'><strong>καὶ</strong></span> <span class='ocrx_word' id='word_1_796' title='bbox 1128 5288 1270 5358; x_wconf 74' lang='grc' dir='ltr'><strong>ἔγνω</strong></span> <span class='ocrx_word' id='word_1_797' title='bbox 1291 5286 1369 5358; x_wconf 85' lang='grc' dir='ltr'><strong>τῷ</strong></span> <span class='ocrx_word' id='word_1_798' title='bbox 1400 5285 1638 5357; x_wconf 86' lang='grc' dir='ltr'><strong>σώματι,</strong></span> <span class='ocrx_word' id='word_1_799' title='bbox 1677 5286 1760 5340; x_wconf 82' lang='grc' dir='ltr'><strong>ὅτι</strong></span> 
     </span>
    </p>
   </div>
   <div class='ocr_carea' id='block_1_98' title="bbox 232 5375 1760 5453">
    <p class='ocr_par' dir='ltr' id='par_1_98' title="bbox 232 5375 1760 5453">
     <span class='ocr_line' id='line_1_98' title="bbox 232 5375 1760 5453; baseline 0.001 -24"><span class='ocrx_word' id='word_1_800' title='bbox 232 5376 346 5432; x_wconf 73' lang='lat' dir='ltr'><strong>iam</strong></span> <span class='ocrx_word' id='word_1_801' title='bbox 373 5380 477 5434; x_wconf 82' lang='grc' dir='ltr'><strong>ἀπὸ</strong></span> <span class='ocrx_word' id='word_1_802' title='bbox 512 5383 611 5453; x_wconf 83' lang='grc' dir='ltr'><strong>τῆς</strong></span> <span class='ocrx_word' id='word_1_803' title='bbox 655 5382 939 5451; x_wconf 82' lang='grc' dir='ltr'><strong>μάστιγος.</strong></span> <span class='ocrx_word' id='word_1_804' title='bbox 984 5398 1003 5433; x_wconf 73' lang='grc' dir='ltr'><strong>ι</strong></span> <span class='ocrx_word' id='word_1_805' title='bbox 1058 5379 1214 5434; x_wconf 86' lang='grc' dir='ltr'><strong>Μετά</strong></span> <span class='ocrx_word' id='word_1_806' title='bbox 1239 5379 1301 5431; x_wconf 85' lang='grc' dir='ltr'><strong>τὸ</strong></span> <span class='ocrx_word' id='word_1_807' title='bbox 1340 5377 1434 5431; x_wconf 72' lang='grc' dir='ltr'><strong>ἐπὶ</strong></span> <span class='ocrx_word' id='word_1_808' title='bbox 1462 5375 1539 5446; x_wconf 82' lang='grc' dir='ltr'><strong>τῷ</strong></span> <span class='ocrx_word' id='word_1_809' title='bbox 1567 5377 1760 5447; x_wconf 85' lang='grc' dir='ltr'><strong>δαιμο-</strong></span> 
     </span>
    </p>
   </div>
   <div class='ocr_carea' id='block_1_99' title="bbox 230 5468 1759 5546">
    <p class='ocr_par' dir='ltr' id='par_1_99' title="bbox 230 5468 1759 5546">
     <span class='ocr_line' id='line_1_99' title="bbox 230 5468 1759 5546; baseline -0.001 -24"><span class='ocrx_word' id='word_1_810' title='bbox 230 5470 461 5546; x_wconf 79' lang='grc' dir='ltr'><strong>νιζομένῳ</strong></span> <span class='ocrx_word' id='word_1_811' title='bbox 512 5474 721 5544; x_wconf 86' lang='grc' dir='ltr'><strong>θαῦμα,</strong></span> <span class='ocrx_word' id='word_1_812' title='bbox 747 5474 936 5543; x_wconf 73' lang='grc' dir='ltr'><strong>ἕτερον</strong></span> <span class='ocrx_word' id='word_1_813' title='bbox 997 5470 1288 5544; x_wconf 80' lang='grc' dir='ltr'><strong>ἐργάζεται</strong></span> <span class='ocrx_word' id='word_1_814' title='bbox 1339 5472 1368 5525; x_wconf 94' lang='grc' dir='ltr'><strong>ὁ</strong></span> <span class='ocrx_word' id='word_1_815' title='bbox 1400 5469 1627 5539; x_wconf 85' lang='grc' dir='ltr'><strong>Κύριος,</strong></span> <span class='ocrx_word' id='word_1_816' title='bbox 1657 5468 1759 5540; x_wconf 84' lang='grc' dir='ltr'><strong>τὴν</strong></span> 
     </span>
    </p>
   </div>
   <div class='ocr_carea' id='block_1_100' title="bbox 232 5556 1761 5634">
    <p class='ocr_par' dir='ltr' id='par_1_100' title="bbox 232 5556 1761 5634">
     <span class='ocr_line' id='line_1_100' title="bbox 232 5556 1761 5634; baseline 0.002 -25"><span class='ocrx_word' id='word_1_817' title='bbox 232 5556 468 5633; x_wconf 81' lang='grc' dir='ltr'><strong>θυγατέρα</strong></span> <span class='ocrx_word' id='word_1_818' title='bbox 489 5562 585 5616; x_wconf 88' lang='grc' dir='ltr'><strong>τοῦ</strong></span> <span class='ocrx_word' id='word_1_819' title='bbox 609 5560 1061 5634; x_wconf 75' lang='grc' dir='ltr'><strong>ἀρχισυναγώγου</strong></span> <span class='ocrx_word' id='word_1_820' title='bbox 1090 5560 1346 5614; x_wconf 86' lang='grc' dir='ltr'><strong>ἀνιστῶν.</strong></span> <span class='ocrx_word' id='word_1_821' title='bbox 1388 5559 1552 5628; x_wconf 84' lang='grc' dir='ltr'><strong>Λέγει</strong></span> <span class='ocrx_word' id='word_1_822' title='bbox 1580 5557 1638 5610; x_wconf 78' lang='grc' dir='ltr'><strong>δὲ</strong></span> <span class='ocrx_word' id='word_1_823' title='bbox 1667 5563 1761 5612; x_wconf 65' lang='grc' dir='ltr'><strong>καὶ</strong></span> 
     </span>
    </p>
   </div>
   <div class='ocr_carea' id='block_1_101' title="bbox 231 5649 1762 5727">
    <p class='ocr_par' dir='ltr' id='par_1_101' title="bbox 231 5649 1762 5727">
     <span class='ocr_line' id='line_1_101' title="bbox 231 5649 1762 5727; baseline -0.004 -19"><span class='ocrx_word' id='word_1_824' title='bbox 231 5651 452 5725; x_wconf 77' lang='grc' dir='ltr'><strong>τὸὸνομα</strong></span> <span class='ocrx_word' id='word_1_825' title='bbox 496 5655 594 5709; x_wconf 88' lang='grc' dir='ltr'><strong>τοῦ</strong></span> <span class='ocrx_word' id='word_1_826' title='bbox 626 5653 1100 5727; x_wconf 85' lang='grc' dir='ltr'><strong>ἀρχισυναγώγου,</strong></span> <span class='ocrx_word' id='word_1_827' title='bbox 1154 5652 1246 5706; x_wconf 90' lang='grc' dir='ltr'><strong>διά</strong></span> <span class='ocrx_word' id='word_1_828' title='bbox 1304 5652 1434 5715; x_wconf 74' lang='grc' dir='ltr'><strong>τοὺς</strong></span> <span class='ocrx_word' id='word_1_829' title='bbox 1471 5649 1762 5727; x_wconf 84' lang='grc' dir='ltr'><strong>Ἰουδαίους</strong></span> 
     </span>
    </p>
   </div>
   <div class='ocr_carea' id='block_1_102' title="bbox 232 5724 1762 5820">
    <p class='ocr_par' dir='ltr' id='par_1_102' title="bbox 232 5724 1762 5820">
     <span class='ocr_line' id='line_1_102' title="bbox 232 5724 1762 5820; baseline -0.009 -12"><span class='ocrx_word' id='word_1_830' title='bbox 232 5744 328 5807; x_wconf 57' lang='grc' dir='ltr'><strong>τοὺς</strong></span> <span class='ocrx_word' id='word_1_831' title='bbox 355 5747 557 5814; x_wconf 84' lang='grc' dir='ltr'><strong>εἰδότας</strong></span> <span class='ocrx_word' id='word_1_832' title='bbox 585 5748 648 5803; x_wconf 79' lang='grc' dir='ltr'><strong>τὸ</strong></span> <span class='ocrx_word' id='word_1_833' title='bbox 683 5748 1000 5820; x_wconf 81' lang='grc' dir='ltr'><strong>γενόμενον.</strong></span> <span class='ocrx_word' id='word_1_834' title='bbox 1036 5746 1130 5811; x_wconf 76' lang='grc' dir='ltr'><strong>Ἐξ</strong></span> <span class='ocrx_word' id='word_1_835' title='bbox 1154 5746 1408 5817; x_wconf 82' lang='grc' dir='ltr'><strong>ἡμισείας</strong></span> <span class='ocrx_word' id='word_1_836' title='bbox 1431 5745 1487 5798; x_wconf 82' lang='grc' dir='ltr'><strong>δὲ</strong></span> <span class='ocrx_word' id='word_1_837' title='bbox 1511 5724 1701 5804; x_wconf 74' lang='grc' dir='ltr'><strong>πιστὸς</strong></span> <span class='ocrx_word' id='word_1_838' title='bbox 1734 5745 1762 5795; x_wconf 81' lang='grc' dir='ltr'><strong>ὁ</strong></span> 
     </span>
    </p>
   </div>
   <div class='ocr_carea' id='block_1_103' title="bbox 232 5834 1758 5914">
    <p class='ocr_par' dir='ltr' id='par_1_103' title="bbox 232 5834 1758 5914">
     <span class='ocr_line' id='line_1_103' title="bbox 232 5834 1758 5914; baseline -0.003 -22"><span class='ocrx_word' id='word_1_839' title='bbox 232 5834 365 5907; x_wconf 67' lang='grc' dir='ltr'><strong>ἀνὴρ·</strong></span> <span class='ocrx_word' id='word_1_840' title='bbox 396 5841 534 5898; x_wconf 76' lang='grc' dir='ltr'><strong>καθὸ</strong></span> <span class='ocrx_word' id='word_1_841' title='bbox 583 5842 679 5914; x_wconf 75' lang='grc' dir='ltr'><strong>μὲν</strong></span> <span class='ocrx_word' id='word_1_842' title='bbox 710 5843 818 5912; x_wconf 82' lang='grc' dir='ltr'><strong>γὰρ</strong></span> <span class='ocrx_word' id='word_1_843' title='bbox 870 5842 1058 5894; x_wconf 83' lang='grc' dir='ltr'><strong>πίπτει</strong></span> <span class='ocrx_word' id='word_1_844' title='bbox 1096 5838 1247 5911; x_wconf 78' lang='grc' dir='ltr'><strong>παρὰ</strong></span> <span class='ocrx_word' id='word_1_845' title='bbox 1288 5839 1414 5904; x_wconf 76' lang='grc' dir='ltr'><strong>τοὺς</strong></span> <span class='ocrx_word' id='word_1_846' title='bbox 1446 5837 1632 5903; x_wconf 71' lang='grc' dir='ltr'><strong>πόδας,</strong></span> <span class='ocrx_word' id='word_1_847' title='bbox 1669 5852 1758 5888; x_wconf 85' lang='grc' dir='ltr'><strong>πι-</strong></span> 
     </span>
    </p>
   </div>
   <div class='ocr_carea' id='block_1_104' title="bbox 1864 4544 3437 4630">
    <p class='ocr_par' dir='ltr' id='par_1_104' title="bbox 1864 4544 3437 4630">
     <span class='ocr_line' id='line_1_104' title="bbox 1864 4544 3437 4630; baseline -0.015 -10"><span class='ocrx_word' id='word_1_848' title='bbox 1864 4564 2067 4630; x_wconf 87' lang='lat' dir='ltr'><strong>multa,</strong></span> <span class='ocrx_word' id='word_1_849' title='bbox 2116 4570 2170 4619; x_wconf 91' lang='lat' dir='ltr'><strong>et</strong></span> <span class='ocrx_word' id='word_1_850' title='bbox 2213 4558 2644 4630; x_wconf 87' lang='lat' dir='ltr'><strong>comprimebant</strong></span> <span class='ocrx_word' id='word_1_851' title='bbox 2675 4570 2820 4610; x_wconf 85' lang='lat' dir='ltr'><strong>euut.</strong></span> <span class='ocrx_word' id='word_1_852' title='bbox 2855 4551 2924 4606; x_wconf 90' lang='lat' dir='ltr'><strong>Et</strong></span> <span class='ocrx_word' id='word_1_853' title='bbox 2971 4547 3163 4605; x_wconf 89' lang='lat' dir='ltr'><strong>mulier</strong></span> <span class='ocrx_word' id='word_1_854' title='bbox 3193 4544 3437 4616; x_wconf 60' lang='lat' dir='ltr'><strong>quadam</strong></span> 
     </span>
    </p>
   </div>
   <div class='ocr_carea' id='block_1_105' title="bbox 1861 4639 3443 4723">
    <p class='ocr_par' dir='ltr' id='par_1_105' title="bbox 1861 4639 3443 4723">
     <span class='ocr_line' id='line_1_105' title="bbox 1861 4639 3443 4723; baseline -0.011 -16"><span class='ocrx_word' id='word_1_855' title='bbox 1861 4669 1979 4723; x_wconf 75' lang='lat' dir='ltr'><strong>qua:</strong></span> <span class='ocrx_word' id='word_1_856' title='bbox 2010 4652 2188 4708; x_wconf 90' lang='lat' dir='ltr'><strong>fuerat</strong></span> <span class='ocrx_word' id='word_1_857' title='bbox 2217 4648 2451 4705; x_wconf 84' lang='lat' dir='ltr'><strong>obnoxia</strong></span> <span class='ocrx_word' id='word_1_858' title='bbox 2490 4646 2754 4717; x_wconf 82' lang='lat' dir='ltr'><strong>proﬂuvio</strong></span> <span class='ocrx_word' id='word_1_859' title='bbox 2783 4642 3065 4713; x_wconf 80' lang='lat' dir='ltr'><strong>sanguinis</strong></span> <span class='ocrx_word' id='word_1_860' title='bbox 3114 4640 3270 4700; x_wconf 80' lang='lat' dir='ltr'><strong>annis</strong></span> <span class='ocrx_word' id='word_1_861' title='bbox 3306 4639 3443 4690; x_wconf 82' lang='lat' dir='ltr'><strong>duo-</strong></span> 
     </span>
    </p>
   </div>
   <div class='ocr_carea' id='block_1_106' title="bbox 1861 4731 3439 4811">
    <p class='ocr_par' dir='ltr' id='par_1_106' title="bbox 1861 4731 3439 4811">
     <span class='ocr_line' id='line_1_106' title="bbox 1861 4731 3439 4811; baseline -0.009 -10"><span class='ocrx_word' id='word_1_862' title='bbox 1861 4745 2057 4811; x_wconf 87' lang='lat' dir='ltr'><strong>decim,</strong></span> <span class='ocrx_word' id='word_1_863' title='bbox 2082 4743 2365 4811; x_wconf 83' lang='lat' dir='ltr'><strong>fueratque</strong></span> <span class='ocrx_word' id='word_1_864' title='bbox 2395 4739 2561 4793; x_wconf 86' lang='lat' dir='ltr'><strong>multa</strong></span> <span class='ocrx_word' id='word_1_865' title='bbox 2588 4751 2846 4809; x_wconf 85' lang='lat' dir='ltr'><strong>perpessa</strong></span> <span class='ocrx_word' id='word_1_866' title='bbox 2875 4751 2902 4789; x_wconf 91' lang='lat' dir='ltr'><strong>a</strong></span> <span class='ocrx_word' id='word_1_867' title='bbox 2928 4731 3298 4802; x_wconf 91' lang='lat' dir='ltr'><strong>compluribus</strong></span> <span class='ocrx_word' id='word_1_868' title='bbox 3324 4745 3439 4787; x_wconf 84' lang='lat' dir='ltr'><strong>me-</strong></span> 
     </span>
    </p>
   </div>
   <div class='ocr_carea' id='block_1_107' title="bbox 1860 4822 3437 4901">
    <p class='ocr_par' dir='ltr' id='par_1_107' title="bbox 1860 4822 3437 4901">
     <span class='ocr_line' id='line_1_107' title="bbox 1860 4822 3437 4901; baseline -0.009 -11"><span class='ocrx_word' id='word_1_869' title='bbox 1860 4835 2018 4898; x_wconf 89' lang='lat' dir='ltr'><strong>dicis,</strong></span> <span class='ocrx_word' id='word_1_870' title='bbox 2052 4841 2106 4887; x_wconf 87' lang='lat' dir='ltr'><strong>et</strong></span> <span class='ocrx_word' id='word_1_871' title='bbox 2135 4833 2499 4901; x_wconf 88' lang='lat' dir='ltr'><strong>insumpserat</strong></span> <span class='ocrx_word' id='word_1_872' title='bbox 2538 4828 2720 4883; x_wconf 86' lang='lat' dir='ltr'><strong>omnia</strong></span> <span class='ocrx_word' id='word_1_873' title='bbox 2763 4840 2884 4887; x_wconf 87' lang='lat' dir='ltr'><strong>sua,</strong></span> <span class='ocrx_word' id='word_1_874' title='bbox 2922 4837 3099 4892; x_wconf 87' lang='lat' dir='ltr'><strong>neque</strong></span> <span class='ocrx_word' id='word_1_875' title='bbox 3139 4822 3437 4892; x_wconf 86' lang='lat' dir='ltr'><strong>quidquam</strong></span> 
     </span>
    </p>
   </div>
   <div class='ocr_carea' id='block_1_108' title="bbox 1861 4912 3435 4991">
    <p class='ocr_par' dir='ltr' id='par_1_108' title="bbox 1861 4912 3435 4991">
     <span class='ocr_line' id='line_1_108' title="bbox 1861 4912 3435 4991; baseline -0.006 -16"><span class='ocrx_word' id='word_1_876' title='bbox 1861 4919 2156 4991; x_wconf 85' lang='lat' dir='ltr'><strong>adjumenti</strong></span> <span class='ocrx_word' id='word_1_877' title='bbox 2183 4926 2462 4982; x_wconf 89' lang='lat' dir='ltr'><strong>senserat,</strong></span> <span class='ocrx_word' id='word_1_878' title='bbox 2494 4918 2589 4972; x_wconf 88' lang='lat' dir='ltr'><strong>sed</strong></span> <span class='ocrx_word' id='word_1_879' title='bbox 2619 4915 2793 4985; x_wconf 88' lang='lat' dir='ltr'><strong>magis</strong></span> <span class='ocrx_word' id='word_1_880' title='bbox 2822 4914 2875 4969; x_wconf 90' lang='lat' dir='ltr'><strong>in</strong></span> <span class='ocrx_word' id='word_1_881' title='bbox 2905 4912 3145 4967; x_wconf 84' lang='lat' dir='ltr'><strong>deterius</strong></span> <span class='ocrx_word' id='word_1_882' title='bbox 3175 4921 3435 4967; x_wconf 89' lang='lat' dir='ltr'><strong>venerat:</strong></span> 
     </span>
    </p>
   </div>
   <div class='ocr_carea' id='block_1_109' title="bbox 1858 5001 3440 5071">
    <p class='ocr_par' dir='ltr' id='par_1_109' title="bbox 1858 5001 3440 5071">
     <span class='ocr_line' id='line_1_109' title="bbox 1858 5001 3440 5071; baseline -0.007 -6"><span class='ocrx_word' id='word_1_883' title='bbox 1858 5026 1984 5066; x_wconf 89' lang='lat' dir='ltr'><strong>cum</strong></span> <span class='ocrx_word' id='word_1_884' title='bbox 2029 5010 2275 5065; x_wconf 83' lang='lat' dir='ltr'><strong>audisset</strong></span> <span class='ocrx_word' id='word_1_885' title='bbox 2318 5010 2384 5064; x_wconf 91' lang='lat' dir='ltr'><strong>de</strong></span> <span class='ocrx_word' id='word_1_886' title='bbox 2413 5006 2541 5062; x_wconf 85' lang='lat' dir='ltr'><strong>Jesu</strong></span> <span class='ocrx_word' id='word_1_887' title='bbox 2570 5046 2585 5071; x_wconf 89' lang='lat'><strong>,</strong></span> <span class='ocrx_word' id='word_1_888' title='bbox 2628 5007 2775 5059; x_wconf 86' lang='lat' dir='ltr'><strong>venit</strong></span> <span class='ocrx_word' id='word_1_889' title='bbox 2809 5003 2862 5058; x_wconf 91' lang='lat' dir='ltr'><strong>in</strong></span> <span class='ocrx_word' id='word_1_890' title='bbox 2896 5001 3053 5056; x_wconf 89' lang='lat' dir='ltr'><strong>turba</strong></span> <span class='ocrx_word' id='word_1_891' title='bbox 3086 5017 3115 5054; x_wconf 88' lang='lat' dir='ltr'><strong>a</strong></span> <span class='ocrx_word' id='word_1_892' title='bbox 3149 5010 3298 5071; x_wconf 87' lang='lat' dir='ltr'><strong>tergo</strong></span> <span class='ocrx_word' id='word_1_893' title='bbox 3321 5041 3335 5065; x_wconf 91' lang='lat'><strong>,</strong></span> <span class='ocrx_word' id='word_1_894' title='bbox 3382 5006 3440 5056; x_wconf 88' lang='lat' dir='ltr'><strong>et</strong></span> 
     </span>
    </p>
   </div>
   <div class='ocr_carea' id='block_1_110' title="bbox 1860 5092 3439 5171">
    <p class='ocr_par' dir='ltr' id='par_1_110' title="bbox 1860 5092 3439 5171">
     <span class='ocr_line' id='line_1_110' title="bbox 1860 5092 3439 5171; baseline -0.012 -15"><span class='ocrx_word' id='word_1_895' title='bbox 1860 5100 2038 5171; x_wconf 86' lang='lat' dir='ltr'><strong>tetigit</strong></span> <span class='ocrx_word' id='word_1_896' title='bbox 2057 5100 2441 5155; x_wconf 87' lang='lat' dir='ltr'><strong>vestimentum</strong></span> <span class='ocrx_word' id='word_1_897' title='bbox 2468 5099 2624 5168; x_wconf 82' lang='lat' dir='ltr'><strong>ejus;</strong></span> <span class='ocrx_word' id='word_1_898' title='bbox 2651 5094 2866 5153; x_wconf 87' lang='lat' dir='ltr'><strong>dicebat</strong></span> <span class='ocrx_word' id='word_1_899' title='bbox 2891 5094 3060 5158; x_wconf 89' lang='lat' dir='ltr'><strong>enim,</strong></span> <span class='ocrx_word' id='word_1_900' title='bbox 3087 5092 3142 5148; x_wconf 91' lang='lat' dir='ltr'><strong>Si</strong></span> <span class='ocrx_word' id='word_1_901' title='bbox 3168 5092 3250 5146; x_wconf 87' lang='lat' dir='ltr'><strong>vel</strong></span> <span class='ocrx_word' id='word_1_902' title='bbox 3278 5107 3439 5144; x_wconf 74' lang='grc' dir='ltr'><strong>γριιι.</strong></span> 
     </span>
    </p>
   </div>
   <div class='ocr_carea' id='block_1_111' title="bbox 1863 5184 3440 5262">
    <p class='ocr_par' dir='ltr' id='par_1_111' title="bbox 1863 5184 3440 5262">
     <span class='ocr_line' id='line_1_111' title="bbox 1863 5184 3440 5262; baseline -0.007 -14"><span class='ocrx_word' id='word_1_903' title='bbox 1863 5200 2039 5248; x_wconf 89' lang='lat' dir='ltr'><strong>menta</strong></span> <span class='ocrx_word' id='word_1_904' title='bbox 2058 5193 2175 5262; x_wconf 82' lang='lat' dir='ltr'><strong>ejus</strong></span> <span class='ocrx_word' id='word_1_905' title='bbox 2197 5192 2445 5262; x_wconf 86' lang='lat' dir='ltr'><strong>tetigero.</strong></span> <span class='ocrx_word' id='word_1_906' title='bbox 2474 5190 2626 5246; x_wconf 87' lang='lat' dir='ltr'><strong>salva</strong></span> <span class='ocrx_word' id='word_1_907' title='bbox 2651 5203 2779 5244; x_wconf 91' lang='lat' dir='ltr'><strong>ero:</strong></span> <span class='ocrx_word' id='word_1_908' title='bbox 2804 5196 2859 5242; x_wconf 91' lang='lat' dir='ltr'><strong>et</strong></span> <span class='ocrx_word' id='word_1_909' title='bbox 2888 5184 3177 5240; x_wconf 83' lang='lat' dir='ltr'><strong>confestim</strong></span> <span class='ocrx_word' id='word_1_910' title='bbox 3203 5195 3440 5238; x_wconf 76' lang='lat' dir='ltr'><strong>srecatcs</strong></span> 
     </span>
    </p>
   </div>
   <div class='ocr_carea' id='block_1_112' title="bbox 1860 5272 3436 5351">
    <p class='ocr_par' dir='ltr' id='par_1_112' title="bbox 1860 5272 3436 5351">
     <span class='ocr_line' id='line_1_112' title="bbox 1860 5272 3436 5351; baseline -0.006 -15"><span class='ocrx_word' id='word_1_911' title='bbox 1860 5291 1946 5337; x_wconf 87' lang='lat' dir='ltr'><strong>est</strong></span> <span class='ocrx_word' id='word_1_912' title='bbox 1973 5279 2096 5336; x_wconf 88' lang='lat' dir='ltr'><strong>fons</strong></span> <span class='ocrx_word' id='word_1_913' title='bbox 2120 5281 2403 5351; x_wconf 88' lang='lat' dir='ltr'><strong>sanguinis</strong></span> <span class='ocrx_word' id='word_1_914' title='bbox 2432 5281 2548 5350; x_wconf 79' lang='lat' dir='ltr'><strong>ejus</strong></span> <span class='ocrx_word' id='word_1_915' title='bbox 2578 5296 2593 5335; x_wconf 90' lang='lat'><strong>:</strong></span> <span class='ocrx_word' id='word_1_916' title='bbox 2625 5287 2681 5333; x_wconf 88' lang='lat' dir='ltr'><strong>et</strong></span> <span class='ocrx_word' id='word_1_917' title='bbox 2708 5277 2882 5333; x_wconf 88' lang='lat' dir='ltr'><strong>sensit</strong></span> <span class='ocrx_word' id='word_1_918' title='bbox 2908 5289 3138 5346; x_wconf 91' lang='lat' dir='ltr'><strong>corpore</strong></span> <span class='ocrx_word' id='word_1_919' title='bbox 3167 5272 3311 5343; x_wconf 88' lang='lat' dir='ltr'><strong>quod</strong></span> <span class='ocrx_word' id='word_1_920' title='bbox 3347 5287 3436 5327; x_wconf 89' lang='lat' dir='ltr'><strong>sa-</strong></span> 
     </span>
    </p>
   </div>
   <div class='ocr_carea' id='block_1_113' title="bbox 1861 5364 3439 5443">
    <p class='ocr_par' dir='ltr' id='par_1_113' title="bbox 1861 5364 3439 5443">
     <span class='ocr_line' id='line_1_113' title="bbox 1861 5364 3439 5443; baseline -0.005 -17"><span class='ocrx_word' id='word_1_921' title='bbox 1861 5382 1996 5426; x_wconf 81' lang='lat' dir='ltr'><strong>nata</strong></span> <span class='ocrx_word' id='word_1_922' title='bbox 2014 5380 2157 5427; x_wconf 90' lang='lat' dir='ltr'><strong>esset</strong></span> <span class='ocrx_word' id='word_1_923' title='bbox 2178 5388 2208 5425; x_wconf 92' lang='lat' dir='ltr'><strong>a</strong></span> <span class='ocrx_word' id='word_1_924' title='bbox 2232 5370 2464 5443; x_wconf 81' lang='lat' dir='ltr'><strong>ﬂagello.</strong></span> <span class='ocrx_word' id='word_1_925' title='bbox 2498 5389 2517 5422; x_wconf 77' lang='grc' dir='ltr'><strong>ι</strong></span> <span class='ocrx_word' id='word_1_926' title='bbox 2548 5379 2676 5425; x_wconf 70' lang='lat' dir='ltr'><strong>Post</strong></span> <span class='ocrx_word' id='word_1_927' title='bbox 2706 5366 3034 5423; x_wconf 87' lang='lat' dir='ltr'><strong>miraculum</strong></span> <span class='ocrx_word' id='word_1_928' title='bbox 3067 5365 3209 5434; x_wconf 90' lang='lat' dir='ltr'><strong>quod</strong></span> <span class='ocrx_word' id='word_1_929' title='bbox 3250 5366 3305 5418; x_wconf 93' lang='lat' dir='ltr'><strong>in</strong></span> <span class='ocrx_word' id='word_1_930' title='bbox 3333 5364 3439 5418; x_wconf 82' lang='lat' dir='ltr'><strong>dae-</strong></span> 
     </span>
    </p>
   </div>
   <div class='ocr_carea' id='block_1_114' title="bbox 1863 5456 3438 5531">
    <p class='ocr_par' dir='ltr' id='par_1_114' title="bbox 1863 5456 3438 5531">
     <span class='ocr_line' id='line_1_114' title="bbox 1863 5456 3438 5531; baseline -0.006 -11"><span class='ocrx_word' id='word_1_931' title='bbox 1863 5464 2115 5520; x_wconf 89' lang='lat' dir='ltr'><strong>moniaco</strong></span> <span class='ocrx_word' id='word_1_932' title='bbox 2166 5472 2384 5530; x_wconf 85' lang='lat' dir='ltr'><strong>actum,</strong></span> <span class='ocrx_word' id='word_1_933' title='bbox 2446 5462 2590 5516; x_wconf 89' lang='lat' dir='ltr'><strong>aliud</strong></span> <span class='ocrx_word' id='word_1_934' title='bbox 2661 5470 2916 5531; x_wconf 85' lang='lat' dir='ltr'><strong>Operatur</strong></span> <span class='ocrx_word' id='word_1_935' title='bbox 2964 5457 3122 5528; x_wconf 79' lang='lat'><strong>197</strong></span> <span class='ocrx_word' id='word_1_936' title='bbox 3184 5456 3438 5510; x_wconf 84' lang='lat' dir='ltr'><strong>Dominus</strong></span> 
     </span>
    </p>
   </div>
   <div class='ocr_carea' id='block_1_115' title="bbox 1861 5550 3435 5626">
    <p class='ocr_par' dir='ltr' id='par_1_115' title="bbox 1861 5550 3435 5626">
     <span class='ocr_line' id='line_1_115' title="bbox 1861 5550 3435 5626; baseline -0.007 -14"><span class='ocrx_word' id='word_1_937' title='bbox 1861 5556 2171 5613; x_wconf 83' lang='lat' dir='ltr'><strong>suscitando</strong></span> <span class='ocrx_word' id='word_1_938' title='bbox 2197 5554 2361 5610; x_wconf 84' lang='lat' dir='ltr'><strong>ﬁliam</strong></span> <span class='ocrx_word' id='word_1_939' title='bbox 2387 5554 2645 5624; x_wconf 84' lang='lat' dir='ltr'><strong>principis</strong></span> <span class='ocrx_word' id='word_1_940' title='bbox 2677 5552 2993 5626; x_wconf 73' lang='lat' dir='ltr'><strong>Synagogm.</strong></span> <span class='ocrx_word' id='word_1_941' title='bbox 3017 5550 3226 5604; x_wconf 84' lang='lat' dir='ltr'><strong>Nomen</strong></span> <span class='ocrx_word' id='word_1_942' title='bbox 3250 5557 3435 5603; x_wconf 83' lang='lat' dir='ltr'><strong>autem</strong></span> 
     </span>
    </p>
   </div>
   <div class='ocr_carea' id='block_1_116' title="bbox 1864 5641 3433 5717">
    <p class='ocr_par' dir='ltr' id='par_1_116' title="bbox 1864 5641 3433 5717">
     <span class='ocr_line' id='line_1_116' title="bbox 1864 5641 3433 5717; baseline -0.008 -14"><span class='ocrx_word' id='word_1_943' title='bbox 1864 5647 2033 5717; x_wconf 89' lang='lat' dir='ltr'><strong>ipsius</strong></span> <span class='ocrx_word' id='word_1_944' title='bbox 2063 5647 2315 5713; x_wconf 88' lang='lat' dir='ltr'><strong>exprimit</strong></span> <span class='ocrx_word' id='word_1_945' title='bbox 2344 5644 2792 5717; x_wconf 74' lang='lat' dir='ltr'><strong>proptchudaeos</strong></span> <span class='ocrx_word' id='word_1_946' title='bbox 2816 5645 2907 5715; x_wconf 87' lang='lat' dir='ltr'><strong>qui</strong></span> <span class='ocrx_word' id='word_1_947' title='bbox 2943 5646 3188 5699; x_wconf 87' lang='lat' dir='ltr'><strong>sciebant</strong></span> <span class='ocrx_word' id='word_1_948' title='bbox 3219 5642 3269 5695; x_wconf 89' lang='lat' dir='ltr'><strong>id</strong></span> <span class='ocrx_word' id='word_1_949' title='bbox 3293 5641 3433 5709; x_wconf 75' lang='lat' dir='ltr'><strong>quod</strong></span> 
     </span>
    </p>
   </div>
   <div class='ocr_carea' id='block_1_117' title="bbox 1865 5730 3439 5798">
    <p class='ocr_par' dir='ltr' id='par_1_117' title="bbox 1865 5730 3439 5798">
     <span class='ocr_line' id='line_1_117' title="bbox 1865 5730 3439 5798; baseline -0.01 0"><span class='ocrx_word' id='word_1_950' title='bbox 1865 5743 2063 5798; x_wconf 85' lang='lat' dir='ltr'><strong>factum</strong></span> <span class='ocrx_word' id='word_1_951' title='bbox 2094 5741 2288 5797; x_wconf 89' lang='lat' dir='ltr'><strong>fuerat.</strong></span> <span class='ocrx_word' id='word_1_952' title='bbox 2324 5740 2669 5796; x_wconf 88' lang='lat' dir='ltr'><strong>Dimidiatam</strong></span> <span class='ocrx_word' id='word_1_953' title='bbox 2691 5749 2872 5793; x_wconf 82' lang='lat' dir='ltr'><strong>autem</strong></span> <span class='ocrx_word' id='word_1_954' title='bbox 2904 5738 3064 5791; x_wconf 77' lang='lat' dir='ltr'><strong>fidem</strong></span> <span class='ocrx_word' id='word_1_955' title='bbox 3091 5734 3328 5787; x_wconf 85' lang='lat' dir='ltr'><strong>habebat</strong></span> <span class='ocrx_word' id='word_1_956' title='bbox 3354 5730 3439 5782; x_wconf 90' lang='lat' dir='ltr'><strong>vir</strong></span> 
     </span>
    </p>
   </div>
   <div class='ocr_carea' id='block_1_118' title="bbox 1864 5820 3438 5904">
    <p class='ocr_par' dir='ltr' id='par_1_118' title="bbox 1864 5820 3438 5904">
     <span class='ocr_line' id='line_1_118' title="bbox 1864 5820 3438 5904; baseline -0.01 -14"><span class='ocrx_word' id='word_1_957' title='bbox 1864 5836 1954 5890; x_wconf 76' lang='lat' dir='ltr'><strong>ille</strong></span> <span class='ocrx_word' id='word_1_958' title='bbox 1980 5854 1996 5904; x_wconf 84' lang='lat'><strong>-,</strong></span> <span class='ocrx_word' id='word_1_959' title='bbox 2029 5835 2203 5892; x_wconf 77' lang='lat' dir='ltr'><strong>fidelis</strong></span> <span class='ocrx_word' id='word_1_960' title='bbox 2229 5834 2373 5891; x_wconf 88' lang='lat' dir='ltr'><strong>enim</strong></span> <span class='ocrx_word' id='word_1_961' title='bbox 2407 5845 2545 5901; x_wconf 88' lang='lat' dir='ltr'><strong>erat,</strong></span> <span class='ocrx_word' id='word_1_962' title='bbox 2573 5850 2639 5891; x_wconf 84' lang='lat' dir='ltr'><strong>co</strong></span> <span class='ocrx_word' id='word_1_963' title='bbox 2664 5832 2807 5904; x_wconf 88' lang='lat' dir='ltr'><strong>quod</strong></span> <span class='ocrx_word' id='word_1_964' title='bbox 2837 5827 3151 5901; x_wconf 84' lang='lat' dir='ltr'><strong>procidcbat</strong></span> <span class='ocrx_word' id='word_1_965' title='bbox 3178 5827 3244 5878; x_wconf 91' lang='lat' dir='ltr'><strong>ad</strong></span> <span class='ocrx_word' id='word_1_966' title='bbox 3273 5820 3438 5892; x_wconf 85' lang='lat' dir='ltr'><strong>pedes</strong></span> 
     </span>
    </p>
   </div>
  </div>
