3810 6564
553 406 660 470 5i“)

1477 408 2071 474 THEOPHYLACTI
2108 407 2518 468 BULGARI/E
2557 411 2915 474 ARCHIEP.

3612 453 3677 515 Em

551 517 680 575 ἔθευ
710 537 726 577 :
757 521 852 578 sed
878 522 1003 592 quia
1041 531 1094 579 et
1121 524 1443 585 obsecrabat
1474 535 1534 580 ut
1560 527 1780 589 veniat,
1821 541 1926 580 non
1956 539 2128 595 quan-

2243 523 2387 588 στος,
2422 523 2559 578 καθὸ
2589 525 2646 579 δὲ
2677 528 2989 597 παρακαλεί
3025 528 3109 583 ἵνα
3136 530 3276 607 ἔλθῃ,
3322 541 3407 612 οὐχ
3427 544 3530 620 ὅσην
3548 555 3679 617 ﬂairi-

554 623 661 667 tam
692 616 976 685 oportebat
1009 633 1122 686 prae
1150 634 1210 673 se
1231 619 1392 674 iidem
1429 619 1662 674 ferebat.
1698 619 1938 675 Debebat
1976 620 2123 674 enim

550 705 734 762 dicere
759 725 771 739 ·
807 707 903 763 Dic
933 707 1119 764 verbo.
1154 709 1344 766 Obiter
1375 722 1554 766 autem
1585 712 1729 766 inter
1751 711 1988 765 eundum
2022 711 2129 768 Do-

552 801 730 854 minus
760 809 918 856 curat
949 803 1234 859 mulierem
1271 805 1549 875 sanguinis
1578 803 1840 874 proﬂuvio
1873 803 2126 860 laboran-

550 897 679 946 tem.
709 891 1054 949 Fideiissima
1084 905 1204 950 erat
1233 897 1432 952 mulier
1463 899 1598 963 haec,
1633 912 1700 953 eo
1728 899 1868 966 quod
1899 914 1929 953 a
1962 899 2128 954 vesti-

548 983 649 1038 bus
674 984 960 1041 utilitatem
987 1002 1048 1043 se
1076 990 1294 1060 assequi
1327 991 1603 1057 credebat,
1637 1000 1692 1045 et
1726 991 1932 1047 idcirco
1961 993 2124 1048 etiam

547 1084 794 1133 sanatur.
847 1077 1120 1152 lntelligas
1171 1092 1350 1136 autem
1406 1083 1520 1137 haec
1569 1084 1734 1138 etiam
1781 1083 1847 1140 de
1888 1083 2123 1141 humana

548 1173 737 1218 natura
761 1205 777 1232 ,
807 1182 926 1236 qtue
957 1171 1240 1239 sanguinis
1283 1171 1547 1241 proﬂuvio
1584 1173 1887 1230 laborabat.
1928 1175 2122 1232 Scatu-

545 1255 720 1311 riebat
748 1260 892 1312 enim
928 1261 978 1314 in
1005 1276 1063 1316 ea
1099 1274 1402 1332 peceatum,
1437 1267 1581 1333 quod
1613 1283 1761 1324 mors
1788 1278 1872 1324 est
1902 1271 2121 1337 animae,

545 1357 598 1399 et
655 1351 974 1419 sanguinem
1034 1355 1228 1408 anima:
1283 1366 1484 1411 nostrae
1532 1356 1780 1414 eﬂuudit.
1835 1362 1880 1414 A
1937 1363 2122 1419 multis

541 1451 720 1496 autem
758 1444 1019 1512 medicis,
1058 1445 1158 1500 hoc
1192 1455 1276 1502 est
1318 1450 1648 1517 sapientibus
1717 1454 1878 1523 hujus
1915 1458 2120 1521 ruundi,

542 1532 635 1584 sed
661 1541 714 1585 et
738 1547 767 1586 a
798 1532 914 1602 lege
946 1545 998 1589 et
1027 1550 1056 1590 a
1086 1540 1364 1607 prephetis
1396 1555 1503 1594 non
1540 1543 1712 1611 potuit
1746 1545 1948 1602 curari.
1980 1547 2124 1602 Teti-

543 1623 619 1688 git
649 1631 826 1679 autem
859 1635 1061 1682 vestem
1097 1629 1330 1696 Christi,
1364 1632 1463 1688 hoc
1501 1644 1584 1689 est
1643 1651 1861 1690 carnem
1893 1639 2030 1708 ejus,
2067 1648 2124 1695 et

541 1725 730 1770 sanata
761 1727 864 1772 est.
900 1719 1000 1786 Qui
1034 1723 1207 1778 credit
1237 1726 1381 1780 enim
1409 1743 1529 1782 esse
1551 1729 1890 1785 inearnatum
1929 1732 2118 1801 Deum,

539 1807 588 1860 is
615 1815 699 1861 est
737 1810 830 1879 qui
867 1813 1039 1882 tangit
1079 1817 1462 1873 vestimentum
1490 1821 1632 1891 ejus.

618 1894 780 1951 Vsus.
819 1899 1004 1956 ’ὅθ-54.
1047 1921 1065 1954 ‹
1106 1903 1170 1957 Et
1195 1908 1375 1960 statim
1407 1889 1566 1966 Jesus
1602 1913 1654 1967 in
1686 1915 1984 1986 semetipso
2022 1933 2118 1974 co~
2152 1889 2194 1943 Β

541 2000 808 2055 gnoscens
836 1993 1090 2049 virtutem
1129 2011 1195 2051 ex
1244 2013 1364 2053 sese
1393 2002 1681 2070 prodiisse,
1715 2020 2012 2064 conversus
2063 2011 2118 2065 in

543 2079 705 2135 turba
727 2081 942 2138 aiebat:
975 2085 1109 2151 Quis
1136 2088 1311 2157 tetigit
1333 2093 1655 2150 vestimenta
1685 2112 1798 2152 mea
1827 2099 1850 2153 ?
1877 2100 1940 2153 Et
1974 2101 2122 2161 dlce-

538 2165 672 2222 bant
729 2171 776 2225 ei
838 2173 1088 2244 discipuli
1145 2177 1352 2247 ipsius:
1407 2181 1570 2238 Vides
1621 2187 1832 2242 turbam
1887 2191 2123 2262 undique

539 2273 882 2330 prementem
927 2277 998 2333 te,
1029 2279 1081 2323 et
1111 2270 1283 2326 dicis:
1319 2272 1450 2340 Quis
1484 2291 1570 2331 me
1615 2279 1834 2349 tetigit?
1883 2281 1950 2336 Et
2006 2285 2120 2339 cir-

539 2353 968 2424 eumspiciebat,
1030 2368 1086 2413 ut
1137 2361 1343 2418 videret
1395 2380 1514 2419 eam
1568 2381 1688 2437 quae
1741 2371 1842 2427 hoc
1888 2373 2114 2431 fecerat.

539 2443 731 2501 Mulier
765 2463 889 2504 vero
925 2452 1121 2508 timens
1151 2471 1212 2510 ac
1243 2465 1503 2524 tremens,
1536 2462 1718 2518 sciens
1741 2467 1884 2532 quod
1911 2465 2114 2525 factum

539 2547 684 2592 esset
721 2538 772 2592 in
802 2557 880 2606 se,
915 2547 1061 2599 venit
1097 2556 1151 2602 et
1176 2549 1374 2604 accidit
1406 2551 1477 2618 ei,
1511 2553 1759 2625 dixitque
1801 2558 1849 2612 ei
1898 2574 2114 2616 onmem

539 2629 843 2688 veritatem.
893 2634 984 2690 ille
1031 2649 1209 2693 autem
1259 2641 1396 2698 dixit
1441 2645 1531 2700 ei:
1568 2646 1722 2714 Filia,
1777 2651 1910 2708 ildes
1947 2663 2036 2710 tua
2066 2664 2116 2712 te

537 2723 811 2779 servavit:
848 2729 982 2783 vade
1034 2745 1155 2784 eum
1207 2748 1359 2802 pace,
1407 2745 1462 2791 et
1515 2748 1632 2794 esto
1676 2755 1807 2797 sana
1849 2759 1877 2796 a
1907 2744 2115 2815 ﬂagello

541 2819 654 2866 tuo.
694 2831 713 2864 ι
762 2814 1052 2885 Egreditur
1077 2821 1248 2877 virtus
1286 2839 1317 2878 a
1366 2824 1621 2896 Christo,
1665 2845 1770 2886 non
1821 2849 1852 2886 a
1892 2814 2010 2891 loco
2058 2837 2110 2892 in

538 2901 715 2958 locum
746 2909 1038 2979 transiens,
1086 2913 1181 2968 sed
1231 2931 1460 2972 manens
1495 2919 1715 2976 immota
1769 2923 1822 2978 in
1871 2924 2111 2992 Christo,

533 3001 968 3055 communicatur
999 3010 1053 3057 et
1086 3003 1208 3059 aliis
1231 3045 1245 3072 ,
1274 3011 1733 3075 quemadmodum
1770 3025 1825 3068 et
1851 3015 2115 3074 doctrinae

537 3100 565 3136 τι
601 3086 921 3145 docentibus
947 3102 1094 3161 sunt,
1131 3104 1187 3150 et
1240 3097 1575 3158 discentibus
1623 3107 1929 3161 traduntur.
1979 3109 2113 3165 Vide

535 3188 715 3233 autem
757 3185 1030 3250 quomodo
1062 3187 1232 3243 turbae
1264 3191 1482 3260 quidem
1517 3198 1911 3266 comprimam,
1959 3213 2014 3256 et
2043 3217 2108 3258 ex
2137 3235 2180 3294 ε

535 3273 617 3326 eis
663 3273 842 3329 nullus
875 3275 1028 3332 illum
1063 3279 1337 3349 tetigerit:
1372 3297 1557 3340 contra
1591 3287 1678 3341 illa
1706 3305 1825 3360 ηοω
1851 3307 1956 3347 non
1985 3309 2112 3363 pre-

537 3363 748 3433 mebat,
806 3365 956 3422 illum
1015 3373 1275 3440 tetigerit.
1340 3375 1650 3447 Mysterium
1697 3381 1785 3437 hic
1840 3385 2110 3454 quoddam

534 3455 792 3512 discimus
819 3502 834 3526 ,
893 3462 1038 3530 quod
1083 3465 1260 3521 nullus
1293 3482 1358 3522 cx
1395 3469 1477 3524 his
1503 3473 1594 3540 qui
1629 3474 1940 3530 turbulento
1983 3486 2114 3532 sunt

534 3549 754 3615 animo,
797 3554 968 3623 tangit
1015 3555 1315 3620 Christum,
1365 3561 1459 3616 sed
1506 3562 1679 3618 solum
1719 3568 1912 3635 premit
1943 3583 2108 3624 eum:

534 3641 627 3710 qui
685 3654 1006 3701 autemnon
1062 3651 1365 3707 turbulente
1418 3655 1612 3724 premit
1671 3657 1884 3722 Jesum,
1940 3675 2111 3729 neque

536 3736 752 3790 turbato
784 3748 864 3792 est
895 3741 1099 3804 animo,
1133 3742 1222 3798 ille
1256 3746 1429 3815 tangit
1450 3763 1596 3804 eum.
1626 3749 1729 3804 Sed
1757 3752 2108 3820 quamobrem

534 3825 798 3882 Dominus
834 3831 1152 3902 manifestat;
1187 3835 1512 3893 mulierem?
1571 3839 1811 3895 Primum
1867 3843 2105 3911 quidem,

534 3933 593 3973 υι
631 3920 786 3975 iidem
821 3924 1067 3980 mulieris
1095 3926 1384 3996 gloriﬁcet,
1422 3931 1618 3987 deinde
1647 3941 1706 3987 ut
1757 3941 1814 3989 et
1861 3935 2110 4007 archisy—

533 4027 797 4083 nagogum
830 4015 1034 4071 animet
1062 4020 1207 4088 quod
1238 4029 1294 4076 et
1326 4021 1446 4092 ejus
1476 4023 1639 4078 tiliam
1669 4026 1742 4081 sit
1763 4034 2055 4082 sanaturus
2088 4045 2104 4095 ;

533 4106 599 4159 ad
641 4105 778 4172 haec,
817 4116 878 4160 ut
920 4109 1201 4167 mulierem
1246 4130 1276 4168 a
1325 4129 1520 4185 magno
1553 4125 1698 4172 metu
1755 4117 1972 4174 liberet.
2038 4120 2106 4175 Et

529 4199 672 4251 enim
709 4198 931 4255 timebat
958 4203 1172 4270 nmlier,
1225 4215 1411 4275 utpote
1446 4223 1567 4277 quae
1593 4209 1883 4266 sanitatem
1915 4211 2102 4268 furtim

529 4290 826 4346 abstulerat
851 4310 864 4346 :
899 4293 1098 4350 idcirco
1123 4307 1176 4350 et
1205 4298 1535 4368 evangelista
1568 4301 1696 4355 dicit
1720 4319 1733 4358 :
1757 4300 2021 4360 Tremens
2050 4315 2105 4360 et

532 4381 726 4436 timens
766 4383 935 4438 venit.
991 4387 1251 4443 Dominus
1299 4389 1480 4459 itaque
1526 4407 1629 4446 non
1665 4393 1833 4449 dicit:
1891 4395 2004 4466 Ego
2053 4405 2104 4451 te

525 4475 776 4532 servavi:
808 4479 924 4541 sed,
951 4477 1116 4534 Fides
1163 4490 1270 4535 tua.
1325 4481 1559 4539 Proinde
1600 4486 1738 4541 vade
1781 4486 1834 4541 in
1887 4501 2098 4556 pacem,

2229 615 2922 726 aztv’év6sixvurat.:E'62t
2956 621 3067 694 γὰρ
3095 624 3264 726 εἰπεῖν
3287 629 3378 698 ὅτι,
3424 615 3535 696 Εἰπὲ
3573 615 3679 726 λάγφ,

2242 704 2331 769 Ὦς
2361 708 2419 761 ὲν
2442 711 2706 782 παρέργῳ
2734 711 2799 812 δὲ¹
2821 713 3203 785 ἀπερχομένου
3249 723 3337 774 τοῦ
3369 704 3682 812 Κυρίου,

2229 797 2459 853 πεύεται
2489 801 2639 874 καὶὴ
2669 801 2972 875 αἱμόρῥους
2991 820 3004 835 ⁸
3040 810 3326 883 πιστοτάτη
3363 817 3412 869 δὲ
3444 797 3680 897 ἦγυνὴ,“δξι

2228 889 2323 941 καὶ
2354 889 2463 943 ἀπὸ
2494 891 2602 944 τῶν
2633 893 2864 963 ἱματίων
2893 895 3145 967 ἐνόμισεν
3185 889 3525 979 ὠφεληθῆναι·
3545 889 3681 980 διδ-καὶ

2227 981 2487 1050 τυγχάνει
2537 985 2636 1053 τῆς
2674 983 2991 1055 θεραπείας.
3028 989 3258 1060 Νοήσεις
3299 995 3518 1055 δὲταῦτα
3543 1009 3682 1078 ualet;

2225 1072 2324 1142 τὴν
2353 1073 2704 1145 ἀνθρωπίνην
2727 1076 2910 1146 φύσιν,
2938 1079 3064 1150 ἥτις
3085 1082 3370 1154 αἱμόρρους
3394 1087 3471 1161 ἦν.
3487 1072 3681 1173 Ἐπήγαγέ

2226 1165 2336 1237 γὰρ
2366 1166 2464 1238 τὴν
2508 1168 2804 1240 ἁμαρτίαν,
2845 1172 2969 1242 ἥτις
3007 1175 3167 1242 φόνος
3199 1176 3313 1230 ἐστὶ
3333 1181 3419 1250 τῆς
3450 1165 3684 1257 ψυχῆξξχῇγ

2226 1258 2287 1310 τὸ
2337 1255 2477 1330 αἷμα
2507 1260 2615 1315 τῶν
2666 1262 2857 1333 ψυχῶν
2897 1265 3054 1334 ἡμῶν
3089 1267 3288 1336 ὲκχέει.
3325 1271 3447 1328 ’Υπὺ
3475 1255 3631 1338 πολλῶν
3648 1288 3683 1340 δὲ

2229 1350 2454 1419 ἰατρῶν,
2500 1350 2609 1404 τῶν
2640 1353 2821 1422 σοφῶν
2851 1353 2996 1422 λέγω
3057 1355 3151 1410 τοῦ
3186 1358 3383 1426 κόσμου
3425 1367 3594 1434 τούτου,
3626 1379 3684 1428 καὶ

2230 1441 2337 1512 μὴν
2360 1445 2454 1495 καὶ
2487 1442 2585 1497 τοῦ
2612 1445 2778 1514 νόμου
2813 1446 2908 1499 καὶ
2934 1447 3045 1500 τῶν
3078 1451 3381 1518 προφητῶν,
3411 1456 3494 1511 οὐκ
3524 1459 3684 1536 ἠδυνήθη
3766 1519 3767 1532 γ

2225 1535 2653 1606 θεραπευθῆναι.
2687 1539 2838 1607 Ἀμα
2861 1539 2918 1594 δὲ
2950 1542 3128 1610 ἥψατο
3147 1541 3253 1595 τῶν
3280 1545 3486 1613 ἱματίων
3508 1552 3579 1606 τοῦ
3600 1535 3685 1624 Χριί

2227 1628 2378 1693 στοῦ,
2408 1628 2657 1682 τουτέστι
2681 1632 2781 1700 τῆς
2812 1631 3015 1700 σαρκὸς
3042 1631 3232 1697 αὐτοῦ,
3277 1636 3364 1688 καὶ
3398 1637 3522 1709 ἰάθη,
3555 1643 3596 1696 '0
3617 1648 3684 1718 γὰρ
3766 1681 3767 1706 γ

2224 1721 2498 1774 πιστεύων
2555 1722 2637 1775 ὅτι
2675 1722 2964 1794 ἐσαρκὼθη
3017 1724 3046 1774 ὁ
3091 1726 3344 1796 Χριστὸς,
3393 1727 3524 1798 οὗτός
3553 1738 3686 1794 tomb

2225 1813 2505 1884 ἁψάμενος
2529 1814 2638 1867 τῶν
2670 1815 2900 1885 ἱματίων
2935 1815 3126 1870 αὑτοῦ.

2299 1926 2318 1959 ι
2359 1908 2468 1961 Καὶ
2497 1907 2704 1972 εὐθέως
2752 1910 2781 1962 ὁ
2851 1909 3059 1974 Ἰησοῦς
3103 1911 3353 1980 ἐπιγνοὺς
3389 1916 3442 1968 ὲν
3479 1918 3612 1990 ἑαυτῷ
3629 1924 3688 1994 τὴν

2221 1999 2282 2064 ἐξ
2324 1999 2492 2053 αὐτοῦ
2537 1999 2768 2072 δύναμιν
2806 2001 3170 2066 ἐξελθοῦσαν,
3213 2007 3536 2078 ἐπιστραφεὶς
3573 2014 3614 2067 έν
3640 2019 3684 2086 τῷ

2219 2091 2363 2162 ὄχλῳ
2397 2092 2572 2162 ἔλεγε-ν
2601 2093 2666 2149 Τί
2693 2112 2794 2166 μου
2823 2094 3004 2166 ἥψατο
3025 2097 3135 2150 τῶν
3172 2098 3430 2168 ίματίὶυν;
3460 2105 3550 2157 Καὶ
3569 2106 3688 2174 ἔλεγον
3766 2167 3767 2174 η

2220 2185 2371 2257 αύτῷ
2399 2188 2447 2240 oi
2481 2186 2719 2258 μαθηταὶ
2759 2190 2946 2243 αὐτοῦ’
2980 2189 3211 2254 Βλέπεις
3255 2191 3344 2244 τὸν
3383 2193 3517 2264 ὄχλον
3546 2199 3687 2251 συνθλί.

2219 2279 2385 2333 δοντά
2425 2296 2507 2343 σε,
2544 2280 2641 2334 καὶ
2684 2281 2885 2349 λέγεις,
2917 2283 3012 2347 Τίς
3066 2301 3169 2352 μου
3221 2285 3421 2355 ἥψατος
3458 2289 3550 2342 Καὶ
3587 2307 3691 2361 τερε-
3766 2311 3767 2354 γ

2222 2373 2488 2428 εὸλέπετο
2514 2374 2640 2430 ἰδεῖν
2671 2375 2772 2446 τὴν
2793 2376 2954 2430 τοῦτο
2980 2379 3314 2448 ποιήσασαν.
3346 2379 3409 2432 Ἦ
3429 2381 3478 2434 δὲ
3503 2384 3607 2454 γυνὴ
3627 2403 3688 2454 φο-

2219 2464 2450 2536 ϐηθεῖσα
2491 2467 2586 2520 καὶ
2641 2467 2943 2538 τρέμουσα,
2981 2469 3156 2523 εἰδυῖα
3184 2469 3212 2523 ὃ
3246 2471 3454 2539 γέγονεν
3494 2475 3562 2527 ἐπ’
3588 2477 3690 2547 αὐτῇ,
3766 2464 3767 2522 ἶ

2217 2553 2349 2630 ἦλθε
2394 2558 2490 2613 καὶ
2523 2561 2863 2632 προσέπεσεν
2887 2561 3056 2633 αὐτῷ,
3085 2563 3182 2617 καὶ
3229 2558 3380 2618 εἶπεν
3420 2566 3546 2636 αὐτῷ
3576 2571 3691 2622 πᾶσιν
3766 2607 3767 2620 χ

2216 2651 2315 2722 τὴν
2335 2651 2611 2722 ἀλήθειαν.
2653 2651 2712 2705 '0
2749 2653 2804 2706 δὲ
2835 2647 2988 2708 εἶπεν
3017 2655 3157 2723 αὐτῇ
3182 2671 3197 2687 ·
3239 2655 3544 2730 Θύγατερ,ή
3573 2659 3692 2722 πίστις

2220 2757 2315 2794 σου
2347 2741 2555 2795 σέσωκέ
2579 2757 2662 2796 σε.
2689 2742 2907 2812 ’Ὕπαγε
2953 2744 3035 2808 είς
3067 2745 3317 2816 εἰρήνην,
3351 2746 3439 2801 καὶ
3466 2746 3556 2799 ίοθι
3591 2748 3693 2817 ὑγιὴς
3766 2813 3767 2824 χ

2216 2833 2328 2888 ἀπὸ
2377 2836 2477 2904 τῆς
2533 2834 2802 2904 μάστιγός
2845 2851 2962 2891 σου.
3004 2853 3024 2888 r
3069 2837 3385 2908 Ἐξέρχεται
3425 2838 3611 2909 δύναμις
3629 2840 3695 2892 ἀπὸ
3766 2839 3767 2864 ‘

2215 2925 2312 2980 τοῦ
2337 2925 2596 2998 Χριστοῦ,
2631 2928 2692 2980 ού
2742 2926 2985 2993 τοπικῶς
3020 2930 3438 3000 μεταϐαίνουσα,
3463 2930 3573 2984 ἀλλὰ
3609 2933 3695 3002 πρός
3766 2999 3767 3002 η

2215 3033 2275 3068 τε
2307 3019 2432 3081 τοὺς
2456 3017 2651 3081 ἄλλους
2667 3017 3031 3090 διαδιδομένη,
3053 3019 3152 3075 καὶ
3174 3023 3233 3075 ὲν
3255 3020 3331 3088 τῷ
3347 3020 3543 3093 Χριστῷ
3559 3021 3698 3090 epsit»-

2214 3124 2306 3171 τος
2336 3108 2595 3176 μένουσαν
2648 3106 2839 3179 ὥσπερ
2880 3110 2975 3162 καὶ⁸
3007 3111 3336 3182 μαθήματα,
3365 3111 3454 3165 καὶ
3481 3113 3601 3177 παρὰ
3629 3114 3697 3173 τοῖς
3766 3159 3767 3168 η

2214 3199 2564 3254 διδάσκουσίν
2591 3203 2721 3267 εἰσι,
2756 3202 2850 3255 καὶ
2877 3204 2991 3265 τοῖς
3028 3205 3361 3273 μανθάνουσι
3392 3204 3698 3275 παραδίδονται.
3766 3241 3767 3262 η

2217 3293 2360 3364 Ὅρα
2393 3293 2452 3348 δὲ
2482 3294 2601 3358 πῶς
2627 3295 2675 3348 οἱ
2710 3295 2811 3362 μιν
2846 3296 2994 3367 ὄχλοι
3033 3297 3372 3364 συνέθλιϐον,
3405 3299 3554 3362 οὐδεὶς
3577 3297 3618 3351 δὲ
3641 3299 3700 3350 αὑ-

2213 3384 2308 3438 τοῦ
2347 3385 2543 3457 ἥψατο.
2577 3385 2642 3442 Ἦ
2673 3386 2730 3441 δὲ
2765 3387 2839 3460 μὴ
2880 3388 3138 3444 θλίϐουσα
3172 3390 3370 3456 αὑτὸν,
3405 3391 3563 3460 ἐκείνη
3584 3391 3700 3460 ἥψατο

2213 3477 2400 3532 αὑτοῦ.
2443 3479 2760 3550 Μυστήριον
2803 3480 2914 3552 γὰρ
2974 3479 3234 3537 ἐντεῦθεν
3293 3482 3614 3565 μανθάνομεν,
3652 3483 3702 3534 ὅτι
3766 3563 3767 3566 η

2213 3568 2388 3632 οὐδεὶς
2421 3570 2530 3625 τῶν
2575 3571 2772 3642 δχλους
2811 3575 2905 3627 καὶ
2963 3574 3219 3645 ταραχὰς
3269 3577 3490 3647 ἑχόντων
3539 3575 3702 3630 ἅπτεται

2213 3659 2311 3713 τοῦ
2355 3661 2555 3732 Ἰησοῦ,
2589 3662 2724 3718 ἀλλὰ
2757 3666 2919 3735 μόνον
2965 3665 3140 3719 θλίϐει
3175 3667 3368 3724 αὐτόν.
3418 3668 3479 3721 Ei
3509 3685 3577 3730 τις
3597 3667 3638 3720 δὲ
3657 3668 3701 3735 μὴ
3766 3723 3767 3726 η

2212 3751 2394 3823 ὀχλοίη
2437 3753 2528 3807 τὸν
2565 3754 2798 3826 Ἰησοῦν,
2841 3757 2979 3828 μηδὲ
3009 3759 3102 3812 τὸν
3129 3760 3190 3812 ὲν
3223 3760 3400 3830 ἑαυτῷ
3424 3759 3560 3829 λόγον
3590 3775 3703 3828 cap-1.

2210 3846 2333 3914 χαϊς
2366 3846 2704 3916 περιϐάλλοι,
2749 3851 2963 3914 ἐκεῖνος
3021 3850 3269 3906 ἅπτεται
3311 3854 3488 3907 αὑτοῦ.
3523 3851 3644 3915 Τίνος
3671 3852 3704 3902 ii
3766 3861 3767 3904 ξ

2210 3936 2396 3991 ἓνεκεν
2434 3941 2462 3992 ὁ
2499 3939 2701 4010 Κύριος
2728 3945 2955 4014 φανεροῐ
2994 3945 3091 4016 τὴν
3117 3950 3392 4013 γυναῖκας
3433 3946 3619 4018 Πρῶτον
3643 3943 3704 4014 μὲν

2210 4028 2297 4082 ἵνα
2327 4031 2426 4101 τὴν
2461 4031 2642 4086 πίστιν
2663 4033 2761 4103 τῆς
2785 4036 3044 4103 γυναικὸς
3078 4037 3284 4109 δοξάσῃ
3311 4054 3324 4067 ·
3349 4038 3633 4101 ἐπειτα,·ἱ’να
3649 4038 3706 4087 καὶ
3766 4071 3767 4102 ;

2208 4121 2299 4174 τὸν
2323 4123 2776 4195 ἀρχισυνάγωγον
2807 4128 3238 4204 παραθαρρύνῃ,
3280 4133 3364 4185 ἔτι
3396 4131 3486 4184 καὶ
3521 4129 3572 4183 τὸ
3592 4127 3703 4180 αὐτοῦ

2209 4213 2502 4286 θυγάτριον
2550 4216 2694 4270 οῦτω
2747 4218 3095 4288 σωθήσεται·
3127 4226 3228 4275 καὶ
3259 4222 3396 4293 ἅμα,
3435 4223 3512 4276 ἵνα
3550 4220 3707 4288 καὶτὴν

2207 4308 2442 4372 γυναῖκα
2466 4307 2559 4361 τοῦ
2591 4309 2786 4363 πολλοῦ
2819 4312 2987 4381 φόϐου
3015 4313 3269 4389 ἀπολύσῃ
3298 4331 3313 4345 ο
3347 4316 3437 4369 καὶ
3463 4315 3557 4385 γὰρ
3577 4311 3704 4364 ἐδεδίει
3766 4357 3767 4360 η

2207 4395 2241 4464 ἢ
2275 4395 2435 4466 γυνὴ,
2487 4396 2563 4460 ὡς
2616 4397 2867 4467 κλέψασα
2893 4400 2994 4471 τὴν
3036 4399 3207 4454 ἴασιν·
3253 4402 3336 4456 διὸ
3386 4403 3707 4466 καὶὸεύατγε-

2205 4486 2394 4557 λιστὴς
2425 4488 2573 4558 λέγει
2603 4505 2618 4522 ο
2650 4491 2953 4562 Φοδηθεῖσα
2974 4491 3031 4546 δὲ
3055 4493 3152 4546 καὶ⁸
3186 4495 3471 4565 τρέμουσα
3498 4489 3644 4563 ἦλθεν.
3672 4489 3708 4540 ’0

530 4565 631 4621 hoc
664 4577 745 4622 est
779 4569 830 4622 in
867 4571 1132 4640 requiem,
1174 4581 1234 4625 ut
1257 4572 1328 4626 sit
1359 4573 1473 4628 haec
1515 4576 1822 4632 sententia:
1871 4578 1996 4643 Abi,
2040 4589 2096 4635 et
2126 4582 2128 4637 ζ

2216 4580 2291 4634 ιῦν
2319 4581 2521 4653 Κύριος
2549 4583 2610 4636 ού
2628 4583 2899 4652 λέγειὸτι,
2933 4585 3075 4655 Ἐγὼ
3104 4586 3326 4642 σέσωκά
3350 4604 3430 4653 σε,
3462 4586 3563 4641 ἀλλ’
3588 4585 3636 4637 Ἦ
3656 4581 3712 4634 πί-

529 4657 709 4724 qnieta
737 4671 876 4726 esto,
914 4678 1033 4732 quae
1064 4662 1327 4720 hactenus
1357 4663 1508 4722 fuisti
1541 4667 1595 4722 in
1631 4684 1864 4726 moerere
1895 4678 1951 4727 et
1979 4686 2104 4742 per-

528 4751 858 4808 turbatione.

600 5020 768 5077 Vsns.
821 5023 1010 5079 55-43.
1065 5042 1083 5076 ι
1136 5025 1327 5081 Adhuc
1379 5040 1443 5081 eo
1492 5024 1750 5095 loquente
1793 5026 2015 5082 veniunt
2070 5043 2101 5082 a

525 5116 770 5185 principe
808 5116 1106 5189 Syuagogaa
1142 5119 1232 5189 qui
1277 5118 1521 5174 dicerent
1547 5135 1560 5173 :
1591 5117 1723 5172 Filia
1769 5128 1854 5172 tua
1890 5128 2100 5174 mortua

523 5219 626 5275 est,
651 5211 780 5278 quid
808 5211 947 5265 ultra
975 5227 1138 5266 vexas
1162 5210 1524 5283 Magistrum?
1552 5211 1713 5282 198
1737 5209 1896 5266 Jesus
1919 5223 2100 5267 autem

523 5303 770 5371 protinus
805 5305 988 5360 audito
1018 5319 1270 5360 sermone
1298 5304 1389 5373 qui
1421 5303 1723 5367 dicebatur,
1758 5305 1837 5357 ait
1863 5303 2096 5374 principi

523 5391 820 5466 Synagoga:
849 5414 862 5452 :
897 5396 976 5452 Ne
1003 5399 1194 5454 timeas
1223 5415 1237 5454 :
1285 5398 1658 5454 tantummodo
1686 5400 1866 5455 crede.
1893 5399 1960 5454 Et
1992 5416 2096 5456 non

525 5488 772 5556 permisit
817 5499 877 5543 ut
907 5491 1193 5560 quisquam
1224 5505 1346 5547 eum
1381 5501 1703 5563 sequeretur
1742 5501 1944 5564 praeter
1995 5492 2098 5549 Pe-

527 5585 668 5635 trum
700 5589 754 5634 et
794 5579 1054 5636 Jacobum
1095 5590 1153 5637 et
1191 5581 1452 5638 Joannem
1503 5584 1724 5640 fratrem
1777 5585 1984 5641 Jacobi.
2034 5587 2098 5641 Et

524 5671 676 5724 venit
717 5671 770 5725 in
809 5674 1024 5727 domum
1057 5674 1316 5745 principis
1352 5675 1671 5748 Synagogze,
1714 5677 2098 5747 videtquc°tu-

525 5762 754 5818 multum
785 5778 840 5823 et
871 5764 1064 5822 ﬂentes
1084 5779 1137 5823 et
1165 5767 1436 5839 ejulantes
1458 5772 1707 5835 multum,
1736 5778 1792 5826 et
1816 5771 2096 5841 ingressus

527 5851 605 5907 ait
631 5855 737 5913 illis
763 5875 776 5913 :
803 5858 942 5926 Quid
976 5863 1374 5918 tumultuamini
1399 5873 1450 5919 et
1476 5862 1746 5933 ploratis?
1773 5863 1952 5934 puella
1983 5879 2091 5920 non

2206 4690 2323 4736 στις
2362 4691 2479 4730 σου.
2507 4677 2749 4747 Πορεύου
2779 4677 2960 4732 τοίνυν
2985 4681 3064 4744 εἰς
3087 4681 3343 4752 εἰρήνην,
3374 4681 3638 4740 τουτέστιν,
3660 4678 3709 4736 εἰς
3766 4713 3767 4722 ι

2204 4764 2547 4821 ἀνάπαυσινο
2600 4767 2744 4822 ὥστε
2810 4762 2951 4825 εἶναι
3022 4771 3083 4826 τὸ
3155 4773 3455 4844 λεγόμενον
3505 4769 3704 4825 τοιοῦτον·

2207 4857 2464 4922 Ἀπελθε,
2499 4859 2805 4925 ἀναπαύου,
2851 4862 2926 4925 ὡς
2970 4863 3098 4932 τόγε
3128 4863 3301 4937 μέχρι
3332 4864 3426 4918 τοῦ
3463 4863 3564 4928 νῦν,
3592 4859 3712 4914 ἐυλύ-
3766 4911 3767 4914 η

2203 4964 2336 5010 παις
2363 4946 2607 5020 ὑπῆρχες
2635 4949 2730 5004 καὶ
2760 4953 3049 5022 ταραχαῖς.

2280 5058 2298 5090 ι
2337 5037 2460 5092 Ἔτι
2507 5039 2672 5094 αὐτοῦ
2718 5041 3038 5107 λαλοῦντος,
3075 5042 3335 5117 ἔρχονται
3366 5046 3472 5100 ἀπὸ
3496 5043 3575 5099 τοῦ
3607 5043 3714 5113 ἀρχι-

2204 5127 2544 5198 συναγώγου,
2585 5128 2836 5199 λέγοντες
2859 5132 2963 5195 ὅτι,
3008 5132 3075 5186 Ἦ
3115 5135 3374 5206 θυγάτηρ
3397 5152 3488 5188 σου
3515 5132 3715 5189 ἀπέθανε,

2201 5222 2255 5274 τί
2280 5220 2360 5274 ἔτι
2386 5219 2638 5286 σκύλλεις
2675 5222 2770 5275 τὸν
2814 5223 3184 5292 Διδάσκαλον;
3244 5227 3304 5279 '0
3359 5227 3416 5280 δὲ
3455 5223 3632 5294 Ἰησοῦς
3663 5220 3717 5271 εὖ·

2202 5314 2339 5377 θέως
2368 5314 2606 5378 ἀκούσας
2646 5316 2740 5369 τὸν
2768 5317 2928 5386 λόγον
2987 5319 3350 5390 λαλούμενον,
3389 5319 3532 5388 λέγει
3564 5315 3627 5385 τῷ
3648 5314 3717 5381 ἀρ·

2201 5403 2578 5475 χισυναγὼγῳ·
2640 5406 2731 5476 Μὴ
2777 5407 2965 5478 φοϐοῦ,
3022 5409 3181 5480 μόνον
3207 5411 3466 5464 πίστευε.
3513 5409 3610 5461 Καὶ
3649 5402 3718 5455 οὐκ

2201 5497 2412 5568 ἀφῆκεν
2453 5499 2643 5552 ούδένα
2665 5500 2812 5572 αὑτῷ
2856 5502 3332 5574 συνακολουθῆσαι
3351 5545 3365 5569 ,
3397 5505 3446 5557 εἱ
3470 5501 3540 5574 μὴ
3563 5499 3716 5566 ῐιέτρον

2201 5589 2295 5642 καὶ
2349 5589 2607 5644 Ἰάκωϐον
2648 5593 2745 5646 καὶ
2794 5594 3051 5665 Ἰωάννην
3093 5595 3186 5649 τὸν
3234 5597 3468 5666 ἀδελφὸν
3495 5590 3717 5647 Ἰακώὸου.

2200 5681 2312 5733 Καὶ
2345 5680 2562 5751 ἔρχεται
2615 5685 2694 5747 εἰς
2725 5684 2816 5739 τὸν
2865 5681 3015 5740 οἷκον
3039 5686 3134 5740 τοῦ
3177 5687 3633 5760 ἀρχισυναγώγου,
3654 5678 3719 5732 καὶ

2200 5771 2396 5841 θεωρεῖ
2435 5772 2688 5845 θόρυϐον,
2733 5776 3022 5842 κλαίοντας
3054 5779 3149 5833 καὶ
3177 5779 3550 5844 ἀλαλάζοντας
3577 5770 3716 5827 πολλὰ

2203 5864 2298 5920 καὶ
2354 5865 2652 5931 εἰσελθὼν,
2709 5869 2857 5941 λέγει
2906 5871 3125 5934 αὐτοῖς’
3174 5871 3243 5926 Τί
3309 5869 3608 5944 θορυϐεῖσθε
3654 5861 3719 5917 καί
