3968 6460
151 334 258 399 545

870 340 1313 401 ENARRATIO
1352 339 1438 402 IN
1476 340 1737 405 EVAN'GI

1842 343 1978 405 [ΗΜ
2016 343 2283 408 MARCI.
2313 368 2386 384 --
2416 345 2714 421 ρΑΡ.,νι.

3313 362 3415 425 ΜΟ

150 455 420 520 uitatis-:5;
452 454 513 508 τὸ
552 453 772 509 παιδίον
799 455 901 510 οὐκ
939 455 1241 520 ἀπέθανεν,
1277 455 1416 513 ἀλλὰ
1461 456 1734 514 καθεύδει.

1845 468 1928 515 εει
1961 468 2209 525 mortua,
2259 459 2353 516 sed
2386 460 2605 517 dormit.
2659 458 3044 521 Etirridebant
3091 480 3235 523 eum.
3294 470 3414 541 ipse

157 547 275 600 Καὶ
310 547 624 612 κατεγέλων
653 544 920 600 αὐτοῦ.⁰υ
965 547 1044 614 δὲ,
1077 547 1325 602 ἐκϐαλὼν
1364 548 1738 615 πάντας,“πα-

164 637 509 708 ραλαμδάνει
536 638 633 691 τὸν
651 639 871 709 πατέρα
898 637 994 690 τοῦ
1024 638 1236 693 παιδίου
1260 638 1355 693 καὶ
1375 640 1477 712 τὴν
1501 640 1736 713 μητέρα,

164 732 258 784 καὶ
284 731 416 794 τοῦς
453 729 572 800 μετ’
607 730 799 797 αὑτοῦ,
831 731 930 784 καὶ
979 731 1365 801 εἰσπορεύεται
1398 733 1532 787 ὅπου
1576 727 1647 805 ἦν
1676 732 1740 786 τὸ

170 824 384 878 παιδίον
412 825 796 896 ἀνακείμενον,
822 825 915 879 καὶ
966 826 1252 897 κρατήσας
1293 826 1392 895 τῆς
1422 828 1606 898 χειρὸς
1642 826 1736 881 τοῦ

176 919 406 980 παιδξου,
439 917 587 985 λέγει
618 918 778 989 αὐτῇ·
810 916 1022 971 Ταλιθά
1071 917 1261 988 κοῦμι,
1311 919 1341 972 δ
1389 920 1504 974 ἐστι
1541 919 1740 990 μεθερ-

187 1012 557 1082 μηνευόμενον·
592 1009 667 1063 Τὸ
708 1011 987 1080 κοράσιον,
1024 1010 1107 1064 σοὶ
1150 1010 1328 1079 λέγω,
1359 1011 1593 1082 ἔγειραι.
1625 1014 1738 1068 Καὶ

192 1104 376 1165 εὐθέως
434 1098 633 1170 ἀνέστη
684 1099 745 1153 τὸ
792 1101 1213 1173 κοράσιον,καὶ
1271 1104 1594 1173 περιεπάτει
1645 1097 1736 1176 (ἦν

191 1197 288 1265 γὰρ
310 1193 438 1246 ἐτῶν
465 1191 728 1262 δώδεκα),
759 1194 854 1245 καὶ
879 1191 1177 1264 ἐξέστησαν
1213 1196 1469 1250 ἐκστάσει
1500 1197 1734 1270 μεγάλῃ,

193 1287 277 1341 καὶ
298 1282 620 1338 διεστείλατο
649 1282 835 1346 αὐτοῖς
876 1282 1048 1337 πολλά
1079 1284 1167 1337 ἵνα
1201 1283 1389 1354 μηδεὶς
1418 1283 1532 1354 γνῷ
1558 1283 1734 1350 τοῦτο,

195 1378 277 1430 καὶ
322 1370 438 1426 εἷπε
478 1372 701 1442 δοθῆναι
742 1374 881 1444 αὐτῇ
927 1373 1147 1440 φαγεῖν.
1181 1393 1199 1426 ι
1236 1376 1302 1427 Ol.
1342 1373 1436 1427 τοῦ
1483 1378 1740 1446 ἀρχισυν-

193 1466 411 1535 αγώγου,
441 1464 756 1533 νομίζοντες
809 1465 905 1518 ἕνα
950 1464 1061 1518 τῶν
1110 1464 1449 1519 διδασκάλων
1477 1462 1615 1520 εἶναι
1646 1466 1737 1519 τὸν

191 1560 425 1629 Χριστὸν,
475 1559 563 1610 διά
593 1557 751 1610 τοῦτο
782 1556 1128 1627 παρεκάλουν
1168 1558 1256 1611 ῖνα
1303 1556 1472 1611 ἐλθὼν
1502 1557 1738 1627 προσεύ-

191 1654 334 1724 ξηται
376 1652 464 1705 ἐπὶ
509 1651 591 1722 τῷ
667 1650 940 1723 κορασίῳ·
979 1650 1165 1705 λοιπὸν
1218 1652 1405 1721 ἐπειδὴ
1444 1652 1736 1719 ἀπέθανεν,

190 1750 430 1818 ἐνόμισαν
474 1747 679 1817 μηκέτι
714 1744 881 1800 αὐτοῦ
911 1747 1100 1817 χρείαν
1132 1741 1292 1807 εἶναι,
1326 1745 1413 1799 διὰ
1454 1746 1515 1799 τὸ
1543 1745 1737 1816 τεθνη-

189 1840 328 1893 κέναι
356 1838 541 1907 αὐτήν.
597 1835 738 1888 Ἀλλ’
784 1836 995 1900 ἐκεῖνος
1046 1833 1308 1907 θαρῤύνει
1357 1834 1450 1888 τὸν
1504 1836 1736 1905 πατέρα,
1771 1832 1811 1888 Β

189 1932 291 1995 καὶ,
324 1929 492 1982 Μόνον
517 1928 768 1994 πίστευε,
818 1927 1000 1998 φησίν.
1029 1927 1143 1981 Οὐκ
1198 1928 1392 1999 ἀφίησι
1444 1927 1501 1981 δὲ
1549 1928 1737 1981 οὐδένα

188 2021 356 2091 ἕτερον
387 2019 871 2088 συνακολουθῆσαι,
906 2021 954 2072 εἰ
990 2019 1065 2089 μὴ
1112 2019 1239 2084 τοὺς
1277 2021 1429 2090 τρεῖς
1466 2018 1735 2089 μαθητάς.

187 2114 254 2166 Οὐ
282 2114 383 2184 γὰρ
419 2110 483 2183 δὴ
528 2114 558 2165 δ
603 2115 859 2176 ταπεινὸς
894 2111 1099 2182 Ἰησοῦς
1138 2111 1280 2165 θέλει
1318 2110 1454 2181 πρὸς
1479 2104 1737 2175 ἐπίδειξίν

186 2222 234 2258 τι
277 2208 462 2259 ποιεῖν.
512 2206 780 2274 Λέγοντος
833 2205 889 2258 δὲ
921 2204 1115 2268 αὐτοῦ,
1159 2204 1241 2257 ὅτι
1285 2203 1386 2257 οὐκ
1411 2203 1652 2258 ἀπέθανε
1677 2205 1739 2257 τὸ

190 2297 444 2367 κοράσιον,
496 2296 635 2351 ἀλλά
691 2295 968 2362 καθεύδει,
1001 2294 1402 2363 καταγελῶσιν,
1441 2294 1517 2359 ὼς
1560 2294 1626 2348 ἂν
1660 2294 1738 2365 μὴ

191 2389 366 2461 ἔχωσιν
418 2389 648 2460 ὕστερον
701 2389 881 2457 λέγειν
940 2388 1023 2442 ὅτι
1084 2389 1314 2459 κάτοχος
1359 2387 1596 2456 ἐγένετο,
1641 2387 1738 2441 καὶ

191 2479 327 2533 οὐδὲν
369 2480 685 2552 θαυμαστὸν
715 2483 765 2534 εί
818 2480 1123 2550 ἀνέστησεν
1159 2480 1360 2549 αὐτὴν,
1404 2478 1524 2533 ἀλλ’
1583 2478 1738 2532 αὐτοὶ

197 2571 384 2624 ἑαυτῶν
412 2571 969 2643 καταμαρτυροῦντες
1006 2568 1361 2640 ἐλέγχωνται,
1418 2569 1494 2633 ὡς
1522 2566 1738 2639 ἀληθῶς

184 2662 489 2732 τεθνηκυῖαν
514 2664 987 2735 άνέστησεν.δπου
1019 2680 1083 2732 γε
1115 2662 1211 2716 καὶ
1233 2661 1546 2730 κατεγέλων
1568 2659 1735 2714 αὑτοῦ

183 2754 436 2823 λέγοντος,
478 2755 565 2808 ὅτι
608 2755 709 2809 οὐκ
757 2755 1014 2809 ἀπέθανε.
1059 2754 1270 2824 Κρατεῖ
1307 2751 1366 2805 δὲ
1401 2752 1504 2822 τῆς
1529 2750 1734 2822 χειρὸς,

183 2848 261 2899 ἵνα
287 2848 412 2920 ἐνθῇ
441 2847 617 2922 ταύτῃ
647 2847 898 2919 δύναμιν.
936 2846 1049 2901 Καὶ
1075 2846 1299 2900 δίδωσιν
1338 2844 1479 2916 αὐτῇ
1510 2846 1735 2915 φαγεῖν,

174 2941 314 2994 ὠσὰν
332 2943 682 3011 πιστώσηται
715 2944 815 3012 τὴν
846 2942 1166 3009 ἀνάστασιν,
1182 2939 1271 2994 δτι
1296 2938 1514 3012 ἀληθῶς
1542 2938 1639 2993 καὶ
1671 2937 1735 2991 οὐ

173 3034 308 3089 κατὰ
338 3034 647 3104 φαντασίαν
674 3035 925 3103 γέγονεν.

758 3148 1012 3202 ΚΕΦᾹΔ.
1048 3148 1141 3216 ς’.

161 3263 303 3332 Περὶ
326 3261 430 3330 τῆς
449 3262 569 3317 τῶν
592 3263 950 3319 ἀποστόλων
965 3260 1435 3332 διαταγῆςηηερῖ
1453 3257 1738 3332 Ἰωάννου

230 3330 334 3387 καὶ
368 3334 645 3402 Ἡρώδου.
696 3334 833 3402 Περὶ
872 3332 990 3387 τῶν
1030 3330 1210 3386 πέντε
1255 3331 1449 3399 ἄρτων
1488 3330 1736 3402 καὶτῶν

224 3403 342 3459 δῦο
384 3399 629 3475 limior.
680 3399 819 3474 Περὶ
847 3403 952 3457 τοῦ
981 3404 1051 3457 ἐν
1083 3402 1365 3470 θαλάσσῃ
1388 3399 1735 3471 περιπάτου.

231 3516 355 3568 Καὶ
369 3513 592 3585 ἐξῆλθεν
624 3514 856 3579 ἐκεῖθεν,
890 3512 983 3567 καὶ
1017 3508 1182 3584 ἦλθεν
1235 3512 1316 3574 είς
1353 3512 1454 3582 τὴν
1505 3513 1738 3585 πατρίδα

162 3604 359 3669 αὑτοῦ,
391 3604 487 3658 καὶ
514 3603 903 3658 ἀκολουθοῦσιν
944 3601 1094 3671 αὐτῷ
1143 3602 1194 3656 oi
1258 3601 1501 3674 μαθηταὶ
1547 3602 1736 3656 αὐτοῦ.

159 3694 275 3748 Καὶ
323 3694 622 3763 γενομένου
672 3693 975 3753 Σαδδάτου,
1010 3692 1211 3765 ἤρξατο
1240 3694 1299 3746 ἐν
1341 3696 1406 3763 τῇ
1436 3693 1734 3764 Συναγωγῇ

160 3784 459 3851 διδάσκειν,
487 3788 585 3843 καί
633 3784 822 3838 πολλοὶ
871 3782 1164 3848 ἀκούοντες
1189 3782 1606 3852 ἐξεπλήσσοντο,
1643 3785 1736 3838 λέ-

166 3893 375 3945 γοντεςθ
404 3877 577 3932 Πόθεν
606 3877 781 3949 τούτῳ
821 3876 1030 3944 ταῦτα;
1060 3878 1157 3932 καὶ
1185 3883 1270 3940 τίς
1302 3879 1335 3948 ἡ
1376 3877 1543 3946 σοφία
1575 3878 1610 3948 ή
1641 3877 1735 3930 δο-

168 3968 321 4022 θεῖσα
349 3968 521 4038 αὐτῷ,
548 3969 635 4022 ὅτι
661 3969 757 4022 καὶ
794 3966 1055 4038 δυνάμεις
1090 3964 1342 4019 τοιαῦται
1376 3964 1465 4017 διὰ
1491 3963 1600 4018 τῶν
1623 3981 1737 4034 χει·

168 4061 277 4135 ρῶν
309 4061 479 4116 αὐτοῦ
511 4061 753 4131 γίνονται
786 4077 802 4126 ;
832 4060 949 4130 Οὐχ
982 4050 1139 4120 οὗτός
1178 4058 1326 4110 ἐστιν
1368 4057 1399 4111 δ
1448 4056 1679 4122 τέκτων,
1706 4056 1736 4108 δ

167 4156 277 4220 υῖδς
312 4156 555 4229 Μαρίας,
609 4154 836 4224 ἀδελφὸς
885 4154 942 4207 δὲ
988 4149 1271 4215 Ἰακώϐου,
1301 4154 1396 4204 καὶ
1432 4149 1610 4219 Ἰωσῆ,
1638 4148 1736 4200 καὶ

178 4245 350 4301 Ἰούδα
376 4288 392 4313 ,
447 4246 542 4299 καὶ
585 4246 860 4317 Σίμωνος;
903 4243 1013 4298 Καὶ
1070 4243 1170 4296 οὐκ
1215 4241 1352 4295 εἰσὶν
1390 4240 1449 4294 αῖ
1507 4238 1736 4309 ἀδελφαὶ

168 4338 331 4392 αὐτοῦ
355 4333 459 4391 ὧδε
483 4335 618 4408 πρὸς
638 4338 785 4408 ἡμᾶς
806 4353 822 4405 ;
841 4336 951 4391 Καὶ
970 4332 1419 4398 ἐσκανδαλίζοντο
1444 4334 1500 4385 ἐν
1530 4331 1730 4401 αὐτῷ.»

177 4430 481 4485 Ἐπιδαίνει
528 4429 628 4499 τῆς
662 4428 942 4500 πατρίδος,
966 4427 1065 4481 οὐκ
1093 4425 1303 4495 ἀγνοῶν
1331 4425 1415 4478 ὅτι
1458 4438 1734 4493 καταφρο-

1757 3185 1807 3248 c

1840 567 1972 609 vero
2004 553 2196 622 ejectis
2233 553 2483 611 omnibus
2533 554 2761 611 assumit
2806 565 3013 628 patrem
3074 569 3129 615 et
3183 568 3409 616 matrem

1839 641 2069 714 puellae,
2119 655 2173 700 et
2210 660 2303 701 eos
2346 646 2437 715 qui
2489 660 2610 701 cum
2657 647 2775 718 ipso
2816 659 2990 714 erant,
3019 660 3074 706 et
3114 651 3414 723 ingreditur

1839 752 1905 793 eo
1935 737 2022 793 ubi
2059 736 2235 809 puella
2264 738 2503 809 iacebat,
2540 749 2593 794 et
2629 741 2959 812 apprehensa
3007 760 3167 799 manu
3200 747 3410 816 puellas,

1839 831 1914 886 ait
1935 830 2013 885 illi
2036 843 2051 884 :
2075 829 2461 898 Talitbacumi,
2492 834 2633 901 quod
2657 843 2739 889 est
2762 835 2806 889 si
2830 836 2951 904 quis
2979 836 3369 906 interpretetur
3393 859 3410 897 :

1839 918 2024 977 Puella
2061 963 2076 989 ,
2130 922 2227 977 tibi
2283 923 2444 985 dico,
2482 939 2661 994 surge.
2716 922 2782 978 Et
2834 925 3124 982 confestim
3172 931 3414 987 surrexit

1841 1013 2037 1087 puella,
2065 1023 2120 1069 et
2141 1015 2447 1070 ambulabat
2468 1016 2607 1087 (erat
2631 1016 2773 1073 enim
2792 1031 3056 1075 annorum
3081 1021 3409 1095 duodecim),

1839 1117 1892 1162 et
1939 1109 2336 1178 obstupuerunt
2389 1117 2610 1177 stupore
2645 1122 2862 1178 magno.
2912 1110 2977 1165 Et
3010 1116 3267 1184 praecepit
3305 1114 3411 1170 illis

1838 1200 2191 1255 vehementer
2245 1215 2312 1254 ne
2348 1201 2633 1269 quisquam
2690 1201 2741 1256 id
2794 1203 2995 1270 sciret,
3028 1214 3083 1258 et
3131 1203 3296 1273 jussit
3350 1216 3412 1263 ut

1837 1288 2060 1345 daretur
2109 1290 2184 1346 illi
2242 1293 2384 1362 quod
2441 1293 2647 1347 ederet.
2694 1311 2713 1346 ι
2774 1293 3095 1351 Familiares
3151 1300 3412 1370 principis

1841 1383 2140 1453 Syuagogae
2169 1385 2579 1440 arbitrabantur
2613 1386 2889 1442 Christum
2920 1402 3042 1444 esse
3073 1405 3135 1444 ex
3177 1392 3414 1447 doctori-

1838 1478 1939 1533 bus
1965 1464 2292 1547 quemdam,
2319 1486 2599 1548 propterea
2632 1478 2995 1535 obsecrabant
3024 1490 3082 1535 ut
3113 1484 3318 1539 veniret
3359 1494 3413 1540 ct

1838 1579 2021 1625 oraret
2075 1584 2237 1639 super
2286 1571 2556 1638 puellam:
2599 1580 2653 1625 et
2693 1571 2975 1641 quia'jam
3010 1583 3219 1630 mortua
3268 1588 3409 1644 erat,

1839 1670 2167 1730 putaverunt
2203 1660 2341 1715 ultra
2377 1661 2495 1732 ipso
2527 1678 2630 1717 non
2662 1679 2798 1733 opus
2830 1680 2967 1731 esse,
2998 1682 3063 1721 eo
3094 1670 3233 1736 quod
3269 1686 3413 1725 mor-

1842 1760 1929 1807 tua
1959 1761 2121 1807 esset.
2153 1751 2259 1808 Sed
2296 1753 2386 1808 ille
2413 1762 2617 1822 patrem
2654 1758 2877 1822 animat,
2904 1769 2956 1812 et
2984 1759 3157 1828 inquit
3182 1779 3196 1817 :
3225 1761 3409 1817 Solum

1841 1842 2023 1898 crede.
2058 1840 2172 1898 Non
2209 1845 2472 1914 permittit
2503 1857 2682 1901 autem
2707 1847 2870 1900 ullum
2895 1849 3060 1903 alium
3093 1864 3212 1906 esse
3243 1855 3412 1908 comi-

1842 1944 1974 2001 tem,
2035 1949 2196 2003 quam
2253 1942 2366 1989 tres
2421 1936 2738 2006 discipulos.
2803 1938 2985 2004 Neque
3046 1943 3187 1995 enim
3254 1942 3411 2001 Jesns

1840 2025 2063 2080 humilis
2123 2025 2190 2079 ad
2248 2026 2666 2081 ostentationem
2724 2028 2999 2097 quidpiam
3051 2030 3163 2084 vult
3210 2032 3410 2090 facere.

1841 2115 2064 2172 Dicente
2093 2123 2273 2170 autem
2320 2131 2408 2182 eo,
2434 2114 2554 2170 Non
2580 2127 2794 2171 mortua
2824 2127 2905 2172 est
2935 2120 3131 2189 puella,
3162 2123 3256 2176 sed
3283 2125 3411 2177 dor-

1839 2209 1977 2275 mit,
2028 2208 2314 2263 derident:
2374 2222 2443 2263 ne
2489 2210 2695 2277 possint
2738 2218 2925 2278 postea
2967 2211 3148 2266 dicere
3175 2215 3316 2284 quod
3354 2215 3409 2267 in

1839 2314 2065 2355 excessu
2102 2301 2300 2356 mentis
2324 2309 2574 2369 correpta
2608 2298 2789 2364 fuerit.
2827 2311 2882 2356 et
2909 2316 3014 2356 non
3055 2301 3218 2358 fuerit
3242 2305 3413 2359 mira-

1841 2389 2020 2445 culum
2046 2404 2166 2444 eam
2195 2391 2500 2446 suscitare:
2532 2391 2627 2446 sed
2648 2392 2752 2461 ipsi
2778 2402 2963 2447 contra
2994 2395 3199 2463 seipsos
3223 2398 3406 2450 testari

1841 2483 2278 2549 convincuntur,
2328 2482 2469 2552 quod
2500 2496 2625 2537 vere
2684 2494 2950 2538 mortuam
3024 2487 3406 2544 suscitaverit:

1842 2573 2281 2643 quandoquidem
2316 2572 2763 2629 deriserinteum
2820 2575 2962 2644 quod
3009 2577 3214 2631 diceret
3261 2562 3407 2634 illam

1841 2677 1948 2718 non
1977 2672 2270 2729 mortuam,
2300 2663 2394 2718 sed
2417 2662 2673 2717 dormire.
2692 2660 2909 2716 Manum
2935 2678 3066 2718 vero
3098 2667 3407 2735 apprehen-

1842 2754 1941 2822 dit,
1979 2765 2036 2809 ut
2072 2754 2322 2808 virtutem
2378 2754 2426 2809 ei
2473 2755 2734 2823 imponat.
2767 2753 2834 2808 Et
2874 2753 3027 2823 jubet
3072 2768 3129 2810 ut
3171 2756 3330 2813 detur
3359 2761 3406 2812 ei

1841 2847 1983 2916 quod
2038 2847 2311 2911 comedat,
2362 2861 2468 2915 quo
2530 2847 2732 2901 certius
2779 2849 3032 2903 credatur
3079 2852 3409 2907 resurrectio

1842 2953 1971 2996 vere
1997 2950 2050 2993 et
2082 2954 2187 2994 non
2212 2945 2534 3010 apparenter
2568 2948 2774 2994 tantum
2812 2938 2974 2995 facta.

2445 3138 2674 3198 CAPUT
2720 3139 2804 3198 Vl.

1836 3261 1917 3317 De
1973 3259 2156 3317 ordine
2195 3260 2577 3328 apostolorum.
2622 3253 2695 3328 De
2726 3253 2935 3328 Joanne
2978 3266 3026 3309 et
3059 3255 3283 3328 (let-ode.
3338 3258 3411 3313 De

1908 3332 2133 3402 quinque
2173 3323 2396 3394 Panibus
2430 3337 2479 3382 et
2530 3323 2732 3379 duobus
2757 3324 3011 3394 piscibus.
3054 3326 3129 3381 De
3170 3330 3411 3387 ambula-

1912 3405 2050 3455 tione
2076 3416 2235 3467 supra
2261 3414 2427 3453 mare.

1909 3519 2074 3575 Vens.
2106 3518 2225 3573 1-5.
2261 3535 2279 3569 ι
2317 3517 2384 3572 Et
2427 3531 2680 3588 egressus
2725 3526 2809 3572 est
2840 3515 3006 3582 illinc,
3057 3515 3312 3586 venitque
3356 3518 3410 3573 in

1838 3613 2066 3684 patriam
2123 3625 2319 3675 suam,
2370 3619 2425 3664 et
2482 3620 2781 3679 sequuntur
2826 3623 2952 3664 eum
3006 3608 3257 3678 discipuli
3304 3610 3408 3666 sui.

1838 3704 2081 3773 Cumque
2115 3703 2334 3757 adesset
2383 3698 2717 3765 Sabbatum,
2776 3699 2941 3771 erepit
3003 3702 3055 3755 iu
3127 3698 3411 3772 Synagoga

1837 3797 2053 3863 docere,
2090 3793 2356 3864 multique
2382 3792 2669 3848 audientes
2700 3792 3099 3860 obstupuerunt
3128 3792 3368 3848 dicentes
3393 3812 3410 3846 :

1836 3886 1992 3945 Unde
2021 3887 2147 3942 huic
2186 3888 2299 3941 haec
2319 3885 2342 3939 ἲ
2365 3894 2419 3940 et
2446 3899 2568 3955 quae
2596 3892 2682 3939 est
2724 3884 2990 3952 sapientia
3021 3898 3141 3952 quae
3171 3885 3293 3937 data
3329 3892 3413 3940 est

1837 3980 1937 4046 illi,
1974 3979 2102 4049 quia
2151 3986 2205 4034 et
2235 3978 2466 4032 virtutes
2492 3976 2631 4032 tales
2661 3989 2757 4046 per
2793 3989 2984 4030 manus
3016 3977 3135 4045 ejus
3166 3975 3410 4029 elliciun-

1839 4071 1969 4129 tur?
2002 4070 2191 4127 Nonne
2215 4070 2302 4125 hic
2331 4079 2414 4125 est
2444 4068 2602 4124 faber
2636 4067 2724 4122 ille
2745 4107 2760 4134 ,
2801 4066 2946 4122 illius
2984 4064 3191 4135 Mariaz,
3243 4065 3411 4123 frater

1835 4166 2046 4232 Jacobi,
2097 4172 2152 4220 et
2198 4163 2344 4232 Jose,
2397 4171 2451 4217 et
2492 4158 2653 4225 Juda,
2708 4168 2763 4216 et
2808 4159 3088 4215 Simonis?
3138 4157 3323 4214 Nonne
3357 4168 3412 4215 et

1836 4271 2055 4314 sorores
2085 4254 2201 4326 ejus
2231 4254 2318 4309 hic
2365 4252 2648 4309 nobiscum
2693 4250 2866 4307 sunt?
2898 4247 2964 4304 Et
2999 4247 3412 4305 oﬂ‘endebantur

1836 4363 1933 4421 per
1984 4363 2132 4402 eum.
2170 4365 2190 4399 ι
2223 4343 2481 4401 Ascendit
2550 4344 2616 4398 ad
2678 4342 2934 4414 patriam,
2980 4356 3091 4397 non
3158 4343 3412 4411 ignorans

1836 4455 1895 4495 se
1908 4448 2274 4511 contemptum
2298 4438 2388 4505 iri,
2409 4438 2504 4493 sed
2527 4450 2592 4491 ue
2615 4435 2670 4491 in
2696 4445 2968 4506 posterum
2990 4435 3169 4488 dicere
3186 4443 3409 4503 queant,

165 4524 420 4593 νήσουσιν
465 4519 655 4587 αὐτοῦ,
695 4517 811 4572 ἀλλ’
843 4516 931 4571 ἴνα
971 4517 1046 4588 μὴ
1076 4515 1272 4589 ἔχωσιν
1302 4513 1529 4584 ὕστερον
1553 4513 1733 4582 λέγειν

1842 4532 1895 4590 Si
1926 4537 2184 4601 venisset,
2213 4524 2399 4602 utique
2421 4530 2840 4586 credidissemus
2859 4529 2929 4584 ei.
2965 4526 3414 4598 Reprehendebat

167 4616 271 4680 δτι,
306 4614 371 4666 Ei
405 4608 596 4684 ἦλθεν,
626 4610 1033 4682 ἐπιστεύσαμεν
1077 4609 1142 4663 ἄν
1165 4623 1181 4639 ο
1217 4606 1334 4678 ἅμα
1375 4606 1454 4674 δὲ,
1509 4605 1604 4659 καὶ
1632 4604 1732 4677 τὴν

162 4705 437 4777 φθονερὰν
462 4703 691 4775 γνώμην
743 4703 924 4758 αὐτῶν
955 4702 1218 4774 ἐλέγχων.
1275 4700 1405 4755 Δέον
1445 4699 1557 4770 γὰρ
1598 4714 1735 4753 καυ-

159 4796 360 4868 χᾶσθαι
412 4795 614 4867 μᾶλλον
664 4795 757 4850 ἐπὶ
790 4794 872 4867 τῷ
921 4795 1110 4867 Κυρίῳ
1132 4834 1148 4859 ,
1182 4792 1258 4857 ὡς
1293 4790 1589 4863 κοσμοῦντι
1632 4780 1734 4859 τὴν

157 4887 340 4945 σῦτῶν
396 4886 635 4961 πατρίδα
684 4887 778 4943 διά
827 4904 889 4942 τε
922 4889 1022 4958 τῆς
1056 4882 1408 4949 διδασκαλίας
1459 4882 1558 4936 καὶ
1615 4881 1733 4937 τῶν

160 4979 481 5053 θαυμάτων,
514 4981 565 5035 οι
595 4979 678 5047 δὲ,
712 4976 1148 5047 ἐξευτελίζουσιν
1192 4975 1356 5031 αὑτὸν
1401 4976 1496 5033 ἐπὶ
1529 4973 1608 5046 τῷ
1638 4990 1736 5029 ται

159 5072 334 5145 πεινῷ
382 5071 480 5126 τοῦ
533 5072 750 5142 γένους.
790 5068 1060 5124 Τοπῦτόν
1094 5070 1219 5122 ἐστι
1254 5066 1424 5122 κακὸν
1446 5067 1479 5120 ὁ
1511 5065 1730 5136 φθόνος.

167 5164 487 5223 Ἐπισκοτεῖ
513 5164 624 5237 γὰρ
672 5165 785 5228 τοῖς
840 5163 1066 5234 ἀγαθοῖς
1113 5162 1227 5225 ἀεὶ,
1252 5159 1349 5215 καὶ
1386 5158 1491 5213 οὒκ
1524 5158 1591 5231 ἐᾷ
1607 5159 1735 5222 τοὺς

155 5256 495 5332 φθονοῦντας
550 5255 724 5312 ταῦτα
773 5256 920 5312 ἰδεῖν.
972 5254 1088 5311 Καὶ
1139 5252 1233 5309 νῦν
1271 5247 1364 5307 οὖν
1405 5250 1612 5316 πολλοὶ,
1657 5249 1735 5314 ὡς

154 5355 444 5423 δυσγενεῖς
480 5368 635 5416 τινας
681 5349 1081 5415 διαόἀλλουσιν,
1128 5345 1313 5414 ἀξίους
1350 5346 1512 5411 ὄντας
1565 5345 1735 5402 τᾶλλα

155 5448 352 5518 τιμῇς,
386 5444 574 5510 κακῶς
598 5441 925 5517 φρονοῦντες
948 5443 1048 5498 ικαὶ
1071 5440 1193 5494 λίαν
1219 5437 1483 5508 ἀγεννῶς.

234 5557 257 5592 ι
290 5536 488 5607 Ἔλεγε
536 5535 595 5591 δὲ
616 5532 800 5601 αὺτοῖς
828 5534 858 5588 ὸ
899 5532 1110 5605 Ἰησοῦς
1156 5531 1262 5596 ὅτι,
1295 5530 1411 5585 Οὐκ
1443 5528 1558 5583 ἔστι
1600 5545 1736 5602 προ-

161 5631 345 5701 φήτης
397 5630 615 5697 ἄτιμος,
658 5629 708 5683 εἰ
754 5628 830 5699 μὴ
868 5628 927 5680 ἐν
957 5627 1025 5699 τῇ
1065 5624 1285 5696 πατρίδι
1323 5621 1516 5688 αὑτοῦ,
1543 5621 1641 5677 καὶ
1669 5622 1736 5694 ,ἐν

159 5725 273 5783 τοῖς
326 5718 640 5788 συγγενέσι,
691 5719 786 5773 καὶ
837 5719 896 5772 ἐν
943 5720 1012 5789 τῇ
1041 5715 1195 5789 οἰκίᾳ
1249 5715 1439 5769 αὑτοῦ.
1492 5715 1604 5769 Καὶ
1635 5715 1739 5768 οὐκ

162 5807 396 5877 ⁴ῂδύνιτπο
422 5807 541 5861 ἐκεῖ
568 5805 824 5877 οὐδεμίαν
849 5803 1080 5876 δύναμιν
1096 5805 1344 5875 ποιῆσαι,
1364 5808 1411 5859 εἰ
1441 5803 1520 5874 μὴ
1537 5803 1739 5870 ὀλίγοις

1835 4638 2019 4683 autem
2044 4638 2103 4683 et
2120 4625 2366 4682 invida-nt
2394 4622 2608 4678 illorum
2634 4631 2868 4676 mentem
2925 4619 3084 4691 [99
3112 4618 3413 4688 Oportebat

1835 4736 1965 4778 sane
1988 4720 2159 4791 magis
2182 4716 2401 4791 gloriari
2429 4718 2497 4771 de
2518 4714 2768 4780 Domino,
2793 4713 2884 4783 qui
2912 4711 3149 4786 ipsorum
3175 4710 3403 4780 patriam

1835 4816 1909 4870 ita
1957 4823 2179 4870 ornaret
2236 4819 2292 4867 et
2336 4809 2582 4867 doctrina
2624 4818 2681 4864 et
2721 4804 3001 4861 miraculis
3038 4820 3060 4859 :
3106 4803 3258 4874 atqui
3306 4802 3407 4872 ipsi

1832 4909 2201 4979 despexerunt
2248 4904 2401 4961 illum
2448 4903 2519 4957 ob
2573 4899 2931 4957 humilitatem
2988 4896 3242 4967 generis:
3294 4903 3408 4950 tam

1834 5008 1991 5055 atrox
2040 4994 2239 5051 malum
2284 5003 2368 5049 est
2415 4991 2636 5048 invidia.
2689 4986 2918 5058 Semper
2960 4987 3103 5042 enim
3149 4986 3409 5039 obscurat

1836 5088 1999 5152 bona,
2032 5099 2133 5142 nec
2162 5085 2249 5142 illa
2282 5085 2350 5141 ab
2371 5083 2571 5140 invidis
2600 5081 2768 5137 videri
2796 5078 2943 5136 sinit.
2978 5076 3048 5133 Et
3074 5074 3217 5132 nunc
3254 5073 3410 5129 multi

1836 5179 2102 5251 quosdam
2130 5178 2285 5249 quasi
2320 5175 2586 5249 ignobiles
2615 5179 2870 5246 arguunt,
2908 5169 3001 5240 qui
3048 5178 3229 5223 tamen
3259 5164 3408 5223 omni

1837 5273 2043 5329 honore
2069 5270 2219 5343 digni
2244 5279 2396 5337 sunt,
2432 5268 2525 5341 qui
2551 5282 2683 5324 sane
2712 5264 2859 5321 haud
2887 5262 3026 5319 bene
3053 5261 3317 5327 sentiunt,
3352 5268 3410 5317 et

1838 5367 2151 5437 neutiquam
2176 5377 2458 5436 generose.

1908 5523 2076 5582 Vens.
2110 5521 2228 5578 ιθ.
2266 5539 2285 5573 ι
2324 5518 2548 5574 Dicebat
2583 5526 2760 5571 autem
2801 5513 2908 5570 illis
2940 5512 3138 5570 Jews:
3170 5508 3287 5566 Non
3327 5517 3413 5565 est

1837 5624 2181 5688 contemptus
2215 5611 2474 5683 propheta
2523 5610 2629 5664 nisi
2681 5606 2737 5662 in
2789 5607 2960 5677 patria
3007 5620 3125 5670 sua,
3167 5611 3225 5659 et
3268 5603 3413 5658 inter

1840 5719 2125 5782 cognatos,
2149 5717 2209 5762 et
2242 5708 2294 5762 in
2320 5703 2528 5760 familia
2561 5716 2680 5758 sua.
2706 5698 2774 5756 Et
2801 5715 2907 5755 non
2937 5706 3146 5769 poterat
3180 5695 3252 5750 ibi
3300 5695 3415 5749 vir-

1842 5810 2012 5860 tutem
2073 5798 2235 5854 ullam
2293 5796 2499 5861 cdere,
2556 5792 2661 5850 nisi
2712 5794 2855 5856 quod
2909 5803 3112 5848 caucos
3168 5785 3412 5842 inlirntos
