3810 6560
156 371 236 432 εἰς)

824 361 1271 425 ENAR-RATIO
1311 360 1393 421 IN
1438 356 1947 421 EVANGELIUM
1991 356 2253 418 MARCI.
2278 381 2348 392 -
2379 357 2536 417 CAP.
2584 359 2682 421 VI.

3266 358 3372 423 550

149 485 192 538 δὲ
213 482 377 543 αὐτοῖς
416 478 583 551 μηδὲν
608 476 788 547 αἴρειν
816 515 831 539 ,
879 474 1014 544 μήτε
1050 472 1256 542 πήραν,
1294 470 1433 539 μήτε
1466 466 1689 538 χαλκδν,

1808 465 1997 519 ﬂorens
2020 479 2115 535 per
2145 465 2258 519 haec
2285 463 2407 519 illos
2431 481 2457 518 a
2483 465 2793 520 divitiarum
2819 465 3003 523 studio
3029 481 3149 523 esse
3173 467 3374 525 debere

152 576 261 647 μήτε
302 572 489 643 ἄρτον,
520 566 793 622 παιδεύων
820 563 1015 626 αὐτοὺς
1041 561 1103 616 τὸ
1134 558 1583 630 ἀφιλοχρηματον
1604 555 1691 608 διά

145 666 336 729 τούτων,
365 663 459 716 καὶ
490 662 566 724 ῶς
611 659 678 714 ἂν
701 660 751 711 οί
784 656 1019 728 ἐρῶντες
1066 653 1288 717 αὐτοὺς,
1331 647 1690 705 δυσωπῶνται

148 761 332 823 αότοὺς,
359 756 461 827 τὴν
491 750 885 823 ἀκτημοσύνην
932 746 1286 808 διδάσκοντας
1313 743 1408 813 ἀφ’
1431 735 1506 796 ὧν
1536 738 1693 794 αὐτοὶ

149 852 286 925 μηδὲν
314 849 516 918 ἔχουσι.
569 844 666 909 Τίς
707 843 816 913 γὰρ
875 838 1000 895 ίδὼν
1048 839 1142 891 τὸν
1195 834 1493 890 ἀπόστολον
1552 831 1693 904 μήτε

150 946 318 1015 πήραν,
346 940 482 1009 μήτε
513 937 700 1003 ἄρτον,
730 936 793 988 τὸ
827 930 1279 1000 ἀναγκαιότατον,
1313 926 1695 1015 αῐροντα,οὒκ

146 1014 224 1090 ἂν
253 1026 680 1097 κατεδυσωπήθη
707 1065 723 1090 ,
790 1024 884 1077 καὶ
934 1020 1072 1091 πρὸς
1136 1019 1237 1091 τὴν
1303 1014 1694 1087 ἀκτημοσύνην

145 1121 425 1180 ἀπεδύσατο
468 1118 621 1188 (60);
669 1115 758 1168 ‘Ev
809 1113 908 1184 μιᾷ
954 1111 1011 1165 δὲ
1051 1110 1199 1182 οἰκίᾳ
1247 1108 1579 1179 καταμένειν
1604 1106 1696 1160 αῦ-

140 1219 247 1276 τοὺς
274 1212 505 1274 κελεύει,
535 1211 624 1262 ἵνα
650 1207 726 1278 μὴ
745 1206 939 1271 δόξωσι
967 1204 1055 1259 διὰ
1080 1201 1529 1273 γαστριμαργίαν
1558 1201 1696 1253 ἀκα-

137 1312 371 1364 τάστατοι
404 1298 567 1368 εἶναι,
602 1300 798 1363 ἄλλους
848 1299 908 1363 ἐξ
967 1296 1141 1352 ἄλλων
1181 1294 1519 1365 ἀμείϐοντες.
1562 1292 1697 1346 Ἀπὸ

135 1402 187 1455 δὲ
219 1400 320 1452 τῶν
358 1397 431 1467 μὴ
461 1394 771 1465 δεχομένων
802 1392 1023 1454 αὐτοὺς,
1055 1390 1400 1442 ἐκτινάσσειν
1428 1385 1577 1455 λέγει
1604 1385 1695 1438 τὸν

136 1493 279 1566 χοῦν,
311 1486 651 1549 δεικνύοντας
676 1486 759 1539 ὅτι
799 1482 1015 1555 μακρὰν
1047 1482 1166 1535 eam
1208 1480 1464 1534 ἐϐάδισαν
1495 1478 1563 1531 δι’
1596 1478 1697 1531 αῦ-

135 1586 275 1647 τοὺς,
310 1583 398 1635 καὶ
445 1579 597 1633 οὐδὲν
644 1577 956 1646 ὠφέλησαν,
1001 1574 1144 1645 ἥὸτι
1192 1573 1343 1626 οὐδὲν
1386 1570 1483 1625 ἀπ’
1519 1570 1698 1623 αὐτῶν

134 1663 309 1744 ἔσχον,
339 1670 457 1724 οὐδὲ
489 1667 593 1722 κᾶν
621 1667 775 1739 χοῦν,
825 1665 964 1721 ἁλλά
1000 1665 1096 1718 καὶ
1127 1662 1315 1716 τοῦτον
1364 1660 1697 1727 ἐξετίναξαν,

134 1766 272 1819 ὥστε
296 1757 431 1815 εἶναι
467 1759 628 1813 τοῦτο
661 1762 742 1822 είς
791 1756 1096 1829 μαρτύριον
1144 1755 1361 1818 αὐτοῖς,
1395 1754 1695 1816 τουτέστιν,

1798 557 2027 623 alienos,
2049 566 2104 612 et
2136 558 2275 628 quod
2308 557 2362 611 bi
2389 557 2478 627 qui
2510 557 2656 627 ipsos
2678 558 2882 625 vident,
2912 559 3050 615 bene
3074 558 3374 615 allicientur

1793 662 1919 718 erga
1948 663 2042 703 eos
2071 648 2161 718 qui
2189 648 2594 717 possessionum
2625 658 2996 719 contemptum
3024 649 3278 715 doceant,
3303 664 3372 705 ex

1793 752 1861 794 eo
1898 742 2039 809 quod
2072 738 2171 809 ipsi
2209 739 2344 793 nihil
2386 739 2661 793 habeant.
2696 738 2824 804 Quis
2874 741 3016 795 enim
3074 742 3190 796 viso
3243 756 3373 811 apo-

1796 834 1937 890 stolo
1964 835 2056 904 qui
2094 850 2269 906 neque
2301 850 2507 905 peram,
2551 849 2728 905 neque
2753 849 2947 905 panem
2971 878 2986 903 ,
3015 839 3104 906 qui
3143 839 3375 895 maxime

1799 929 2136 983 necessarius
2168 936 2272 995 est,
2306 927 2496 992 tollat,
2544 943 2650 982 non
2696 928 2834 983 bene
2874 929 3199 997 alliceretur,
3229 942 3283 987 et
3315 948 3374 988 se

1798 1020 1864 1074 ad
1905 1016 2219 1075 divitiarum
2249 1026 2622 1090 contemptum
2668 1020 2934 1091 pararet?
2966 1021 3133 1076 Porro
3181 1026 3231 1077 in
3267 1039 3374 1080 una

1796 1111 1958 1166 domo
1990 1125 2084 1166 eos
2128 1123 2353 1166 manere
2396 1109 2568 1178 jubet,
2602 1125 2668 1165 ne
2717 1111 3003 1165 videantur
3033 1122 3254 1182 propter
3279 1132 3375 1183 ga-

1796 1203 2162 1272 Strimargiam
2222 1202 2592 1258 inconstantes
2643 1216 2786 1270 esse,
2840 1204 2907 1257 ab
2955 1204 3077 1260 aliis
3130 1207 3195 1260 ad
3243 1208 3376 1263 alios

1800 1302 2160 1348 transeuntes.
2187 1294 2344 1363 Apud
2368 1294 2486 1350 illos
2511 1304 2688 1350 autem
2714 1296 2807 1365 qui
2829 1309 2924 1351 eos
2947 1310 3050 1352 non
3080 1298 3376 1369 accipiunt,

1792 1384 1947 1454 jubet
1980 1396 2036 1440 ut
2081 1389 2358 1444 excutiant
2403 1390 2720 1459 pulverem,
2754 1391 3186 1447 demonstrantes
3232 1394 3377 1462 quod

1802 1479 2018 1552 longam
2055 1482 2198 1536 viam
2243 1492 2460 1553 prepter
2493 1484 2615 1539 illos
2648 1484 2933 1553 venerint,
2969 1496 3023 1540 et
3074 1486 3206 1540 nihil
3250 1501 3380 1557 pro-

1800 1568 2028 1637 fuerint,
2082 1572 2166 1627 vel
2218 1575 2360 1642 quod
2413 1572 2547 1629 nihil
2597 1575 2665 1629 ab
2715 1576 2796 1631 cis
2850 1576 3195 1645 acceperint,
3229 1586 3281 1630 et
3313 1590 3381 1631 ne

1803 1663 2075 1733 pulverem
2108 1666 2349 1734 quidem,
2391 1682 2550 1736 quem
2599 1667 2763 1722 etiam
2811 1669 2985 1739 ipsum
3016 1671 3379 1736 excusserint,

1807 1756 1881 1810 ita
1936 1766 1991 1811 ut
2050 1757 2154 1812 hoc
2206 1760 2277 1813 sit
2334 1759 2387 1814 in
2442 1760 2809 1814 testimonium
2865 1761 2991 1826 illis,
3029 1762 3129 1816 hoc
3186 1770 3270 1817 est
3325 1762 3380 1817 in

133 1860 209 1920 είς
238 1857 474 1925 ἔλεγχον.
519 1852 695 1923 ’Δμὴν
722 1850 832 1922 γὰρ
862 1850 1009 1919 λέγω
1044 1850 1171 1917 ὑμῖν
1215 1848 1297 1902 ὅτι
1338 1847 1696 1918 ἀνεκτότερον

1808 1849 2309 1917 reprehensionem.
2347 1851 2521 1907 Amen
2557 1852 2701 1906 enim
2732 1853 2853 1906 dico
2888 1853 3039 1907 vobis
3070 1853 3209 1921 quod
3248 1853 3384 1908 tole-

135 1954 287 2005 ἔσται
317 1947 567 2018 Σοδόμοις
600 1945 634 2015 ἧ
669 1942 969 2024 Γομόρέοις
996 1942 1053 1994 ἐν
1082 1943 1148 2012 τῇ
1180 1939 1383 2010 κρίσει,
1416 1939 1588 2010 ἢτοῖς
1623 1938 1699 2010 μὴ

139 2040 597 2114 παραδεξαμένοις
647 2037 813 2107 ὑμᾶς.
848 2035 912 2088 υί
949 2035 1048 2105 μέν
1077 2034 1186 2104 γὰρ
1216 2034 1501 2103 Σοδομῖται
1544 2032 1700 2086 κολα-

142 2137 348 2195 σθέντες
366 2129 635 2191 ἐντεῦθεν,
662 2125 1026 2199 φορητότερον
1047 2127 1223 2179 ἐκεῖσε
1249 2123 1696 2194 κολασθήσονται.

139 2231 243 2283 Καὶ
273 2228 403 2296 ἅμα,
436 2222 557 2277 οὐδέ
584 2220 973 2288 ἀπεστάλησαν
1000 2215 1135 2290 πρὸς
1163 2217 1361 2280 αὐτοὺς
1389 2215 1695 2269 ἀπόστολοι·

140 2317 186 2368 οἱ
228 2315 289 2366 δὲ
325 2313 393 2382 μὴ
426 2307 870 2378 παραδεξάμενοι
898 2308 1022 2370 τοὺς
1059 2304 1417 2371 ἀποστόλους,
1448 2301 1701 2376 χαλεπώ-

144 2424 274 2478 τερα
301 2405 509 2460 ἐκείνων
537 2404 842 2456 πείσονται.

218 2520 237 2551 ι
269 2498 374 2553 Καὶ
401 2496 709 2564 ἐξελθόντες
734 2496 1041 2565 ἐκήρυσσον
1071 2492 1160 2546 ἵνα
1186 2492 1588 2564 μετανοήσωσι,
1610 2489 1706 2545 καὶ

150 2591 388 2660 δαιμόνια
424 2589 593 2642 πολλά
642 2586 951 2652 ἐξέϐαλλον,
983 2586 1078 2640 καὶ
1112 2585 1333 2657 ἡλειφον
1376 2585 1545 2656 ἐλαίῳ
1578 2584 1707 2639 πολ-

152 2683 271 2745 λοὺς
321 2679 629 2753 ἀρρώστους
657 2718 672 2745 ,
710 2679 806 2731 καὶ
860 2678 1215 2749 ἐθεράπευον.
1270 2696 1290 2731 ι
1327 2678 1451 2732 Ὅτι
1487 2679 1708 2749 ήλειφον

156 2776 309 2846 ἐλαίῳ
341 2776 388 2827 οἱ
443 2772 755 2839 ἀπόστολοι,
809 2772 969 2845 μόνος
1013 2772 1041 2823 ὁ
1075 2774 1304 2843 Μάρκος
1349 2772 1641 2843 διηγεῖται,
1679 2772 1709 2825 δ

158 2869 247 2921 καὶ
285 2864 527 2928 Ἰάκωϐος
549 2866 577 2917 ὁ
599 2863 942 2932 ἀδελφόθεος,
977 2864 1034 2917 ἐν
1065 2866 1132 2935 τῇ
1155 2863 1417 2936 καθολικῇ
1463 2864 1710 2919 Ἐπιστο-

158 2959 218 3029 λῇ
268 2971 442 3027 φησιν·
488 2954 733 3009 Ἀσθενεῖ
782 2971 868 3017 τις
918 2957 977 3008 ἐν
1025 2954 1197 3025 ὑμῖνς
1248 2954 1710 3026 προσκαλέσασοω

159 3056 274 3117 τοὺς
322 3050 718 3124 πρεσϐυτέρους
753 3049 855 3118 τῆς
912 3048 1275 3118 Ἐκκλησίας,
1325 3048 1421 3103 καὶ
1480 3066 1713 3119 προσευ-

1803 1940 2031 1993 rabilius
2065 1940 2170 1994 erit
2206 1939 2461 1996 Sodomis
2505 1949 2597 1995 aut
2627 1939 2949 1995 Gomorrbis
2984 1943 3035 1995 in
3067 1942 3154 1998 die
3189 1942 3381 2013 judicii

1800 2038 1963 2101 qu’am
1998 2032 2080 2085 bis
2113 2032 2209 2102 qui
2247 2046 2351 2087 non
2397 2032 2742 2102 susceperint
2771 2049 2888 2087 vos.
2918 2032 3213 2089 Sodomita:
3235 2035 3381 2089 enim

1800 2124 1973 2194 puniti
2004 2124 2056 2178 in
2094 2125 2196 2180 huc
2224 2125 2451 2188 saeculo,
2497 2123 2671 2179 levius
2698 2125 2754 2179 in
2788 2126 2894 2179 alio
2924 2125 3120 2181 saeculo
3150 2126 3379 2196 punien-

1803 2226 1912 2273 tur.
1947 2217 2172 2287 lnsuper
2203 2217 2308 2273 illis
2338 2231 2443 2273 non
2492 2225 2623 2272 sunt
2665 2216 2817 2271 missi
2849 2215 3110 2287 apostoli,
3160 2217 3213 2272 bi
3240 2232 3374 2272 vero

1803 2310 2080 2381 apostolos
2112 2326 2216 2365 non
2248 2319 2633 2381 susceperunt,
2666 2309 2860 2365 merito
2888 2309 3050 2380 igitur
3081 2308 3299 2381 gravius
3331 2307 3386 2363 lii

1804 2417 1965 2473 quam
2008 2402 2081 2457 illi
2116 2403 2433 2473 punientur.

1878 2494 2046 2552 Vens.
2086 2497 2174 2563 l2,
2206 2497 2297 2552 l3.
2326 2516 2345 2550 ι
2385 2497 2453 2552 Et
2497 2496 2699 2568 egressi
2734 2496 3099 2567 praedicabant
3138 2504 3197 2553 ut
3246 2498 3390 2552 resi-

1806 2592 2103 2663 piscerent,
2126 2602 2176 2647 et
2206 2593 2471 2647 daemonia
2495 2591 2660 2647 multa
2690 2592 3004 2663 ejiciebant,
3037 2600 3090 2647 et
3116 2591 3391 2660 ungebant

1808 2688 1930 2741 oleo
1980 2686 2178 2740 multos
2233 2701 2431 2756 aegros,
2472 2694 2525 2738 ct
2560 2684 2848 2739 sanabant.
2889 2704 2909 2738 ι
2942 2683 3095 2751 Quod
3138 2684 3392 2738 unxerint

1809 2778 1932 2835 oleo
1972 2778 2227 2849 apostoli,
2276 2779 2427 2833 solus
2475 2777 2690 2832 Marcus
2721 2787 2929 2840 narrat,
2964 2776 3109 2846 quod
3140 2785 3193 2831 ct
3224 2774 3391 2829 frater

1811 2869 2021 2926 Domini
2052 2867 2288 2925 Jacobus
2321 2870 2374 2924 in
2418 2869 2689 2924 catholica
2725 2867 2965 2940 Epistula
3002 2868 3171 2923 dicit:
3221 2865 3385 2920 lulir-

1813 2974 1994 3020 matur
2021 2963 2143 3034 quis
2167 2963 2309 3017 inter
2330 2960 2468 3018 vos?
2492 2965 2718 3017 advocet
2737 2961 3083 3032 presbyteros
3107 2958 3389 3026 Ecclesizc,

1813 3065 1868 3111 et
1895 3067 2055 3111 orent
2107 3070 2270 3125 super
2318 3054 2495 3118 illum,
2540 3062 2804 3125 ungentes
2852 3070 2974 3107 eum
3029 3053 3149 3109 oleo
3178 3052 3246 3107 ⁸⁸.
3294 3051 3394 3107 Est

160 3146 422 3210 ξάσθωσαν
451 3143 537 3196 ἐπ’
560 3143 749 3208 αὑτὸν,
776 3141 1096 3211 ἀλείψαντες
1129 3140 1293 3193 αὑτὸν
1320 3140 1505 3213 ἐλαίῳ.
1529 3142 1701 3196 Ἔστιι

1818 3146 1981 3219 igitur
2007 3145 2184 3201 oleum
2211 3155 2266 3201 et
2301 3144 2368 3199 ad
2402 3145 2616 3199 labores
2643 3144 2793 3207 utile.
2818 3155 2873 3199 et
2897 3144 3035 3200 lucis
3069 3143 3392 3210 fomentum,

132 3234 242 3289 οὖν
285 3240 342 3288 τὸ
372 3236 547 3288 ἔλαιον
585 3234 680 3287 καὶ
702 3231 840 3304 πρὸς
878 3231 1082 3295 κόπους
1129 3230 1427 3303 ὠφέλιμον,
1469 3230 1566 3285 καὶ
1596 3248 1701 3301 φω-

1808 3248 1865 3296 et
1888 3238 2185 3295 hilaritatis
2206 3238 2536 3303 ell'ectivum,
2561 3236 2941 3308 signiﬁcatque
2960 3238 3391 3293 misericordiam

156 3334 241 3395 τὸς
270 3330 455 3397 αἴτιον,
499 3329 596 3385 καὶ
650 3328 964 3399 ἱλαρότητος
1013 3324 1294 3396 πρόξενον,
1330 3326 1425 3381 καὶ
1453 3325 1701 3397 σημαίνει

1810 3330 1930 3401 Dei,
1963 3342 2017 3387 et
2048 3334 2281 3404 gratiam
2314 3329 2574 3401 Spiritus,
2602 3344 2698 3399 per
2720 3344 2882 3401 quam
2912 3346 2942 3385 a
2982 3329 3167 3385 labore
3193 3330 3395 3385 libera-

156 3425 215 3477 τὸ
240 3425 379 3487 ἔλεος
405 3424 500 3478 τοῦ
530 3420 693 3488 Θεοῦ,
722 3421 820 3474 καὶ
844 3421 943 3491 τὴν
965 3419 1125 3490 χάριν
1152 3416 1248 3471 τοῦ
1280 3417 1419 3471 lived
1429 3435 1618 3489 ματος,
1642 3418 1701 3472 δι’

1811 3439 1959 3491 mur,
2007 3433 2062 3478 et
2119 3422 2294 3478 lucem
2341 3435 2407 3478 ac
2457 3419 2715 3492 gaudium
2753 3419 3195 3492 bilaritatemque
3236 3420 3400 3491 spiri-

134 3509 216 3585 ,ἧς
245 3517 334 3569 καὶ
379 3514 560 3568 κόπων
591 3508 1065 3580 ἀπαλλαττόμεθα,
1098 3510 1193 3563 καὶ
1226 3508 1342 3577 φῶς
1377 3510 1473 3563 καὶ
1502 3510 1701 3581 χαρὰν,

1814 3514 2011 3570 tualem
2036 3515 2354 3586 accipimus.
3030 3528 3035 3535 ν

155 3608 243 3660 καὶ
269 3608 554 3679 ἱλαρότητα
584 3602 965 3675 πνευματικὴν
991 3600 1286 3673 δεχόμεθα.

226 3700 387 3759 ι,Καὶ
419 3698 652 3769 ἡκουσεν
679 3698 708 3749 ό
734 3694 989 3764 βασιλεὺς
1040 3691 1308 3765 Ἡρώδης,
1340 3693 1571 3763 φανερὸν
1601 3694 1701 3765 γὰρ

1885 3698 2049 3754 Vens.
2091 3697 2279 3754 1446.
2320 3716 2339 3751 ι
2376 3697 2440 3752 Et
2478 3699 2683 3754 audivit
2710 3712 2802 3754 rex
2835 3696 3111 3761 llerodes,
3146 3697 3397 3753 innotue—

153 3790 361 3859 ἐγένετο
397 3791 457 3844 τὸ
485 3791 657 3861 δνομα
692 3786 861 3844 αὐτοῦ
898 3828 914 3853 ,
953 3786 1047 3840 καὶ
1084 3786 1272 3854 ἔλεγεν
1319 3785 1403 3840 ὅτι
1456 3786 1701 3857 Ἰωάννης

1817 3803 1900 3847 rat
1932 3794 2076 3845 enim
2109 3807 2301 3845 nomen
2334 3791 2472 3862 ejus,
2507 3792 2834 3861 dicebatque
2866 3807 2880 3843 :
2919 3790 3158 3844 Joannes
3186 3789 3273 3845 ille
3300 3790 3392 3857 qui

154 3884 182 3935 ό
225 3880 518 3952 βαπτίζων,
567 3884 631 3935 ἐκ
664 3878 873 3955 νεκρῶν
931 3876 1142 3950 ⁴ἠγέρθη
1185 3918 1202 3944 ,
1251 3877 1347 3932 καὶ
1394 3877 1484 3931 διά
1557 3878 1701 3933 τοῦτι

1817 3882 2147 3951 baptizabat,
2180 3883 2476 3934 resurrexit
2512 3897 2541 3935 a
2574 3883 2822 3945 mortuis,
2854 3892 2909 3937 et
2945 3889 3231 3951 prepterea
3267 3879 3374 3932 vir-

150 3974 459 4046 ἐνεργοῦσιν
538 3975 595 4028 αἱ
667 3972 925 4043 δυνάμεις
999 3971 1057 4024 ἐν
1133 3968 1303 4041 αὐτῷ.
1372 3968 1559 4024 Ἀλλοι
1608 3969 1701 4025 ἕλε·

1824 3982 1970 4025 tutes
2003 3980 2169 4039 agunt
2227 3971 2279 4024 in
2311 3970 2423 4025 illo.
2478 3971 2583 4025 Alii
2630 3971 2917 4036 dicebant,
2952 3971 3094 4025 Elias
3137 3979 3257 4037 est;
3306 3966 3399 4023 alii

148 4080 243 4132 γον
299 4067 379 4119 ὅτι
421 4064 606 4129 Ἠλίας
646 4062 990 4129 ἐστὶν,ἀλλοι
1022 4060 1321 4130 δὲ’ἐλεγον
1367 4062 1449 4117 δτι
1490 4062 1701 4135 Προφή-

1823 4079 1947 4118 vero
1960 4064 2231 4128 dicebant,
2253 4062 2515 4132 Propheta
2539 4075 2642 4131 est,
2664 4060 2742 4119 vel
2757 4074 3009 4133 tanquam
3029 4077 3167 4117 unus
3187 4078 3250 4116 ex
3273 4077 3401 4132 pro-

147 4172 246 4219 της
283 4158 454 4223 ἐστὶν,
500 4156 580 4221 ὡς
623 4150 706 4220 εἷς
750 4154 861 4208 τῶν
911 4153 1229 4225 προφητῶν.
1272 4153 1538 4218 ’Δκούσας
1579 4154 1638 4209 δέ
1691 4164 1701 4210 ι

1821 4155 2025 4226 phetis.
2054 4153 2191 4210 Cum
2220 4155 2460 4209 audisset
2490 4165 2666 4209 autem
2705 4155 2967 4220 Herodes,
3001 4155 3078 4210 ait
3105 4170 3118 4209 :
3168 4152 3264 4207 Cui
3296 4167 3398 4222 ego

160 4245 426 4319 Ἡρώδης,
462 4242 617 4301 εἶπεν
656 4248 764 4311 ὅτι,
814 4246 910 4299 ⁸ον
952 4242 1064 4313 ἐγὼ
1117 4244 1499 4313 ἀπεκεφάλισα
1544 4243 1701 4299 Ἰωάν

1821 4248 2042 4317 prmcidi
2087 4257 2275 4317 caput,
2330 4245 2569 4303 Joannes
2619 4247 2721 4302 iste
2768 4255 2871 4311 est,
2926 4247 3040 4316 ipse
3087 4244 3328 4298 surrexit
3366 4259 3397 4297 ιι

148 4355 268 4411 νην,
300 4333 456 4403 οὗτός
481 4342 653 4403 ἐστιν,
687 4337 852 4401 αὐτὸς
877 4335 1089 4409 ἠγέρθη
1116 4336 1181 4391 ἐκ
1217 4336 1447 4409 νεκρῶν.
1497 4353 1516 4389 ι
1554 4333 1701 4393 Οὗτοι

1822 4338 2074 4394 mortuis.
2111 4357 2130 4391 ι
2184 4337 2283 4392 llic
2323 4338 2560 4394 llerodes
2597 4337 2697 4393 fuit
2734 4338 2875 4394 ﬁlius
2913 4339 3033 4408 ejus
3076 4336 3167 4407 qui
3203 4351 3400 4405 pueros

147 4436 174 4488 ό
217 4432 489 4505 Ἡρώδης,
537 4432 650 4495 υίδς
679 4426 749 4502 ἦν
800 4418 1001 4484 ’ποῦ’τά
1049 4428 1226 4500 βρέφη
1274 4428 1697 4494 ἀποκτείναντος

1824 4431 2138 4487 occiderat:
2189 4440 2242 4486 et
2293 4431 2419 4486 licet
2462 4432 2734 4487 tetrarcba
2772 4442 2916 4487 esset
2963 4430 3227 4497 llerodes,
3274 4445 3395 4483 eum

149 4493 485 4599 τετρὶρχῆἶ
506 4525 560 4581 Ei
600 4493 752 4591 ὄντα,
788 4520 1015 4594 βασιλέα
1042 4493 1263 4574 αῦτδνδ
1289 4520 1514 4591 Μάρκος
1549 4522 1694 4590 λέγει

1827 4532 2009 4578 tamen
2035 4537 2216 4593 regem
2244 4522 2375 4576 dicit
2397 4522 2635 4589 Marcus,
2660 4521 2975 4592 simpliciter
3003 4536 3132 4575 usus
3162 4520 3400 4575 nomine.

150 4617 460 4689 ἀδιαφόρως
489 4616 775 4690 χρώμενος
800 4612 880 4685 τῷ
907 4613 1156 4682 ὀνόματι.
1188 4604 1356 4676 Οὗτος
1382 4607 1478 4666 οῦν
1505 4614 1701 4668 ἀκούωτ

1828 4615 2001 4687 Igitur
2049 4614 2140 4669 ille
2185 4630 2306 4669 cum
2342 4613 2553 4669 audiret
2604 4615 2861 4669 miracula
2917 4612 3174 4677 Domini,
3221 4613 3402 4667 sciens

128 4709 245 4763 ,τοῦ
270 4713 476 4783 Κυρίου
522 4712 594 4766 τὰ
636 4707 917 4780 θαύματα,
951 4704 1048 4761 καὶ
1081 4703 1240 4769 είδὼς
1265 4703 1339 4769 ὡς
1361 4704 1567 4760 δίκαιον
1587 4707 1701 4761 δντο

1828 4710 1973 4781 quod
2022 4709 2297 4765 immerito
2341 4718 2397 4765 et
2442 4709 2645 4779 absque
2688 4723 2849 4764 causa
2895 4707 3098 4779 justum
3140 4706 3400 4762 Joannem

218 4877 265 4908 ³⁸
297 4877 412 4932 Jac.
441 4889 496 4941 v,
525 4875 612 4929 Η.

1101 4972 1194 5031 Ex
1224 4967 1566 5033 collatione
1597 4969 1785 5033 codd.
1816 4971 2047 5032 Venet.
2084 4971 2146 5032 S.
2177 4970 2402 5033 Marci.

226 5096 333 5166 (ευ)
356 5094 587 5168 corneo
603 5093 751 5168 addit
778 5112 794 5151 ε
823 5095 949 5168 Πῶς
968 5094 1026 5148 δι
1047 5096 1333 5168 ,Ματθαϊος
1356 5096 1453 5168 μὲν
1475 5097 1573 5150 και
1592 5096 1731 5168 Aou-

160 5170 253 5232 κᾶς
269 5165 627 5239 κελευσθῆναι
640 5165 1017 5239 τούτουςεμήτι
1035 5165 1367 5239 ὑποδήματα
1383 5168 1521 5239 μήτε
1539 5166 1729 5239 ῥάϐδον

160 5184 253 5232 κας
269 5183 495 5223 unum:
537 5183 627 5219 ναι
640 5183 1017 5237 τουτουςιμητι
1035 5183 1203 5235 υποοη
1255 5183 1357 5220 ατα
1383 5183 1521 5239 μητε
1539 5183 1728 5238 ραοοον

120 5284 131 5289 -
156 5239 312 5318 ἔχειν,
343 5239 376 5290 ό
396 5184 706 5318 ᾓιῆἲάρκος
737 5236 907 5318 λέγει,
940 5183 1566 5318 συγχωρηθιῆναιπαῦντα
1590 5236 1728 5318 μούνα

147 5303 374 5374 αὖτοίςς
401 5307 475 5379 ξΓί
499 5303 595 5379 οὖν
628 5303 1003 5379 ἐστινςείπεῖν
1021 5303 1424 5379 ’,Πρῶτονμέν
1449 5303 1544 5361 οῦν
1573 5303 1728 5379 ρῦτω

141 5372 507 5454 προσέταξεν,
566 5376 641 5439 ὡς
752 5372 1033 5454 Ματθαῖος
1070 5372 1241 5454 -καὶιό
1286 5372 1503 5454 nonad;
1545 5372 1700 5454 εἷπον

1828 5379 2006 5454 lbaeus
2033 5372 2086 5434 et
2104 5372 2118 5378 ”
2138 5376 2316 5454 Lucas
2336 5372 2581 5454 scribunt
2606 5396 2621 5434 :
2646 5379 2837 5432 deinde
2863 5391 2992 5454 vero
3010 5372 3253 5454 permisit
3276 5376 3401 5438 illis,

142 5446 458 5519 ὓστερονδέ
487 5449 887 5519 παρεχώρησεν
937 5448 1120 5519 αῦτοῑς
1170 5446 1533 5519 ,ὑποδεδύσθαι
1586 5448 1701 5519 μόνι

1825 5458 1884 5502 ιιι
1912 5450 2041 5503 solis
2068 5450 2326 5502 sandaliis
2352 5465 2411 5503 se
2435 5450 2759 5514 calcearent,
2790 5463 2852 5502 ac
2875 5447 3082 5519 virgam
3109 5446 3402 5519 baberent,

160 5516 432 5585 σανδάλια,
470 5516 581 5573 atat
599 5516 850 5589 κατέχειν
884 5517 1105 5589 ῥάϐδον,
1132 5518 1213 5581 είς
1245 5516 1494 5588 φυλακήν
1523 5516 1595 5570 τε
1616 5517 1701 5589 τῶε

1808 5526 1948 5572 tum
1983 5520 2049 5589 ad
2095 5520 2649 5589 pedumﬁcustodiam,
2683 5528 2792 5589 tum
2839 5517 2909 5589 ad
2939 5517 3403 5589 sustentationem

170 5591 346 5670 ποδῶν-
357 5589 688 5670 καὶΑὐποστη
697 5585 896 5670 ριγμὸν
908 5588 1009 5670 τοῦ
1042 5585 1339 5670 σώματρςκ
1358 5585 1701 5670 συγᾳκαταϐαίη

1833 5588 2080 5670 corporis
2135 5588 2411 5670 (videlicet
2462 5587 3086 5670 eorum-“imbecillitati
3118 5585 3401 5670 indulgere

172 5674 245 5716 νων
272 5663 351 5732 τῇ
383 5658 639 5730 ἀσθενείᾳ
677 5656 876 5723 αὐτῶν,
904 5657 991 5712 διά
1016 5656 1256 5782 τίὶνάπὸ
1279 5659 1377 5729 τῆς
1414 5659 1701 5729 ὁδοιπορίαι

170 5729 563 5782 ταλαιπωρίαν.
608 5728 685 5782 ὥς
724 5732 752 5782 ό
779 5727 972 5782 παρὼν
1025 5746 1051 5782 ε
1091 5728 1415 5782 αγγελιστὴς
1464 5729 1700 5782 ἔγραψεν

1834 5656 2002 5713 voluit
2033 5656 2249 5728 propter
2279 5657 2568 5715 itinerandi
2607 5657 2999 5727 dillicultatem)
3035 5665 3093 5712 ut
3122 5656 3210 5712 hic
3235 5670 3403 5708 evan-

1833 5728 2021 5782 aelista
2054 5730 2311 5782 scriptum
2343 5729 2576 5782 reliquit.
2610 5727 2782 5782 Porro
2813 5728 2868 5782 in
2903 5742 3008 5782 una
3038 5726 3220 5782 domo.
3243 5733 3349 5781 etc.
3378 5740 3401 5775 ο

176 5726 563 5800 ταλαιπωρίαν,
608 5726 685 5792 ῶς
724 5732 752 5783 ό
779 5727 972 5800 παρὼν
1025 5726 1415 5799 εὐαγγελιστὴς
1464 5726 1700 5799 ἔγραψεν

177 5797 234 5859 Ἐν
271 5802 395 5878 μιᾷ,
416 5799 475 5855 δέ
502 5798 669 5871 οίκίᾳ,
689 5817 743 5855 κ.
765 5815 818 5855 τ.
835 5799 888 5855 λ.
931 5817 949 5853 ι
973 5798 1253 5867 Quomodo
1271 5814 1396 5857 vero
1418 5797 1698 5856 Mattbteus

1833 5728 2021 5799 gelista
2054 5726 2311 5800 scriptum
2343 5729 2576 5802 reliquit.
2610 5727 2782 5787 Porro
2813 5728 2868 5787 in
2903 5726 3008 5785 una
3038 5726 3220 5790 domo,
3243 5733 3349 5781 etc.
3378 5740 3401 5775 ο

1828 5105 1883 5153 et
1907 5095 2083 5153 Lucas
2112 5097 2353 5153 referunt
2387 5097 2570 5167 jussos
2598 5114 2718 5153 esse
2747 5095 3039 5167 ap0stolos.
3091 5094 3401 5167 nequeral-

1826 5178 2337 5241 ‘ceamenta,neque
2363 5165 2567 5241 virgam
2594 5165 2823 5241 habere,
2850 5183 2970 5241 cum
2999 5167 3128 5241 Mart
3149 5182 3210 5219 us
3236 5165 3401 5241 dica',

1826 5235 1942 5307 iure
1961 5239 2075 5293 sola
2095 5238 2202 5293 illis
2224 5235 2486 5307 permissa
2513 5238 2709 5295 fuisse?
2727 5238 2863 5304 Quid
2891 5237 3050 5306 igitur
3078 5235 3404 5307 dicendum?

1827 5306 2067 5374 Scilicet,
2103 5305 2335 5379 primum
2381 5310 2597 5379 quidem
2644 5310 2716 5362 ita
2750 5307 3043 5373 mandavit,
3083 5308 3226 5379 sicut
3264 5305 3402 5379 blat-
