3968 6460
579 300 682 371 551

573 415 888 480 occidisset,
940 413 1253 484 suspicatus
1281 419 1366 467 est
1412 413 1556 484 quod
1585 411 1914 467 surrexisset
1942 424 1973 464 a
2007 423 2148 463 mor-

575 509 704 574 tuis,
728 515 784 562 et
805 521 901 576 per
926 506 1382 562 resurrectionem
1407 505 1462 560 in
1491 519 1549 560 se
1573 505 1826 558 virtutem
1849 505 2148 572 accepisset

575 598 834 667 operandi
894 597 1174 652 miracula.
1232 596 1470 652 Joannes
1523 597 1666 651 enim
1723 595 1874 664 prius
1940 593 2146 650 nullum

578 689 896 745 miraculum
931 688 1174 753 fecerat;
1207 686 1452 744 llerodes
1487 697 1665 742 autem
1699 688 1920 757 putabat
1964 685 2149 756 signo-

576 797 695 837 rum
721 781 1088 852 operationem
1123 781 1170 835 ei
1202 795 1267 836 ex
1305 779 1722 835 resurrectionis
1751 781 1950 832 virtute
1979 779 2147 833 adve-

577 878 743 931 nisse.
772 878 842 930 At
875 875 964 930 alii
991 873 1266 938 dicebant,
1303 874 1445 928 Elias
1471 883 1551 932 est
1577 890 1592 926 :
1628 872 1974 942 reprehendit
2005 869 2148 924 enim

578 971 795 1034 multos,
827 977 885 1024 ut
919 985 1039 1022 cum
1080 968 1308 1030 diceret,
1341 964 1385 1022 Ο
1417 951 1686 1019 incredula
1736 964 1924 1019 natio!
1970 963 2147 1017 Hero-

578 1062 672 1116 des
695 1071 872 1115 autem
900 1060 1118 1116 timebat
1148 1075 1166 1114 :
1196 1059 1327 1114 adeo
1353 1060 1515 1115 miser
1539 1067 1676 1124 erat,
1705 1067 1761 1112 ut
1789 1066 1844 1112 et
1877 1064 2149 1111 mortuum

577 1155 811 1208 timeret.

652 1246 815 1302 Vens.
854 1245 917 1300 l7
950 1244 1038 1300 20.
1074 1244 1208 1299 Nam
1241 1243 1353 1314 ipse
1384 1243 1621 1299 Herodes
1643 1281 1658 1307 ,
1692 1241 1874 1298 missis
1905 1239 2151 1296 satelliti-

580 1341 700 1399 bus.
734 1356 925 1397 manus
958 1339 1211 1407 iniecerat
1240 1338 1292 1392 iu
1327 1337 1482 1407 201
1515 1335 1798 1398 Joannem,
1820 1343 1875 1388 et
1903 1334 2150 1387 vinxerat

579 1444 702 1483 enm
739 1429 790 1482 in
839 1442 1058 1483 carcere
1087 1437 1309 1498 propter
1347 1428 1706 1482 Herodiadem
1741 1441 1965 1479 uxorem
2020 1421 2150 1477 Plii-

580 1522 708 1592 lippi
749 1520 931 1574 fratris
966 1521 1072 1586 sui,
1107 1521 1231 1590 quia
1261 1521 1487 1574 duxerat
1511 1535 1628 1573 eam
1650 1533 1896 1573 uxorem.
1931 1517 2152 1571 Dicebat

584 1615 726 1669 enim
754 1612 994 1667 Joannes
1021 1611 1216 1668 Herodi
1244 1630 1256 1666 :
1291 1611 1406 1666 Non
1435 1612 1560 1666 licet
1581 1610 1674 1664 tibi
1699 1609 1898 1664 habere
1927 1623 2149 1662 uxorem

582 1708 771 1762 fratris
821 1708 918 1762 tui.
975 1705 1238 1761 llerodias
1269 1714 1448 1760 autem
1482 1703 1839 1758 insidiabatur
1872 1703 1966 1768 illi,
2001 1701 2152 1756 vole-

584 1802 783 1871 batque
812 1800 1064 1856 occidere
1103 1815 1248 1865 eum,
1297 1813 1399 1854 nec
1445 1806 1680 1867 poterat.
1733 1795 1975 1852 Herodes
2007 1794 2152 1848 enim

584 1895 862 1948 metuebat
897 1894 1183 1957 Joannem,
1221 1892 1402 1947 sciens
1442 1906 1562 1945 eum
1619 1891 1792 1944 virum
1829 1889 2036 1956 justum
2089 1902 2154 1941 ac

584 1996 826 2059 sanctum
849 2025 866 2050 ,
917 1997 971 2039 et
1005 1985 1325 2039 observabat
1358 1998 1506 2047 eum,
1539 1981 1831 2048 auditoque
1861 1995 1946 2044 eo,
1982 1979 2153 2034 multa

588 2079 838 2143 faciebat,
881 2086 935 2132 et
970 2076 1199 2130 libenter
1231 2091 1355 2130 eum
1387 2074 1660 2128 audiebat.
1698 2089 1716 2122 ι
1747 2071 2026 2126 lnterserit
2051 2073 2154 2126 hoc

587 2171 706 2225 loco
742 2169 954 2225 Marcus
994 2168 1360 2223 narrationem
1413 2166 1478 2220 de
1513 2173 1684 2220 morte
1714 2161 1937 2218 Joannis
1966 2163 2154 2232 Bapti-

587 2276 706 2328 εισι,
737 2262 1026 2316 occasione
1058 2270 1296 2330 sumpta.
1331 2259 1528 2313 Dicunt
1555 2268 1736 2312 autem
1766 2257 1984 2326 quidatn
2013 2256 2153 2326 quod

590 2356 830 2410 Herodes
879 2355 1122 2424 rapuerit
1151 2351 1507 2408 Herodiadem
1527 2391 1540 2414 ,
1570 2352 1780 2404 vivente
1812 2349 2073 2418 Philippo,
2103 2355 2157 2402 ct

591 2447 730 2516 quod
762 2446 1124 2512 reprehensus
1159 2442 1321 2496 fuerit
1344 2449 1400 2495 ut
1436 2439 1839 2512 praevaricator,
1864 2438 1952 2507 qui
1986 2437 2158 2493 abdu-

591 2541 731 2594 xorit
787 2539 1017 2592 viventis
1073 2537 1256 2590 fratris
1315 2548 1580 2599 uxorem;
1641 2534 1728 2588 alii
1786 2542 1965 2587 autem
2014 2531 2154 2599 quod

591 2639 835 2683 mortuus
870 2628 1086 2698 quidem
1134 2626 1299 2681 fuerit
1329 2626 1632 2697 Philippus,
1669 2623 1947 2694 reliquerit
1976 2631 2155 2677 autem

589 2719 844 2774 ﬁliolam:
901 2729 952 2774 et
1003 2733 1124 2773 cum
1177 2718 1342 2773 tiliam
1401 2717 1716 2788 reliquerit,
1773 2732 1880 2770 non
1931 2715 2158 2769 debebat

592 2812 830 2866 Herodes
859 2826 1080 2866 uxorem
1114 2811 1300 2868 fratris
1333 2811 1535 2866 ducere
1562 2811 1728 2864 etiam
1750 2819 1872 2878 post
1902 2815 2153 2861 mortem.

594 2903 701 2958 Lex
754 2904 898 2958 enim
952 2912 1079 2958 tunc
1135 2901 1362 2974 jubebat
1414 2901 1638 2956 fratrem
1693 2900 1878 2954 fratris
1933 2912 2154 2953 uxorem

591 2998 788 3050 ducere
807 2995 877 3059 ⁸¹,
915 3011 1037 3049 cum
1083 3011 1188 3049 non
1245 3002 1552 3064 superesset
1587 3006 1751 3062 puer:
1806 3005 1946 3045 nunc
1977 2999 2158 3044 autem

594 3085 670 3139 illi
701 3096 816 3140 erat
849 3085 953 3139 lilia
981 3104 994 3141 :
1025 3085 1320 3156 illegitima:
1369 3085 1538 3156 igitur
1580 3094 1735 3139 erant
1779 3083 1996 3154 nuptias.
2025 3081 2160 3136 Vide

595 3187 772 3233 autem
797 3178 925 3249 quid
952 3178 1115 3233 l'aciat
1135 3179 1340 3232 amoris
1365 3169 1565 3243 rabies,
1590 3183 1642 3232 et
1664 3185 1927 3246 quantum
1957 3173 2154 3228 valeat.

593 3269 731 3325 Ecce
757 3272 899 3326 enim
931 3271 1170 3328 Herodes
1195 3269 1484 3335 Joannem,
1505 3270 1666 3340 quem
1694 3271 1746 3324 iu
1775 3279 1925 3323 tanto
1953 3269 2159 3323 ltonore

593 3371 648 3416 et
706 3364 1006 3418 reverentia
1067 3363 1436 3433 observabat,
1499 3371 1557 3416 ut
1609 3359 1816 3416 libidini
1901 3358 2158 3424 satisfiat,

593 3455 911 3509 contemnit.

664 3631 1034 3687 \’sns.2|-29.
1070 3650 1092 3684 ι
1129 3630 1195 3686 Ει
1220 3645 1340 3686 cum
1363 3631 1480 3687 dies
1496 3639 1828 3702 opportunus
1855 3633 2158 3702 accidisset,

593 3740 716 3780 cum
754 3724 990 3780 llerodes
1020 3725 1072 3779 in
1099 3725 1355 3781 natalitiis
1381 3739 1589 3779 coenam
1617 3725 1815 3782 faceret
1837 3726 2162 3796 primatibus

595 3832 657 3872 ac
699 3817 931 3874 tribunis
958 3827 1012 3873 et
1040 3819 1367 3889 primoribus
1400 3817 1649 3886 Galilaaat,
1689 3833 1920 3890 cumque
1949 3820 2163 3874 introis-

593 3920 676 3966 set
706 3910 810 3963 lilia
843 3910 1010 3980 ipsius
1037 3910 1374 3977 llerodiadis,
1413 3925 1477 3966 ac
1516 3911 1788 3978 saltasset,
1841 3911 2163 3980 placuisset-

591 4018 696 4073 que
725 4003 944 4069 Herodi,
981 4019 1044 4060 ac
1065 4004 1221 4059 simul
1249 4006 1710 4072 accumbentibus,
1731 4021 1820 4062 rex
1839 4005 1912 4060 ait
1932 4005 2158 4076 puellae:

594 4092 723 4148 Pete
751 4111 779 4148 a
814 4109 898 4149 me
929 4094 1071 4163 quod
1113 4096 1217 4159 vis.
1251 4102 1306 4149 et
1361 4095 1502 4150 dabo
1553 4095 1668 4150 tibi.
1713 4093 1779 4150 Et
1821 4096 2024 4166 juravit
2061 4095 2160 4162 illi,

593 4182 863 4252 Quidquid
887 4199 916 4237 a
945 4199 1028 4238 me
1053 4185 1292 4254 petieris,
1317 4185 1454 4240 dabo
1483 4186 1575 4240 tibi
1603 4201 1772 4256 usque
1793 4187 1858 4240 ad
1882 4185 2160 4241 dimidium

590 4273 742 4342 regni
793 4273 918 4329 mei.
967 4272 1034 4326 At
1084 4273 1173 4327 illa
1199 4288 1412 4342 egressa
1456 4274 1592 4328 dixit
1634 4273 1790 4327 matri
1823 4288 1936 4329 suae
1974 4289 1988 4327 :
2023 4273 2162 4341 Quid

593 4364 807 4433 petam?
844 4363 934 4417 Illa
991 4379 1120 4419 vero
1148 4365 1281 4420 dixit
1310 4383 1325 4420 :
1350 4365 1522 4435 Caput
1549 4364 1768 4422 Joannis
1791 4365 2064 4435 Baptistae.
2094 4363 2162 4419 Et

594 4455 833 4527 ingressa
872 4458 1052 4510 statim
1086 4472 1206 4512 cum
1236 4459 1578 4514 festinatione
1610 4458 1676 4513 ad
1723 4474 1924 4529 regem,
1973 4460 2162 4530 petivit

593 4548 776 4603 dicens
812 4565 826 4603 :
857 4549 985 4603 Volo
1039 4561 1094 4602 ut
1148 4551 1394 4620 protinus
1440 4553 1533 4607 des
1555 4550 1688 4606 mibi
1728 4552 1780 4607 in
1811 4551 1968 4607 lance
1994 4561 2158 4621 caput

591 4634 818 4692 Joannis
861 4635 1138 4706 Baptistae.
1173 4639 1239 4692 Et
1274 4639 1460 4695 dolore
1512 4639 1734 4696 allectus
1779 4656 1895 4708 rex,
1941 4650 2160 4711 propter

587 4729 986 4800 jusjurandum,
1018 4745 1217 4801 eosque
1245 4732 1334 4801 qui
1369 4733 1528 4787 simul
1552 4735 1961 4801 accumbebant,
1988 4735 2160 4790 noluit

590 4834 708 4875 eam
763 4821 1014 4892 rejicere.
1049 4823 1116 4878 Et
1139 4822 1424 4878 confestim
1457 4839 1568 4891 rex,
1602 4825 1766 4880 misso
1809 4826 2156 4894 spiculatore,

587 4913 748 4983 j‘ussit
781 4914 964 4972 inferri
993 4925 1153 4986 caput
1177 4915 1315 4986 ejus.
1357 4915 1539 4971 Atille
1579 4915 1730 4985 abiit,
1759 4932 1822 4972 ac
1882 4917 2166 4972 decollavit

588 5019 712 5062 eum
761 5005 818 5061 in
857 5021 1097 5073 carcere,
1144 5015 1201 5062 et
1255 5007 1435 5064 attulit
1480 5018 1641 5077 caput
1677 5008 1791 5077 ejus
1818 5009 1870 5064 in
1906 5009 2082 5072 Iunce,
2110 5016 2164 5063 et

590 5099 738 5153 dedit
763 5099 892 5154 illud
927 5100 1136 5171 puellae,
1168 5110 1221 5155 et
1249 5101 1421 5170 puella
1475 5100 1621 5155 dedit
1661 5099 1787 5154 illud
1823 5100 1977 5154 matri
2028 5115 2159 5155 suae.

592 5189 710 5256 Quo
760 5192 967 5260 audito,
1007 5192 1255 5263 discipuli
1289 5192 1408 5263 ejus
1443 5199 1703 5247 venerunt
1751 5202 1804 5246 et
1828 5193 2166 5246 sustulerunt

591 5284 826 5339 cadaver
861 5283 1002 5352 ejus,
1052 5294 1458 5355 posueruntque
1481 5283 1609 5338 illud
1643 5285 1695 5337 in
1727 5293 2093 5339 monumento.
2138 5303 2157 5336 ι

591 5371 908 5428 Convivium
954 5373 1279 5429 celebratur.
1327 5373 1499 5430 Saltat
1528 5389 1625 5445 per
1645 5373 1875 5444 puellam
1897 5373 2160 5442 diabolus,

593 5464 655 5520 ﬁt
689 5465 1070 5537 jusjurandum
1117 5469 1340 5539 impium
1367 5478 1424 5526 et
1451 5469 1737 5535 nefarium,
1771 5469 1879 5524 imo
1917 5467 2159 5523 stultum.

591 5556 836 5628 Nequam
888 5565 1066 5615 autem
1096 5559 1289 5617 mulier
1329 5560 1482 5630 dicit,
1513 5559 1589 5618 Da
1609 5560 1736 5618 mihi
1766 5559 2030 5636 protinus,
2062 5559 2168 5616 hoc

655 5741 699 5775 “
731 5741 885 5800 Deut.
914 5757 1040 5810 xxv,
1091 5741 1148 5800 5.

1504 301 2087 364 THEOPHYLACTI
2125 301 2538 365 BULGARLE
2579 303 2936 365 ARCHIEP.

3687 320 3770 385 53?.

2182 415 2221 472 Α
2260 410 2442 506 μάτην
2500 412 2683 506 dwell:
2717 411 2840 506 ’τὸν
2873 409 3158 506 Ἰωάννην,
3195 412 3464 468 ὐπὲλαΰεν
3496 418 3571 472 ὅτι
3615 423 3774 506 ἀνέστη

2259 501 2323 553 ὲκ
2357 501 2588 572 νεκρῶν,
2644 502 2738 554 καὶ
2782 503 2846 554 ὲκ
2885 499 2985 570 τῆς
3023 501 3377 569 ἀναστάσεως
3427 513 3698 578 προσέλαϐε
3733 499 3777 578 τέ

2258 591 2720 663 Θαυματουργεῖν.
2749 596 3024 668 Πρότερον
3053 597 3161 666 γάρ
3199 598 3230 650 6
3267 597 3516 670 Ἰωάννης
3555 605 3683 660 οὐδὲν
3704 629 3776 683 ση.

2259 687 2412 767 μεῖον
2447 686 2702 755 ἐποίησεν
2725 704 2738 717 .
2773 687 2881 741 ἀπὸ
2910 687 2968 741 δὲ
3020 690 3120 760 τῆς
3149 689 3502 757 ἀναστάσεως
3528 697 3776 767 ἐνόμισενὸ

2266 764 2516 850 Ἡρώδης
2542 777 2875 848 προσλαϐεῖν
2916 780 3081 833 αὐτὸν
3110 781 3223 834 τῶν
3259 783 3502 851 σημείων
3532 764 3623 859 τὴν
3650 793 3776 862 ἔργα.

2257 867 2400 924 σίαν.
2427 868 2609 922 ’Ἄλλοι
2641 869 2698 922 δὲ
2732 871 2918 937 ἔλεγον
2946 871 3034 925 ὅτι
3081 871 3273 936 Ἠλίας
3300 874 3474 928 ἐστίν·
3498 878 3670 950 ῆλεγχε
3695 887 3774 957 γὰρ

2255 960 2381 1022 τοὺς
2419 961 2669 1023 πολλοὺς,
2708 960 2786 1024 ὥς
2833 963 2962 1016 ὅταν
3003 961 3214 1031 ἔλεγεν.
3256 963 3321 1016 Ὢ
3375 969 3530 1032 γενεά
3565 970 3774 1038 ἀπιστοςῖ

2266 1051 2514 1122 Ἡρώδης
2555 1051 2613 1106 δὲ
2653 1053 2892 1107 δέδοικεν
2916 1069 2933 1085 ο
2959 1053 3134 1118 οὕτως
3151 1051 3248 1110 οὖν
3287 1054 3536 1123 ἐλεεινὸς,
3566 1061 3686 1117 ὥστε
3710 1068 3776 1120 τὸν

2257 1143 2450 1213 νεκρὸν
2477 1145 2784 1216 φοϐεῖσθαι.

2334 1252 2352 1285 r
2385 1237 2557 1296 Αὐτὸς
2587 1236 2697 1308 γάρ
2720 1239 2750 1291 6
2784 1237 3050 1309 Ἡρώδης,
3075 1240 3410 1304 ἀποστείλας
3442 1242 3688 1313 ἐκράτησε
3711 1248 3777 1302 τὸν

2271 1327 2527 1396 Ἰωάννην
2565 1368 2580 1392 ,
2622 1331 2715 1384 καὶ
2769 1331 2955 1401 ἔδησεν
2993 1333 3154 1386 αὐτὸν
3189 1335 3250 1386 ὲν
3292 1333 3503 1405 φυλακῇ
3532 1336 3612 1389 διὰ
3642 1339 3776 1409 Ἡρω-

2257 1418 2414 1472 διάδα
2440 1419 2539 1491 τὴν
2568 1425 2802 1488 γυναῖκα
2831 1424 3100 1479 Φιλίππου
3140 1427 3237 1479 τοῦ
3265 1425 3495 1495 ἀδελφοῦ
3532 1429 3692 1495 αὑτοῦ,
3715 1435 3773 1486 ὅτι

2259 1513 2429 1581 αὐτὴν
2457 1517 2758 1586 ἐγάμησεν.
2803 1519 3000 1588 Ἔλεγε
3024 1520 3133 1589 γὰρ
3159 1522 3186 1574 6
3225 1522 3480 1593 Ἰωάννης
3509 1523 3580 1592 τῷ

2258 1604 2364 1672 ὅτι,
2398 1606 2510 1659 Οὐκ
2537 1607 2714 1671 ἔξεστί
2755 1626 2835 1664 σοι
2865 1610 3008 1681 ἔχειν
3048 1613 3148 1681 τὴν
3178 1616 3419 1680 γυναῖκα
3470 1615 3559 1668 τοῦ
3594 1617 3771 1687 ἀδελφοῦ

2261 1715 2377 1752 σου.
2415 1699 2476 1751 ’Π
2500 1699 2555 1751 δὲ
2589 1700 2855 1770 Ἡρωδιὰς
2891 1705 3097 1772 ἐνεῖχεν
3124 1705 3300 1772 αὐτῷ,
3329 1706 3423 1757 καὶ
3458 1706 3630 1775 ἤθελεν
3651 1711 3772 1764 αὐτὸν

2181 1775 2230 1834 Β
2259 1790 2606 1850 ἀποκτεῖναι.
2635 1793 2731 1846 καὶ
2762 1791 2861 1845 οὐκ
2898 1792 3140 1847 ἐδύνατο.
3185 1795 3248 1846 Ὀ
3285 1793 3398 1863 γάρ
3442 1785 3771 1866 Ἡρώδηςὲφο·

2257 1880 2402 1933 ϐεἰτο
2453 1881 2544 1933 τὸν
2587 1881 2862 1953 Ἰωάννην,
2897 1884 3056 1948 εἰδὼς
3097 1884 3265 1937 αὑτὸν
3306 1885 3471 1955 ἄνδρα
3503 1886 3681 1939 εἰκαιον
3707 1893 3772 1942 γαί

2257 1971 2430 2040 ἅγιον,
2469 1973 2562 2027 καὶ
2587 1975 2872 2043 συνετήρει
2893 1976 3072 2038 αὑτὸν.
3103 1979 3196 2031 καὶ
3227 1978 3468 2040 ἀκούσας
3489 1981 3654 2040 αὑτοῦ.
3682 1984 3774 2036 πολ-

2255 2065 2322 2118 λὰ
2353 2067 2548 2130 ἐποίει,
2595 2069 2690 2121 καὶ
2720 2069 2889 2138 ἡδέως
2926 2069 3088 2122 αὐτοῦ
3115 2071 3337 2141 ἤκουεν.
3383 2091 3401 2122 ι
3445 2074 3771 2146 Παρεντίθησιν

2252 2155 2490 2210 ἐνταῦθα
2521 2158 2618 2226 τὴν
2653 2159 2781 2228 περὶ
2810 2158 2903 2212 τοῦ
2946 2159 3179 2213 Θανάτου
3207 2207 3222 2212 ,
3247 2160 3347 2213 τοῦ
3395 2161 3669 2217 Bamth
3717 2166 3772 2218 δι-

2261 2249 2461 2319 ήγησιν
2518 2251 2546 2302 6
2589 2251 2816 2320 Μάρκος
2843 2292 2858 2316 ,
2891 2252 3147 2324 ἀφορμῆς
3201 2253 3555 2324 δραξάμενος.
3607 2258 3696 2328 τὴν

2271 2340 2596 2410 Ὶιρωδίαδα,
2631 2345 2678 2396 οἱ
2711 2344 2831 2413 μὲν,
2863 2343 3065 2408 ζῶντος
3089 2345 3180 2399 τοῦ
3210 2348 3482 2400 Φιλίππου
3511 2349 3655 2416 φασὶν
3671 2351 3770 2403 ἁπο-

2259 2435 2464 2489 σπάσαι
2516 2435 2606 2489 τὸν
2647 2435 2938 2508 Ἡρώδην,
2993 2439 3089 2494 καὶ
3135 2441 3226 2493 διὰ
3288 2442 3447 2497 τοῦτο
3515 2441 3770 2511 ἐλέγχεσθαι

2256 2527 2420 2581 αὑτὸν
2447 2527 2521 2591 ὡς
2557 2529 3000 2600 παρανομοῦντα,
3034 2531 3128 2584 τοῦ
3176 2533 3384 2597 ζῶντος
3424 2533 3633 2602 ἀδελφοῦ
3671 2535 3770 2588 drm-

2258 2618 2567 2687 ζευγνύντα
2591 2622 2689 2690 τὴν
2725 2625 2958 2691 γυναῖκα
2982 2639 3002 2654 ο
3055 2625 3106 2676 οἱ
3144 2625 3200 2677 δὲ
3223 2664 3239 2689 ,
3266 2625 3352 2678 ὅτι
3395 2625 3612 2678 ἀπέθανε
3655 2624 3770 2694 μὲνὸ

2256 2713 2542 2776 Φίλιππος,
2599 2713 2741 2784 πλὴν
2795 2715 2886 2768 ἐπὶ
2921 2716 3151 2786 Θυγατρί
3180 2734 3193 2748 ο
3233 2717 3500 2788 θυγατρὸς
3549 2717 3601 2769 δὲ
3629 2717 3766 2785 οῦσηξ,

2261 2806 2362 2858 οὑκ
2409 2806 2520 2858 ἔδει
2575 2805 2667 2859 τὸν
2709 2805 2956 2877 Ἡρώδην
3005 2809 3106 2878 τὴν
3165 2812 3411 2876 γυναῖκα
3460 2809 3550 2862 τοῦ
3591 2808 3768 2875 ἀδελφοῦ

2259 2898 2534 2968 γαμῆσαι,
2577 2899 2698 2953 οὐδὲ
2761 2901 2899 2970 μετὰ
2936 2901 3182 2954 Θάνατον.
3234 2903 3294 2956 Ὀ
3337 2901 3445 2973 γάρ
3496 2903 3642 2972 νόμος
3680 2903 3766 2952 τότε

2261 2991 2480 3044 ἐκέλευε
2513 2991 2603 3044 τὸν
2635 2991 2866 3060 ἀδελφὸν
2897 2992 2997 3063 τὴν
3029 2992 3122 3046 τοῦ
3168 2993 3402 3066 ἀδελφοῦ
3431 2998 3641 3062 γυναῖκα
3670 2993 3768 3062 λαμ-

2187 3121 2231 3180 C
2265 3083 2472 3150 δάνειν,
2501 3084 2588 3137 ὅτε
2629 3083 2702 3155 μὴ
2733 3085 2876 3154 ὑπῆν
2926 3086 3143 3138 παιδίον
3192 3103 3205 3116 ·
3250 3086 3482 3140 ἐνταῦθα
3511 3086 3561 3138 δὲ
3580 3087 3767 3154 ὑπῆρχεν

2266 3177 2298 3244 ἡ
2324 3175 2594 3246 θυγάτηρ,
2631 3178 2949 3248 παράνομος
2975 3179 3084 3246 ἄρα
3115 3181 3144 3231 6
3173 3179 3381 3248 γάμος.
3421 3179 3551 3248 ’Ὀρα
3575 3178 3626 3231 δὲ
3647 3178 3768 3229 πότον

2269 3269 2441 3339 ίσχύει
2471 3272 2504 3342 ἡ
2542 3271 2712 3324 λύσσα
2759 3271 2852 3325 τοῦ
2889 3273 3108 3342 ἔρωτος,
3145 3271 3290 3325 ὥστε
3333 3275 3428 3327 καὶ
3454 3273 3539 3326 τὸν
3578 3270 3768 3342 Ἡρώδην

2263 3362 2536 3430 τοσαύτην
2555 3363 2688 3416 αἰδῶ
2723 3366 2820 3418 καὶ
2853 3364 3019 3434 φόῦον
3047 3366 3185 3436 πρὸς
3200 3365 3299 3419 τὸν
3338 3364 3582 3437 Ἰωάννην
3600 3365 3766 3436 ἔχοντα,

2261 3456 2671 3526 καταφρονῆσαι
2736 3455 2950 3522 τούτου,
3009 3459 3146 3528 πρὸς
3194 3459 3258 3512 τὸ
3305 3453 3625 3529 θεραπεῦσαι
3651 3457 3768 3527 μόνον

2262 3542 2582 3600 ἀκολασίαν.

2341 3653 2359 3687 t
2395 3638 2502 3690 Καὶ
2527 3637 2825 3710 γενομένης
2869 3639 3084 3710 ἡμέρας
3134 3641 3420 3711 εὐκαίρου,
3455 3642 3538 3695 ὅτε
3573 3637 3766 3710 Ἡρώδης

2262 3727 2374 3788 τοῖς
2402 3726 2666 3794 γενεσίοις
2691 3727 2859 3782 αὑτοῦ
2891 3729 3106 3783 δεῖπνον
3151 3731 3327 3783 ἐποίει
3365 3731 3474 3790 τοῖς
3504 3727 3768 3797 μεγιστᾶσιν

2263 3818 2448 3884 αὑτοῦ,
2480 3819 2572 3872 καὶ
2603 3821 2716 3883 τοῖς
2743 3820 3049 3892 χιλιάρχοις
3077 3823 3175 3876 καὶ
3202 3823 3318 3885 τοῖς
3346 3821 3570 3891 πρώτοις
3589 3819 3675 3887 τῆς
3693 3817 3769 3869 Γα-

2265 3910 2477 3973 λιλαίας
2510 3928 2525 3944 -
2565 3912 2657 3965 καὶ
2698 3912 3046 3984 είσελθούσης
3073 3911 3174 3984 τῆς
3203 3913 3472 3983 θυγατρὸς
3527 3911 3673 3979 αὐτῆς
3698 3907 3770 3976 τῆς

2276 4001 2625 4074 Ἡρωδιάδος,
2675 4003 2772 4057 καὶ
2828 4005 3213 4075 ὀρχησαμένης
3279 4007 3372 4059 καὶ
3419 4003 3668 4076 ἀρεσάσης
3713 3996 3769 4068 τῷ

2275 4094 2511 4167 Ἡρώδῃ,
2543 4095 2769 4160 καὶτοῖς
2806 4098 3311 4168 συνανακειμένοις,
3341 4094 3487 4150 εἶπεν
3514 4096 3541 4148 6
3567 4092 3769 4166 βασιλεὺς

2263 4187 2341 4257 τῷ
2370 4189 2642 4259 κορασίῳο
2677 4188 2912 4258 Αἴτησόν
2949 4207 3024 4259 με
3055 4190 3082 4242 δ
3108 4191 3204 4243 ἐὰν
3225 4191 3401 4264 θέλῃς,
3421 4191 3508 4242 καὶ
3536 4187 3668 4240 δώσω
3692 4199 3767 4234 σοι.

2262 4279 2372 4332 Καὶ
2398 4277 2610 4349 ὤμοσεν
2638 4280 2774 4351 αὐτῇ
2799 4281 2906 4344 ὅτι,
2950 4282 3014 4334 Ὃ
3045 4281 3140 4335 ἐάν
3177 4299 3246 4352 με
3286 4283 3512 4354 αίτήσῃς
3537 4279 3670 4332 δώσω
3690 4290 3766 4336 σοι.

2267 4369 2372 4434 ἓως
2400 4371 2632 4441 ἡμίσους
2653 4372 2752 4442 τῆς
2773 4371 3057 4443 βασιλείας
3082 4366 3208 4443 μου.
3241 4373 3306 4426 Ἥ
3336 4373 3411 4440 δὲ,
3438 4369 3693 4436 ἐξελθοῦσα
3713 4359 3769 4416 εἶ·

2189 4473 2239 4533 υ
2267 4479 2335 4516 πε
2359 4466 2427 4534 τῇ
2464 4465 2631 4535 μητρὶ
2660 4464 2852 4534 αὐτῆς,
2876 4463 2941 4518 Τί
2972 4467 3302 4536 αίτήσομαι;
3347 4465 3413 4520 Ἰί
3439 4463 3493 4516 δὲ
3521 4457 3657 4515 εἷπε·
3685 4455 3767 4524 Τὴν

2268 4554 2514 4622 κεφαλὴν
2551 4555 2798 4610 Ἰωάννου
2850 4555 2946 4610 τοῦ
2976 4557 3309 4612 Βαπτιστοῦ.
3347 4557 3460 4609 Καὶ
3506 4546 3768 4608 εἰσελθοῦσα

2267 4647 2467 4710 εὐθέως
2516 4647 2653 4718 μετὰ
2689 4647 2924 4718 σπουδῆς
2960 4648 3097 4719 πρὸς
3143 4648 3236 4701 τὸν
3286 4647 3524 4720 βασιλέα.
3554 4643 3762 4714 ᾐτήσατο,

2265 4736 2498 4804 λέγουσα
2522 4752 2536 4764 ·
2566 4737 2714 4790 Θέλω
2739 4738 2826 4790 ἵνα
2863 4756 2953 4806 μοι
2981 4739 3085 4807 δῷς
3108 4740 3165 4805 ἐξ
3197 4741 3364 4808 αὐτῆς
3399 4738 3485 4792 ἐπὶ
3515 4737 3675 4790 πίνακι
3694 4728 3766 4797 τὴν

2265 4826 2506 4897 κεφαλὴν
2548 4827 2794 4882 Ἰωάννου
2810 4827 2903 4882 τοῦ
2933 4829 3260 4886 Βαπτιστοῦ.
3295 4830 3400 4884 Καὶ
3425 4827 3684 4899 περίλυπος
3695 4835 3766 4888 γε·

2265 4919 2490 4989 ’ρόμενος
2519 4920 2546 4972 δ
2571 4918 2846 4989 βασιλεὺς,
2883 4921 2970 4977 διὰ
2988 4921 3115 4986 τοὺς
3139 4922 3336 4992 ὅρκους
3369 4920 3458 4974 καὶ
3501 4919 3612 4979 τοὺς
3634 4927 3762 4967 cava-

2265 5011 2642 5082 νακειμένους,
2671 5013 2771 5066 οὐκ
2798 5012 3066 5084 ἠθέλησεν
3089 5014 3258 5085 αὐτὴν
3285 5013 3555 5083 ἀθετῆσαι.
3579 5006 3670 5060 Καὶ
3691 5000 3761 5055 εύ-

2265 5102 2403 5166 θέως
2424 5104 2750 5169 ἀποστείλας
2767 5106 2797 5158 6
2822 5104 3079 5175 βασιλεὺς
3101 5105 3535 5174 σπεκουλάτωρα,
3549 5092 3760 5157 ἐπίταξιν

2263 5192 2555 5263 ἀνιαθῆναι
2581 5194 2679 5263 τὴν
2729 5194 2970 5263 κεφαλὴν
2997 5194 3182 5248 αὐτοῦ.
3221 5197 3277 5250 '0
3306 5195 3360 5248 δὲ
3383 5233 3396 5255 ,
3430 5187 3650 5246 ἀπελθὼν
3683 5185 3760 5237 ἀπ·

2280 5285 2605 5354 εκεφάλισεν
2639 5285 2800 5340 αὐτὸν
2824 5288 2884 5340 ὲν
2912 5289 2976 5358 τῇ
3011 5287 3246 5359 φυλακῇ,
3279 5289 3368 5342 καὶ
3387 5287 3565 5358 ἤνεγκε
3585 5281 3665 5347 τὴν
3688 5289 3757 5328 κε·

2265 5377 2440 5448 φαλὴν
2464 5378 2630 5432 αὑτοῦ
2661 5379 2755 5432 ἐπὶ
2789 5378 2977 5434 πίνακι
3025 5381 3120 5435 καὶ
3139 5381 3339 5436 ἔδωκεν
3361 5379 3518 5449 αὐτὴν
3537 5373 3604 5442 τῷ
3629 5381 3755 5438 κυρία

2267 5469 2387 5540 σίῳ,
2415 5471 2588 5525 καὶτὸ
2614 5470 2874 5542 κοράσιον
2907 5471 3305 5563 ἔδωκενθαῦτὴν
3326 5475 3387 5542 τῇ
3419 5468 3571 5542 μητρὶ
3604 5459 3748 5563 αὐοτῆἶ·

2266 5564 2378 5620 Καὶ
2409 5564 2740 5629 ἀκούσαντες
2773 5566 2822 5619 οἱ
2857 5547 3320 5638 μαθηταὶᾚὺτοῦ,
3351 5560 3502 5638 ἦλθον
3539 5555 3622 5613 καὶ
3649 5547 3753 5626 ἦραν
