3866 6448
488 351 593 415 555
964 421 969 427 δ
1405 348 1990 411 TIIEOPHYLA'CTI
2033 348 2447 412 BULGARUE
2488 352 2839 415 ARCHIEP.
3603 365 3688 430 555

565 461 726 519 Vens.
788 461 978 517 34-40.
1021 478 1040 513 ι
1071 461 1135 515 Et
1159 475 1411 532 egressus
1440 462 1572 516 vidit
1605 462 1821 517 turbam
1854 462 2076 519 multam

2254 482 2276 515 ι
2309 464 2419 517 Kal
2447 462 2678 529 ἐξελθὼν
2725 467 2754 518 ό
2794 463 3025 534 Ἰησοῦς,
3081 459 3184 517 εἶδε
3221 465 3385 521 πολὺν
3426 468 3581 540 όχλον,
3618 478 3691 533 καὶ

484 559 664 625 Jssus,
709 564 764 612 et
793 553 984 610 ail‘cctu
1027 553 1416 609 misericordiae
1461 560 1636 607 tactus
1678 563 1761 608 est
1787 569 1911 622 erga
1938 567 2011 608 eo:

2181 552 2587 624 ἐσπλαγχνίσθη
2615 555 2701 607 ἐπ’
2750 555 2957 616 αὐτοῖς,
2995 554 3077 607 ότι
3121 549 3261 624 ἦσαν
3286 555 3359 620 ὡς
3392 560 3609 627 πρόδατα
3634 567 3690 636 μὴ

484 654 611 724 quia
671 658 826 707 erant
878 649 1024 705 velut
1045 663 1177 705 oves
1232 661 1339 703 non
1387 647 1651 703 habentes
1678 648 2011 718 pastorem.j

2178 645 2374 718 ἔχοντα
2400 647 2661 717 ποιμένα.
2684 648 2795 699 Kal
2826 646 3030 718 ἤρξατο
3046 645 3319 703 διδάσκειν
3336 648 3520 713 αὐτοὺς
3537 653 3690 720 πολλὰ,

485 744 798 815 cmpitillos
817 742 1012 798 docere
1047 741 1213 797 multa
1242 760 1255 796 :
1290 750 1344 796 et
1374 755 1498 796 cum
1539 741 1651 812 jam
1687 738 1911 793 multum
1936 748 2012 793 ter

2177 737 2274 793 καὶ
2301 737 2404 809 ήδη
2427 737 2577 808 ὥρας
2612 738 2814 809 πολλῆς
2842 737 3164 809 γενομένης.
3193 738 3561 809 προσελθόντες
3578 745 3691 816 αὐτῷ

486 838 632 908 poris
649 836 1003 907 prmtcrisset,
1029 841 1380 889 accesserunt
1407 832 1475 888 ad
1508 847 1630 887 eum
1660 829 1911 901 discipuli
1935 829 2013 900 eju

2176 832 2227 885 οἱ
2247 829 2488 902 μαθηταὶ
2511 829 2697 896 αὐτοῦ,
2715 831 2963 899 λέγουσιν
2986 830 3157 901 αὐτῷ,
3185 831 3290 896 ὅτι,
3325 832 3550 904 Ἔρημός
3579 836 3692 891 ἐστιν

485 930 731 985 dicentes
768 943 781 979 :
821 924 1081 979 Desertus
1121 932 1205 978 est
1234 922 1406 989 locus,
1436 931 1491 977 et
1525 921 1633 991 jam
1673 918 1902 974 multum
1942 928 2012 973 tet

2178 920 2207 972 ό
2245 920 2432 987 τόπος,
2459 922 2555 975 καὶ
2589 922 2690 992 ἤδη
2716 921 2832 993 ὥρα
2866 922 3056 991 πολλῆ.
3089 922 3377 977 Ἀπόλυσον
3408 924 3599 989 αὐτοὺς,
3627 930 3690 982 ἵνα

485 1017 634 1088 poris
661 1022 744 1072 est
777 1032 790 1068 :
824 1012 1040 1068 dimitte
1070 1011 1217 1078 illos,
1248 1017 1306 1064 ut
1334 1009 1535 1064 abeant
1578 1008 1631 1063 in
1683 1006 2006 1077 circumjace

2178 1013 2505 1078 ἀπελθόντες
2542 1016 2623 1077 είς
2643 1016 2767 1078 τοὺς
2795 1014 2980 1084 κύκλῳ
3021 1015 3225 1084 ἀγροὺς
3255 1016 3348 1067 καὶ
3374 1014 3570 1085 κώμας,
3597 1019 3693 1087 ἀγο-

485 1104 568 1164 ιιιε
600 1106 758 1163 villas
785 1119 848 1162 ac
878 1105 1052 1171 vicos,
1095 1110 1385 1172 emantque
1409 1101 1508 1156 sibi
1543 1114 1747 1169 panes:
1776 1113 1913 1153 nam
1936 1114 2012 1166 qui

2183 1104 2421 1177 ράσωσιν
2449 1106 2661 1169 ἑαυτοῖς
2685 1104 2905 1177 ἄρτους.
2938 1106 3004 1159 Τί
3029 1106 3139 1176 γὰρ
3173 1107 3418 1175 φάγωσιν
3461 1109 3552 1161 οὐκ
3573 1110 3692 1178 έχου-

484 1198 649 1253 edant
678 1212 785 1251 non
816 1194 1036 1250 habent.
1062 1193 1133 1249 At
1153 1191 1240 1247 ille
1272 1189 1611 1259 respondens
1640 1189 1716 1243 ait
1756 1188 1863 1243 illis
1896 1205 1910 1242 :
1944 1186 2011 1239 Dd

2179 1215 2284 1253 σιν.
2321 1199 2383 1252 ’0
2440 1198 2499 1253 δὲ
2550 1201 2872 1271 ἀποκριθεὶς
2922 1196 3077 1253 εἶπεν
3125 1200 3343 1263 αὐτοῖς’
3382 1200 3503 1252 Δότε
3550 1202 3695 1267 αὐτοῖς

483 1289 593 1345 illis
639 1302 741 1344 vos
775 1285 921 1358 quod
961 1283 1148 1341 edant.
1194 1282 1259 1337 Et
1285 1281 1540 1338 dixerunt
1577 1281 1627 1337 ei
1660 1298 1674 1335 :
1702 1278 1909 1334 Euntes
1930 1293 2010 1333 eui

2177 1290 2337 1360 ὑμεῖς
2395 1292 2612 1361 φαγεῖν.
2676 1292 2784 1347 Καὶ
2834 1292 3086 1361 λέγουσιν
3147 1292 3333 1360 αύτῷο
3399 1292 3694 1360 ’Δπελθόντες

482 1397 607 1439 mus
649 1379 897 1437 ducentis
950 1375 1189 1433 denariis
1228 1389 1417 1445 panes,
1455 1382 1511 1429 et
1560 1373 1750 1428 demus
1796 1371 1900 1425 illis
1931 1386 2009 1441 qu

2177 1382 2543 1456 ἀγοράσωμεν
2571 1384 2861 1438 διακοσίων
2888 1385 3162 1457 δηναρίων
3199 1385 3417 1456 ἄρτους,
3443 1386 3528 1438 καὶ
3552 1386 3692 1457 δῶμεν

364 1524 371 1529 .
487 1474 651 1528 edant
691 1471 799 1525 iAt
842 1468 929 1524 ille
947 1467 1079 1524 dicit
1100 1467 1183 1524 eis
1217 1465 1400 1533 :Quot
1425 1478 1592 1535 panes
1626 1463 1834 1519 habetis
1868 1462 1891 1515 ?

2180 1475 2363 1540 αὐτοῖς
2400 1477 2633 1545 φαγεῐν;
2666 1476 2727 1530 '0
2761 1476 2820 1529 δὲ
2867 1476 3017 1545 λέγει
3051 1477 3237 1540 αὐτοῖς
3257 1491 3271 1506 ·
3312 1476 3506 1541 Πόσους
3538 1477 3693 1549 ἄρτους

484 1564 687 1619 videte.
740 1559 806 1616 Et
843 1575 963 1615 cum
1013 1557 1418 1627 cognovissent,
1463 1555 1649 1610 dicunt
1685 1572 1697 1607 :
1740 1552 1990 1623 Quinque

2179 1567 2362 1637 ἔχετε;
2405 1567 2679 1637 Ὑπάγετε
2728 1568 2825 1624 καὶ
2880 1569 3041 1624 ίδετε.
3075 1570 3187 1623 Kal
3237 1567 3472 1638 γνόντες,
3496 1568 3692 1639 λέγουσι’

482 1652 619 1708 duos
653 1651 852 1723 pisces.
873 1649 940 1704 Et
964 1646 1219 1718 praecepit
1251 1644 1358 1701 illis
1381 1655 1441 1699 ut
1477 1646 1795 1700 accumbere
1835 1643 2009 1699 facere

2179 1660 2372 1727 Πέντε,
2402 1661 2499 1717 καὶ
2530 1660 2623 1715 δύο
2653 1660 2864 1733 ἰχθύας.
2896 1661 3007 1716 Καὶ
3029 1659 3294 1727 ἐπέταξεν
3327 1659 3499 1724 αὐτοῖς
3518 1661 3692 1717 ἀνακλῖ-

484 1758 698 1809 omnes,
747 1739 1053 1798 distributis
1108 1736 1370 1795 conviviis
1395 1736 1449 1791 in
1496 1736 1657 1792 viridi
1710 1735 1976 1807 gramine.

2179 1770 2268 1806 ναι
2285 1754 2515 1819 πάντας,
2531 1753 2808 1824 συμπόσια
2826 1752 3120 1825 συμπόσια,
3136 1753 3231 1806 ἐπὶ
3245 1751 3325 1822 τῷ
3341 1752 3522 1823 χλωρῷ
3534 1754 3688 1824 χόρτῳ.

484 1830 1104 1904 ἀίδευδυεηιηιάίνίδίηι
1125 1831 1180 1886 in
1205 1830 1418 1887 3790135
1445 1828 1605 1901 203
1629 1824 2083 1898 εθηῑθηίθιιίῖυίη·
2114 1829 2159 1888 Β
2189 1845 2300 1898 Καὶ
2320 1844 2588 1899 ἀνέπεσον
2613 1846 2848 1916 πρασιαὶ
2878 1824 3254 1917 πρασιαὶ,ἀνά
3289 1842 3475 1898 ἑκατὸν
3503 1845 3584 1898 καὶ
3616 1845 3691 1899 ἀνὰ

481 1926 735 2000 quageni.
788 1944 809 1979 ι
864 1923 1125 1979 Pharisai
1171 1936 1293 1978 eum
1325 1932 1512 1977 essent
1546 1922 1653 1991 lupi
1687 1935 1930 1990 rapaces,
1957 1936 2008 1975 nt

2170 1935 2528 2006 πεντήκοντα.
2560 1953 2578 1987 ι
2616 1936 2680 1988 Ol
2697 1936 3001 2006 Φαρισαῖοι,
3022 1933 3175 1988 λύκοι
3194 1933 3344 1998 ὄντες
3360 1933 3600 2005 ἀρπαγες,
3617 1934 3690 1988 οὐκ

480 2021 783 2093 pascebant
823 2017 1108 2088 populum,
1151 2016 1245 2074 scd
1268 2016 1600 2072 devorabam
1624 2032 1640 2070 :
1665 2026 1947 2087 propterea
1976 2029 2004 2069 r

2168 2025 2488 2095 ἐποίμαινον
2503 2026 2607 2080 τδνι
2621 2025 2770 2093 λαὸν,
2789 2026 2925 2079 ἀλλά
2952 2026 3271 2096 κατήσθιον.
3293 2025 3390 2078 Διά
3419 2024 3563 2079 τοῦτο
3587 2027 3689 2093 πρὶς

479 2113 624 2174 lictis
649 2111 780 2177 illis,
808 2111 874 2167 ad
907 2107 1183 2165 Christum
1208 2124 1396 2165 verum
1422 2116 1699 2179 pastorem
1733 2109 1901 2164 turbae
1933 2121 2006 2162 co}

2167 2120 2259 2173 τὸν
2278 2120 2536 2192 Χριστὸν,
2568 2118 2661 2173 τὸν
2684 2117 2939 2190 ἀληθινὸν
2956 2119 3215 2190 ποιμένα,
3235 2120 3557 2187 συνάγονται,
3581 2119 3690 2171 ἐκεί-

480 2213 795 2278 gregantur,
828 2202 972 2259 unde
996 2209 1045 2258 e?
1096 2202 1209 2271 ipse
1250 2199 1563 2255 alimoniam
1609 2199 1690 2254 eis
1739 2198 2007 2268 suppedita

2168 2229 2292 2276 νους
2321 2211 2747 2283 ἀποφεύγοντες,
2769 2208 2893 2265 ὅθεν
2920 2202 3075 2274 οὗτος
3098 2209 3311 2282 τροφὴν
3339 2209 3511 2273 αὐτοῖς
3527 2209 3686 2274 δίδωσι,

481 2307 538 2355 et
555 2297 787 2366 primum
820 2292 1092 2348 utiliorem
1119 2299 1174 2347 et
1195 2290 1583 2356 honestiorem,
1622 2305 1814 2358 nempe
1843 2291 2005 2343 verbu

2170 2304 2593 2377 προηγουμένως
2633 2303 2734 2375 τὴν
2764 2301 3214 2373 ἐπωφελεστέραν
3263 2302 3354 2355 καὶ
3392 2301 3686 2371 τιμιωτέραν,

481 2406 665 2456 suum,
700 2389 895 2445 deinde
919 2396 975 2445 et
1008 2386 1370 2458 corporalem.
1403 2384 1537 2441 Vide
1562 2393 1740 2441 autem
1776 2384 2003 2453 discipul

2168 2399 2267 2469 τὴν
2313 2398 2403 2452 διὰ
2446 2397 2628 2467 λόγου,
2684 2391 2803 2451 εἶτα
2842 2398 2937 2451 καὶ
2980 2393 3079 2466 τὴν
3117 2396 3454 2467 σωματικήν.
3508 2394 3687 2464 Ὀραδὲ

480 2481 748 2553 quomodo
803 2480 857 2535 in
908 2478 1277 2535 misericordia
1324 2477 1627 2547 proiiciant.
1696 2475 2007 2532 Misericord

2168 2492 2294 2556 τοὺς
2337 2489 2605 2561 μαθητὰς,
2625 2489 2741 2553 πῶς
2774 2489 3177 2561 προκόπτουσιν
3195 2487 3318 2555 [tul
3343 2488 3402 2540 τὸ
3434 2484 3685 2558 φιλανθρω-

480 2574 625 2633 enim
696 2570 826 2627 moti
877 2586 1005 2641 erga
1064 2571 1287 2635 turbas,
1332 2568 1596 2623 accedunt
1647 2567 1712 2621 ad
1762 2566 2001 2622 Christui

2170 2577 2420 2648 πότερον.
2466 2577 2819 2649 Ἐλεήσαντες
2879 2575 2987 2649 γὰρ
3047 2577 3175 2640 τοὺς
3222 2576 3410 2648 ὄχλους
3432 2617 3447 2642 ,
3488 2575 3683 2647 προσέρ·

478 2675 533 2724 et
567 2680 666 2737 pro
695 2665 800 2720 illis
829 2670 1010 2720 orant.
1067 2661 1328 2717 Dominus
1358 2670 1539 2716 autem
1600 2669 1816 2716 tentans
1841 2669 1893 2716 et
1940 2675 2003 2731 pr

2169 2690 2355 2743 χονται
2388 2673 2467 2744 τῷ
2495 2672 2738 2745 Χριστῷ,
2784 2672 2879 2726 καὶ
2920 2671 3050 2743 περὶ
3071 2672 3255 2726 αὐτῶν
3291 2671 3539 2737 ἀξιοῦσιν.
3575 2671 3622 2724 ’0
3644 2672 3684 2724 δὲ

475 2759 616 2816 haus
658 2772 787 2814 num
827 2772 977 2813 suam
1023 2764 1377 2827 agnoscerent
1418 2755 1670 2810 virtutem
1710 2755 1852 2824 quod
1897 2770 2002 2825 pos;

2170 2762 2374 2834 Κύριος
2390 2763 2668 2835 πειράζων
2685 2764 2905 2830 αὐτοὺς,
2928 2764 3025 2818 καὶ
3041 2762 3355 2835 δοκιμάζων
3377 2765 3423 2817 εί
3447 2764 3535 2834 τὴν
3551 2763 3679 2817 αὐτοῦ

479 2851 601 2908 illas
639 2850 806 2918 alere,
840 2848 918 2903 ait
950 2864 965 2902 :
997 2847 1132 2902 Date
1161 2847 1267 2902 illis
1296 2860 1391 2903 vos
1447 2854 1504 2901 ut
1526 2846 1709 2903 edant.
1758 2845 1837 2901 illi
1887 2857 2006 2900 autc

2170 2854 2488 2924 ἐπέγνωσαν
2507 2855 2761 2925 δύναμιν,
2788 2856 2872 2910 ὃτι
2922 2855 3149 2910 δύναται
3182 2855 3389 2920 αὐτοὺς
3427 2854 3681 2925 διαθρέψαι,

481 2951 539 2999 et
566 2949 864 3012 arguerunt
919 2953 1067 3006 eum,
1118 2948 1176 2992 ut
1204 2938 1539 3010 ignorantem
1580 2945 1783 3008 quanta
1827 2937 2005 2991 labore

2171 2944 2357 3013 λέγει’
2409 2945 2541 2999 Δότε
2571 2947 2756 3010 αὐτοῖς
2795 2947 2952 3018 ὑμεῖς
2975 2950 3212 3017 φαγεῖν·
3247 2950 3299 3002 οί
3335 2950 3392 3004 δὲ
3442 2951 3525 3003 καὶ
3560 2967 3683 3003 κατα·

363 3041 369 3047 ·
480 3050 665 3091 rerum
700 3032 947 3104 penuria,
1008 3042 1063 3088 et
1091 3041 1291 3101 quanta
1337 3028 1518 3101 populi
1572 3042 1718 3085 esset
1758 3029 1890 3084 mult

2176 3035 2480 3107 μέμφονται
2510 3037 2694 3104 αὑτὸν,
2725 3036 2803 3102 ὡς
2856 3039 2931 3110 μὴ
2962 3039 3165 3110 γνόντα
3217 3040 3367 3114 πόση
3401 3041 3682 3114 Marsica;

479 3127 739 3187 Nonnulli
790 3127 935 3185 enim
988 3124 1197 3197 gravati
1241 3123 1423 3179 animo
1469 3123 1722 3179 dicebant
1760 3141 1774 3179 :
1809 3122 2006 3179 Emam:

2169 3126 2436 3230 1).Ev85ta,
2473 3128 2637 3184 πόσον
2669 3130 2728 3185 δὲ
2756 3131 2854 3186 καὶ
2881 3131 2944 3186 τὸ
2974 3132 3070 3187 τοῦ
3106 3135 3269 3206 δχλου
3296 3136 3508 3206 πλῆθος.
3546 3137 3681 3205 Βαρυ·

480 3219 730 3277 ducentis
780 3217 1021 3273 denariis
1069 3228 1256 3285 panes,
1286 3223 1342 3269 et
1382 3214 1572 3270 demus
1622 3212 1727 3269 illis
1766 3220 1822 3267 ut
1850 3212 2007 3268 edant

2168 3219 2382 3291 νόμενοι
2405 3221 2512 3292 γὰρ
2543 3221 2766 3290 λέγουσι
2794 3223 2873 3289 τὺ,
2910 3223 3299 3299 Ἀγοράσωμεν
3329 3229 3573 3300 δηναρίων
3597 3228 3680 3281 δια-

480 3313 726 3383 Denique
765 3308 1083 3371 recumbere
1114 3307 1243 3363 facit
1271 3321 1460 3362 omnes
1492 3306 1544 3361 in
1581 3307 1704 3361 i'euo
1740 3315 2007 3376 separatos

2168 3313 2368 3368 κοσίων
2392 3313 2611 3385 ἄρτους,
2646 3315 2744 3369 καὶ
2794 3315 3057 3389 δὼσωμεν
3095 3320 3283 3384 αὐτοῖς
3312 3323 3528 3391 φαγεῖν;
3556 3318 3681 3382 Τέλος

477 3404 587 3461 hoc
641 3410 727 3458 est
759 3401 905 3458 enim
938 3398 1252 3456 Distributis
1305 3398 1586 3461 conviviis.
1620 3398 1671 3452 id
1707 3407 1790 3452 est
1839 3397 2004 3452 diveri

2170 3405 2354 3474 μέντοι
2386 3403 2662 3460 ἀνακλίνει
2702 3405 2910 3470 πάντας
2952 3410 3044 3462 ἐπὶ
3087 3408 3165 3480 τῷ
3213 3410 3389 3481 χόρτῳ
3418 3410 3682 3479 διακεχωρι·

481 3495 707 3561 mensis,
746 3493 888 3565 quod
920 3493 1113 3547 iterum
1148 3492 1397 3563 designat
1429 3492 1555 3546 dum
1585 3491 1736 3554 dicit,
1769 3490 2003 3545 Discubu

2169 3496 2417 3566 σμένους.
2441 3496 2612 3551 Τοῦτο
2640 3497 2748 3570 γάρ
2769 3499 2887 3553 ἐστι
2902 3499 2984 3566 τὸ,
3007 3501 3295 3572 Συμπόσια
3307 3502 3681 3573 συμπόσια,ἀντὶ

482 3597 613 3647 runt
662 3586 878 3642 divisim
920 3588 974 3641 in
1017 3582 1250 3651 areolas,
1299 3585 1402 3639 hoc
1441 3593 1526 3639 est
1557 3584 1754 3637 multas
1808 3591 1984 3653 partes

2164 3588 2279 3656 τοῦ,
2315 3590 2593 3661 τραπέζας
2608 3590 2928 3663 διαφόρους.
2958 3592 3130 3648 Τοῦτο
3160 3594 3218 3649 δὲ
3248 3595 3589 3668 σημαίνεικαὶ
3619 3595 3678 3657 τὸ,

482 3678 772 3737 sectiones.
827 3674 1038 3734 Areolat
1063 3676 1209 3732 enim
1240 3674 1491 3732 dicuntur
1518 3674 1681 3729 varia:
1716 3673 1983 3729 sectiones

2165 3681 2404 3751 Πρασιαὶ
2435 3682 2720 3750 ἀνέπεσον,
2774 3683 3039 3749 τουτέστι,
3082 3685 3317 3759 διάφορα
3350 3686 3587 3758 κόμματα
3611 3684 3681 3737 καὶ

481 3769 656 3827 hortis
710 3767 770 3825 in
841 3766 1043 3841 quibus
1118 3767 1431 3840 plautautur
1509 3764 1658 3821 varia
1742 3764 2008 3835 plerumqi

2166 3776 2336 3846 μέρη.
2366 3776 2606 3848 Πρασιαὶ
2625 3775 2735 3847 γὰρ
2771 3774 3020 3847 λέγονται
3049 3777 3118 3832 τά
3149 3780 3210 3833 ἐν
3236 3781 3347 3843 τοῖς
3385 3780 3561 3851 κήποις
3591 3777 3680 3830 διάη

482 3861 656 3921 olera.
2163 3883 2307 3936 φορα
2336 3872 2617 3943 κόμματα,
2646 3872 2706 3925 ἐν
2728 3863 2810 3936 οἷς
2838 3869 3162 3940 φυτεύονται
3190 3871 3422 3955 διαφορα
3465 3867 3681 3932 πολλάκις

2161 3966 2391 4039 λάχανα.

550 4047 721 4105 V388.
779 4045 966 4104 4144.
997 4061 1032 4100 ἰ
1080 4044 1147 4102 Ει
1176 4059 1300 4103 cum
1349 4043 1653 4115 accepisset
1690 4044 1931 4115 quinque
1961 4057 2059 4113 Pa'
2241 4076 2259 4111 ι
2285 4058 2396 4113 Kal
2450 4056 2634 4114 λαϐὼν
2668 4057 2798 4122 τοὺς
2861 4058 3020 4113 πέντε
3078 4059 3281 4131 ἄρτους
3324 4059 3419 4113 καὶ
3465 4056 3576 4120 τοὺς
3608 4053 3682 4108 δύο

481 4157 581 4201 aes
606 4153 661 4198 et
693 4140 826 4197 duos
845 4141 1047 4211 pisces,
1071 4138 1297 4197 sublatis
1324 4136 1380 4193 iu
1409 4137 1609 4194 caelum
1668 4136 1862 4200 oculis,
1893 4135 2008 4213 ben:

2164 4149 2374 4222 ἰχθύας,
2407 4150 2716 4222 ἀναϐλέψας
2754 4151 2836 4214 είς
2864 4151 2955 4205 τὸν
3001 4152 3252 4224 οὐρανὸν,
3314 4150 3584 4222 εὐλόγησεο
3608 4146 3679 4200 καὶ

479 4235 619 4293 dixit
646 4250 710 4290 ac
755 4233 913 4304 fregit
947 4246 1135 4303 panes,
1178 4231 1444 4301 tdeditque
1490 4230 1768 4300 discipulis
1809 4230 1940 4295 suis,
2004 4247 2006 4278 ι

2161 4244 2468 4299 κατέκλασε
2497 4245 2625 4308 τοὺς
2667 4243 2888 4314 ἄρτους,
2952 4244 3045 4298 καὶ
3099 4244 3274 4299 ἐδίδου
3304 4245 3414 4308 τοῖς
3457 4240 3679 4314 μαθηταῖς

481 4334 817 4397 apponercnt
870 4325 977 4380 illis
1010 4334 1109 4381 :et
1158 4325 1293 4382 duos
1339 4324 1523 4396 pisces
1568 4323 1755 4380 divisit
1785 4322 2003 4378 omnibu

2160 4332 2348 4399 αὑτοῦ,
2398 4331 2490 4388 ίνα
2530 4331 2850 4404 παραθῶσιν
2877 4332 3093 4397 αὐτοῖς·
3130 4334 3227 4388 καὶ
3261 4335 3381 4398 τοὺς
3413 4332 3500 4386 δύο
3529 4328 3677 4400 ἰχθύας

479 4423 552 4478 Et
572 4419 923 4478 comederunt
959 4432 1170 4485 omnes,
1201 4434 1267 4475 ac
1316 4416 1544 4473 saturati
1572 4426 1718 4484 sunt,
1746 4425 1799 4472 et
1827 4415 2006 4473 sustuli

2159 4422 2384 4494 ἐμέρισε
2420 4421 2577 4478 πᾶσι.
2611 4422 2724 4477 Kal
2777 4421 2981 4493 ἔφαγον
3023 4422 3247 4490 πάντες,
3276 4424 3369 4480 καὶ
3402 4421 3680 4494 ἐχορτάσθη-

480 4522 612 4572 runt
662 4515 1091 4586 iragmentorum
1128 4510 1411 4567 duodecim
1460 4510 1723 4580 cophinos
1763 4508 1969 4579 plenos,
2003 4532 2007 4554 ‹

2162 4532 2282 4581 σαν,
2315 4514 2411 4569 καὶ
2435 4509 2579 4586 ἦραν
2602 4514 2932 4587 κλασμάτων
2964 4514 3172 4570 δώδεκα
3200 4518 3446 4588 κοφίνους
3470 4515 3675 4587 πλήρεις,

480 4609 549 4663 de
575 4605 838 4677 piscibus.
872 4603 940 4659 Et
967 4610 1124 4659 erant
1168 4602 1264 4672 qui
1302 4602 1646 4659 eomederant
1673 4616 1862 4673 panes,
1897 4601 2007 4672 quit

2160 4605 2256 4660 καὶ
2304 4606 2415 4661 ἀπὸ
2464 4607 2574 4661 τῶν
2607 4606 2832 4677 ἰχθύων.
2889 4608 3004 4664 Καὶ
3039 4604 3181 4682 ἦσαν
3209 4611 3260 4664 οί
3296 4610 3543 4680 φαγόντες
3579 4605 3678 4664 τοὺς

481 4714 589 4770 que
635 4695 807 4753 millia
853 4697 1119 4752 virorum.
1164 4712 1185 4747 ι
1215 4693 1457 4766 Suspicit
1509 4693 1563 4749 in
1594 4693 1808 4760 celum,
1857 4693 2008 4762 parti:

2161 4697 2382 4768 ἄρτους,
2409 4698 2840 4768 πεντακισχίλιοι
2871 4698 3085 4771 ἄνδρες.
3120 4718 3141 4753 ι
3193 4699 3583 4760 ’Δναϐλέπειείς
3604 4695 3674 4746 τὸν

478 4809 582 4852 nos
611 4795 813 4850 docens
841 4805 874 4848 a
913 4790 1022 4846 Deo
1050 4798 1231 4860 petere
1261 4787 1461 4854 cibum,
1503 4784 1610 4842 non
1647 4801 1677 4841 a
1708 4784 1968 4862 diabolo:
2000 4786 2005 4840 i

2160 4790 2411 4862 οὐρανὸν,
2445 4789 2562 4863 ἅμα
2597 4790 2700 4862 μὲν
2727 4791 2823 4845 καὶ
2847 4793 2996 4863 ἡμᾶς
3018 4792 3289 4847 διδάσκων
3309 4792 3454 4864 παρὰ
3468 4789 3552 4844 τοῦ
3569 4784 3675 4841 Θεοῦ

478 4888 625 4958 quod
682 4884 891 4941 faciunt
956 4883 1051 4954 qui
1099 4880 1318 4953 ipjustis
1356 4880 1556 4953 predis
1595 4880 1824 4937 vivunt:
1855 4878 2005 4949 partii

2160 4882 2430 4938 αἰτεῖσθαι
2463 4882 2563 4956 τὴν
2594 4884 2828 4955 τροφὴν,
2859 4887 2954 4939 καὶ
2997 4884 3073 4957 μὴ
3123 4880 3274 4957 παρά
3302 4886 3393 4939 τοῦ
3430 4881 3675 4939 διαϐόλου·

478 4987 788 5036 monstrans
835 4976 1009 5034 turbis
1062 4990 1126 5033 se
1178 4977 1299 5045 non;
1342 4987 1463 5031 esse
1497 4974 1864 5030 adversarium
1920 4971 2005 5027 Del

2160 4974 2299 5045 ὅπερ
2356 4971 2602 5029 ποιοῦσιν
2650 4974 2700 5028 oi
2733 4974 2794 5041 ἐξ
2830 4974 3031 5031 ἀδίκων
3053 4977 3234 5050 πόρων
3280 4974 3676 5048 διατρεφόμενον

479 5083 641 5140 quem
687 5068 989 5126 invocabat.
1033 5064 1208 5123 Porro
1241 5063 1520 5136 discipulis
1538 5064 1652 5133 dat,
1689 5080 1758 5121 ne
1808 5064 2006 5120 miracu

2163 5066 2281 5137 ἅμα
2335 5065 2393 5120 δὲ
2419 5067 2514 5122 καὶ
2553 5068 2666 5131 τοῖς
2703 5067 2884 5139 ὄχλοις
2914 5069 3038 5123 τότε
3066 5069 3328 5127 δεικνύων
3342 5070 3414 5134 ὡς
3447 5068 3536 5121 οὐκ
3557 5065 3673 5135 ἐσςιν

481 5161 867 5217 obliviscantur
890 5200 906 5229 ,
940 5159 1069 5230 quia
1094 5157 1211 5215 suis
1242 5156 1494 5213 manibus
1534 5155 1829 5213 tenuissent
1863 5168 2008 5225 pane.

2164 5157 2431 5224 ἀντίθεος,
2461 5157 2599 5213 ἀλλά
2625 5159 2718 5213 τὸν
2749 5159 2884 5214 Θεὸν
2909 5161 3277 5216 ἐπικαλείται.
3310 5159 3491 5214 Δίδωσι
3515 5154 3565 5209 δὲ
3588 5153 3676 5213 τοῖς

484 5249 702 5306 Residui
749 5259 932 5306 autem
980 5260 1107 5305 sunt
1149 5246 1432 5304 duodecim
1471 5245 1714 5317 cophini,
1773 5244 2011 5302 eademc‘

2162 5247 2456 5319 μαθηταῖς,
2508 5248 2599 5303 ἶνα
2648 5249 2744 5303 τοῦ
2776 5248 3057 5321 θαύματος
3106 5250 3186 5323 μὴ
3217 5248 3575 5309 ἐπιλάθωνται,
3616 5239 3672 5300 ὡς

477 5354 669 5405 causa,
707 5347 765 5394 ut
794 5340 906 5396 suis
933 5341 1133 5410 quique
1153 5339 1393 5396 humeris
1421 5354 1583 5394 unum
1604 5344 1899 5409 gestantes,
1939 5352 2004 5393 me

2156 5341 2279 5403 ταῖς
2308 5338 2543 5404 οἰκείαις
2565 5340 2725 5412 χερσί
2760 5340 3050 5413 δεξάμενοι
3070 5342 3198 5407 τοὺς
3228 5342 3439 5412 ἄρτους.
3466 5335 3562 5391 Καὶ
3593 5330 3668 5384 δώ·

480 5430 653 5488 moria
703 5444 819 5487 rem
869 5441 1169 5489 servarent.
1236 5431 1462 5486 Virtutis
1514 5439 1691 5485 autem
1744 5428 2007 5500 magnitut

2155 5432 2292 5489 δεκα
2315 5432 2375 5488 δὲ
2408 5433 2622 5504 κόφινοι
2650 5434 3057 5507 περιττεύουσι,
3083 5434 3153 5490 δι’
3165 5434 3296 5492 αὐτὸ
3320 5433 3487 5496 τοῦτο,
3511 5427 3583 5481 ἵνα
3605 5420 3670 5475 ἐπ’

477 5521 782 5587 indicatur,
833 5523 976 5593 quod
1024 5538 1129 5579 non
1183 5524 1353 5579 solum
1391 5533 1499 5579 tam
1550 5523 1706 5578 multi
1736 5532 2004 5594 pascuntu

2158 5524 2325 5597 ὤμων
2371 5526 2605 5591 ἕκαστος
2634 5526 2775 5598 ἄρας
2809 5527 3051 5596 κόφινον,
3108 5524 3452 5596 ἀνεπιληστον
3486 5518 3604 5589 τηρῇ
3627 5511 3672 5565 τδ

477 5614 574 5670 sed
616 5619 671 5667 et
714 5611 883 5667 multa
930 5613 1306 5682 relinquuntur
1347 5614 1589 5670 residua.
1625 5613 1801 5671 Moses
1841 5611 1998 5672 “eui

2159 5618 2369 5692 θαῦμα.
2400 5618 2701 5691 Περιουσία
2727 5617 2787 5672 δέ
2812 5619 3118 5692 δυνάμεως,
3142 5620 3204 5676 τὸ
3232 5618 3307 5691 μὴ
3339 5616 3488 5689 μόνον
3513 5607 3668 5683 θρέψαι

549 5793 596 5828 ⁸³
627 5791 802 5852 Exod.
832 5810 886 5859 κ,
922 5792 1008 5849 i2.
