3866 6448
138 400 216 461 ibi

803 386 1253 451 ENARRATIO
1282 386 1366 447 1N
1406 348 1907 448 EVANcELtuu
1949 380 2208 445 MARCI.
2257 404 2320 420 -
2357 381 2515 442 CAP.
2557 381 2658 443 VI.

3239 380 3347 446 538

142 506 410 569 τοσούτους,
464 474 597 558 ἀλλὰ
658 502 750 557 καὶ
786 501 1019 574 περιττά
1069 503 1410 556 καταλιπεῖν.
1465 499 1671 569 Μωσῆς

1796 499 2023 569 [Itamvis
2079 511 2275 553 manna
2325 496 2581 559 dedisset,
2642 502 2816 549 tamen
2864 507 2960 564 pro
3016 493 3348 565 singulorum

146 599 341 673 μὲνγὰρ
359 597 404 649 εί
428 592 599 649 καὶτὸ
635 590 810 665 μάννα
839 592 1034 657 ἐδίδου,
1064 592 1201 647 ἀλλά
1237 592 1374 663 πρὸς
1404 591 1502 661 τὴν
1538 592 1665 646 ἐκάε-

143 707 247 747 στον
270 684 447 759 χρείαν
467 702 481 717 ’
512 685 573 736 τὸ
602 683 712 754 γὰρ
751 681 1092 755 περιττεῦον,
1140 681 1428 754 σκώληκας
1458 682 1663 749 ἐξέζεε.

142 785 230 839 Καὶ
258 778 430 842 Ἠλίας
478 774 662 847 δὲτὴν
700 776 878 847 χήραν
908 775 1236 845 διατρέφων,
1277 772 1341 828 τὺ
1391 772 1667 845 αὕταρκες

141 874 379 944 ἐχορήγει.
403 868 606 941 Ίησοῦς
635 867 715 933 δὲ,
769 866 846 930 ὡς
876 868 1177 937 Δεσπότης,
1204 867 1298 921 καὶ
1323 868 1669 938 περιττεύειν

140 967 277 1019 ποιεῖ.
301 961 476 1017 Ταῦτα
509 960 608 1031 μὲν
641 958 736 1013 οὖν
772 958 920 1013 κατά
957 957 1056 1029 τὴν
1100 957 1364 1029 ἱστορίαν.
1416 959 1573 1011 Κατά
1612 957 1668 1008 δὲ

108 1050 415 1139 τἀναγωγὴν,
448 1050 611 1104 πέντε
639 1048 835 1139 ἄρτοι,
866 1048 921 1139 ot
953 1046 1447 1139 autsaucii-67oz.
1500 1046 1669 1139 lls'vze

111 1135 227 1213 ξγὰρ
248 1141 313 1196 τὲι
334 1139 426 1195 τοῦ
447 1139 693 1203 Μωσέως
733 1135 938 1210 βιϐλία,
970 1137 1209 1203 Γένεσις,
1244 1136 1471 1203 Ἐξόδος,
1512 1137 1672 1188 Λευῖ-

109 1226 280 1319 γτικὸν,
318 1230 585 1303 Ἀριθμοὶ,
639 1227 1084 1299 Δευτερονὸμιον.
1124 1225 1326 1297 ἰχθύες
1367 1225 1425 1279 δὲ
1469 1224 1584 1319 dio,
1619 1226 1668 1277 οἱ

110 1318 224 1380 ἐτῶν
243 1323 428 1379 ἀλιέων
456 1323 625 1389 λόγοι,
661 1324 690 1375 ὁ
738 1319 1062 1385 Ἀπόστολος
1108 1319 1202 1374 καὶ
1230 1319 1291 1374 τὸ
1316 1318 1669 1389 Εὑαγγέλιον.

134 1415 328 1480 Τούτοις
360 1412 450 1468 οὖν
495 1415 789 1485 τρέφονται
827 1415 883 1469 αἱ
944 1413 1102 1467 πέντε
1154 1412 1314 1484 ἡμῶν
1367 1411 1669 1484 αἰσθήσεις,

134 1504 268 1563 αὗται
314 1507 421 1579 γάρ
478 1510 619 1560 εἰσιν
647 1507 696 1561 oi
735 1506 1190 1578 πεντακισχίλιοι.
1224 1506 1341 1576 Οὐχ
1365 1506 1595 1577 ἅπαντα,
1617 1507 1673 1560 δὲ

134 1598 374 1668 δυνάμεθα
408 1599 627 1665 φαγεῖν,
684 1595 821 1649 ἀλλά
850 1594 1025 1650 πολλά
1073 1596 1509 1667 περιττεύουσιν,
1556 1595 1593 1649 ἃ
1623 1595 1673 1647 oi

134 1688 390 1745 ἀπόστολοι
419 1687 680 1742 δύνανται
713 1686 1002 1757 βαστάσαι.
1040 1687 1123 1741 Τὰ
1154 1687 1265 1758 γὰρ
1293 1686 1674 1757 δυσκολώτερα

134 1783 221 1836 τῶν
249 1781 336 1834 τοῦ
366 1779 559 1850 Νόμου
596 1779 694 1835 καὶ
728 1778 837 1833 τῶν
869 1778 964 1832 τοῦ
993 1777 1327 1848 Εύαγγελίου
1359 1776 1671 1848 νοημάτων,

136 1874 267 1945 ἠμεῖς
298 1872 396 1944 μὲν
430 1874 478 1927 οί
504 1872 586 1926 ἔτι
613 1873 730 1933 ταῖς
765 1871 925 1924 πέντε
966 1869 1260 1939 αἰσθήσεσι
1307 1869 1674 1935 δουλεύοντες,

133 1966 182 2019 οὐ
210 1963 568 2037 βαστάζομεν,
609 1964 659 2017 οἱ
685 1962 972 2016 ἀπόστολοι
1004 1960 1084 2016 δέ.

195 2057 347 2112 «Καὶ
392 2056 599 2121 εὐθέως
663 2057 948 2125 ἠνάγκασε
1019 2055 1146 2119 τοὺς
1203 2053 1453 2125 μαθητὰς
1516 2053 1680 2108 αὐτοῦ

135 2149 340 2222 ἐμϐῆναι
381 2151 461 2214 είς
503 2150 566 2203 τὸ
600 2148 807 2212 πλοῖον,
861 2150 957 2203 καὶ
988 2148 1255 2219 προάγειν
1298 2149 1380 2211 είς
1420 2147 1480 2200 τὸ
1508 2147 1683 2215 πέραν

136 2240 249 2309 πρὸς
267 2239 564 2312 Βηθσαϊδὰ,
605 2239 708 2304 ἕως
741 2239 903 2302 αὐτὸς
957 2238 1203 2311 ἀπολύσῃ
1237 2239 1327 2293 τὸν
1365 2239 1538 2310 ὄχλον,
1576 2241 1686 2293 Καὶ

137 2334 521 2403 ἀποταξάμενος
552 2333 760 2397 αὐτοῖς,
793 2331 1036 2403 ἀπῆλθεν
1080 2333 1161 2395 εἰς
1188 2332 1248 2386 τὸ
1290 2333 1418 2401 ὅρος
1441 2333 1681 2404 προσεύ-

139 2424 328 2491 ξασθαι.
366 2424 481 2479 Καὶ
506 2424 667 2494 ὀψίας
699 2423 1020 2495 γενομένης,
1055 2419 1123 2495 ἦν
1147 2424 1206 2477 τὸ
1239 2423 1423 2478 πλοῖον
1445 2426 1504 2477 ὲν
1533 2425 1686 2494 μέσῳ

134 2516 217 2585 τῆς
249 2516 546 2588 θαλάσσης,
596 2517 693 2571 καὶ
747 2517 909 2581 αὐτὸς
963 2517 1123 2586 μόνος
1154 2518 1246 2569 ἐπί
1280 2517 1380 2587 τῆς
1432 2518 1555 2589 γῆς,
1590 2523 1685 2571 καὶ

137 2602 251 2660 εἶδεν
306 2608 508 2672 αὐτοὺς
542 2606 1002 2680 βασανιζομένους
1046 2607 1104 2660 ἐν
1145 2606 1223 2678 τῷ
1267 2605 1511 2660 ἐλαύνειν
1554 2624 1570 2639 -
1619 2604 1687 2680 ἦν

140 2697 228 2767 γὰρ
255 2700 280 2751 ὁ
327 2699 532 2769 ἄνεμος
565 2698 810 2760 ἐναντίος
850 2699 1057 2757 αὐτοῖς.
1093 2698 1206 2750 Καὶ
1251 2697 1382 2768 περὶ
1419 2699 1686 2769 τετάρτην

142 2783 355 2856 φυλακην
391 2786 499 2855 τῆς
530 2789 743 2851 νυκτὸς.
779 2786 995 2858 ἔρχεται
1038 2786 1173 2857 πρὸς
1200 2786 1416 2853 αὐτοὺς,
1452 2804 1690 2859 περιπα-

141 2875 229 2927 τῶν
245 2878 330 2930 ἐπὶ
357 2877 452 2948 τῆς
489 2878 788 2950 θαλάσσης,
835 2880 928 2933 καὶ
967 2877 1125 2950 ἤθελε
1155 2878 1443 2948 παρελθεῖν
1469 2878 1687 2942 αὐτούς.

142 2965 192 3018 Οί
232 2966 281 3018 δὲ
324 2967 530 3032 ἰδόντες
571 2969 731 3022 αὐτὸν
775 2968 1185 3038 περιπατοῦντα
1215 2967 1308 3021 ἐπὶ
1353 2967 1452 3038 τῆς
1487 2966 1685 3022 θαλάσ-

1709 1845 1753 1899 Β

1771 608 1869 645 ιιευ
1921 592 2078 645 dabat
2114 608 2126 655 ;
2166 606 2290 644 nam
2340 589 2479 657 quod
2504 595 2802 657 supererat,
2828 589 3138 644 vermiculis
3167 600 3351 644 scattt~

1764 686 1965 739 aiebat.
2007 683 2155 738 Elias
2193 696 2405 752 quoque
2453 680 2668 736 viduam
2705 694 2950 750 pascens,
2976 681 3352 753 suppeditabat

1768 784 2025 845 quantum
2052 774 2183 828 satis
2203 782 2340 828 erat.
2360 770 2519 828 Jesus
2543 778 2745 837 autem,
2782 778 2841 825 ut
2868 769 3147 838 Dominus,
3185 772 3349 827 etiam

1770 866 1982 922 residua
2036 866 2182 920 facit.
2239 865 2305 920 Et
2336 867 2447 920 haec
2475 863 2691 935 quidem
2715 862 2866 933 juxta
2898 862 3182 918 historiam
3212 876 3226 921 :
3260 878 3354 917 ve-

1774 973 1890 1011 rum
1956 956 2111 1027 jux-ta
2164 970 2459 1027 anagogen,
2514 956 2753 1025 quinque
2807 968 2974 1023 panes
3031 964 3158 1009 sunt
3230 954 3354 1010 libri

1772 1048 1955 1114 Musis,
1982 1049 2069 1119 qui
2092 1049 2330 1118 quinque
2353 1058 2498 1114 sunt,
2520 1043 2767 1113 Genesis,
2794 1046 3033 1112 Exodus,
3064 1045 3354 1112 Leviticns,

1772 1140 1992 1194 Numeri
2036 1150 2091 1194 et
2138 1141 2616 1195 Deuteronomium
2647 1156 2662 1204 ;
2693 1138 2800 1194 duo
2826 1147 3004 1193 autem
3048 1138 3244 1209 pisces,
3281 1140 3358 1208 pi-

1773 1241 2045 1288 scatorum
2077 1231 2222 1297 libri,
2255 1230 2547 1300 Apostolus
2585 1240 2643 1285 et
2669 1228 3044 1298 Evangelium.
3073 1228 3183 1283 lllis
3210 1229 3355 1284 enim

1774 1336 2063 1396 pascuntur
2110 1326 2346 1395 quinque
2387 1323 2563 1379 nostri
2617 1338 2836 1391 sensus,
2869 1324 2962 1395 qui
2996 1337 3094 1393 per
3116 1323 3358 1393 quinque

1776 1415 1941 1470 millia
1996 1414 2294 1484 signantur.
2334 1411 2536 1469 Verum
2569 1429 2673 1469 non
2695 1422 2922 1483 possunt
2950 1415 3135 1469 omnia
3160 1415 3350 1480 edere,

1775 1509 1867 1564 sed
1893 1506 2058 1561 multa
2083 1506 2289 1562 residua
2317 1505 2650 1576 relinquunt,
2675 1521 2793 1576 quae
2815 1504 2979 1578 204
3000 1506 3224 1576 apostoli
3266 1522 3361 1578 ge-

1776 1611 1920 1654 stare
1941 1606 2180 1667 possunt.
2212 1595 2346 1651 Nam
2368 1595 2696 1653 ditiiciliores
2713 1613 2900 1654 sensus
2924 1597 3080 1668 Legis
3105 1606 3159 1653 et
3184 1597 3363 1653 Evan-

1778 1692 2037 1763 geliorutn
2075 1706 2171 1745 nos
2203 1690 2443 1761 quidem,
2476 1691 2715 1761 quinque
2754 1690 2999 1747 sensibus
3040 1692 3357 1759 servientes,

1781 1801 1883 1840 non
1911 1794 2211 1856 portamus,
2240 1784 2332 1840 sed
2363 1783 2607 1855 apostoli.

1858 2048 2021 2104 Vnus.
2054 2046 2240 2104 45-52.
2290 2068 2307 2100 ‹
2352 2048 2415 2103 Ει
2457 2048 2641 2104 statim
2684 2049 2859 2119 coegit
2892 2048 3181 2118 discipulos
3235 2065 3363 2107 suos

1785 2142 2147 2197 conscendere
2169 2142 2368 2207 navim,
2403 2143 2458 2195 ut
2483 2140 2851 2211 praecederent
2875 2144 3192 2197 transmisso
3225 2143 3363 2197 mari

1786 2214 2152 2303 Belltsaidaut,
2199 2235 2325 2289 dum
2374 2236 2486 2302 ipse
2537 2235 2831 2290 dimitteret
2867 2236 3095 2290 turbam.
3144 2236 3211 2291 Et
3237 2252 3361 2292 Cum

1787 2328 2081 2384 dimisisset.
2109 2342 2225 2394 eos,
2267 2327 2396 2382 abiit
2446 2327 2499 2382 in
2555 2335 2791 2383 montem
2847 2327 2913 2383 ad
2965 2326 3245 2382 orandum.
3299 2327 3365 2381 Et

1786 2435 1910 2476 eum
1957 2433 2176 2489 vespera
2217 2419 2551 2484 advenisset,
2608 2426 2725 2473 erat
2750 2419 2900 2473 navis
2920 2418 2975 2473 in
3008 2420 3184 2475 medio
3209 2421 3364 2484 mari,

1789 2524 1843 2567 et
1888 2513 2002 2581 ipse
2048 2510 2196 2566 solus
2238 2510 2290 2563 in
2326 2518 2489 2575 terra,
2537 2509 2778 2579 viditque
2815 2524 2908 2565 eos
2952 2508 3265 2565 laborantes
3315 2513 3366 2564 in

1792 2605 2126 2676 tetuigando.
2175 2604 2306 2659 Erat
2348 2603 2493 2657 enim
2547 2612 2741 2658 ventus
2791 2603 3099 2659 contrarius
3152 2604 3252 2659 eis.
3306 2606 3372 2658 Et

1789 2696 1933 2749 circa
1986 2701 2233 2762 quartam
2280 2690 2515 2762 vigiliam
2549 2691 2724 2746 noctis
2761 2692 2910 2747 venit
2943 2692 3008 2745 ad
3051 2705 3144 2748 eos
3172 2695 3397 2748 atubn-.

1792 2788 1908 2842 laus
1959 2800 2121 2856 super
2142 2798 2311 2849 mare,
2341 2790 2397 2839 et
2422 2782 2632 2840 volebat
2657 2784 2932 2854 praeterire
2957 2798 3069 2840 eos.
3098 2784 3167 2839 At
3199 2786 3274 2841 illi
3311 2798 3372 2841 ttt.

1791 2881 2041 2935 viderunt
2068 2892 2199 2952 eum.
2221 2875 2584 2932 ambulantem
2626 2890 2791 2946 super
2822 2890 2991 2941 mare,
3045 2887 3370 2946 putaverunt

1790 2979 2067 3042 spcctrum
2118 2981 2240 3026 esse
2272 2977 2325 3024 et
2358 2965 2814 3024 exclamaverunt.
2868 2965 3068 3025 Omnes
3091 2970 3232 3024 enim
3291 2971 3372 3023 vi-

145 3073 245 3126 σης,
274 3058 456 3124 ἔδοξαν
501 3060 791 3131 φάντασμα
818 3059 978 3121 εἶναι,
1005 3061 1100 3114 καὶ
1122 3060 1452 3133 ἀνέκραξαν.
1481 3059 1690 3126 Πάντες

1796 3061 1993 3118 debant
2028 3074 2174 3142 eum,
2202 3068 2259 3115 et
2282 3058 2592 3116 conturbati
2640 3066 2788 3123 sunt,
2829 3069 2885 3114 et
2931 3060 3116 3115 statim
3165 3060 3373 3116 loeutus

144 3149 233 3221 γὰρ
266 3151 420 3205 αὑτὸν
445 3149 622 3217 εἶδον,
648 3152 741 3206 καὶ
774 3151 1183 3223 ἐταράχθησαν,
1208 3152 1305 3207 καὶ
1334 3152 1537 3217 εὐθέως
1569 3151 1690 3208 ἐλά-

1805 3162 1892 3210 est
1920 3167 2043 3209 eum
2081 3152 2185 3219 eis,
2218 3150 2463 3222 dixitque
2519 3150 2600 3207 eis
2633 3162 2649 3210 :
2680 3149 2968 3218 Conﬁdite,
3006 3166 3106 3224 ego
3128 3167 3271 3221 sunt,
3307 3169 3373 3208 ne

141 3236 251 3308 λησε
281 3240 392 3311 μετ’
427 3240 644 3308 αὐτῶν,
693 3243 788 3296 καὶ
827 3241 978 3311 λέγει
1021 3243 1235 3308 αὐτοῖς·
1269 3243 1558 3316 Θαρσεῖτε,
1583 3243 1690 3314 ἐγώ

1800 3242 2131 3300 terreamini.
2160 3244 2226 3300 Et
2263 3243 2509 3302 ascendit
2533 3246 2598 3300 ad
2634 3243 2754 3300 illos
2796 3244 2853 3299 in
2891 3245 3090 3307 navim,
3142 3256 3197 3301 et
3242 3260 3372 3302 cen-

143 3332 257 3401 εἰμι,
285 3332 355 3403 μὴ
396 3332 684 3402 φοϐεῖσθε.
724 3334 835 3388 Καὶ
878 3334 1045 3407 ἀνέϐη
1097 3336 1234 3407 πρὸς
1280 3337 1478 3402 αὐτοὺς
1525 3339 1604 3401 εἰς
1633 3338 1690 3392 τὸ

1797 3336 2002 3408 quievit
2031 3344 2244 3393 ventus.
2272 3337 2341 3393 Et
2372 3337 2720 3393 vehementer
2759 3350 2921 3405 supra
2975 3336 3192 3392 modum
3229 3336 3371 3392 intra

142 3422 317 3491 πλοῖον,
348 3426 444 3480 καὶ
484 3408 753 3481 ἐκόπασεν
778 3428 805 3480 ό
831 3426 1054 3499 ἄνεμος.
1079 3429 1191 3483 Καὶ
1212 3428 1333 3484 λίαν
1361 3430 1690 3501 ἐκπερισσοῡ

1797 3443 1857 3486 se
1885 3427 2173 3498 stupebant
2233 3437 2288 3482 et
2339 3426 2764 3482 admirabantur.
2802 3423 2922 3482 Non
2970 3426 3113 3481 enim
3164 3426 3376 3483 intelle-

141 3514 188 3567 ἐν
207 3517 405 3581 ἑαυτοῖς
435 3515 754 3584 ἐξίσταντο,
795 3519 891 3572 καὶ
930 3518 1264 3590 ἐθαύμαζον.
1303 3521 1377 3574 Οὐ
1417 3521 1528 3592 γὰρ
1571 3536 1695 3575 συν-

139 3607 260 3677 ῆκαν
293 3612 379 3664 ἐπὶ
412 3613 539 3673 τοῖς
568 3611 775 3682 ἄρτοις.
813 3612 908 3666 Ἠν
936 3611 1043 3683 γὰρ
1075 3612 1254 3685 αθτῶν
1281 3615 1314 3683 ἡ
1348 3613 1547 3685 καρδία
1597 3631 1696 3667 πε-

141 3700 424 3776 πωρωμένη
466 3715 491 3728 ⁴
532 3720 554 3755 ι
587 3702 865 3772 ἠνάγκασε
925 3682 1049 3766 τούς
1126 3682 1393 3774 μαθΙητάς.
1424 3682 1533 3757 -ού
1592 3703 1697 3772 γὰρ

141 3791 309 3862 ἤθελον
331 3793 771 3866 ἀποσπασθῆναι
814 3794 1007 3863 αὐτοῦ,
1043 3792 1182 3850 ἀλλά
1231 3794 1324 3867 βίᾳ
1349 3795 1696 3866 ἐχωρίζοντο,

142 3884 241 3953 ἅμα
262 3885 355 3957 μὲν
382 3886 491 3942 διὰ
526 3885 626 3959 τὴν
666 3886 805 3958 πρὸς
852 3886 1016 3940 αὐτὸν
1063 3887 1305 3958 ἀγάπην,
1352 3886 1468 3958 ἅμα
1510 3886 1567 3939 δὲ
1605 3886 1701 3939 καὶ

139 3968 214 4027 διὰ
231 3972 288 4027 τὸ
310 3973 552 4047 ἀπορεῖν
580 3973 699 4038 πῶς
735 3976 801 4029 ἂν
839 3974 984 4031 ἔλθοι
1011 3976 1148 4047 πρὸς
1169 3975 1367 4041 αὐτοὺς
1403 3975 1589 4030 πλοίου
1618 3976 1695 4045 μὴ

142 4061 295 4129 ὄντος.
334 4065 655 4130 ’Δπολύσας
689 4064 781 4120 οὖν
842 4067 970 4131 τοὺς
1005 4067 1218 4139 ὄχλους,
1251 4067 1420 4139 ἀνέϐη
1462 4068 1699 4140 προσεύ-

146 4152 318 4222 ξασθαι
342 4159 462 4215 κατ’
501 4158 664 4213 ίδίαν.
693 4158 895 4230 Σχολῆς
927 4160 1036 4231 γὰρ
1068 4160 1164 4214 καὶ
1197 4160 1502 4231 ἀταραξίας
1526 4160 1698 4215 δεῖται

145 4251 495 4323 ήπροσευχή.
532 4251 756 4322 ’Λφίησι
780 4252 839 4306 δὲ
866 4251 991 4315 τοὺς
1026 4252 1273 4323 μαθητὰς
1310 4252 1694 4323 πειρασθῆναι,

150 4341 226 4396 ἵνα
261 4342 509 4414 μάθωσιν
535 4342 850 4413 ὑπομένειν.
879 4342 979 4398 Διὰ
1015 4344 1174 4397 τοῦτο
1203 4345 1311 4415 γὰρ
1357 4344 1478 4399 οὐδὲ
1501 4345 1702 4408 εὐθέως

134 4426 307 4501 ἀὐτοῖς
331 4438 650 4509 ἐφίσταται,
678 4436 814 4491 ἀλλά
833 4435 901 4490 δι’
933 4437 1062 4508 ὅλης
1090 4438 1192 4507 τῇς
1207 4437 1398 4501 νυκτὸς
1430 4439 1704 4508 συγχωρεῖ

1799 3531 1996 3577 xerant
2037 3520 2104 3576 de
2154 3519 2379 3588 panibus
2409 3538 2423 3575 :
2460 3526 2579 3575 erat
2620 3518 2765 3575 enim
2799 3533 2894 3575 cor
2911 3533 3099 3574 eorum
3131 3518 3376 3575 obcaeca-

1802 3618 1935 3674 tum.
1976 3637 1994 3670 ι
2033 3616 2189 3685 Cogit
2209 3615 2519 3685 discipulos.
2543 3613 2805 3671 Nolebant
2832 3615 2976 3670 enim
3010 3614 3168 3669 avelli
3196 3613 3264 3669 ab
3288 3628 3374 3679 en,

1800 3714 1896 3768 sed
1938 3710 1988 3765 vi
2016 3708 2424 3780 separabantur,
2479 3708 2676 3778 partim
2726 3715 2947 3777 propter
2976 3722 3215 3762 antorem
3248 3723 3376 3778 erga

1802 3803 1974 3868 illum,
2035 3802 2230 3872 partim
2291 3801 2432 3869 quod
2484 3799 2803 3855 dubitabant
2861 3797 3259 3867 quomodonam
3310 3799 3377 3852 ad

1802 3897 1948 3965 ipsos
2001 3892 2220 3957 rediret,
2269 3908 2391 3946 cum
2416 3890 2636 3947 abesset.
2673 3890 2843 3945 navis.
2905 3889 3152 3947 Dimissis
3194 3893 3379 3961 itaque

1803 3985 1974 4042 turbis
2000 3985 2243 4040 ascendit
2260 3986 2310 4038 in
2334 3992 2567 4039 montem
2595 3991 2653 4037 ut
2675 3993 2854 4039 oraret
2875 3997 3141 4040 seorsum.
3188 3983 3381 4050 Quiete

1803 4075 1948 4132 enim
1986 4084 2040 4130 et
2071 4075 2457 4144 tranquillitate
2479 4089 2613 4143 opus
2639 4074 2838 4131 habent
2869 4089 3076 4145 preces.
3112 4074 3378 4131 (iazterum

1804 4167 2096 4239 discipulos
2143 4168 2339 4223 tentari
2397 4164 2680 4236 permittit,
2711 4173 2769 4221 ut
2801 4165 3013 4222 discant
3040 4166 3378 4237 patientiam.

1803 4260 1937 4316 Nam
1968 4268 2250 4331 promeres
2304 4272 2410 4314 non
2471 4257 2652 4313 statim
2703 4257 2809 4314 illis
2863 4258 3090 4326 assistit,
3140 4261 3234 4316 sed
3269 4269 3379 4317 tota

1806 4361 1969 4408 nocte
1989 4351 2118 4407 sinit
2140 4350 2194 4406 in
2224 4358 2547 4420 tempestate
2571 4364 2709 4413 esse,
2741 4360 2802 4404 ut
2827 4352 3017 4408 doceat
3042 4351 3210 4407 fortes
3238 4368 3377 4420 esse,

1804 4453 1860 4497 et
1912 4458 2016 4498 non
2082 4444 2139 4498 in
2193 4442 2462 4514 principio
2506 4443 2866 4499 tentatiouum
2913 4443 3230 4514 sperandam
3289 4461 3380 4500 re-

147 4527 577 4596 κλυδωνίζεσθαι,
637 4530 726 4585 ἵνα
773 4528 960 4601 διδάξῃ
1020 4531 1328 4601 καρτερεῖν,
1368 4532 1459 4583 καὶ
1516 4529 1592 4602 μὴ
1643 4531 1690 4584 ἐι

1808 4533 2010 4606 quiem.
2077 4530 2314 4589 Observa
2357 4542 2413 4588 et
2442 4532 2609 4598 aliud,
2651 4534 2793 4601 quod
2840 4533 3066 4590 daturus
3097 4533 3255 4589 tinem
3289 4536 3378 4588 re-

146 4616 276 4691 ἀρχῇ
295 4618 404 4674 τῶν
427 4620 623 4675 δεινῶν
640 4619 881 4686 ἐλπίζειν
907 4618 1111 4675 ἄνεσιν.
1130 4621 1272 4692 Ὅρα
1298 4619 1357 4674 δὲ
1387 4619 1481 4675 καὶ
1496 4619 1703 4689 ἕτερον,

147 4707 219 4763 ὅτι
259 4711 384 4766 ὅταν
431 4711 605 4784 μέλλῃ
644 4710 842 4767 παύειν
893 4711 962 4766 τὰ
1015 4711 1187 4779 δεινὰ,
1227 4711 1349 4767 τότε
1385 4711 1586 4782 μᾶλλον
1627 4715 1707 4775 εἰς

150 4799 357 4868 μείζονα
382 4802 554 4873 φόϐον
574 4802 868 4873 ἐντίθησιν.
912 4800 1136 4865 Ἰδόντες
1183 4801 1293 4871 γὰρ
1327 4801 1509 4868 αὑτὸν,
1545 4802 1709 4873 ἐκρα-

151 4889 257 4959 ξαν,
284 4893 655 4966 ταραχθέντες
678 4892 753 4959 ὡς
789 4893 882 4946 ἐπί
931 4893 1318 4964 φαντάσματι·
1370 4893 1466 4946 καὶ
1508 4892 1710 4955 εὐθέως

149 4981 230 5039 διὰ
285 4986 385 5058 τῆς
420 4986 605 5058 φωνῆς
637 4985 930 5059 θεραπεύει
957 4986 1175 5053 αὐτοὺς,
1225 4985 1433 5053 λέγων’
1471 4985 1565 5057 Μὴ
1609 5001 1708 5052 φο-

150 5074 342 5150 ϐεῖσθε.
384 5077 525 5133 Εἶτα
550 5080 648 5133 καὶ
669 5079 759 5134 διά
785 5077 879 5133 τοῦ
912 5078 1147 5150 ἐμϐῆναι
1183 5079 1264 5142 είς
1293 5078 1353 5131 τὸ
1382 5078 1585 5140 πλοῖον,
1612 5075 1710 5146 τὴν

148 5138 703 5245 τελεωτέραναύτσῖς
762 5138 1068 5243 ἀταραξίαν
1117 5138 1504 5241 περιποιεῖται.
1535 5138 1713 5241 Εὑθύς

148 5260 248 5332 γὰρ
275 5262 550 5317 ἐκόπασεν
576 5265 606 5316 ὁ
652 5261 873 5334 ἄνεμος.
902 5261 1062 5330 Μέγα
1085 5260 1142 5315 δὲ
1176 5260 1360 5330 θαῦμα
1397 5260 1460 5314 τδ
1493 5259 1585 5314 ἐπὶ
1614 5257 1713 5313 tiat-

149 5350 349 5424 λάσσης
387 5355 736 5425 περιπατεῖν,
768 5354 864 5413 καὶ
891 5354 1025 5408 Θεοῦ
1052 5354 1128 5424 τῷ
1152 5354 1289 5417 ὄντι,
1323 5354 1383 5406 τὸ
1402 5352 1459 5406 δέ
1498 5354 1589 5406 καὶ
1618 5370 1715 5406 τα-

150 5447 312 5518 ραχῆς
339 5446 532 5517 οὔσης,
567 5448 663 5503 καὶ
690 5448 786 5501 τοῦ
828 5448 1031 5519 ἀνέμου
1069 5447 1504 5518 ἐναντιουμένου,
1524 5446 1712 5501 ἐπίτα-

152 5553 229 5600 σις
247 5537 340 5592 τοῦ
367 5538 671 5610 θαύματος.
697 5540 765 5594 Οί
793 5540 850 5594 δὲ
881 5540 1170 5595 ἀπόστολοι
1222 5541 1283 5593 ού
1322 5541 1599 5601 συνιέντες
1621 5536 1719 5591 ἐπὶ

150 5630 257 5691 τοῖς
295 5630 512 5699 ἄρτοις,
552 5631 662 5685 ἀπὸ
704 5630 896 5685 τούτου
924 5631 1020 5685 τοῦ
1065 5631 1340 5701 θαύματος
1374 5631 1468 5686 τοῦ
1514 5632 1607 5685 ἐπὶ
1646 5632 1714 5702 τῇ

150 5720 389 5795 θαλάσση
413 5726 653 5797 συνῆκαν
677 5740 692 5757 ο
721 5724 899 5782 ἔοικεν
913 5720 1006 5779 οὖν
1033 5725 1062 5777 ὁ
1081 5724 1316 5794 Χριστὸς
1334 5727 1427 5776 καὶ
1452 5723 1542 5780 διὰ
1559 5722 1719 5777 τοῦτο

1811 4639 1927 4678 rum
1972 4621 2400 4688 ditiicultatibus,
2462 4622 2513 4677 in
2560 4622 2821 4694 majorem
2846 4624 2969 4679 illus
2992 4632 3252 4679 terrorem
3285 4627 3379 4679 ad-

1810 4715 1979 4772 ducit.
2018 4713 2147 4771 Viso
2169 4714 2335 4785 igitur
2360 4714 2471 4780 illo,
2493 4716 2867 4772 clatuaverunt
2900 4718 3095 4774 turbati
3124 4727 3376 4790 tauquam

1813 4808 1864 4862 in
1923 4807 2324 4877 phantasmate,
2350 4815 2402 4862 et
2420 4806 2601 4862 statim
2633 4823 2730 4876 per
2751 4799 2944 4864 'vocent
2975 4810 3247 4865 succurrit
3278 4813 3377 4876 eis,

1812 4900 2036 4954 dicens:
2065 4899 2140 4955 Ne
2189 4899 2522 4956 terreamini.
2557 4900 2757 4955 Deinde
2788 4910 2842 4956 et
2864 4917 2962 4972 per
2992 4901 3295 4972 ingressum
3328 4906 3379 4959 in

1814 4990 2012 5058 navim,
2061 4990 2319 5060 majorem
2365 4991 2470 5048 illis
2509 4994 2852 5049 securitatem
2878 4995 3039 5063 parit.
3086 4994 3382 5051 Confestim

1813 5081 1955 5138 enim
1986 5082 2525 5152 conquievitventus.
2561 5082 2808 5154 Magnum
2836 5093 3016 5139 autem
3042 5084 3381 5152 miraculum,

1815 5172 2094 5252 ambulare
2142 5189 2303 5245 super
2349 5191 2517 5241 mare,
2550 5184 2605 5232 et
2638 5190 2824 5231 revera
2847 5175 3088 5231 divinum
3128 5198 3139 5229 :
3173 5187 3227 5233 et
3263 5194 3385 5234 eum

1813 5274 1960 5322 esset
2008 5275 2155 5322 tanta
2231 5277 2539 5337 tempestas,
2580 5278 2797 5337 tamque
2835 5270 3140 5325 contrarius
3169 5280 3384 5337 ventus,

1814 5357 2062 5413 miraculi
2119 5358 2508 5412 incrementum
2544 5368 2679 5412 eral.
2736 5360 2979 5428 Apostnti
3032 5371 3213 5416 autem
3263 5374 3384 5417 cum

1815 5463 1928 5505 non
1978 5449 2368 5505 intellexissent
2398 5450 2464 5502 de
2508 5451 2753 5518 panibus,
2809 5466 2874 5505 ex
2904 5452 3006 5506 hoc
3035 5452 3299 5507 miraculo
3329 5454 3383 5507 in

1818 5542 1954 5597 mari
2001 5541 2398 5596 intellexerunt.
2451 5538 2677 5596 Videtur
2721 5558 2854 5599 sane
2885 5542 3136 5600 Christus
3167 5555 3390 5614 propter

1818 5633 1921 5689 hoc
1955 5632 2264 5701 permisisse
2313 5632 2434 5687 illos
2476 5634 2691 5701 tentari,
2727 5644 2784 5690 ut
2811 5636 3064 5707 quoniam
3098 5652 3127 5689 a
3158 5635 3390 5704 panibus

1820 5738 1942 5779 eum
1970 5738 2076 5778 non
2098 5723 2495 5791 cognovissent,
2530 5725 2775 5780 notitiam
2806 5741 2836 5783 a
2863 5727 2997 5783 mari
3029 5727 3391 5798 perciperent,

154 5816 507 5886 συγχωρῆσαι
557 5817 761 5890 αὐτοὺς,
786 5817 1171 5890 πειρασθῆναι,
1205 5816 1293 5871 ἴνα
1329 5817 1454 5868 ἐπεὶ
1503 5815 1578 5886 μὴ
1611 5817 1688 5869 ἀπ

1820 5822 1983 5887 atque
2010 5814 2295 5871 utilitatem
2322 5827 2805 5888 consequerentur.

153 5905 259 5961 τῶν
286 5905 475 5977 ἀρτων
496 5906 659 5963 αὑτὸν
685 5906 1022 5978 ἐπέγνωσαν,
1057 5907 1350 5979 ἐπιγνῶσιν
1370 5906 1479 5963 ἀπὸ
1506 5906 1603 5978 τῆς
1634 5904 1927 5978 θαλάσσης,
1951 5906 2044 5961 καὶ
2063 5903 2438 5978 ὠφεληθῶσιν.
