3866 6448
1533 227 1577 245 -2
1616 225 1630 237 ἐ

138 433 228 501 ιιι
813 429 1266 492 ENARRATIO
1306 429 1392 491 IN
1423 427 1922 490 EVANGELIUM
1963 428 2226 489 MARCI.
2263 453 2328 463 —
2366 428 2522 490 CAP.
2550 429 2682 494 vn.
3273 428 3378 492 56.!

143 547 352 617 ρήσητε.
387 543 594 613 Μωσῆς
615 539 724 614 γὰρ
753 535 875 596 εἶπε
897 560 910 572 ·
947 542 1095 614 Τίμα
1121 542 1212 595 τὸν
1235 543 1451 614 πατέρα
1479 558 1573 594 σου
1600 558 1670 594 κα

1849 550 2028 595 latrem
2070 549 2247 608 tuam;
2283 551 2337 596 et
2370 560 2384 597 :
2414 542 2516 608 Qui
2561 541 2903 600 ntaledixerit
2933 542 3073 610 patri
3128 542 3210 597 vel
3259 558 3376 596 tua-

138 638 228 708 τὴν
265 636 478 706 μητέρα
511 650 622 689 σου’
657 636 778 700 καὶ,
830 635 888 687 'O
921 635 1237 704 κακολογῶν
1278 635 1490 706 πατέρα
1521 636 1554 708 ἢ
1602 651 1665 703 μτ

1846 633 1903 696 ri,
1931 642 2104 688 morte
2135 633 2416 688 moriatur.
2451 634 2559 689 Vos
2590 644 2768 692 autem
2817 633 3036 689 dicitis:
3083 633 3138 688 Si
3174 635 3373 689 dixerit

143 728 288 796 τέρα,
319 724 543 796 θανάτῳ
593 724 918 779 τελευτάτω.
966 724 1156 795 Ὑμεῖς
1204 725 1261 778 δὲ
1291 725 1519 792 λέγετε·
1579 725 1670 778 Ἐἀ

1851 741 1969 781 omo
2016 727 2153 796 patri
2193 735 2284 780 aut
2335 726 2492 781 matri
2545 725 2782 790 Corban,
2834 727 2976 794 quod
3005 738 3105 790 est,
3148 725 3378 793 Donum,

141 818 257 888 εἴπῃ
283 814 574 886 ἄνθρωπος
620 812 700 883 τῷ
753 815 924 885 πατρὶ
963 814 996 885 ἢ
1045 817 1111 885 τῇ
1161 816 1354 886 μητρὶ,
1404 815 1646 884 Κορϐάν,

1848 817 2175 888 ttodcunque
2207 834 2270 873 ex
2310 825 2397 873 me
2457 818 2508 871 itt
2545 827 2695 874 tuum
2736 819 2890 876 cedet
2916 819 3285 882 commodum,
3323 827 3375 872 et

145 909 248 963 ἐστι
279 905 488 975 Δῶρον,
520 905 549 957 ὃ
583 904 676 958 ἐὰν
725 903 784 968 ἐξ
829 905 963 973 ἐμοῦ
998 904 1305 976 ὠφεληθῇς,
1342 906 1437 959 καὶ
1477 906 1578 958 οὐκ
1628 904 1672 957 ἔτ

1850 915 2066 962 raatet'ea
2117 921 2224 962 non
2288 907 2606 962 sinitiseum
2651 907 2944 974 quidquam
3003 906 3183 962 facere
3238 908 3377 976 patri

140 997 315 1066 ἀφίετε
345 995 516 1053 αὑτὸν
563 995 716 1048 οὐδὲν
743 995 969 1064 ποιῆσαι
1014 994 1092 1064 τῷ
1143 996 1310 1065 πατρὶ
1351 993 1516 1048 αὐτοῦ
1557 993 1590 1065 ἣ
1639 1012 1667 1046 τ

1850 1013 1927 1062 uo,
1956 1006 2050 1052 aut
2082 997 2242 1052 matri
2282 1012 2417 1063 sure,
2446 1007 2499 1052 et
2535 998 2747 1052 irritum
2781 997 2956 1052 facitis
3008 1000 3229 1052 verbum
3285 997 3377 1051 Dei

147 1085 304 1156 μητρὶ
355 1083 551 1148 αὑτοῦ,
609 1083 946 1153 ἀκυροῦντες
997 1085 1090 1138 τὸν
1142 1084 1300 1154 λόγον
1343 1084 1440 1138 τοῦ
1466 1083 1603 1137 Θεοῦ
1637 1102 1674 1137 τ·

1849 1105 1905 1143 er
1935 1089 2380 1144 constitutionem
2438 1098 2674 1146 vestram
2737 1105 2896 1158 quam
2945 1089 3279 1154 tradidistis,
3321 1101 3376 1144 et

140 1177 422 1246 παραδόσει
449 1170 657 1250 ὑμῶνῇ
681 1177 1033 1250 παρεδώκατε
1070 1216 1085 1240 ,
1117 1177 1212 1230 καὶ
1237 1177 1514 1248 παρόμοια
1531 1176 1667 1230 τοιαῐ

1856 1181 1973 1254 ιοϐ
2007 1182 2204 1236 similia
2238 1181 2541 1251 hujusmodi
2571 1182 2735 1237 multa
2769 1180 2970 1237 facitis.
3012 1200 3029 1232 ›
3055 1180 3126 1237 Ut
3165 1181 3383 1250 gravius

142 1287 200 1322 τα
229 1268 397 1321 πολλά
455 1270 684 1322 ποιεῖτε.
722 1287 739 1320 ›
788 1267 1242 1339 Ἐμϐριθέστερον
1291 1268 1531 1338 ἐλέγχων
1579 1269 1669 1321 τοὺ

1853 1281 2006 1343 rguat
2057 1273 2320 1326 Dominus
2362 1270 2598 1337 Iudaeos,
2644 1273 2863 1327 adducit
2906 1283 2959 1327 et
3000 1272 3317 1341 prophetam
3350 1287 3379 1326 a

154 1358 432 1421 Ἰουδαίους
463 1359 494 1410 ό
551 1357 775 1429 Κύριος,
836 1360 1077 1430 παράγει
1129 1360 1223 1412 καὶ
1281 1359 1372 1413 τὸν
1422 1361 1677 1430 προφήτη

1858 1380 1918 1417 uo
1952 1373 2227 1420 taxantur.
2271 1363 2345 1419 llli
2377 1366 2521 1420 enim
2559 1365 2852 1434 discipulos
2909 1366 3205 1435 arguebant
3241 1365 3385 1435 quod

145 1450 548 1521 κατηγοροῦντα
600 1450 797 1503 αὐτῶν.
851 1451 1082 1508 Ἐκεῖνοι
1122 1451 1218 1520 μὲν
1243 1450 1334 1504 οὖν
1364 1453 1472 1513 τοῖς
1528 1450 1672 1521 μαθη

1860 1457 2088 1514 :niorum
2128 1457 2472 1516 traditionem
2515 1457 2849 1526 praevaricati
2891 1467 3094 1512 essent.
3122 1457 3387 1512 Dominus

145 1546 246 1602 ταῖς
271 1542 567 1595 ἐνεκάλουν
596 1542 676 1594 ὅτι
709 1541 808 1612 τὴν
835 1543 946 1594 τῶν
978 1542 1368 1613 πρεσϐυτέρων
1402 1542 1672 1612 παράδοσι

1860 1558 1992 1604 item
2028 1548 2107 1603 eis
2128 1548 2372 1620 impingit
2390 1549 2598 1622 crimen
2620 1549 2778 1617 longe
2801 1548 3040 1617 gravius,
3065 1549 3205 1618 quod
3223 1547 3387 1604 Mosis

145 1633 461 1701 παρέϐαινον
497 1674 513 1698 ,
538 1636 568 1688 ό
602 1634 806 1707 Κύριος
863 1637 922 1690 δὲ
953 1637 1140 1700 αὐτοῖς
1185 1635 1540 1706 ἀντεπιφέρει
1575 1651 1672 1703 σφο

1862 1657 1980 1711 gem
2011 1641 2513 1710 praevaricarentur.
2555 1640 2663 1696 Lex
2685 1643 2828 1696 enim
2862 1641 2958 1708 ait,
2983 1640 3112 1696 dicit
3137 1659 3149 1694 :
3171 1640 3387 1695 Honora

144 1726 382 1798 δρὸτερον
407 1725 688 1799 ἔγκλημα,
721 1727 783 1784 τὸ
809 1728 904 1784 τὸν
922 1727 1014 1782 τοῦ
1048 1729 1293 1790 Μωσέως
1324 1728 1488 1798 νόμον
1526 1744 1671 1797 παρα

1863 1743 2027 1787 atrent
2043 1743 2186 1786 tuum
2206 1743 2256 1787 ct
2277 1745 2503 1789 matrem
2522 1743 2666 1792 tuam
2689 1751 2702 1788 :
2723 1749 2816 1788 vos
2837 1742 3016 1788 autem
3035 1734 3238 1788 docetis
3255 1748 3390 1804 pue-

146 1817 361 1871 ϐαίνειν.
416 1817 478 1871 '0
514 1819 617 1889 μέν
650 1821 760 1892 γάρ
810 1820 974 1891 νόμος
1017 1821 1175 1890 φησι,
1220 1819 1405 1897 λέγει·
1441 1820 1589 1889 Τίμα
1620 1817 1673 1870 τὲ

1861 1839 1904 1877 )S
1921 1834 1978 1877 ιιι
2005 1824 2189 1878 dicant
2207 1825 2272 1878 ad
2290 1836 2560 1894 parentes,
2579 1823 2815 1892 Corban,
2840 1824 2942 1880 hoc
2968 1834 3072 1888 est,
3098 1823 3304 1879 Donum
3331 1834 3388 1879 et

147 1909 344 1979 πατέρα
378 1925 476 1961 σου
507 1911 606 1964 καὶ
631 1910 730 1982 τὴν
757 1912 967 1983 μητέρα
1001 1928 1095 1964 σου
1122 1923 1135 1938 ·
1174 1912 1330 1982 ὑμεῖς
1360 1911 1414 1964 δέ
1439 1910 1674 1964 διδάσκετ

1855 1915 2056 1972 hiatum
2120 1915 2231 1972 Deo
2281 1927 2387 1980 est,
2421 1917 2564 1988 quod
2627 1919 2827 1987 quaeris
2864 1933 2932 1972 ex
2979 1932 3086 1973 me.
3130 1917 3381 1976 Pharisaei

147 1999 258 2062 τοὺς
302 1999 501 2063 παῖδας
549 2001 729 2071 λέγειν
769 2004 904 2074 πρὸς
947 2003 1072 2072 τοὺς
1129 2007 1325 2074 γονεῖς,
1361 2003 1441 2055 ὅτι
1473 2001 1674 2074 Κορϐἀ·

1859 2007 1961 2060 uim
1995 2006 2241 2063 volentes
2270 2008 2535 2065 devorare
2592 2022 2652 2062 ea
2697 2025 2818 2079 qua:
2848 2019 3003 2064 erant
3033 2009 3386 2083 plebeiorum,

149 2089 398 2154 τουτέστι,
424 2090 618 2161 Δῶρον
644 2093 736 2147 καὶ
770 2093 1192 2164 ἀνατεθειμένον
1240 2093 1317 2164 τῷ
1346 2091 1465 2161 Θεῷ
1493 2095 1663 2152 ἐστιν,

1860 2097 2086 2154 ocehant
2121 2113 2340 2168 pueros,
2375 2099 2419 2152 si
2452 2099 2580 2168 quid
2612 2098 2874 2154 haberent
2908 2101 3054 2154 velut
3083 2099 3348 2168 peculium
3374 2137 3387 2164 ,

152 2178 315 2248 ζητεῖς
344 2178 404 2242 ἐξ
432 2179 598 2249 ἐμοῦ.
627 2182 690 2234 Oi.
711 2180 819 2252 γὰρ
844 2183 1127 2252 Φαρισαῖοι
1150 2183 1392 2245 θέλοντες
1408 2181 1679 2241 κατεσθίει

1864 2199 1874 2244 l
1904 2190 2031 2245 illud
2075 2201 2380 2260 quaererent
2427 2202 2697 2262 parentes,
2727 2193 2971 2248 dicerent
2999 2211 3013 2248 :
3048 2191 3166 2248 1am
3200 2207 3391 2248 conse¢

153 2271 214 2366 τὰ
238 2271 338 2323 τῶν
368 2270 783 2342 ἀφελεστέρων,
817 2273 1095 2328 ἐδίδασκον
1137 2275 1260 2337 τοὺς
1293 2273 1514 2336 παῖδας,
1547 2272 1641 2328 ἐάν
1663 2289 1680 2324 1

1864 2284 1962 2336 ravi
2000 2283 2101 2338 hoc
2130 2283 2277 2350 Deo;
2306 2301 2370 2342 ne
2417 2286 2554 2338 ultra
2587 2300 2798 2352 quaeras
2852 2286 2964 2356 jam
3011 2286 3250 2341 oblatum
3289 2285 3391 2340 Do-

155 2354 283 2429 ἓίχον
305 2360 474 2412 οἱονεὶ
503 2360 820 2430 πεκούλιον,
850 2363 944 2415 καλ⁸
973 2361 1199 2434 ἐζήτουν
1229 2363 1388 2417 τοῦτο
1427 2365 1476 2416 οἰ
1507 2363 1682 2431 γονεῖς

1867 2375 1986 2428 lino.
2017 2374 2188 2444 Igitur
2218 2377 2296 2432 sic
2328 2376 2670 2446 decipiebant
2709 2393 2924 2447 pueros,
2961 2387 3015 2432 et
3061 2377 3222 2433 simul
3257 2392 3394 2448 per-

155 2450 333 2518 λέγειν,
355 2451 436 2504 δτι
469 2451 618 2524 Ἤδη
641 2453 921 2524 ἀφιέρωσα
943 2453 1100 2508 τοῦτο
1123 2454 1200 2525 τῷ
1228 2454 1367 2524 Θεῷ,
1392 2455 1485 2508 καὶ
1521 2454 1682 2525 μηκέτ

1864 2467 2122 2522 tadeliant
2160 2469 2240 2524 eis
2280 2477 2337 2524 ut
2376 2479 2769 2524 consecrareut
2806 2469 3034 2526 Domino
3066 2484 3185 2538 quae
3218 2469 3391 2524 habe.

158 2544 313 2613 ζήτει,
337 2546 412 2608 ώς
435 2546 706 2601 ἀνατεθὲν
731 2548 809 2620 τῷ
829 2548 1042 2621 Κυρίῳ.
1075 2548 1259 2613 Οὕτως
1281 2549 1374 2602 οὖν
1403 2547 1685 2603 ἀπατῶντε

1854 2566 1945 2610 ent
1975 2574 1988 2609 :
2020 2571 2128 2624 quo
2158 2566 2411 2626 parentes
2439 2556 2709 2613 faciebant
2743 2559 3038 2625 contemni,
3067 2559 3168 2624 ipsi
3201 2567 3381 2612 autem

159 2635 268 2700 τοὺς
308 2639 527 2703 παῖδας,
603 2641 696 2694 καὶ
743 2641 1139 2712 συμπείθοντες
1193 2643 1390 2703 αὐτοὺς
1450 2639 1686 2711 ἀφιεροῦη

1866 2649 2152 2704 evortihant
2188 2651 2293 2704 Deo
2328 2661 2566 2706 sacrata.
2599 2648 2892 2718 Propterea
2928 2648 3110 2719 arguit.
3153 2662 3246 2705 eos
3287 2647 3393 2703 Do-

159 2725 300 2797 δῆθεν
335 2729 414 2802 τῷ
454 2731 583 2803 Θεῷ
613 2731 649 2785 ἆ
685 2729 851 2802 εἶχον,
907 2732 1034 2796 τοὺς
1081 2731 1180 2804 μὲν
1220 2731 1461 2804 πατέρας
1496 2732 1680 2784 ἐποίου

1863 2739 2020 2806 tinus,
2060 2742 2200 2811 quod
2233 2752 2454 2815 propter
2480 2741 2688 2798 lucrum
2720 2739 3192 2812 trausgrediautur
3221 2738 3389 2812 legem

164 2825 520 2892 περιφρονεῖν,
582 2825 738 2879 αὐτοὶ
776 2826 832 2878 δὲ
870 2825 939 2878 τὰ
984 2824 1360 2897 ἀφιερωθέντα
1399 2826 1715 2897 κατήσθιον.
1821 2831 1939 2886 Dei.

165 2911 314 2966 T0610
348 2914 439 2968 οὖν
471 2917 661 2980 αὐτοῖς
689 2919 718 2970 ὁ
770 2917 972 2988 Κύριος
1001 2917 1247 2985 ἐγκαλεῖ,
1271 2916 1348 2982 ώς
1379 2917 1468 2971 διὰ
1523 2918 1716 2988 κέρδος

167 3005 548 3073 παραϐαίνουσι
584 3009 677 3062 τὸν
704 3008 799 3062 τυῦ
829 3008 967 3062 Θεοῦ
1015 3009 1201 3079 νόμον.

235 3115 251 3147 ι
277 3099 380 3152 Καὶ
407 3103 936 3173 προσκαλεσάμενος
981 3103 1161 3156 πάντα
1203 3100 1294 3156 τὸν
1323 3101 1500 3172 ὄχλον,
1533 3102 1720 3168 ἔλεγεν

1906 3099 2072 3156 Vsus.
2114 3100 2304 3157 14-23.
2343 3123 2360 3154 ι
2403 3101 2468 3155 Ει
2509 3115 2629 3156 cum
2686 3103 3001 3158 advocasset
3031 3101 3098 3156 ad
3142 3114 3202 3157 se
3233 3110 3396 3156 totam

169 3187 365 3254 αὐτοῖς’
403 3192 658 3248 Ἀκούετέ
693 3211 816 3264 μου,
862 3197 1086 3259 πάντες,
1130 3195 1223 3248 καὶ
1256 3195 1488 3248 συνίετε·
1552 3193 1696 3246 Οὐδέ·

1872 3192 2059 3256 u-ham,
2093 3193 2308 3247 dicebat
2331 3193 2434 3247 illis
2463 3211 2475 3244 :
2501 3191 2696 3247 Audite
2736 3206 2841 3258 me,
2865 3207 3077 3258 omnes,
3104 3203 3160 3249 et
3202 3191 3399 3247 intelli-

173 3281 298 3335 lat-tv
325 3283 526 3348 ἔξωθεν
565 3285 662 3339 τοῦ
693 3240 988 3361 τάνθρώπου
1017 3286 1472 3358 εἰσπορευόμενον
1507 3286 1588 3348 εἰς
1627 3285 1693 3338 αύ

1865 3284 1938 3339 ite
1969 3302 1982 3338 :
2030 3284 2174 3338 Nihil
2223 3294 2307 3340 est
2335 3294 2492 3340 extra
2556 3281 2842 3340 hominem
2864 3285 3128 3341 introiens
3161 3285 3211 3340 in
3246 3299 3392 3350 eum,

173 3373 271 3436 τον,
298 3373 325 3426 ὃ
351 3375 582 3430 δύναται
617 3377 784 3432 αὑτὸν
817 3377 1101 3443 κοινῶσαι,
1151 3377 1291 3431 ἀλλά
1335 3377 1404 3431 τά
1432 3376 1698 3450 ἐκπορευό

1873 3377 1972 3430 uod
1996 3377 2165 3446 possit
2196 3392 2319 3431 eum
2376 3376 2700 3446 inquinare:
2763 3377 2856 3430 sed
2887 3391 3007 3446 quae.
3060 3379 3125 3431 de
3180 3375 3400 3430 homine

177 3480 295 3532 μενα
317 3468 620 3534 ὰπάύτοῦ,
654 3470 836 3524 ἐκεῖνά
863 3472 979 3523 ἐστι
1001 3469 1073 3524 τὰ
1099 3467 1489 3536 κοινοῦνταιτὺν
1522 3467 1704 3539 ἄνθρω

1874 3469 2153 3535 rocedunt,
2213 3468 2303 3523 illa
2355 3479 2632 3540 suntquae
2675 3468 2963 3538 inquinant
3003 3467 3296 3524 hominem.
3343 3465 3401 3522 Si

175 3571 278 3611 πον.
317 3559 382 3613 Et
428 3578 515 3625 τις
571 3561 685 3631 ἔχει
714 3556 829 3616 ῶτα
882 3559 1124 3624 ἀκούειν,
1179 3560 1448 3614 ἀκουέτω.
1499 3559 1612 3613 Καὶ
1640 3559 1701 3612 ὅτ

1872 3558 1952 3613 uis
1984 3558 2146 3613 habet
2177 3573 2340 3614 aures
2403 3559 2472 3613 ad
2520 3559 2872 3623 audiendum,
2920 3557 3129 3612 audiat.
3167 3556 3234 3611 Et
3278 3572 3399 3612 cum

176 3651 396 3721 εἰσῆλθεν
429 3656 513 3719 εἰς
545 3651 692 3709 οἷκον
720 3655 827 3708 ἀπὸ
862 3653 955 3708 106
985 3654 1164 3725 ὄχλου,
1223 3651 1527 3724 ἐπηρώτων
1561 3651 1703 3706 αὺτδε

1878 3658 2090 3705 ttrasset
2131 3650 2184 3705 in
2219 3652 2436 3706 domum
2465 3663 2708 3708 semotus
2735 3666 2762 3704 a
2789 3649 2970 3717 turba,
2999 3651 3405 3721 interrogabant

177 3741 216 3790 οί
250 3741 475 3812 μαθηταὶ
504 3743 675 3797 αὐτοῦ
729 3744 858 3815 περὶ
887 3745 986 3816 τῆς
1034 3743 1370 3815 παραϐολῆς.
1423 3744 1535 3796 Καὶ
1578 3743 1701 3810 λέγε

1872 3757 1957 3795 um
1989 3741 2238 3810 discipuli
2273 3741 2392 3810 ejus
2431 3741 2496 3794 de
2529 3740 2806 3810 parabola.
2843 3739 2907 3794 Et
2944 3741 3018 3793 ait
3054 3739 3160 3793 illis
3198 3757 3211 3792 :
3249 3739 3399 3791 Adeo

177 3831 370 3896 αὐτοῖς·
405 3833 570 3888 Οὕτω
631 3836 726 3888 καὶ
775 3836 933 3906 ὑμεῖς
965 3834 1216 3890 ἀσύνετοί
1252 3837 1409 3900 ἐστε;
1448 3833 1526 3888 Οὐ
1559 3835 1699 3886 νοεῖτ

1876 3842 2025 3888 lvos
2086 3831 2438 3903 intelligentia
2495 3832 2736 3886 caretis?
2787 3829 3034 3884 Nondum
3107 3830 3403 3899 intelligitis

178 3921 249 3975 ὅτι
279 3926 380 3978 πᾶν
421 3926 482 3980 τὸ
510 3925 713 3991 ἔξωθεν
753 3927 1208 3997 εἰσπορευόμενον
1265 3927 1344 3988 εἰς
1374 3925 1467 3977 τὸν
1515 3922 1699 3994 άνθρω

1875 3927 1974 3980 uod
2012 3939 2176 3980 omne
2205 3923 2338 3979 foris
2379 3923 2639 3978 introiens
2667 3923 2717 3977 itt
2745 3923 3045 3988 hominem,
3082 3937 3190 3977 non
3220 3931 3402 3994 potest

179 4031 285 4084 πον,
315 4019 371 4071 ού
408 4019 637 4073 δύναται
659 4019 822 4074 αὐτὸν
845 4019 1126 4079 κοινῶσαι,
1168 4019 1251 4070 ὅτι
1274 4017 1374 4069 οὐκ
1411 4013 1706 4087 είσπορεύε

1874 4033 1955 4069 um
1994 4015 2304 4085 inquinare,
2335 4013 2460 4084 quia
2495 4028 2601 4067 non
2653 4014 2819 4067 intrat
2851 4013 2903 4068 in
2935 4027 3031 4068 cor
3057 4014 3196 4082 ejus,
3225 4013 3318 4066 sed
3347 4012 3401 4066 in

179 4123 254 4159 ται
284 4109 444 4163 αὐτοῦ
467 4111 555 4174 είς
577 4111 676 4182 τὴν
703 4109 952 4180 καρδίαν,
986 4109 1102 4163 ἀλλ’
1129 4110 1211 4172 είς
1242 4109 1341 4177 τὴν
1377 4106 1609 4170 κοιλίαν,
1640 4122 1706 4159 κα

1878 4115 2096 4170 Bntrem,
2148 4115 2204 4160 et
2250 4106 2300 4158 in
2349 4119 2622 4158 secessum
2675 4104 2807 4171 exit,
2865 4118 3165 4174 repurgans
3216 4116 3405 4159 omnes

180 4200 350 4262 είςίτδν
374 4200 668 4272 ἀφεδρῶνα
702 4199 1082 4271 ἐκπορεύεται,
1133 4197 1516 4268 ἐκκαθαρίζων
1555 4195 1707 4249 πάντα

1878 4197 2022 4253 scas?
2049 4196 2271 4252 Dicebat
2304 4207 2482 4250 autem
2512 4213 2523 4249 :
2560 4193 2712 4260 Quod
2767 4194 2834 4249 ab
2861 4195 3079 4250 homine
3114 4194 3245 4258 exit,
3278 4193 3405 4248 illud

178 4291 237 4343 τὰ
261 4291 550 4365 βρώματα;
582 4292 776 4360 Ἔλεγε
835 4292 910 4355 δέ,
950 4293 1034 4345 ὃτι
1075 4291 1149 4345 Τὸ
1187 4293 1253 4345 ἐκ
1306 4289 1402 4344 τοῦ
1440 4289 1705 4360 ἀνθρώποε

1879 4291 2086 4359 ιιιιιίιιοι
2130 4290 2429 4344 hominem.
2463 4286 2543 4340 Ab
2580 4285 2932 4340 interioribus
2963 4283 3107 4339 enim
3147 4284 3213 4339 de
3241 4283 3403 4338 corde

184 4380 620 4454 ἐκπορευόμενον,
635 4385 811 4436 ἐκεῖνο
832 4385 1001 4436 κοινοῖ
1044 4382 1135 4436 τὸν
1152 4383 1458 4453 ἄνθρωπον.
1482 4380 1711 4434 Ἔσωθεη

1877 4383 2116 4435 ominum
2145 4383 2298 4434 mala:
2335 4380 2694 4449 cogitationes
2741 4377 3063 4450 procedunt,
3111 4376 3401 4441 adulteria,

181 4476 276 4546 γὰρ
296 4481 358 4532 ἐκ
387 4479 490 4550 τῆς
517 4478 745 4546 καρδίας
769 4476 877 4530 τῶν
905 4475 1209 4548 ἀνθρώπων
1239 4475 1288 4528 οἱ
1316 4474 1658 4544 διαλογισμοὶ
1683 4492 1708 4527 o

1874 4483 2045 4542 tupra,
2088 4471 2590 4537 ltomicidia,t‘urta,
2635 4471 2898 4534 maritim,
2938 4469 3178 4534 fraudes,
3224 4468 3401 4532 dolus,

183 4576 326 4627 κακοὶ
354 4573 774 4645 ἐκπορεύονται,
811 4574 1072 4642 μοιχεῖαι,
1103 4570 1372 4639 πορνεῖαι,
1404 4569 1574 4637 φόνοι,
1609 4567 1705 4619 κλο

1874 4564 2198 4635 npudicitia,
2253 4564 2426 4618 malus
2457 4563 2669 4628 oculus,
2724 4561 3082 4631 blasphemia,
3127 4561 3401 4631 superbia,

187 4664 290 4726 παὶ,
325 4663 652 4728 πλεονεξίαι,
684 4660 964 4730 πονηρίαι,
993 4659 1165 4722 δόλος,
1215 4656 1492 4726 ἀσέλγεια,
1529 4656 1714 4724 ὀφθαλ‹

1966 4657 2066 4710 ηἰιίο
2101 4673 2115 4710 :
2153 4656 2334 4710 omnia
2362 4656 2478 4710 haec
2511 4653 2652 4708 mala
2688 4653 2756 4708 ab
2791 4653 3026 4707 internis
3082 4653 3402 4722 procedunt,
3489 4678 3493 4682 ί

189 4756 272 4824 μὸς
301 4757 556 4828 πονηρὸς,
615 4754 954 4826 βλασφημία,
1006 4751 1377 4822 ὑπερηφανία,
1426 4750 1716 4821 ἀφροσύνη·

1877 4758 1893 4803 ι
1921 4749 2585 4818 coinquinanthominem.
2622 4764 2640 4798 ι
2661 4745 2917 4800 Dominus
2932 4745 3129 4799 docens
3158 4745 3404 4798 homines

189 4849 545 4903 πάνταταῦτα
579 4849 648 4902 τὰ
697 4847 908 4920 πονηρὰ
961 4845 1166 4898 ἔσωθεν
1211 4842 1593 4914 ἐκπορεύεται,
1642 4844 1716 4895 κα

1878 4839 1982 4894 uod
2014 4839 2258 4894 ciborum
2291 4837 2702 4892 observationes
2733 4849 2868 4904 quas
2900 4835 2980 4888 lex
3004 4833 3267 4902 prtecipit,
3296 4848 3401 4890 non

188 4941 339 4991 κοινοῖ
387 4939 478 4992 τὸν
520 4937 827 5009 ἄνθρωπον.
867 4954 886 4987 ι
938 4934 996 4987 ⁸0
1041 4933 1246 5001 Κύριος
1295 4931 1563 4985 διδάσκων
1609 4932 1715 4985 του

1879 4932 2135 4986 ebeamus
2164 4929 2520 5000 corporaliter
2545 4927 2868 4996 intelligere,
2920 4925 3108 4995 incipit
3158 4926 3258 4978 hoc
3289 4925 3406 4979 loco

189 5031 485 5101 ἀνθρώπους
518 5033 600 5085 ὅτι
635 5030 702 5084 τὰ
727 5028 837 5083 τῶν
865 5027 1176 5099 βρωμάτων
1209 5026 1658 5096 παρατηρήματα
1702 5023 1716 5078 ί

1881 5023 1975 5092 rgis
2011 5032 2243 5077 mentem
2273 5021 2504 5090 aperire,
2555 5020 2740 5074 dicens
2774 5057 2789 5081 ,
2829 5016 2964 5070 nihil
3004 5016 3145 5084 quod
3171 5015 3408 5086 ingredi-

189 5120 383 5193 ὁνόμος
423 5121 756 5194 διαγορεύει,
799 5120 900 5173 οὐκ
931 5117 1222 5187 ὀφείλομεν
1288 5118 1430 5170 νοεῖν
1496 5131 1716 5185 σωματι·

1880 5131 1954 5177 tr,
1988 5128 2146 5184 posse
2194 5126 2536 5168 communem
2589 5109 2787 5173 facere,
2837 5107 2940 5161 hoc
2992 5114 3075 5161 est
3121 5107 3407 5175 inquinare

190 5213 310 5280 κῶς,
357 5217 581 5287 ἄρχεται
632 5214 884 5270 ἐντεῦθεν
917 5210 1327 5266 ἀποκαλύπτειν
1375 5210 1617 5280 μετρίως
1672 5208 1717 5261 1i

1882 5207 2154 5276 uempiam
2183 5223 2196 5260 :
2230 5205 2324 5261 sed
2361 5219 2424 5259 ea
2447 5218 2565 5272 qua:
2603 5200 2956 5271 egrediuntur
2979 5199 3044 5253 de
3073 5199 3258 5253 corde.
3314 5197 3405 5251 Illa

191 5304 273 5358 τοῦ
301 5286 457 5378 νόμου
486 5307 749 5380 βούλημα.
789 5303 900 5360 Καί
927 5319 1091 5373 φησιν
1115 5302 1197 5358 ὅτι
1231 5299 1384 5356 οὐδὲν
1417 5300 1525 5353 τῶν
1551 5300 1718 5354 εἰσποι

1881 5298 1988 5354 nim
2012 5307 2138 5354 sunt
2171 5310 2290 5368 quae
2321 5293 2627 5363 inquinant,
2655 5299 2708 5343 et
2734 5297 3015 5343 enumerat
3059 5303 3144 5343 ea.
3181 5286 3408 5343 Oculum

196 5400 478 5466 ρενομένων
501 5399 722 5452 δύναται
754 5398 1038 5464 κοινῶσαι,
1063 5399 1331 5464 τουτέστι,
1368 5395 1561 5466 μιᾶναί
1593 5413 1723 5461 τινα1

1876 5389 2043 5444 talum
2102 5388 2278 5458 inquit
2326 5385 2410 5441 vel
2449 5383 2726 5446 invidiam,
2764 5381 2847 5436 vel
2886 5377 3403 5450 intemperantiam:

196 5482 316 5538 ἀλλά
346 5487 412 5540 τὰ
440 5490 848 5559 ἐκπορευόμενα
875 5491 938 5542 ἐκ
982 5489 1082 5558 τῆς
1131 5487 1381 5559 καρδίας,
1415 5487 1598 5542 ἐκεῖνά
1633 5489 1717 5541 είσ

1880 5481 2041 5537 tenim
2092 5477 2306 5534 invidus
2338 5475 2552 5531 oculum
2580 5473 2777 5528 malum
2803 5479 2858 5526 et
2896 5470 3166 5527 fascinum
3200 5468 3407 5524 immit-

197 5575 258 5624 τὰ
291 5558 589 5645 μιαίνοντα,
621 5558 720 5634 καί
762 5579 1050 5646 καταλέγει
1080 5558 1276 5633 ταῦτα.
1315 5578 1626 5649 Ὀφθαλμὸν
1684 5578 1724 5631 δὲ

1889 5581 1907 5627 ι
1932 5573 1986 5627 in
2017 5585 2140 5626 eum
2163 5569 2248 5624 cui
2277 5566 2485 5622 invidet
2515 5605 2531 5632 ,
2567 5573 2624 5620 et
2653 5564 3019 5632 intemperans
3067 5575 3162 5632 per
3193 5558 3408 5616 oculum

200 5669 412 5736 πονηρόν
454 5687 637 5741 φησιν,
683 5671 716 5742 ἢ
777 5670 869 5726 τὸν
914 5670 1130 5739 φθόνον,
1185 5670 1219 5741 ἢ
1273 5670 1374 5739 τὴν
1413 5669 1727 5724 ἀκολασίανε

1883 5664 2060 5729 idens,
2097 5660 2299 5716 malum
2337 5659 2588 5715 accersit.
2637 5655 3035 5727 Blasphemiam
3067 5663 3243 5708 autem
3279 5649 3410 5708 dicit

200 5758 283 5808 καὶ
326 5760 431 5830 γὰρ
484 5765 576 5818 καὶ
635 5766 663 5818 ό
716 5762 951 5835 φθονῶν,
1007 5760 1288 5832 ὀφθαλμὸν
1345 5759 1584 5831 πονηρὸν
1647 5762 1727 5814 καί

1880 5757 2144 5812 onvicium
2201 5753 2256 5808 in
2315 5751 2504 5818 Deum,
2561 5758 2620 5804 ut
2674 5749 2719 5804 si
2797 5747 2920 5818 quis
2999 5747 3143 5802 dicat
3197 5763 3212 5798 :
3291 5742 3407 5798 Non

205 5846 450 5908 ϐάσκανον
477 5854 753 5912 ἑπιϐάλλει
799 5854 878 5913 τῶ
899 5851 1250 5920 φθονουμένῳ
1275 5868 1289 5884 ο
1324 5853 1419 5908 καὶ
1441 5851 1732 5917 ἀκόλαστος

1884 5859 1926 5906 st
1952 5847 2310 5918 providentia,
2346 5847 2446 5902 hoc
2468 5841 2799 5914 blasphemia
2830 5849 2946 5907 est;
2975 5847 3027 5895 et
3055 5837 3177 5894 ideo
3223 5850 3411 5904 sper-
