3866 6448
186 462 288 527 565

861 453 1311 518 ENARRATIO
1350 451 1435 516 IN
1478 451 1981 517 EVANGELIUM
2025 451 2293 514 MXRCI.
2335 476 2405 494 —
2440 454 2603 517 CAP.
2633 454 2769 517 VII.

3328 455 3436 520 566

184 568 523 644 εὐεργεσίαν,
559 569 629 641 ἦν
650 568 763 633 τοῖς
817 568 1075 634 παιδίοις,
1121 569 1242 640 ἦτοι
1284 570 1399 632 τοῖς
1487 566 1764 638 Εϐραίοις,

1896 564 2008 631 )uia
2041 579 2173 620 vero
2222 564 2526 635 prudenter
2557 565 2838 636 respondit
2868 565 3062 620 mulier
3105 576 3159 623 et
3187 567 3439 632 ﬁdeliter,

181 661 459 731 ἀφώρισεν
483 661 513 714 ὁ
528 659 664 724 Θεός
697 675 710 689 ·
741 660 839 723 τάς
854 658 964 730 γὰρ
986 660 1310 732 εὐεργεσίας
1330 662 1444 723 τοῖς
1485 658 1762 729 Ἑϐραίοις

181 750 485 807 ἀπέστειλε.
501 751 672 822 Φησὶν
691 750 785 805 οὖν
809 752 838 804 ὁ
866 751 1097 823 Κύριος,
1116 751 1226 819 ὅτι,
1244 749 1322 804 Οὐ
1348 750 1432 804 δεῖ
1452 751 1580 814 τοὺς
1615 749 1763 803 ἐθνι-

1868 656 2125 712 desiderii
2178 654 2323 711 facta
2377 663 2463 711 est
2503 669 2745 725 compos.
2802 656 2972 712 Judaei
3028 658 3194 725 enim,
3246 659 3440 727 inquit,

1866 760 2058 817 panem
2074 745 2315 812 habent,
2338 747 2439 802 hoc
2457 754 2543 803 est
2573 754 2625 802 te
2656 755 2849 813 totum,
2872 747 2965 817 qui
2983 762 3013 803 e
3036 748 3191 805 cretis
3220 749 3445 806 descen-

187 845 317 907 κοὺς
366 845 659 914 μετασχεῖν
715 844 815 914 τῆς
871 843 1196 914 εὐεργεσίας
1237 843 1273 914 ἢ
1324 846 1440 906 τοῖς
1485 842 1764 906 Ἰουδαίοις

1896 839 2019 906 listi,
2044 853 2100 895 et
2134 839 2396 897 beneﬁcia
2431 850 2519 894 tua
2550 857 2564 894 :
2599 849 2654 894 at
2686 855 2786 908 ego
2818 840 2987 895 micas
3032 850 3181 911 peto,
3221 842 3325 896 hoc
3356 849 3444 897 est

185 935 533 1007 ἀφώρισταν
566 936 692 989 ἐπεὶ
720 935 777 989 δὲ
834 937 1072 1000 συνετῶς
1101 935 1378 1008 ἀπεκρίθη
1417 937 1451 1006 ἡ
1502 935 1640 1005 γυνὴ
1669 937 1763 990 καὶ

1896 933 2195 988 νειιεῐίεἰιιιη
2274 931 2627 1004 particulare.
2705 930 2845 987 Vide
2907 940 3085 986 autem
3163 934 3444 988 Dominum

183 1029 413 1095 πιστῶς,
452 1027 611 1099 ἔτυχε
663 1028 763 1099 τῆς
821 1026 1139 1098 ἐπιθυμίας.
1184 1028 1249 1081 Oi
1307 1026 1409 1099 μὲν
1472 1027 1582 1098 γὰρ
1619 1027 1755 1081 Ἰου-

182 1122 344 1186 δαῖοι,
386 1121 546 1189 φησὶ,
579 1119 670 1173 τὸν
699 1120 863 1191 άρτον
895 1117 1397 1190 ἔχουσικτουτέστι,
1432 1119 1495 1172 σὲ
1529 1119 1766 1191 ὁλὸκρη-

187 1231 296 1285 ρον,
339 1213 433 1266 τὸν
456 1212 516 1278 ἐξ
550 1211 783 1284 ούρανοῦ
815 1212 1152 1277 καταϐάντα,
1204 1214 1301 1266 καὶ⁹
1342 1211 1443 1275 τὰς
1478 1211 1577 1276 σὰς
1608 1212 1766 1283 εὐερ-

181 1304 377 1371 γεσίας
400 1319 414 1333 ·
451 1301 563 1371 ἐγὼ
589 1303 647 1357 δὲ
675 1303 836 1373 ψιχία
859 1301 1017 1368 αἰτῶ,
1044 1301 1313 1367 τουτέστι,
1346 1300 1580 1373 μερικὴν
1610 1302 1767 1374 εὐερ-

183 1399 401 1465 γεσίαν.
432 1399 577 1468 Ὅρα
601 1398 659 1452 δὲ
688 1400 784 1452 καὶ
811 1398 905 1451 τὸν
934 1396 1140 1467 Κύριον
1159 1436 1173 1461 ,
1206 1396 1320 1460 πῶς
1347 1395 1449 1449 ούκ
1472 1392 1628 1450 εἷπεν
1660 1396 1766 1463 ὅτι,

188 1485 255 1540 Ἦ
283 1487 521 1558 δύναμίς
562 1505 662 1556 μου
690 1486 861 1541 ἔσωσέ
895 1504 975 1541 σε.
994 1485 1154 1540 Ἀλλά
1185 1485 1237 1539 τί
1261 1486 1538 1556 φησιξΔιά
1566 1487 1657 1540 τὸν
1686 1485 1773 1540 λό-

180 1595 275 1646 γον
302 1578 526 1645 τοῦτον,
555 1579 824 1642 τουτέστι,
858 1577 948 1632 διὰ
1009 1576 1109 1649 τὴν
1144 1576 1351 1630 ιπίστιν
1383 1595 1500 1641 σου,
1561 1578 1769 1647 ὕπαγε,

181 1669 535 1741 ἐκαθαρίσθη
588 1668 700 1741 γὰρ
757 1671 790 1739 ἠ
830 1669 1079 1738 θυγάτηρ
1111 1685 1229 1722 σου.
1268 1667 1524 1723 Μάνθανε
1559 1665 1652 1723 οὖν
1679 1670 1776 1723 καὶ

182 1763 245 1815 σὺ
300 1760 566 1816 ἐντεῦθεν
618 1760 899 1831 ὲπωφελὲς
962 1761 1217 1833 μάθημα.
1258 1759 1372 1814 Καὶ
1403 1759 1511 1830 γὰρ
1544 1759 1776 1822 ἕκαστος

180 1853 350 1925 ἡμῶν
387 1855 518 1908 ὅταν
552 1853 869 1926 ἁμαρτάνῃ,
908 1854 1047 1924 γυνή
1095 1856 1234 1919 ἐστι,
1271 1852 1577 1919 τουτέστιν,
1610 1851 1775 1906 ἀσθε-

184 1950 273 2018 νὴς
294 1947 482 2018 ψυχή’
508 1948 825 2001 Φοινίκισσα
855 1945 932 2013 δὲ,
971 1947 1044 2010 th;
1076 1945 1174 2017 τὴν
1208 1944 1772 2016 φοινικὴν”ἀμαρτίαν

187 2042 280 2095 καὶ
309 2041 610 2113 αἱματώδη
638 2040 735 2095 καὶ
788 2038 1113 2109 φονεύτριαν
1147 2039 1370 2110 ἔχουσα.
1405 2038 1692 2108 Θυγατὲρα
1715 2036 1774 2091 δὲ

189 2136 304 2203 ἔχει
366 2134 401 2204 ὴ
444 2133 665 2204 τοιαύτη
703 2131 873 2203 ψυχὴ,
932 2132 1031 2202 τὴν
1073 2131 1319 2202 πονηρὰν
1374 2130 1601 2202 πρᾶξιν,
1657 2130 1780 2200 ἥτις

187 2226 300 2296 ἔχει
337 2227 643 2295 δαιμόνιον.
693 2226 758 2279 Ai
807 2226 916 2296 γὰρ
947 2225 1185 2296 πονηραὶ
1216 2221 1467 2295 πράξεις,
1507 2220 1778 2293 δαιμόνων

188 2316 358 2369 εἰσίν·
420 2316 740 2386 ἁμαρτωλοὶ⁸
786 2315 880 2370 οὖν
914 2316 1086 2380 ὄντες,
1128 2315 1223 2369 καὶ
1254 2314 1486 2386 κυνάρια
1513 2313 1778 2384 ὀνομαζό-

192 2406 364 2475 μεθα,
412 2408 755 2477 ἀκαθαρσίας
807 2408 1087 2478 γέμοντα·
1115 2406 1203 2460 διὰ
1250 2406 1412 2460 τοῦτο
1459 2405 1582 2458 οὐδὲ
1632 2404 1777 2471 ἄξιοί

191 2500 368 2568 ἐσμεν
420 2498 609 2553 λαϐεῖν
634 2499 726 2553 τδν
756 2499 921 2571 ἄρτον
950 2499 1045 2554 τοῦ
1094 2498 1257 2564 Θεοῦ,
1293 2499 1414 2569 ἦτοι
1448 2496 1776 2569 μεταλαϐεῖν

1870 1020 2143 1089 quomodo
2168 1035 2275 1075 non
2311 1020 2510 1075 dixerit
2542 1038 2557 1075 :
2597 1018 2786 1076 Virtus
2818 1034 2937 1075 mea
2965 1021 3196 1075 salvavit
3235 1031 3284 1077 te
3309 1041 3323 1078 :
3351 1022 3444 1077 sed

1873 1110 2004 1181 quid
2052 1111 2224 1167 dicit?
2285 1110 2515 1183 Propter
2585 1127 2893 1168 sermonem
2956 1113 3121 1180 hunc,
3179 1112 3281 1167 hoc
3335 1122 3441 1177 est,

1871 1216 2096 1277 propter
2135 1206 2297 1263 ﬁdem
2323 1218 2491 1276 tuam,
2530 1209 2672 1265 vade
2704 1227 2720 1265 :
2755 1207 3016 1263 mundata
3050 1208 3195 1263 enim
3224 1216 3306 1263 est
3335 1207 3447 1260 ﬁlia

1872 1311 1990 1355 tua.
2024 1300 2181 1356 Disce
2217 1300 2383 1371 igitur
2406 1310 2458 1357 et
2496 1310 2550 1355 tu
2578 1302 2839 1358 hoc‘loco
2870 1302 3059 1357 utilem
3116 1302 3445 1356 doctrinam.

1874 1394 2086 1449 Etenim
2130 1393 2507 1464 unusquisque
2532 1401 2780 1448 nostrum
2806 1393 2973 1464 208
3006 1393 3222 1465 quando
3240 1401 3449 1463 peccat,

1875 1487 2068 1542 mulier
2082 1496 2187 1553 est,
2214 1487 2317 1541 hoc
2339 1495 2422 1542 est
2446 1487 2657 1542 inﬁrma
2693 1488 2871 1542 auima
2899 1503 2914 1553 ;
2940 1486 3224 1544 Pbtenissa
3245 1494 3450 1546 autem,

1876 1591 2138 1652 tanquam
2194 1581 2416 1635 rubrum
2481 1589 2538 1636 et
2587 1581 2996 1650 sanguinarium
3057 1595 3122 1636 ac
3165 1587 3451 1635 cruentum

1877 1681 2162 1742 peccatum
2186 1670 2414 1728 habens.
2449 1671 2646 1726 Filiam
2676 1681 2863 1727 autem
2898 1671 3067 1726 habet
3090 1670 3215 1726 talis
3252 1671 3454 1735 anima,
3498 1696 3501 1703 ~

1879 1769 2082 1824 malum
2116 1784 2275 1839 opus,
2315 1769 2457 1840 quod
2502 1768 2669 1824 habet
2719 1767 3073 1825 dmmonium.
3127 1766 3263 1822 Mala
3313 1766 3455 1823 enim

1881 1875 2069 1930 opera,
2126 1861 2431 1917 daemonum
2489 1869 2621 1917 sunt
2671 1878 2686 1914 :
2744 1867 3066 1931 peceatores
3102 1860 3285 1928 itaque
3335 1873 3455 1914 cum

1883 1953 2081 2019 simus,
2112 1968 2277 2009 canes
2311 1954 2679 2021 nominamur,
2732 1951 3078 2007 immunditia
3129 1950 3296 2020 pleni,
3329 1965 3460 2020 pro-

1882 2055 2002 2115 pter
2034 2046 2179 2116 quod
2210 2055 2264 2101 et
2289 2045 2498 2116 indigni
2561 2061 2752 2101 sumus
2780 2045 2871 2113 qui
2899 2043 3232 2112 accipiamus
3265 2056 3460 2114 panem

1878 2135 1997 2202 Dei,
2015 2136 2118 2191 hoc
2141 2144 2246 2199 est,
2278 2136 2743 2192 communicemus
2774 2132 3135 2190 immaculatis
3159 2133 3453 2205 mysteriis.

1877 2228 2033 2296 Quod
2076 2229 2120 2284 si
2180 2244 2277 2298 per
2322 2229 2679 2285 humilitatem
2752 2231 3117 2301 nosmetipsos
3171 2228 3461 2298 agnoveri-

1886 2336 2032 2387 mus,
2069 2329 2128 2377 et
2166 2320 2401 2379 confessi
2442 2321 2707 2378 fuerimus
2736 2337 2837 2378 nos
2865 2337 2989 2377 esse
3018 2336 3206 2387 canes,
3244 2334 3463 2375 enarra-

1882 2410 2232 2478 verimusque
2293 2421 2511 2482 peccata
2558 2421 2769 2478 nostra,
2821 2421 2948 2466 tunc
3006 2396 3311 2466 sanabitur
3350 2408 3461 2462 ﬁlia

1888 2511 2098 2566 nostra,
2129 2504 2353 2575 hocIest,
2374 2520 2510 2576 opus
2540 2506 2895 2561 diabolicum.

191 2590 298 2644 τῶν
356 2590 646 2661 ἀχράντων
698 2590 1049 2662 μυστηρίων·
1085 2592 1180 2645 ἐὰν
1224 2592 1410 2661 μέντοι
1459 2589 1778 2660 ἐπιγνῶμεν
1816 2592 2047 2660 ἑαυτοὺς
2112 2596 2202 2651 διὰ
2256 2598 2356 2668 τῆς
2402 2596 2938 2669 ταπεινοφροσύνης,
2973 2599 3068 2653 καὶ
3120 2598 3202 2652 ὅτι
3235 2596 3470 2668 κυνάριά

192 2687 371 2755 ἐσμεν
466 2686 916 2756 ὁμολογήσωμεν,
989 2686 1086 2740 καὶ
1144 2683 1601 2757 ὲξαγορεύσωμεν
1687 2684 1786 2750 τὰς
1827 2687 2103 2760 ἁμαρτίας
2142 2691 2321 2761 ἡμῶν,
2386 2690 2510 2745 τότε
2559 2691 2912 2764 ίαθήσεταιή
2963 2691 3230 2763 θυγάτηρ,
3308 2707 3469 2745 τουτ-

195 2779 374 2845 έστιν,
401 2780 437 2850 ἠ
474 2781 673 2851 πρᾶξις
707 2782 741 2852 ὴ
772 2780 1153 2853 δαιμονιώδης.

268 2890 290 2922 ι
344 2869 460 2923 Καὶ
507 2870 671 2924 πάλιν
725 2870 959 2938 ἐξελθὼν
980 2871 1046 2924 ἐκ
1098 2871 1209 2926 τῶν
1240 2872 1404 2944 ὁρίων
1447 2871 1628 2944 Τύρου
1685 2874 1784 2927 καὶ

197 2964 463 3029 Σιδῶνος,
504 2960 635 3035 ἦλθε
687 2965 823 3037 πρὸς
852 2964 953 3035 τὴν
1005 2964 1284 3020 θάλασσαν
1332 2966 1433 3037 τῆς
1471 2965 1783 3032 Γαλιλαίας,

199 3056 313 3110 ἀνὰ
376 3056 542 3127 μέσον
577 3056 687 3109 τῶν
745 3056 910 3126 ὁρίων
947 3056 1323 3120 Δεκαπόλεως,
1375 3056 1472 3111 καὶ
1529 3056 1786 3128 φέρουσιν

199 3148 361 3219 αὐτῷ
402 3148 585 3218 κωφὸν
655 3148 965 3217 μογιλάλον,
1018 3150 1114 3202 καὶ
1159 3147 1575 3219 παρακαλοῦσιν
1625 3149 1788 3203 αὐτὸν

200 3243 292 3296 ἵνα
329 3241 491 3313 ἐπιθῇ
524 3241 672 3312 αύτῴ
721 3241 819 3310 τὴν
846 3242 1025 3311 χεῖρα,
1065 3240 1162 3294 καὶ
1189 3240 1597 3311 ἀπολαϐόμενος
1626 3241 1791 3295 αὑτὸν

200 3336 319 3392 dare?)
369 3335 465 3390 τοῦ
522 3334 680 3406 ὄχλου
733 3334 853 3388 κατ’
887 3334 1049 3397 ἰδίαν,
1097 3333 1260 3387 ἔϐαλε
1307 3333 1435 3396 τοὺς
1489 3333 1793 3398 δακτύλους

203 3424 383 3482 αὐτοῦ
416 3426 496 3490 είς
541 3425 609 3480 τὰ
649 3417 766 3478 ὦτα
797 3424 963 3478 αὑτοῦ
999 3438 1013 3453 ⁸
1060 3424 1157 3478 καὶ
1215 3422 1426 3487 πτύσας
1483 3423 1662 3495 ἥψατο
1691 3423 1793 3493 τῆς

204 3520 461 3588 γλώττης
519 3517 710 3584 αὐτοῦ,
757 3516 852 3571 καὶ
908 3515 1220 3586 ἀναϐλέψας
1286 3516 1366 3578 είς
1417 3515 1507 3569 τὸν
1563 3516 1792 3587 οὐρανὸν

205 3612 490 3678 ἐστέναξε,
514 3610 608 3666 καὶ
639 3610 787 3679 λέγει
814 3607 994 3679 αύτῷζ,
1041 3607 1289 3678 Ἐφφαθά
1312 3625 1326 3639 ο
1364 3611 1392 3663 ὃ
1413 3610 1555 3678 ἐστι,
1582 3611 1794 3664 Διανοίο

206 3705 401 3777 χθητιο
431 3703 528 3756 καὶ
558 3701 758 3765 εὐθέως
789 3700 1171 3773 διηνοίχθησαν
1191 3699 1357 3754 αὐτοῦ
1389 3701 1446 3755 αἱ
1480 3702 1664 3768 ἀκοαὶ,
1700 3700 1796 3757 καὶ

208 3797 379 3867 ἐλύθη
439 3797 468 3848 ὁ
524 3794 726 3865 δεσμὸς
781 3794 879 3863 τῆς
919 3793 1168 3864 γλώττης
1215 3792 1404 3860 αὐτοῦ,
1457 3794 1553 3848 καὶ
1609 3795 1797 3850 ἐλάλει

202 3884 417 3956 ὀρθῶς,
452 3882 550 3935 καὶ
592 3882 928 3935 διεστείλατο
977 3881 1163 3944 αὐτοῖς
1191 3880 1277 3936 ἵνα
1307 3880 1497 3951 μηδενὶ
1545 3884 1795 3940 εἴπωσιν.

213 3977 388 4030 Ὅσον
409 3974 467 4028 δὲ
499 3972 661 4035 αὐτὸς
679 3973 864 4036 αὐτοῖς
884 3971 1242 4037 διεστέλλετο,
1279 3972 1482 4043 μᾶλλον
1527 3974 1787 4044 περισσό-

214 4082 384 4136 τερον
425 4066 750 4137 ἐκήρυττον,
795 4063 892 4116 καὶ
928 4063 1352 4133 ὑπερπερισσῶς
1381 4062 1798 4135 ἐξεπλήσσοντο,

220 4158 480 4225 λέγοντες
501 4170 516 4186 ·
546 4152 743 4216 Καλῶς
763 4152 943 4206 πάντα
974 4152 1267 4221 πεποίηκε,
1288 4152 1385 4206 καὶ
1413 4154 1539 4217 τοὺς
1581 4155 1801 4222 κωφοὺς

215 4251 367 4303 ποιεῖ
392 4246 636 4313 ἀκούειν,
667 4246 907 4310 καὶτοὺς
925 4245 1157 4310 ἀλάλους
1175 4246 1379 4321 λαλεῖν,
1417 4247 1577 4300 »Οὐκ
1602 4246 1805 4319 ἐμϐραο

214 4342 369 4396 δύνει
406 4343 519 4405 τοῖς
549 4341 658 4394 τῶν
690 4340 921 4394 ἐθνικῶν
964 4340 1172 4405 τόποις,
1223 4340 1363 4393 ἀλλά
1402 4341 1615 4412 ταχέως
1665 4340 1803 4411 μεθ-

1963 2870 2132 2927 Vsas.
2186 2872 2376 2928 51-57.
2426 2892 2445 2925 ι
2478 2872 2545 2928 Ει
2601 2886 2816 2928 rursmn
2853 2885 3108 2942 egressus
3157 2868 3225 2926 de
3268 2868 3470 2927 ﬁnibus

1896 2965 2026 3035 Tyri
2060 2979 2125 3019 ac
2153 2963 2550 3030 Sidonis,venit
2594 2965 2662 3019 ad
2690 2979 2840 3019 mare
2879 2961 3116 3019 Galilteu:
3141 2977 3239 3034 per
3261 2962 3470 3018 medios

1899 3054 2035 3107 lines
2076 3053 2378 3122 Decapolis,
2426 3065 2482 3109 et
2543 3057 2817 3109 adducunt
2876 3054 2925 3109 ei
2997 3054 3221 3109 surdum
3286 3054 3470 3126 lingua

1894 3143 2260 3208 haesitantem,
2312 3152 2366 3199 et
2411 3146 2780 3216 deprecantur
2818 3159 2943 3199 eum
2981 3154 3037 3199 ut
3087 3146 3339 3214 imponat
3391 3145 3469 3200 illi

1896 3250 2141 3296 manum.
2163 3241 2362 3290 etcum
2392 3235 2844 3306 apprehendisset
2873 3250 2995 3291 etim
3030 3236 3097 3291 de
3126 3236 3285 3292 turba
3320 3251 3472 3294 scor-

1894 3342 2037 3394 sum,
2070 3326 2217 3382 misit
2249 3328 2448 3399 digitos
2478 3342 2607 3385 suos
2650 3331 2703 3383 in
2737 3328 3011 3384 auriculas
3039 3327 3175 3397 ejus,
3212 3337 3265 3385 et
3312 3338 3472 3401 sputo

1894 3422 2117 3487 emisso,
2142 3420 2320 3491 tetigit
2347 3421 2586 3491 linguam
2610 3422 2751 3493 ejus,
2777 3438 2841 3478 ac
2861 3422 3164 3492 suspiciens
3190 3423 3243 3477 in
3273 3422 3469 3479 cteluna

1896 3513 2179 3582 ingemuit,
2210 3521 2264 3568 et
2295 3515 2371 3568 alt
2404 3514 2476 3569 illi
2507 3531 2521 3569 :
2550 3515 2892 3585 Ephphetha,
2920 3515 3062 3586 quod
3091 3522 3194 3581 est,
3220 3514 3474 3585 Aperire.

1898 3605 1965 3660 Et
1997 3606 2186 3670 statim
2222 3615 2425 3676 apertae
2452 3619 2581 3663 sunt
2627 3623 2788 3664 aures
2816 3608 2955 3679 ejus,
3004 3617 3058 3664 et
3109 3608 3348 3663 solutum
3389 3616 3475 3663 est

1898 3699 2172 3755 vinculum
2229 3701 2428 3772 linguae
2488 3702 2632 3771 ejus,
2674 3713 2729 3757 et
2779 3702 3105 3772 loquebatur
3158 3710 3308 3759 recte
3365 3718 3380 3755 :
3422 3710 3478 3755 et

1898 3790 2288 3860 prazcepitillis
2324 3806 2391 3847 ne
2427 3792 2514 3846 cui
2550 3792 2816 3848 dicerent.
2868 3792 2977 3848 Sed
3028 3807 3135 3863 quo
3186 3793 3361 3861 magis
3389 3791 3480 3847 illc

1900 3882 1980 3937 eis
2006 3882 2376 3953 praecipiebat,
2414 3884 2517 3938 hoc
2546 3883 2782 3953 amplius
2817 3883 3209 3954 praedicabant,
3239 3894 3293 3939 et
3315 3899 3478 3953 supra

1903 3975 2123 4028 modum
2170 3974 2469 4043 stupebant
2502 3973 2746 4029 dicentes
2780 3991 2794 4028 :
2829 3974 2971 4029 Bene
3019 3974 3201 4029 omnia
3230 3974 3379 4041 fecit,
3425 3982 3482 4029 et

1903 4064 2100 4120 surdos
2132 4062 2263 4120 facit
2296 4066 2484 4120 audire
2526 4074 2581 4120 et
2610 4074 2792 4121 mutos
2821 4062 2987 4134 loqui.
3027 4083 3045 4117 ι
3082 4065 3199 4120 Non
3240 4074 3484 4121 moratur

1904 4155 1992 4211 diu
2024 4156 2080 4210 in
2114 4156 2396 4225 gentilium
2428 4155 2586 4221 locis,
2623 4156 2716 4212 sed
2738 4159 2920 4211 statim
2953 4158 3169 4223 transit,
3210 4173 3302 4223 ne,
3336 4159 3479 4214 sicut

1906 4250 2176 4316 dicebam,
2193 4254 2255 4304 da
2266 4259 2348 4305 rct
2369 4251 2710 4305 occasionem
2732 4248 2930 4305 Judaeis
2949 4251 3158 4306 dicendi
3185 4251 3325 4323 quod
3344 4266 3483 4321 pra:-

1911 4343 2254 4397 varicaretur
2285 4342 2481 4413 legem,
2514 4342 2805 4411 gentilibus
2838 4358 2897 4397 se
2917 4343 3174 4398 miscens.
3212 4342 3485 4400 Secedels

223 4435 460 4499 ίσταται,
499 4432 610 4497 ἵνα,
638 4431 712 4494 ώς
746 4430 903 4502 ἔφην,
938 4431 1013 4503 μὴ
1031 4429 1177 4504 δώσῃ
1204 4434 1315 4495 τοῖς
1343 4431 1617 4496 Ἰουδαίοις
1633 4431 1787 4501 λέγει

1918 4436 2082 4507 igitur
2107 4454 2135 4490 a
2160 4436 2358 4491 ﬁnibus
2391 4435 2518 4507 Tyri
2550 4446 2604 4491 ct
2635 4434 2873 4501 Sidonis,
2904 4435 3053 4490 vadit
3090 4436 3145 4490 in
3185 4436 3484 4493 Galilaeam.

217 4525 297 4589 ώς
325 4524 658 4595 παρανομεῖ,
703 4522 1035 4594 μιγνύμενος
1069 4526 1185 4586 τοῖς
1216 4522 1471 4586 ἐθνικοῖς.
1502 4523 1800 4589 Μεταστᾶς

221 4617 315 4672 οὖν
336 4617 445 4672 τῶν
459 4617 621 4689 ὁρίων
636 4616 813 4687 Τύρου
830 4617 921 4670 καὶ
947 4615 1198 4683 Σιδῶνος,
1234 4617 1301 4688 τῇ
1332 4614 1597 4687 Γαλιλαίᾳ
1621 4616 1799 4687 πρόσ-

222 4729 348 4768 εισι.
387 4710 600 4781 Καὶιδὴ
631 4709 816 4780 κωφὸν
870 4708 1188 4779 μογιλάλον,
1224 4708 1334 4761 ἀπὸ
1372 4707 1625 4778 δαίμονος
1654 4706 1713 4762 δὲ
1742 4707 1802 4760 τὸ

225 4805 399 4868 πάθος
421 4799 512 4876 ἦν,
537 4804 701 4856 ἰᾶται.
729 4803 868 4856 Κατ’
897 4802 1032 4856 ίδίαν
1064 4801 1164 4873 μὲν
1194 4800 1356 4854 αὐτὸν
1385 4796 1674 4856 ἀπολαϐών
1696 4818 1709 4832 ·
1739 4802 1799 4855 ού

228 4899 333 4969 γὰρ
354 4892 426 4967 ἦν
452 4894 788 4966 φιλόκομπος
813 4893 842 4946 ὁ
888 4892 1233 4953 ταπεινώσας
1256 4892 1450 4947 ἑαυτὸν
1505 4893 1671 4964 μέχρι
1703 4893 1804 4962 τῆς

228 4989 511 5061 ἡμετέρας
535 4988 833 5057 πτωχείας,
852 4986 973 5039 οθδὲ
996 4985 1190 5058 ἢθελεν
1228 4985 1305 5050 ὡς
1337 4985 1431 5039 ἐπὶ
1458 4984 1521 5039 τὸ
1555 4985 1802 5040 πλεῖστον

228 5080 539 5151 ἔμπροσθεν
574 5078 786 5132 πολλῶν
837 5077 1302 5147 θαυματουργεϊν,
1348 5078 1399 5131 εί
1457 5079 1534 5149 μὴ
1584 5078 1692 5148 ἄρα
1715 5079 1805 5133 διὰ

228 5175 321 5246 τὴν
345 5172 459 5226 τῶν
488 5171 741 5244 ὁρώντων
787 5171 1056 5243 ὠφέλειαν
1098 5171 1210 5242 (65)
1250 5187 1272 5247 f
1300 5169 1513 5236 πτύσας
1545 5170 1603 5225 δὲ
1629 5171 1808 5243 ἥψατο

230 5272 330 5346 τῆς
381 5267 631 5341 γλώττης
683 5268 874 5331 αὐτοῦ,
916 5266 1005 5322 ἴνα
1029 5267 1178 5339 δείξῃ
1225 5267 1308 5320 ὅτι
1352 5266 1532 5321 πάντα
1557 5266 1628 5321 τὰ
1664 5267 1808 5338 μέρη

230 5365 330 5432 τῆς
360 5362 527 5431 ἀγίας
561 5360 726 5415 αὐτοῦ
757 5360 959 5431 σαρκὸς
997 5359 1119 5414 θεία
1151 5355 1293 5431 ἦσαν
1317 5357 1414 5413 καὶ
1441 5357 1595 5428 ἀγια,
1618 5357 1808 5430 ὥσπερ

229 5456 327 5510 καὶ
358 5453 420 5508 τὺ
452 5452 677 5525 πτύσμα
702 5451 861 5507 ἔλυσε
881 5451 977 5509 νῦν
997 5452 1091 5506 καὶ
1105 5450 1176 5506 τὰ
1200 5450 1298 5524 τῆς
1326 5448 1578 5523 γλώττης
1604 5450 1804 5523 δεσμά“

1911 4529 2085 4584 Porro
2142 4528 2367 4584 surdum
2426 4539 2480 4582 et
2531 4529 2798 4598 impeditae
2855 4527 3051 4600 lingua:
3111 4528 3262 4583 illum
3309 4538 3484 4585 sanat.

1912 4621 2044 4676 Erat
2093 4629 2275 4675 autem
2325 4621 2549 4675 morbus
2586 4620 2679 4674 ille
2724 4634 2753 4673 a
2799 4618 3207 4675 dmntoneJam
3244 4620 3483 4689 quod'd':

1912 4715 2069 4769 turba
2087 4727 2333 4768 seorsum
2355 4711 2715 4782 apprehendit
2745 4710 2915 4778 illum,
2941 4712 3063 4766 ideo
3086 4710 3315 4775 factum,
3343 4713 3487 4781 quod

1916 4822 2022 4863 non
2075 4816 2195 4863 erat
2224 4808 2551 4877 arrogantia:
2606 4816 2868 4871 sectator,
2929 4804 3117 4874 quise
3166 4804 3488 4859 humiliarat

1915 4914 2097 4970 usque
2127 4900 2193 4954 ad
2219 4907 2459 4955 nostram
2499 4895 2740 4965 inopiam
2769 4904 2860 4949 :et
2901 4903 2961 4950 ut
2992 4894 3282 4963 plurimum
3314 4893 3490 4949 noluit

1914 5008 2098 5049 coram
2133 4991 2318 5047 multis
2372 4988 2635 5047 miracula
2693 4986 2893 5053 facere,
2925 4987 3039 5042 nisi
3075 4984 3218 5041 forte
3267 4996 3496 5055 promer

1917 5085 2211 5141 videntium
2258 5084 2574 5139 utilitatem.
2627 5080 2763 5139 Cum
2798 5094 2933 5136 vero
2969 5079 3266 5151 expuisset,
3314 5080 3491 5150 tetigit

1913 5179 2152 5251 linguam
2188 5177 2356 5244 illius,
2389 5187 2449 5232 ιιι
2475 5177 2791 5235 ostenderet
2834 5188 3024 5230 omnes
3052 5185 3236 5244 partes
3284 5185 3490 5230 sanctae

1914 5271 2096 5327 carnis
2121 5286 2233 5327 sua:
2259 5280 2477 5327 sanctas
2500 5284 2566 5324 ac
2593 5268 2806 5323 divinas
2827 5281 2972 5333 esse,
3022 5266 3158 5323 adeo
3182 5276 3244 5323 ut
3283 5277 3338 5323 et
3359 5283 3489 5336 spu-

1924 5372 2038 5416 tum
2072 5378 2214 5418 nunc
2253 5362 2490 5419 solveret
2526 5361 2727 5432 lingute
2776 5358 3095 5415 vinculum:
3137 5361 3349 5415 tametsi
3396 5374 3491 5414 su-

1912 5453 2194 5524 perﬂuitas
2234 5456 2306 5510 sit
2349 5467 2512 5508 omne
2540 5462 2787 5523 sputum,
2821 5451 2917 5508 sed
2967 5450 3022 5507 in
3058 5450 3293 5507 Domino
3320 5451 3491 5507 admi-

1170 5574 1263 5634 Ex
1294 5572 1641 5636 collatione
1671 5573 1863 5636 codd.
1897 5575 2131 5637 Venet.
2165 5574 2230 5636 S.
2264 5571 2489 5635 Marci.

451 5699 586 5773 Cod.
622 5699 693 5755 26
727 5697 964 5773 ιᾲΔαϐὼν
1000 5697 1430 5773 οῠνᾏιύτδνᾲκατ*
1466 5699 1787 5773 ίδίανάϐαλ

1921 5702 2071 5758 illum
2108 5704 2334 5773 scorsim
2384 5701 2534 5757 misit
2583 5700 2780 5773 digitos
2809 5714 2939 5773 suos
2968 5693 3319 5773 inauriculas
3347 5690 3486 5761 ejus.

302 5698 418 5823 $632
451 5699 586 5783 Cod.
622 5699 693 5755 26
727 5718 741 5755 :
770 5698 964 5781 Λαϐὼν
1000 5698 1430 5786 οὗνᾎιύτδνμαῗ
1466 5699 1627 5764 ἰδίαν,
1655 5700 1817 5784 ἔϐαλε

240 5786 362 5841 τους
420 5770 688 5841 ακτυλους
716 5771 882 5841 αὐτου
911 5768 1225 5841 siccitate
1251 5786 1438 5841 αυτου,
1463 5771 1564 5824 ἕνα
1597 5771 1696 5841 μὲν
1717 5788 1818 5840 της

1919 5789 2083 5828 unum
2115 5772 2366 5827 videlicet
2394 5764 2849 5828 dexteraa'manus
2876 5771 2929 5825 in
2963 5768 3127 5823 aliam
3154 5764 3295 5835 ejus,
3318 5778 3483 5818 unum

242 5836 419 5912 δεξιάς
451 5840 634 5912 χειρὸς
663 5833 743 5912 είς
778 5839 936 5912 τοῦτο
964 5839 1023 5893 τὸ
1044 5833 1283 5912 οὗςηένα
1315 5839 1371 5912 δὲ
1397 5833 1786 5912 ήςίάρὶστερά

1919 5859 2114 5902 manus
2139 5844 2437 5900 sinistrtein
2458 5844 2706 5899 alteram.
2733 5842 2974 5910 Cumque
3002 5833 3298 5906 eXpuisset,
3328 5843 3432 5889 etc.
3461 5852 3480 5886 ι

244 5908 322 5971 εἰς
346 5906 686 5967 ἑκείνοξΚαὶ
734 5910 967 5977 πτύσας,
1002 5926 1057 5964 κ.
1093 5925 1142 5963 τ.
1176 5906 1227 5963 λ.
1267 5925 1284 5960 ι
1328 5906 1612 5980 Accipiens
1652 5906 1819 5980 igitur
