3866 6448
329 418 432 484 ιτι

1257 415 1845 478 THEOPHYLACTI
1881 413 2297 480 BULGARIAZ
2329 408 2692 481 ARCHIEP.

3482 413 3587 480 572

327 533 400 586 ita
437 546 541 585 non
575 527 792 584 dabitur
819 529 1155 600 generatioui
1204 530 1330 584 huic
1379 531 1590 599 signum
1636 528 1765 592 tale,
1800 528 1902 584 hoc

2022 547 2097 596 τος
2126 531 2390 602 γέμοντα.
2413 532 2574 584 Ὥστε
2603 529 2664 584 οὕ
2694 528 2981 601 δοθησεται
3012 528 3078 600 τῇ
3110 527 3276 599 γενεᾷ
3299 525 3471 598 ταύτῃ
3500 544 3592 598 er;-

326 629 430 686 est,
467 620 533 674 de
561 620 723 675 caelo.

396 713 558 768 Vens.
595 714 786 768 l5-‘2l.
827 733 844 765 ι
885 713 950 767 Et
989 713 1193 768 relictis
1240 713 1364 777 illis,
1400 713 1674 783 ingressus
1707 729 1906 771 rursus

325 804 504 858 navim
537 805 672 857 abiit
709 804 934 874 trajecta
974 804 1112 856 lacu.
1165 803 1227 858 Et
1257 803 1405 858 obliti
1442 803 1656 858 fuerant
1690 819 1906 859 sumere

328 909 519 963 panes,
555 909 652 950 nec
689 908 883 964 praeter
917 911 1078 948 unum
1111 911 1304 965 panem
1342 895 1609 950 habebant
1641 911 1823 950 secum
1851 897 1905 950 in

328 987 474 1042 navi.
526 987 601 1041 Ac
648 987 904 1056 pra-cepit
961 987 1069 1042 illis
1106 989 1327 1042 dicens:
1385 986 1592 1050 Videte,
1640 997 1826 1043 cavete
1875 1003 1908 1044 a

328 1078 600 1132 fermento
638 1077 1061 1144 Pharisaeorum,
1095 1087 1149 1132 et
1180 1093 1208 1131 a
1238 1079 1508 1150 fermento
1542 1079 1790 1134 Herodis.
1845 1079 1910 1134 Et

327 1171 678 1238 disputabant
723 1170 863 1224 inter
892 1185 1033 1234 sese,
1066 1169 1309 1224 dicentes
1338 1187 1350 1224 :
1391 1169 1568 1225 Panes
1603 1185 1706 1224 non
1741 1171 1910 1226 habe-

329 1277 469 1315 nms.
502 1261 565 1314 Et.
589 1275 654 1316 eo
680 1259 913 1330 cognito,
939 1260 1097 1316 .iesus
1114 1260 1246 1314 dicit
1276 1259 1423 1316 illis:
1455 1261 1592 1327 Quid
1618 1261 1909 1332 disputatis

329 1354 475 1424 quod
524 1367 690 1422 panes
745 1369 849 1406 non
902 1353 1156 1407 habetis?
1193 1351 1441 1408 Nondum
1479 1354 1909 1412 animadvertitis

334 1459 434 1497 nec
501 1443 852 1512 iutetligitis?
907 1443 1085 1498 adhuc
1145 1445 1478 1498 obcrecatum
1543 1444 1754 1500 habetis
1813 1460 1912 1501 cor

331 1533 614 1586 vestrum?
643 1532 830 1586 oculos
877 1533 1138 1588 habentes
1187 1548 1293 1587 non
1337 1533 1584 1602 cernitis,
1639 1543 1695 1589 et
1751 1550 1910 1592 aures

332 1622 596 1680 habentes
647 1639 752 1679 non
812 1626 1052 1679 auditis?
1128 1634 1182 1680 ct
1233 1641 1339 1681 non
1391 1627 1756 1694 meministis,
1788 1643 1909 1682 cum

333 1719 573 1786 quinque
595 1715 1064 1787 panestregissem
1085 1719 1138 1772 in
1163 1717 1439 1774 hominum
1461 1720 1702 1790 quinque
1723 1720 1908 1788 millia,

335 1816 464 1875 quot
495 1808 756 1875 cophinos
786 1807 1108 1878 fragmentis
1133 1810 1323 1880 plenos
1345 1811 1642 1867 sustulistis
1665 1812 1690 1866 ?
1714 1811 1911 1868 Dicunt

2010 625 2163 693 μεῖον
2191 623 2455 690 τοιοῦτον,
2485 623 2769 676 τουτέστιν
2795 619 3110 693 οὐρανόθεν.

2087 732 2105 766 ι
2145 713 2258 768 Kal
2291 713 2453 783 ἀφεὶς
2485 712 2683 775 αὐτοὺς
2703 751 2718 777 ,
2755 710 2932 782 ἐμϐὰς
2966 711 3129 764 πάλιν
3163 709 3244 772 είς
3275 709 3338 762 τὸ
3372 709 3553 763 πλοῖον
3574 751 3591 776 ,

2007 803 2252 875 ἀπῆλθεν
2289 806 2368 867 εἰς
2405 802 2466 856 τδ
2507 803 2700 874 πέραν.
2742 803 2854 855 Kal
2892 799 3219 854 ἐπελάθοντο
3257 800 3309 851 oi
3359 799 3595 869 μαθηταὶ

2008 895 2170 950 αὐτοῦ
2203 895 2390 949 λαϐεῖν
2421 895 2639 962 ἄρτους,
2671 893 2767 947 καὶ
2811 894 2858 946 εί
2893 893 2967 964 μὴ
2996 892 3092 946 ἕνα
3125 893 3289 964 ἄρτον
3315 891 3418 944 οὐκ
3453 886 3595 962 εἶχον

2013 987 2131 1057 μεθ’
2153 987 2364 1041 ἑαυτῶν
2405 989 2463 1039 ἐν
2505 986 2584 1056 τῷ
2631 985 2822 1056 πλοίῳ.
2864 985 2973 1038 Kal
3017 983 3356 1037 διεστέλλετο
3398 983 3598 1050 αὐτοῖς,

2008 1078 2183 1148 λέγων
2205 1094 2220 1110 ο
2259 1079 2476 1149 Ὁρᾶτε,
2509 1077 2738 1149 βλέπετε
2779 1076 2888 1130 ἀπὸ
2924 1076 3023 1145 τῆς
3070 1075 3249 1146 ζύμης
3288 1075 3397 1129 τῶν
3433 1077 3600 1147 Φαρι-

2011 1169 2215 1238 σαίων,
2264 1171 2361 1224 καὶ
2404 1170 2502 1240 τῆς
2550 1170 2728 1241 ζύμης
2767 1167 3034 1239 Ἡρώδου.
3081 1167 3194 1223 Kal
3243 1167 3603 1235 διελογίζοντο

2011 1261 2146 1331 πρὸς
2191 1259 2474 1330 ἀλλήλους,
2519 1259 2800 1328 λέγοντες,
2829 1259 2911 1312 ὅτι
2953 1259 3186 1329 Ἄρτους
3235 1259 3333 1311 ούκ
3383 1257 3597 1327 ἔχομεν.

2011 1352 2120 1406 Καὶ
2151 1354 2311 1420 γνοὺς
2339 1353 2368 1405 6
2403 1351 2629 1418 Ἰησοῦς,
2661 1352 2807 1419 λέγει
2839 1351 3023 1411 αὐτοῖς
3053 1367 3066 1380 '
3102 1350 3168 1403 Ti
3200 1349 3596 1417 διαλογίζεσθε,

2010 1442 2092 1494 ὅτι
2118 1441 2313 1513 ἄρτους
2340 1441 2440 1494 ούκ
2467 1442 2653 1512 έχετε;
2681 1441 2846 1496 Οὕπω
2873 1444 3066 1507 νοεῖτε,
3097 1441 3220 1494 ούδέ
3249 1440 3491 1502 συνίετε;
3521 1441 3600 1492 ἔτι

2013 1540 2432 1602 πεπωρωμένην
2466 1534 2620 1604 ἔχετε
2654 1535 2753 1593 τὴν
2788 1533 3016 1604 καρδίαν
3053 1533 3243 1603 ύμῶν;
3281 1531 3597 1600 ὀφθαλμοὺς

2013 1623 2227 1692 ἔχοντες
2267 1624 2329 1676 ού
2369 1624 2617 1694 βλέπετε,
2655 1627 2748 1679 καὶ
2785 1619 2901 1679 ὦτα
2941 1626 3156 1695 ἔχοντες
3195 1625 3298 1678 ούκ
3337 1623 3596 1686 ἀκούετες

2012 1715 2109 1768 καὶ
2140 1715 2202 1768 ού
2240 1716 2610 1786 μνημονεύετε
2633 1758 2648 1782 ,
2680 1718 2768 1770 ὅτε
2804 1719 2930 1781 τοὺς
2962 1718 3125 1771 πέντε
3160 1718 3362 1787 ἄρτους
3399 1715 3603 1768 ἔκλασα

2014 1807 2096 1868 εἰς
2133 1806 2261 1870 τοὺς
2301 1807 2796 1877 πεντακισχιλίους,
2839 1809 3038 1870 πόσους
3079 1805 3334 1876 κοφίνους
3373 1806 3604 1876 πλήρεις

334 1899 382 1954 ei
411 1917 424 1953 :
457 1898 772 1955 Duodecim.
796 1900 928 1955 Cum
951 1912 1130 1956 autem
1154 1911 1358 1971 septem
1386 1903 1439 1956 in
1465 1911 1698 1972 quatuor
1719 1903 1906 1969 millia,

2022 1897 2340 1966 κλασμάτων
2369 1898 2572 1968 ἧρατες
2605 1899 2868 1968 Λέγουσιν
2897 1900 3045 1971 αύτῷ
3069 1915 3084 1932 ο
3116 1898 3358 1954 Δώδεκα.
3387 1901 3516 1952 Ὅτε
3545 1899 3602 1951 δέ

334 1999 468 2058 quot
523 1999 738 2060 sporlas
790 2007 856 2047 ex
914 1992 1166 2064 reliquiis
1210 1993 1637 2063 fragmentorum
1672 1995 1912 2050 tulistis?

333 2082 414 2137 lili
448 2097 575 2136 vero
608 2083 878 2150 dixerunt,
908 2085 1066 2154 211
1096 2083 1336 2153 Septem.
1370 2085 1437 2141 Et
1465 2087 1603 2140 dixit
1634 2086 1772 2141 illis:
1809 2086 1909 2154 Qui

334 2172 398 2227 fit
425 2182 484 2227 ut
510 2189 616 2228 non
645 2173 1002 2242 intelligatis?
1033 2175 1270 2245 Reliquit
1293 2174 1598 2232 Pbat'iszeos
1629 2176 1910 2243 Dominus,

337 2273 398 2318 ut
429 2265 849 2335 iucorrigibiles.
888 2266 986 2320 Ubi
1023 2268 1170 2322 enim
1228 2283 1355 2337 spes
1402 2276 1486 2322 est
1532 2269 1911 2334 correctionis,

338 2357 411 2410 ibi
446 2358 845 2412 immorandum
879 2369 1006 2414 est:
1046 2359 1134 2414 ubi
1159 2370 1340 2424 autem
1373 2361 1463 2414 illa
1496 2359 1754 2428 defuerit,
1791 2363 1916 2417 inde

338 2451 748 2504 transeundum.
785 2449 1057 2517 Singulari
1102 2459 1282 2506 autem
1318 2451 1731 2522 dispensatione
1774 2452 1833 2507 fit
1858 2461 1918 2506 ut

335 2540 587 2608 discipuli
614 2541 1010 2597 obliviscantur
1031 2558 1249 2612 panum,
1273 2559 1381 2613 quo
1406 2544 1659 2600 meliores
1677 2545 1912 2600 evadant

336 2633 634 2702 objurgati,
666 2644 720 2688 et
745 2635 1050 2706 intelligant
1081 2637 1294 2690 Domini
1322 2639 1600 2692 virtutem.
1626 2636 1759 2690 Nam
1791 2653 1914 2690 cum

336 2725 564 2781 dixisset
597 2727 898 2780 cavendum
948 2743 974 2780 a
1031 2726 1297 2781 fermento
1346 2727 1783 2790 Pharisa'orum,
1817 2729 1917 2781 hoc

337 2828 443 2879 est.
483 2819 754 2884 doctrina,
785 2819 859 2872 illi
893 2835 1016 2874 eum
1049 2821 1312 2890 putabant
1333 2821 1398 2875 de
1421 2835 1620 2890 panum
1651 2820 1917 2876 fermento

336 2908 597 2963 locutum.
657 2907 816 2964 Unde
878 2911 1076 2964 merito
1141 2910 1584 2981 perstringuntur
1661 2923 1916 2980 tanquam

334 3001 572 3070 stupidi,
623 3002 678 3056 e‘t
710 3017 817 3054 non
865 3000 1226 3076 intelligentes
1270 3004 1526 3056 virtutem
1561 3001 1797 3068 Christi,
1826 3003 1917 3072 qui

335 3093 511 3159 possit
549 3107 615 3145 ex
665 3091 837 3146 nihilo
891 3091 1074 3146 facere
1124 3107 1310 3162 panes.
1347 3091 1699 3148 Fermentum
1737 3103 1918 3148 autem

337 3184 459 3237 ideo
489 3182 733 3237 nominat
775 3183 1076 3237 doctrinam
1107 3181 1506 3239 Pharisaeorum
1559 3195 1613 3240 et
1658 3184 1921 3240 Herodia-

333 3288 553 3340 norum,
579 3275 704 3340 quia
733 3289 917 3328 amara
966 3285 1072 3340 est,
1119 3275 1447 3344 malitiamque
1493 3280 1696 3333 veteris
1738 3277 1915 3348 plena.

338 3363 660 3432 Quicunque
706 3367 851 3419 enim
900 3365 1102 3420 malitia
1156 3366 1489 3422 inveteratus
1533 3381 1641 3434 est,
1687 3377 1742 3422 et
1783 3368 1916 3422 nihil

335 3455 623 3522 spirituale
671 3464 846 3525 potest
889 3457 1072 3512 dicere
1125 3457 1267 3528 quod
1317 3459 1578 3513 auditoris
1623 3459 1804 3527 palato
1851 3459 1920 3513 sit

341 3547 517 3609 dulce,
549 3547 636 3600 ille
669 3547 990 3602 fermentum
1023 3549 1218 3611 habet,
1271 3563 1336 3602 ac
1371 3549 1684 3604 mordacem
1716 3551 1918 3604 veteris

339 3636 564 3690 malitia:
607 3637 934 3702 doctrinam,
971 3653 1091 3706 quae
1137 3639 1209 3693 illi
1250 3640 1591 3694 obedientem
1639 3641 1705 3694 ad
1748 3640 1922 3709 paeni-

339 3727 578 3783 tudinem
601 3729 812 3783 tandem
837 3730 1017 3784 ducat.
1044 3728 1332 3784 llerodiani
1361 3739 1538 3785 autem
1562 3739 1717 3784 erant
1735 3731 1922 3786 docto-

341 3835 429 3874 res
480 3820 698 3889 quidam
755 3835 925 3890 nuper
981 3821 1124 3886 orti,
1181 3821 1425 3877 dicentes
1477 3821 1747 3878 Herodem
1801 3836 1923 3878 esse

341 3913 638 3975 Christum,
671 3921 726 3966 et
755 3912 832 3966 illi
860 3927 981 3967 esse
1006 3914 1357 3970 credendum.

339 4003 512 4058 διανοί
534 4021 549 4070 ;
579 4005 900 4061 Διδάσκαλοί
945 4022 1090 4070 τινες
1117 4009 1417 4076 νεοφανεῖς,
1446 4007 1642 4071 οἵτινες
1672 4006 1880 4077 ἔλεγον,
1905 4007 1986 4061 ὅτι

339 4096 577 4150 στεύειν.

414 4191 582 4246 Vens.
613 4192 808 4248 “22-26.
846 4211 866 4246 ι
903 4193 970 4247 Et
991 4195 1140 4248 venit
1170 4195 1538 4262 Bethsaidam,
1564 4206 1619 4251 et
1647 4196 1922 4251 adducunt

345 4287 417 4340 illi
454 4302 696 4343 caecum:
735 4297 790 4342 et
816 4288 1180 4343 obsecrabant
1211 4306 1333 4344 eum
1371 4301 1430 4345 ut
1468 4290 1618 4344 illum
1652 4298 1920 4361 tangeret.

343 4375 414 4428 Et
445 4375 782 4443 apprehensa
821 4390 983 4430 manu
1011 4378 1162 4443 cmci,
1191 4379 1378 4433 eduxit
1427 4380 1580 4434 illum
1631 4389 1786 4435 extra
1837 4380 1922 4433 vi-

343 4481 507 4520 cum:
543 4475 599 4521 et
628 4483 750 4522 cum
781 4467 1061 4535 expuisset
1091 4471 1144 4524 in
1177 4473 1364 4527 oculos
1411 4473 1578 4540 illius,
1627 4475 1920 4544 imposuis-

346 4569 540 4626 setque
566 4559 638 4612 illi
677 4574 892 4625 manus,
919 4560 1417 4632 interrogaviteum
1445 4565 1490 4619 si
1515 4564 1645 4634 quid
1669 4565 1880 4620 videret
1904 4582 1918 4618 :

343 4659 399 4705 et
431 4660 646 4720 ret-epto
675 4651 794 4706 visu
833 4651 1085 4708 dicebat:
1128 4653 1303 4710 Video
1352 4657 1599 4712 homines
1621 4697 1635 4724 ,
1665 4657 1919 4727 quoniam
1948 4643 2000 4703 D

348 4743 490 4798 velut
536 4744 764 4798 arbores
814 4759 981 4800 cerno
1035 4749 1398 4803 ambulantes.
1447 4749 1649 4804 Deinde
1701 4764 1924 4805 rursum

346 4837 600 4905 imposuit
625 4852 820 4892 manus
842 4851 1008 4906 super
1024 4840 1213 4894 oculos
1236 4840 1404 4908 illius,
1424 4850 1479 4896 et
1507 4841 1640 4896 fecit
1667 4853 1724 4895 ut
1747 4842 1923 4896 visum

347 4927 633 4994 reciperet,
687 4935 742 4980 et
800 4926 1086 4984 restitutus
1132 4939 1250 4986 est:
1303 4947 1368 4987 ac
1423 4933 1642 4988 videbat
1691 4932 1927 4986 dilucide

341 5031 530 5072 oumes
555 5035 570 5071 :
600 5026 657 5073 et
688 5019 896 5074 dimisit
927 5020 1078 5076 illum
1135 5022 1187 5076 in
1217 5022 1434 5078 domum
1468 5039 1646 5087 suam,
1694 5025 1879 5082 dicens
1908 5041 1925 5080 :

343 5109 532 5180 Neque
557 5110 610 5164 in
643 5111 826 5166 vicum
851 5113 1200 5183 ingrediaris,
1237 5131 1416 5185 neque
1438 5116 1640 5171 dixeris
1665 5116 1921 5185 cuiquam

345 5204 399 5257 in
441 5205 578 5258 vico.
614 5223 634 5256 ι
672 5205 914 5275 Apparet
953 5193 1306 5263 'Bethsaidam
1341 5209 1719 5264 incredulitate
1754 5209 1920 5263 multa

344 5294 663 5351 laborasse:
723 5298 844 5353 ideo
893 5309 949 5354 et
997 5300 1248 5354 miseram
1301 5315 1419 5356 eam
1472 5301 1603 5354 dicit
1649 5300 1918 5366 Christus,

343 5389 488 5442 sicut
523 5387 809 5446 Mattheus
840 5391 1048 5459 inquit:
1093 5409 1114 5444 ι
1146 5392 1237 5446 Va:
1263 5392 1358 5447 tibi
1386 5393 1678 5458 Chorazin,
1713 5408 1791 5447 va:
1825 5392 1918 5447 tibi

347 5478 673 5534 Dethsaida:
707 5481 832 5549 quia
867 5481 914 5534 si
943 5481 994 5535 in
1019 5481 1164 5551 Tyro
1189 5492 1242 5536 et
1273 5483 1472 5539 Sidone
1510 5485 1664 5538 iactae
1693 5482 1923 5538 fuissent

348 5570 596 5636 virtutes,
625 5587 744 5640 qua:
767 5572 924 5628 facta:
948 5584 1076 5628 sunt
1115 5575 1167 5629 in
1199 5575 1371 5642 vobis,
1417 5576 1622 5646 pridem
1667 5575 1921 5646 resipuis-

349 5670 471 5716 scut
487 5664 552 5716 ⁸³.
597 5683 615 5714 ι
651 5663 766 5721 lluc
809 5665 979 5738 igitur
1007 5681 1128 5723 cum
1172 5669 1404 5725 venisset
1437 5667 1613 5733 Jcsus,
1649 5666 1922 5724 adducunt

425 5838 469 5869 ⁸³
509 5840 696 5896 Matth.
732 5859 808 5897 XI.

2013 1987 2139 2050 τοὺς
2166 1987 2306 2040 ἐτττά
2334 1990 2412 2052 είς
2435 1989 2560 2052 τοὺς
2590 1991 3087 2060 τετρακισχιλίους,
3114 1991 3298 2044 πόσων
3326 1989 3602 2060 σπυρίδων

2013 2078 2358 2149 πληρώματα
2398 2080 2730 2151 κλασμάτων
2750 2082 2950 2153 ἧρατες
2975 2084 3039 2136 υἱ
3075 2081 3132 2136 δέ
3168 2079 3348 2135 εἷπον·
3401 2081 3598 2134 Ἐπτά.

2014 2170 2126 2225 Kal
2147 2171 2332 2239 έλεγεν
2353 2171 2538 2235 αὐτοῖς
2557 2189 2572 2203 ο
2598 2171 2721 2234 Πῶς
2741 2172 2800 2224 ού
2811 2191 2896 2226 πω
2920 2172 3161 2238 συνίετες
3192 2191 3212 2224 ι
3240 2173 3457 2243 ’Λφίησι
3480 2173 3602 2232 τοὺς

2014 2265 2344 2336 Φαρισαίους
2387 2267 2415 2318 6
2465 2264 2692 2334 Κύριος,
2745 2265 2818 2329 ώς
2865 2265 3250 2336 ἀδιορθώτους.
3283 2267 3453 2318 Ἔνθα
3503 2265 3602 2334 μὲν

2016 2357 2124 2428 γὰρ
2167 2357 2314 2410 ἐστιν
2355 2357 2507 2420 ἐλπὶς
2532 2355 2891 2427 διορθώσεως,
2933 2358 3052 2410 ἐκεῖ
3092 2357 3174 2410 δεῖ
3219 2356 3554 2428 ἐγχρονίζειν
3582 2372 3596 2385 ’

2017 2447 2145 2502 ἔνθα
2201 2449 2260 2500 δέ
2322 2448 2648 2518 ἀδιόρθωτον
2712 2449 2772 2502 τὸ
2815 2449 3010 2516 κακὸν,
3055 2449 3266 2504 ἐκεῖθεν
3310 2449 3601 2519 amantia")

2017 2538 2115 2593 δεῖ.
2150 2539 2524 2610 Οἰκονομικῶς
2561 2539 2617 2592 δέ
2656 2539 2705 2592 oi
2746 2540 2990 2610 μαθηταὶ
3021 2541 3472 2595 ἐπιλανθάνονται
3505 2541 3602 2594 λα-

2017 2630 2133 2682 ϐεῖν
2182 2631 2399 2700 ἄρτους,
2451 2631 2538 2685 ἵνα
2585 2631 2972 2696 ὀνειδισθέντες
3022 2633 3264 2703 βελτίους
3307 2634 3598 2702 γένωνται,

2018 2722 2112 2774 καὶ
2143 2723 2222 2782 εἰς
2253 2720 2507 2788 αἴσθησιν
2537 2720 2732 2774 ἔλθωσι
2764 2720 2864 2790 τῆς
2897 2721 2992 2774 τοῦ
3024 2721 3262 2792 Χριστοῦ
3292 2722 3598 2791 δυνάμεως.

2021 2813 2284 2876 Είπόντος
2317 2816 2426 2884 γάρ
2455 2813 2548 2866 τοῦ
2587 2814 2792 2884 Κυρίου
2824 2813 3112 2885 προσέχειν
3141 2815 3250 2869 ἀπὸ
3281 2815 3387 2883 τῆς
3425 2816 3603 2887 ζύμης

2020 2906 2130 2958 τῶν
2173 2905 2505 2975 Φαρισαίων,
2550 2907 2669 2976 ἦτοι
2709 2906 2808 2973 τῆς
2853 2905 3219 2972 διδασκαλίας,
3265 2909 3464 2960 ἐκεῖνοι
3507 2907 3605 2976 τὴν

2019 2997 2129 3050 τῶν
2166 2996 2348 3068 ἄρτων
2385 2996 2567 3067 ζύμην
2596 2998 2855 3067 ἐνόμισαν
2886 2997 3256 3069 ἀπαγορεύειν
3294 2999 3480 3061 αὐτοῖς
3513 2999 3606 3053 τὸν

2023 3091 2247 3163 Κύριον.
2274 3090 2436 3144 Ὅθεν
2462 3091 2686 3155 είκότως
2717 3090 3147 3162 ἐπιπλήσσονται
3176 3091 3252 3155 ώς
3284 3091 3360 3162 μὴ
3393 3093 3602 3144 συνιέν-

2022 3201 2115 3248 τες
2142 3184 2241 3252 τὴν
2267 3181 2496 3252 δύναμιν
2522 3181 2618 3236 τοῦ
2652 3182 2913 3256 Χριστοῦ,
2945 3183 3027 3236 ὅτι
3054 3182 3280 3237 δύναται
3311 3183 3509 3254 ἄρτους
3539 3185 3606 3236 ἐκ

2028 3277 2102 3348 μὴ
2131 3275 2301 3328 ὄντων
2356 3275 2601 3344 ποιῆσαι.
2639 3275 2826 3346 Ζύμην
2855 3275 2910 3327 δὲ
2942 3275 3195 3346 ὀνομάζει
3220 3276 3320 3347 τὴν
3346 3275 3604 3330 διδασκα-

2021 3366 2143 3418 λίαν
2171 3365 2279 3417 τῶν
2309 3365 2619 3434 Φαρισαίων
2650 3365 2742 3417 καὶ
2773 3365 2882 3416 τών
2918 3364 3290 3434 Ἦρωδιανῶν,
3321 3367 3398 3429 ώς
3429 3366 3605 3437 ὀξώδη

2021 3453 2186 3511 οὖσαν
2212 3456 2304 3508 καὶ
2335 3457 2570 3519 παλαιᾶς
2604 3454 2802 3517 κακίας
2832 3456 3128 3526 γέμουσαν.
3162 3458 3274 3520 Πᾶς
3307 3458 3416 3528 γὰρ
3444 3460 3471 3510 6
3497 3474 3606 3510 πα-

2023 3548 2274 3610 λαιωθεὶς
2307 3549 2364 3600 ἐν
2391 3550 2457 3618 τῇ
2489 3547 2686 3615 κακίᾳ,
2720 3547 2814 3598 καὶ
2848 3547 3015 3616 μηδὲν
3045 3548 3417 3617 πνευματικὸν
3445 3548 3607 3602 δυνά·

2027 3657 2186 3710 μενος
2241 3639 2442 3707 λέγειν,
2494 3638 2634 3692 ὥστε
2692 3639 3005 3706 γλυκαίνειν
3056 3641 3148 3695 τὸν
3201 3642 3456 3713 λάρυγγα
3506 3640 3602 3694 τοῦ

2024 3730 2336 3794 ἀκούοντος,
2376 3732 2404 3782 6
2443 3731 2687 3794 τοιοῦτος
2731 3731 2911 3802 ζύμην
2951 3732 3086 3803 ἔχει,
3127 3733 3365 3798 παλαιᾶς
3405 3735 3606 3797 κακίας

2024 3820 2374 3874 διδασκαλίαν
2405 3819 2741 3884 δάκνουσαν,
2780 3822 2875 3874 καὶ
2920 3824 2998 3886 είς
3045 3824 3410 3893 μεταμέλειαν
3446 3823 3607 3875 ὕστεο

2031 3930 2122 3984 ρον
2154 3913 2394 3980 ἄγουσαν
2424 3912 2515 3966 τὸν
2547 3914 2860 3968 πεισθέντα.
2895 3914 3050 3980 Τίνες
3087 3915 3143 3968 δὲ
3173 3914 3314 3986 ἦσαν
3344 3919 3393 3968 oi
3420 3916 3608 3984 Ἥρωι

2025 4007 2055 4058 6
2087 4005 2333 4078 Ἡρώδης
2376 4007 2522 4061 ἐστὶν
2559 4008 2586 4060 6
2617 4007 2868 4078 Χριστὸς,
2897 4007 3004 4079 ξκαὶ
3069 4009 3148 4061 ὅτι
3172 4007 3359 4079 ξτούτῳ
3395 4009 3478 4062 δεῖ
3520 4027 3608 4061 πι-

2103 4214 2120 4245 c
2166 4194 2277 4247 Kal
2314 4192 2535 4264 ἔρχεται
2570 4193 2650 4256 είς
2688 4192 2992 4263 Βηθσαϊδὰ,
3029 4196 3126 4246 καὶ
3160 4193 3420 4263 φέρουσιν
3457 4192 3607 4263 αύτῷ

2024 4287 2247 4356 τυφλὸν,
2281 4289 2374 4340 καὶ
2406 4285 2818 4356 παρακαλοῦσιν
2848 4287 3030 4351 αύτδν,
3065 4287 3153 4340 ἵνα
3179 4287 3346 4339 αὑτοῦ
3376 4287 3602 4356 ἅψηται.

2023 4381 2134 4433 Kal
2165 4379 2557 4449 ἐπιλαϐόμενος
2588 4378 2688 4447 τῆς
2723 4379 2907 4450 χειρὸς
2936 4378 3030 4432 τοῦ
3063 4378 3298 4448 τυφλοῦ,
3333 4379 3606 4449 ἐξήγαγεν

2023 4473 2187 4527 αὑτὸν
2226 4471 2330 4535 ἔξω
2366 4473 2464 4541 τῆς
2501 4472 2715 4540 κώμης,
2757 4473 2866 4524 Kal
2906 4470 3116 4535 πτύσας
3159 4473 3238 4535 είς
3273 4471 3342 4524 τὰ
3378 4471 3605 4541 δμματα

2025 4563 2224 4627 αὑτοῦ,
2258 4563 2466 4626 ἐπιθεὶς
2494 4563 2593 4626 τὰς
2625 4566 2812 4633 χεῖρας
2840 4560 3036 4628 αὑτοῦ,
3067 4565 3329 4634 ἐπηρώτα
3361 4565 3529 4618 αὑτὸν
3559 4565 3610 4616 εί

2024 4674 2077 4708 τι
2120 4656 2328 4723 βλέπει.
2366 4654 2476 4708 Kal
2514 4655 2852 4724 ἀναϐλέψας,
2889 4655 3041 4724 ἔλεγε
3067 4671 3082 4686 °
3121 4655 3314 4708 Βλέπω
3347 4657 3473 4719 τοὺς
3512 4656 3607 4709 ἀν-

2022 4748 2300 4818 θρώπους,
2336 4747 2418 4800 ὅτι
2455 4746 2532 4810 ώς
2575 4747 2765 4818 δένδρα
2816 4748 2928 4818 δρῶ
2972 4748 3435 4819 περιπατοῦντας.
3474 4743 3606 4802 Εἶτα

2022 4841 2185 4893 πάλιν
2219 4839 2458 4909 ἐπέθηκε
2493 4839 2589 4902 τὰς
2633 4843 2824 4910 χεῖρας
2865 4841 2954 4897 ἐπὶ
2989 4843 3116 4904 τοὺς
3155 4841 3476 4910 ὀφθαλμοὺς
3510 4841 3606 4893 αύ-

2023 4931 2153 4996 τοῦ,
2197 4930 2292 4984 καὶ
2333 4930 2589 5002 ἐποίησεν
2633 4932 2795 4986 αὐτὸν
2837 4932 3158 5002 ἀναϐλέψαι.
3208 4931 3318 4984 Kal
3363 4933 3606 4985 ἀποκατ-

2023 5025 2225 5095 εστάθη
2247 5066 2261 5089 ,
2301 5023 2396 5078 καὶ
2434 5024 2684 5093 ἐνέϐλεψε
2721 5024 3010 5095 τηλαυγῶς
3048 5025 3328 5090 ἅπαντας,
3365 5025 3462 5078 καὶ⁵
3499 5025 3605 5078 ἀπ-

2025 5116 2264 5169 έστειλεν
2293 5115 2455 5170 αὐτὸν
2485 5117 2565 5179 εἰς
2597 5116 2687 5170 τὸν
2715 5114 2863 5170 οἷκον
2892 5116 3080 5180 αὐτοῦ,
3107 5116 3280 5185 λέγων
3298 5132 3312 5146 ·
3339 5115 3496 5186 Μηδέ
3525 5117 3603 5177 είς

2027 5209 2126 5277 τὴν
2157 5209 2348 5278 κώμην
2375 5207 2652 5278 εἰσέλθῃς,
2687 5208 2821 5278 μηδέ
2856 5208 3015 5280 εἴπῃς
3041 5209 3150 5262 τινὶ
3177 5210 3233 5260 ἐν
3257 5211 3324 5278 τῇ
3357 5207 3540 5280 κώμη.
3577 5226 3596 5258 ι

2026 5299 2280 5352 Φαίνεται
2309 5300 2342 5368 ἡ
2372 5297 2648 5370 Βηθσαϊδὰ
2677 5299 2880 5369 πολλὴν
2905 5299 3167 5353 ἀπιστίαν
3193 5302 3496 5369 νοσήσασα,
3522 5298 3601 5353 διὸ

2029 5390 2124 5443 καὶ
2155 5389 2427 5454 ταλανίζει
2461 5388 2631 5459 αὐτὴν
2659 5391 2688 5442 6
2719 5389 2982 5460 Χριστὸς,
3014 5390 3091 5453 ώς
3123 5391 3150 5442 6
3182 5390 3464 5454 Ματθαῖὸς
3498 5407 3598 5460 φη-

2029 5496 2140 5533 σιν’
2171 5498 2189 5533 ι
2217 5479 2352 5534 ι’)ύαί
2379 5497 2482 5547 σοι,
2509 5479 2770 5550 Χοραζίν·
2794 5479 2914 5534 οὐαί
2933 5497 3034 5545 σοι,
3059 5480 3354 5551 Βηθσαϊδὰ,
3377 5482 3458 5534 ὃτι
3477 5483 3523 5533 εἰ
3542 5481 3597 5532 ἐν

2027 5572 2188 5643 Τύρῳ
2218 5573 2314 5626 καὶ
2341 5571 2533 5624 Σιδῶνι
2561 5573 2806 5640 ἐγένοντο
2834 5575 2887 5626 αἱ
2916 5573 3194 5642 δυνάμεις,
3222 5576 3280 5627 ai
3311 5575 3595 5644 γενόμεναι

2025 5666 2084 5720 ἐν
2108 5665 2258 5735 ὑμῖν,
2290 5663 2458 5720 πάλαι
2491 5663 2556 5718 ἂν
2594 5663 2945 5734 μετενόησαν.
2972 5683 2990 5716 ι
3031 5663 3295 5718 Ἐνταῦθα
3311 5665 3484 5721 τοίνυν
3514 5662 3594 5715 ἐλ-
