3866 6448
227 366 349 430 573
380 346 385 349 ⁷

930 368 1387 431 ENARRATIO
1415 369 1500 434 IN
1539 372 2044 437 EVANGELIUM
2083 375 2350 437 MARCI.
2387 375 2634 438 -CAP.
2669 374 2835 437 VIII.
2868 456 2871 459 η

3404 367 3508 433 574

225 483 391 536 θόντι
426 482 497 553 τῷ
527 482 738 555 Κυρίῳ,
767 485 1136 554 προσάγουσιν
1166 485 1316 557 αὑτῷ
1341 484 1560 555 τυφλόν.
1589 486 1662 540 06
1694 503 1824 559 γνη-

1939 491 2004 546 ad
2034 506 2155 547 eum
2187 505 2413 548 caecum.
2451 489 2569 546 Non
2602 499 2719 545 erat
2742 498 2922 546 autem
2954 499 3091 559 pura
3122 479 3509 542 adducendum

226 574 327 627 cria.
354 574 420 629 δὲ
446 571 511 647 ἦν
536 578 571 647 ἡ
602 575 783 640 πίστις
809 576 919 632 τῶν
948 579 1361 649 προσαγόντων,
1388 579 1512 633 ὅθεν
1541 580 1635 634 καὶ
1662 580 1690 633 6
1721 580 1834 633 K6-

227 681 354 735 ριος
405 667 612 734 ἀπάγει
648 669 739 722 τὸν
777 668 977 737 τυφλὸν
1014 672 1079 724 ἐκ
1114 674 1214 743 τῆς
1263 671 1478 744 κώμης,
1520 672 1616 726 καὶ
1663 670 1836 736 οὕτως

226 760 393 814 ἰᾶται
438 761 620 816 αὐτόν.
658 761 827 816 Πτύει
868 761 927 815 δέ
972 764 1052 826 εἰς
1092 762 1158 817 τὰ
1201 762 1430 835 ὄμματα
1461 762 1564 816 τοῦ
1604 761 1832 832 τυφλοῦ,

224 851 331 905 καὶ
369 853 473 916 τὰς
509 856 699 925 χεῖρας
735 854 1069 926 ἐπιτίθησςν,
1110 855 1199 909 ἴνα
1247 855 1512 926 μάθωμεν
1551 856 1712 926 ἡμεῖς
1750 855 1832 908 ὃτι

223 942 401 1013 λόγος
440 945 584 1010 θεῖος
619 946 716 1000 καὶ⁹
758 946 958 1015 πρᾶξις
993 947 1237 1018 ἑπομένη
1269 946 1349 1017 τῷ
1379 946 1557 1017 λόγῳ,
1589 945 1661 999 τά
1700 945 1833 999 θαύ-

227 1053 392 1106 ματα
422 1038 600 1092 τελεῖν
627 1038 871 1094 δύναται.
910 1039 976 1092 Ἦ
1009 1039 1111 1111 μὲν
1138 1040 1248 1111 γὰρ
1275 1039 1417 1109 χεὶρ,
1448 1038 1548 1110 τῆς
1577 1036 1832 1109 πράξεώς

222 1129 353 1181 ἐστι
386 1129 659 1199 σύμϐολον
684 1147 697 1161 ⁸
722 1130 784 1183 τὸ
809 1130 867 1184 δέ
894 1131 1139 1202 πτύσμα,
1165 1130 1260 1185 τοῦ
1286 1131 1470 1200 λόγου,
1496 1129 1630 1184 καθὸ
1654 1131 1717 1183 ἐκ
1738 1127 1832 1183 τοῦ

225 1217 517 1288 στόματός
553 1220 721 1274 ἐστιν.
760 1219 896 1273 Οὐδὲ
935 1221 964 1274 6
1000 1219 1202 1289 τυφλὸς
1247 1219 1429 1290 μέντοι
1468 1217 1682 1273 τελείαν
1717 1213 1832 1289 εἷχε

225 1310 336 1377 τὴν
378 1311 596 1375 πίστιν,
636 1311 724 1365 διά
762 1311 923 1365 τοῦτο
964 1311 1087 1365 οὐδέ
1130 1310 1291 1374 εὐθὺς
1334 1309 1633 1380 ἀναϐλέψαι
1670 1310 1833 1365 αὐτὸν

226 1406 411 1468 ποιεῖ,
437 1402 576 1457 ἀλλὰ
603 1404 743 1457 κατά
774 1405 962 1474 μέρος,
987 1403 1062 1467 ὡς
1095 1403 1168 1474 μὴ
1196 1403 1488 1474 ὁλόκληρον
1512 1402 1706 1475 ἔχοντα
1732 1402 1832 1474 τὴν

226 1495 429 1549 πίστιν
456 1512 470 1526 ’
504 1495 647 1550 κατά
679 1495 784 1568 γάρ
818 1495 916 1566 τὴν
950 1495 1133 1549 πίστιν
1155 1535 1170 1558 ,
1204 1494 1301 1548 καὶ
1333 1497 1389 1549 al
1423 1495 1712 1567 θεραπεῖαι
1747 1494 1831 1563 γί-

225 1602 450 1640 νονται.
487 1586 868 1656 Παραγγέλλει
906 1585 962 1638 δέ
1009 1585 1159 1653 αὺτῷ
1202 1585 1277 1656 μὴ
1316 1585 1579 1640 εἰσελθεῖν
1615 1587 1697 1649 είς
1732 1584 1830 1657 τὴν

227 1678 466 1747 κώμην,
506 1678 663 1741 διότι,
709 1678 784 1741 ὡς
826 1676 984 1747 ἔφην,
1031 1675 1276 1730 ἀπίστων
1317 1676 1485 1731 ὄντων
1522 1677 1631 1730 τῶν
1669 1678 1829 1749 smn

228 1767 524 1841 Βηθσαῖδᾷ
545 1812 558 1834 ,
591 1769 791 1840 ἐϐλάϐη
827 1768 893 1823 ἂν
922 1771 949 1824 6
982 1768 1268 1840 ἄνθρωπος
1298 1767 1396 1840 τὴν
1434 1769 1613 1842 ψυχήν
1641 1785 1654 1800 ·
1695 1768 1832 1823 ἀλλὰ

234 1860 383 1930 μηδὲ
418 1862 597 1914 εἰπεῖν
625 1878 728 1913 τινι
758 1859 786 1912 6
814 1859 1032 1928 ἐγένετο
1059 1859 1143 1911 ἐπ’
1164 1857 1335 1930 αὐτῷ,
1368 1858 1458 1913 ἵνα
1490 1858 1564 1929 μὴ
1597 1859 1829 1930 ἀπιστή-

232 1968 476 2014 σαντες,
510 1952 688 2022 χεῖρον
718 1952 895 2020 κρῖμα
927 1950 1360 2004 ἐπισπάσωνται.
1396 1949 1506 2003 Καὶ
1540 1952 1703 2021 ἡμεῖς
1739 1949 1831 2003 οὖν

229 2042 508 2105 πολλάκις
536 2032 702 2111 ἐσμὲν
726 2043 919 2110 τυφλοὶ
942 2040 1040 2112 τὴν
1063 2040 1266 2112 ψυχὴν,
1293 2042 1350 2094 ἐν
1373 2043 1439 2111 τῇ
1467 2039 1632 2113 κώμῃ
1657 2039 1828 2105 ὄντες,

230 2135 498 2186 τουτέστι
522 2131 599 2203 τῷ
623 2133 813 2205 κόσμῳ
834 2132 1031 2201 τούτῳ.
1059 2128 1191 2187 Εἶτα
1218 2132 1323 2199 ἔξω
1346 2131 1447 2202 τῆς
1471 2130 1684 2202 κώμης,
1712 2131 1832 2201 ἦτοι

232 2222 332 2276 τοῦ
369 2222 582 2295 κόσμου
603 2263 617 2287 ,
651 2223 746 2277 καὶ
774 2223 883 2276 τῶν
913 2222 1079 2277 αὐτοῦ
1118 2224 1460 2292 πραγμάτων
1493 2220 1833 2291 ἀπαχθέντες

234 2317 346 2369 ὑπὸ
394 2314 661 2388 Χριστοῦ,
701 2315 1138 2388 θεραπευόμεθα.
1182 2313 1330 2370 Μεθδ
1371 2314 1430 2368 δὲ
1475 2312 1834 2384 θεραπευθῶ-

240 2424 381 2478 μεν,
418 2407 568 2474 λέγει
604 2408 737 2476 ἡμῖν
770 2407 968 2477 μηκέτι
1000 2404 1339 2477 ὑποστρέψαι
1375 2406 1456 2468 εἰς
1486 2403 1584 2475 τὴν
1615 2402 1829 2474 κώμην,

235 2497 358 2552 ἀλλ’
381 2499 467 2562 εἰς
491 2497 581 2551 τὸν
604 2492 773 2551 οἷκον.
798 2491 960 2560 Οἶκος
986 2497 1043 2551 δέ
1069 2495 1302 2550 ἑκάστου
1330 2494 1487 2566 ἡμῶν
1510 2534 1525 2560 ,
1551 2495 1581 2547 6
1605 2494 1833 2564 οὐρανὸς

237 2587 339 2643 καὶ
369 2588 429 2642 αἱ
462 2588 642 2642 ἐκεῖσε
676 2586 858 2656 μοναί.

317 2701 340 2735 ‹
382 2681 500 2736 Καὶ
527 2677 753 2750 ἐξῆλθεν
779 2680 809 2733 6
840 2676 1052 2749 Ἰησοῦς
1079 2678 1176 2733 καὶ
1205 2677 1253 2731 οἱ
1287 2676 1528 2748 μαθηταὶ
1558 2673 1724 2729 αὐτοῦ
1754 2678 1834 2738 είς

238 2771 340 2835 τὰς
374 2771 572 2843 κώμας
600 2768 939 2841 Καισαρείας
968 2770 1068 2843 τῆς
1093 2769 1389 2834 Φιλίππου,
1425 2770 1520 2823 καί¹
1547 2768 1606 2821 ἐν
1635 2770 1701 2840 τῇ
1731 2767 1836 2838 ὁδῷ

239 2862 517 2935 ἐπηρώτα
547 2861 675 2926 τοὺς
717 2859 968 2933 μαθητὰς
1004 2858 1192 2927 αὑτοῦ,
1225 2859 1405 2927 λέγων
1440 2859 1626 2923 αὐτοῖς
1649 2875 1666 2890 ⁸
1701 2858 1836 2914 Τίνα

245 2973 313 3025 με
345 2957 607 3024 λέγουσιν
633 2955 682 3008 οἱ
714 2953 991 3033 ἀνθρωποι
1022 2949 1198 3018 εἷναις
1233 2953 1296 3006 Οἱ
1326 2951 1383 3006 δέ
1413 2950 1797 3022 ἀπεκρίθησαν
1816 2988 1833 3017 ,

240 3047 507 3116 Ἰωάννην
531 3045 621 3098 τὸν
663 3043 997 3114 Βαπτιστὴν,
1026 3046 1121 3099 καὶ
1150 3042 1320 3107 ἄλλοι,
1352 3041 1559 3108 Ἠλίαν,
1584 3042 1731 3097 ἄλλοι
1756 3042 1833 3109 δὲ,

239 3136 340 3191 Eva.
366 3137 479 3190 τῶν
504 3134 818 3207 προφητῶν.
849 3135 958 3189 Καὶ
985 3135 1145 3198 αὐτὸς
1160 3134 1309 3202 λέγει
1336 3133 1544 3196 αὐτοῖς’
1567 3133 1755 3204 Ὑμεῖς
1778 3132 1836 3185 δὲ

243 3228 376 3283 τίνα
409 3244 477 3298 με
510 3226 700 3294 λέγετε
735 3220 904 3291 εἷναι;
938 3224 1281 3295 Ἀποκριθεὶς
1314 3224 1372 3278 δὲ
1414 3225 1650 3294 Πέτρος,
1686 3222 1832 3291 λέγει

241 3319 399 3390 αὐτῷ
421 3336 437 3352 ·
472 3319 547 3373 Σὺ
577 3315 629 3372 εῐ
657 3320 685 3373 ό
714 3317 971 3389 Χριστός.
1004 3316 1117 3370 Καὶ
1146 3315 1482 3386 ἐπετίμησεν
1511 3316 1713 3378 αὐτοῖς,
1747 3313 1835 3367 ἵνα

245 3410 447 3483 μηδενὶ
501 3410 707 3478 λέγωσι
757 3409 887 3479 περ)⁵
940 3406 1126 3462 αὐτοῦ.
1190 3424 1211 3459 ι
1253 3405 1585 3475 Ἀπαγαγὼν
1638 3405 1835 3468 αὐτοὺς

244 3503 443 3573 πόρῤω
471 3500 581 3555 τῶν
617 3499 887 3555 Ἰουδαίων
907 3538 923 3565 ,
951 3501 1071 3553 τότε
1102 3499 1283 3570 ἐρωτᾷ
1314 3499 1445 3571 περὶ
1478 3496 1676 3550 ἐαυτοῦ
1702 3536 1716 3561 ,
1749 3496 1836 3551 ἵνα

248 3594 460 3667 μηδένα
510 3592 874 3664 φοϐούμενοι,
929 3591 1026 3661 τὴν
1078 3591 1339 3663 ἀλήθειαν
1393 3591 1833 3661 ὁμολογήσωσιν.

255 3686 674 3757 Ἀποκρίνονται
702 3681 795 3738 οὖν
848 3684 950 3750 ὅτι,
986 3684 1049 3737 Ol
1081 3684 1179 3753 μὲν
1213 3683 1470 3753 Ἰωάννην
1499 3698 1559 3734 σε
1591 3680 1837 3750 ὑπολαμ-

247 3777 506 3830 ϐάνουσιν
531 3790 548 3806 ⁸
591 3776 640 3828 οἱ
680 3775 769 3842 δὲ,
807 3774 1017 3828 Ἠλίαν.
1080 3772 1363 3843 Ἐνόμιζον
1400 3772 1512 3843 γὰρ
1555 3774 1604 3826 οἱ
1646 3767 1837 3824 πολλοὶ

248 3867 559 3938 ἀναστῆναι
601 3864 692 3919 τὸν
727 3863 999 3935 Ἰωάννην,
1038 3862 1231 3934 ὥσπερ
1275 3863 1340 3932 δὴ
1383 3865 1476 3916 καὶ
1521 3865 1550 3916 6
1586 3861 1836 3933 Ἡρώδης

246 3959 391 4029 ᾤετο
413 3998 429 4023 ,
465 3955 794 4028 προσλαϐεῖν
830 3957 888 4010 δὲ
923 3956 1034 4010 ἀπὸ
1065 3956 1167 4025 τῆς
1207 3955 1562 4019 ἀναστάσεως
1603 3955 1699 4009 καὶ
1735 3955 1837 4026 τὴν

245 4054 362 4106 τῶν
397 4050 644 4123 σημείων
691 4049 955 4120 ἐργασίαν
978 4048 1125 4114 ’ζῶν
1154 4047 1264 4118 γὰρ
1302 4049 1330 4102 6
1360 4048 1650 4120 Ἰωάννης,
1687 4048 1837 4102 οὐδὲν

251 4145 485 4215 σημεῖον
504 4142 749 4212 ἐποίησε.
769 4138 918 4195 Μεθὺ
942 4139 1037 4195 οὖν
1061 4139 1346 4212 ἠρώτησεν
1371 4139 1582 4204 αὐτοὺς
1608 4139 1706 4203 τάς
1727 4138 1838 4193 τῶν

248 4238 308 4293 ἄ)
320 4237 429 4290 λων
457 4233 774 4306 ὑπολήψεις,
806 4233 989 4305 ἐρωτᾷ
1014 4232 1214 4295 αὐτοὺς
1245 4231 1339 4285 καὶ
1362 4234 1465 4303 τὴν
1490 4231 1672 4286 αὐτῶν
1697 4231 1838 4300 γνώ-

255 4347 386 4399 μην.
424 4326 723 4396 Μονονουχὶ
755 4324 913 4379 τοῦτο
944 4324 1140 4393 λέγων,
1164 4325 1269 4388 ὅτι,
1309 4323 1540 4378 Ἐκεῖνοι
1565 4323 1662 4395 μέν
1697 4322 1839 4377 οὕτω

250 4419 536 4487 δοξάζουσι
574 4419 705 4489 περὶ
740 4416 874 4489 ἐμοῦ
914 4416 1284 4486 πλανώμενοι,
1329 4417 1488 4486 ὑμεῖς
1524 4416 1580 4469 δὲ
1619 4415 1748 4471 ἄλλο
1783 4430 1838 4467 τι

1909 578 2093 650 'ﬁdes,
2117 583 2260 639 unde
2289 593 2343 639 et
2377 582 2635 638 Dominus
2660 582 2844 637 educit
2870 594 3071 636 caecum
3104 592 3134 634 e
3161 591 3320 649 pago,
3352 584 3406 631 et
3433 575 3513 630 sic

1936 685 2088 731 sanat
2123 675 2294 731 illum.
2329 674 2531 746 Expuit
2570 687 2698 729 vero
2729 672 2781 727 in
2814 671 2999 727 oculos
3032 670 3193 735 caeci,
3227 679 3283 725 et
3317 681 3513 721 manus

1938 768 2187 837 imponit,
2236 778 2293 824 ut
2339 770 2611 823 discamus
2657 781 2757 822 nos
2799 765 2941 836 quod
2990 778 3168 818 sermo
3204 761 3417 818 divinus
3456 769 3515 815 et

1936 863 2181 931 operatio
2214 863 2378 939 illum
2430 863 2770 929 subsequens
2828 859 2892 912 ad
2950 854 3210 911 miracula
3265 853 3510 909 facienda

1935 956 2127 1011 elIicax
2161 956 2253 1011 sil.
2284 954 2475 1010 Manus
2495 955 2663 1016 enim,
2696 948 3035 1021 operationis
3060 947 3362 1018 symbolum
3394 954 3511 999 est:

1936 1058 2152 1119 sputum
2179 1056 2359 1103 autem
2382 1044 2669 1109 sermonis,
2696 1056 2760 1098 eo
2784 1040 2926 1111 quod
2954 1054 3021 1094 ex
3050 1052 3145 1093 ore
3171 1036 3262 1093 sit.
3295 1036 3361 1090 Et
3382 1034 3509 1102 quia

1937 1157 2113 1214 neque
2144 1156 2319 1198 caecus
2359 1141 2447 1196 ille
2483 1138 2778 1211 perfectam
2832 1132 3021 1191 habuit
3076 1128 3261 1196 ﬁdem,
3309 1127 3511 1182 ideirco

1937 1252 2041 1291 non
2087 1238 2272 1291 statim
2322 1233 2497 1304 ipsum
2538 1229 2859 1301 resipiscere
2911 1226 3078 1290 facit,
3135 1221 3232 1279 sed
3286 1219 3509 1283 sensim,

1936 1335 2119 1396 utpote
2144 1325 2353 1395 integra
2386 1330 2659 1381 carentem
2689 1319 2814 1374 fide.
2842 1315 3004 1373 Juxta
3047 1314 3170 1371 fidei
3196 1313 3339 1368 enim
3397 1324 3515 1363 ma-

1933 1418 2273 1490 gnitudinem
2322 1424 2379 1471 et
2421 1414 2626 1471 sanitas
2665 1411 2847 1466 datur.
2903 1405 3166 1462 Prohibet
3215 1412 3394 1458 autem
3445 1414 3514 1454 ne

1937 1510 2267 1582 ingrediatur
2293 1509 2345 1563 in
2379 1521 2574 1578 pagum
2609 1519 2765 1561 suum
2787 1543 2801 1567 ,
2835 1516 2902 1558 eo
2950 1501 3090 1569 quod
3114 1538 3131 1562 ,
3180 1496 3322 1551 sicut
3373 1494 3509 1557 dixi,

1934 1602 2197 1658 increduli
2248 1610 2405 1658 erant
2448 1599 2697 1655 homines
2726 1592 3049 1656 Bethsaidae,
3081 1600 3136 1645 et
3163 1588 3358 1643 animm
3386 1585 3506 1655 eius

1938 1692 2269 1747 nocuissent.
2295 1689 2402 1745 Sed
2432 1700 2607 1761 neque
2632 1683 2883 1740 Christus
2906 1679 3009 1734 hoc
3028 1680 3094 1732 de
3124 1692 3184 1733 se
3214 1676 3375 1731 alicui
3401 1673 3507 1729 dici

1937 1784 2070 1849 vult,
2105 1793 2162 1838 ut
2193 1797 2259 1837 ne
2290 1782 2343 1837 in
2375 1777 2757 1836 incredulitate
2793 1787 2888 1829 sua
2905 1769 3072 1840 212
3089 1774 3519 1839 perseverantes.

1937 1873 2035 1941 illi,
2069 1875 2122 1928 in
2153 1873 2374 1944 gravius
2414 1870 2718 1927 inciderent
2768 1865 3057 1934 judicium.
3107 1861 3175 1917 Et
3204 1872 3302 1915 nos
3334 1871 3509 1929 smpe-

1936 1978 2163 2019 numero
2187 1962 2426 2033 quandiu
2459 1962 2511 2015 iu
2535 1962 2636 2015 hoc
2659 1974 2816 2030 pago,
2842 1956 2895 2011 id
2923 1963 3024 2017 est,
3053 1953 3251 2008 mundo
3275 1953 3508 2021 agimus.

1934 2056 2112 2110 anima
2175 2068 2362 2108 sumus
2417 2052 2597 2107 caeci:
2645 2049 2823 2105 educti
2879 2056 3060 2101 autem
3117 2057 3149 2098 e
3202 2041 3401 2097 mundo
3452 2049 3517 2097 et

1935 2146 2291 2204 saacularibus
2314 2145 2561 2213 negotiis,
2593 2158 2622 2197 a
2656 2141 2875 2197 Christo
2903 2151 3179 2193 sanamur.
3212 2133 3505 2201 Postquam

1935 2249 2113 2296 autem
2151 2238 2321 2296 sanati
2362 2238 2650 2301 fuerimus,
2682 2237 2815 2290 dicit
2857 2235 3011 2290 nobis
3044 2245 3112 2287 ne
3144 2230 3285 2284 ultra
3318 2240 3503 2281 rever-

1936 2343 2113 2389 tamur
2152 2333 2206 2388 in
2260 2346 2477 2403 pagum,
2538 2332 2633 2385 sed
2693 2329 2746 2381 in
2801 2328 3046 2382 domum.
3088 2323 3291 2378 Domus
3323 2327 3517 2373 autem

1935 2420 2359 2492 uniuscujusque
2411 2428 2659 2473 nostrum
2690 2415 2908 2479 emittm,
2946 2423 3001 2469 et
3053 2410 3364 2467 mansiones
3397 2406 3511 2462 illic

1937 2524 2088 2571 sunt.

2007 2692 2171 2747 Vens.
2200 2685 2391 2744 27-30.
2439 2703 2459 2738 ι
2506 2686 2572 2740 Et
2600 2698 2852 2753 egressus
2878 2691 2963 2739 est
2987 2680 3144 2738 Jesus
3170 2687 3226 2732 et
3260 2673 3510 2744 discipuii

1938 2785 2081 2841 illius
2104 2785 2157 2838 in
2185 2782 2329 2838 vicos
2355 2780 2621 2835 Caesareae
2643 2791 2763 2847 quae
2787 2775 3199 2844 cognominatur
3226 2768 3461 2849 Philippi
3492 2785 3505 2820 :

1937 2889 1991 2935 et
2017 2879 2071 2933 in
2100 2878 2184 2933 via
2214 2872 2572 2940 interrogavit
2598 2870 2895 2938 discipulus
2918 2882 3065 2929 suos,
3092 2865 3309 2921 dicens:
3339 2862 3509 2929 Quem

1940 2986 2026 3025 me
2064 2969 2252 3025 dicunt
2297 2965 2546 3035 homines
2592 2961 2753 3017 esse?
2798 2960 2874 3014 Illi
2909 2974 3040 3014 vero
3090 2956 3507 3025 responderunt,

1938 3062 2200 3118 Joannem
2259 3056 2583 3127 Baptistam,
2651 3061 2705 3108 et
2766 3051 2877 3118 alii,
2930 3049 3122 3109 Eliam.
3181 3046 3267 3101 alii
3322 3058 3515 3099 rursus

1862 3162 1908 3226 ο
1942 3170 2106 3209 unum
2136 3154 2201 3207 de
2228 3165 2455 3206 numero
2493 3147 2901 3217 prophetarum.
2943 3142 3007 3194 Et
3036 3140 3151 3209 ipse
3186 3136 3320 3192 dicit
3362 3136 3510 3191 illis:

1935 3249 2004 3302 At
2039 3261 2137 3301 vos
2177 3258 2336 3315 quem
2389 3254 2476 3295 me
2516 3240 2693 3295 dicitis
2731 3236 2896 3292 esse?
2946 3229 3299 3303 Respondeas
3333 3238 3512 3284 autem

1936 3339 2130 3394 Petrus
2157 3335 2289 3390 dicit
2325 3332 2400 3387 illi
2426 3347 2442 3386 :
2470 3330 2551 3385 'l‘u
2578 3345 2638 3385 es
2669 3328 2758 3382 ille
2785 3324 3060 3381 Christus.
3090 3321 3160 3377 Et
3192 3319 3513 3374 intermina-

1939 3437 2028 3483 tus
2051 3436 2136 3482 est
2165 3426 2244 3480 eis
2275 3437 2341 3478 ne
2373 3421 2458 3476 cui
2487 3420 2733 3475 dicerent
2763 3416 2829 3471 de
2855 3430 2936 3470 se.
2976 3434 2994 3467 ο
3025 3411 3160 3468 Cum
3202 3409 3515 3467 abduxisset

1937 3533 2031 3573 eos
2066 3514 2250 3588 procul
2281 3527 2312 3566 a
2344 3510 2566 3574 Judaeis,
2609 3518 2741 3563 tunc
2770 3507 3069 3570 interrogat
3093 3502 3159 3556 de
3190 3515 3269 3563 se,
3299 3506 3358 3553 ut
3390 3495 3516 3552 nul-

1937 3607 2046 3662 lum
2101 3605 2390 3667 timentes,
2434 3599 2719 3654 veritatem
2780 3594 3111 3649 faterentur.
3170 3588 3521 3660 Respondent

1937 3701 2140 3771 igitur:
2173 3696 2269 3751 Alii
2297 3695 2510 3764 quidem
2543 3690 2804 3747 Joannem
2836 3687 3126 3757 Baptistam
3152 3692 3204 3738 te
3234 3681 3518 3751 suspican-

1936 3802 2050 3856 tur,
2085 3789 2176 3845 alii
2208 3802 2337 3843 vero
2382 3783 2574 3839 Eliam.
2612 3780 2765 3835 Multi
2807 3781 2949 3835 enim
2979 3776 3241 3832 Joannem
3274 3786 3520 3829 resurre-

1935 3882 2082 3938 xisse
2111 3880 2425 3939 credebant.
2470 3875 2605 3929 sicut
2636 3872 2813 3925 etiam
2863 3870 3103 3924 Herodes
3125 3868 3380 3936 opinatus
3406 3870 3514 3926 est,

1937 3977 2078 4047 quod
2110 3983 2332 4043 propter
2380 3968 2835 4023 resurrectionem
2892 3962 3214 4017 accessisset
3243 3959 3294 4014 ei
3338 3957 3517 4012 virtus

1938 4067 2025 4123 illa
2076 4080 2182 4136 qua
2241 4059 2499 4118 miracula
2566 4058 2799 4112 fat-iebat
2835 4070 2852 4121 ;
2887 4053 3128 4109 Joannes
3186 4050 3331 4105 enim
3389 4062 3513 4101 cum

1937 4157 2166 4223 viveret,
2206 4169 2310 4210 non
2338 4151 2577 4207 faciebat
2628 4145 2909 4200 miracula.
2947 4142 3048 4200 Ubi
3084 4142 3251 4213 igitur
3279 4141 3519 4195 interro-

1937 4250 2084 4323 gavit
2112 4263 2209 4305 eos
2239 4247 2306 4303 de
2347 4245 2579 4300 aliorum
2630 4238 3003 4310 opinionibus,
3063 4242 3215 4300 rogat
3260 4248 3325 4287 ex
3354 4231 3436 4287 eis
3461 4239 3519 4284 et

1928 4355 2090 4397 suam
2116 4339 2355 4407 ipsorum
2387 4333 2735 4397 sententiam,
2762 4330 2917 4401 quasi
2942 4328 3183 4385 diceret:
3212 4326 3297 4381 llli
3326 4340 3517 4381 erran-

1940 4442 2022 4487 tes
2058 4431 2138 4486 sic
2163 4430 2233 4485 de
2281 4440 2367 4483 me
2415 4426 2678 4491 sentiunt,
2723 4439 2821 4478 vos
2865 4430 3047 4476 autem
3084 4418 3229 4474 aliud
3257 4417 3515 4488 quiddam

251 4514 468 4567 εἴπατε.
504 4511 570 4565 Τί
608 4509 701 4564 οὒν
733 4512 761 4563 ό
782 4510 1020 4580 Πέτρος;
1048 4507 1336 4579 Ὁμολογεῖ
1370 4507 1532 4561 αὐτὸν
1567 4504 1708 4561 εἶναι
1741 4507 1832 4560 τὸν

1939 4524 2123 4579 dicite.
2149 4519 2288 4588 Quid
2353 4518 2517 4588 igitur
2571 4515 2810 4570 Petrus?
2865 4499 3173 4568 Contitetur
3223 4524 3347 4564 eum
3392 4522 3517 4563 esse

253 4606 360 4659 ὑπὸ
390 4604 501 4657 τῶν
531 4602 826 4675 προφητῶν
856 4600 1367 4671 καταγγελλόμενον
1396 4597 1652 4670 Χριστόν.
1681 4596 1746 4650 Τί
1782 4597 1840 4650 δέ

252 4698 391 4768 πρὸς
420 4695 518 4765 τὴν
545 4693 838 4764 ὁμολογίαν
867 4693 960 4747 τοῦ
996 4694 1207 4765 Πέτρου
1241 4688 1396 4745 εἶπεν
1421 4693 1449 4744 6
1478 4690 1715 4759 Κύριος.
1745 4690 1840 4743 καὶ

253 4787 373 4851 πῶς
412 4787 748 4856 ἐμακάρισεν
782 4784 965 4847 αὐτὸν,
1005 4786 1033 4838 6
1081 4784 1181 4855 μὲν
1221 4784 1449 4853 Μάρκος
1488 4780 1837 4852 παρέλειψεν,

254 4881 342 4933 ἵνα
382 4878 460 4949 μὴ
495 4879 624 4949 δόξῃ
659 4879 1022 4950 χαριζόμενος
1046 4877 1125 4948 τῷ
1162 4878 1374 4947 Πέτρῳ,
1407 4875 1713 4945 διδασκάλῳ
1745 4876 1843 4927 αὐ-

254 4970 347 5025 τοῦ
390 4969 531 5035 ὄντι,
570 4969 742 5022 ταῦτα
783 4968 965 5037 λέγειν
1001 4984 1015 4998 ·
1051 4969 1079 5020 6
1118 4968 1174 5021 δὲ
1219 4967 1498 5031 Ματθαῖος
1542 4966 1843 5039 ἀπαραλεί-

257 5079 406 5126 πτως
441 5060 631 5132 εἴρηκε
669 5060 870 5114 πάντα.
902 5059 1235 5129 Ἐπετίμησε
1274 5058 1330 5112 δὲ
1368 5057 1582 5124 αὐτοῖς,
1612 5058 1699 5111 ῖνα
1734 5073 1842 5128 μη-

256 5152 370 5207 δενὶ
391 5151 595 5225 λέγωσι
621 5149 748 5221 περὶ
773 5147 962 5215 αὐτοῦ.
992 5148 1283 5202 Ἦϐούλετο
1308 5150 1420 5219 γὰρ
1451 5148 1841 5214 συσκιάζεσθαι

257 5244 356 5317 τὴν
382 5244 514 5314 περὶ
538 5239 702 5295 αὐτοῦ
727 5239 908 5308 δόξαν,
935 5240 1024 5295 ῖνα
1056 5241 1131 5313 μὴ
1162 5241 1348 5294 πολλοὶ
1377 5239 1842 5305 σκανδαλίζωνται

258 5338 347 5391 ἐπ’
368 5333 517 5405 αὐτῷ
533 5374 547 5400 ,
576 5334 673 5387 καὶ
698 5332 787 5386 διά
807 5331 966 5386 τοῦτο
993 5332 1369 5401 ἀπιστοῦντες,
1398 5332 1643 5404 μείζονος
1666 5352 1841 5405 τιμω-

260 5430 384 5503 ρίας
418 5424 711 5480 ὑπεύθυνοι
742 5424 1031 5495 γένωνται.

332 5541 353 5574 ι
397 5519 507 5574 Καὶ
541 5517 746 5591 ἤρξατο
781 5517 1058 5573 διδάσκειν
1096 5518 1318 5587 αὐτοὺς,
1357 5521 1440 5574 ὅτι
1474 5521 1557 5574 δεῖ
1587 5520 1679 5574 τδν
1716 5520 1844 5573 Υἱδν

258 5611 356 5666 τοῦ
402 5607 692 5681 ἀνθρώπου
743 5606 916 5662 πολλά
959 5608 1156 5664 παθεῖν
1203 5611 1297 5666 καὶ
1341 5609 1843 5681 ἀποδοκιμασθῆναι

261 5707 372 5760 ἀπὸ
400 5704 509 5758 τῶν
534 5701 947 5774 πρεσϐυτέρων,
978 5703 1075 5758 καὶ
1100 5703 1427 5776 ἀρχιερέων,
1458 5703 1556 5758 καὶ
1586 5704 1844 5773 Γραμμα-

263 5799 433 5865 τὲων,
480 5794 574 5850 καὶ
619 5792 1058 5865 ἀποκτανθῆναι,
1100 5798 1198 5851 καὶ
1250 5797 1391 5867 μετά
1435 5798 1584 5867 τρεῖς
1632 5796 1845 5867 ἡμέρας

1941 4617 2218 4674 Christum
2249 4615 2397 4671 illum
2427 4613 2517 4682 qui
2550 4625 2584 4665 a
2618 4607 2894 4680 prophetis
2922 4605 3212 4675 praedictus
3239 4609 3342 4657 est.
3372 4598 3516 4666 Quid

1942 4721 2121 4766 autem
2158 4709 2224 4763 ad
2251 4706 2647 4762 confessionem
2693 4700 2837 4756 Petri
2884 4698 3088 4753 dixerit
3138 4694 3418 4762 Dominus,
3463 4703 3519 4746 et

1941 4800 2213 4872 quomodo
2241 4794 2566 4853 beatificarit
2592 4794 2767 4858 illum,
2794 4791 3009 4846 Marcus
3041 4788 3259 4860 quidem
3291 4794 3516 4854 praeter-

1941 4892 2110 4956 misit,
2152 4903 2222 4944 ne
2252 4888 2531 4943 videretur
2580 4882 2648 4938 ad
2703 4882 2935 4953 gratiam
2980 4878 3123 4934 Petri
3170 4875 3518 4945 praeceptoris

1941 4985 2024 5041 sui
2068 4985 2181 5038 haec
2219 4981 2427 5037 dixisse
2457 4996 2472 5032 :
2512 4975 2800 5031 Hatthmus
2828 4982 3011 5026 autem
3036 4985 3146 5026 non
3172 4968 3378 5024 omisit.
3425 4966 3518 5022 Iu-

1945 5072 2373 5130 termiuatus'est
2399 5076 2578 5123 autem
2611 5065 2718 5120 illis
2766 5074 2828 5118 ut
2874 5061 3012 5117 nulli
3062 5061 3130 5116 de
3194 5073 3254 5113 se
3310 5058 3515 5113 dicant.

1928 5165 2169 5224 'Volebat
2199 5163 2343 5219 enim
2371 5157 2681 5216 adumbrari
2717 5154 2946 5227 gloriam
2978 5167 3154 5217 suam,
3203 5165 3275 5205 ne
3317 5158 3506 5220 postea

1943 5257 2097 5312 multi
2127 5255 2179 5311 in
2211 5268 2273 5311 se
2297 5251 2821 5313 scandalizarentur,
2847 5257 2902 5301 et
2929 5254 3212 5316 propterea
3240 5243 3312 5298 ob
3337 5242 3519 5299 incre-

1945 5346 2223 5403 dulitatem
2249 5356 2402 5400 suam
2431 5339 2624 5412 majori
2653 5334 2919 5408 supplicio
2949 5335 3144 5391 tierent
3172 5332 3425 5390 obnoxii.

2015 5519 2184 5575 Vens.
2216 5517 2410 5573 '51-'53.
2457 5533 2476 5568 ι
2516 5513 2582 5568 Ει
2611 5513 2779 5582 erepit
2817 5524 3012 5567 nocere
3042 5524 3159 5577 eos,
3184 5508 3329 5579 quod
3351 5522 3515 5579 opor-

1948 5616 2085 5662 teret
2126 5606 2323 5662 Filium
2358 5602 2596 5660 hominis
2634 5601 2804 5657 multa
2855 5598 3006 5670 pati,
3052 5605 3106 5654 et
3154 5596 3428 5664 reprobari
3482 5610 3514 5650 a

1946 5698 2248 5755 senioribus
2291 5696 2629 5767 summisque
2679 5691 3053 5750 sacerdotibus
3087 5703 3152 5744 ac
3196 5686 3426 5752 Scribis,
3459 5695 3515 5740 ct

1946 5792 2141 5861 occidi,
2183 5802 2238 5849 et
2282 5800 2402 5864 post
2432 5800 2543 5848 tres
2570 5789 2685 5848 dies
2720 5796 3007 5854 resurgere
3028 5798 3041 5813 ·
3092 5788 3145 5836 et
3186 5786 3367 5848 aperte
3398 5791 3513 5835 ser-
