3866 6448
207 362 295 431 581

853 361 1301 426 ENARRATIO
1341 364 1424 425 ΙΝ
1457 362 1966 427 EVANGELIUM
2006 361 2269 424 MARCI.
2297 385 2363 399 ’ν
2400 354 2562 427 CAP.
2589 362 2758 426 VIII.

3317 358 3426 429 582

206 473 476 544 καταϐῆναι
505 471 612 530 ἀπὸ
640 471 734 527 τοῦ
769 472 925 547 ὅρους
955 474 1250 545 (ἐδεδοίκει
1285 475 1393 547 γάρ
1414 477 1474 530 τὸ
1498 492 1748 548 σταυρω-

1859 476 2077 533 diceret.
2118 478 2187 531 At
2234 475 2428 531 Petrus
2481 475 2705 531 timebat
2762 474 3093 531 descendere
3153 489 3180 528 a
3218 486 3421 531 monte.

207 571 344 639 θῆναι
379 568 466 619 τὸν
512 563 747 638 Κύριον)
799 567 966 636 φησί⁹
1019 567 1200 622 Καλόν
1258 571 1405 621 ἐστιν
1448 557 1742 639 ἡμᾶς’ὧδε

208 660 351 725 εἶναι,
381 661 471 715 καὶ
500 660 573 731 μὴ
606 660 723 713 ἐκεῖ
752 659 1033 715 κατελθεῖν
1068 662 1148 723 εἰς
1186 662 1248 713 τὸ
1278 659 1443 732 μέσον
1462 660 1572 712 τῶν
1614 659 1744 713 ’1ου-

203 751 366 807 δαίων.
397 752 456 804 Εἰ
483 751 589 821 γὰρ
625 750 715 805 καὶ
742 749 978 805 ἐνταῦθα
1006 751 1211 805 ἔλθοιεν
1243 754 1292 805 οἰ
1320 752 1461 806 κατά
1493 751 1586 807 σοῦ
1621 750 1746 805 λυτ-

204 844 402 909 τῶντες,
432 842 624 912 ἔχομεν
656 842 860 913 Μωσῆν
898 842 989 895 τὸν
1012 844 1138 905 τοὺς
1166 842 1501 912 Αἰγυπτίους
1523 861 1744 914 προπω·

204 934 431 1003 σάμενον⁸
467 930 658 1001 ἔχομεν
700 932 886 988 Ἠλίαν
922 932 1015 987 τὸν
1055 932 1167 1003 πῦρ
1222 935 1623 1002 κατενεγκόντα
1663 935 1731 988 ἐκ

200 1024 281 1079 τοῦ
326 1023 573 1093 οὐρανοῦ,
626 1023 885 1087 καὶτοὺς
941 1025 1446 1095 πεντηκοντάρχους
1501 1024 1747 1095 διαφθεί-

202 1134 369 1189 ραντα.
402 1117 467 1169 Τί
493 1116 550 1170 δὲ
584 1115 908 1170 συνελάλουν
930 1114 1081 1186 αὐτῷ
1107 1116 1157 1169 οἰ
1180 1117 1488 1188 προφῆται;
1517 1117 1586 1171 τὰ
1616 1117 1747 1190 περὶ

199 1210 277 1263 τοῦ
321 1207 548 1280 σταυροῦ
602 1208 700 1262 καὶ
744 1207 839 1262 τοῦ
874 1207 1107 1263 θανάτου
1157 1209 1344 1264 αὐτοῦ.
1388 1209 1582 1278 Ἔλεγε
1616 1210 1673 1263 δὲ
1709 1208 1748 1264 ἃ.

198 1297 363 1366 ἔλεγεν
403 1298 432 1351 ό
467 1295 694 1369 Πέτρος,
744 1298 818 1368 μὴ
847 1295 1006 1360 εἰδὼς
1046 1294 1100 1349 τί
1130 1296 1281 1350 λαλεῖ
1329 1311 1343 1324 ·
1377 1295 1606 1366 ἔκφοϐοι
1636 1294 1746 1367 γὰρ

197 1390 423 1458 ἐγένοντο
456 1388 563 1442 ἀπὸ
587 1388 682 1442 τοῦ
724 1390 966 1461 ἀρρήτου
996 1387 1174 1457 φωτὸς
1203 1388 1300 1442 καὶ
1331 1387 1432 1458 τῆς
1458 1387 1633 1457 δόξης.
1669 1389 1744 1442 Οὐ

198 1483 292 1555 γὰρ
312 1480 375 1555 ἦν
403 1478 570 1546 ὄντως
613 1481 672 1535 ὲν
698 1480 776 1551 τῷ
814 1479 929 1549 ἰδίῳ
965 1478 1068 1547 νοῒ,
1105 1480 1179 1552 μὴ
1226 1480 1399 1535 θέλων
1439 1481 1747 1552 καταϐῆναι

197 1576 276 1631 τὸν
341 1574 543 1645 Ἰησοῦν
602 1573 683 1637 εἰς
737 1571 799 1624 τὸ
852 1571 1234 1643 σταυρωθῆναι
1277 1572 1415 1642 πρὸς
1472 1572 1747 1643 σωτηρίαν

195 1667 358 1741 ἡμῶν,
386 1664 521 1720 ἀλλὰ
550 1662 735 1736 μένειν
761 1663 848 1716 ἀεὶ
875 1663 932 1716 ἐν
962 1660 1042 1731 τῷ
1071 1661 1210 1730 ὄρει.
1256 1663 1541 1717 Ἀνακτέον
1567 1663 1622 1717 δὲ
1653 1663 1747 1719 καὶ

194 1765 266 1826 εἰς
289 1758 512 1830 θεωρίαν
541 1756 634 1811 τὸν
657 1756 837 1825 λόγον.
872 1756 1029 1809 Μετὰ
1055 1749 1152 1825 τὴν
1175 1755 1486 1810 συντέλειαν
1516 1755 1614 1809 τοῦ
1658 1754 1750 1809 κό-

200 1872 322 1927 σμου
359 1854 572 1919 τούτου,
611 1852 708 1905 τοῦ
751 1851 809 1905 ἐν
853 1851 915 1916 ἒξ
943 1852 1178 1921 ἡμέραις
1218 1849 1744 1921 δημιουργηθέντος,

196 1943 495 2001 ἀναδιδάσει
524 1941 622 1996 καὶ
651 1941 800 2013 ἡμᾶς
829 1943 857 1994 ὁ
898 1941 1131 2012 Ἰησοῦς,
1165 1941 1282 2009 εἴγε
1314 1939 1555 2009 μαθηταὶ
1581 1936 1747 1992 αὑτοῦ

196 2041 366 2110 ἐσμεν,
399 2037 478 2100 εἰς
503 2035 566 2089 τὸ
595 2035 723 2106 ὅρος
761 2033 823 2088 τὸ
850 2033 1072 2106 ὑψηλὸν,
1097 2033 1188 2086 τὸν
1210 2032 1438 2105 οὐρανὸν
1466 2031 1630 2102 λέγω,
1656 2034 1750 2085 καὶ

198 2126 458 2199 ἑμφανίσει
493 2127 630 2196 ἡμῖν
676 2123 868 2178 ἑαυτὸν
913 2122 1315 2194 λαμπρότερον.
1350 2121 1465 2176 Νῦν
1509 2122 1611 2191 μὲν
1640 2122 1749 2191 γὰρ

200 2222 250 2274 ἐν
292 2217 469 2287 ἀδοξίᾳ
513 2216 715 2287 ἐφάνη,
767 2215 842 2278 ὡς
890 2215 1305 2286 ἐσταυρωμένος
1357 2215 1452 2268 καὶ
1501 2215 1750 2275 τέκτονος

201 2312 317 2376 υἰός·
337 2311 455 2364 τότε
475 2309 531 2363 δὲ
553 2306 803 2381 ὀψόμεθα
822 2306 918 2379 τὴν
935 2308 1011 2371 ὡς
1032 2306 1370 2376 Μονογενοῦς
1388 2307 1551 2360 αὐτοῦ
1569 2306 1746 2372 δόξαν.

208 2402 459 2473 Ὀψόμεθα
488 2402 546 2456 δὲ
570 2401 669 2455 καὶ
696 2400 788 2454 τὸν
820 2400 981 2471 νόμον
1005 2399 1099 2454 καὶ¹
1128 2400 1256 2462 τοὺς
1290 2399 1576 2470 προφήτας
1602 2396 1750 2467 αὐτῷ

203 2494 603 2558 συλλαλοῦντας,
661 2491 1038 2557 τουτέστι,τά
1086 2492 1216 2560 περὶ
1266 2488 1432 2544 αὐτοῦ
1488 2490 1750 2561 εἰρημένα

202 2589 334 2659 παρά
353 2601 412 2641 τε
436 2586 723 2649 Μωῦσέως
747 2585 840 2638 καὶ
865 2582 976 2637 τῶν
1002 2581 1320 2654 προφητῶν,
1345 2581 1467 2641 τότε
1487 2581 1752 2652 νοήσομεν

202 2682 285 2735 καὶ
321 2680 627 2750 εὑρήσομεν
678 2675 946 2747 σύμφωνα
992 2677 1106 2738 τοῖς
1153 2675 1464 2745 πράγμασι,
1513 2674 1609 2728 καὶ
1630 2672 1750 2725 τότε

198 2769 482 2841 ἀκούσομεν
536 2768 712 2831 ὅντως
755 2769 855 2837 τῆς
908 2766 1189 2838 Πατρικῆς
1231 2767 1438 2836 φωνῆς,
1487 2763 1755 2820 ἀποκαλύ·

203 2883 403 2930 πτοντος
425 2868 556 2937 ἡμῖν
583 2864 683 2919 τοῦ
710 2864 924 2935 Πατρδς
956 2864 1048 2918 τὸν
1087 2863 1237 2927 Υἰδν,
1266 2863 1362 2916 καὶ
1390 2861 1750 2927 διδάσκοντος,

202 2961 272 3014 ὅτι
305 2978 323 3012 ι
343 2954 503 3021 Οὗτός
531 2959 684 3011 ἔστιν
709 2957 740 3009 ὁ
769 2955 898 3020 Υἰός
926 2956 1097 3025 μου.’›
1130 2954 1256 3018 Πῶς
1276 2953 1333 3008 δὲ
1355 2953 1553 3020 διδάξει
1575 2954 1751 3024 ἡμᾶς;

204 3051 297 3122 Τῆς
310 3049 529 3120 νεφέλης
549 3044 1000 3117 ὲπισκιαζούσης,
1017 3045 1288 3111 τουτέστι,
1314 3043 1406 3098 τοῦ
1434 3041 1752 3114 Πνεύματος

206 3142 282 3197 τοῦ
308 3140 479 3212 ἁγίου·
505 3142 691 3195 ἐκεῖνο
716 3140 824 3211 γάρ
856 3141 1061 3211 ἐστινὴ
1092 3137 1244 3209 πηγὴ
1270 3138 1368 3208 τῆς
1400 3137 1608 3208 σοφίας.

266 3252 285 3286 t
319 3232 772 3289 Καταὸαινόντων
790 3231 847 3286 δὲ
870 3230 1055 3287 αὐτῶν
1083 3230 1191 3284 ἀπὸ
1214 3228 1308 3283 τοῦ
1333 3228 1516 3300 ὅρους,
1539 3228 1758 3282 διεστεί-

204 3324 315 3378 λατο
342 3323 517 3387 αὐτοῖς
557 3323 661 3387 ἵνα⁸
687 3322 878 3394 μηδενὶ
915 3322 1287 3392 διηγήσωνται
1320 3319 1357 3374 δι
1403 3315 1565 3385 εἶδον,
1602 3322 1649 3372 εί
1681 3319 1758 3389 μὴ

204 3418 318 3472 ὅταν
363 3419 391 3472 ό
423 3416 551 3481 Υίδς
581 3414 681 3469 τοῦ
725 3414 1012 3487 ἀνθρώπου
1042 3415 1108 3467 ὲκ
1152 3412 1360 3486 νεκρῶν
1389 3413 1615 3483 ἀναστῇ.
1648 3411 1759 3465 Καὶ

205 3508 282 3562 τὸν
317 3509 468 3578 λόγον
510 3507 831 3580 ἐκράτησαν
863 3507 999 3577 πρὸς
1027 3504 1277 3571 ἑαυτοὺς,
1314 3502 1675 3573 σύζητοῦντες
1705 3501 1758 3555 τί

200 3602 305 3654 ἐστι
326 3600 382 3654 τδ
408 3602 471 3655 ὲκ
503 3597 720 3670 νεκρῶν
750 3597 1072 3667 ἀναστῆναι.
1112 3613 1132 3647 ι
1172 3595 1327 3658 Τίνος
1372 3595 1559 3647 ἒνεκεν
1584 3595 1612 3646 ὁ
1650 3592 1762 3647 Κύ-

207 3710 307 3763 ριος
333 3691 709 3765 παραγγέλλει
734 3692 848 3751 τοῖς
883 3688 1176 3760 μαθηταῖς,
1210 3687 1401 3758 μηδενὶ
1432 3688 1605 3740 εἰπεῖν
1632 3686 1760 3756 περὶ

201 3791 287 3860 τῆς
313 3787 821 3861 μεταμορφώσεως;
851 3787 971 3840 ἰνα
999 3783 1074 3855 μὴ
1102 3781 1568 3837 σκανδαλισθῶσιν
1590 3782 1638 3834 οἰ
1661 3780 1757 3834 ἄν·

205 3878 415 3950 θρωποι,
460 3877 697 3935 τοιαῦτα
749 3877 848 3948 μὲν
896 3875 1187 3938 ἀκούοντες
1231 3873 1362 3947 περὶ
1397 3872 1491 3926 τοῦ
1522 3871 1758 3945 Χριστοῦ

204 3969 391 4039 ἔνδοξα,
431 3967 529 4027 εἷθ’
566 3970 800 4041 ὕστερον
847 3968 1083 4038 δρῶντες
1125 3966 1289 4021 αὐτὸν
1333 3963 1757 4035 σταυρούμενον.

206 4062 337 4117 Μεθὸ
361 4062 545 4133 μέντοι
575 4064 644 4116 ἐκ
675 4058 883 4132 νεκρῶν
912 4060 1137 4129 ἀνέστη,
1180 4057 1437 4129 εὐκαιρον
1461 4053 1530 4129 ἦν
1553 4056 1615 4110 τὺ
1634 4059 1761 4128 περὶ

202 4153 285 4206 τοῦ
313 4152 548 4226 Χριστοῦ
586 4151 816 4207 τοιαῦτα
841 4150 1019 4220 λέγειν
1047 4148 1233 4215 ἔνδοξα
1259 4149 1366 4221 πρὸ
1394 4148 1489 4203 τοῦ
1523 4148 1759 4220 σταυροῦ

204 4247 471 4317 γενόμενα.
512 4244 865 4315 Ἐκράτησαν
908 4242 1002 4297 οῦν
1047 4243 1098 4295 οἰ
1143 4241 1432 4297 ἀπόστολοι
1464 4241 1556 4296 τὸν
1603 4242 1761 4311 λόγον

205 4337 328 4408 πρὸς
352 4339 581 4401 ἑαυτοὺς
608 4335 743 4409 (67),
770 4333 1127 4405 συζητοῦντες
1154 4335 1211 4386 τί
1227 4335 1343 4388 ἐστι
1370 4334 1431 4387 τὸ
1458 4336 1521 4388 ὲκ
1552 4338 1760 4407 νεκρῶν

208 4429 508 4500 ἀναστῆναι.
551 4427 782 4483 Οὐδέπω
813 4427 923 4498 γὰρ
954 4426 1192 4499 ᾔδεισαν,
1225 4430 1411 4499 φησὶν,
1445 4430 1528 4483 ὅτι
1552 4431 1633 4484 δεῖ
1659 4432 1762 4485 αὑ-

206 4519 283 4573 τὸν
302 4521 362 4574 ὲκ
384 4522 598 4592 νεκρῶν
627 4519 947 4589 ἀναστῆναι.

274 4629 292 4662 t
328 4613 434 4666 Καὶ
461 4610 769 4683 ἐπηρώτων
784 4610 967 4675 αὑτὸν,
993 4610 1264 4680 λέγοντες,
1291 4611 1401 4679 ὅτι,
1423 4613 1689 4682 Λέγουσιν.
1712 4619 1762 4671 οἰ

208 4699 243 4753 Γ
248 4707 566 4777 ραμματεῖς,
612 4705 695 4758 ὅτι
749 4704 934 4758 Ἠλίαν
966 4703 1048 4758 δεῖ
1086 4704 1259 4758 ἐλθεῖν
1312 4706 1559 4776 πρῶτον;
1613 4711 1673 4763 '0
1704 4710 1760 4765 δὲ

268 4845 312 4880 ⁸·
337 4846 470 4903 Gen.
507 4862 549 4913 ι,
591 4844 681 4900 51.

1846 571 2073 627 timebat
2101 571 2246 626 enim
2276 584 2343 626 ne
2374 569 2785 639 cruciﬁgeretur
2812 568 3071 623 Dominus
3105 586 3120 623 :
3162 577 3215 623 et
3243 567 3372 624 dicit
3405 587 3418 620 :

1845 662 2053 719 Bonum
2089 670 2174 717 est
2199 676 2297 715 nos
2335 660 2424 715 hic
2452 675 2594 723 esse,
2638 671 2692 714 et
2718 675 2822 715 non
2854 660 2983 715 illuc
3008 661 3338 717 descendere
3367 662 3421 716 in

1847 751 2084 808 medium
2109 750 2436 806 Judaeorum.
2472 749 2602 803 Nam
2634 749 2678 805 si
2712 751 2816 804 huc
2845 750 3089 805 venirent
3111 752 3199 818 qui
3228 751 3425 802 adver-

1845 858 1969 900 sum
2000 852 2054 900 te
2086 846 2337 908 saeviunt,
2363 844 2686 899 haberemus
2712 843 2917 909 Mosen,
2945 844 3035 913 qui
3065 844 3130 898 de
3159 843 3426 914 Egyptiis

1849 937 2247 1007 triumphavit:
2294 936 2618 990 haberemus
2667 933 2795 988 item
2863 933 3055 999 Etiam,
3092 935 3181 1003 qui
3246 947 3425 1002 Ignem

1848 1029 1917 1085 de
1970 1028 2110 1084 cmlo
2158 1027 2405 1093 deduxit,
2450 1025 2947 1097 quinquagenarios
2990 1035 3421 1079 oonsumentem.

1847 1121 1985 1189 Quid
2035 1130 2213 1175 autem
2260 1118 2706 1189 colloquebantur
2730 1132 2855 1171 cum
2905 1131 2971 1171 eo
3000 1115 3314 1186 prophetae?
3351 1113 3427 1168 De

1846 1225 2010 1268 cruce
2043 1219 2099 1266 et
2135 1211 2202 1265 de
2236 1219 2412 1264 morte
2442 1208 2579 1278 ejus.
2610 1207 2786 1263 Porro
2816 1208 2884 1263 de
2913 1206 3078 1262 Petro
3122 1207 3255 1261 dicit
3283 1207 3426 1275 quod

1846 1303 2107 1360 nescierit
2135 1302 2263 1373 quid
2293 1302 2630 1374 loqueretur.
2660 1300 2860 1356 Territi
2883 1301 3028 1355 enim
3057 1300 3184 1355 facti
3207 1309 3335 1355 sunt
3356 1301 3426 1356 ob

1849 1395 2175 1453 ineffabilem
2206 1396 2381 1451 lucem
2410 1404 2465 1451 et
2490 1394 2735 1465 gloriam.
2770 1392 2884 1450 Non
2918 1394 3062 1448 enim
3096 1408 3224 1448 vere
3257 1393 3426 1447 animi

1848 1489 1929 1545 sui
1960 1502 2183 1557 compos
2229 1497 2369 1554 erat,
2397 1486 2588 1541 nolens
2615 1487 2942 1541 descendere
2983 1485 3167 1540 Jesum
3200 1491 3258 1539 ut
3302 1497 3428 1538 cru-

1849 1582 2162 1653 cifigeretur
2184 1594 2283 1650 pro
2316 1579 2488 1633 salute
2526 1589 2735 1645 nostra,
2766 1578 2859 1632 sed
2893 1577 2945 1630 in
2983 1586 3168 1631 monte
3210 1590 3428 1644 semper

1852 1686 2086 1728 manere.
2128 1669 2286 1727 Nunc
2312 1671 2474 1726 etiam
2515 1684 2818 1725 sermonem
2843 1669 2908 1722 ad
2943 1668 3265 1737 anagogiam
3294 1665 3425 1720 sub-

1854 1764 2136 1817 ducamus.
2194 1758 2325 1817 Post
2369 1760 2892 1816 consummationem
2942 1758 3147 1823 mundi,
3194 1758 3284 1827 qui
3329 1770 3425 1810 sex

1851 1854 2042 1909 diebus
2086 1862 2174 1909 est
2204 1853 2454 1908 conditus
2473 1852 2542 1917 ⁸⁸,
2571 1860 2627 1906 et
2660 1865 2761 1906 nos
2803 1851 3095 1905 ascendere
3125 1848 3286 1903 faciet
3315 1847 3426 1902 Do-

1849 1947 2050 2012 minus,
2098 1946 2142 2001 si
2187 1945 2405 2016 quidem
2429 1944 2677 2015 discipuli
2712 1942 2829 2014 ejus
2858 1942 3141 2006 fuerimus,
3179 1940 3233 1996 in
3269 1953 3426 1995 mon-

1852 2048 1957 2094 tem
1989 2036 2289 2100 excelsum,
2341 2036 2537 2092 emtum
2568 2036 2711 2103 dico,
2758 2042 2813 2090 et
2837 2034 3086 2090 ostendet
3134 2032 3290 2087 nobis
3343 2046 3431 2087 se-

1851 2132 2139 2201 metipsum
2171 2130 2337 2201 216
2367 2128 2727 2200 fulgidiorem.
2759 2125 2912 2182 Nunc
2940 2127 3156 2197 quidem
3189 2125 3343 2195 quasi
3372 2124 3426 2179 in

1857 2223 2197 2293 ignobilitate
2253 2223 2525 2293 apparuit,
2558 2216 2893 2284 ‘crucifixus,
2945 2228 3000 2274 et
3050 2217 3185 2272 fabri
3246 2216 3426 2271 filius:

1854 2325 1979 2370 tune
2007 2324 2186 2370 autem
2208 2314 2511 2369 videbimus
2536 2312 2680 2368 velut
2702 2309 2975 2382 Uuigeniti
3003 2309 3143 2364 illius
3165 2308 3388 2379 gloriam
3412 2326 3428 2374 ;

1853 2405 2159 2460 videbimus
2200 2404 2368 2459 etiam
2412 2404 2581 2475 legem
2609 2412 2663 2457 et
2689 2403 2980 2472 prepbetas
3010 2415 3135 2455 cum
3164 2401 3280 2470 ipso
3319 2399 3432 2454 eol-

1854 2499 2158 2567 loquentes,
2192 2495 2247 2551 id
2277 2504 2381 2562 est,
2415 2508 2480 2550 ea
2506 2510 2627 2565 quae
2653 2494 2720 2549 de
2755 2495 2870 2564 ipso
2896 2493 3037 2548 dicta
3074 2500 3201 2549 sunt
3251 2502 3357 2547 tam
3399 2507 3430 2544 a

1853 2588 2022 2654 Mose,
2051 2602 2210 2656 quam
2255 2602 2284 2641 a
2310 2584 2523 2642 caneris
2560 2583 2859 2655 prophetis,
2888 2591 2943 2637 et
2976 2581 3432 2652 tunc‘comperie-

1854 2694 1977 2734 mus
2009 2693 2073 2733 ac
2108 2676 2416 2732 videbimus
2442 2677 2585 2744 quod
2631 2689 2753 2729 cum
2805 2672 2920 2727 suis
2947 2670 3203 2741 operibus
3236 2683 3432 2725 conso-

1854 2778 1985 2826 nent
2019 2787 2033 2825 :
2065 2784 2130 2825 ac
2163 2778 2289 2824 tunc
2323 2767 2606 2841 audiemus
2641 2780 2698 2819 re
2732 2779 2861 2819 vera
2891 2763 3176 2819 Paternam
3222 2774 3432 2827 vocem,

1853 2876 1974 2932 quae
2000 2859 2200 2916 revelat
2226 2859 2382 2914 nobis
2410 2858 2588 2914 Patris
2614 2857 2813 2912 Filium
2858 2866 2913 2912 et
2934 2857 3091 2912 docet
3121 2872 3133 2910 :
3171 2872 3191 2906 t
3227 2852 3327 2908 llic
3351 2862 3435 2908 est

1853 2952 2026 3008 Filius
2057 2965 2229 3008 meus.
2268 2969 2288 3004 ι
2321 2950 2603 3017 Quomodo
2645 2948 2866 3004 docebit
2892 2947 3026 3003 nos?
3065 2945 3217 3002 Nube
3243 2946 3435 3002 obum-

1856 3046 2087 3110 brante,
2145 3042 2199 3099 id
2251 3050 2355 3110 est,
2418 3041 2624 3114 Spiritu
2677 3051 2890 3110 sancto,
2941 3041 3034 3112 qui
3060 3040 3303 3099 estons
3341 3056 3433 3098 sa-

1782 3164 1827 3225 c
1859 3134 2080 3206 pientise

1932 3240 2101 3297 Vens.
2129 3240 2184 3306 8,
2210 3238 2266 3295 9.
2305 3255 2323 3291 ι
2361 3237 2530 3294 Porro
2563 3252 2687 3293 cum
2730 3237 3080 3294 descenderet
3124 3236 3190 3293 de
3224 3247 3430 3302 monte,

1860 3334 2117 3405 praecepit
2143 3333 2246 3389 illis
2271 3348 2341 3389 ne
2365 3332 2451 3388 cui
2480 3331 2724 3388 dicerent
2745 3346 2808 3387 ea
2828 3346 2948 3401 quae
2964 3330 3238 3396 viderant,
3263 3331 3438 3387 donec

1861 3426 2032 3484 Filius
2065 3425 2300 3483 hominis
2329 3440 2359 3480 a
2391 3425 2623 3482 mortuis
2664 3424 3079 3481 resurrexisset.
3105 3422 3182 3481 Ac
3211 3426 3437 3481 verbum

1863 3522 1966 3576 hoc
1991 3527 2283 3576 tenuerunt
2305 3519 2442 3589 apud
2468 3531 2608 3585 sese,
2640 3518 2783 3575 inter
2809 3531 2929 3575 sese
2958 3521 3293 3588 disputantes
3312 3518 3440 3587 quid

1861 3624 2005 3669 esset
2035 3612 2138 3670 hoc
2165 3614 2307 3683 quod
2334 3614 2547 3669 dixerat
2572 3628 2602 3669 e
2634 3612 2861 3668 mortuis
2893 3626 3229 3683 resurgere»
3265 3610 3437 3678 Quam

1861 3705 1933 3759 ob
1971 3718 2191 3759 causam
2242 3704 2519 3760 interdicit
2574 3704 2837 3761 Dominus
2882 3705 3164 3774 discipulis
3208 3718 3277 3760 ne
3311 3705 3439 3774 quid

1862 3796 2050 3850 dicant
2087 3796 2320 3865 cuipiam
2356 3797 2423 3852 de
2455 3795 2967 3869 transfigurationejl
2999 3795 3070 3851 Ut
3109 3810 3177 3851 ne
3201 3796 3438 3851 scanda-

1859 3886 2160 3941 lizarentur
2215 3887 2496 3953 homines,
2543 3887 2589 3944 si
2642 3902 2765 3944 cum
2840 3896 2947 3941 tam
3013 3888 3313 3942 honorifica
3371 3887 3440 3943 de

1861 3978 2078 4034 Christo
2106 3979 2632 4049 andissent,.postea
2680 3978 2928 4034 viderent
2960 3979 3133 4050 ipsum
3171 3978 3437 4049 crucifigi.

1863 4070 2037 4141 Igitur
2078 4080 2366 4141 postquam
2400 4086 2429 4126 a
2465 4071 2693 4128 mortuis
2745 4071 3006 4139 surrexit,
3060 4071 3438 4142 tempestivum

1863 4172 1984 4218 erat
2028 4162 2095 4218 de
2127 4162 2345 4218 Christo
2395 4163 2576 4221 dicere
2619 4163 2851 4235 gloriosa
2894 4176 3016 4234 quae
3062 4172 3189 4219 ante
3220 4176 3438 4218 crucem
3476 4168 3477 4171 ‘

1862 4264 2022 4311 erant
2042 4253 2207 4311 facta.
2240 4253 2558 4311 Terruerunt
2588 4256 2773 4326 itaque
2803 4256 3032 4326 apostoli
3062 4254 3204 4324 apud
3237 4270 3295 4310 se
3325 4270 3441 4309 ser-

1864 4361 2104 4413 monem,
2139 4348 2477 4418 disputantes
2512 4348 2656 4404 inter
2682 4358 2803 4405 sese
2833 4348 2965 4419 quid
3007 4355 3151 4404 esset
3185 4360 3252 4402 ex
3293 4361 3442 4402 mor-

1864 4441 1975 4496 tuis
2008 4453 2311 4509 resurgere.
2338 4439 2588 4496 Nundum
2620 4441 2766 4496 enim
2790 4440 3266 4511 sciebant,inquit,
3300 4441 3444 4511 quod

1867 4531 2155 4603 oportebat
2187 4531 2362 4600 ipsum
2393 4544 2425 4585 e
2452 4530 2681 4586 mortuis
2712 4543 3019 4600 resurgere.

1945 4620 2107 4677 Vens.
2145 4619 2335 4674 10-12.
2371 4637 2391 4672 t
2426 4619 2493 4674 Et
2524 4620 2931 4689 interrogabant
2956 4618 3127 4683 illum,
3161 4616 3441 4673 dicentes:

1870 4715 2009 4783 Quid
2039 4723 2123 4770 est
2143 4715 2286 4784 quod
2318 4712 2521 4769 Scriba:
2549 4712 2752 4779 dicunt,
2782 4711 2952 4767 Eliam
2982 4718 3236 4780 oportere
3259 4708 3445 4763 venire

1148 4988 1242 5048 Ex
1273 4986 1620 5051 collatione
1651 4992 1840 5053 codd.
1885 4994 2113 5053 Venet.
2154 4994 2216 5053 S.
2250 4992 2472 5054 Marci.

277 5143 383 5214 (67)
418 5141 680 5218 Cptl._26:
723 5142 1066 5218 ἶΕκράτησαν
1091 5139 1293 5218 ὀῦν-οἰ.
1325 5141 1615 5218 ἀπόστολοι
1652 5146 1753 5218 ira»

1877 5175 1948 5187 -—
1979 5165 1998 5199 ι
2038 5145 2352 5218 Tenuerunt
2389 5148 2555 5218 igitur
2588 5144 2816 5217 apostoli
2847 5145 2984 5215 apud
3013 5150 3074 5201 Se
3112 5157 3442 5218 sermonem,

209 5210 521 5285 λόγονπρὺς
548 5210 962 5285 Δἑαυτοῦςίτὸνξ
985 5211 1113 5285 περ)
1140 5210 1237 5265 τοῦ
1278 5212 1342 5264 ὲκ
1363 5213 1590 5285 ᾔνεκρῶν
1638 5217 1767 5269 ἀνα-

214 5283 391 5353 στῆναι
431 5280 624 5353 αὐτὸν,
651 5283 788 5352 πρὸς
816 5282 1035 5353 μηδένα
1064 5280 1267 5353 ἕτερον
1295 5280 1491 5336 τοῦτον
1516 5284 1760 5348 ὲξειπόνυ

211 5351 312 5424 τεςλ
343 5353 376 5424 ἧ
412 5353 519 5424 ,τὸν
566 5351 724 5422 λόγον
780 5351 870 5405 τὸν
923 5353 1054 5424 περὶ
1096 5351 1198 5420 τῆς
1259 5357 1756 5424 μεταμορφώσεως,

214 5420 565 5494 συζητοῦντες
610 5420 673 5494 τί
699 5425 832 5494 ’ἐστι
888 5420 986 5484 τὸ,
1040 5423 1103 5494 ἐκ
1147 5420 1356 5494 νεκρῶν
1378 5420 1754 5494 μ’ἀναστῆναιέ

216 5492 452 5563 οὐδέπω
508 5492 615 5563 γὰρ
644 5492 922 5563 ᾔδεισαν,
950 5493 1134 5563 φησὶν,
1174 5490 1267 5563 ὅτι
1307 5490 1405 5544 δεῖ
1447 5490 1632 5547 αὐτὸν)
1687 5494 1756 5549 ἐκ

212 5560 430 5629 νεκρῶν
468 5560 832 5630 ἀναστῆναι.
873 5560 1025 5630 Μήτε
1077 5561 1186 5629 γὰρ
1233 5561 1430 5625 ἰδόντες
1466 5564 1588 5616 τινά
1631 5564 1761 5617 ἀνα-

216 5631 484 5702 στήσαντα
519 5633 707 5686 ἑαυτὸν
753 5636 814 5685 ὲν
865 5631 1097 5702 νεκρῶν,
1133 5631 1283 5702 μηδὲ-
1319 5632 1423 5702 μὴν
1484 5633 1759 5687 ἀκούσαν-

214 5697 319 5765 τες,
339 5699 848 5775 φντολπαραδολὴν
879 5697 1021 5775 εἶναι
1067 5697 1163 5775 καὶ
1186 5697 1496 5775 ’τοῦτοίκαί
1527 5701 1761 5773 συνεζή-

215 5782 332 5821 τουν
358 5770 417 5824 ⁷τί
440 5770 606 5842 δηλοῖ,
617 5770 722 5827 ’καὶ
748 5770 1051 5844 ἐπηρώτων
1079 5770 1242 5825 αὑτὸν
1275 5771 1545 5845 λέγοντες,
1562 5791 1617 5828 κ.
1636 5791 1688 5827 τ.
1707 5770 1758 5829 λ.

1877 5233 2000 5289 eum
2036 5217 2304 5284 videlicet,
2337 5216 2435 5289 qui
2460 5216 2673 5273 habitus
2716 5220 2897 5289 fuerat
2930 5218 2995 5289 de
3044 5216 3446 5289 resurrectione

1874 5287 2044 5356 ipsius
2074 5302 2103 5340 a
2136 5286 2384 5353 mortuis,
2405 5304 2564 5359 quem
2600 5288 2798 5342 nemini
2824 5286 3075 5342 dicebant
3096 5287 3447 5359 ;Avelsermo-
3486 5303 3507 5357 ί

1872 5354 1993 5410 nem
2053 5360 2117 5409 de
2173 5354 2679 5418 translerinatione,
2707 5369 3012 5425 qttrerentes
3044 5357 3170 5424 quid
3223 5364 3371 5409 esset
3415 5369 3445 5408 α
3492 5354 3508 5415 I.

1868 5427 2100 5482 mortuis
2152 5443 2459 5497 resurgere.
2493 5428 2743 5483 Nondum
2792 5430 2933 5481 enim
2963 5427 3220 5487 sciebam,
3251 5425 3446 5495 inquit,

1864 5497 2009 5568 quod,
2031 5499 2298 5564 oportebat
2324 5500 2493 5563 ipsum
2528 5517 2560 5553 a
2584 5498 2803 5551 mortuis
2831 5514 3127 5568 resurgere.
3144 5497 3282 5552 Cum
3302 5500 3446 5568 enim

1869 5566 2140 5635 neminem
2170 5568 2455 5642 vidissent,
2486 5569 2577 5642 qtti
2632 5583 2690 5623 se
2730 5568 2903 5638 ipsum
2951 5566 2993 5622 a‘
3038 5578 3213 5642 morte
3272 5579 3382 5642 sust
3404 5566 3448 5617 i-

1867 5645 2262 5708 tasset,_neque
2291 5638 2345 5691 id
2387 5636 2688 5696 andiissent
2748 5636 3007 5708 unquam,
3046 5638 3304 5708 putabant
3348 5636 3449 5689 huc

1867 5705 2185 5787 parabolam
2232 5710 2522 5778 quamdam
2557 5723 2698 5776 esse,
2720 5718 2775 5765 et
2812 5705 3225 5781 interrogabant
3269 5705 3446 5774 ipsum

1869 5784 2133 5843 dicentes,
2164 5787 2274 5835 etc.
2313 5797 2336 5831 ι
