3866 6448
496 383 599 449 587

1421 386 1524 444 ΤΗ
1532 384 1728 446 ΕΟΙἨ
1741 389 1770 445 ῐ
1783 390 1997 446 LACl'l
2040 391 2062 445 ι

2169 389 2449 451 omne
2489 391 2843 456 ARCHIEP.
3609 420 3690 488 ως

497 503 818 560 ostentaret,
853 493 947 548 srd
981 491 1149 562 magis
1182 497 1240 544 ut
1281 505 1406 546 cum
1438 507 1648 548 summa
1685 497 1944 551 modestia
1981 485 2062 550 sa-

2176 499 2310 553 am
2337 501 2429 554 καὶ
2461 501 2557 574 τὴν
2583 504 2729 557 ἴασιν
2757 505 3088 580 ἐπιτίθησιν,
3118 511 3217 565 οὐκ
3255 513 3598 588 ἐπιδεικτικῶς
3621 528 3690 584 οε-

496 599 652 646 iiaret
671 603 919 659 puerum.
943 582 1080 639 Vide
1101 593 1279 639 autem
1303 585 1571 654 quomodo
1597 605 1699 641 nou
1727 603 1836 642 sua:
1861 589 2067 655 virtuti,

497 681 592 737 sed
638 682 783 735 illius
827 679 948 734 fidei
999 677 1283 732 sanitatem
1334 677 1557 746 tribuat,
1593 680 1828 736 dicens:
1877 678 2069 736 Omnia

494 775 769 846 possibilia
807 771 1071 827 credenti.
1103 769 1209 825 Sed
1244 778 1299 824 et
1333 769 1500 836 aliud,
1533 786 1653 825 cum
1685 772 1905 827 vidisset
1939 787 2070 826 con-

493 867 705 937 gregari
733 866 968 930 turbam,
1003 863 1308 932 increpavit
1355 863 1604 931 spiritum
1633 881 1646 918 :
1672 864 1888 918 nolebat
1921 865 2066 920 enim

490 976 671 1014 coram
705 962 856 1011 turba
889 971 1108 1021 sanare,
1139 965 1194 1010 et
1223 963 1499 1010 ostentare
1528 949 1587 1012 se
1619 965 1675 1010 ut
1699 967 2067 1020 ari-aganiem.

491 1052 625 1106 Cum
657 1052 986 1118 increpasset
1013 1058 1191 1103 autem
1215 1059 1266 1102 ei
1290 1047 1519 1102 dixisset
1552 1065 1566 1102 :
1605 1049 1893 1117 Egredere.
1923 1057 1976 1102 et
2000 1061 2066 1099 ne

491 1142 629 1192 ultra
667 1137 988 1210 ingrediaris
1023 1155 1035 1190 :
1067 1137 1306 1192 insinuat
1333 1137 1474 1206 quod
1515 1147 1736 1206 propter
1768 1137 2064 1192 increduli-

491 1242 652 1286 tatem
709 1231 944 1285 hominis
978 1231 1351 1300 ingressurum
1385 1230 1577 1284 iterum
1627 1231 1818 1286 t‘uisset
1858 1231 2064 1286 daemo-

488 1313 659 1385 nium.
693 1323 796 1378 nisi
851 1339 950 1378 suo
980 1323 1308 1392 prohibitum
1343 1322 1536 1378 fuisset
1582 1334 1873 1394 praecepto.
1930 1322 2065 1378 Per-

490 1418 657 1468 in'uiii
712 1425 889 1468 autem
947 1414 1177 1482 discerpi
1247 1413 1438 1477 tilium,
1503 1422 1560 1467 ut
1625 1429 1812 1469 omnes
1886 1415 2066 1470 sciant

487 1507 746 1562 dremouis
773 1505 1015 1566 insidias,
1047 1516 1101 1559 et
1143 1508 1282 1575 quod
1315 1508 1603 1561 occidisset
1636 1507 1928 1570 hominem,
1957 1508 2061 1562 nisi

490 1599 670 1654 divina
715 1612 874 1652 manu
911 1596 1216 1652 refrenatus
1256 1605 1310 1652 et
1351 1609 1618 1653 retractus
1668 1598 1875 1653 fuisset.
1909 1597 2064 1665 Saepe

485 1691 630 1747 enim
664 1691 714 1744 in
742 1690 916 1761 ignem
952 1691 1076 1759 quis
1124 1707 1152 1744 a
1199 1690 1442 1746 daemone
1490 1690 1770 1761 projicitur
1801 1692 2062 1762 concupi-

486 1785 707 1840 sceuiize
735 1793 787 1839 et
819 1785 932 1849 iraa,
957 1793 1010 1839 et
1042 1785 1092 1838 in
1120 1799 1314 1854 aquam
1352 1785 1690 1839 saecularium
1721 1786 2058 1856 negotiorum

2183 593 2454 664 ραπεῦσαι
2504 595 2596 649 τὸν
2653 599 2817 654 παῖδα
2866 602 3312 675 ἐπιϐαλλόμενος.
3360 609 3484 667 ἀλλὰ
3530 620 3691 684 μᾶλλον

2182 687 2320 782 μετά
2351 691 2816 782 μετριοφροσύνης
2851 695 3073 768 πολλῆς.
3115 698 3255 769 Ὅρα
3292 701 3396 772 γὰρ
3426 706 3529 770 πῶς
3557 711 3608 764 οὗ
3640 717 3688 782 τῇ

2177 780 2354 851 οἰκείᾳ
2396 781 2648 853 δυνάμει,
2691 786 2829 841 ἀλλὰ
2867 791 2934 860 τῇ
2981 791 3191 844 ἐκείνου
3239 794 3412 848 πίστει
3455 780 3691 870 ἀνατίθησι

2174 872 2300 963 τὴνΔ
2326 874 2644 944 θεραπείαν,
2695 879 2892 948 λέγων,
2926 883 3046 948 δτι,-
3076 885 3259 939 Πάντα
3310 886 3496 943 δυνατὰ
3520 892 3588 963 τῷ
3620 913 3692 949 m-

2178 961 2442 1017 στεύοντι.
2505 966 2664 1022 ⁹Αλλά
2715 971 2807 1024 καὶ
2851 972 3039 1044 ἕτερον
3070 990 3083 1004 ·
3114 975 3235 1028 ἰδὼν
3265 978 3370 1049 γὰρ
3418 961 3693 1055 ἐπισυναγόο

2178 1071 2338 1147 μενον
2370 1055 2461 1109 τὸν
2490 1056 2672 1128 ὄχλον,
2708 1061 3011 1136 ἐπετίμησε
3043 1065 3119 1136 τῷ
3145 1068 3430 1137 πνεύματι·
3459 1073 3546 1126 οὐκ
3569 1075 3691 1147 ﬁliai:

2175 1145 2282 1214 γὰρ
2309 1146 2616 1218 ἔμπροσθεν
2645 1151 2805 1223 διλου
2846 1149 3192 1226 θεραπεύειν,
3232 1158 3307 1222 ὡς
3345 1145 3596 1233 φανητιιῖιν
3624 1171 3693 1222 καὶ

2175 1237 2557 1304 ἐπιδεικτικός.
2599 1243 2958 1316 Ἐπιτιμήσας
2989 1249 3044 1302 δὲ
3068 1250 3164 1304 καὶ
3188 1251 3376 1318 είπὼν,
3409 1255 3601 1320 Ἔξελθε
3623 1263 3692 1313 καὶ

2178 1332 2376 1402 μηκέτι
2409 1334 2691 1408 εἰσέλθῃςο
2724 1335 2885 1391 τοῦτο
2919 1340 3240 1405 αἰνίττεται,
3262 1343 3343 1396 δτι
3375 1345 3458 1398 διὰ
3476 1347 3563 1417 τὴν
3589 1352 3692 1402 ἁπι-

2174 1424 2328 1478 στίαν
2358 1425 2452 1478 τοῦ
2491 1426 2779 1499 ἀνθρώπου
2813 1431 3061 1502 εἰσῆλθεν
3098 1433 3164 1487 ἂν
3228 1435 3330 1488 καὶ
3356 1435 3505 1490 πάλιν
3533 1439 3584 1492 τὸ
3605 1439 3692 1495 δαι-

2175 1517 2380 1586 μόνιον,
2411 1519 2458 1571 εί
2485 1520 2560 1590 μὴ
2590 1522 2667 1592 τῷ
2689 1523 3072 1594 προστάγματι
3097 1526 3266 1580 αὐτοῦ
3293 1527 3558 1585 ἐκωλύετο.
3586 1533 3691 1600 Συγο

2169 1612 2338 1680 χωρεῖ
2367 1610 2423 1664 δὲ
2455 1613 2730 1683 σπαράξαι
2759 1615 2850 1668 τδν
2908 1617 3096 1679 παῖδα,
3121 1618 3208 1670 ἶνα
3237 1618 3402 1686 γνῶσι
3431 1621 3602 1686 πάντες
3616 1624 3690 1695 τὴν

2167 1701 2262 1755 τοῦ
2300 1701 2552 1773 δαίμονος
2591 1707 2878 1777 ἐπήρειαν,
2922 1711 3014 1762 καὶ
3046 1711 3128 1764 δτι
3181 1711 3508 1767 ἐθανάτωσεν
3543 1714 3597 1768 ἂν
3623 1716 3690 1770 τὸν

2169 1793 2476 1865 ἄνθρωπον.
2506 1797 2552 1849 εί
2587 1798 2662 1869 μὴ
2695 1799 2797 1852 ὑπὸ
2831 1801 2929 1871 τῆς
2961 1801 3108 1864 θείας
3140 1803 3502 1874 ἀνεχαιτίζετο
3524 1806 3685 1875 χειρός.

487 1875 741 1945 procellis
785 1877 1097 1928 undantem.
1131 1874 1300 1930 Porro
1335 1876 1543 1931 daemon
1599 1877 1688 1932 hic
1738 1887 1918 1932 mutus
1947 1885 2062 1930 erat

2180 1885 2461 1940 Ῥίπτεται
2491 1888 2547 1940 δέ
2577 1907 2662 1954 τις
2699 1891 2804 1944 ὑπὸ
2833 1891 3085 1963 δαίμονος
3108 1897 3190 1958 είς
3223 1872 3330 1964 πύρ
3362 1897 3419 1948 τὸ
3446 1872 3687 1968 τού-θυμοῦ

484 1981 532 2020 ei
567 1969 783 2020 surdus.
821 1967 1028 2021 Surdus
1063 1969 1306 2037 quidem,
1353 1980 1410 2022 ut
1440 1970 1627 2024 audire
1663 1969 1850 2024 nolens
1877 1969 2061 2025 divina

482 2057 696 2126 eloquia
733 2074 746 2106 :
785 2065 965 2109 mutus
994 2071 1145 2121 vero,
1183 2069 1238 2110 ut
1273 2073 1446 2128 neque
1475 2057 1611 2112 alios
1644 2058 1839 2113 docere
1871 2059 2058 2114 valens

483 2149 626 2218 quod
654 2149 959 2216 oportebat.
987 2149 1055 2202 At
1084 2147 1174 2202 ubi
1207 2147 1387 2215 Jesus,
1422 2150 1521 2204 hoc
1549 2160 1632 2206 est
1673 2164 1852 2204 sermo
1883 2148 2062 2204 Eran-

480 2241 703 2310 gelicus,
767 2255 983 2293 manuni
1051 2241 1492 2310 apprelienderit,
1547 2242 1885 2310 uperativzim
1941 2241 2063 2298 dico

483 2335 756 2394 virtutem,
792 2341 917 2385 tunc
943 2330 1238 2386 liberamur
1282 2331 1348 2386 ab
1380 2333 1480 2387 lioc
1505 2334 1768 2387 (Immone.
1805 2330 1935 2386 Vide
1963 2347 2064 2386 aii-

482 2434 589 2477 leni
621 2424 762 2490 quod
801 2423 940 2477 Deus
964 2423 1182 2492 quidem
1216 2424 1437 2493 adjuvat
1468 2440 1586 2484 nos.
1615 2423 1812 2478 deinde
1843 2438 1872 2476 a
1902 2422 2061 2476 nobis

479 2531 642 2585 opera
687 2516 999 2584 exiguntur.
1050 2515 1186 2570 Dicit
1232 2518 1398 2581 enim,
1455 2516 1640 2571 Erexit
1690 2516 1839 2570 illum
1878 2515 2060 2583 Jesus,

479 2609 584 2666 hoc
613 2620 730 2662 erat
765 2600 857 2663 Dei
891 2607 1242 2676 adiutorium;
1281 2620 1335 2662 et
1381 2609 1638 2676 surrexit,
1671 2609 1775 2664 hoc
1807 2619 1891 2664 est
1917 2609 2064 2663 illius

479 2704 532 2756 iu
563 2703 718 2757 bouis
749 2703 1012 2756 studium.

2168 1976 2264 2028 καὶ
2291 1977 2350 2030 τὸ
2374 1979 2469 2047 τῆς
2498 1981 2814 2050 ἐπιθυμίας,
2840 1984 2933 2038 καὶ
2963 1987 3041 2048 είς
3071 1985 3241 2057 ὔδωρ,
3267 1988 3325 2039 τὸ
3344 1987 3446 2040 τῶν
3475 1988 3690 2059 βιωτικῶν

2172 2071 2517 2140 πραγμάτων
2546 2073 2858 2130 κλυδώνιον.
2902 2078 2960 2130 Ὀ
2999 2076 3212 2148 δαίμων
3251 2080 3308 2133 δέ
3345 2075 3487 2144 οὗτος
3539 2082 3690 2146 ᾶλαλός

2168 2160 2284 2213 ἐστι
2318 2163 2411 2214 καὶ
2453 2165 2656 2232 κωφός.
2686 2167 2884 2235 Κωφδς
2930 2169 3050 2239 μὲν,
3089 2171 3166 2232 ὡς
3206 2172 3281 2243 μὴ
3326 2163 3528 2226 ἀκούειν
3560 2174 3688 2228 θέλων

2167 2251 2276 2302 τῶν
2310 2251 2400 2305 τοῦ
2437 2253 2572 2308 Θεοῦ
2623 2256 2832 2326 λόγων·
2885 2260 3079 2324 άλαλος
3108 2262 3188 2328 δὲ,
3219 2263 3295 2327 ὡς
3347 2265 3470 2335 μηδέ
3513 2266 3686 2335 ἐτέρους

2166 2337 2462 2409 δυνάμενος
2501 2343 2777 2400 διδάσκειν
2829 2349 2889 2400 τὸ
2928 2349 3084 2402 δέον*
3125 2351 3245 2406 ἀλλ’
3302 2353 3392 2406 ἐὰν
3423 2355 3462 2426 ,ὁ
3501 2354 3684 2426 Ἰησοῦς.

2171 2435 2468 2500 τουτέστιν,
2501 2439 2529 2490 ό
2553 2439 2924 2508 Εὑαγγελικδς
2945 2443 3122 2512 λόγος,
3152 2449 3397 2516 κρατήσῃ
3412 2447 3502 2516 τῆς
3519 2447 3685 2518 χειρὸς,

2171 2525 2270 2595 τῆς
2301 2531 2611 2601 πρακτικῆς
2642 2531 2787 2600 λέγω
2828 2532 3134 2604 δυνάμεως,
3169 2536 3290 2590 τότε
3325 2537 3688 2609 ἐλευθερωθησό-

2173 2615 2313 2683 μεθα
2343 2618 2433 2670 τοῦ
2463 2619 2738 2690 δαίμονος.
2770 2623 2912 2695 Ὅρα
2953 2624 3010 2678 δὲ
3050 2627 3132 2678 ὅτι
3157 2627 3188 2678 ό
3232 2627 3329 2696 μέν
3377 2625 3498 2690 Θεὸς
3549 2626 3687 2696 βοηθεῖ

2170 2707 2324 2778 ἡμῖν,
2365 2706 2483 2764 εἶτα
2548 2714 2712 2783 ἡμεῖς
2779 2715 2932 2769 αὐτοὶ
3007 2716 3068 2771 τὸ
3115 2719 3322 2786 ἀγαθὸν
3377 2716 3685 2788 ἀπαιτούμεθα

478 2796 832 2866 ἐργάζεσθαι.
857 2797 997 2865 Φησὶ
1016 2795 1128 2868 γάρ
1156 2812 1172 2828 ·
1200 2797 1459 2868 Ἦγειρεν
1481 2798 1692 2853 αῠτδνό
1717 2797 1952 2870 Ἰησοῦς·
2013 2800 2170 2856 τοῦτο
2209 2805 2241 2874 ἠ
2279 2803 2373 2857 τοῦ
2417 2807 2554 2861 Θεοῦ
2593 2808 2841 2881 βοήθεια,
2880 2811 2974 2865 καὶ
2996 2812 3221 2882 ἀνέστη,
3265 2813 3420 2867 τοῦτο
3458 2815 3486 2885 ἡ
3526 2811 3684 2866 ἐκείνου

478 2891 642 2945 αύτοῦ
685 2891 818 2960 πρὸς
848 2891 908 2944 τὸ
934 2890 1136 2958 ἀγαθὸν
1169 2889 1393 2959 σπουδή.

555 2984 719 3038 Vens.
749 2984 949 3047 27,28.
979 3002 997 3036 ι
1037 2983 1101 3038 Ει
1146 2999 1266 3036 cum
1303 2992 1449 3038 esset
1493 2984 1772 3054 ingressos
1819 2986 2063 3050 domum,

481 3077 728 3145 discipuli
752 3077 893 3130 illius
923 3076 1323 3145 interrogabant
1349 3092 1472 3132 eum
1501 3093 1743 3131 seorsum
1775 3096 1788 3132 :
1819 3077 1930 3132 Cur
1962 3093 2060 3132 nos

2254 3007 2270 3038 i
2312 2987 2421 3040 Καὶ
2451 2987 2767 3042 εἰσελθόντα
2801 2989 2963 3042 αὑτὸν
2995 2991 3073 3049 είς
3097 2985 3268 3054 οἷκον,
3305 2989 3354 3045 οί
3383 2989 3590 3061 μαθηταὶ
3613 2989 3684 3042 αὖ·

2167 3077 2262 3132 τοῦ
2307 3077 2608 3149 ἐπηρώτων
2643 3079 2806 3132 αὑτὸν
2845 3082 2968 3134 κατ’
3011 3081 3148 3134 ίδίαν
3172 3098 3185 3112 ο
3230 3081 3294 3134 Τί
3319 3083 3398 3136 δτι
3440 3083 3578 3152 ἡμεῖς
3611 3080 3682 3132 οὐκ

482 3183 586 3220 lion
625 3170 898 3236 potuimus
942 3169 1137 3234 ejicere
1169 3167 1349 3220 illum?
1387 3168 1450 3222 Et
1485 3169 1619 3222 dixit
1649 3169 1793 3224 illis:
1827 3170 1938 3226 Hoc
1971 3185 2061 3240 ge-

2169 3172 2514 3242 ὴδυνήθημεν
2545 3172 2796 3227 ἐκϐαλεῖν
2828 3174 2988 3241 adad;
3025 3176 3132 3228 Καὶ
3159 3170 3310 3228 εἷπεν
3333 3176 3528 3237 αὐτοῖς’
3556 3173 3682 3228 Τοῦτο

483 3277 585 3316 nus
629 3262 770 3314 nulla
808 3277 866 3314 re
925 3273 1102 3329 potest
1144 3263 1317 3327 exire,
1368 3263 1471 3316 nisi
1517 3277 1613 3329 per
1657 3265 1958 3317 orationem
2005 3273 2061 3317 et

476 3355 766 3425 jejunium.
807 3371 828 3407 ι
865 3351 1154 3408 Timebant
1197 3354 1445 3424 discipuli
1479 3369 1547 3409 ne
1579 3353 1718 3408 forte
1748 3355 2062 3408 amisissent

483 3448 715 3514 gratiam
773 3461 932 3514 quam
980 3447 1062 3502 eis
1111 3448 1330 3501 dederat
1369 3447 1650 3509 Dominus,
1695 3457 1749 3503 et
1779 3458 2060 3517 propterea

482 3554 589 3594 nou
628 3538 933 3607 potuissent
984 3537 1184 3608 ejicere
1213 3539 1561 3594 daemonium.
1610 3539 1748 3594 Vide
1778 3549 1958 3594 autem
2006 3548 2062 3595 et

482 3630 844 3685 reverentiam
876 3644 1063 3683 eorum
1095 3631 1365 3697 quomodo
1411 3644 1655 3685 seorsum
1685 3630 1753 3685 ad
1790 3631 1937 3684 illum
1966 3646 2060 3686 ac-

484 3721 708 3777 cedunt.
740 3719 854 3776 Hoc
893 3731 1072 3775 autem
1098 3735 1286 3790 genus.
1319 3720 1525 3788 Quale?
1552 3721 1646 3778 Vel
1677 3721 2059 3788 lunaiicorum,

479 3813 566 3870 vel
611 3827 771 3868 omne
816 3811 1206 3868 daemoniorum
1251 3829 1423 3884 genus
1470 3830 1578 3870 non
1627 3814 1907 3885 egreditur
1953 3813 2060 3868 alio

481 3907 718 3976 quodam
751 3906 934 3970 modo,
983 3905 1084 3960 nisi
1121 3906 1440 3975 precatione
1483 3916 1538 3962 et
1565 3905 1797 3977 jejunio.
1837 3904 2064 3976 Oportet

483 4000 627 4054 enim
662 3999 909 4070 jejunare
935 4013 1056 4054 eum
1090 4001 1182 4068 qui
1219 3999 1518 4056 daemonem
1563 4001 1730 4072 219
1760 4003 1985 4072 patitur,
2007 4012 2064 4058 et

485 4092 578 4159 qui
623 4102 911 4146 sanaturus
952 4100 1037 4146 est
1067 4107 1082 4145 :
1115 4104 1168 4146 et
1188 4091 1432 4162 utrisque
1463 4095 1830 4149 necessarium
1859 4103 1944 4149 est
1972 4093 2059 4164 je-

477 4182 718 4256 junium,
751 4184 922 4252 magis
964 4194 1143 4237 autem
1184 4184 1327 4238 illius
1362 4185 1452 4254 qui
1482 4185 1780 4239 daemonem
1832 4185 2059 4254 patitur,

478 4274 746 4346 jejunium
795 4275 962 4342 exigit
1000 4274 1160 4327 ratio.
1192 4273 1418 4342 Oportet
1462 4285 1640 4329 autem
1674 4293 1779 4330 non
1809 4275 2059 4345 jejiinare

481 4366 681 4431 solum,
725 4367 817 4419 sed
861 4375 917 4420 et
961 4380 1164 4420 orare:
1201 4381 1375 4436 neque
1423 4367 1593 4421 solum
1639 4383 1815 4430 orare,
1867 4371 1960 4424 sed
2009 4377 2063 4425 et

481 4456 750 4528 jejnnare.
785 4455 877 4512 Sic
920 4459 1065 4511 enim
1093 4473 1233 4512 vera
1265 4473 1450 4528 preces
1483 4458 1641 4524 fiunt,
1670 4461 1714 4514 si
1745 4475 1850 4516 non
1883 4460 2055 4514 solum

2163 3264 2224 3315 τὸ
2253 3262 2408 3332 γένος
2434 3263 2491 3314 ἐν
2523 3262 2700 3316 ούδενὶ
2736 3262 2960 3317 δύναται
3004 3263 3271 3330 ἐξελθεῖν,
3301 3267 3347 3318 εί
3384 3265 3451 3335 μὴ
3480 3265 3530 3317 ἐν
3555 3278 3680 3333 προσ-

2163 3359 2296 3427 ευχῇ
2340 3357 2432 3408 καὶ
2477 3355 2718 3426 νηστείᾳ.
2768 3374 2788 3408 ι
2851 3356 3233 3428 Ἐιροϐήθησαν
3267 3359 3316 3412 οί
3371 3356 3580 3427 μαθηταὶ
3603 3354 3679 3424 μή·

2163 3465 2282 3511 πως
2327 3447 2600 3501 ἀπέϐαλον
2633 3446 2732 3519 τὴν
2777 3447 2958 3518 χάριν,
2999 3449 3062 3519 ἢν
3099 3449 3335 3503 δέδωκεν
3360 3448 3571 3510 αὐτοῖςό
3604 3444 3679 3498 Κύ-

2165 3556 2302 3610 ριος,
2333 3539 2428 3591 καὶ
2478 3538 2566 3592 διὰ
2604 3539 2766 3592 τοῦτο
2815 3539 2914 3592 οὐκ
2962 3539 3316 3610 ἠδυνήθησαν
3361 3540 3582 3594 ἐκϐαλεῖν
3613 3536 3678 3590 τὸν

2164 3623 2414 3694 δαίμονα.
2466 3625 2608 3696 Ὅρα
2654 3625 2712 3680 δέ
2768 3626 2864 3680 καὶ
2911 3627 3012 3698 τὴν
3055 3627 3348 3682 εὐλάϐειαν
3385 3629 3564 3694 αὐτῶν,
3592 3625 3679 3686 πῶς

2166 3716 2280 3768 κατ’
2333 3716 2470 3769 ίδίαν
2507 3715 2658 3787 αύτῷ
2699 3717 3113 3790 προσέρχονται.
3167 3719 3340 3774 Τοῦτο
3368 3719 3423 3774 δὲ
3451 3721 3505 3773 τὸ
3543 3719 3675 3790 γένος..

2170 3805 2362 3872 Ποῖον;
2400 3805 2466 3858 Ἥ
2495 3805 2556 3860 τδ
2598 3807 2708 3860 τῶν
2745 3787 3239 3880 σεληνιαζομένων,
3262 3811 3293 3881 ἢ
3320 3810 3489 3873 ἀπλιῖις
3525 3809 3612 3862 πᾶν
3634 3787 3680 3857 τδ

2163 3895 2274 3947 τῶν
2295 3895 2565 3966 δαιμόνων
2591 3897 2749 3966 γένος
2776 3897 2878 3950 οὐκ
2909 3898 3193 3968 ἐξέρχεται
3219 3900 3364 3972 ἄλλῳ
3387 3898 3486 3953 τινὶ
3510 3896 3670 3968 τρόὲῳο

2166 3988 2214 4040 εί
2243 3987 2318 4058 μὴ
2341 3988 2399 4040 ἐν
2429 3991 2704 4059 προσευχῇ
2733 3990 2828 4042 καὶ
2859 3991 3110 4060 νηστείᾳο
3141 3991 3231 4044 ’δεῖ
3254 3993 3359 4062 γὰρ
3381 3991 3467 4044 καὶ
3492 3990 3569 4042 τὸν
3591 3986 3669 4041 πί·

2167 4094 2364 4147 σχοντα
2407 4079 2713 4148 νηστεύειν,
2744 4082 2840 4133 καὶ
2891 4081 2982 4133 τὸν
3046 4081 3314 4150 μέλλοντα
3371 4077 3668 4150 θεραπεῦσαι.

2178 4165 2529 4238 Ἀμφοτέρων
2557 4170 2662 4239 γὰρ
2687 4170 2844 4240 χρεία
2865 4186 2877 4199 ⁸
2914 4171 3151 4239 μάλιστα
3180 4173 3236 4225 δὲ
3263 4175 3356 4242 τὴν
3379 4173 3464 4225 τοῦ
3493 4170 3674 4238 πάσχον-

2164 4279 2253 4325 τος
2288 4264 2545 4334 νητιτείαν
2577 4267 2854 4319 ἀπαιτεῖό
2882 4265 3059 4334 λόγος.
3107 4271 3201 4321 Δεῖ
3240 4271 3329 4322 καὶ
3360 4269 3430 4340 μὴ
3452 4263 3673 4338 νηστεύειν

2171 4357 2353 4427 μόνον,
2383 4357 2516 4409 ἀλλά
2564 4355 2658 4409 καὶ
2685 4357 3083 4428 προσεύχεσθαι
3104 4375 3118 4390 ο
3154 4360 3286 4431 μηδέ
3323 4360 3472 4430 μόνον
3495 4352 3674 4427 «paesti-

2166 4448 2379 4518 χεσθαι,
2425 4447 2560 4501 ἀλλά
2609 4448 2704 4500 καὶ
2744 4450 3048 4520 νηστεύειν.
3082 4451 3239 4504 Οὕτω
3287 4451 3391 4520 γὰρ
3434 4442 3671 4520 ήάληοινή
3781 4477 3783 4520 ί

486 4562 694 4613 oretur,
731 4551 824 4604 sed
866 4560 918 4604 et
964 4549 1241 4619 jejuiietur
1274 4567 1289 4604 :
1328 4559 1386 4604 ut
1416 4565 1482 4606 ne
1511 4559 1766 4620 gravetur
1793 4552 1882 4622 qui
1911 4562 2053 4616 orat,

2169 4538 2440 4610 προσευχὴ
2466 4539 2720 4604 τελεῖται,
2757 4541 2852 4593 ἐὰν
2894 4542 2990 4594 καὶ
3038 4543 3292 4612 νηστείαν
3340 4541 3432 4612 ἔχη
3477 4533 3673 4598 συνεζευ·

488 4642 734 4696 ciborum
765 4643 1077 4714 vaporibus,
1110 4644 1204 4697 sed
1241 4642 1523 4712 expeditus
1554 4643 1624 4698 sit
1653 4653 1708 4698 et
1739 4643 1890 4699 levis.

563 4904 727 4959 Vens.
762 4905 856 4970 29,
886 4904 976 4959 '50.
1014 4924 1032 4957 ι
1089 4905 1155 4958 Et
1201 4905 1349 4959 illinc
1397 4904 1622 4974 digressi
1660 4905 1765 4959 iter
1820 4904 2062 4960 fecerunt

492 5014 586 5070 per
617 4999 915 5065 Galilaeam,
941 5013 1038 5054 nec
1085 4997 1296 5054 volebat
1331 5007 1388 5052 ut
1419 5000 1704 5068 quisquam
1739 4999 1922 5053 sciret.
1958 4999 2062 5051 Do-

491 5092 648 5145 cebat
673 5091 815 5147 enim
850 5090 1141 5159 discipulos
1189 5105 1338 5156 suos,
1370 5100 1425 5144 et
1458 5090 1671 5145 dicebat
1703 5091 1809 5145 illis
1849 5107 1862 5144 :
1896 5089 2062 5144 Filius

491 5184 728 5240 hominis
758 5186 991 5238 traditur
1026 5185 1079 5238 in
1133 5200 1323 5238 manus
1364 5183 1669 5249 hominum,
1718 5193 1772 5237 ct
1811 5183 2062 5237 occidunt

492 5291 636 5340 eum,
657 5287 709 5331 et
731 5277 942 5332 occisus
965 5277 1126 5331 tertio
1147 5277 1232 5331 die
1263 5283 1523 5346 resurget.
1555 5277 1625 5330 At
1649 5276 1721 5328 illi
1741 5274 2062 5343 ignorabant

491 5368 632 5434 quod
678 5367 911 5431 dixerat,
943 5378 995 5420 et
1031 5367 1294 5421 timebant
1325 5381 1446 5421 eum
1481 5367 1834 5434 interrogare.
1876 5384 1895 5418 ι
1934 5365 2064 5420 Ubi-

491 5472 596 5525 que
627 5457 1007 5511 miraculorum
1025 5457 1429 5526 operaiionibus
1455 5457 1728 5511 interserit
1752 5470 2059 5511 sermonem

489 5547 555 5602 de
581 5546 849 5615 passione,
873 5558 924 5599 ui
955 5562 1019 5601 ue
1039 5559 1221 5618 putent
1243 5550 1417 5619 ipsum
1447 5547 2058 5618 propterimpoteutiam

491 5652 573 5708 pa:
588 5640 623 5693 i.
639 5638 782 5693 Dixit
802 5639 966 5709 igitur
981 5640 1123 5708 quod
1141 5641 1331 5696 durum
1351 5641 1616 5710 erat,qiiia
1636 5642 1884 5696 occident
1901 5655 2055 5695 eum:

490 5732 672 5786 Subdit
706 5740 759 5784 et
793 5731 934 5802 quod
968 5731 1287 5802 jucundum,
1319 5731 1443 5800 quia
1481 5731 1638 5786 tertio
1677 5731 1764 5785 die
1822 5745 2064 5785 resurre-

491 5836 675 5880 cturus
704 5834 841 5880 rssei
869 5843 881 5879 :
913 5835 965 5880 ut
995 5826 1262 5882 discamus
1286 5825 1427 5896 quod
1449 5839 1662 5894 semper
1691 5825 1808 5880 Ικιιι
1827 5839 2062 5895 sequun-

2168 4633 2396 4702 γμένην.
2428 4633 2558 4685 Ὅτε
2604 4632 2663 4684 οὐ
2715 4631 2961 4701 βαρεῖται
2995 4635 3022 4687 ό
3056 4636 3478 4706 προσευχόμενος
3499 4632 3590 4691 τοῖς
3625 4627 3670 4677 ἐκ

2166 4723 2274 4774 τῶν
2329 4723 2632 4793 βρωμάτων
2699 4725 2920 4794 ἀτμοῖς,
2985 4724 3122 4778 ἀλλὰ
3195 4725 3388 4794 κοῦᾳός
3444 4725 3542 4776 ἐστι
3602 4715 3669 4768 καὶ

2110 4835 2112 4838 ·
2166 4813 2376 4884 ἀδαρής

2243 4923 2260 4954 ι
2302 4905 2408 4956 Καὶ
2439 4903 2648 4957 ἐκεῖθεν
2677 4905 3005 4970 ἐξελθόντες,
3051 4904 3481 4976 παρεπορεύοντο
3501 4898 3574 4953 διὰ
3596 4888 3668 4960 τὴς

2166 4993 2473 5060 Γαλιλαίας,
2518 4996 2617 5047 καὶ¹
2651 4997 2752 5049 οὐκ
2791 4996 3002 5066 ἧθελεν,
3035 4998 3120 5050 ἴνα
3160 5015 3243 5060 τις
3269 4996 3395 5067 γνῷ.
3446 4990 3666 5046 Ἐδίδασκε
3773 5031 3775 5049 ;

2165 5089 2273 5157 γὰρ
2303 5092 2427 5150 τοὺς
2464 5088 2712 5157 μαθητάς
2746 5088 2934 5153 αὑτοῦ,
2961 5089 3053 5143 καὶ
3088 5089 3271 5158 ἔλεγεν
3297 5088 3482 5149 αὐτοῖς,
3511 5083 3596 5142 ὅτε,
3623 5073 3666 5123 ’θ

2167 5180 2292 5242 Υἱὸς
2337 5180 2432 5234 τοῦ
2481 5180 2768 5250 ἀνθρώπου
2801 5183 3156 5251 παραδίδοται
3190 5184 3266 5245 εἰς
3305 5183 3475 5250 χεῖρας
3503 5167 3664 5238 ἀνθΡώ⁶

2165 5291 2302 5336 πων,
2347 5275 2441 5326 καὶ
2475 5275 2868 5327 ἀποκτενοῦσιν
2895 5275 3078 5330 αὐτόν.
3108 5276 3216 5327 Καὶ
3249 5267 3586 5327 ἀποκτανθεὶς.
3614 5257 3661 5324 τῇ
3769 5289 3771 5294 ·

2163 5370 2321 5440 τρίτῃ
2355 5369 2534 5438 ἡμέρα
2567 5367 2951 5437 ἀναστήσεται.
2982 5369 3044 5419 Ol
3086 5366 3142 5419 δέ
3193 5365 3410 5434 ἠγνόουν
3436 5361 3490 5411 τδ
3531 5353 3662 5443 ρἧἶν
3767 5435 3769 5443 Ι

2166 5465 2259 5514 καὶ
2291 5460 2582 5529 ἐφοϐοῦντο
2603 5460 2764 5512 αὐτὸν
2819 5459 3188 5530 ἐπερωτῆσαι,
3229 5478 3248 5511 ι
3283 5448 3532 5518 Πανταίοῧ
3576 5448 3660 5497 ταῖς

2167 5548 2632 5619 θαυματουργίαις
2680 5548 3056 5618 παρεμϐάλλει
3101 5551 3191 5601 τὸν
3221 5547 3342 5618 περὶ
3383 5541 3466 5596 τοῦ
3501 5534 3657 5588 πάθους

2162 5641 2342 5708 λόγον.
2394 5639 2482 5692 ἵνα
2533 5638 2607 5709 μὴ
2657 5639 2888 5709 νομισθῇ
2936 5641 3017 5692 δτι
3052 5639 3120 5693 δι’
3160 5637 3443 5706 ἀδυναμίαν
3487 5623 3656 5681 ἔπαθεν.

2166 5729 2350 5786 Είπὼν
2377 5723 2469 5782 οὖν
2502 5730 2560 5782 τὸ
2607 5729 2951 5800 σκυθρωπὸν,
2977 5732 3058 5784 δτι
3109 5725 3473 5784 ἀποκτενοῦσιν
3517 5711 3656 5769 αὑτδν.

2165 5825 2358 5894 ἐπάγει
2386 5823 2478 5877 καὶ
2506 5823 2563 5876 τὸ
2595 5823 2958 5895 χαρμόσυνον,
2990 5824 3069 5878 ὅτι
3103 5825 3166 5894 τῇ
3203 5823 3351 5894 τρίτῃ
3381 5813 3536 5885 ἡμέρᾳ
3562 5808 3656 5858 iw
