3866 6448
160 420 262 483 589

847 416 1287 479 ENARRATIO
1344 416 1426 480 IN
1466 417 1961 481 EVANGELIUM
2000 417 2258 479 MARCl.
2300 441 2370 451 —
2407 416 2566 478 CAP.
2606 415 2711 477 1X.

3297 410 3403 477 590

158 530 448 602 στήσεται,
492 528 577 581 ῐνι
625 509 888 598 μάθωμεν
918 530 1021 583 ⁴ὃειει
1067 529 1154 582 ἀεὶ
1210 530 1323 594 τοῖς
1376 527 1730 599 σκυθρωποῖς

1836 537 1923 583 tur
1955 529 2020 584 ad
2056 527 2254 595 tristia,
2294 537 2347 583 et
2390 527 2443 580 in
2477 526 2723 581 tristibus
2766 540 2871 581 non
2924 522 3125 582 frustra
3161 538 3401 584 mterea-

152 618 502 675 ἐπακολουθεῖ
524 619 594 672 τὰ
618 619 946 690 εύφρὸσυνα,
971 620 1064 674 καὶ
1112 619 1188 692 μὴ
1230 620 1410 695 μάτην
1441 620 1725 691 ἀνιώμεθα

150 712 237 766 ἐπὶ
270 711 381 773 τοῖς
407 709 693 782 λυπηροῖς,
741 710 855 766 ἀλλ’
898 711 1211 784 ὶλπίζωμεν
1238 712 1334 766 καὶ
1382 714 1451 767 τὰ
1490 714 1718 784 χρηστό-

151 821 297 857 τερα.

206 820 382 948 ﬁatﬁat
403 889 569 965 ἦλθεν
591 896 672 960 είς
716 895 1094 969 Καπερναούμ
1110 910 1124 926 ’
1159 898 1254 953 καὶ
1278 898 1337 952 ἐν
1357 900 1426 970 τῇ
1450 896 1598 968 οἰκίᾳ
1627 913 1725 966 γε-

147 984 389 1053 νόμενος,
418 983 676 1056 ἐπηρώτα
698 985 915 1051 αὐτούς·
949 988 1014 1041 Τί
1038 989 1095 1042 ἐν
1125 991 1191 1060 τῇ
1213 989 1317 1061 ὀδῷ
1339 990 1475 1061 πρὸς
1503 988 1724 1053 ἑαυτοὺς

145 1075 535 1142 διελογίζεσθες
574 1077 639 1131 Ol
694 1077 752 1131 δὲ
808 1078 1079 1134 ἐσιώπων.
1121 1080 1267 1151 Πρὸς
1316 1080 1577 1151 ἀλλήλους
1622 1081 1735 1151 γὰρ

143 1165 494 1238 διελέχθησαν
531 1169 590 1221 ἐν
634 1172 701 1240 τῇ
743 1169 873 1241 ὁδῷ,
925 1172 1009 1234 τίς
1047 1172 1272 1244 μείζων.
1318 1173 1428 1227 Καὶ
1470 1172 1727 1240 καθίσας,

141 1257 389 1329 ἑφὼνησε
418 1260 544 1324 τοὺς
570 1260 775 1316 δώδεκα
799 1302 814 1328 ,
846 1265 940 1316 καὶ
967 1263 1112 1333 λέγει
1133 1265 1344 1328 αὐτοῖς·
1380 1265 1447 1318 Εί
1476 1282 1559 1329 τις
1584 1263 1728 1318 θέλει

141 1349 359 1420 πρῶτος
392 1345 553 1415 εἶναι,
607 1350 760 1405 ἔσται
812 1353 1031 1407 πάντων
1059 1353 1313 1423 ἔσχατος,
1366 1355 1461 1408 καὶ
1506 1355 1728 1409 πάντων

140 1441 414 1506 διάκονος.
442 1441 553 1495 Καὶ
581 1441 764 1497 λαϐὼν
789 1442 1019 1509 παιδίον,
1061 1443 1289 1514 ἔστησεν
1318 1444 1447 1499 αὐτὸ
1473 1446 1529 1497 ὲν
1579 1445 1729 1516 μέσῳ

140 1535 323 1588 αὐτῶν
342 1579 353 1596 ,
378 1537 473 1590 καὶ
503 1535 996 1605 δναγκαλισάμενος
1023 1536 1175 1602 αὐτὸ,
1205 1534 1359 1590 εἶπεν
1388 1538 1571 1600 αὐτοῖς
1591 1553 1606 1569 ⁸
1634 1539 1732 1600 Ὃς

140 1626 228 1676 ἐὰν
257 1625 327 1677 ἓν
369 1626 478 1679 τῶν
510 1624 766 1680 τοιούτων
800 1624 1029 1680 παιδὲων
1062 1627 1286 1699 δέξηται
1335 1628 1431 1681 ἐπὶ
1490 1628 1566 1698 τῷ
1609 1628 1730 1682 ὀνό-

143 1718 273 1787 ματί
326 1736 453 1785 μου,
478 1718 578 1789 ἐμὲ
615 1718 851 1789 δέχεται,
881 1721 973 1771 καὶ
1010 1718 1070 1782 ὃς
1096 1719 1192 1771 ὲάν
1225 1720 1326 1790 ἐμὲ
1358 1718 1601 1790 δέξηται,
1626 1718 1729 1772 οὐκ

139 1810 229 1881 ὲμὲ
255 1810 506 1881 δέχεται,
538 1811 673 1864 ἀλλὰ
703 1810 795 1864 τὸν
821 1809 1219 1866 ἀποστείλαντά
1257 1812 1457 1880 psam
1487 1810 1731 1882 μαθηταὶ

138 1865 213 1954 ἔτι
239 1865 726 1972 ἀνθρωπικώτερα
762 1902 1105 1973 φρονοῦντες,
1130 1865 1554 1970 διεφιλονείκούν
1585 1865 1725 1973 ⁸τέρος
1760 1865 1807 1927 Β

138 1991 409 2061 ἀλλήλους
428 1994 555 2062 περὶ
575 1993 692 2061 τοῦ,
723 1995 872 2056 ποῖος
905 1993 1082 2046 αὐτῶν
1110 1994 1308 2063 μείζων
1330 1996 1449 2048 ἐστὶ
1482 1995 1576 2048 καὶ
1597 2011 1731 2065 προ-

137 2084 432 2153 τιμότερος
460 2085 613 2156 παρᾶ
651 2084 731 2155 τῷ
759 2085 1001 2157 Χριστῷ.
1036 2086 1096 2140 Ὀ
1127 2087 1185 2140 δὲ
1229 2086 1433 2158 Κύριος
1486 2088 1585 2159 τὴν
1629 2088 1729 2157 μὲν

142 2175 453 2247 ἐπιθυμίαν
485 2177 585 2248 τὴν
625 2177 725 2247 τῆς
772 2178 1158 2250 προτιμησεως
1202 2178 1265 2231 ού
1308 2177 1530 2232 κωλύει.
1573 2179 1730 2235 Θέλει

139 2267 243 2336 γὰρ
282 2268 439 2337 ἡμᾶς
486 2265 776 2337 ἐπιθυμεῖν
826 2266 921 2321 τοῦ
975 2267 1311 2338 ὑψηλοτέρου
1360 2267 1597 2338 βαθμοῦ.
1649 2268 1726 2323 Ού

142 2358 331 2428 μέντοι
359 2360 629 2430 ἁρπάζειν
688 2361 833 2431 ἡμᾶς
882 2359 1128 2431 βούλεται
1186 2351 1256 2414 τά
1299 2364 1562 2431 πρωτεῖα,
1594 2361 1730 2416 ἀλλὰ

141 2448 227 2502 διὰ
277 2450 385 2519 τῆς
412 2449 794 2513 ταπεινώσεως
838 2450 1036 2520 μᾶλλον
1082 2450 1459 2505 κατακτᾶσθαι
1492 2451 1553 2504 τὸ
1589 2449 1729 2523 ὑψη-

140 2542 245 2595 λόν.
287 2542 512 2596 Παιδίον
544 2542 653 2613 γὰρ
700 2542 930 2615 ἔστησεν
984 2544 1064 2606 είς
1113 2543 1174 2596 τὸ
1226 2541 1413 2611 μέσον,
1464 2542 1560 2597 καὶ
1606 2542 1729 2596 κατ’

140 2633 324 2686 ἐκεῖνο
344 2634 603 2701 γενέσθαι
632 2636 726 2689 καὶ
754 2637 902 2707 ἡμᾶς
935 2634 1202 2706 βούλεται.
1233 2634 1307 2687 Τὸ
1338 2634 1449 2705 γὰρ
1484 2635 1729 2689 παιδίον

141 2723 262 2778 οὔτε
300 2724 463 2796 δόξης
498 2729 733 2796 ἐφίεται,
791 2728 915 2783 οὔτε
963 2727 1172 2797 φθονεῖ,
1207 2725 1330 2781 οὔτε
1374 2730 1727 2798 μνησικακεῖ.

142 2814 248 2868 Καὶ
274 2816 342 2868 οὑ
374 2817 556 2887 μόνον,
594 2819 782 2888 φησὶν,
818 2820 915 2872 ἐάν
952 2819 1108 2874 αὐτοὶ
1136 2820 1371 2875 τοιοῦτοι
1401 2819 1724 2891 γενήσεσθε,

1827 635 1967 687 mus,
2001 619 2097 676 sed
2135 634 2416 692 speremus
2442 617 2688 673 meliora.

1904 878 2064 935 VEBS.
2090 876 2279 935 31-56.
2329 895 2349 926 ι
2397 875 2459 931 Et
2494 876 2639 932 venit
2665 876 2718 932 in
2741 876 3077 948 Capernaum
3116 893 3131 932 :
3175 884 3231 934 et
3272 893 3397 935 cum

1830 974 2069 1029 venisset
2099 972 2154 1027 in
2186 973 2431 1039 domum,
2471 970 2828 1042 interrogavit
2848 969 3000 1026 illos:
3036 968 3178 1037 Quid
3214 970 3268 1028 in
3304 971 3389 1027 iti-

1828 1078 1960 1120 nere
1989 1064 2133 1119 inter
2158 1078 2250 1118 vos
2282 1063 2686 1133 disputabatis?
2723 1061 2793 1116 At
2837 1061 2915 1117 illi
2947 1062 3233 1119 siluerunt.
3261 1061 3399 1119 Nam

1829 1155 1973 1211 inter
1995 1170 2056 1212 se
2097 1156 2508 1227 disputaverant
2540 1155 2679 1210 inter
2706 1155 2850 1210 viam
2879 1156 3000 1224 quis
3025 1164 3175 1211 esset
3205 1155 3400 1226 major.

1832 1247 1899 1302 Et
1932 1263 2054 1303 cum
2094 1247 2447 1312 consedisset,
2503 1246 2787 1303 accersivit
2834 1247 3137 1314 duodecim,
3170 1258 3223 1303 et
3275 1248 3404 1303 dict

1831 1336 1938 1392 illis
1969 1354 1984 1392 :
2022 1334 2077 1392 Si
2101 1337 2224 1407 quis
2246 1336 2357 1391 vult
2397 1337 2604 1406 primus
2654 1350 2794 1401 esse,
2837 1337 2884 1391 is
2915 1338 3016 1392 erit
3037 1339 3276 1393 omnium
3308 1352 3405 1407 ρος

1831 1435 2065 1483 stremus
2093 1438 2147 1482 et
2173 1428 2420 1483 oninium
2451 1427 2717 1482 minister.
2751 1427 2927 1498 Atque
2968 1437 3242 1497 arreptum
3275 1444 3408 1499 puc-

1833 1535 1951 1575 rum
1974 1519 2160 1575 statuit
2183 1519 2236 1575 in
2271 1519 2453 1575 medio
2482 1519 2696 1575 illorum
2722 1537 2737 1574 :
2765 1529 2822 1576 et
2844 1535 2966 1576 cum
2991 1522 3222 1592 cepisset
3252 1522 3400 1579 illum

1833 1613 1887 1668 in
1918 1612 2073 1668 ulnas
2096 1627 2244 1679 suas,
2275 1612 2412 1668 dixit
2437 1613 2544 1668 illis
2578 1629 2597 1669 :
2625 1612 2882 1683 Quisquis
2917 1630 3084 1669 unum
3112 1629 3177 1670 ex
3208 1615 3406 1673 talibus

1832 1706 2014 1776 pueris
2047 1706 2331 1775 ‘receperit
2387 1707 2439 1760 in
2490 1706 2707 1762 nomine
2745 1720 2887 1772 meo,
2928 1722 3013 1762 me
3057 1708 3246 1779 recipit
3298 1728 3312 1765 :
3347 1720 3400 1765 ct

1833 1796 2141 1865 quicunque
2183 1810 2270 1850 me
2303 1794 2514 1862 recipit,
2544 1810 2650 1850 nou
2684 1811 2769 1851 me
2800 1796 3008 1866 recipit,
3037 1800 3133 1852 sed
3160 1806 3284 1853 eum
3312 1801 3404 1869 qui

1834 1902 1921 1943 me
1964 1887 2131 1943 misit.
2185 1905 2204 1939 ι
2249 1886 2508 1957 Discipuli
2575 1888 2753 1944 adhuc
2805 1888 3100 1944 humanum
3144 1893 3401 1962 quiddam

1832 1980 2128 2049 sapientes,
2152 1981 2551 2036 contendebant
2586 1980 2727 2035 inter
2756 1996 2836 2050 se,
2867 1983 2991 2053 quis
3018 2000 3203 2039 eormn
3235 1985 3407 2054 major

1831 2076 1886 2124 et
1928 2069 2141 2141 dignior
2183 2078 2333 2126 esset
2375 2072 2517 2138 apud
2570 2069 2872 2128 Christum.
2923 2072 3188 2132 Dominus
3224 2088 3403 2133 autem

1832 2175 1938 2216 non
1977 2160 2227 2229 prohibet
2269 2161 2602 2231 prmlat'ionis
2640 2165 2993 2233 cupiditatem
3042 2185 3057 2223 :
3106 2168 3222 2224 vult
3260 2173 3405 2225 enim

1832 2268 1932 2309 nos
1961 2254 2203 2323 aspirare
2232 2255 2299 2310 ad
2347 2254 2720 2311 sublimiorem
2758 2259 2981 2327 gradum
3028 2275 3044 2315 :
3079 2270 3133 2314 at
3160 2278 3266 2318 non
3318 2280 3408 2318 ra-

1832 2360 1965 2416 pere
2015 2362 2113 2404 nos
2165 2347 2275 2401 vult
2344 2349 2544 2419 primas
2592 2350 2905 2421 dignitates,
2939 2355 3034 2409 sed
3081 2355 3260 2425 potius
3313 2373 3409 2428 per

1833 2437 2187 2493 humilitatem
2227 2441 2511 2510 acquirere
2543 2441 2954 2500 sublimitatem.
2988 2444 3224 2502 Puerum
3257 2444 3402 2505 enim

1828 2530 2020 2586 statuit
2047 2531 2099 2584 in
2132 2524 2390 2596 medium,
2418 2540 2472 2587 et
2494 2532 2568 2588 illi
2593 2533 2798 2591 similes
2822 2552 2920 2593 nos
2949 2538 3060 2592 vult
3095 2540 3232 2595 fieri.
3262 2540 3406 2597 Puer

1828 2623 1973 2679 enim
2002 2623 2423 2694 neque‘gloriam
2453 2624 2745 2692 desiderat,
2771 2643 2945 2698 neque
2973 2629 3200 2696 invidet,
3225 2649 3403 2706 neque

1831 2716 2079 2772 vindicta:
2120 2715 2348 2788 cupidus
2379 2727 2484 2772 est.
2518 2717 2581 2772 Et
2626 2734 2729 2774 non
2773 2719 2974 2789 solum,
3002 2721 3197 2792 inquit,
3225 2726 3270 2781 si
3303 2725 3402 2796 ipsi

1830 2808 1966 2865 tales
2008 2807 2245 2874 fueritis,
2292 2808 2599 2865 mercedem
2644 2811 2927 2882 accipietis
2967 2829 3213 2886 magnam
3246 2856 3264 2884 ,
3305 2819 3405 2876 sed

146 2905 343 2974 μισθὸν
374 2906 611 2978 λήψεσθε
653 2909 848 2980 μέγαν,
875 2909 1012 2964 ἀλλὰ
1062 2909 1168 2965 κᾶν
1200 2911 1419 2983 ἑτέρους
1449 2910 1728 2976 τοιούτους

1834 2911 1882 2959 et
1914 2903 1960 2959 si
1993 2902 2132 2959 alios
2166 2902 2301 2961 tales
2340 2903 2733 2961 venerabimini
2767 2897 2989 2978 propter
3023 2926 3132 2977 me,
3178 2928 3401 2985 regnum

142 2998 426 3069 τιμήσητε
457 2999 526 3053 δι’
563 3002 685 3071 ἐμὲ,
734 3001 1015 3073 βασιλείαν
1060 3003 1306 3072 οὐρανῶν
1356 3001 1724 3058 ἀντιλάϐοιτε.

1834 2995 2091 3051 malorum
2130 2995 2413 3065 accipietis
2444 3014 2459 3052 :
2498 3010 2584 3051 me
2620 2998 2765 3052 enim
2790 2999 3034 3071 accipitis
3070 3020 3084 3057 :
3117 3018 3202 3060 me
3224 3015 3402 3061 autem

152 3084 290 3157 Ἐμὲ
341 3089 455 3161 γὰρ
504 3090 761 3163 δέχεσθε*
797 3092 898 3163 ἐμὲ
925 3093 982 3147 δὲ
1028 3094 1333 3165 δεχόμενοι,
1379 3094 1601 3166 δέχεσθε
1634 3097 1726 3152 τὸν

1834 3083 1919 3153 qui
1949 3083 2194 3155 suscipit,
2219 3083 2448 3153 suscipit
2475 3098 2599 3140 eum
2623 3085 2713 3155 qui
2734 3099 2822 3142 me
2844 3088 3012 3143 misit.
3042 3085 3207 3147 Vides
3232 3093 3400 3164 igitur

141 3181 548 3239 ἀποστείλαντά
578 3199 667 3254 με.
707 3184 871 3258 Ὁρᾷς
899 3185 992 3241 οὖν
1017 3188 1159 3240 πόσα
1206 3187 1431 3242 δύναται
1462 3189 1496 3262 ἡ
1540 3189 1728 3243 ταπεί-

1834 3184 2032 3245 quanta
2079 3184 2259 3246 potest
2312 3175 2614 3243 humilitas,
2654 3176 3037 3249 simplicesque
3087 3190 3143 3235 et
3189 3182 3398 3254 absque

143 3290 335 3339 νωσις,
367 3275 546 3330 καὶτὸ
586 3276 864 3333 ἄπλαστον
901 3278 995 3333 τοῦ
1030 3279 1238 3351 τρόπου
1265 3280 1360 3334 καὶ
1383 3280 1590 3336 ἄδολον.
1627 3281 1730 3335 Τὸν

1834 3265 2024 3322 fraude
2057 3281 2254 3323 mores.
2282 3266 2481 3323 Filium
2510 3269 2655 3324 enim
2681 3276 2735 3323 et
2764 3267 2982 3327 Patrem
3014 3271 3069 3327 in
3111 3275 3269 3331 nobis
3296 3276 3395 3332 ha-

144 3360 281 3416 Υίὸν
300 3363 414 3435 γὰρ
442 3364 538 3419 καὶ
563 3365 657 3420 τὸν
678 3367 894 3440 Πατέρα
910 3368 1164 3433 ὲνοικίζει
1193 3368 1252 3422 ἐν
1279 3369 1435 3440 ἡμῖν.
1462 3368 1730 3441 Πρόδηλον

1835 3359 2010 3414 bitare
2060 3358 2205 3416 facit.
2247 3358 2591 3435 Manifestum
2636 3371 2818 3417 autem
2862 3365 3005 3434 quod
3047 3376 3104 3422 et
3136 3367 3397 3439 Spiritum

143 3451 201 3505 δὲ
224 3454 317 3508 ὅτι
348 3455 443 3508 καὶ
466 3455 527 3510 τὸ
560 3457 782 3529 Πνεῦμα
807 3458 869 3512 τὸ
900 3459 1079 3528 ἅγιον.

1834 3463 2101 3508 sanctum.

217 3564 242 3598 ε
298 3546 604 3620 Ἀπεκρίθη
636 3550 696 3604 δι
749 3551 899 3622 αύτῷ
941 3552 971 3605 δ
1011 3552 1286 3624 Ἰωάννης,
1327 3553 1500 3624 λέγων
1524 3571 1538 3588 ·
1570 3556 1730 3613 Διδά-

1903 3543 2067 3600 Vsus.
2100 3544 2284 3601 57-59.
2320 3564 2338 3599 ι
2379 3546 2673 3617 Respondit
2717 3559 2899 3605 autem
2936 3552 2986 3608 ei
3031 3552 3290 3623 Joannes,
3325 3560 3405 3615 di-

145 3638 341 3704 σκαλε,
372 3639 588 3712 είδομέν
633 3659 754 3698 τινα
801 3646 861 3698 ὲν
904 3644 982 3716 τῷ
1013 3643 1236 3716 ὀνόματί
1276 3664 1368 3700 σου
1403 3647 1730 3703 ἐκϐάλλοντα

1834 3653 1960 3713 cens
1995 3655 2010 3693 :
2043 3638 2374 3710 Praeceptor,
2397 3641 2627 3695 vidimus
2653 3643 2937 3713 quemdam
2978 3645 3030 3700 in
3063 3649 3282 3706 nomine
3308 3660 3401 3707 tuo

144 3729 430 3801 δαιμόνια,
478 3731 538 3798 ὃς
564 3734 666 3788 οὐκ
699 3735 986 3790 ἀκολουθεῖ
1022 3739 1154 3809 ἡμῖν
1180 3752 1194 3768 ο
1231 3738 1328 3790 καὶ
1370 3737 1730 3810 ἐκωλύσαμεν

1834 3730 2028 3809 ejicere
2057 3732 2342 3793 daemonia,
2383 3747 2481 3787 nec
2503 3735 2752 3804 sequitur
2777 3751 2897 3802 nos,
2932 3747 2988 3792 et
3027 3740 3407 3806 prohibuimus

146 3822 336 3887 αὐτὸν,
370 3823 451 3877 ὅτι
480 3825 581 3879 οὐκ
613 3827 900 3882 ἀκολουθεῖ
927 3829 1079 3900 ἡμῖν.
1126 3829 1185 3883 '0
1225 3829 1283 3882 δὲ
1323 3830 1533 3900 Ἰησοῦς
1575 3825 1723 3884 εἴπεο

1834 3821 2003 3887 illum,
2035 3832 2314 3890 propterea
2346 3822 2488 3890 quod
2539 3838 2645 3877 non
2687 3826 2932 3894 sequitur
2965 3844 3087 3885 nos.
3130 3831 3200 3885 At
3242 3830 3402 3890 Iesus

145 3909 243 3985 Μὴ
274 3912 515 3968 κωλύετε
543 3915 727 3969 αὐτόν.
772 3917 959 3981 Οὐδεὶς
989 3918 1096 3987 γάρ
1123 3919 1273 3971 ἐστιν
1310 3918 1367 3981 ὃς
1392 3922 1609 3990 ποιησει
1638 3920 1730 3974 δύ-

1834 3913 1908 3968 ait
1944 3930 1960 3969 :
1993 3911 2072 3969 Ne
2099 3912 2431 3983 prohibeatis
2474 3915 2645 3972 illum.
2675 3914 2866 3973 Nullus
2906 3920 3050 3976 enim
3089 3933 3193 3989 est,
3228 3928 3319 3997 qui
3351 3928 3400 3984 si

145 4021 319 4075 ναμιν
347 4006 444 4059 ἐπὶ
485 4006 562 4078 τῷ
588 4008 815 4078 ὀνόματί
844 4027 973 4079 μου,
1013 4012 1105 4064 καὶ
1132 4011 1432 4082 δυνήσηται
1459 4013 1595 4082 ταχὺ
1629 4031 1730 4069 κα·-

1834 4003 2026 4060 fecerit
2046 4004 2301 4060 virtutem
2332 4020 2428 4073 per
2459 4021 2653 4063 nomen
2693 4023 2893 4074 meum,
2922 4012 3092 4081 possit
3116 4016 3222 4072 cito
3256 4019 3399 4074 male

147 4095 452 4166 κολογῆσαῑ
483 4114 572 4168 με.
623 4100 721 4162 ’ος
775 4099 884 4170 γὰρ
926 4101 1027 4155 οὐκ
1060 4100 1175 4155 ἔστι
1203 4101 1327 4156 καθ’
1360 4102 1542 4172 ἡμῶν,
1592 4104 1730 4175 ὑπὲρ

1834 4096 1979 4166 loqui
2011 4097 2075 4150 de
2097 4109 2199 4149 me.
2233 4093 2397 4165 220
2423 4093 2523 4161 Qui
2552 4096 2695 4150 enim
2732 4112 2836 4151 non
2868 4109 2950 4152 est
2973 4102 3233 4158 adversus
3277 4122 3401 4170 nos,

147 4185 312 4256 ἡμῶν
344 4189 510 4241 ἐστιν,
549 4208 567 4241 ι
595 4189 672 4243 υύ
699 4189 1003 4263 ζηλοτυπίᾳ
1034 4194 1141 4246 τινὶ
1167 4195 1261 4246 καὶ
1308 4192 1489 4264 φθόνῳ
1518 4194 1727 4264 ὑπαγό-

1834 4203 1931 4258 pro
1960 4187 2116 4242 nobis
2146 4195 2250 4243 est.
2287 4205 2307 4239 ι
2350 4184 2465 4240 Non
2509 4187 2771 4257 zelotypia
2800 4190 3031 4260 quadam
3078 4192 3163 4246 vel
3200 4193 3400 4251 invidia

151 4297 317 4348 μενος
341 4283 372 4334 ὀ
389 4285 486 4352 τῆς
511 4281 740 4354 βροντῆς
767 4284 884 4347 υίὸς
945 4284 1144 4338 κωλύει
1170 4280 1374 4340 ἐκεῖνον
1406 4285 1500 4340 τὸν
1531 4287 1599 4340 τὰ
1622 4288 1730 4341 δαι-

1834 4279 2026 4336 ductus
2057 4278 2277 4333 tonitrui
2328 4278 2470 4334 ﬁlius
2514 4278 2768 4348 prohibet
2809 4280 2958 4335 illum
2994 4283 3083 4351 qui
3136 4285 3401 4343 (immania

150 4371 314 4440 μόνια
349 4372 700 4440 ἐκϐάλλοντα,
727 4375 864 4430 ἀλλὰ
912 4374 1083 4429 θέλων
1122 4377 1328 4438 πάντας
1371 4379 1498 4441 τοὺς
1532 4379 1730 4433 ἐπικα-

1834 4369 2003 4437 ejicit,
2025 4368 2115 4423 sed
2142 4366 2324 4421 volens
2351 4383 2541 4422 omnes
2567 4368 2656 4437 qui
2681 4368 2935 4424 invocant
2965 4387 3153 4427 nomen
3186 4374 3401 4431 Domini

147 4458 448 4528 λουμένους
488 4462 549 4516 τὸ
599 4462 771 4533 ὄνομα
818 4462 913 4516 τοῦ
958 4463 1196 4534 Χριστοῦ
1251 4464 1354 4519 καὶ
1413 4466 1730 4522 ἀκολουθεῖν

1837 4463 2005 4517 nostri
2059 4458 2185 4514 Jesu
2226 4458 2449 4527 Christi,
2484 4460 2646 4514 etiam
2696 4463 2848 4530 sequi
2891 4462 3090 4529 ipsum,
3126 4473 3181 4518 et
3229 4481 3396 4522 unum

146 4549 321 4620 αύτῷ,
353 4553 448 4605 καὶ
473 4552 532 4605 ἓν
561 4549 699 4608 εἶναι
727 4555 887 4621 σῶμα
920 4555 1128 4620 πάντας
1162 4557 1293 4619 τοὺς
1325 4557 1613 4627 μαθητάς.’
1636 4560 1726 4613 Ἐν

1834 4567 1955 4607 esse
2002 4566 2200 4622 corpus
2248 4566 2438 4606 omnes
2474 4552 2788 4622 discipulos.
2842 4552 2974 4608 Nam
3025 4555 3078 4608 in
3135 4558 3403 4629 principio

144 4639 258 4709 γὰρ
308 4644 376 4712 τῇ
437 4644 580 4716 ἀρχῇ
626 4645 721 4698 τοῦ
782 4645 1159 4717 κηρύγματος,
1214 4648 1358 4712 τινὲς
1422 4648 1727 4717 φιλοδοξίας

1834 4644 2228 4715 praedicationis
2275 4644 2522 4712 quidam,
2556 4660 2709 4699 vanae
2755 4646 2940 4712 glorias
2993 4648 3172 4703 studio
3230 4652 3397 4721 capti,

149 4733 314 4801 ἔρωτι
350 4737 732 4808 κρατούμενοι,
777 4738 969 4809 ἤθελον
1002 4739 1097 4793 καὶ
1134 4739 1290 4793 αὐτοὶ
1327 4743 1533 4811 σημεῖα
1563 4741 1728 4810 δῆθεν

1834 4735 2113 4789 vetuerunt
2149 4744 2203 4788 et
2238 4734 2338 4803 ipsi
2368 4736 2518 4805 signa
2555 4735 2755 4791 facere.
2786 4735 3043 4792 Videntes
3073 4751 3250 4794 autem
3300 4757 3400 4797 no-

149 4823 503 4890 ἐργάζεσθαι.
548 4827 809 4898 Ὀρῶντες
843 4828 900 4882 δὲ
927 4829 989 4882 τὺ
1019 4829 1191 4899 ὄνομα
1215 4828 1310 4883 τοῦ
1354 4830 1531 4900 Ἰησοῦ
1562 4831 1732 4885 πολλὰ

150 4907 467 4984 δυνάμενον,
511 4918 768 4989 ἐπέλεγον
812 4919 992 4981 τοῦτο.
1034 4924 1128 4975 καὶ
1155 4921 1222 4993 δὴ
1257 4924 1460 4993 σημεῖα
1489 4922 1729 4986 ἐποόυν,

150 5002 322 5068 eam;
356 5005 567 5070 ἀνάξιοι
599 5006 752 5072 ὄντες
777 5009 876 5079 τῆς
911 5009 1060 5074 θείας
1094 5010 1314 5081 χάριτος
1353 5009 1492 5078 (69).
1533 5009 1730 5063 ’ίίϐούο

152 5099 271 5147 Asse
308 5096 420 5167 γάρ
472 5098 502 5151 ὀ
548 5096 755 5170 Κύριος
808 5100 1175 5154 πλατύνεσθαι
1221 5102 1282 5154 τὸ
1317 5104 1602 5173 κήρυγμα,
1634 5104 1731 5155 καὶ

152 5181 237 5235 διά
269 5185 381 5238 τῶν
410 5187 666 5255 ἀναξίων.
701 5191 765 5243 Τί
793 5189 889 5245 οὖν
917 5193 947 5245 ὁ
973 5191 1164 5262 Σωτήρ
1190 5210 1203 5257 ;
1236 5193 1312 5246 Ού
1351 5196 1628 5264 συγχωρεῑ
1654 5192 1729 5262 τῷ

164 5275 387 5351 Ἰωάννῃ
411 5279 643 5335 κωλύειν
662 5282 753 5336 τὸν
772 5282 842 5336 τά
859 5286 1061 5354 σημεῖα
1083 5282 1357 5350 ποιοῦντα,
1376 5283 1731 5356 ἀλλ’,Ἄφετε

1113 5420 1198 5480 Ex
1229 5418 1577 5482 collatione
1612 5419 1808 5482 codd.

224 5541 340 5621 (εἶθ)
380 5542 512 5621 God.
537 5545 904 5621 26-:U'AD.“
929 5547 1054 5621 Δτῆς
1101 5546 1251 5621 θείας
1309 5549 1531 5621 χάριτος
1577 5550 1731 5614 ϐντες

157 5612 367 5690 ἀνάξιοι
388 5629 406 5644 ’
441 5614 523 5668 διδ
552 5616 703 5690 post
724 5612 1161 5690 συνηκολούθουν
1174 5612 1355 5680 αὐτοῖς
1386 5612 1485 5673 ’διὰ
1511 5612 1611 5690 τὴν
1640 5612 1734 5688 ὲγὲ

158 5686 575 5758 κράτειανς-καὶ
623 5687 1043 5758 σκληραγωτίαν
1094 5687 1205 5758 τῶν
1259 5686 1595 5755 ἀποστόλων,
1637 5686 1734 5743 καὶ

166 5751 254 5828 διε
285 5755 347 5828 το
393 5753 575 5809 θέλειν
627 5751 1082 5828 «adsensun;
1127 5756 1429 5827 θελήμασιν
1473 5751 1763 5828 ἄγεσθαιγ

161 5824 255 5876 καὶ
288 5822 722 5898 ἁδιαφορώτερον
751 5822 873 5901 ζῇν.
901 5829 961 5883 Τί
992 5823 1108 5884 οὖν
1129 5830 1161 5883 ό
1187 5822 1387 5899 Σωτήρ
1414 5846 1432 5896 ;
1471 5822 1534 5886 κζ
1570 5847 1621 5886 τ.
1681 5829 1731 5884 λ.

1831 4843 1950 4882 men
1978 4825 2105 4882 Jesu
2140 4827 2365 4881 multum
2413 4828 2613 4893 valere,
2645 4843 2812 4897 super
2838 4830 3083 4885 intirmos
3111 4833 3211 4887 hoc
3251 4834 3400 4888 dice-

1832 4920 1980 4983 bant,
2014 4919 2277 4986 signaque
2310 4917 2599 4983 faciebant,
2634 4920 2833 4989 alioqui
2864 4924 3039 4991 gratia
3077 4924 3256 4977 divina
3297 4926 3397 4979 in—

1834 5009 1997 5074 digni.
2017 5006 2405 5063 Volebatenim
2433 5008 2681 5066 Christus
2708 5011 2922 5066 dilatari
2957 5014 3396 5080 praedicationem

1833 5101 1993 5153 etiam
2016 5113 2114 5167 per
2143 5096 2416 5169 indignos.
2448 5100 2588 5165 Quid
2614 5100 3094 5172 igitur°Salvatori
3124 5105 3241 5161 Non
3274 5125 3399 5178 prr-

1835 5189 1999 5245 mittit
2025 5187 2287 5272 Joannem
2329 5191 2616 5259 prohibere
2652 5193 2804 5262 signa
2849 5193 3158 5252 facientem.
3207 5194 3402 5254 Omit-

1832 5284 1951 5348 tite,
1998 5283 2220 5352 inquit;
2258 5283 2436 5337 nullus
2491 5286 2632 5338 enim
2675 5286 2766 5356 qui
2819 5286 3009 5343 fecerit
3056 5291 3307 5347 virtutem
3345 5296 3400 5350 in

1841 5421 2072 5481 Venet.
2125 5421 2187 5480 S.
2221 5422 2441 5483 Marci.

1840 5566 1860 5601 ι
1892 5549 2104 5626 alioqui
2148 5550 2320 5622 gratia
2350 5550 2529 5626 divina
2560 5552 2801 5626 indigni;
2841 5569 2906 5610 eo
2964 5558 3102 5626 quod
3138 5574 3243 5612 non
3281 5574 3404 5617 sese

1834 5618 2199 5695 adiungebant
2222 5621 2481 5695 apostolis
2511 5618 2728 5694 proptér
2747 5618 2996 5695 ipsorum'
3014 5627 3397 5685 abstinentiam

1835 5693 2069 5767 atquein
2100 5689 2328 5767 vivendo
2353 5689 2719 5767 austeritatem
2753 5689 2847 5767 τίει
2868 5697 2957 5767 qui
2989 5697 3235 5767 volebant
3246 5697 3400 5767 juxta

1838 5759 2480 5841 proptriatnjol‘uutatem
2537 5779 2599 5821 ac
2637 5765 2857 5830 liberius
2884 5759 3103 5822 'vivere.
3135 5759 3277 5834 Quid
3297 5768 3399 5841 igt-

1835 5827 1923 5883 tur
1950 5827 2199 5885 Salvator
2227 5829 2251 5883 .’
2279 5841 2384 5888 etc.
2421 5850 2441 5887 ι
