3866 6448
471 380 581 451 sat

1389 388 1965 452 THEOPHYLACTI
2006 388 2420 453 BULGARI/E
2457 389 2817 460 ARCHIEP.
3600 404 3685 467 599,

468 503 686 558 nomine
714 518 857 567 meo.
886 503 1069 558 statim
1105 503 1301 575 poterit
1333 505 1399 558 de
1434 519 1520 560 me
1545 504 1683 558 male
1715 502 1880 572 loqui.
1908 500 2021 555 Nan

2145 498 2273 569 γὰρ,
2304 500 2488 568 φησὶν,
2513 501 2690 567 οὐδεὶς
2718 504 2827 576 γὰρ
2850 504 3141 579 δυνήσεται
3177 511 3313 580 ταχὺ
3354 511 3697 584 κακολογῆσαί

466 612 571 666 quo
595 605 747 665 pacto
776 596 913 650 male
942 596 1252 665 loqueretur
1273 596 1339 652 de
1371 611 1473 661 me,
1510 595 1598 665 qui
1629 608 1821 649 nomen
1861 607 2037 646 meum

466 691 515 743 in
554 690 895 744 occasioziem
938 689 1122 758 gloria:
1168 688 1434 758 praetexit,
1472 696 1524 740 ct
1569 684 1869 739 iurocaudo
1910 681 2038 737 illud

463 791 724 850 cperatur
765 780 934 834 mira?
981 778 1210 835 Videtur
1257 790 1436 834 autem
1490 776 1746 831 Deminus
1778 774 1877 827 sibi
1912 788 2039 825 cou-

464 871 753 925 tradicere.
785 872 996 926 Dixerat
1016 872 1158 925 enim
1184 870 1340 923 alibi:
1372 887 1389 919 ι
1423 866 1523 934 Qui
1556 881 1660 920 non
1691 874 1773 919 est
1799 877 2034 928 mecum,

463 977 648 1017 contra
699 980 786 1017 me
817 972 897 1018 est
931 981 943 1019 :
983 982 1001 1015 ι
1039 980 1181 1017 nunc
1205 963 1333 1016 dicit
1365 979 1377 1016 :
1417 980 1435 1013 ι
1475 959 1573 1027 Qui
1603 973 1706 1012 nou
1735 967 1816 1013 est
1845 963 2034 1030 contra

463 1073 581 1122 nos,
608 1072 705 1127 pro
741 1058 894 1111 nobis
923 1064 1025 1110 est.
1052 1074 1070 1107 ι
1108 1054 1371 1109 Videntur
1405 1053 1620 1121 quidem
1651 1051 1767 1104 hac
1797 1049 2032 1113 diversa,

461 1149 569 1203 neu
597 1158 721 1204 sunt
751 1159 949 1204 autem.
983 1146 1112 1201 Nam
1148 1163 1265 1200 cum
1301 1146 1454 1211 dicit,
1491 1163 1509 1195 ι
1547 1144 1645 1210 Qui
1675 1157 1778 1197 non
1813 1148 1894 1195 est
1917 1153 2033 1194 me-

462 1257 582 1297 cum
616 1282 630 1308 ,
673 1252 858 1297 contra
914 1255 997 1295 me
1050 1251 1130 1295 est
1159 1239 1205 1271 ⁸⁷
1238 1280 1252 1303 ,
1296 1239 1360 1291 de
1409 1236 1768 1290 dmmonibus‘
1811 1241 1895 1287 est
1956 1232 2037 1284 di-

465 1342 636 1400 Ctnm,
673 1336 763 1402 qui
802 1335 1019 1386 student
1049 1347 1075 1384 a
1110 1331 1303 1385 divinis
1327 1330 1639 1383 abstrahere
1662 1366 1676 1390 ,
1708 1334 1761 1379 et
1793 1340 1912 1394 quae
1937 1322 2030 1376 Dei

460 1437 605 1487 sunt,
640 1427 969 1495 dispergere.
997 1424 1149 1489 Quod
1183 1433 1361 1477 autem
1397 1435 1560 1485 nunc,
1599 1419 1799 1472 dietmn
1834 1418 1901 1471 de
1937 1418 2034 1468 ho-

460 1518 714 1582 minibus,
748 1518 836 1587 qui
887 1518 951 1570 ad
982 1498 1146 1569 Deuiu
1188 1514 1445 1583 quosdam
1493 1511 1768 1566 adducunt
1797 1523 1896 1579 per
1931 1508 2031 1561 tui-

457 1612 759 1666 rarnlorttut
792 1609 1181 1677 operationem.

523 1703 689 1757 Vens.
722 1702 918 1763 40,“.
946 1720 963 1753 ι
999 1701 1253 1771 Quisquis
1283 1700 1425 1754 enim
1459 1699 1524 1753 ad
1556 1697 1847 1753 bibendum
1873 1696 2031 1750 dede-

454 1797 525 1850 rit
557 1797 710 1850 vobis
748 1796 973 1850 calicem
1021 1809 1171 1864 aquae
1216 1795 1268 1847 in
1302 1793 1523 1847 nomine
1560 1805 1699 1856 meo,
1736 1790 1876 1859 quod
1912 1788 2030 1844 sitis

453 1886 653 1940 Christi
696 1903 709 1940 :
748 1900 903 1939 amen
958 1886 1081 1939 dico
1122 1885 1293 1947 vobis,
1326 1897 1671 1953 nequaquam
1724 1881 2031 1951 perditurus

452 1987 529 2032 est
570 1979 870 2030 mercedum
913 1991 1087 2029 suam.
1143 1974 1204 2028 Et
1243 1974 1489 2044 quisquis
1538 1971 1823 2027 on‘euderit
1864 1987 2027 2025 unum

453 2086 517 2124 ex
562 2070 768 2140 pusillis
797 2071 885 2139 qui
919 2068 1199 2121 confidunt
1241 2068 1291 2122 itt
1329 2081 1435 2133 me,
1469 2065 1663 2121 melius
1700 2064 1839 2120 foret
1868 2065 1944 2118 illi
1983 2064 2026 2117 si

452 2162 882 2215 circumdaretur
917 2176 1106 2215 saxum
1140 2159 1343 2214 molare
1392 2160 1540 2213 circa
1592 2158 1856 2213 cervicem
1887 2158 2026 2229 ejus,

451 2268 504 2308 et
541 2244 866 2323 abjibcretur
911 2254 963 2306 itt
1014 2266 1161 2305 mare
1228 2272 1246 2303 ι
1286 2249 1401 2304 Non
1442 2249 1639 2315 solum,
1696 2249 1892 2319 inquit,
1945 2248 2027 2302 fu-

451 2345 652 2396 ricutes
676 2342 924 2396 virtutem
952 2342 1001 2395 in
1028 2343 1242 2395 nomine
1277 2356 1418 2406 meo,
1456 2356 1559 2393 non
1593 2340 1855 2410 prohibeo
1885 2357 1898 2392 :
1932 2338 2026 2394 sed

451 2435 493 2486 si
542 2434 661 2503 quis
712 2433 991 2485 tuiniumtn
1042 2431 1296 2501 quiddam
1350 2429 1559 2484 dederit
1614 2428 1765 2482 vobis
1809 2435 2029 2497 propter

449 2539 646 2578 nomen
682 2535 880 2588 Inculti,
934 2534 986 2578 ct
1021 2523 1323 2590 susccperit
1364 2537 1456 2575 vos
1497 2530 1718 2591 propter
1750 2534 1855 2585 me,
1915 2534 2021 2574 non

450 2625 665 2685 propter
701 2616 992 2669 humanam
1028 2615 1283 2685 gratiam,
1335 2614 1417 2668 vel
1455 2612 1811 2675 mundanam,
1848 2611 2026 2666 neuti-

447 2722 608 2776 quam
655 2708 845 2777 perdet
876 2705 1180 2760 mercedem
1204 2719 1380 2759 Suam.
1416 2702 1559 2757 Dixit
1589 2712 1766 2758 autem
1799 2702 2025 2758 calicem

446 2815 620 2865 amne,
681 2808 902 2870 propter
956 2814 1049 2854 eos
1121 2798 1210 2867 qui
1272 2806 1642 2868 paupertatem
1698 2803 2023 2866 prmtexunt.

446 2889 625 2944 Etiam
653 2890 697 2944 si
725 2890 970 2953 calicem,
1014 2889 1210 2956 inquit,
1259 2902 1412 2956 aqua!
1444 2886 1658 2941 dederis
1702 2884 2027 2955 contempti-

445 2981 638 3050 bilem,
675 2994 850 3052 neque
890 2982 1036 3034 illum
1075 2983 1287 3050 perdes.
1325 2977 1792 3047 Quemadmodum
1842 2988 2024 3033 autem

446 3074 491 3126 si
526 3076 689 3125 unum
746 3089 807 3126 ex
863 3073 1039 3142 parvis
1078 3072 1453 3137 ltouoraveris,
1500 3079 1687 3141 gratus
1719 3072 1828 3125 eris
1861 3071 1975 3126 Deo
2004 3107 2021 3135 ,

448 3164 526 3217 sic
547 3164 589 3217 si
618 3178 783 3217 unum
816 3178 882 3215 ex
915 3163 1094 3230 parvis
1138 3161 1615 3228 scandalizaveris,
1645 3163 1750 3217 hoc
1776 3170 1881 3227 est,
1924 3160 2022 3216 de-

445 3256 712 3325 spexeris,
758 3254 1068 3319 olfeuderis,
1099 3256 1374 3325 expediret
1409 3255 1502 3310 tibi
1531 3256 1576 3310 si
1612 3254 1753 3310 mola
1787 3254 2021 3309 asinaria

444 3349 512 3402 de
535 3349 674 3402 collo
699 3358 789 3403 tuo
814 3351 1262 3418 suspenderetnr,
1297 3349 1600 3418 graviorem
1628 3348 1774 3402 enim
1802 3360 2017 3419 ptenam

446 3440 851 3494 sustinebimus.
920 3438 1185 3493 Seusibile
1236 3450 1418 3492 autem
1489 3438 1813 3508 supplicium
1858 3436 2018 3502 dixit,

446 3541 654 3584 torrens
683 3546 780 3585 nos
808 3547 904 3601 per
938 3531 1039 3584 hoc
1084 3520 1341 3585 sensibile
1369 3529 1665 3599 exemplar.

520 3623 679 3678 Vens.
712 3624 898 3677 ιε-ιθ.
944 3641 963 3675 t
1011 3623 1073 3676 Et
1100 3624 1142 3677 si
1177 3624 1271 3677 tibi
1313 3622 1473 3677 fuerit
1510 3623 1796 3677 obstaculo
1828 3638 2020 3678 manus

445 3724 558 3782 tua,
590 3726 806 3785 amputa
852 3716 1020 3770 illam.
1066 3715 1272 3769 Bonum
1302 3725 1384 3770 est
1413 3715 1508 3769 tibi
1546 3716 1792 3769 nuttilum
1832 3717 1897 3768 ad
1936 3716 2021 3768 vi-

444 3822 555 3863 tam
606 3809 833 3881 ingredi,
870 3811 1050 3881 potius
1086 3825 1245 3880 quam
1295 3809 1433 3864 duas
1478 3825 1669 3864 manus
1727 3809 2016 3863 habentem

442 3903 594 3955 abire
640 3903 693 3956 in
747 3903 1071 3973 gehennam,
1141 3903 1193 3955 in
1250 3904 1430 3972 iguettt
1500 3902 2014 3971 inexstittguibilem,

442 3994 529 4047 ubi
563 3995 763 4049 vermis
792 3995 1002 4047 illorum
1032 4009 1134 4048 non
1160 3996 1414 4057 moritur,
1436 4004 1489 4047 et
1513 3994 1650 4062 ignis
1679 4009 1783 4047 non
1810 3994 2011 4047 exstin-

441 4090 641 4157 guitur.
682 4087 743 4140 Et
779 4088 822 4141 si
853 4104 946 4155 pes
980 4097 1101 4141 tuus
1138 4087 1297 4141 luerit
1334 4087 1428 4142 tibi
1457 4087 1757 4152 obstaculo,
1797 4094 2014 4155 amputa

442 4178 592 4232 illum
625 4195 638 4230 :
674 4179 872 4233 bunum
904 4187 985 4230 est
1012 4177 1105 4231 tibi
1134 4187 1189 4231 ut
1221 4178 1542 4248 ingrediaris
1573 4177 1638 4230 ad
1681 4178 1844 4231 vitam
1874 4177 2018 4229 elau-

439 4267 564 4329 dus,
591 4268 768 4335 potius
810 4266 967 4334 22],
1006 4282 1167 4335 quam
1213 4265 1350 4319 duos
1386 4267 1550 4333 pedes
1582 4266 1784 4320 habens
1833 4268 2017 4320 mitta-

440 4357 518 4409 ris
574 4354 624 4406 in
675 4355 997 4423 gehennam,
1050 4357 1100 4406 in
1145 4354 1319 4424 ignem
1374 4355 1889 4425 inexstinguibilem,
1925 4357 2014 4416 ubi

440 4446 639 4499 vermis
678 4443 888 4497 illorum
930 4458 1032 4498 neu
1066 4446 1313 4507 moritur,
1333 4452 1384 4498 et
1414 4446 1550 4516 ignis
1581 4462 1683 4501 non
1711 4449 2013 4517 exstingui-

2147 606 2234 661 με,
2262 592 2318 655 ὃς
2342 593 2559 663 ποιήσει
2583 594 2812 667 δύναμιν
2842 599 2933 653 ἐπὶ
2963 600 3038 670 τῷ
3062 600 3285 673 ὀνόματί
3312 620 3436 673 μου.
3466 605 3592 666 Πῶς
3611 609 3696 680 γὰρ

2142 682 2208 738 ἂν
2238 684 2625 756 κακολογήσειέ
2663 705 2729 758 με
2762 692 2789 742 ὁ
2812 691 2872 744 τὸ
2917 692 3091 763 ΰνομά
3127 712 3229 764 μου
3271 696 3526 769 ἀφορμὴν
3560 699 3695 769 δᾶξης

2141 774 2312 846 ἔχων,
2376 776 2471 830 καὶ
2533 778 2620 831 διὰ
2676 779 2772 833 τοῦ
2812 782 3187 839 ἐπικαλεῖσθαι
3248 786 3405 840 τοῦτο
3470 787 3696 857 θαυμαιίιι⁴

2139 865 2351 934 ουργῶν
2401 866 2553 938 (70);
2602 869 2760 923 Δοκεῖ
2820 872 2878 924 δὲ
2929 875 3147 928 ἐναντία
3195 876 3376 943 λέγειν
3430 880 3458 931 ὁ
3521 878 3699 949 Κύριος

2141 957 2339 1026 ἐαυτῷ.
2390 959 2650 1031 ’Λλλαχοῦ
2682 964 2789 1032 γὰρ
2819 965 3008 1029 εἰπὼν,
3037 987 3054 1019 ι
3096 969 3158 1020 '0
3191 970 3262 1040 μὴ
3294 969 3370 1022 ὢν
3409 972 3527 1041 μετ’
3562 974 3697 1042 ἐμοῦ,

2139 1052 2262 1102 κατ’
2285 1052 2415 1120 ἐμοῦ
2440 1054 2576 1118 ἐστι,
2610 1073 2629 1107 ι
2652 1054 2744 1107 νῦν
2767 1055 2943 1124 λέγει,
2969 1077 2987 1110 t
3018 1061 3113 1121 Ὃς
3137 1061 3235 1112 οὐκ
3257 1060 3375 1113 ἐστι
3397 1062 3519 1115 καθ’
3538 1062 3705 1133 ἡμῶν,

2140 1146 2281 1217 ὑπὲρ
2306 1147 2463 1217 ἡμῶν
2496 1149 2632 1204 ἐστι.
2669 1168 2686 1201 ι
2721 1151 2981 1206 Δοκοῦσιν
3006 1154 3099 1209 οῦν
3126 1154 3300 1209 ταῦτα
3327 1157 3541 1211 ἐναντία
3561 1175 3576 1187 ο
3614 1161 3698 1212 οὐκ

2137 1237 2248 1289 εἰσὶ
2274 1237 2351 1291 δέ.
2385 1239 2458 1291 Τὸ
2486 1240 2586 1308 μὲν
2617 1241 2776 1312 γὰρ,ι
2809 1242 2870 1295 '0
2896 1244 2968 1314 μὴ
2988 1244 3061 1297 ὢν
3093 1247 3210 1315 μετ’
3241 1248 3399 1316 ἐμοῦ,
3434 1247 3556 1301 κατ’
3585 1250 3697 1318 ἐμοῦ

2136 1328 2272 1395 ἐστι,
2314 1347 2331 1381 ι
2376 1331 2507 1401 περὶ
2533 1331 2806 1401 δαιμόνων
2848 1335 3086 1404 εἴρηται,
3111 1337 3220 1391 τῶν
3246 1337 3353 1391 ἀπὸ
3380 1337 3515 1392 Θεοῦ
3551 1340 3697 1407 ἀφέλο

2137 1436 2252 1475 κειν
2283 1422 2694 1487 σπουδαζόντων
2740 1428 2833 1479 καὶ
2886 1427 3288 1497 σκορπιζόντων
3335 1431 3405 1483 τά
3430 1432 3522 1483 τοῦ
3552 1431 3692 1487 Θεοῦ.

2136 1513 2209 1566 Τὸ
2227 1513 2283 1566 δὲ
2314 1514 2408 1567 νῦν
2442 1516 2605 1586 ῥηθὲν
2665 1519 2792 1588 περὶ
2824 1518 3145 1590 ἀνθρώπων,
3176 1521 3286 1573 τῶν
3319 1522 3519 1593 μᾶλλον
3547 1540 3697 1593 προσ-

2134 1603 2376 1673 αγόντων
2424 1606 2576 1669 τινὰς
2612 1608 2690 1678 τῷ
2734 1609 2852 1680 Θεῷ
2885 1610 2973 1663 διὰ
3006 1611 3101 1664 τοῦ
3135 1611 3389 1683 θαύματα
3426 1613 3694 1668 ἐπιτελεῖν.

2207 1716 2227 1750 ι
2269 1700 2364 1763 Ὃς
2411 1698 2521 1771 γὰρ
2562 1700 2627 1755 ἂν
2663 1704 2858 1774 ποτίσῃ
2908 1704 3053 1771 ὑμᾶς
3106 1707 3365 1775 ποτήριον
3418 1706 3609 1769 ὓδατος
3649 1707 3696 1758 ὲν

2132 1788 2209 1858 τῷ
2239 1789 2463 1860 ὀνόματί
2492 1808 2618 1861 μου,
2650 1792 2734 1845 ὄτι
2764 1794 3002 1863 Χριστοῦ
3029 1796 3170 1860 ἐστε,
3208 1796 3355 1866 ἀμὴν
3382 1797 3528 1864 λέγω
3559 1799 3694 1865 ὑμῖν,

2132 1882 2192 1933 οῦ
2224 1882 2296 1954 μὴ
2320 1883 2558 1955 ἀπολέσῃ
2584 1883 2675 1937 τὸν
2711 1886 2902 1954 μισθὸν
2952 1886 3137 1940 αὐτοῦ.
3180 1889 3286 1941 Kal
3315 1888 3374 1951 ὃς
3414 1889 3509 1942 ἐὰν
3544 1907 3693 1941 σκιν·

2128 1973 2318 2044 δαλίσῃ
2362 1974 2459 2028 ἕνα
2505 1975 2614 2029 τῶν
2657 1977 2880 2047 μικρῶν
2908 1977 3018 2029 τῶν
3066 1978 3431 2033 πιστευόντων
3484 1983 3564 2043 εἰς
3590 1982 3694 2050 ἐμὲ,

2129 2064 2294 2118 καλόν
2324 2066 2472 2120 ἐστιν
2498 2066 2645 2137 αὐτῷ
2684 2068 2906 2137 μᾶλλον,
2957 2069 3004 2120 εἰ
3042 2068 3349 2138 περίκειται
3376 2070 3523 2135 λίθος
3551 2073 3695 2142 yol:-

2126 2156 2223 2220 κὸς
2256 2160 2383 2228 περὶ
2411 2158 2503 2211 τὸν
2549 2160 2823 2229 τράχηλον
2850 2160 3039 2224 αὑτοῦ,
3065 2162 3159 2214 καὶ
3189 2161 3450 2232 βέϐληται
3496 2165 3579 2226 είς
3610 2165 3693 2233 τὴν

2128 2248 2423 2304 θάλασσαν.
2464 2268 2482 2301 ι
2507 2251 2582 2304 Οὐ
2618 2250 2774 2320 μόνον
2844 2253 2998 2321 φησι,
3034 2252 3122 2304 τὸν
3154 2252 3411 2322 δυνάμεις
3455 2253 3695 2307 ποιοῦντα

2126 2340 2185 2391 ὲν
2218 2338 2294 2407 τῷ
2321 2339 2548 2409 ὀνόματί
2582 2357 2685 2409 μου
2712 2342 2778 2392 οὐ
2831 2342 3050 2401 κωλύω,
3097 2341 3234 2395 ἀλλὰ
3261 2341 3364 2397 κάν
3396 2359 3479 2405 τις
3520 2344 3690 2413 ὲλάχι-

2139 2429 2264 2482 στόν
2283 2447 2335 2483 τι
2355 2429 2519 2483 δώσει
2544 2431 2672 2501 ὑμῖν
2702 2431 2790 2485 διὰ
2805 2431 2865 2485 τὸ
2887 2432 3018 2500 ἐμὸν
3039 2431 3232 2502 ὅνομα,
3259 2435 3352 2486 καὶ
3372 2432 3691 2504 ἀποδέξηται

2127 2520 2271 2591 ὑμᾶς
2304 2520 2370 2573 δι’
2403 2521 2525 2591 ἐμὲ,
2559 2522 2620 2574 οὐ
2653 2521 2721 2575 δι’
2754 2523 3103 2592 ἀνθρωπίνην
3147 2524 3308 2593 χάριν
3338 2524 3370 2594 ἢ
3408 2525 3689 2594 κοσμικὴν,

2123 2612 2189 2667 οὐ
2222 2612 2297 2685 μὴ
2329 2613 2574 2684 ἀπολέσῃ
2616 2614 2707 2666 τὸν
2749 2614 2938 2684 μισθὸν
2964 2614 3151 2669 αὐτοῦ.
3190 2611 3324 2667 Eine
3358 2615 3415 2668 δὲ
3448 2617 3507 2667 τὸ
3539 2617 3692 2685 ποτή-

2130 2722 2243 2776 ριον
2282 2704 2375 2758 τοῦ
2423 2704 2635 2771 ὓδατος,
2671 2706 2760 2759 διὰ
2793 2707 2918 2770 τοῦς
2952 2707 3460 2778 προφασιζομένους
3487 2707 3583 2778 τὴν
3611 2724 3696 2761 πε-

2125 2796 2266 2850 νίαν.
2284 2795 2403 2851 Κᾶν
2432 2796 2745 2868 γὰρ,’φησ“ι,
2771 2799 3025 2868 ποτήριον
3042 2797 3231 2860 ὓδατος
3251 2796 3466 2860 δώσεις,
3481 2797 3539 2850 τὺ
3558 2798 3693 2850 εὖτε-ι

2124 2886 2403 2954 λέστατον,
2437 2889 2559 2942 οὐδὲ
2587 2887 2746 2942 τοῦτο
2794 2890 3105 2952 ἀπολέσεις.
3146 2890 3358 2961 Ὠσπερ
3392 2890 3453 2943 δὲ
3482 2890 3576 2944 ἐὰν
3603 2890 3688 2944 ἕνα

2125 2980 2234 3034 τῶν
2275 2980 2488 3051 μικρῶν
2538 2984 2798 3053 τιμήσῃς,
2852 2982 3169 3051 εὐπρεπεῖς
3201 2981 3278 3051 τῷ
3331 2982 3474 3053 Θεῷ,
3533 2983 3688 3047 οὕτως

2124 3072 2222 3125 ἐὰν
2271 3072 2369 3127 ἕνα
2395 3073 2503 3126 τῶν
2537 3074 2748 3144 μικρῶν
2795 3074 3174 3145 σκανδαλίσῃς,
3206 3075 3485 3129 τουτέστιν
3514 3077 3689 3145 sum.

2128 3182 2247 3236 σῃς,
2297 3165 2687 3239 ὐποσκελίσῃς,
2736 3167 3009 3239 συμφέρει
3057 3185 3161 3235 σοι,
3210 3171 3261 3222 εἰ
3311 3169 3480 3238 μύλος
3530 3169 3688 3232 ὀνικὸς

2125 3256 2441 3328 ἐκρεμάσθη
2467 3275 2560 3311 σου
2577 3260 2633 3312 ἐν
2652 3259 2729 3329 τῷ
2747 3260 3022 3332 τραχήλῳ·
3047 3259 3262 3331 χείρονα
3287 3260 3418 3330 γὰρ,
3437 3261 3513 3324 ὡς
3537 3262 3684 3324 ἔοικε,

2122 3349 2396 3419 τιμωρίαν
2431 3350 2870 3420 ὑποστησόμεθα.
2914 3352 3189 3425 Αίσθητὴν
3226 3351 3285 3407 δὲ
3322 3353 3593 3425 τιμωρίαν
3616 3348 3684 3405 εἷο

2124 3458 2248 3506 πεν,
2291 3442 2541 3511 ἐκφοϐῶν
2571 3444 2714 3513 ἡμᾶς
2761 3443 2848 3498 διὰ
2879 3443 3071 3497 τούτου
3125 3442 3218 3497 τοῦ
3269 3443 3528 3515 αἰσθητοῦ
3564 3444 3684 3497 ὑπο-

2121 3532 2438 3601 δείγματος.

2201 3642 2219 3675 ι
2258 3624 2367 3677 Kal
2408 3622 2504 3676 ἐὰν
2534 3622 2864 3693 σκανδαλίζῃ
2908 3638 2969 3675 σε
3012 3624 3046 3692 ἠ
3092 3623 3217 3692 χείρ
3262 3639 3380 3687 σου,
3427 3623 3680 3690 ἀπόκοψον

2122 3716 2310 3787 αὐτήν.
2336 3715 2516 3769 Καλόν
2540 3715 2621 3767 σοί
2654 3716 2770 3767 ἐστι
2794 3714 2987 3769 κυλλὸν
3016 3716 3097 3778 είς
3122 3716 3220 3785 ⁴τὴν
3248 3714 3397 3785 ζωὴν
3418 3717 3675 3778 εἰσελθεῖν,

2122 3806 2153 3875 ἢ
2182 3807 2281 3869 τὰς
2302 3805 2396 3858 δύο
2425 3808 2618 3875 χεῖρας
2654 3804 2866 3875 ἔχοντα,
2906 3803 3161 3858 ἀπελθεῖν
3190 3805 3271 3865 είς
3308 3803 3409 3874 τὴν
3452 3803 3676 3870 γέενναν,

2121 3899 2198 3959 εἰς
2247 3898 2305 3948 τό
2334 3894 2444 3967 πῦρ
2474 3896 2534 3948 τὸ
2563 3896 2846 3963 ἄσϐεστον,
2888 3895 3022 3948 ὅπου
3063 3896 3091 3947 ὁ
3124 3893 3341 3965 σκώληξ
3406 3895 3579 3947 αἰτῶν
3623 3892 3675 3943 οὗ

2118 3989 2364 4058 τελευτᾷ,
2405 3990 2501 4041 καὶ
2531 3987 2591 4041 τὸ
2643 3987 2755 4058 πῦρ
2787 3989 2848 4040 οὐ
2892 3987 3199 4041 σϐέννυται.
3225 3987 3336 4040 Kal
3388 3986 3529 4039 ὲάνὸ
3564 3984 3678 4047 ποῦς

2123 4096 2215 4131 σου
2259 4079 2588 4152 σκανδαλίζῃ
2615 4096 2695 4139 σε.
2721 4079 2996 4148 ἀπόκοψον
3026 4078 3213 4141 αὐτὸν,
3248 4078 3412 4131 καλόν
3445 4081 3525 4131 σοί
3547 4080 3677 4132 ἐστιν

2117 4171 2378 4225 εἰσελθεῖν
2418 4172 2498 4234 είς
2541 4171 2639 4241 τὴν
2696 4170 2841 4243 ζωὴν
2887 4170 3082 4239 χωλὸν,
3128 4170 3162 4241 ἢ
3211 4169 3338 4232 τοὺς
3391 4170 3484 4222 δύο
3532 4169 3678 4230 πόδας

2118 4263 2331 4335 ἔχοντα,
2369 4263 2634 4335 βληθῆναι
2663 4264 2742 4327 εἰς
2787 4261 2883 4333 τὴν
2934 4262 3183 4329 γέενναν,
3241 4263 3323 4325 εις
3376 4262 3438 4314 τὸ
3477 4260 3580 4330 πῦρ
3625 4259 3677 4309 τὸ

2118 4356 2402 4416 ἄσϐεστον,
2432 4356 2623 4408 ὅπου’ό
2653 4353 2870 4424 σκώληξ
2900 4352 3079 4405 αὐτῶν
3128 4355 3191 4405 οῦ
3222 4352 3470 4424 τελευτᾷ,
3516 4349 3674 4403 καὶτὸ

2119 4447 2228 4519 πῦρ
2259 4447 2319 4499 οὐ
2350 4446 2658 4501 σϐέννυται.
2704 4445 2814 4497 K'al
2837 4447 2935 4498 ἐὰν
2969 4445 2996 4497 ό
3031 4443 3307 4513 ὀφθαλμός
3347 4461 3440 4496 σου
3465 4440 3673 4494 σκανδα-

442 4547 547 4591 tur.
572 4536 636 4589 Et
664 4536 707 4589 si
732 4536 919 4590 oculus
950 4545 1069 4589 tuus
1095 4535 1189 4589 tibi
1218 4537 1496 4591 obstaculo
1525 4548 1629 4603 est,
1658 4552 1790 4593 erue
1814 4539 1960 4593 illum
1991 4554 2006 4593 :

2129 4540 2236 4610 ιίζῃ
2274 4556 2354 4602 σε,
2385 4538 2581 4593 ἔκϐαλε
2618 4536 2817 4591 αὐτόν’
2854 4537 3015 4590 καλόν
3051 4537 3133 4589 σοί
3166 4538 3287 4590 ἐστι
3322 4533 3669 4606 μονόφθαλμον

437 4630 639 4685 bonum
674 4640 753 4683 est
803 4629 897 4683 tibi
934 4638 991 4682 ut
1038 4628 1219 4683 luscus
1267 4630 1502 4683 introeas
1536 4630 1585 4683 in
1637 4645 1859 4698 regnum
1896 4631 2010 4696 Dei,

441 4722 617 4789 potius
667 4737 829 4789 quam
868 4730 923 4774 ιιι
977 4720 1114 4774 duos
1165 4721 1353 4775 oculos
1407 4721 1611 4775 habens
1672 4721 1908 4774 mittaris
1961 4722 2016 4775 in

438 4820 738 4888 gehennam
774 4818 929 4887 ignis,
959 4816 1047 4870 ubi
1082 4816 1280 4869 vermis
1307 4830 1492 4870 eorum
1531 4831 1634 4869 non
1665 4816 1915 4881 moritur,
1962 4825 2018 4872 et

437 4911 575 4980 ignis
602 4926 709 4964 non
741 4909 1125 4979 exstinguitur.
1152 4907 1283 4963 Nam
1316 4908 1491 4960 omnis
1519 4909 1682 4960 homo
1705 4908 1825 4978 igne
1847 4907 2013 4962 salie-

438 5012 544 5063 tur,
592 5010 645 5055 et
690 5000 868 5055 omnis
911 5000 1127 5055 victima
1178 4999 1289 5054 sale
1322 4997 1567 5053 salietur.
1623 4995 1765 5052 Bona
1811 5014 1896 5054 res
1925 5009 2009 5054 est

434 5092 511 5145 sal
542 5111 555 5146 :
591 5099 845 5146 ueterum
874 5091 917 5143 si
949 5091 1029 5145 sal
1060 5090 1294 5145 insulsus
1326 5089 1507 5153 fuerit,
1552 5104 1647 5156 per
1675 5088 1801 5158 quid
1829 5090 2003 5157 ipsum

434 5185 735 5239 condictis?
778 5183 979 5239 llubele
1040 5186 1091 5238 in
1144 5182 1438 5252 vobisipsis
1488 5181 1678 5247 salem,
1727 5189 1782 5236 et
1818 5197 2002 5252 pacem

514 5345 559 5376 ⁸⁷
589 5344 720 5400 Luc.
756 5361 834 5409 ιι,
871 5345 963 5399 25.

2116 4631 2378 4685 εἰσελθεῖν
2422 4632 2503 4693 εἰς
2538 4630 2634 4701 τὴν
2675 4630 2953 4700 βασιλείαν
2984 4630 3079 4683 τοῦ
3112 4628 3269 4693 Θεοῦ,
3309 4627 3344 4697 ἢ
3376 4628 3468 4681 δύο
3491 4624 3671 4694 όφθαλ·

2118 4724 2250 4792 μοὺς
2298 4723 2512 4793 ἔχοντα,
2547 4721 2812 4792 βληθῆναι
2854 4723 2935 4784 εἰς
2983 4720 3081 4791 τὴν
3110 4721 3337 4789 γέενναν
3382 4717 3473 4771 τοῦ
3502 4715 3669 4784 πυρὸς.

2112 4814 2246 4867 ὅπου
2278 4814 2305 4866 ό
2359 4814 2576 4883 σκώληξ
2623 4813 2805 4867 αὐτῶν
2854 4813 2916 4866 οὔ
2951 4813 3198 4882 τελευτᾷ,
3228 4812 3337 4873 ,καὶ
3386 4810 3448 4862 τὺ
3475 4807 3578 4877 πῦρ
3615 4804 3667 4855 οὗ

2115 4906 2422 4959 σϐέννυται.
2459 4906 2574 4968 Πᾶς
2620 4906 2730 4975 γὰρ
2765 4904 2899 4974 πυρὶ
2946 4904 3320 4973 ἁλισθήσεται.
3389 4900 3496 4953 Kal
3542 4897 3672 4949 πᾶσι

2114 4997 2274 5052 θυσία
2305 4997 2392 5050 ἁλὶ
2432 4997 2811 5067 ἁλισθήσεται.
2859 4994 3036 5047 Καλὸν
3077 4994 3135 5046 τὸ
3175 4993 3330 5055 ἃλας.
3375 4991 3501 5045 Ἐὰν
3530 4988 3581 5040 δὲ
3616 4984 3669 5036 το

2113 5089 2246 5152 ἅλας
2280 5088 2475 5143 ἄναλον
2508 5088 2758 5159 γένηται,
2794 5088 2853 5139 ὲν
2872 5088 2976 5139 τίνι
3014 5085 3144 5138 αὐτὸ
3168 5082 3434 5155 ἀρτύσετε
3459 5100 3472 5147 ;
3497 5081 3669 5148 Ἔχετε

2114 5185 2171 5237 ἐν
2224 5185 2439 5246 ἑαυτοῖς
2504 5183 2660 5249 ἃλας,
2723 5181 2819 5235 καὶ
2877 5179 3189 5251 εἰρηνεύετε
3239 5180 3296 5231 ἐν
3345 5176 3605 5247 ἀλλήλοις.
3651 5188 3668 5220 ι

1388 5434 1479 5492 Ex
1526 5430 1870 5493 collatione
1907 5431 2095 5493 codd.
2136 5432 2360 5492 Venet.
2396 5434 2459 5494 S.
2496 5432 2720 5495 Marci.

504 5559 618 5630 (70)
676 5558 822 5614 Idem
876 5558 993 5613 rod.
1042 5557 1232 5630 addit;
1280 5553 1584 5630 ξυνεχώρει
1640 5552 1736 5630 καὶ
1795 5551 2011 5630 τούτοις

430 5622 529 5685 θαι)
541 5622 903 5710 ματουργεῖν,Δ
919 5629 1033 5710 ἀμα
1048 5628 1160 5710 μὲν
1176 5622 1581 5710 ἐἱςνβεϐαίωσιν
1598 5623 1691 5710 τοῦ
1718 5622 2010 5710 κηρύγμα-

430 5693 552 5765 τος,
579 5693 725 5754 ὥστε
750 5693 845 5754 καὶ
874 5693 972 5753 sui
1006 5693 1115 5752 τῶν
1165 5693 1397 5760 ἀναξίων
1431 5694 1586 5765 τοῦτο
1621 5693 2007 5765 πλατύνεσθαι,

429 5764 549 5842 ἁμα
578 5772 633 5825 δὲ
660 5774 755 5824 καὶ
800 5773 879 5833 εἰς
903 5769 1195 5843 ᾲβελτίωσιν
1223 5765 1402 5843 αὑτών
1433 5764 1498 5843 δὴ
1524 5766 1631 5843 τῷν
1664 5764 2009 5843 θαυματουρ-

430 5836 688 5912 γὸύντων.
718 5845 877 5896 Δοκεῖ
896 5836 972 5907 δὲ,
1004 5857 1056 5896 κ.
1086 5857 1137 5893 τ.
1176 5839 1226 5892 λ.
1263 5856 1280 5890 ι
1319 5836 1669 5892 l’ertttittebat
1698 5836 1859 5888 etiam
1902 5836 2008 5888 llllS

2125 5553 2383 5609 miracula
2414 5552 2615 5615 facere,
2653 5563 2764 5605 tum
2815 5551 2881 5605 ad
2912 5542 3375 5603 conﬁrmationem
3423 5542 3664 5616 pradica-

2125 5625 2288 5678 tiunis
2315 5665 2329 5688 ,
2364 5635 2422 5676 ut
2451 5625 2563 5676 lucc
2595 5624 2757 5675 etiam
2801 5637 2896 5691 per
2926 5620 3538 5691 ipdignosdilatart-tur:
3563 5625 3663 5665 tum

2121 5697 2185 5745 ad
2229 5695 2622 5748 correctionem
2678 5689 3063 5760 ipsorutn,'qui
3123 5690 3257 5744 mira
3304 5689 3661 5759 Operaliautur.

2127 5762 2347 5834 Videtur
2382 5773 2586 5828 autem,
2620 5772 2726 5817 etc.
2774 5780 2792 5814 ι
