  <div class='ocr_page' id='page_1' title='image "/cluster/home/n/w/nwhite01/storage/ocr_20150623/123/hvd.32044019208198/305.png"; bbox 0 0 3866 6448; ppageno 0'>
   <div class='ocr_carea' id='block_1_1' title="bbox 461 351 565 415">
    <p class='ocr_par' dir='ltr' id='par_1_1' title="bbox 461 351 565 415">
     <span class='ocr_line' id='line_1_1' title="bbox 461 351 565 415; baseline -0.029 -1"><span class='ocrx_word' id='word_1_1' title='bbox 461 351 565 415; x_wconf 66' lang='grc' dir='ltr'>ῦῗ5</span> 
     </span>
    </p>
   </div>
   <div class='ocr_carea' id='block_1_2' title="bbox 1384 351 2794 416">
    <p class='ocr_par' dir='ltr' id='par_1_2' title="bbox 1384 351 2794 416">
     <span class='ocr_line' id='line_1_2' title="bbox 1384 351 2794 416; baseline 0.004 -5"><span class='ocrx_word' id='word_1_2' title='bbox 1384 351 1956 413; x_wconf 74' lang='lat' dir='ltr'><strong>THEOPHYLACTI</strong></span> <span class='ocrx_word' id='word_1_3' title='bbox 1991 353 2399 416; x_wconf 76' lang='lat' dir='ltr'><strong>BULGARUE</strong></span> <span class='ocrx_word' id='word_1_4' title='bbox 2436 353 2794 416; x_wconf 82' lang='lat' dir='ltr'><strong>ARCHIEP.</strong></span> 
     </span>
    </p>
   </div>
   <div class='ocr_carea' id='block_1_3' title="bbox 3608 359 3701 422">
    <p class='ocr_par' dir='ltr' id='par_1_3' title="bbox 3608 359 3701 422">
     <span class='ocr_line' id='line_1_3' title="bbox 3608 359 3701 422; baseline 0 0"><span class='ocrx_word' id='word_1_5' title='bbox 3608 359 3701 422; x_wconf 78' lang='lat'><strong>596</strong></span> 
     </span>
    </p>
   </div>
   <div class='ocr_carea' id='block_1_4' title="bbox 459 465 2032 543">
    <p class='ocr_par' dir='ltr' id='par_1_4' title="bbox 459 465 2032 540">
     <span class='ocr_line' id='line_1_4' title="bbox 459 465 2032 540; baseline 0.001 -18"><span class='ocrx_word' id='word_1_6' title='bbox 459 483 589 533; x_wconf 62' lang='lat' dir='ltr'><strong>sum,</strong></span> <span class='ocrx_word' id='word_1_7' title='bbox 637 474 692 524; x_wconf 89' lang='lat' dir='ltr'><strong>et</strong></span> <span class='ocrx_word' id='word_1_8' title='bbox 741 466 868 522; x_wconf 82' lang='lat' dir='ltr'><strong>lient</strong></span> <span class='ocrx_word' id='word_1_9' title='bbox 911 465 1020 522; x_wconf 90' lang='lat' dir='ltr'><strong>duo</strong></span> <span class='ocrx_word' id='word_1_10' title='bbox 1053 482 1183 522; x_wconf 87' lang='lat' dir='ltr'><strong>caro</strong></span> <span class='ocrx_word' id='word_1_11' title='bbox 1222 482 1352 524; x_wconf 87' lang='lat' dir='ltr'><strong>una.</strong></span> <span class='ocrx_word' id='word_1_12' title='bbox 1403 468 1585 539; x_wconf 78' lang='lat' dir='ltr'><strong>Itaque</strong></span> <span class='ocrx_word' id='word_1_13' title='bbox 1619 485 1727 525; x_wconf 91' lang='lat' dir='ltr'><strong>non</strong></span> <span class='ocrx_word' id='word_1_14' title='bbox 1751 470 1862 540; x_wconf 88' lang='lat' dir='ltr'><strong>jam</strong></span> <span class='ocrx_word' id='word_1_15' title='bbox 1909 478 2032 524; x_wconf 86' lang='lat' dir='ltr'><strong>sunt</strong></span> 
     </span>
    </p>
   </div>
   <div class='ocr_carea' id='block_1_5' title="bbox 2135 465 3708 543">
    <p class='ocr_par' dir='ltr' id='par_1_5' title="bbox 2137 468 3708 543">
     <span class='ocr_line' id='line_1_5' title="bbox 2137 468 3708 543; baseline 0.001 -19"><span class='ocrx_word' id='word_1_16' title='bbox 2137 472 2232 524; x_wconf 73' lang='grc' dir='ltr'><strong>καὶ</strong></span> <span class='ocrx_word' id='word_1_17' title='bbox 2266 469 2364 542; x_wconf 79' lang='grc' dir='ltr'>τὴν</span> <span class='ocrx_word' id='word_1_18' title='bbox 2420 471 2654 542; x_wconf 87' lang='grc' dir='ltr'>μητέρα.</span> <span class='ocrx_word' id='word_1_19' title='bbox 2693 469 2804 524; x_wconf 69' lang='grc' dir='ltr'><strong>Καὶ</strong></span> <span class='ocrx_word' id='word_1_20' title='bbox 2849 468 3388 542; x_wconf 76' lang='grc' dir='ltr'><strong>προσκολληθήσεται</strong></span> <span class='ocrx_word' id='word_1_21' title='bbox 3434 469 3573 542; x_wconf 82' lang='grc' dir='ltr'>πρὸς</span> <span class='ocrx_word' id='word_1_22' title='bbox 3618 474 3708 543; x_wconf 71' lang='grc' dir='ltr'>τὴν</span> 
     </span>
    </p>
   </div>
   <div class='ocr_carea' id='block_1_6' title="bbox 459 558 2028 632">
    <p class='ocr_par' dir='ltr' id='par_1_6' title="bbox 459 558 2028 632">
     <span class='ocr_line' id='line_1_6' title="bbox 459 558 2028 632; baseline 0.002 -18"><span class='ocrx_word' id='word_1_23' title='bbox 459 562 585 625; x_wconf 93' lang='lat' dir='ltr'><strong>duo,</strong></span> <span class='ocrx_word' id='word_1_24' title='bbox 630 559 724 615; x_wconf 90' lang='lat' dir='ltr'><strong>sed</strong></span> <span class='ocrx_word' id='word_1_25' title='bbox 781 574 886 614; x_wconf 92' lang='lat' dir='ltr'><strong>una</strong></span> <span class='ocrx_word' id='word_1_26' title='bbox 946 573 1096 616; x_wconf 92' lang='lat' dir='ltr'><strong>caro.</strong></span> <span class='ocrx_word' id='word_1_27' title='bbox 1141 558 1295 627; x_wconf 86' lang='lat' dir='ltr'><strong>Quod</strong></span> <span class='ocrx_word' id='word_1_28' title='bbox 1341 559 1507 632; x_wconf 90' lang='lat' dir='ltr'><strong>igitur</strong></span> <span class='ocrx_word' id='word_1_29' title='bbox 1560 561 1702 616; x_wconf 88' lang='lat' dir='ltr'><strong>Deus</strong></span> <span class='ocrx_word' id='word_1_30' title='bbox 1735 562 2028 632; x_wconf 85' lang='lat' dir='ltr'><strong>copulavit,</strong></span> 
     </span>
    </p>
   </div>
   <div class='ocr_carea' id='block_1_7' title="bbox 458 652 2032 722">
    <p class='ocr_par' dir='ltr' id='par_1_7' title="bbox 458 652 2032 722">
     <span class='ocr_line' id='line_1_7' title="bbox 458 652 2032 722; baseline 0.003 -18"><span class='ocrx_word' id='word_1_31' title='bbox 458 661 616 707; x_wconf 84' lang='lat' dir='ltr'><strong>hoino</strong></span> <span class='ocrx_word' id='word_1_32' title='bbox 658 665 726 706; x_wconf 90' lang='lat' dir='ltr'><strong>ne</strong></span> <span class='ocrx_word' id='word_1_33' title='bbox 777 660 1006 722; x_wconf 92' lang='lat' dir='ltr'><strong>separet.</strong></span> <span class='ocrx_word' id='word_1_34' title='bbox 1062 670 1080 705; x_wconf 77' lang='grc' dir='ltr'><strong>ι</strong></span> <span class='ocrx_word' id='word_1_35' title='bbox 1121 652 1503 722; x_wconf 70' lang='grc' dir='ltr'>ὃωιιοιιιιιηετο</span> <span class='ocrx_word' id='word_1_36' title='bbox 1555 653 1891 722; x_wconf 73' lang='lat' dir='ltr'><strong>relinquebat</strong></span> <span class='ocrx_word' id='word_1_37' title='bbox 1926 654 2032 708; x_wconf 89' lang='lat' dir='ltr'><strong>Do-</strong></span> 
     </span>
    </p>
   </div>
   <div class='ocr_carea' id='block_1_8' title="bbox 458 741 2032 814">
    <p class='ocr_par' dir='ltr' id='par_1_8' title="bbox 458 741 2032 814">
     <span class='ocr_line' id='line_1_8' title="bbox 458 741 2032 814; baseline 0 -18"><span class='ocrx_word' id='word_1_38' title='bbox 458 742 638 796; x_wconf 84' lang='lat' dir='ltr'><strong>minus</strong></span> <span class='ocrx_word' id='word_1_39' title='bbox 668 741 882 797; x_wconf 71' lang='lat' dir='ltr'><strong>Judwos</strong></span> <span class='ocrx_word' id='word_1_40' title='bbox 912 753 1134 814; x_wconf 76' lang='lat' dir='ltr'><strong>pr0pzer</strong></span> <span class='ocrx_word' id='word_1_41' title='bbox 1166 743 1421 797; x_wconf 74' lang='lat' dir='ltr'><strong>invidiam</strong></span> <span class='ocrx_word' id='word_1_42' title='bbox 1473 743 1711 807; x_wconf 90' lang='lat' dir='ltr'><strong>illorum,</strong></span> <span class='ocrx_word' id='word_1_43' title='bbox 1756 760 1902 800; x_wconf 91' lang='lat' dir='ltr'><strong>nunc</strong></span> <span class='ocrx_word' id='word_1_44' title='bbox 1933 761 2032 798; x_wconf 86' lang='lat' dir='ltr'><strong>au-</strong></span> 
     </span>
    </p>
   </div>
   <div class='ocr_carea' id='block_1_9' title="bbox 457 835 2032 908">
    <p class='ocr_par' dir='ltr' id='par_1_9' title="bbox 457 835 2032 908">
     <span class='ocr_line' id='line_1_9' title="bbox 457 835 2032 908; baseline 0.001 -18"><span class='ocrx_word' id='word_1_45' title='bbox 457 844 563 890; x_wconf 90' lang='lat' dir='ltr'><strong>tem</strong></span> <span class='ocrx_word' id='word_1_46' title='bbox 595 835 788 888; x_wconf 88' lang='lat' dir='ltr'><strong>iterum</strong></span> <span class='ocrx_word' id='word_1_47' title='bbox 823 836 874 888; x_wconf 92' lang='lat' dir='ltr'><strong>in</strong></span> <span class='ocrx_word' id='word_1_48' title='bbox 903 850 1088 889; x_wconf 90' lang='lat' dir='ltr'><strong>eorum</strong></span> <span class='ocrx_word' id='word_1_49' title='bbox 1128 837 1402 906; x_wconf 80' lang='lat' dir='ltr'><strong>regionem</strong></span> <span class='ocrx_word' id='word_1_50' title='bbox 1427 837 1642 902; x_wconf 88' lang='lat' dir='ltr'><strong>transit,</strong></span> <span class='ocrx_word' id='word_1_51' title='bbox 1672 839 1796 908; x_wconf 87' lang='lat' dir='ltr'><strong>quia</strong></span> <span class='ocrx_word' id='word_1_52' title='bbox 1825 840 2032 907; x_wconf 85' lang='lat' dir='ltr'><strong>passio-</strong></span> 
     </span>
    </p>
   </div>
   <div class='ocr_carea' id='block_1_10' title="bbox 457 925 2028 1000">
    <p class='ocr_par' dir='ltr' id='par_1_10' title="bbox 457 925 2028 1000">
     <span class='ocr_line' id='line_1_10' title="bbox 457 925 2028 1000; baseline 0.003 -20"><span class='ocrx_word' id='word_1_53' title='bbox 457 928 542 980; x_wconf 88' lang='lat' dir='ltr'><strong>nis</strong></span> <span class='ocrx_word' id='word_1_54' title='bbox 573 936 784 996; x_wconf 83' lang='lat' dir='ltr'><strong>tempus</strong></span> <span class='ocrx_word' id='word_1_55' title='bbox 815 927 1301 997; x_wconf 84' lang='lat' dir='ltr'><strong>appmpiuquabat.</strong></span> <span class='ocrx_word' id='word_1_56' title='bbox 1352 925 1459 983; x_wconf 87' lang='lat' dir='ltr'><strong>Nec</strong></span> <span class='ocrx_word' id='word_1_57' title='bbox 1490 943 1620 982; x_wconf 87' lang='lat' dir='ltr'><strong>vero</strong></span> <span class='ocrx_word' id='word_1_58' title='bbox 1658 928 2028 1000; x_wconf 69' lang='lat' dir='ltr'><strong>l-licrusulyma</strong></span> 
     </span>
    </p>
   </div>
   <div class='ocr_carea' id='block_1_11' title="bbox 457 1019 2035 1092">
    <p class='ocr_par' dir='ltr' id='par_1_11' title="bbox 457 1019 2035 1092">
     <span class='ocr_line' id='line_1_11' title="bbox 457 1019 2035 1092; baseline 0.002 -20"><span class='ocrx_word' id='word_1_59' title='bbox 457 1034 601 1074; x_wconf 84' lang='lat' dir='ltr'><strong>nunc</strong></span> <span class='ocrx_word' id='word_1_60' title='bbox 626 1022 890 1085; x_wconf 82' lang='lat' dir='ltr'><strong>ascendit,</strong></span> <span class='ocrx_word' id='word_1_61' title='bbox 942 1020 1035 1074; x_wconf 71' lang='lat' dir='ltr'><strong>sed</strong></span> <span class='ocrx_word' id='word_1_62' title='bbox 1081 1021 1132 1074; x_wconf 93' lang='lat' dir='ltr'><strong>in</strong></span> <span class='ocrx_word' id='word_1_63' title='bbox 1171 1020 1302 1075; x_wconf 82' lang='lat' dir='ltr'><strong>ﬁnes</strong></span> <span class='ocrx_word' id='word_1_64' title='bbox 1327 1019 1547 1088; x_wconf 76' lang='lat' dir='ltr'><strong>Judzeae,</strong></span> <span class='ocrx_word' id='word_1_65' title='bbox 1591 1032 1645 1074; x_wconf 89' lang='lat' dir='ltr'><strong>ut</strong></span> <span class='ocrx_word' id='word_1_66' title='bbox 1677 1023 1872 1092; x_wconf 91' lang='lat' dir='ltr'><strong>popqu</strong></span> <span class='ocrx_word' id='word_1_67' title='bbox 1903 1024 2035 1076; x_wconf 90' lang='lat' dir='ltr'><strong>sim-</strong></span> 
     </span>
    </p>
   </div>
   <div class='ocr_carea' id='block_1_12' title="bbox 455 1113 2032 1186">
    <p class='ocr_par' dir='ltr' id='par_1_12' title="bbox 455 1113 2032 1186">
     <span class='ocr_line' id='line_1_12' title="bbox 455 1113 2032 1186; baseline 0.005 -22"><span class='ocrx_word' id='word_1_68' title='bbox 455 1113 578 1181; x_wconf 87' lang='lat' dir='ltr'><strong>plici</strong></span> <span class='ocrx_word' id='word_1_69' title='bbox 629 1113 930 1181; x_wconf 77' lang='lat' dir='ltr'><strong>prodesset.</strong></span> <span class='ocrx_word' id='word_1_70' title='bbox 985 1113 1354 1186; x_wconf 79' lang='lat' dir='ltr'><strong>Hierosolyma</strong></span> <span class='ocrx_word' id='word_1_71' title='bbox 1387 1116 1530 1169; x_wconf 90' lang='lat' dir='ltr'><strong>enim</strong></span> <span class='ocrx_word' id='word_1_72' title='bbox 1583 1115 1763 1170; x_wconf 64' lang='lat' dir='ltr'><strong>omnis</strong></span> <span class='ocrx_word' id='word_1_73' title='bbox 1815 1118 2032 1172; x_wconf 65' lang='lat' dir='ltr'><strong>malitiae</strong></span> 
     </span>
    </p>
   </div>
   <div class='ocr_carea' id='block_1_13' title="bbox 455 1205 2030 1276">
    <p class='ocr_par' dir='ltr' id='par_1_13' title="bbox 455 1205 2030 1276">
     <span class='ocr_line' id='line_1_13' title="bbox 455 1205 2030 1276; baseline 0.004 -18"><span class='ocrx_word' id='word_1_74' title='bbox 455 1205 666 1260; x_wconf 81' lang='lat' dir='ltr'><strong>oﬂiciua</strong></span> <span class='ocrx_word' id='word_1_75' title='bbox 700 1215 876 1271; x_wconf 88' lang='lat' dir='ltr'><strong>erant,</strong></span> <span class='ocrx_word' id='word_1_76' title='bbox 901 1215 1121 1276; x_wconf 88' lang='lat' dir='ltr'><strong>pr0pter</strong></span> <span class='ocrx_word' id='word_1_77' title='bbox 1149 1208 1542 1262; x_wconf 73' lang='lat' dir='ltr'><strong>Pharisaaorum</strong></span> <span class='ocrx_word' id='word_1_78' title='bbox 1576 1210 1858 1264; x_wconf 82' lang='lat' dir='ltr'><strong>malitiam.</strong></span> <span class='ocrx_word' id='word_1_79' title='bbox 1894 1208 2030 1266; x_wconf 76' lang='lat' dir='ltr'><strong>Vide</strong></span> 
     </span>
    </p>
   </div>
   <div class='ocr_carea' id='block_1_14' title="bbox 455 1297 2029 1370">
    <p class='ocr_par' dir='ltr' id='par_1_14' title="bbox 455 1297 2029 1370">
     <span class='ocr_line' id='line_1_14' title="bbox 455 1297 2029 1370; baseline 0.003 -20"><span class='ocrx_word' id='word_1_80' title='bbox 455 1311 584 1368; x_wconf 81' lang='lat' dir='ltr'><strong>ergo</strong></span> <span class='ocrx_word' id='word_1_81' title='bbox 617 1297 875 1352; x_wconf 84' lang='lat' dir='ltr'><strong>malitiam</strong></span> <span class='ocrx_word' id='word_1_82' title='bbox 906 1299 1145 1363; x_wconf 91' lang='lat' dir='ltr'><strong>illorum,</strong></span> <span class='ocrx_word' id='word_1_83' title='bbox 1184 1301 1458 1370; x_wconf 89' lang='lat' dir='ltr'><strong>quomodo</strong></span> <span class='ocrx_word' id='word_1_84' title='bbox 1485 1310 1691 1356; x_wconf 88' lang='lat' dir='ltr'><strong>tentent</strong></span> <span class='ocrx_word' id='word_1_85' title='bbox 1715 1302 2029 1369; x_wconf 86' lang='lat' dir='ltr'><strong>Dominum,</strong></span> 
     </span>
    </p>
   </div>
   <div class='ocr_carea' id='block_1_15' title="bbox 456 1388 2031 1461">
    <p class='ocr_par' dir='ltr' id='par_1_15' title="bbox 456 1388 2031 1461">
     <span class='ocr_line' id='line_1_15' title="bbox 456 1388 2031 1461; baseline 0.005 -19"><span class='ocrx_word' id='word_1_86' title='bbox 456 1403 564 1442; x_wconf 90' lang='lat' dir='ltr'><strong>non</strong></span> <span class='ocrx_word' id='word_1_87' title='bbox 598 1388 962 1459; x_wconf 82' lang='lat' dir='ltr'><strong>relinquentes</strong></span> <span class='ocrx_word' id='word_1_88' title='bbox 1010 1390 1179 1454; x_wconf 90' lang='lat' dir='ltr'><strong>illum,</strong></span> <span class='ocrx_word' id='word_1_89' title='bbox 1231 1407 1298 1447; x_wconf 90' lang='lat' dir='ltr'><strong>ne</strong></span> <span class='ocrx_word' id='word_1_90' title='bbox 1337 1393 1561 1447; x_wconf 86' lang='lat' dir='ltr'><strong>credant</strong></span> <span class='ocrx_word' id='word_1_91' title='bbox 1605 1394 1652 1447; x_wconf 89' lang='lat' dir='ltr'><strong>ei</strong></span> <span class='ocrx_word' id='word_1_92' title='bbox 1689 1395 1856 1448; x_wconf 75' lang='lat' dir='ltr'><strong>turhzr</strong></span> <span class='ocrx_word' id='word_1_93' title='bbox 1887 1411 1901 1461; x_wconf 92' lang='lat'><strong>;</strong></span> <span class='ocrx_word' id='word_1_94' title='bbox 1937 1396 2031 1450; x_wconf 80' lang='lat' dir='ltr'><strong>sed</strong></span> 
     </span>
    </p>
   </div>
   <div class='ocr_carea' id='block_1_16' title="bbox 454 1481 2024 1554">
    <p class='ocr_par' dir='ltr' id='par_1_16' title="bbox 454 1481 2024 1554">
     <span class='ocr_line' id='line_1_16' title="bbox 454 1481 2024 1554; baseline 0.003 -18"><span class='ocrx_word' id='word_1_95' title='bbox 454 1496 669 1549; x_wconf 80' lang='lat' dir='ltr'><strong>semper</strong></span> <span class='ocrx_word' id='word_1_96' title='bbox 697 1481 980 1546; x_wconf 89' lang='lat' dir='ltr'><strong>accedunt,</strong></span> <span class='ocrx_word' id='word_1_97' title='bbox 1010 1491 1062 1536; x_wconf 90' lang='lat' dir='ltr'><strong>et</strong></span> <span class='ocrx_word' id='word_1_98' title='bbox 1096 1491 1321 1550; x_wconf 82' lang='lat' dir='ltr'><strong>sperant</strong></span> <span class='ocrx_word' id='word_1_99' title='bbox 1362 1498 1422 1538; x_wconf 91' lang='lat' dir='ltr'><strong>se</strong></span> <span class='ocrx_word' id='word_1_100' title='bbox 1451 1485 1844 1554; x_wconf 72' lang='lat' dir='ltr'><strong>qumstionibus</strong></span> <span class='ocrx_word' id='word_1_101' title='bbox 1875 1487 2024 1541; x_wconf 92' lang='lat' dir='ltr'><strong>illum</strong></span> 
     </span>
    </p>
   </div>
   <div class='ocr_carea' id='block_1_17' title="bbox 455 1573 2031 1648">
    <p class='ocr_par' dir='ltr' id='par_1_17' title="bbox 455 1573 2031 1648">
     <span class='ocr_line' id='line_1_17' title="bbox 455 1573 2031 1648; baseline 0.004 -21"><span class='ocrx_word' id='word_1_102' title='bbox 455 1573 694 1630; x_wconf 77' lang='lat' dir='ltr'><strong>facturos</strong></span> <span class='ocrx_word' id='word_1_103' title='bbox 724 1575 1034 1645; x_wconf 72' lang='lat' dir='ltr'><strong>perplexum</strong></span> <span class='ocrx_word' id='word_1_104' title='bbox 1099 1576 1280 1630; x_wconf 90' lang='lat' dir='ltr'><strong>animo</strong></span> <span class='ocrx_word' id='word_1_105' title='bbox 1304 1585 1356 1632; x_wconf 91' lang='lat' dir='ltr'><strong>et</strong></span> <span class='ocrx_word' id='word_1_106' title='bbox 1410 1575 1803 1633; x_wconf 84' lang='lat' dir='ltr'><strong>confutaturos.</strong></span> <span class='ocrx_word' id='word_1_107' title='bbox 1853 1581 2031 1648; x_wconf 80' lang='lat' dir='ltr'><strong>Roga-</strong></span> 
     </span>
    </p>
   </div>
   <div class='ocr_carea' id='block_1_18' title="bbox 455 1665 2031 1739">
    <p class='ocr_par' dir='ltr' id='par_1_18' title="bbox 455 1665 2031 1739">
     <span class='ocr_line' id='line_1_18' title="bbox 455 1665 2031 1739; baseline 0.004 -19"><span class='ocrx_word' id='word_1_108' title='bbox 455 1665 583 1720; x_wconf 90' lang='lat' dir='ltr'><strong>bant</strong></span> <span class='ocrx_word' id='word_1_109' title='bbox 609 1665 751 1720; x_wconf 90' lang='lat' dir='ltr'><strong>enim</strong></span> <span class='ocrx_word' id='word_1_110' title='bbox 785 1667 1132 1735; x_wconf 63' lang='lat' dir='ltr'><strong>quiestionem</strong></span> <span class='ocrx_word' id='word_1_111' title='bbox 1161 1669 1575 1738; x_wconf 70' lang='lat' dir='ltr'><strong>quae&#39;utrinque</strong></span> <span class='ocrx_word' id='word_1_112' title='bbox 1602 1670 1901 1739; x_wconf 72' lang='lat' dir='ltr'><strong>praecipitia</strong></span> <span class='ocrx_word' id='word_1_113' title='bbox 1940 1671 2031 1727; x_wconf 84' lang='lat' dir='ltr'><strong>ba-</strong></span> 
     </span>
    </p>
   </div>
   <div class='ocr_carea' id='block_1_19' title="bbox 2133 561 3706 633">
    <p class='ocr_par' dir='ltr' id='par_1_19' title="bbox 2133 561 3706 633">
     <span class='ocr_line' id='line_1_19' title="bbox 2133 561 3706 633; baseline 0 -17"><span class='ocrx_word' id='word_1_114' title='bbox 2133 564 2366 632; x_wconf 74' lang='grc' dir='ltr'>γυναῖκα</span> <span class='ocrx_word' id='word_1_115' title='bbox 2396 563 2588 630; x_wconf 83' lang='grc' dir='ltr'>αὑτοῦ,</span> <span class='ocrx_word' id='word_1_116' title='bbox 2638 565 2734 616; x_wconf 67' lang='grc' dir='ltr'><strong>καὶ</strong></span> <span class='ocrx_word' id='word_1_117' title='bbox 2761 561 2977 618; x_wconf 82' lang='grc' dir='ltr'>ἔσονται</span> <span class='ocrx_word' id='word_1_118' title='bbox 3006 563 3056 616; x_wconf 86' lang='lat' dir='ltr'><strong>ol</strong></span> <span class='ocrx_word' id='word_1_119' title='bbox 3076 561 3172 617; x_wconf 84' lang='grc' dir='ltr'><strong>δύο</strong></span> <span class='ocrx_word' id='word_1_120' title='bbox 3211 563 3290 625; x_wconf 82' lang='grc' dir='ltr'><strong>είς</strong></span> <span class='ocrx_word' id='word_1_121' title='bbox 3333 562 3515 633; x_wconf 79' lang='grc' dir='ltr'>σάρκα</span> <span class='ocrx_word' id='word_1_122' title='bbox 3547 563 3668 632; x_wconf 87' lang='grc' dir='ltr'>μίαν</span> <span class='ocrx_word' id='word_1_123' title='bbox 3691 581 3706 597; x_wconf 80' lang='grc' dir='ltr'><strong>ο</strong></span> 
     </span>
    </p>
   </div>
   <div class='ocr_carea' id='block_1_20' title="bbox 2132 650 3706 726">
    <p class='ocr_par' dir='ltr' id='par_1_20' title="bbox 2132 650 3706 726">
     <span class='ocr_line' id='line_1_20' title="bbox 2132 650 3706 726; baseline -0.002 -17"><span class='ocrx_word' id='word_1_124' title='bbox 2132 655 2272 709; x_wconf 83' lang='grc' dir='ltr'>ὥστε</span> <span class='ocrx_word' id='word_1_125' title='bbox 2303 656 2486 710; x_wconf 82' lang='grc' dir='ltr'>οὐκέτι</span> <span class='ocrx_word' id='word_1_126' title='bbox 2524 655 2630 708; x_wconf 70' lang='lat' dir='ltr'><strong>alat</strong></span> <span class='ocrx_word' id='word_1_127' title='bbox 2653 654 2769 719; x_wconf 85' lang='grc' dir='ltr'>δύο,</span> <span class='ocrx_word' id='word_1_128' title='bbox 2794 654 2931 710; x_wconf 85' lang='grc' dir='ltr'><strong>ἀλλά</strong></span> <span class='ocrx_word' id='word_1_129' title='bbox 2965 654 3064 726; x_wconf 86' lang='grc' dir='ltr'><strong>μία</strong></span> <span class='ocrx_word' id='word_1_130' title='bbox 3094 653 3252 724; x_wconf 79' lang='grc' dir='ltr'>σάρξ.</span> <span class='ocrx_word' id='word_1_131' title='bbox 3297 655 3362 707; x_wconf 89' lang='grc' dir='ltr'>Ὅ</span> <span class='ocrx_word' id='word_1_132' title='bbox 3401 650 3497 706; x_wconf 74' lang='grc' dir='ltr'>οὖν</span> <span class='ocrx_word' id='word_1_133' title='bbox 3525 657 3549 707; x_wconf 83' lang='grc' dir='ltr'><strong>ό</strong></span> <span class='ocrx_word' id='word_1_134' title='bbox 3587 656 3706 722; x_wconf 56' lang='lat'><strong>62?;</strong></span> 
     </span>
    </p>
   </div>
   <div class='ocr_carea' id='block_1_21' title="bbox 2135 744 3702 818">
    <p class='ocr_par' dir='ltr' id='par_1_21' title="bbox 2135 744 3702 818">
     <span class='ocr_line' id='line_1_21' title="bbox 2135 744 3702 818; baseline 0 -18"><span class='ocrx_word' id='word_1_135' title='bbox 2135 747 2475 814; x_wconf 73' lang='grc' dir='ltr'><strong>συνέζευξεν,</strong></span> <span class='ocrx_word' id='word_1_136' title='bbox 2509 745 2796 818; x_wconf 74' lang='grc' dir='ltr'>ἄνθρωπος</span> <span class='ocrx_word' id='word_1_137' title='bbox 2839 747 2912 817; x_wconf 81' lang='grc' dir='ltr'>μὴ</span> <span class='ocrx_word' id='word_1_138' title='bbox 2947 744 3248 818; x_wconf 76' lang='grc' dir='ltr'><strong>χωριζέτω.</strong></span> <span class='ocrx_word' id='word_1_139' title='bbox 3283 763 3300 796; x_wconf 77' lang='grc' dir='ltr'><strong>ι</strong></span> <span class='ocrx_word' id='word_1_140' title='bbox 3339 747 3586 814; x_wconf 73' lang='grc' dir='ltr'>Συνεχῶς</span> <span class='ocrx_word' id='word_1_141' title='bbox 3615 748 3702 818; x_wconf 77' lang='grc' dir='ltr'>τὴν</span> 
     </span>
    </p>
   </div>
   <div class='ocr_carea' id='block_1_22' title="bbox 2145 833 3705 905">
    <p class='ocr_par' dir='ltr' id='par_1_22' title="bbox 2145 833 3705 905">
     <span class='ocr_line' id='line_1_22' title="bbox 2145 833 3705 905; baseline 0.001 -18"><span class='ocrx_word' id='word_1_142' title='bbox 2145 833 2406 889; x_wconf 80' lang='grc' dir='ltr'>Ἰουδαίαν</span> <span class='ocrx_word' id='word_1_143' title='bbox 2441 834 2588 904; x_wconf 69' lang='grc' dir='ltr'>ἀερίει</span> <span class='ocrx_word' id='word_1_144' title='bbox 2616 839 2642 888; x_wconf 86' lang='grc' dir='ltr'><strong>ό</strong></span> <span class='ocrx_word' id='word_1_145' title='bbox 2678 835 2880 905; x_wconf 86' lang='grc' dir='ltr'>Κύριος</span> <span class='ocrx_word' id='word_1_146' title='bbox 2903 835 2992 888; x_wconf 85' lang='grc' dir='ltr'><strong>διά</strong></span> <span class='ocrx_word' id='word_1_147' title='bbox 3018 835 3116 905; x_wconf 84' lang='grc' dir='ltr'>τὴν</span> <span class='ocrx_word' id='word_1_148' title='bbox 3140 834 3442 903; x_wconf 72' lang='grc' dir='ltr'>βασκανίαν</span> <span class='ocrx_word' id='word_1_149' title='bbox 3473 835 3705 901; x_wconf 85' lang='grc' dir='ltr'>ἐκείνων,</span> 
     </span>
    </p>
   </div>
   <div class='ocr_carea' id='block_1_23' title="bbox 2139 921 3707 997">
    <p class='ocr_par' dir='ltr' id='par_1_23' title="bbox 2139 921 3707 997">
     <span class='ocr_line' id='line_1_23' title="bbox 2139 921 3707 997; baseline 0 -20"><span class='ocrx_word' id='word_1_150' title='bbox 2139 924 2227 978; x_wconf 73' lang='grc' dir='ltr'><strong>νῦν</strong></span> <span class='ocrx_word' id='word_1_151' title='bbox 2256 921 2348 979; x_wconf 78' lang='grc' dir='ltr'><strong>οῦν</strong></span> <span class='ocrx_word' id='word_1_152' title='bbox 2377 926 2754 997; x_wconf 72' lang='grc' dir='ltr'>ἐπιχωριάζει,</span> <span class='ocrx_word' id='word_1_153' title='bbox 2787 927 2974 996; x_wconf 79' lang='grc' dir='ltr'>ἐπειδὴ</span> <span class='ocrx_word' id='word_1_154' title='bbox 3001 927 3061 979; x_wconf 75' lang='grc' dir='ltr'>τὸ</span> <span class='ocrx_word' id='word_1_155' title='bbox 3086 926 3258 990; x_wconf 83' lang='grc' dir='ltr'>πάθος</span> <span class='ocrx_word' id='word_1_156' title='bbox 3290 926 3462 994; x_wconf 82' lang='grc' dir='ltr'>ἐγγὺς</span> <span class='ocrx_word' id='word_1_157' title='bbox 3497 925 3707 994; x_wconf 76' lang='grc' dir='ltr'>ἔμελλεν</span> 
     </span>
    </p>
   </div>
   <div class='ocr_carea' id='block_1_24' title="bbox 2133 1014 3708 1090">
    <p class='ocr_par' dir='ltr' id='par_1_24' title="bbox 2133 1014 3708 1090">
     <span class='ocr_line' id='line_1_24' title="bbox 2133 1014 3708 1090; baseline 0 -19"><span class='ocrx_word' id='word_1_158' title='bbox 2133 1014 2295 1072; x_wconf 83' lang='grc' dir='ltr'>εἶναι.</span> <span class='ocrx_word' id='word_1_159' title='bbox 2332 1019 2408 1072; x_wconf 78' lang='grc' dir='ltr'><strong>Οὐ</strong></span> <span class='ocrx_word' id='word_1_160' title='bbox 2447 1019 2552 1090; x_wconf 79' lang='grc' dir='ltr'>μὴν</span> <span class='ocrx_word' id='word_1_161' title='bbox 2595 1021 2674 1082; x_wconf 84' lang='grc' dir='ltr'><strong>είς</strong></span> <span class='ocrx_word' id='word_1_162' title='bbox 2707 1019 2774 1071; x_wconf 88' lang='grc' dir='ltr'><strong>τά</strong></span> <span class='ocrx_word' id='word_1_163' title='bbox 2810 1019 3158 1089; x_wconf 85' lang='grc' dir='ltr'>Ἰεροσόλυμα</span> <span class='ocrx_word' id='word_1_164' title='bbox 3189 1018 3363 1072; x_wconf 78' lang='grc' dir='ltr'>ἄνεισι</span> <span class='ocrx_word' id='word_1_165' title='bbox 3407 1019 3573 1080; x_wconf 78' lang='grc' dir='ltr'>τέως,</span> <span class='ocrx_word' id='word_1_166' title='bbox 3606 1019 3708 1071; x_wconf 76' lang='grc' dir='ltr'>ἀλλ’</span> 
     </span>
    </p>
   </div>
   <div class='ocr_carea' id='block_1_25' title="bbox 2133 1106 3708 1178">
    <p class='ocr_par' dir='ltr' id='par_1_25' title="bbox 2133 1106 3708 1178">
     <span class='ocr_line' id='line_1_25' title="bbox 2133 1106 3708 1178; baseline 0.001 -20"><span class='ocrx_word' id='word_1_167' title='bbox 2133 1107 2211 1169; x_wconf 79' lang='grc' dir='ltr'><strong>είς</strong></span> <span class='ocrx_word' id='word_1_168' title='bbox 2269 1106 2338 1160; x_wconf 87' lang='grc' dir='ltr'><strong>τά</strong></span> <span class='ocrx_word' id='word_1_169' title='bbox 2391 1109 2492 1176; x_wconf 82' lang='grc' dir='ltr'><strong>τῆς</strong></span> <span class='ocrx_word' id='word_1_170' title='bbox 2551 1107 2810 1171; x_wconf 83' lang='grc' dir='ltr'>ἰουδαίας</span> <span class='ocrx_word' id='word_1_171' title='bbox 2845 1109 2992 1178; x_wconf 75' lang='grc' dir='ltr'>ὅρια,</span> <span class='ocrx_word' id='word_1_172' title='bbox 3039 1109 3124 1162; x_wconf 79' lang='grc' dir='ltr'>ἵνα</span> <span class='ocrx_word' id='word_1_173' title='bbox 3171 1109 3264 1162; x_wconf 78' lang='grc' dir='ltr'>τὸν</span> <span class='ocrx_word' id='word_1_174' title='bbox 3309 1108 3524 1161; x_wconf 77' lang='grc' dir='ltr'>ἄκακον</span> <span class='ocrx_word' id='word_1_175' title='bbox 3563 1108 3708 1178; x_wconf 69' lang='grc' dir='ltr'>ὄχλον</span> 
     </span>
    </p>
   </div>
   <div class='ocr_carea' id='block_1_26' title="bbox 2131 1197 3706 1272">
    <p class='ocr_par' dir='ltr' id='par_1_26' title="bbox 2131 1197 3706 1272">
     <span class='ocr_line' id='line_1_26' title="bbox 2131 1197 3706 1272; baseline 0.003 -22"><span class='ocrx_word' id='word_1_176' title='bbox 2131 1197 2410 1270; x_wconf 69' lang='grc' dir='ltr'>ὠφελήσῃ.</span> <span class='ocrx_word' id='word_1_177' title='bbox 2452 1200 2532 1252; x_wconf 82' lang='grc' dir='ltr'><strong>Τά</strong></span> <span class='ocrx_word' id='word_1_178' title='bbox 2559 1202 2666 1270; x_wconf 75' lang='grc' dir='ltr'><strong>γὰρ</strong></span> <span class='ocrx_word' id='word_1_179' title='bbox 2708 1201 3055 1272; x_wconf 82' lang='grc' dir='ltr'>Ἰεροσόλυμα</span> <span class='ocrx_word' id='word_1_180' title='bbox 3085 1201 3265 1270; x_wconf 82' lang='grc' dir='ltr'>πάσης</span> <span class='ocrx_word' id='word_1_181' title='bbox 3317 1201 3522 1263; x_wconf 90' lang='grc' dir='ltr'>κακίας</span> <span class='ocrx_word' id='word_1_182' title='bbox 3551 1203 3706 1270; x_wconf 80' lang='grc' dir='ltr'>ἐργα-</span> 
     </span>
    </p>
   </div>
   <div class='ocr_carea' id='block_1_27' title="bbox 2134 1287 3710 1364">
    <p class='ocr_par' dir='ltr' id='par_1_27' title="bbox 2134 1287 3710 1364">
     <span class='ocr_line' id='line_1_27' title="bbox 2134 1287 3710 1364; baseline 0.003 -20"><span class='ocrx_word' id='word_1_183' title='bbox 2134 1292 2355 1361; x_wconf 73' lang='grc' dir='ltr'>στήριον</span> <span class='ocrx_word' id='word_1_184' title='bbox 2406 1287 2568 1362; x_wconf 76' lang='grc' dir='ltr'>ἦσαν,</span> <span class='ocrx_word' id='word_1_185' title='bbox 2621 1293 2707 1346; x_wconf 67' lang='grc' dir='ltr'><strong>διὰ</strong></span> <span class='ocrx_word' id='word_1_186' title='bbox 2766 1293 2865 1363; x_wconf 84' lang='grc' dir='ltr'>τὴν</span> <span class='ocrx_word' id='word_1_187' title='bbox 2906 1293 3016 1346; x_wconf 84' lang='grc' dir='ltr'>τῶν</span> <span class='ocrx_word' id='word_1_188' title='bbox 3061 1293 3376 1364; x_wconf 75' lang='grc' dir='ltr'>Φαρισαίων</span> <span class='ocrx_word' id='word_1_189' title='bbox 3436 1292 3710 1363; x_wconf 75' lang='grc' dir='ltr'>πονηρίαν.</span> 
     </span>
    </p>
   </div>
   <div class='ocr_carea' id='block_1_28' title="bbox 2136 1382 3706 1455">
    <p class='ocr_par' dir='ltr' id='par_1_28' title="bbox 2136 1382 3706 1455">
     <span class='ocr_line' id='line_1_28' title="bbox 2136 1382 3706 1455; baseline 0.001 -21"><span class='ocrx_word' id='word_1_190' title='bbox 2136 1382 2242 1435; x_wconf 86' lang='grc' dir='ltr'>Ἴδε</span> <span class='ocrx_word' id='word_1_191' title='bbox 2285 1382 2415 1451; x_wconf 87' lang='grc' dir='ltr'>γοῦν</span> <span class='ocrx_word' id='word_1_192' title='bbox 2454 1384 2552 1453; x_wconf 82' lang='grc' dir='ltr'><strong>τῆν</strong></span> <span class='ocrx_word' id='word_1_193' title='bbox 2599 1384 2798 1436; x_wconf 71' lang='grc' dir='ltr'>κῖκίαν</span> <span class='ocrx_word' id='word_1_194' title='bbox 2847 1384 3046 1450; x_wconf 67' lang='grc' dir='ltr'>αὐτῶν,</span> <span class='ocrx_word' id='word_1_195' title='bbox 3081 1385 3197 1447; x_wconf 85' lang='grc' dir='ltr'>πῶς</span> <span class='ocrx_word' id='word_1_196' title='bbox 3247 1384 3575 1455; x_wconf 78' lang='grc' dir='ltr'>πειράζουσι</span> <span class='ocrx_word' id='word_1_197' title='bbox 3627 1387 3706 1438; x_wconf 72' lang='grc' dir='ltr'>τὸν</span> 
     </span>
    </p>
   </div>
   <div class='ocr_carea' id='block_1_29' title="bbox 2133 1474 3708 1548">
    <p class='ocr_par' dir='ltr' id='par_1_29' title="bbox 2133 1474 3708 1548">
     <span class='ocr_line' id='line_1_29' title="bbox 2133 1474 3708 1548; baseline 0.004 -22"><span class='ocrx_word' id='word_1_198' title='bbox 2133 1474 2357 1542; x_wconf 65' lang='grc' dir='ltr'>Κύριον,</span> <span class='ocrx_word' id='word_1_199' title='bbox 2397 1475 2474 1546; x_wconf 78' lang='grc' dir='ltr'>μὴ</span> <span class='ocrx_word' id='word_1_200' title='bbox 2504 1475 2699 1540; x_wconf 81' lang='grc' dir='ltr'><strong>ἐῶντες</strong></span> <span class='ocrx_word' id='word_1_201' title='bbox 2743 1477 2924 1541; x_wconf 76' lang='grc' dir='ltr'>αὑτὸν,</span> <span class='ocrx_word' id='word_1_202' title='bbox 2973 1477 3059 1530; x_wconf 79' lang='grc' dir='ltr'><strong>ἴνα</strong></span> <span class='ocrx_word' id='word_1_203' title='bbox 3083 1476 3452 1530; x_wconf 74' lang='grc' dir='ltr'>πιστεύσωσιν</span> <span class='ocrx_word' id='word_1_204' title='bbox 3481 1478 3632 1548; x_wconf 83' lang='grc' dir='ltr'><strong>αύτῷ</strong></span> <span class='ocrx_word' id='word_1_205' title='bbox 3665 1481 3708 1533; x_wconf 83' lang='lat' dir='ltr'><strong>oi</strong></span> 
     </span>
    </p>
   </div>
   <div class='ocr_carea' id='block_1_30' title="bbox 2131 1570 3710 1644">
    <p class='ocr_par' dir='ltr' id='par_1_30' title="bbox 2131 1570 3710 1644">
     <span class='ocr_line' id='line_1_30' title="bbox 2131 1570 3710 1644; baseline 0.003 -20"><span class='ocrx_word' id='word_1_206' title='bbox 2131 1570 2302 1641; x_wconf 84' lang='grc' dir='ltr'>δχλοι,</span> <span class='ocrx_word' id='word_1_207' title='bbox 2359 1571 2473 1624; x_wconf 86' lang='grc' dir='ltr'>ἀλλ’</span> <span class='ocrx_word' id='word_1_208' title='bbox 2529 1573 2615 1624; x_wconf 73' lang='grc' dir='ltr'>ἀεὶ</span> <span class='ocrx_word' id='word_1_209' title='bbox 2669 1574 3102 1644; x_wconf 78' lang='grc' dir='ltr'>προσερχόμενοι</span> <span class='ocrx_word' id='word_1_210' title='bbox 3155 1574 3248 1627; x_wconf 79' lang='grc' dir='ltr'>καὶ</span> <span class='ocrx_word' id='word_1_211' title='bbox 3294 1572 3586 1636; x_wconf 85' lang='grc' dir='ltr'>δοκοῦντες</span> <span class='ocrx_word' id='word_1_212' title='bbox 3640 1576 3710 1638; x_wconf 81' lang='grc' dir='ltr'><strong>είς</strong></span> 
     </span>
    </p>
   </div>
   <div class='ocr_carea' id='block_1_31' title="bbox 2131 1661 3706 1736">
    <p class='ocr_par' dir='ltr' id='par_1_31' title="bbox 2131 1661 3706 1736">
     <span class='ocr_line' id='line_1_31' title="bbox 2131 1661 3706 1736; baseline 0.001 -20"><span class='ocrx_word' id='word_1_213' title='bbox 2131 1661 2369 1734; x_wconf 81' lang='grc' dir='ltr'>ἀπορίαν</span> <span class='ocrx_word' id='word_1_214' title='bbox 2402 1661 2695 1732; x_wconf 75' lang='grc' dir='ltr'>ἐμϐάλλειν</span> <span class='ocrx_word' id='word_1_215' title='bbox 2728 1664 2822 1716; x_wconf 77' lang='grc' dir='ltr'>καὶ</span> <span class='ocrx_word' id='word_1_216' title='bbox 2869 1663 3246 1734; x_wconf 75' lang='grc' dir='ltr'>ἐπιστομίζειν</span> <span class='ocrx_word' id='word_1_217' title='bbox 3275 1664 3362 1718; x_wconf 76' lang='grc' dir='ltr'><strong>διὰ</strong></span> <span class='ocrx_word' id='word_1_218' title='bbox 3394 1665 3504 1718; x_wconf 84' lang='grc' dir='ltr'><strong>τῶν</strong></span> <span class='ocrx_word' id='word_1_219' title='bbox 3550 1666 3706 1736; x_wconf 72' lang='grc' dir='ltr'>ζητη-</span> 
     </span>
    </p>
   </div>
   <div class='ocr_carea' id='block_1_32' title="bbox 454 1753 2032 1828">
    <p class='ocr_par' dir='ltr' id='par_1_32' title="bbox 454 1757 2028 1819">
     <span class='ocr_line' id='line_1_32' title="bbox 454 1757 2028 1819; baseline 0.006 -9"><span class='ocrx_word' id='word_1_220' title='bbox 454 1757 652 1812; x_wconf 85' lang='lat' dir='ltr'><strong>behat:</strong></span> <span class='ocrx_word' id='word_1_221' title='bbox 691 1773 757 1811; x_wconf 89' lang='lat' dir='ltr'><strong>an</strong></span> <span class='ocrx_word' id='word_1_222' title='bbox 794 1757 952 1812; x_wconf 85' lang='lat' dir='ltr'><strong>liceat</strong></span> <span class='ocrx_word' id='word_1_223' title='bbox 996 1759 1200 1813; x_wconf 84' lang='lat' dir='ltr'><strong>homini</strong></span> <span class='ocrx_word' id='word_1_224' title='bbox 1231 1775 1451 1816; x_wconf 80' lang='lat' dir='ltr'><strong>uxorem</strong></span> <span class='ocrx_word' id='word_1_225' title='bbox 1478 1762 1794 1818; x_wconf 85' lang='lat' dir='ltr'><strong>dimittere?</strong></span> <span class='ocrx_word' id='word_1_226' title='bbox 1820 1762 1949 1818; x_wconf 83' lang='lat' dir='ltr'><strong>Nam</strong></span> <span class='ocrx_word' id='word_1_227' title='bbox 1982 1764 2028 1819; x_wconf 88' lang='lat' dir='ltr'><strong>si</strong></span> 
     </span>
    </p>
   </div>
   <div class='ocr_carea' id='block_1_33' title="bbox 2135 1753 3706 1828">
    <p class='ocr_par' dir='ltr' id='par_1_33' title="bbox 2136 1753 3706 1828">
     <span class='ocr_line' id='line_1_33' title="bbox 2136 1753 3706 1828; baseline 0.001 -20"><span class='ocrx_word' id='word_1_228' title='bbox 2136 1753 2344 1824; x_wconf 80' lang='grc' dir='ltr'><strong>μάτων.</strong></span> <span class='ocrx_word' id='word_1_229' title='bbox 2392 1753 2717 1825; x_wconf 78' lang='grc' dir='ltr'>Ἠρὼτησαν</span> <span class='ocrx_word' id='word_1_230' title='bbox 2750 1756 2860 1826; x_wconf 70' lang='grc' dir='ltr'><strong>γὰρ</strong></span> <span class='ocrx_word' id='word_1_231' title='bbox 2895 1755 3057 1808; x_wconf 76' lang='grc' dir='ltr'>αὑτὸν</span> <span class='ocrx_word' id='word_1_232' title='bbox 3090 1755 3356 1828; x_wconf 84' lang='grc' dir='ltr'>ἐρώτημα</span> <span class='ocrx_word' id='word_1_233' title='bbox 3387 1758 3706 1828; x_wconf 79' lang='grc' dir='ltr'>ἀμφοτέρωο</span> 
     </span>
    </p>
   </div>
   <div class='ocr_carea' id='block_1_34' title="bbox 455 1823 2032 1922">
    <p class='ocr_par' dir='ltr' id='par_1_34' title="bbox 455 1847 2029 1922">
     <span class='ocr_line' id='line_1_34' title="bbox 455 1847 2029 1922; baseline 0.007 -23"><span class='ocrx_word' id='word_1_234' title='bbox 455 1849 662 1902; x_wconf 78' lang='lat' dir='ltr'><strong>diceret</strong></span> <span class='ocrx_word' id='word_1_235' title='bbox 695 1847 836 1916; x_wconf 89' lang='lat' dir='ltr'><strong>quod</strong></span> <span class='ocrx_word' id='word_1_236' title='bbox 883 1847 1071 1902; x_wconf 89' lang='lat' dir='ltr'><strong>liceret</strong></span> <span class='ocrx_word' id='word_1_237' title='bbox 1101 1847 1405 1915; x_wconf 86' lang='lat' dir='ltr'><strong>absolvere,</strong></span> <span class='ocrx_word' id='word_1_238' title='bbox 1438 1850 1768 1920; x_wconf 74' lang='lat' dir='ltr'><strong>obiecissent</strong></span> <span class='ocrx_word' id='word_1_239' title='bbox 1802 1853 1849 1908; x_wconf 89' lang='lat' dir='ltr'><strong>ei</strong></span> <span class='ocrx_word' id='word_1_240' title='bbox 1887 1853 2029 1922; x_wconf 89' lang='lat' dir='ltr'><strong>quod</strong></span> 
     </span>
    </p>
   </div>
   <div class='ocr_carea' id='block_1_35' title="bbox 2135 1823 3704 1922">
    <p class='ocr_par' dir='ltr' id='par_1_35' title="bbox 2135 1823 3704 1917">
     <span class='ocr_line' id='line_1_35' title="bbox 2135 1823 3704 1917; baseline 0.003 -21"><span class='ocrx_word' id='word_1_241' title='bbox 2135 1843 2225 1897; x_wconf 81' lang='grc' dir='ltr'>Θεν</span> <span class='ocrx_word' id='word_1_242' title='bbox 2265 1843 2386 1914; x_wconf 76' lang='grc' dir='ltr'>ἕχον</span> <span class='ocrx_word' id='word_1_243' title='bbox 2425 1823 2735 1915; x_wconf 79' lang='grc' dir='ltr'>κρημνούς·</span> <span class='ocrx_word' id='word_1_244' title='bbox 2764 1823 2839 1897; x_wconf 13' lang='grc' dir='ltr'>γΕί</span> <span class='ocrx_word' id='word_1_245' title='bbox 2876 1844 3086 1908; x_wconf 76' lang='grc' dir='ltr'>ἔξεστιν</span> <span class='ocrx_word' id='word_1_246' title='bbox 3121 1823 3402 1917; x_wconf 33' lang='grc' dir='ltr'>’ἀνθρώπῳ</span> <span class='ocrx_word' id='word_1_247' title='bbox 3429 1823 3704 1901; x_wconf 62' lang='grc' dir='ltr'><strong>⁷ἀπολῦσαι</strong></span> 
     </span>
    </p>
   </div>
   <div class='ocr_carea' id='block_1_36' title="bbox 453 1939 2029 2000">
    <p class='ocr_par' dir='ltr' id='par_1_36' title="bbox 453 1939 2029 2000">
     <span class='ocr_line' id='line_1_36' title="bbox 453 1939 2029 2000; baseline 0.004 -7"><span class='ocrx_word' id='word_1_248' title='bbox 453 1939 682 1994; x_wconf 80' lang='lat' dir='ltr'><strong>dixisset</strong></span> <span class='ocrx_word' id='word_1_249' title='bbox 715 1948 868 1995; x_wconf 80' lang='lat' dir='ltr'><strong>extra</strong></span> <span class='ocrx_word' id='word_1_250' title='bbox 910 1955 1131 1996; x_wconf 85' lang='lat' dir='ltr'><strong>causam</strong></span> <span class='ocrx_word' id='word_1_251' title='bbox 1175 1941 1551 1996; x_wconf 80' lang='lat' dir='ltr'><strong>fornicationis</strong></span> <span class='ocrx_word' id='word_1_252' title='bbox 1586 1960 1692 1998; x_wconf 91' lang='lat' dir='ltr'><strong>non</strong></span> <span class='ocrx_word' id='word_1_253' title='bbox 1738 1945 1903 1999; x_wconf 83' lang='lat' dir='ltr'><strong>licere</strong></span> <span class='ocrx_word' id='word_1_254' title='bbox 1931 1947 2029 2000; x_wconf 46' lang='lat' dir='ltr'><strong>ab.</strong></span> 
     </span>
    </p>
   </div>
   <div class='ocr_carea' id='block_1_37' title="bbox 452 2031 2030 2103">
    <p class='ocr_par' dir='ltr' id='par_1_37' title="bbox 452 2031 2030 2103">
     <span class='ocr_line' id='line_1_37' title="bbox 452 2031 2030 2103; baseline 0.001 -15"><span class='ocrx_word' id='word_1_255' title='bbox 452 2031 686 2088; x_wconf 76' lang='lat' dir='ltr'><strong>solvere.</strong></span> <span class='ocrx_word' id='word_1_256' title='bbox 722 2031 779 2086; x_wconf 83' lang='lat' dir='ltr'><strong>Si</strong></span> <span class='ocrx_word' id='word_1_257' title='bbox 816 2041 994 2086; x_wconf 87' lang='lat' dir='ltr'><strong>autem</strong></span> <span class='ocrx_word' id='word_1_258' title='bbox 1041 2032 1247 2087; x_wconf 84' lang='lat' dir='ltr'><strong>diceret</strong></span> <span class='ocrx_word' id='word_1_259' title='bbox 1280 2035 1423 2103; x_wconf 84' lang='lat' dir='ltr'><strong>quod</strong></span> <span class='ocrx_word' id='word_1_260' title='bbox 1473 2049 1576 2086; x_wconf 88' lang='lat' dir='ltr'><strong>non</strong></span> <span class='ocrx_word' id='word_1_261' title='bbox 1617 2033 1825 2100; x_wconf 79' lang='lat' dir='ltr'><strong>liceret,</strong></span> <span class='ocrx_word' id='word_1_262' title='bbox 1863 2044 2030 2090; x_wconf 80' lang='lat' dir='ltr'><strong>taxa-</strong></span> 
     </span>
    </p>
   </div>
   <div class='ocr_carea' id='block_1_38' title="bbox 459 2124 2032 2184">
    <p class='ocr_par' dir='ltr' id='par_1_38' title="bbox 459 2124 2032 2184">
     <span class='ocr_line' id='line_1_38' title="bbox 459 2124 2032 2184; baseline 0.005 -8"><span class='ocrx_word' id='word_1_263' title='bbox 459 2132 578 2178; x_wconf 88' lang='lat' dir='ltr'><strong>rent</strong></span> <span class='ocrx_word' id='word_1_264' title='bbox 602 2139 722 2178; x_wconf 87' lang='lat' dir='ltr'><strong>eum</strong></span> <span class='ocrx_word' id='word_1_265' title='bbox 759 2133 818 2178; x_wconf 94' lang='lat' dir='ltr'><strong>ut</strong></span> <span class='ocrx_word' id='word_1_266' title='bbox 850 2124 1220 2178; x_wconf 86' lang='lat' dir='ltr'><strong>adversarium</strong></span> <span class='ocrx_word' id='word_1_267' title='bbox 1259 2125 1523 2180; x_wconf 87' lang='lat' dir='ltr'><strong>doctrinis</strong></span> <span class='ocrx_word' id='word_1_268' title='bbox 1577 2127 1739 2181; x_wconf 86' lang='lat' dir='ltr'><strong>Mosi.</strong></span> <span class='ocrx_word' id='word_1_269' title='bbox 1783 2127 2032 2184; x_wconf 83' lang='lat' dir='ltr'><strong>Christus</strong></span> 
     </span>
    </p>
   </div>
   <div class='ocr_carea' id='block_1_39' title="bbox 458 2215 2032 2290">
    <p class='ocr_par' dir='ltr' id='par_1_39' title="bbox 458 2215 2032 2290">
     <span class='ocr_line' id='line_1_39' title="bbox 458 2215 2032 2290; baseline 0.005 -24"><span class='ocrx_word' id='word_1_270' title='bbox 458 2217 640 2287; x_wconf 81' lang='lat' dir='ltr'><strong>igitur,</strong></span> <span class='ocrx_word' id='word_1_271' title='bbox 671 2215 760 2285; x_wconf 89' lang='lat' dir='ltr'><strong>qui</strong></span> <span class='ocrx_word' id='word_1_272' title='bbox 787 2227 868 2271; x_wconf 90' lang='lat' dir='ltr'><strong>est</strong></span> <span class='ocrx_word' id='word_1_273' title='bbox 893 2216 1154 2286; x_wconf 82' lang='lat' dir='ltr'><strong>sapientia</strong></span> <span class='ocrx_word' id='word_1_274' title='bbox 1188 2217 1325 2287; x_wconf 88' lang='lat' dir='ltr'><strong>ipsa,</strong></span> <span class='ocrx_word' id='word_1_275' title='bbox 1351 2219 1641 2286; x_wconf 89' lang='lat' dir='ltr'><strong>respondet</strong></span> <span class='ocrx_word' id='word_1_276' title='bbox 1665 2219 1743 2274; x_wconf 89' lang='lat' dir='ltr'><strong>eis</strong></span> <span class='ocrx_word' id='word_1_277' title='bbox 1770 2234 2032 2290; x_wconf 87' lang='lat' dir='ltr'><strong>responso</strong></span> 
     </span>
    </p>
   </div>
   <div class='ocr_carea' id='block_1_40' title="bbox 455 2307 2030 2380">
    <p class='ocr_par' dir='ltr' id='par_1_40' title="bbox 455 2307 2030 2380">
     <span class='ocr_line' id='line_1_40' title="bbox 455 2307 2030 2380; baseline 0.005 -25"><span class='ocrx_word' id='word_1_278' title='bbox 455 2319 565 2377; x_wconf 85' lang='lat' dir='ltr'><strong>quo</strong></span> <span class='ocrx_word' id='word_1_279' title='bbox 594 2307 814 2377; x_wconf 84' lang='lat' dir='ltr'><strong>laqueos</strong></span> <span class='ocrx_word' id='word_1_280' title='bbox 853 2307 1068 2362; x_wconf 90' lang='lat' dir='ltr'><strong>illorum</strong></span> <span class='ocrx_word' id='word_1_281' title='bbox 1117 2307 1320 2379; x_wconf 68' lang='lat' dir='ltr'><strong>effugit.</strong></span> <span class='ocrx_word' id='word_1_282' title='bbox 1361 2308 1532 2378; x_wconf 79' lang='lat' dir='ltr'><strong>Rogat</strong></span> <span class='ocrx_word' id='word_1_283' title='bbox 1559 2311 1705 2363; x_wconf 85' lang='lat' dir='ltr'><strong>enim</strong></span> <span class='ocrx_word' id='word_1_284' title='bbox 1750 2309 1872 2363; x_wconf 90' lang='lat' dir='ltr'><strong>illos</strong></span> <span class='ocrx_word' id='word_1_285' title='bbox 1900 2311 2030 2380; x_wconf 91' lang='lat' dir='ltr'><strong>quid</strong></span> 
     </span>
    </p>
   </div>
   <div class='ocr_carea' id='block_1_41' title="bbox 455 2400 2035 2473">
    <p class='ocr_par' dir='ltr' id='par_1_41' title="bbox 455 2400 2035 2473">
     <span class='ocr_line' id='line_1_41' title="bbox 455 2400 2035 2473; baseline 0.002 -18"><span class='ocrx_word' id='word_1_286' title='bbox 455 2400 536 2455; x_wconf 89' lang='lat' dir='ltr'><strong>eis</strong></span> <span class='ocrx_word' id='word_1_287' title='bbox 568 2400 882 2470; x_wconf 56' lang='lat' dir='ltr'><strong>praeceperit</strong></span> <span class='ocrx_word' id='word_1_288' title='bbox 911 2401 1109 2456; x_wconf 80' lang='lat' dir='ltr'><strong>Moses.</strong></span> <span class='ocrx_word' id='word_1_289' title='bbox 1138 2401 1272 2456; x_wconf 86' lang='lat' dir='ltr'><strong>Cum</strong></span> <span class='ocrx_word' id='word_1_290' title='bbox 1296 2411 1472 2457; x_wconf 90' lang='lat' dir='ltr'><strong>autem</strong></span> <span class='ocrx_word' id='word_1_291' title='bbox 1504 2402 1575 2457; x_wconf 87' lang='lat' dir='ltr'><strong>illi</strong></span> <span class='ocrx_word' id='word_1_292' title='bbox 1603 2403 1867 2459; x_wconf 74' lang='lat' dir='ltr'><strong>dixisSent</strong></span> <span class='ocrx_word' id='word_1_293' title='bbox 1897 2419 2035 2473; x_wconf 76' lang='lat' dir='ltr'><strong>pra:-</strong></span> 
     </span>
    </p>
   </div>
   <div class='ocr_carea' id='block_1_42' title="bbox 455 2493 2027 2567">
    <p class='ocr_par' dir='ltr' id='par_1_42' title="bbox 455 2493 2027 2567">
     <span class='ocr_line' id='line_1_42' title="bbox 455 2493 2027 2567; baseline 0.003 -19"><span class='ocrx_word' id='word_1_294' title='bbox 455 2504 670 2563; x_wconf 87' lang='lat' dir='ltr'><strong>ceptutn</strong></span> <span class='ocrx_word' id='word_1_295' title='bbox 701 2509 821 2550; x_wconf 86' lang='lat' dir='ltr'><strong>esse</strong></span> <span class='ocrx_word' id='word_1_296' title='bbox 855 2493 1254 2557; x_wconf 86' lang='lat' dir='ltr'><strong>dimittendam,</strong></span> <span class='ocrx_word' id='word_1_297' title='bbox 1287 2494 1678 2565; x_wconf 88' lang='lat' dir='ltr'><strong>interpretatur</strong></span> <span class='ocrx_word' id='word_1_298' title='bbox 1718 2496 1798 2552; x_wconf 86' lang='lat' dir='ltr'><strong>eis</strong></span> <span class='ocrx_word' id='word_1_299' title='bbox 1835 2498 2027 2567; x_wconf 73' lang='lat' dir='ltr'><strong>legem.</strong></span> 
     </span>
    </p>
   </div>
   <div class='ocr_carea' id='block_1_43' title="bbox 457 2585 2034 2660">
    <p class='ocr_par' dir='ltr' id='par_1_43' title="bbox 457 2585 2034 2660">
     <span class='ocr_line' id='line_1_43' title="bbox 457 2585 2034 2660; baseline 0.003 -18"><span class='ocrx_word' id='word_1_300' title='bbox 457 2585 574 2643; x_wconf 84' lang='grc' dir='ltr'>Νοη</span> <span class='ocrx_word' id='word_1_301' title='bbox 616 2589 749 2643; x_wconf 84' lang='lat' dir='ltr'><strong>adeo</strong></span> <span class='ocrx_word' id='word_1_302' title='bbox 783 2588 1020 2645; x_wconf 85' lang='lat' dir='ltr'><strong>crudelis</strong></span> <span class='ocrx_word' id='word_1_303' title='bbox 1047 2598 1166 2644; x_wconf 88' lang='lat' dir='ltr'><strong>erat</strong></span> <span class='ocrx_word' id='word_1_304' title='bbox 1198 2587 1400 2655; x_wconf 81' lang='lat' dir='ltr'><strong>Moses,</strong></span> <span class='ocrx_word' id='word_1_305' title='bbox 1435 2589 1630 2660; x_wconf 89' lang='lat' dir='ltr'><strong>inquit,</strong></span> <span class='ocrx_word' id='word_1_306' title='bbox 1663 2598 1718 2645; x_wconf 91' lang='lat' dir='ltr'><strong>ut</strong></span> <span class='ocrx_word' id='word_1_307' title='bbox 1762 2590 1921 2644; x_wconf 86' lang='lat' dir='ltr'><strong>talem</strong></span> <span class='ocrx_word' id='word_1_308' title='bbox 1953 2591 2034 2647; x_wconf 85' lang='lat' dir='ltr'><strong>in-</strong></span> 
     </span>
    </p>
   </div>
   <div class='ocr_carea' id='block_1_44' title="bbox 458 2677 2032 2750">
    <p class='ocr_par' dir='ltr' id='par_1_44' title="bbox 458 2677 2032 2750">
     <span class='ocr_line' id='line_1_44' title="bbox 458 2677 2032 2750; baseline 0.006 -19"><span class='ocrx_word' id='word_1_309' title='bbox 458 2677 768 2733; x_wconf 81' lang='lat' dir='ltr'><strong>traduceret</strong></span> <span class='ocrx_word' id='word_1_310' title='bbox 821 2678 1016 2750; x_wconf 81' lang='lat' dir='ltr'><strong>legem,</strong></span> <span class='ocrx_word' id='word_1_311' title='bbox 1065 2679 1160 2735; x_wconf 86' lang='lat' dir='ltr'><strong>sed</strong></span> <span class='ocrx_word' id='word_1_312' title='bbox 1211 2681 1277 2736; x_wconf 89' lang='lat' dir='ltr'><strong>ad</strong></span> <span class='ocrx_word' id='word_1_313' title='bbox 1325 2680 1492 2736; x_wconf 81' lang='lat' dir='ltr'><strong>vestri</strong></span> <span class='ocrx_word' id='word_1_314' title='bbox 1546 2681 1728 2738; x_wconf 83' lang='lat' dir='ltr'><strong>cordis</strong></span> <span class='ocrx_word' id='word_1_315' title='bbox 1774 2683 2032 2740; x_wconf 86' lang='lat' dir='ltr'><strong>duritiam</strong></span> 
     </span>
    </p>
   </div>
   <div class='ocr_carea' id='block_1_45' title="bbox 455 2770 2033 2841">
    <p class='ocr_par' dir='ltr' id='par_1_45' title="bbox 455 2770 2033 2841">
     <span class='ocr_line' id='line_1_45' title="bbox 455 2770 2033 2841; baseline 0.004 -16"><span class='ocrx_word' id='word_1_316' title='bbox 455 2770 675 2841; x_wconf 86' lang='lat' dir='ltr'><strong>scripsit</strong></span> <span class='ocrx_word' id='word_1_317' title='bbox 699 2771 821 2827; x_wconf 89' lang='lat' dir='ltr'><strong>hoc.</strong></span> <span class='ocrx_word' id='word_1_318' title='bbox 867 2773 1010 2828; x_wconf 82' lang='lat' dir='ltr'><strong>Deus</strong></span> <span class='ocrx_word' id='word_1_319' title='bbox 1039 2773 1186 2829; x_wconf 89' lang='lat' dir='ltr'><strong>enim</strong></span> <span class='ocrx_word' id='word_1_320' title='bbox 1220 2773 1400 2828; x_wconf 86' lang='lat' dir='ltr'><strong>sciens</strong></span> <span class='ocrx_word' id='word_1_321' title='bbox 1425 2771 1732 2829; x_wconf 65' lang='lat' dir='ltr'><strong>Iudaeorum</strong></span> <span class='ocrx_word' id='word_1_322' title='bbox 1770 2775 2033 2831; x_wconf 86' lang='lat' dir='ltr'><strong>inhuma-</strong></span> 
     </span>
    </p>
   </div>
   <div class='ocr_carea' id='block_1_46' title="bbox 456 2861 2033 2935">
    <p class='ocr_par' dir='ltr' id='par_1_46' title="bbox 456 2861 2033 2935">
     <span class='ocr_line' id='line_1_46' title="bbox 456 2861 2033 2935; baseline 0.002 -18"><span class='ocrx_word' id='word_1_323' title='bbox 456 2863 706 2930; x_wconf 87' lang='lat' dir='ltr'><strong>nitatem,</strong></span> <span class='ocrx_word' id='word_1_324' title='bbox 734 2862 878 2932; x_wconf 85' lang='lat' dir='ltr'><strong>quod</strong></span> <span class='ocrx_word' id='word_1_325' title='bbox 910 2862 1001 2932; x_wconf 92' lang='lat' dir='ltr'><strong>qui</strong></span> <span class='ocrx_word' id='word_1_326' title='bbox 1031 2861 1197 2918; x_wconf 88' lang='lat' dir='ltr'><strong>semel</strong></span> <span class='ocrx_word' id='word_1_327' title='bbox 1243 2877 1308 2918; x_wconf 82' lang='lat' dir='ltr'><strong>ex</strong></span> <span class='ocrx_word' id='word_1_328' title='bbox 1339 2863 1418 2918; x_wconf 89' lang='lat' dir='ltr'><strong>eis</strong></span> <span class='ocrx_word' id='word_1_329' title='bbox 1445 2863 1572 2919; x_wconf 92' lang='lat' dir='ltr'><strong>odio</strong></span> <span class='ocrx_word' id='word_1_330' title='bbox 1599 2864 1798 2920; x_wconf 90' lang='lat' dir='ltr'><strong>habere</strong></span> <span class='ocrx_word' id='word_1_331' title='bbox 1831 2866 2033 2935; x_wconf 61' lang='lat' dir='ltr'><strong>cuspis-</strong></span> 
     </span>
    </p>
   </div>
   <div class='ocr_carea' id='block_1_47' title="bbox 457 2952 2033 3018">
    <p class='ocr_par' dir='ltr' id='par_1_47' title="bbox 457 2952 2033 3018">
     <span class='ocr_line' id='line_1_47' title="bbox 457 2952 2033 3018; baseline 0.003 -12"><span class='ocrx_word' id='word_1_332' title='bbox 457 2962 540 3007; x_wconf 87' lang='lat' dir='ltr'><strong>set</strong></span> <span class='ocrx_word' id='word_1_333' title='bbox 572 2952 874 3018; x_wconf 88' lang='lat' dir='ltr'><strong>mulierem,</strong></span> <span class='ocrx_word' id='word_1_334' title='bbox 906 2955 1196 3010; x_wconf 82' lang='lat' dir='ltr'><strong>occidisset</strong></span> <span class='ocrx_word' id='word_1_335' title='bbox 1243 2969 1387 3018; x_wconf 85' lang='lat' dir='ltr'><strong>eam,</strong></span> <span class='ocrx_word' id='word_1_336' title='bbox 1416 2957 1689 3010; x_wconf 88' lang='lat' dir='ltr'><strong>concessit</strong></span> <span class='ocrx_word' id='word_1_337' title='bbox 1735 2955 1815 3012; x_wconf 86' lang='lat' dir='ltr'><strong>eis</strong></span> <span class='ocrx_word' id='word_1_338' title='bbox 1843 2956 2033 3011; x_wconf 87' lang='lat' dir='ltr'><strong>dimit-</strong></span> 
     </span>
    </p>
   </div>
   <div class='ocr_carea' id='block_1_48' title="bbox 459 3045 2027 3117">
    <p class='ocr_par' dir='ltr' id='par_1_48' title="bbox 459 3045 2027 3117">
     <span class='ocr_line' id='line_1_48' title="bbox 459 3045 2027 3117; baseline 0.006 -21"><span class='ocrx_word' id='word_1_339' title='bbox 459 3053 574 3098; x_wconf 90' lang='lat' dir='ltr'><strong>tere</strong></span> <span class='ocrx_word' id='word_1_340' title='bbox 607 3059 855 3108; x_wconf 72' lang='lat' dir='ltr'><strong>nxorctn,</strong></span> <span class='ocrx_word' id='word_1_341' title='bbox 891 3061 995 3100; x_wconf 89' lang='lat' dir='ltr'><strong>non</strong></span> <span class='ocrx_word' id='word_1_342' title='bbox 1027 3045 1129 3101; x_wconf 91' lang='lat' dir='ltr'><strong>sibi</strong></span> <span class='ocrx_word' id='word_1_343' title='bbox 1173 3046 1497 3117; x_wconf 87' lang='lat' dir='ltr'><strong>placentem.</strong></span> <span class='ocrx_word' id='word_1_344' title='bbox 1523 3048 1628 3103; x_wconf 79' lang='lat' dir='ltr'><strong>‘Ab</strong></span> <span class='ocrx_word' id='word_1_345' title='bbox 1659 3049 1814 3106; x_wconf 91' lang='lat' dir='ltr'><strong>initio</strong></span> <span class='ocrx_word' id='word_1_346' title='bbox 1845 3061 2027 3106; x_wconf 89' lang='lat' dir='ltr'><strong>autem</strong></span> 
     </span>
    </p>
   </div>
   <div class='ocr_carea' id='block_1_49' title="bbox 459 3135 2101 3226">
    <p class='ocr_par' dir='ltr' id='par_1_49' title="bbox 459 3135 2101 3226">
     <span class='ocr_line' id='line_1_49' title="bbox 459 3135 2101 3226; baseline 0.006 -37"><span class='ocrx_word' id='word_1_347' title='bbox 459 3152 564 3210; x_wconf 78' lang='lat' dir='ltr'><strong>non</strong></span> <span class='ocrx_word' id='word_1_348' title='bbox 595 3135 674 3190; x_wconf 89' lang='lat' dir='ltr'><strong>sic</strong></span> <span class='ocrx_word' id='word_1_349' title='bbox 699 3145 836 3201; x_wconf 89' lang='lat' dir='ltr'><strong>erat,</strong></span> <span class='ocrx_word' id='word_1_350' title='bbox 867 3137 960 3192; x_wconf 89' lang='lat' dir='ltr'><strong>sed</strong></span> <span class='ocrx_word' id='word_1_351' title='bbox 979 3135 1071 3191; x_wconf 86' lang='lat' dir='ltr'><strong>Dei</strong></span> <span class='ocrx_word' id='word_1_352' title='bbox 1101 3138 1384 3194; x_wconf 82' lang='lat' dir='ltr'><strong>consilium</strong></span> <span class='ocrx_word' id='word_1_353' title='bbox 1417 3139 1674 3211; x_wconf 87' lang='lat' dir='ltr'><strong>conjuges</strong></span> <span class='ocrx_word' id='word_1_354' title='bbox 1700 3143 1765 3196; x_wconf 88' lang='lat' dir='ltr'><strong>ad</strong></span> <span class='ocrx_word' id='word_1_355' title='bbox 1798 3143 2026 3198; x_wconf 82' lang='lat' dir='ltr'><strong>invicem</strong></span> <span class='ocrx_word' id='word_1_356' title='bbox 2056 3166 2101 3226; x_wconf 71' lang='grc' dir='ltr'>ο</span> 
     </span>
    </p>
   </div>
   <div class='ocr_carea' id='block_1_50' title="bbox 457 3227 2033 3300">
    <p class='ocr_par' dir='ltr' id='par_1_50' title="bbox 457 3227 2033 3300">
     <span class='ocr_line' id='line_1_50' title="bbox 457 3227 2033 3300; baseline 0.006 -18"><span class='ocrx_word' id='word_1_357' title='bbox 457 3227 758 3299; x_wconf 84' lang='lat' dir='ltr'><strong>conjungit,</strong></span> <span class='ocrx_word' id='word_1_358' title='bbox 792 3240 842 3284; x_wconf 87' lang='lat' dir='ltr'><strong>et</strong></span> <span class='ocrx_word' id='word_1_359' title='bbox 893 3229 1098 3285; x_wconf 86' lang='lat' dir='ltr'><strong>relictis</strong></span> <span class='ocrx_word' id='word_1_360' title='bbox 1141 3234 1456 3300; x_wconf 84' lang='lat' dir='ltr'><strong>parentibus</strong></span> <span class='ocrx_word' id='word_1_361' title='bbox 1502 3249 1667 3288; x_wconf 89' lang='lat' dir='ltr'><strong>unum</strong></span> <span class='ocrx_word' id='word_1_362' title='bbox 1700 3233 1850 3290; x_wconf 77' lang='lat' dir='ltr'><strong>facit.</strong></span> <span class='ocrx_word' id='word_1_363' title='bbox 1900 3235 2033 3292; x_wconf 88' lang='lat' dir='ltr'><strong>Vide</strong></span> 
     </span>
    </p>
   </div>
   <div class='ocr_carea' id='block_1_51' title="bbox 459 3318 2030 3394">
    <p class='ocr_par' dir='ltr' id='par_1_51' title="bbox 459 3318 2030 3394">
     <span class='ocr_line' id='line_1_51' title="bbox 459 3318 2030 3394; baseline 0.004 -23"><span class='ocrx_word' id='word_1_364' title='bbox 459 3327 638 3372; x_wconf 83' lang='lat' dir='ltr'><strong>autem</strong></span> <span class='ocrx_word' id='word_1_365' title='bbox 668 3318 796 3389; x_wconf 89' lang='lat' dir='ltr'><strong>quid</strong></span> <span class='ocrx_word' id='word_1_366' title='bbox 829 3319 994 3382; x_wconf 84' lang='lat' dir='ltr'><strong>dicat,</strong></span> <span class='ocrx_word' id='word_1_367' title='bbox 1052 3321 1194 3388; x_wconf 88' lang='lat' dir='ltr'><strong>quod</strong></span> <span class='ocrx_word' id='word_1_368' title='bbox 1243 3324 1382 3374; x_wconf 83' lang='lat' dir='ltr'><strong>Deus</strong></span> <span class='ocrx_word' id='word_1_369' title='bbox 1431 3322 1604 3376; x_wconf 90' lang='lat' dir='ltr'><strong>noluit</strong></span> <span class='ocrx_word' id='word_1_370' title='bbox 1647 3323 2030 3394; x_wconf 82' lang='lat' dir='ltr'><strong>polygamiam,</strong></span> 
     </span>
    </p>
   </div>
   <div class='ocr_carea' id='block_1_52' title="bbox 459 3410 2033 3480">
    <p class='ocr_par' dir='ltr' id='par_1_52' title="bbox 459 3410 2033 3480">
     <span class='ocr_line' id='line_1_52' title="bbox 459 3410 2033 3480; baseline 0.005 -16"><span class='ocrx_word' id='word_1_371' title='bbox 459 3420 516 3464; x_wconf 93' lang='lat' dir='ltr'><strong>ut</strong></span> <span class='ocrx_word' id='word_1_372' title='bbox 543 3411 656 3466; x_wconf 55' lang='lat' dir='ltr'><strong>haec</strong></span> <span class='ocrx_word' id='word_1_373' title='bbox 689 3410 1110 3480; x_wconf 89' lang='lat' dir='ltr'><strong>relinqueretur,</strong></span> <span class='ocrx_word' id='word_1_374' title='bbox 1143 3423 1196 3467; x_wconf 89' lang='lat' dir='ltr'><strong>et</strong></span> <span class='ocrx_word' id='word_1_375' title='bbox 1230 3413 1400 3468; x_wconf 85' lang='lat' dir='ltr'><strong>altera</strong></span> <span class='ocrx_word' id='word_1_376' title='bbox 1433 3413 1726 3470; x_wconf 89' lang='lat' dir='ltr'><strong>duceretur</strong></span> <span class='ocrx_word' id='word_1_377' title='bbox 1766 3431 1943 3471; x_wconf 75' lang='lat' dir='ltr'><strong>uxor:</strong></span> <span class='ocrx_word' id='word_1_378' title='bbox 1979 3428 2033 3472; x_wconf 90' lang='lat' dir='ltr'><strong>et</strong></span> 
     </span>
    </p>
   </div>
   <div class='ocr_carea' id='block_1_53' title="bbox 461 3500 2030 3571">
    <p class='ocr_par' dir='ltr' id='par_1_53' title="bbox 461 3500 2030 3571">
     <span class='ocr_line' id='line_1_53' title="bbox 461 3500 2030 3571; baseline 0.006 -18"><span class='ocrx_word' id='word_1_379' title='bbox 461 3501 659 3554; x_wconf 89' lang='lat' dir='ltr'><strong>iterum</strong></span> <span class='ocrx_word' id='word_1_380' title='bbox 690 3500 1083 3571; x_wconf 82' lang='lat' dir='ltr'><strong>relinqueretur</strong></span> <span class='ocrx_word' id='word_1_381' title='bbox 1105 3504 1230 3568; x_wconf 86' lang='lat' dir='ltr'><strong>ista,</strong></span> <span class='ocrx_word' id='word_1_382' title='bbox 1264 3515 1317 3558; x_wconf 86' lang='lat' dir='ltr'><strong>et</strong></span> <span class='ocrx_word' id='word_1_383' title='bbox 1343 3515 1712 3561; x_wconf 88' lang='lat' dir='ltr'><strong>assumeretur</strong></span> <span class='ocrx_word' id='word_1_384' title='bbox 1742 3507 1867 3562; x_wconf 84' lang='lat' dir='ltr'><strong>alia.</strong></span> <span class='ocrx_word' id='word_1_385' title='bbox 1897 3507 2030 3562; x_wconf 87' lang='lat' dir='ltr'><strong>Nam</strong></span> 
     </span>
    </p>
   </div>
   <div class='ocr_carea' id='block_1_54' title="bbox 459 3593 2030 3669">
    <p class='ocr_par' dir='ltr' id='par_1_54' title="bbox 459 3593 2030 3669">
     <span class='ocr_line' id='line_1_54' title="bbox 459 3593 2030 3669; baseline 0.004 -20"><span class='ocrx_word' id='word_1_386' title='bbox 459 3594 505 3649; x_wconf 81' lang='lat' dir='ltr'><strong>si</strong></span> <span class='ocrx_word' id='word_1_387' title='bbox 555 3593 660 3650; x_wconf 87' lang='lat' dir='ltr'><strong>hoc</strong></span> <span class='ocrx_word' id='word_1_388' title='bbox 706 3603 870 3658; x_wconf 87' lang='lat' dir='ltr'><strong>esset,</strong></span> <span class='ocrx_word' id='word_1_389' title='bbox 926 3596 1147 3652; x_wconf 80' lang='lat' dir='ltr'><strong>iecisset</strong></span> <span class='ocrx_word' id='word_1_390' title='bbox 1198 3596 1337 3652; x_wconf 86' lang='lat' dir='ltr'><strong>Deus</strong></span> <span class='ocrx_word' id='word_1_391' title='bbox 1374 3615 1535 3652; x_wconf 87' lang='lat' dir='ltr'><strong>unum</strong></span> <span class='ocrx_word' id='word_1_392' title='bbox 1583 3600 1798 3669; x_wconf 89' lang='lat' dir='ltr'><strong>quidem</strong></span> <span class='ocrx_word' id='word_1_393' title='bbox 1834 3603 2030 3664; x_wconf 86' lang='lat' dir='ltr'><strong>virum,</strong></span> 
     </span>
    </p>
   </div>
   <div class='ocr_carea' id='block_1_55' title="bbox 469 3687 2032 3762">
    <p class='ocr_par' dir='ltr' id='par_1_55' title="bbox 469 3687 2032 3762">
     <span class='ocr_line' id='line_1_55' title="bbox 469 3687 2032 3762; baseline 0.003 -21"><span class='ocrx_word' id='word_1_394' title='bbox 469 3687 660 3743; x_wconf 89' lang='lat' dir='ltr'><strong>multas</strong></span> <span class='ocrx_word' id='word_1_395' title='bbox 693 3696 870 3744; x_wconf 86' lang='lat' dir='ltr'><strong>autem</strong></span> <span class='ocrx_word' id='word_1_396' title='bbox 911 3689 1202 3754; x_wconf 87' lang='lat' dir='ltr'><strong>mulieres;</strong></span> <span class='ocrx_word' id='word_1_397' title='bbox 1228 3707 1372 3746; x_wconf 88' lang='lat' dir='ltr'><strong>nunc</strong></span> <span class='ocrx_word' id='word_1_398' title='bbox 1402 3704 1577 3750; x_wconf 83' lang='lat' dir='ltr'><strong>autem</strong></span> <span class='ocrx_word' id='word_1_399' title='bbox 1617 3699 1714 3748; x_wconf 86' lang='lat' dir='ltr'><strong>hoc</strong></span> <span class='ocrx_word' id='word_1_400' title='bbox 1745 3711 1849 3748; x_wconf 87' lang='lat' dir='ltr'><strong>nun</strong></span> <span class='ocrx_word' id='word_1_401' title='bbox 1884 3693 2032 3762; x_wconf 74' lang='lat' dir='ltr'><strong>fecit,</strong></span> 
     </span>
    </p>
   </div>
   <div class='ocr_carea' id='block_1_56' title="bbox 459 3780 2034 3857">
    <p class='ocr_par' dir='ltr' id='par_1_56' title="bbox 459 3780 2034 3857">
     <span class='ocr_line' id='line_1_56' title="bbox 459 3780 2034 3857; baseline 0.004 -23"><span class='ocrx_word' id='word_1_402' title='bbox 459 3783 554 3835; x_wconf 77' lang='lat' dir='ltr'><strong>sed</strong></span> <span class='ocrx_word' id='word_1_403' title='bbox 590 3780 885 3836; x_wconf 89' lang='lat' dir='ltr'><strong>masculum</strong></span> <span class='ocrx_word' id='word_1_404' title='bbox 922 3790 973 3836; x_wconf 92' lang='lat' dir='ltr'><strong>et</strong></span> <span class='ocrx_word' id='word_1_405' title='bbox 1013 3781 1268 3838; x_wconf 79' lang='lat' dir='ltr'><strong>feminam</strong></span> <span class='ocrx_word' id='word_1_406' title='bbox 1301 3783 1450 3850; x_wconf 79' lang='lat' dir='ltr'><strong>fecit,</strong></span> <span class='ocrx_word' id='word_1_407' title='bbox 1477 3801 1641 3839; x_wconf 88' lang='lat' dir='ltr'><strong>unum</strong></span> <span class='ocrx_word' id='word_1_408' title='bbox 1676 3787 1765 3840; x_wconf 90' lang='lat' dir='ltr'><strong>ttni</strong></span> <span class='ocrx_word' id='word_1_409' title='bbox 1794 3787 2034 3857; x_wconf 72' lang='lat' dir='ltr'><strong>copulari</strong></span> 
     </span>
    </p>
   </div>
   <div class='ocr_carea' id='block_1_57' title="bbox 455 3871 2038 3938">
    <p class='ocr_par' dir='ltr' id='par_1_57' title="bbox 455 3871 2038 3938">
     <span class='ocr_line' id='line_1_57' title="bbox 455 3871 2038 3938; baseline 0.006 -15"><span class='ocrx_word' id='word_1_410' title='bbox 455 3873 670 3938; x_wconf 78' lang='lat' dir='ltr'><strong>jubens.</strong></span> <span class='ocrx_word' id='word_1_411' title='bbox 723 3871 1008 3930; x_wconf 71' lang='lat' dir='ltr'><strong>Passennus</strong></span> <span class='ocrx_word' id='word_1_412' title='bbox 1039 3874 1176 3931; x_wconf 91' lang='lat' dir='ltr'><strong>lorte</strong></span> <span class='ocrx_word' id='word_1_413' title='bbox 1213 3885 1270 3931; x_wconf 87' lang='lat' dir='ltr'><strong>et</strong></span> <span class='ocrx_word' id='word_1_414' title='bbox 1299 3877 1378 3932; x_wconf 88' lang='lat' dir='ltr'><strong>sic</strong></span> <span class='ocrx_word' id='word_1_415' title='bbox 1421 3877 1564 3931; x_wconf 91' lang='lat' dir='ltr'><strong>hunc</strong></span> <span class='ocrx_word' id='word_1_416' title='bbox 1612 3877 1790 3932; x_wconf 81' lang='lat' dir='ltr'><strong>loeum</strong></span> <span class='ocrx_word' id='word_1_417' title='bbox 1842 3878 2038 3932; x_wconf 86' lang='lat' dir='ltr'><strong>intelli-</strong></span> 
     </span>
    </p>
   </div>
   <div class='ocr_carea' id='block_1_58' title="bbox 459 3965 2034 4038">
    <p class='ocr_par' dir='ltr' id='par_1_58' title="bbox 459 3965 2034 4038">
     <span class='ocr_line' id='line_1_58' title="bbox 459 3965 2034 4038; baseline 0.006 -24"><span class='ocrx_word' id='word_1_418' title='bbox 459 3980 585 4035; x_wconf 68' lang='lat' dir='ltr'><strong>gere</strong></span> <span class='ocrx_word' id='word_1_419' title='bbox 613 3981 626 4019; x_wconf 86' lang='lat'>:</span> <span class='ocrx_word' id='word_1_420' title='bbox 664 3965 856 4021; x_wconf 88' lang='lat' dir='ltr'><strong>Sermo</strong></span> <span class='ocrx_word' id='word_1_421' title='bbox 884 3967 1144 4036; x_wconf 81' lang='lat' dir='ltr'><strong>doctoris,</strong></span> <span class='ocrx_word' id='word_1_422' title='bbox 1197 3969 1286 4038; x_wconf 91' lang='lat' dir='ltr'><strong>qui</strong></span> <span class='ocrx_word' id='word_1_423' title='bbox 1338 3983 1522 4024; x_wconf 82' lang='lat' dir='ltr'><strong>semen</strong></span> <span class='ocrx_word' id='word_1_424' title='bbox 1549 3970 1749 4024; x_wconf 84' lang='lat' dir='ltr'><strong>bonum</strong></span> <span class='ocrx_word' id='word_1_425' title='bbox 1785 3970 1949 4024; x_wconf 91' lang='lat' dir='ltr'><strong>tnittit</strong></span> <span class='ocrx_word' id='word_1_426' title='bbox 1983 3972 2034 4024; x_wconf 89' lang='lat' dir='ltr'><strong>itt</strong></span> 
     </span>
    </p>
   </div>
   <div class='ocr_carea' id='block_1_59' title="bbox 461 4057 2035 4132">
    <p class='ocr_par' dir='ltr' id='par_1_59' title="bbox 461 4057 2035 4132">
     <span class='ocr_line' id='line_1_59' title="bbox 461 4057 2035 4132; baseline 0.004 -22"><span class='ocrx_word' id='word_1_427' title='bbox 461 4059 514 4110; x_wconf 84' lang='lat' dir='ltr'><strong>iit</strong></span> <span class='ocrx_word' id='word_1_428' title='bbox 546 4057 782 4111; x_wconf 85' lang='lat' dir='ltr'><strong>animam</strong></span> <span class='ocrx_word' id='word_1_429' title='bbox 810 4058 980 4113; x_wconf 80' lang='lat' dir='ltr'><strong>ﬁdelis</strong></span> <span class='ocrx_word' id='word_1_430' title='bbox 1002 4057 1263 4125; x_wconf 83' lang='lat' dir='ltr'><strong>hominis,</strong></span> <span class='ocrx_word' id='word_1_431' title='bbox 1287 4059 1449 4114; x_wconf 89' lang='lat' dir='ltr'><strong>habet</strong></span> <span class='ocrx_word' id='word_1_432' title='bbox 1480 4061 1743 4115; x_wconf 86' lang='lat' dir='ltr'><strong>rationem</strong></span> <span class='ocrx_word' id='word_1_433' title='bbox 1775 4062 1874 4115; x_wconf 91' lang='lat' dir='ltr'><strong>viri</strong></span> <span class='ocrx_word' id='word_1_434' title='bbox 1910 4078 2035 4132; x_wconf 82' lang='lat' dir='ltr'><strong>erga</strong></span> 
     </span>
    </p>
   </div>
   <div class='ocr_carea' id='block_1_60' title="bbox 461 4150 2039 4226">
    <p class='ocr_par' dir='ltr' id='par_1_60' title="bbox 461 4150 2039 4226">
     <span class='ocr_line' id='line_1_60' title="bbox 461 4150 2039 4226; baseline 0.007 -25"><span class='ocrx_word' id='word_1_435' title='bbox 461 4150 698 4203; x_wconf 74' lang='lat' dir='ltr'><strong>animum</strong></span> <span class='ocrx_word' id='word_1_436' title='bbox 731 4166 851 4219; x_wconf 62' lang='lat' dir='ltr'><strong>qtae</strong></span> <span class='ocrx_word' id='word_1_437' title='bbox 881 4151 1030 4206; x_wconf 89' lang='lat' dir='ltr'><strong>illum</strong></span> <span class='ocrx_word' id='word_1_438' title='bbox 1068 4153 1317 4222; x_wconf 84' lang='lat' dir='ltr'><strong>suscipit.</strong></span> <span class='ocrx_word' id='word_1_439' title='bbox 1358 4153 1515 4224; x_wconf 66' lang='lat' dir='ltr'><strong>Smpe</strong></span> <span class='ocrx_word' id='word_1_440' title='bbox 1551 4155 1714 4225; x_wconf 82' lang='lat' dir='ltr'><strong>igitur</strong></span> <span class='ocrx_word' id='word_1_441' title='bbox 1749 4155 1888 4211; x_wconf 88' lang='lat' dir='ltr'><strong>ratio</strong></span> <span class='ocrx_word' id='word_1_442' title='bbox 1919 4171 2039 4226; x_wconf 70' lang='lat' dir='ltr'><strong>qua:</strong></span> 
     </span>
    </p>
   </div>
   <div class='ocr_carea' id='block_1_61' title="bbox 457 4243 2036 4319">
    <p class='ocr_par' dir='ltr' id='par_1_61' title="bbox 457 4243 2036 4319">
     <span class='ocr_line' id='line_1_61' title="bbox 457 4243 2036 4319; baseline 0.004 -21"><span class='ocrx_word' id='word_1_443' title='bbox 457 4243 605 4312; x_wconf 90' lang='lat' dir='ltr'><strong>cupit</strong></span> <span class='ocrx_word' id='word_1_444' title='bbox 640 4245 896 4312; x_wconf 86' lang='lat' dir='ltr'><strong>prodesse</strong></span> <span class='ocrx_word' id='word_1_445' title='bbox 923 4245 1139 4309; x_wconf 62' lang='lat' dir='ltr'><strong>anima,</strong></span> <span class='ocrx_word' id='word_1_446' title='bbox 1173 4261 1292 4314; x_wconf 79' lang='lat' dir='ltr'><strong>qua:</strong></span> <span class='ocrx_word' id='word_1_447' title='bbox 1319 4248 1541 4300; x_wconf 87' lang='lat' dir='ltr'><strong>verbum</strong></span> <span class='ocrx_word' id='word_1_448' title='bbox 1588 4249 1837 4319; x_wconf 88' lang='lat' dir='ltr'><strong>suscipit,</strong></span> <span class='ocrx_word' id='word_1_449' title='bbox 1872 4250 2036 4304; x_wconf 84' lang='lat' dir='ltr'><strong>relin-</strong></span> 
     </span>
    </p>
   </div>
   <div class='ocr_carea' id='block_1_62' title="bbox 457 4333 2038 4408">
    <p class='ocr_par' dir='ltr' id='par_1_62' title="bbox 457 4333 2038 4408">
     <span class='ocr_line' id='line_1_62' title="bbox 457 4333 2038 4408; baseline 0.006 -22"><span class='ocrx_word' id='word_1_450' title='bbox 457 4333 578 4404; x_wconf 82' lang='lat' dir='ltr'><strong>quit</strong></span> <span class='ocrx_word' id='word_1_451' title='bbox 619 4347 825 4403; x_wconf 88' lang='lat' dir='ltr'><strong>patrem</strong></span> <span class='ocrx_word' id='word_1_452' title='bbox 856 4350 1036 4403; x_wconf 89' lang='lat' dir='ltr'><strong>suum,</strong></span> <span class='ocrx_word' id='word_1_453' title='bbox 1067 4338 1228 4408; x_wconf 73' lang='lat'><strong>223</strong></span> <span class='ocrx_word' id='word_1_454' title='bbox 1271 4338 1376 4393; x_wconf 88' lang='lat' dir='ltr'><strong>hoc</strong></span> <span class='ocrx_word' id='word_1_455' title='bbox 1433 4347 1518 4394; x_wconf 91' lang='lat' dir='ltr'><strong>est</strong></span> <span class='ocrx_word' id='word_1_456' title='bbox 1573 4351 1806 4396; x_wconf 88' lang='lat' dir='ltr'><strong>mentem</strong></span> <span class='ocrx_word' id='word_1_457' title='bbox 1864 4341 2038 4396; x_wconf 70' lang='lat' dir='ltr'><strong>subli-</strong></span> 
     </span>
    </p>
   </div>
   <div class='ocr_carea' id='block_1_63' title="bbox 462 4433 2036 4495">
    <p class='ocr_par' dir='ltr' id='par_1_63' title="bbox 462 4433 2036 4495">
     <span class='ocr_line' id='line_1_63' title="bbox 462 4433 2036 4495; baseline 0.008 -16"><span class='ocrx_word' id='word_1_458' title='bbox 462 4441 601 4480; x_wconf 89' lang='lat' dir='ltr'><strong>mem</strong></span> <span class='ocrx_word' id='word_1_459' title='bbox 639 4445 653 4482; x_wconf 88' lang='lat'><strong>:</strong></span> <span class='ocrx_word' id='word_1_460' title='bbox 683 4437 738 4480; x_wconf 90' lang='lat' dir='ltr'><strong>ct</strong></span> <span class='ocrx_word' id='word_1_461' title='bbox 767 4441 992 4484; x_wconf 87' lang='lat' dir='ltr'><strong>matrem</strong></span> <span class='ocrx_word' id='word_1_462' title='bbox 1022 4447 1195 4495; x_wconf 89' lang='lat' dir='ltr'><strong>suam,</strong></span> <span class='ocrx_word' id='word_1_463' title='bbox 1229 4433 1329 4486; x_wconf 91' lang='lat' dir='ltr'><strong>hoc</strong></span> <span class='ocrx_word' id='word_1_464' title='bbox 1354 4443 1458 4495; x_wconf 86' lang='lat' dir='ltr'><strong>est,</strong></span> <span class='ocrx_word' id='word_1_465' title='bbox 1489 4435 1710 4488; x_wconf 79' lang='lat' dir='ltr'><strong>Vt‘l‘butlt</strong></span> <span class='ocrx_word' id='word_1_466' title='bbox 1737 4449 1986 4491; x_wconf 85' lang='lat' dir='ltr'><strong>ornatum</strong></span> <span class='ocrx_word' id='word_1_467' title='bbox 2022 4453 2036 4492; x_wconf 89' lang='lat'>:</span> 
     </span>
    </p>
   </div>
   <div class='ocr_carea' id='block_1_64' title="bbox 2131 1936 3708 2009">
    <p class='ocr_par' dir='ltr' id='par_1_64' title="bbox 2131 1936 3708 2009">
     <span class='ocr_line' id='line_1_64' title="bbox 2131 1936 3708 2009; baseline 0.001 -19"><span class='ocrx_word' id='word_1_468' title='bbox 2131 1937 2234 2006; x_wconf 79' lang='grc' dir='ltr'>τὴν</span> <span class='ocrx_word' id='word_1_469' title='bbox 2251 1939 2485 2006; x_wconf 84' lang='grc' dir='ltr'>γυναῖκα</span> <span class='ocrx_word' id='word_1_470' title='bbox 2506 1953 2520 2002; x_wconf 89' lang='grc'><strong>;</strong></span> <span class='ocrx_word' id='word_1_471' title='bbox 2543 1937 2659 1989; x_wconf 83' lang='grc' dir='ltr'>’Ὶνα</span> <span class='ocrx_word' id='word_1_472' title='bbox 2689 1936 2784 1989; x_wconf 83' lang='grc' dir='ltr'>ἐὰν</span> <span class='ocrx_word' id='word_1_473' title='bbox 2809 1937 2909 2007; x_wconf 84' lang='grc' dir='ltr'>μὲν</span> <span class='ocrx_word' id='word_1_474' title='bbox 2929 1937 3058 2009; x_wconf 77' lang='grc' dir='ltr'>εἴπῃ</span> <span class='ocrx_word' id='word_1_475' title='bbox 3088 1940 3170 1993; x_wconf 85' lang='grc' dir='ltr'>ὅτι</span> <span class='ocrx_word' id='word_1_476' title='bbox 3196 1938 3404 2004; x_wconf 79' lang='grc' dir='ltr'>ἔξεστιν</span> <span class='ocrx_word' id='word_1_477' title='bbox 3436 1939 3708 2007; x_wconf 75' lang='grc' dir='ltr'>ἀπολύειν,</span> 
     </span>
    </p>
   </div>
   <div class='ocr_carea' id='block_1_65' title="bbox 2133 2029 3706 2105">
    <p class='ocr_par' dir='ltr' id='par_1_65' title="bbox 2133 2029 3706 2105">
     <span class='ocr_line' id='line_1_65' title="bbox 2133 2029 3706 2105; baseline 0.002 -18"><span class='ocrx_word' id='word_1_478' title='bbox 2133 2033 2522 2104; x_wconf 82' lang='grc' dir='ltr'>ἀπαντήσωσιν</span> <span class='ocrx_word' id='word_1_479' title='bbox 2545 2033 2695 2098; x_wconf 77' lang='grc' dir='ltr'><strong>αὑτῷ</strong></span> <span class='ocrx_word' id='word_1_480' title='bbox 2725 2051 2740 2064; x_wconf 76' lang='grc' dir='ltr'><strong>ο</strong></span> <span class='ocrx_word' id='word_1_481' title='bbox 2784 2034 2908 2098; x_wconf 82' lang='grc' dir='ltr'><strong>Πῶς</strong></span> <span class='ocrx_word' id='word_1_482' title='bbox 2937 2029 3029 2088; x_wconf 75' lang='grc' dir='ltr'>οὖν</span> <span class='ocrx_word' id='word_1_483' title='bbox 3060 2030 3220 2098; x_wconf 71' lang='grc' dir='ltr'>εἶπας</span> <span class='ocrx_word' id='word_1_484' title='bbox 3253 2037 3336 2090; x_wconf 80' lang='grc' dir='ltr'>ὅτι</span> <span class='ocrx_word' id='word_1_485' title='bbox 3371 2037 3530 2099; x_wconf 72' lang='grc' dir='ltr'>ἐκτὸς</span> <span class='ocrx_word' id='word_1_486' title='bbox 3559 2038 3706 2105; x_wconf 82' lang='grc' dir='ltr'>λόγου</span> 
     </span>
    </p>
   </div>
   <div class='ocr_carea' id='block_1_66' title="bbox 2133 2125 3707 2201">
    <p class='ocr_par' dir='ltr' id='par_1_66' title="bbox 2133 2125 3707 2201">
     <span class='ocr_line' id='line_1_66' title="bbox 2133 2125 3707 2201; baseline 0.003 -23"><span class='ocrx_word' id='word_1_487' title='bbox 2133 2125 2416 2197; x_wconf 86' lang='grc' dir='ltr'>πορνείας,</span> <span class='ocrx_word' id='word_1_488' title='bbox 2467 2127 2566 2179; x_wconf 77' lang='grc' dir='ltr'><strong>οὑκ</strong></span> <span class='ocrx_word' id='word_1_489' title='bbox 2619 2125 2831 2191; x_wconf 76' lang='grc' dir='ltr'>ἔξεστιν</span> <span class='ocrx_word' id='word_1_490' title='bbox 2879 2127 3181 2195; x_wconf 81' lang='grc' dir='ltr'>ἀπολύειν;</span> <span class='ocrx_word' id='word_1_491' title='bbox 3230 2129 3436 2182; x_wconf 83' lang='grc' dir='ltr'>Ἐάνδέ</span> <span class='ocrx_word' id='word_1_492' title='bbox 3477 2130 3605 2201; x_wconf 83' lang='grc' dir='ltr'>ετπῃ</span> <span class='ocrx_word' id='word_1_493' title='bbox 3636 2130 3707 2182; x_wconf 82' lang='grc' dir='ltr'>ὅτι</span> 
     </span>
    </p>
   </div>
   <div class='ocr_carea' id='block_1_67' title="bbox 2132 2214 3706 2289">
    <p class='ocr_par' dir='ltr' id='par_1_67' title="bbox 2132 2214 3706 2289">
     <span class='ocr_line' id='line_1_67' title="bbox 2132 2214 3706 2289; baseline 0.003 -24"><span class='ocrx_word' id='word_1_494' title='bbox 2132 2215 2232 2267; x_wconf 89' lang='grc' dir='ltr'><strong>οὑκ</strong></span> <span class='ocrx_word' id='word_1_495' title='bbox 2281 2214 2514 2280; x_wconf 77' lang='grc' dir='ltr'>ἔξεστιν.</span> <span class='ocrx_word' id='word_1_496' title='bbox 2569 2216 2940 2283; x_wconf 83' lang='grc' dir='ltr'>ἐγκαλέσωσιν</span> <span class='ocrx_word' id='word_1_497' title='bbox 2994 2217 3144 2288; x_wconf 85' lang='grc' dir='ltr'><strong>αὑτῷ</strong></span> <span class='ocrx_word' id='word_1_498' title='bbox 3194 2217 3273 2282; x_wconf 87' lang='grc' dir='ltr'>ὡς</span> <span class='ocrx_word' id='word_1_499' title='bbox 3320 2219 3706 2289; x_wconf 85' lang='grc' dir='ltr'>ἐναντιουμένῳ</span> 
     </span>
    </p>
   </div>
   <div class='ocr_carea' id='block_1_68' title="bbox 2132 2308 3708 2382">
    <p class='ocr_par' dir='ltr' id='par_1_68' title="bbox 2132 2308 3708 2382">
     <span class='ocr_line' id='line_1_68' title="bbox 2132 2308 3708 2382; baseline 0.001 -20"><span class='ocrx_word' id='word_1_500' title='bbox 2132 2311 2245 2373; x_wconf 76' lang='grc' dir='ltr'>τοῖς</span> <span class='ocrx_word' id='word_1_501' title='bbox 2276 2309 2371 2363; x_wconf 86' lang='grc' dir='ltr'><strong>τοῦ</strong></span> <span class='ocrx_word' id='word_1_502' title='bbox 2421 2308 2667 2371; x_wconf 82' lang='grc' dir='ltr'>Μωσέως</span> <span class='ocrx_word' id='word_1_503' title='bbox 2698 2309 2990 2380; x_wconf 88' lang='grc' dir='ltr'>δόγμασιν,</span> <span class='ocrx_word' id='word_1_504' title='bbox 3044 2310 3104 2363; x_wconf 87' lang='grc'><strong>’0</strong></span> <span class='ocrx_word' id='word_1_505' title='bbox 3136 2309 3230 2364; x_wconf 79' lang='grc' dir='ltr'><strong>οῦν</strong></span> <span class='ocrx_word' id='word_1_506' title='bbox 3267 2311 3524 2382; x_wconf 84' lang='grc' dir='ltr'>Χριστὸς,</span> <span class='ocrx_word' id='word_1_507' title='bbox 3555 2313 3585 2380; x_wconf 77' lang='grc' dir='ltr'><strong>ἠ</strong></span> <span class='ocrx_word' id='word_1_508' title='bbox 3617 2311 3708 2364; x_wconf 82' lang='grc' dir='ltr'>αὑ-</span> 
     </span>
    </p>
   </div>
   <div class='ocr_carea' id='block_1_69' title="bbox 2132 2398 3705 2473">
    <p class='ocr_par' dir='ltr' id='par_1_69' title="bbox 2132 2398 3705 2473">
     <span class='ocr_line' id='line_1_69' title="bbox 2132 2398 3705 2473; baseline 0.001 -20"><span class='ocrx_word' id='word_1_509' title='bbox 2132 2398 2382 2468; x_wconf 85' lang='grc' dir='ltr'>τοσοφία,</span> <span class='ocrx_word' id='word_1_510' title='bbox 2408 2400 2768 2471; x_wconf 86' lang='grc' dir='ltr'>ἀποκρίνεται</span> <span class='ocrx_word' id='word_1_511' title='bbox 2793 2399 2976 2462; x_wconf 72' lang='grc' dir='ltr'>αὐτοῖς</span> <span class='ocrx_word' id='word_1_512' title='bbox 3003 2400 3297 2473; x_wconf 86' lang='grc' dir='ltr'>ἀπόκρισιν</span> <span class='ocrx_word' id='word_1_513' title='bbox 3317 2401 3705 2471; x_wconf 70' lang='grc' dir='ltr'>διαφεύγουσαν</span> 
     </span>
    </p>
   </div>
   <div class='ocr_carea' id='block_1_70' title="bbox 2131 2490 3705 2565">
    <p class='ocr_par' dir='ltr' id='par_1_70' title="bbox 2131 2490 3705 2565">
     <span class='ocr_line' id='line_1_70' title="bbox 2131 2490 3705 2565; baseline 0.004 -23"><span class='ocrx_word' id='word_1_514' title='bbox 2131 2490 2232 2552; x_wconf 82' lang='grc' dir='ltr'><strong>τάς</strong></span> <span class='ocrx_word' id='word_1_515' title='bbox 2268 2490 2336 2542; x_wconf 86' lang='grc' dir='ltr'><strong>αὑ</strong></span> <span class='ocrx_word' id='word_1_516' title='bbox 2350 2490 2450 2543; x_wconf 80' lang='grc' dir='ltr'><strong>τῶν</strong></span> <span class='ocrx_word' id='word_1_517' title='bbox 2480 2490 2736 2559; x_wconf 76' lang='grc' dir='ltr'>παγίδας.</span> <span class='ocrx_word' id='word_1_518' title='bbox 2792 2491 3009 2565; x_wconf 76' lang='grc' dir='ltr'>Ἑρωτᾷ</span> <span class='ocrx_word' id='word_1_519' title='bbox 3052 2494 3160 2564; x_wconf 86' lang='grc' dir='ltr'><strong>γάρ</strong></span> <span class='ocrx_word' id='word_1_520' title='bbox 3189 2495 3406 2560; x_wconf 79' lang='grc' dir='ltr'>αὑτοὺς,</span> <span class='ocrx_word' id='word_1_521' title='bbox 3441 2495 3496 2548; x_wconf 87' lang='grc' dir='ltr'><strong>τί</strong></span> <span class='ocrx_word' id='word_1_522' title='bbox 3535 2495 3705 2558; x_wconf 78' lang='grc' dir='ltr'>αὑτοῖς</span> 
     </span>
    </p>
   </div>
   <div class='ocr_carea' id='block_1_71' title="bbox 2132 2581 3703 2652">
    <p class='ocr_par' dir='ltr' id='par_1_71' title="bbox 2132 2581 3703 2652">
     <span class='ocr_line' id='line_1_71' title="bbox 2132 2581 3703 2652; baseline 0.003 -18"><span class='ocrx_word' id='word_1_523' title='bbox 2132 2581 2438 2636; x_wconf 86' lang='grc' dir='ltr'>ἐνετείλατο</span> <span class='ocrx_word' id='word_1_524' title='bbox 2479 2581 2707 2652; x_wconf 81' lang='grc' dir='ltr'>Μωσῆς.</span> <span class='ocrx_word' id='word_1_525' title='bbox 2753 2581 2874 2636; x_wconf 83' lang='grc' dir='ltr'><strong>Τῶν</strong></span> <span class='ocrx_word' id='word_1_526' title='bbox 2919 2583 2977 2636; x_wconf 81' lang='grc' dir='ltr'><strong>δέ</strong></span> <span class='ocrx_word' id='word_1_527' title='bbox 3023 2585 3288 2639; x_wconf 72' lang='grc' dir='ltr'>εἰπόντων</span> <span class='ocrx_word' id='word_1_528' title='bbox 3333 2587 3416 2640; x_wconf 82' lang='grc' dir='ltr'>ὃτι</span> <span class='ocrx_word' id='word_1_529' title='bbox 3445 2585 3703 2640; x_wconf 78' lang='grc' dir='ltr'>’ἀπολύειν</span> 
     </span>
    </p>
   </div>
   <div class='ocr_carea' id='block_1_72' title="bbox 2133 2671 3703 2748">
    <p class='ocr_par' dir='ltr' id='par_1_72' title="bbox 2133 2671 3703 2748">
     <span class='ocr_line' id='line_1_72' title="bbox 2133 2671 3703 2748; baseline 0.003 -24"><span class='ocrx_word' id='word_1_530' title='bbox 2133 2671 2460 2737; x_wconf 85' lang='grc' dir='ltr'>ἐνετείλατο,</span> <span class='ocrx_word' id='word_1_531' title='bbox 2507 2672 2801 2744; x_wconf 83' lang='grc' dir='ltr'>ἐρμηνεύει</span> <span class='ocrx_word' id='word_1_532' title='bbox 2853 2674 3039 2738; x_wconf 81' lang='grc' dir='ltr'>αὑτοίς</span> <span class='ocrx_word' id='word_1_533' title='bbox 3091 2676 3182 2728; x_wconf 67' lang='grc' dir='ltr'>τὴν</span> <span class='ocrx_word' id='word_1_534' title='bbox 3240 2675 3425 2745; x_wconf 88' lang='grc' dir='ltr'>νόμον.</span> <span class='ocrx_word' id='word_1_535' title='bbox 3481 2678 3557 2730; x_wconf 63' lang='lat' dir='ltr'><strong>Ob</strong></span> <span class='ocrx_word' id='word_1_536' title='bbox 3607 2677 3703 2748; x_wconf 68' lang='grc' dir='ltr'><strong>γὰρ</strong></span> 
     </span>
    </p>
   </div>
   <div class='ocr_carea' id='block_1_73' title="bbox 2132 2760 3703 2840">
    <p class='ocr_par' dir='ltr' id='par_1_73' title="bbox 2132 2760 3703 2840">
     <span class='ocr_line' id='line_1_73' title="bbox 2132 2760 3703 2840; baseline 0.004 -23"><span class='ocrx_word' id='word_1_537' title='bbox 2132 2762 2306 2829; x_wconf 73' lang='grc' dir='ltr'>οὕτως</span> <span class='ocrx_word' id='word_1_538' title='bbox 2344 2765 2563 2836; x_wconf 82' lang='grc' dir='ltr'>ἀπηνὴς</span> <span class='ocrx_word' id='word_1_539' title='bbox 2593 2760 2662 2838; x_wconf 76' lang='grc' dir='ltr'>ἦν</span> <span class='ocrx_word' id='word_1_540' title='bbox 2705 2765 2735 2818; x_wconf 82' lang='grc' dir='ltr'><strong>ὁ</strong></span> <span class='ocrx_word' id='word_1_541' title='bbox 2778 2767 3006 2837; x_wconf 80' lang='grc' dir='ltr'>Μωσῆς,</span> <span class='ocrx_word' id='word_1_542' title='bbox 3051 2769 3236 2840; x_wconf 78' lang='grc' dir='ltr'>φησὶν,</span> <span class='ocrx_word' id='word_1_543' title='bbox 3276 2769 3419 2822; x_wconf 79' lang='grc' dir='ltr'>ὥστε</span> <span class='ocrx_word' id='word_1_544' title='bbox 3475 2770 3703 2823; x_wconf 77' lang='grc' dir='ltr'>τοιοῦτον</span> 
     </span>
    </p>
   </div>
   <div class='ocr_carea' id='block_1_74' title="bbox 2134 2855 3698 2932">
    <p class='ocr_par' dir='ltr' id='par_1_74' title="bbox 2134 2855 3698 2932">
     <span class='ocr_line' id='line_1_74' title="bbox 2134 2855 3698 2932; baseline 0.004 -24"><span class='ocrx_word' id='word_1_545' title='bbox 2134 2855 2471 2924; x_wconf 65' lang='grc' dir='ltr'>εἰσενεγκεῖν</span> <span class='ocrx_word' id='word_1_546' title='bbox 2498 2857 2684 2926; x_wconf 74' lang='grc' dir='ltr'>νόμον,</span> <span class='ocrx_word' id='word_1_547' title='bbox 2714 2857 2852 2912; x_wconf 88' lang='grc' dir='ltr'><strong>ἀλλά</strong></span> <span class='ocrx_word' id='word_1_548' title='bbox 2880 2859 3018 2928; x_wconf 74' lang='grc' dir='ltr'>πρὸς</span> <span class='ocrx_word' id='word_1_549' title='bbox 3047 2860 3145 2931; x_wconf 79' lang='grc' dir='ltr'>τὴν</span> <span class='ocrx_word' id='word_1_550' title='bbox 3176 2861 3451 2931; x_wconf 79' lang='grc' dir='ltr'>ὑμετέραν</span> <span class='ocrx_word' id='word_1_551' title='bbox 3484 2861 3698 2932; x_wconf 76' lang='grc' dir='ltr'>σκληροσ</span> 
     </span>
    </p>
   </div>
   <div class='ocr_carea' id='block_1_75' title="bbox 2133 2948 3701 3023">
    <p class='ocr_par' dir='ltr' id='par_1_75' title="bbox 2133 2948 3701 3023">
     <span class='ocr_line' id='line_1_75' title="bbox 2133 2948 3701 3023; baseline 0.004 -22"><span class='ocrx_word' id='word_1_552' title='bbox 2133 2948 2361 3019; x_wconf 86' lang='grc' dir='ltr'>καρδίαν</span> <span class='ocrx_word' id='word_1_553' title='bbox 2390 2949 2548 3002; x_wconf 89' lang='grc' dir='ltr'>τοῦτο</span> <span class='ocrx_word' id='word_1_554' title='bbox 2590 2948 2850 3020; x_wconf 77' lang='grc' dir='ltr'>ἔγραψεν.</span> <span class='ocrx_word' id='word_1_555' title='bbox 2885 2951 2944 3005; x_wconf 84' lang='lat'><strong>&#39;0</strong></span> <span class='ocrx_word' id='word_1_556' title='bbox 2973 2953 3081 3023; x_wconf 80' lang='grc' dir='ltr'><strong>γὰρ</strong></span> <span class='ocrx_word' id='word_1_557' title='bbox 3111 2953 3264 3020; x_wconf 72' lang='grc' dir='ltr'>Θεὸς,</span> <span class='ocrx_word' id='word_1_558' title='bbox 3303 2953 3591 3022; x_wconf 82' lang='grc' dir='ltr'>γινώσκων</span> <span class='ocrx_word' id='word_1_559' title='bbox 3616 2955 3701 3020; x_wconf 70' lang='grc' dir='ltr'>τὴν</span> 
     </span>
    </p>
   </div>
   <div class='ocr_carea' id='block_1_76' title="bbox 2132 3039 3702 3117">
    <p class='ocr_par' dir='ltr' id='par_1_76' title="bbox 2132 3039 3702 3117">
     <span class='ocr_line' id='line_1_76' title="bbox 2132 3039 3702 3117; baseline 0.004 -24"><span class='ocrx_word' id='word_1_560' title='bbox 2132 3039 2244 3093; x_wconf 86' lang='grc' dir='ltr'><strong>τῶν</strong></span> <span class='ocrx_word' id='word_1_561' title='bbox 2277 3040 2546 3112; x_wconf 76' lang='grc' dir='ltr'>Ἐϐραίων</span> <span class='ocrx_word' id='word_1_562' title='bbox 2571 3042 2992 3114; x_wconf 73' lang='grc' dir='ltr'>ἀπανθρωπίαν,</span> <span class='ocrx_word' id='word_1_563' title='bbox 3043 3047 3137 3097; x_wconf 82' lang='grc' dir='ltr'>καὶ</span> <span class='ocrx_word' id='word_1_564' title='bbox 3179 3046 3262 3098; x_wconf 86' lang='grc' dir='ltr'>ὃτι</span> <span class='ocrx_word' id='word_1_565' title='bbox 3315 3045 3514 3117; x_wconf 73' lang='grc' dir='ltr'>ῥᾳδίως</span> <span class='ocrx_word' id='word_1_566' title='bbox 3541 3048 3567 3100; x_wconf 87' lang='grc' dir='ltr'><strong>ό</strong></span> <span class='ocrx_word' id='word_1_567' title='bbox 3592 3047 3702 3116; x_wconf 66' lang='lat' dir='ltr'><strong>pou-</strong></span> 
     </span>
    </p>
   </div>
   <div class='ocr_carea' id='block_1_77' title="bbox 2133 3127 3699 3206">
    <p class='ocr_par' dir='ltr' id='par_1_77' title="bbox 2133 3127 3699 3206">
     <span class='ocr_line' id='line_1_77' title="bbox 2133 3127 3699 3206; baseline 0.008 -27"><span class='ocrx_word' id='word_1_568' title='bbox 2133 3127 2359 3196; x_wconf 85' lang='grc' dir='ltr'>λὸμενος</span> <span class='ocrx_word' id='word_1_569' title='bbox 2383 3128 2597 3198; x_wconf 81' lang='grc' dir='ltr'>φονεύοι</span> <span class='ocrx_word' id='word_1_570' title='bbox 2622 3129 2690 3184; x_wconf 80' lang='grc' dir='ltr'>ἂν</span> <span class='ocrx_word' id='word_1_571' title='bbox 2711 3131 2808 3202; x_wconf 79' lang='grc' dir='ltr'>τὴν</span> <span class='ocrx_word' id='word_1_572' title='bbox 2834 3132 3028 3186; x_wconf 83' lang='grc' dir='ltr'>ἑαυτοῦ</span> <span class='ocrx_word' id='word_1_573' title='bbox 3047 3136 3279 3203; x_wconf 87' lang='grc' dir='ltr'>γυναῖκα</span> <span class='ocrx_word' id='word_1_574' title='bbox 3306 3136 3544 3206; x_wconf 79' lang='grc' dir='ltr'>μισήσας</span> <span class='ocrx_word' id='word_1_575' title='bbox 3569 3136 3699 3204; x_wconf 70' lang='grc' dir='ltr'>ἀπαξ</span> 
     </span>
    </p>
   </div>
   <div class='ocr_carea' id='block_1_78' title="bbox 2137 3220 3697 3299">
    <p class='ocr_par' dir='ltr' id='par_1_78' title="bbox 2137 3220 3697 3299">
     <span class='ocr_line' id='line_1_78' title="bbox 2137 3220 3697 3299; baseline 0.006 -25"><span class='ocrx_word' id='word_1_576' title='bbox 2137 3220 2326 3292; x_wconf 81' lang='grc' dir='ltr'>αὑτὴν,</span> <span class='ocrx_word' id='word_1_577' title='bbox 2363 3221 2745 3294; x_wconf 83' lang='grc' dir='ltr'>συνεχώρησεν</span> <span class='ocrx_word' id='word_1_578' title='bbox 2776 3223 3035 3279; x_wconf 79' lang='grc' dir='ltr'>ἀπολύειν</span> <span class='ocrx_word' id='word_1_579' title='bbox 3075 3225 3172 3298; x_wconf 85' lang='grc' dir='ltr'><strong>τὴν</strong></span> <span class='ocrx_word' id='word_1_580' title='bbox 3215 3229 3473 3296; x_wconf 75' lang='grc' dir='ltr'>γυναῖκα,</span> <span class='ocrx_word' id='word_1_581' title='bbox 3520 3229 3604 3282; x_wconf 72' lang='grc' dir='ltr'>τὸν</span> <span class='ocrx_word' id='word_1_582' title='bbox 3632 3229 3697 3299; x_wconf 76' lang='grc' dir='ltr'>μὴ</span> 
     </span>
    </p>
   </div>
   <div class='ocr_carea' id='block_1_79' title="bbox 2135 3314 3696 3392">
    <p class='ocr_par' dir='ltr' id='par_1_79' title="bbox 2135 3314 3696 3392">
     <span class='ocr_line' id='line_1_79' title="bbox 2135 3314 3696 3392; baseline 0.004 -26"><span class='ocrx_word' id='word_1_583' title='bbox 2135 3314 2506 3386; x_wconf 82' lang='grc' dir='ltr'>ἀρεσκόμενον</span> <span class='ocrx_word' id='word_1_584' title='bbox 2557 3316 2722 3386; x_wconf 76' lang='grc' dir='ltr'>αὐτῇ.</span> <span class='ocrx_word' id='word_1_585' title='bbox 2768 3314 2890 3369; x_wconf 81' lang='grc' dir='ltr'><strong>Ἀπ’</strong></span> <span class='ocrx_word' id='word_1_586' title='bbox 2939 3318 3116 3389; x_wconf 82' lang='grc' dir='ltr'>ἀρχῆς</span> <span class='ocrx_word' id='word_1_587' title='bbox 3169 3319 3225 3372; x_wconf 92' lang='grc' dir='ltr'><strong>δέ</strong></span> <span class='ocrx_word' id='word_1_588' title='bbox 3273 3321 3373 3390; x_wconf 76' lang='grc' dir='ltr'>οὐχ</span> <span class='ocrx_word' id='word_1_589' title='bbox 3424 3320 3591 3384; x_wconf 78' lang='grc' dir='ltr'>οὑτως</span> <span class='ocrx_word' id='word_1_590' title='bbox 3619 3317 3696 3392; x_wconf 76' lang='grc' dir='ltr'>ἦν,</span> 
     </span>
    </p>
   </div>
   <div class='ocr_carea' id='block_1_80' title="bbox 2136 3405 3697 3482">
    <p class='ocr_par' dir='ltr' id='par_1_80' title="bbox 2136 3405 3697 3482">
     <span class='ocr_line' id='line_1_80' title="bbox 2136 3405 3697 3482; baseline 0.005 -24"><span class='ocrx_word' id='word_1_591' title='bbox 2136 3405 2255 3458; x_wconf 81' lang='grc' dir='ltr'>ἀλλ’</span> <span class='ocrx_word' id='word_1_592' title='bbox 2283 3407 2315 3477; x_wconf 77' lang='grc' dir='ltr'>ἡ</span> <span class='ocrx_word' id='word_1_593' title='bbox 2355 3405 2447 3459; x_wconf 74' lang='grc' dir='ltr'><strong>τοῦ</strong></span> <span class='ocrx_word' id='word_1_594' title='bbox 2493 3407 2628 3459; x_wconf 86' lang='grc' dir='ltr'>Θεοῦ</span> <span class='ocrx_word' id='word_1_595' title='bbox 2663 3406 2830 3478; x_wconf 77' lang='grc' dir='ltr'>βουλὴ</span> <span class='ocrx_word' id='word_1_596' title='bbox 2857 3410 3132 3482; x_wconf 74' lang='grc' dir='ltr'>συγκολλᾷ</span> <span class='ocrx_word' id='word_1_597' title='bbox 3167 3411 3419 3481; x_wconf 81' lang='grc' dir='ltr'>ἀλλήλοις</span> <span class='ocrx_word' id='word_1_598' title='bbox 3465 3415 3584 3477; x_wconf 83' lang='grc' dir='ltr'>τοὺς</span> <span class='ocrx_word' id='word_1_599' title='bbox 3616 3430 3697 3466; x_wconf 82' lang='grc' dir='ltr'>σν-</span> 
     </span>
    </p>
   </div>
   <div class='ocr_carea' id='block_1_81' title="bbox 2137 3496 3693 3575">
    <p class='ocr_par' dir='ltr' id='par_1_81' title="bbox 2137 3496 3693 3575">
     <span class='ocr_line' id='line_1_81' title="bbox 2137 3496 3693 3575; baseline 0.005 -24"><span class='ocrx_word' id='word_1_600' title='bbox 2137 3496 2360 3567; x_wconf 79' lang='grc' dir='ltr'>ζύγους,</span> <span class='ocrx_word' id='word_1_601' title='bbox 2392 3499 2488 3552; x_wconf 75' lang='grc' dir='ltr'>καὶ</span> <span class='ocrx_word' id='word_1_602' title='bbox 2535 3500 2592 3552; x_wconf 85' lang='grc' dir='ltr'>ἓν</span> <span class='ocrx_word' id='word_1_603' title='bbox 2639 3503 2801 3561; x_wconf 80' lang='grc' dir='ltr'>ποιεῖ,</span> <span class='ocrx_word' id='word_1_604' title='bbox 2840 3500 2980 3554; x_wconf 84' lang='grc' dir='ltr'>ὥστε</span> <span class='ocrx_word' id='word_1_605' title='bbox 3013 3505 3105 3556; x_wconf 74' lang='grc' dir='ltr'>καὶ</span> <span class='ocrx_word' id='word_1_606' title='bbox 3135 3504 3338 3572; x_wconf 84' lang='grc' dir='ltr'>γονέων</span> <span class='ocrx_word' id='word_1_607' title='bbox 3364 3505 3693 3575; x_wconf 83' lang='grc' dir='ltr'>καταμελεῑν.</span> 
     </span>
    </p>
   </div>
   <div class='ocr_carea' id='block_1_82' title="bbox 2139 3590 3692 3666">
    <p class='ocr_par' dir='ltr' id='par_1_82' title="bbox 2139 3590 3692 3666">
     <span class='ocr_line' id='line_1_82' title="bbox 2139 3590 3692 3666; baseline 0.005 -24"><span class='ocrx_word' id='word_1_608' title='bbox 2139 3591 2280 3661; x_wconf 84' lang='grc' dir='ltr'>Ὅρα</span> <span class='ocrx_word' id='word_1_609' title='bbox 2310 3590 2366 3644; x_wconf 81' lang='grc' dir='ltr'>δὲ</span> <span class='ocrx_word' id='word_1_610' title='bbox 2397 3591 2450 3644; x_wconf 86' lang='grc' dir='ltr'><strong>τί</strong></span> <span class='ocrx_word' id='word_1_611' title='bbox 2498 3590 2669 3660; x_wconf 82' lang='grc' dir='ltr'>λέγει,</span> <span class='ocrx_word' id='word_1_612' title='bbox 2703 3591 2786 3646; x_wconf 84' lang='grc' dir='ltr'>ὅτι</span> <span class='ocrx_word' id='word_1_613' title='bbox 2819 3595 2848 3646; x_wconf 88' lang='grc' dir='ltr'><strong>ό</strong></span> <span class='ocrx_word' id='word_1_614' title='bbox 2890 3592 3023 3657; x_wconf 77' lang='grc' dir='ltr'>Θεὸς</span> <span class='ocrx_word' id='word_1_615' title='bbox 3065 3595 3126 3646; x_wconf 88' lang='grc' dir='ltr'><strong>οὑ</strong></span> <span class='ocrx_word' id='word_1_616' title='bbox 3161 3595 3305 3649; x_wconf 81' lang='grc' dir='ltr'>ϐέλει</span> <span class='ocrx_word' id='word_1_617' title='bbox 3351 3596 3692 3666; x_wconf 74' lang='grc' dir='ltr'>πολυγαμίαν,</span> 
     </span>
    </p>
   </div>
   <div class='ocr_carea' id='block_1_83' title="bbox 2139 3683 3688 3759">
    <p class='ocr_par' dir='ltr' id='par_1_83' title="bbox 2139 3683 3688 3759">
     <span class='ocr_line' id='line_1_83' title="bbox 2139 3683 3688 3759; baseline 0.003 -22"><span class='ocrx_word' id='word_1_618' title='bbox 2139 3683 2279 3738; x_wconf 82' lang='grc' dir='ltr'>ὥστε</span> <span class='ocrx_word' id='word_1_619' title='bbox 2311 3685 2514 3755; x_wconf 85' lang='grc' dir='ltr'>ταύτην</span> <span class='ocrx_word' id='word_1_620' title='bbox 2554 3685 2652 3755; x_wconf 80' lang='grc' dir='ltr'>μὲν</span> <span class='ocrx_word' id='word_1_621' title='bbox 2683 3685 3142 3757; x_wconf 79' lang='grc' dir='ltr'>καταλιμπάνειν,</span> <span class='ocrx_word' id='word_1_622' title='bbox 3175 3689 3368 3759; x_wconf 83' lang='grc' dir='ltr'>ἐτέραν</span> <span class='ocrx_word' id='word_1_623' title='bbox 3401 3689 3459 3742; x_wconf 89' lang='grc' dir='ltr'><strong>δέ</strong></span> <span class='ocrx_word' id='word_1_624' title='bbox 3490 3689 3688 3758; x_wconf 79' lang='grc' dir='ltr'>ἄγεσθαι</span> 
     </span>
    </p>
   </div>
   <div class='ocr_carea' id='block_1_84' title="bbox 2140 3777 3691 3851">
    <p class='ocr_par' dir='ltr' id='par_1_84' title="bbox 2140 3777 3691 3851">
     <span class='ocr_line' id='line_1_84' title="bbox 2140 3777 3691 3851; baseline 0.002 -22"><span class='ocrx_word' id='word_1_625' title='bbox 2140 3778 2400 3846; x_wconf 87' lang='grc' dir='ltr'>γυναῖκα,</span> <span class='ocrx_word' id='word_1_626' title='bbox 2462 3777 2558 3830; x_wconf 80' lang='grc' dir='ltr'>καὶ</span> <span class='ocrx_word' id='word_1_627' title='bbox 2622 3777 2785 3833; x_wconf 87' lang='grc' dir='ltr'>πάλιν</span> <span class='ocrx_word' id='word_1_628' title='bbox 2840 3778 3049 3850; x_wconf 85' lang='grc' dir='ltr'>ταύτην</span> <span class='ocrx_word' id='word_1_629' title='bbox 3102 3780 3556 3851; x_wconf 78' lang='grc' dir='ltr'>καταλιμπάνειν,</span> <span class='ocrx_word' id='word_1_630' title='bbox 3615 3781 3691 3832; x_wconf 74' lang='grc' dir='ltr'>καὶ</span> 
     </span>
    </p>
   </div>
   <div class='ocr_carea' id='block_1_85' title="bbox 2139 3867 3692 3944">
    <p class='ocr_par' dir='ltr' id='par_1_85' title="bbox 2139 3867 3692 3944">
     <span class='ocr_line' id='line_1_85' title="bbox 2139 3867 3692 3944; baseline 0.001 -22"><span class='ocrx_word' id='word_1_631' title='bbox 2139 3869 2304 3942; x_wconf 72' lang='grc' dir='ltr'>ἑτέρᾳ</span> <span class='ocrx_word' id='word_1_632' title='bbox 2346 3869 2658 3926; x_wconf 77' lang='grc' dir='ltr'>κολλᾶσθαι.</span> <span class='ocrx_word' id='word_1_633' title='bbox 2694 3871 2756 3924; x_wconf 77' lang='lat' dir='ltr'><strong>El</strong></span> <span class='ocrx_word' id='word_1_634' title='bbox 2783 3871 2893 3943; x_wconf 75' lang='grc' dir='ltr'>γὰρ</span> <span class='ocrx_word' id='word_1_635' title='bbox 2916 3870 3078 3925; x_wconf 89' lang='grc' dir='ltr'>τοῦτο</span> <span class='ocrx_word' id='word_1_636' title='bbox 3114 3867 3204 3944; x_wconf 80' lang='grc' dir='ltr'>ἦν,</span> <span class='ocrx_word' id='word_1_637' title='bbox 3234 3873 3494 3943; x_wconf 86' lang='grc' dir='ltr'>ἐποίησεν</span> <span class='ocrx_word' id='word_1_638' title='bbox 3524 3873 3585 3927; x_wconf 79' lang='grc' dir='ltr'>ἂν</span> <span class='ocrx_word' id='word_1_639' title='bbox 3614 3872 3692 3924; x_wconf 73' lang='grc' dir='ltr'>ἕνα</span> 
     </span>
    </p>
   </div>
   <div class='ocr_carea' id='block_1_86' title="bbox 2141 3961 3694 4033">
    <p class='ocr_par' dir='ltr' id='par_1_86' title="bbox 2141 3961 3694 4033">
     <span class='ocr_line' id='line_1_86' title="bbox 2141 3961 3694 4033; baseline 0.001 -19"><span class='ocrx_word' id='word_1_640' title='bbox 2141 3962 2239 4031; x_wconf 81' lang='grc' dir='ltr'>μὲν</span> <span class='ocrx_word' id='word_1_641' title='bbox 2280 3961 2470 4027; x_wconf 81' lang='grc' dir='ltr'>ἄνδρα,</span> <span class='ocrx_word' id='word_1_642' title='bbox 2521 3961 2722 4025; x_wconf 72' lang='grc' dir='ltr'>πολλὰς</span> <span class='ocrx_word' id='word_1_643' title='bbox 2764 3963 2823 4016; x_wconf 83' lang='grc' dir='ltr'><strong>δέ</strong></span> <span class='ocrx_word' id='word_1_644' title='bbox 2870 3966 3156 4033; x_wconf 81' lang='grc' dir='ltr'>γυναῖκας.</span> <span class='ocrx_word' id='word_1_645' title='bbox 3191 3963 3307 4018; x_wconf 86' lang='grc' dir='ltr'>Νῦν</span> <span class='ocrx_word' id='word_1_646' title='bbox 3342 3964 3400 4018; x_wconf 78' lang='grc' dir='ltr'>δὲ</span> <span class='ocrx_word' id='word_1_647' title='bbox 3457 3965 3518 4018; x_wconf 88' lang='grc' dir='ltr'><strong>οὑ</strong></span> <span class='ocrx_word' id='word_1_648' title='bbox 3561 3963 3694 4018; x_wconf 81' lang='grc' dir='ltr'>τοῦτο</span> 
     </span>
    </p>
   </div>
   <div class='ocr_carea' id='block_1_87' title="bbox 2139 4052 3694 4127">
    <p class='ocr_par' dir='ltr' id='par_1_87' title="bbox 2139 4052 3694 4127">
     <span class='ocr_line' id='line_1_87' title="bbox 2139 4052 3694 4127; baseline 0.001 -21"><span class='ocrx_word' id='word_1_649' title='bbox 2139 4053 2384 4122; x_wconf 85' lang='grc' dir='ltr'>γέγονεν,</span> <span class='ocrx_word' id='word_1_650' title='bbox 2437 4052 2552 4108; x_wconf 84' lang='grc' dir='ltr'>ἀλλ’</span> <span class='ocrx_word' id='word_1_651' title='bbox 2600 4053 2768 4125; x_wconf 80' lang='grc' dir='ltr'>ἄρσεν</span> <span class='ocrx_word' id='word_1_652' title='bbox 2809 4056 2904 4110; x_wconf 74' lang='grc' dir='ltr'>καὶ</span> <span class='ocrx_word' id='word_1_653' title='bbox 2953 4055 3086 4125; x_wconf 83' lang='grc' dir='ltr'>θῆλυ</span> <span class='ocrx_word' id='word_1_654' title='bbox 3135 4055 3413 4127; x_wconf 87' lang='grc' dir='ltr'>ἐποίησεν,</span> <span class='ocrx_word' id='word_1_655' title='bbox 3467 4057 3559 4110; x_wconf 75' lang='grc' dir='ltr'>ἕνα</span> <span class='ocrx_word' id='word_1_656' title='bbox 3614 4056 3694 4126; x_wconf 71' lang='grc' dir='ltr'><strong>μιᾷ</strong></span> 
     </span>
    </p>
   </div>
   <div class='ocr_carea' id='block_1_88' title="bbox 2139 4147 3697 4218">
    <p class='ocr_par' dir='ltr' id='par_1_88' title="bbox 2139 4147 3697 4218">
     <span class='ocr_line' id='line_1_88' title="bbox 2139 4147 3697 4218; baseline -0.001 -17"><span class='ocrx_word' id='word_1_657' title='bbox 2139 4147 2405 4210; x_wconf 88' lang='grc' dir='ltr'>κελεύσας</span> <span class='ocrx_word' id='word_1_658' title='bbox 2451 4148 2844 4204; x_wconf 79' lang='grc' dir='ltr'>συνάπτεσθαι.</span> <span class='ocrx_word' id='word_1_659' title='bbox 2909 4149 3140 4218; x_wconf 80' lang='grc' dir='ltr'>Μήποτε</span> <span class='ocrx_word' id='word_1_660' title='bbox 3171 4149 3228 4202; x_wconf 79' lang='grc' dir='ltr'>δὲ</span> <span class='ocrx_word' id='word_1_661' title='bbox 3273 4151 3365 4201; x_wconf 70' lang='grc' dir='ltr'>καὶ</span> <span class='ocrx_word' id='word_1_662' title='bbox 3392 4148 3535 4202; x_wconf 73' lang='grc' dir='ltr'>οὕτω</span> <span class='ocrx_word' id='word_1_663' title='bbox 3560 4149 3697 4202; x_wconf 74' lang='grc' dir='ltr'>δυνά-</span> 
     </span>
    </p>
   </div>
   <div class='ocr_carea' id='block_1_89' title="bbox 2149 4239 3695 4312">
    <p class='ocr_par' dir='ltr' id='par_1_89' title="bbox 2149 4239 3695 4312">
     <span class='ocr_line' id='line_1_89' title="bbox 2149 4239 3695 4312; baseline 0.001 -20"><span class='ocrx_word' id='word_1_664' title='bbox 2149 4239 2291 4312; x_wconf 85' lang='grc' dir='ltr'>μεθα</span> <span class='ocrx_word' id='word_1_665' title='bbox 2316 4239 2509 4310; x_wconf 86' lang='grc' dir='ltr'>νοῆσαι</span> <span class='ocrx_word' id='word_1_666' title='bbox 2540 4239 2602 4293; x_wconf 79' lang='grc' dir='ltr'>τὸ</span> <span class='ocrx_word' id='word_1_667' title='bbox 2634 4241 2808 4310; x_wconf 74' lang='grc' dir='ltr'>παρὸν</span> <span class='ocrx_word' id='word_1_668' title='bbox 2848 4242 3068 4312; x_wconf 88' lang='grc' dir='ltr'>χωρίον.</span> <span class='ocrx_word' id='word_1_669' title='bbox 3132 4242 3191 4295; x_wconf 86' lang='grc' dir='ltr'>Ὀ</span> <span class='ocrx_word' id='word_1_670' title='bbox 3224 4241 3380 4310; x_wconf 82' lang='grc' dir='ltr'>λόγος</span> <span class='ocrx_word' id='word_1_671' title='bbox 3410 4243 3440 4294; x_wconf 87' lang='grc' dir='ltr'><strong>ό</strong></span> <span class='ocrx_word' id='word_1_672' title='bbox 3466 4242 3695 4296; x_wconf 78' lang='grc' dir='ltr'>διδασκα-</span> 
     </span>
    </p>
   </div>
   <div class='ocr_carea' id='block_1_90' title="bbox 2141 4331 3697 4404">
    <p class='ocr_par' dir='ltr' id='par_1_90' title="bbox 2141 4331 3697 4404">
     <span class='ocr_line' id='line_1_90' title="bbox 2141 4331 3697 4404; baseline -0.001 -19"><span class='ocrx_word' id='word_1_673' title='bbox 2141 4331 2312 4396; x_wconf 75' lang='grc' dir='ltr'>λικὸς,</span> <span class='ocrx_word' id='word_1_674' title='bbox 2367 4332 2660 4403; x_wconf 87' lang='grc' dir='ltr'>σπέρματα</span> <span class='ocrx_word' id='word_1_675' title='bbox 2712 4331 2893 4401; x_wconf 80' lang='grc' dir='ltr'>ἀγαθά</span> <span class='ocrx_word' id='word_1_676' title='bbox 2937 4331 3224 4404; x_wconf 75' lang='grc' dir='ltr'>ἐμϐάλλων</span> <span class='ocrx_word' id='word_1_677' title='bbox 3274 4335 3356 4397; x_wconf 80' lang='grc' dir='ltr'><strong>είς</strong></span> <span class='ocrx_word' id='word_1_678' title='bbox 3397 4334 3500 4404; x_wconf 80' lang='grc' dir='ltr'>τὴν</span> <span class='ocrx_word' id='word_1_679' title='bbox 3544 4333 3697 4403; x_wconf 73' lang='grc' dir='ltr'>ψυχὴν</span> 
     </span>
    </p>
   </div>
   <div class='ocr_carea' id='block_1_91' title="bbox 2141 4423 3697 4496">
    <p class='ocr_par' dir='ltr' id='par_1_91' title="bbox 2141 4423 3697 4496">
     <span class='ocr_line' id='line_1_91' title="bbox 2141 4423 3697 4496; baseline -0.001 -17"><span class='ocrx_word' id='word_1_680' title='bbox 2141 4425 2234 4479; x_wconf 85' lang='grc' dir='ltr'><strong>τοῦ</strong></span> <span class='ocrx_word' id='word_1_681' title='bbox 2266 4424 2456 4479; x_wconf 79' lang='grc' dir='ltr'>πιστοῦ</span> <span class='ocrx_word' id='word_1_682' title='bbox 2491 4423 2804 4492; x_wconf 75' lang='grc' dir='ltr'>ἀνθρώπου,</span> <span class='ocrx_word' id='word_1_683' title='bbox 2833 4425 3026 4496; x_wconf 77' lang='grc' dir='ltr'>ἀνδρὸς</span> <span class='ocrx_word' id='word_1_684' title='bbox 3056 4424 3214 4494; x_wconf 86' lang='grc' dir='ltr'>λόγον</span> <span class='ocrx_word' id='word_1_685' title='bbox 3242 4426 3433 4496; x_wconf 81' lang='grc' dir='ltr'>ἐπέχει</span> <span class='ocrx_word' id='word_1_686' title='bbox 3457 4426 3591 4495; x_wconf 82' lang='grc' dir='ltr'>πρὸς</span> <span class='ocrx_word' id='word_1_687' title='bbox 3617 4424 3697 4494; x_wconf 76' lang='grc' dir='ltr'>τὴν</span> 
     </span>
    </p>
   </div>
   <div class='ocr_carea' id='block_1_92' title="bbox 462 4512 2032 4597">
    <p class='ocr_par' dir='ltr' id='par_1_92' title="bbox 462 4520 2032 4597">
     <span class='ocr_line' id='line_1_92' title="bbox 462 4520 2032 4597; baseline 0.006 -25"><span class='ocrx_word' id='word_1_688' title='bbox 462 4526 517 4572; x_wconf 83' lang='lat' dir='ltr'><strong>et</strong></span> <span class='ocrx_word' id='word_1_689' title='bbox 565 4520 804 4574; x_wconf 68' lang='lat' dir='ltr'><strong>adhaeret</strong></span> <span class='ocrx_word' id='word_1_690' title='bbox 845 4523 997 4576; x_wconf 80' lang='lat' dir='ltr'><strong>uxori</strong></span> <span class='ocrx_word' id='word_1_691' title='bbox 1054 4539 1185 4591; x_wconf 66' lang='lat' dir='ltr'><strong>suae,</strong></span> <span class='ocrx_word' id='word_1_692' title='bbox 1223 4527 1635 4595; x_wconf 85' lang='lat' dir='ltr'><strong>attemperando</strong></span> <span class='ocrx_word' id='word_1_693' title='bbox 1673 4542 1732 4582; x_wconf 86' lang='lat' dir='ltr'><strong>se</strong></span> <span class='ocrx_word' id='word_1_694' title='bbox 1781 4528 1878 4592; x_wconf 92' lang='lat' dir='ltr'><strong>illi,</strong></span> <span class='ocrx_word' id='word_1_695' title='bbox 1916 4543 2032 4597; x_wconf 84' lang='lat' dir='ltr'><strong>qme</strong></span> 
     </span>
    </p>
   </div>
   <div class='ocr_carea' id='block_1_93' title="bbox 2135 4512 3696 4597">
    <p class='ocr_par' dir='ltr' id='par_1_93' title="bbox 2141 4512 3696 4588">
     <span class='ocr_line' id='line_1_93' title="bbox 2141 4512 3696 4588; baseline -0.004 -17"><span class='ocrx_word' id='word_1_696' title='bbox 2141 4516 2547 4588; x_wconf 80' lang='grc' dir='ltr'>ὑποδεχομένην</span> <span class='ocrx_word' id='word_1_697' title='bbox 2581 4516 2746 4572; x_wconf 82' lang='grc' dir='ltr'>αὑτὸν</span> <span class='ocrx_word' id='word_1_698' title='bbox 2786 4515 2989 4588; x_wconf 80' lang='grc' dir='ltr'>ψυχήν.</span> <span class='ocrx_word' id='word_1_699' title='bbox 3049 4515 3317 4579; x_wconf 77' lang='grc' dir='ltr'>Πολλάκις</span> <span class='ocrx_word' id='word_1_700' title='bbox 3354 4512 3450 4570; x_wconf 73' lang='grc' dir='ltr'>οὖν</span> <span class='ocrx_word' id='word_1_701' title='bbox 3499 4519 3526 4568; x_wconf 85' lang='grc' dir='ltr'><strong>ό</strong></span> <span class='ocrx_word' id='word_1_702' title='bbox 3562 4515 3696 4583; x_wconf 80' lang='grc' dir='ltr'>λόγος</span> 
     </span>
    </p>
   </div>
   <div class='ocr_carea' id='block_1_94' title="bbox 463 4610 2032 4689">
    <p class='ocr_par' dir='ltr' id='par_1_94' title="bbox 463 4611 2032 4689">
     <span class='ocr_line' id='line_1_94' title="bbox 463 4611 2032 4689; baseline 0.007 -25"><span class='ocrx_word' id='word_1_703' title='bbox 463 4611 536 4666; x_wconf 91' lang='lat' dir='ltr'><strong>illi</strong></span> <span class='ocrx_word' id='word_1_704' title='bbox 569 4613 856 4683; x_wconf 82' lang='lat' dir='ltr'><strong>expediant</strong></span> <span class='ocrx_word' id='word_1_705' title='bbox 887 4615 1108 4682; x_wconf 89' lang='lat' dir='ltr'><strong>docens,</strong></span> <span class='ocrx_word' id='word_1_706' title='bbox 1141 4625 1194 4671; x_wconf 89' lang='lat' dir='ltr'><strong>et</strong></span> <span class='ocrx_word' id='word_1_707' title='bbox 1229 4633 1369 4685; x_wconf 58' lang='lat' dir='ltr'><strong>sa&#39;pe</strong></span> <span class='ocrx_word' id='word_1_708' title='bbox 1403 4634 1621 4675; x_wconf 84' lang='lat' dir='ltr'><strong>sensum</strong></span> <span class='ocrx_word' id='word_1_709' title='bbox 1661 4619 2032 4689; x_wconf 81' lang='lat' dir='ltr'><strong>imperfectum</strong></span> 
     </span>
    </p>
   </div>
   <div class='ocr_carea' id='block_1_95' title="bbox 2135 4610 3688 4689">
    <p class='ocr_par' dir='ltr' id='par_1_95' title="bbox 2138 4610 3688 4683">
     <span class='ocr_line' id='line_1_95' title="bbox 2138 4610 3688 4683; baseline -0.005 -17"><span class='ocrx_word' id='word_1_710' title='bbox 2138 4611 2309 4666; x_wconf 81' lang='grc' dir='ltr'>θέλων</span> <span class='ocrx_word' id='word_1_711' title='bbox 2342 4612 2622 4682; x_wconf 81' lang='grc' dir='ltr'>ὠφελῆσαι</span> <span class='ocrx_word' id='word_1_712' title='bbox 2653 4611 2753 4682; x_wconf 81' lang='grc' dir='ltr'>τὴν</span> <span class='ocrx_word' id='word_1_713' title='bbox 2781 4611 3184 4683; x_wconf 83' lang='grc' dir='ltr'>ὑποδεχομένην</span> <span class='ocrx_word' id='word_1_714' title='bbox 3226 4611 3430 4682; x_wconf 73' lang='grc' dir='ltr'>ψυχὴν,</span> <span class='ocrx_word' id='word_1_715' title='bbox 3459 4610 3688 4678; x_wconf 86' lang='grc' dir='ltr'>καταλιμ-</span> 
     </span>
    </p>
   </div>
   <div class='ocr_carea' id='block_1_96' title="bbox 465 4701 2032 4780">
    <p class='ocr_par' dir='ltr' id='par_1_96' title="bbox 465 4709 2032 4780">
     <span class='ocr_line' id='line_1_96' title="bbox 465 4709 2032 4780; baseline 0.004 -20"><span class='ocrx_word' id='word_1_716' title='bbox 465 4723 528 4761; x_wconf 86' lang='lat' dir='ltr'><strong>ac</strong></span> <span class='ocrx_word' id='word_1_717' title='bbox 563 4709 725 4763; x_wconf 79' lang='lat' dir='ltr'><strong>verba</strong></span> <span class='ocrx_word' id='word_1_718' title='bbox 756 4709 1021 4780; x_wconf 85' lang='lat' dir='ltr'><strong>simplicia</strong></span> <span class='ocrx_word' id='word_1_719' title='bbox 1053 4721 1104 4762; x_wconf 93' lang='lat' dir='ltr'><strong>et</strong></span> <span class='ocrx_word' id='word_1_720' title='bbox 1140 4710 1429 4763; x_wconf 85' lang='lat' dir='ltr'><strong>idiotarum</strong></span> <span class='ocrx_word' id='word_1_721' title='bbox 1471 4711 1750 4780; x_wconf 75' lang='lat' dir='ltr'><strong>proferens</strong></span> <span class='ocrx_word' id='word_1_722' title='bbox 1783 4729 1795 4765; x_wconf 89' lang='lat'><strong>:</strong></span> <span class='ocrx_word' id='word_1_723' title='bbox 1830 4721 1881 4766; x_wconf 94' lang='lat' dir='ltr'><strong>et</strong></span> <span class='ocrx_word' id='word_1_724' title='bbox 1913 4722 2032 4768; x_wconf 86' lang='lat' dir='ltr'><strong>tunc</strong></span> 
     </span>
    </p>
   </div>
   <div class='ocr_carea' id='block_1_97' title="bbox 2135 4701 3696 4780">
    <p class='ocr_par' dir='ltr' id='par_1_97' title="bbox 2140 4701 3696 4774">
     <span class='ocr_line' id='line_1_97' title="bbox 2140 4701 3696 4774; baseline -0.004 -16"><span class='ocrx_word' id='word_1_725' title='bbox 2140 4705 2300 4758; x_wconf 79' lang='grc' dir='ltr'>πάνει</span> <span class='ocrx_word' id='word_1_726' title='bbox 2327 4706 2418 4756; x_wconf 67' lang='grc' dir='ltr'><strong>τὸν</strong></span> <span class='ocrx_word' id='word_1_727' title='bbox 2446 4704 2660 4774; x_wconf 83' lang='grc' dir='ltr'>πατέρα</span> <span class='ocrx_word' id='word_1_728' title='bbox 2697 4703 2887 4766; x_wconf 82' lang='grc' dir='ltr'>αὑτοῦ,</span> <span class='ocrx_word' id='word_1_729' title='bbox 2916 4706 3163 4762; x_wconf 76' lang='grc' dir='ltr'>τουτέστι</span> <span class='ocrx_word' id='word_1_730' title='bbox 3218 4703 3343 4756; x_wconf 88' lang='grc' dir='ltr'>νοῦν</span> <span class='ocrx_word' id='word_1_731' title='bbox 3369 4703 3590 4772; x_wconf 72' lang='grc' dir='ltr'>ὑψηλὸν,</span> <span class='ocrx_word' id='word_1_732' title='bbox 3624 4701 3696 4752; x_wconf 58' lang='grc' dir='ltr'>καὶ</span> 
     </span>
    </p>
   </div>
   <div class='ocr_carea' id='block_1_98' title="bbox 460 4791 2032 4866">
    <p class='ocr_par' dir='ltr' id='par_1_98' title="bbox 460 4800 2032 4866">
     <span class='ocr_line' id='line_1_98' title="bbox 460 4800 2032 4866; baseline 0.003 -13"><span class='ocrx_word' id='word_1_733' title='bbox 460 4810 589 4854; x_wconf 84' lang='lat' dir='ltr'><strong>sunt</strong></span> <span class='ocrx_word' id='word_1_734' title='bbox 623 4800 728 4855; x_wconf 90' lang='lat' dir='ltr'><strong>duo</strong></span> <span class='ocrx_word' id='word_1_735' title='bbox 763 4802 815 4856; x_wconf 88' lang='lat' dir='ltr'><strong>itt</strong></span> <span class='ocrx_word' id='word_1_736' title='bbox 850 4815 1013 4856; x_wconf 90' lang='lat' dir='ltr'><strong>carne</strong></span> <span class='ocrx_word' id='word_1_737' title='bbox 1056 4818 1181 4865; x_wconf 85' lang='lat' dir='ltr'><strong>una,</strong></span> <span class='ocrx_word' id='word_1_738' title='bbox 1223 4801 1327 4856; x_wconf 85' lang='lat' dir='ltr'><strong>hoc</strong></span> <span class='ocrx_word' id='word_1_739' title='bbox 1374 4813 1476 4866; x_wconf 85' lang='lat' dir='ltr'><strong>est,</strong></span> <span class='ocrx_word' id='word_1_740' title='bbox 1511 4804 1682 4858; x_wconf 84' lang='lat' dir='ltr'><strong>credit</strong></span> <span class='ocrx_word' id='word_1_741' title='bbox 1710 4804 1887 4857; x_wconf 89' lang='lat' dir='ltr'><strong>anima</strong></span> <span class='ocrx_word' id='word_1_742' title='bbox 1921 4819 2032 4859; x_wconf 87' lang='lat' dir='ltr'><strong>car-</strong></span> 
     </span>
    </p>
   </div>
   <div class='ocr_carea' id='block_1_99' title="bbox 2135 4791 3697 4866">
    <p class='ocr_par' dir='ltr' id='par_1_99' title="bbox 2135 4791 3697 4866">
     <span class='ocr_line' id='line_1_99' title="bbox 2135 4791 3697 4866; baseline -0.005 -18"><span class='ocrx_word' id='word_1_743' title='bbox 2135 4795 2237 4866; x_wconf 80' lang='grc' dir='ltr'><strong>τῆν</strong></span> <span class='ocrx_word' id='word_1_744' title='bbox 2267 4795 2481 4866; x_wconf 86' lang='grc' dir='ltr'>μητέρα</span> <span class='ocrx_word' id='word_1_745' title='bbox 2520 4794 2709 4858; x_wconf 87' lang='grc' dir='ltr'>αὑτοῦ,</span> <span class='ocrx_word' id='word_1_746' title='bbox 2733 4793 2980 4848; x_wconf 84' lang='grc' dir='ltr'>τουτέστι</span> <span class='ocrx_word' id='word_1_747' title='bbox 3003 4793 3148 4858; x_wconf 82' lang='grc' dir='ltr'>λέξιν</span> <span class='ocrx_word' id='word_1_748' title='bbox 3178 4791 3697 4864; x_wconf 87' lang='grc' dir='ltr'>κεκαλλωπισμένην.</span> 
     </span>
    </p>
   </div>
   <div class='ocr_carea' id='block_1_100' title="bbox 464 4883 2032 4959">
    <p class='ocr_par' dir='ltr' id='par_1_100' title="bbox 464 4891 2032 4956">
     <span class='ocr_line' id='line_1_100' title="bbox 464 4891 2032 4956; baseline 0.003 -13"><span class='ocrx_word' id='word_1_749' title='bbox 464 4907 584 4946; x_wconf 90' lang='lat' dir='ltr'><strong>nem</strong></span> <span class='ocrx_word' id='word_1_750' title='bbox 635 4891 835 4948; x_wconf 82' lang='lat' dir='ltr'><strong>factum</strong></span> <span class='ocrx_word' id='word_1_751' title='bbox 887 4908 1009 4950; x_wconf 85' lang='lat' dir='ltr'><strong>esse</strong></span> <span class='ocrx_word' id='word_1_752' title='bbox 1063 4893 1296 4948; x_wconf 79' lang='lat' dir='ltr'><strong>Verbum</strong></span> <span class='ocrx_word' id='word_1_753' title='bbox 1341 4893 1453 4956; x_wconf 87' lang='lat' dir='ltr'><strong>Dei,</strong></span> <span class='ocrx_word' id='word_1_754' title='bbox 1500 4903 1554 4947; x_wconf 91' lang='lat' dir='ltr'><strong>et</strong></span> <span class='ocrx_word' id='word_1_755' title='bbox 1610 4893 1755 4947; x_wconf 85' lang='lat' dir='ltr'><strong>nulla</strong></span> <span class='ocrx_word' id='word_1_756' title='bbox 1805 4893 2032 4948; x_wconf 83' lang='lat' dir='ltr'><strong>humana</strong></span> 
     </span>
    </p>
   </div>
   <div class='ocr_carea' id='block_1_101' title="bbox 2135 4883 3696 4959">
    <p class='ocr_par' dir='ltr' id='par_1_101' title="bbox 2140 4883 3696 4959">
     <span class='ocr_line' id='line_1_101' title="bbox 2140 4883 3696 4959; baseline -0.001 -19"><span class='ocrx_word' id='word_1_757' title='bbox 2140 4888 2238 4941; x_wconf 73' lang='grc' dir='ltr'>καὶ</span> <span class='ocrx_word' id='word_1_758' title='bbox 2271 4887 2672 4959; x_wconf 76' lang='grc' dir='ltr'>προσκολλᾶται</span> <span class='ocrx_word' id='word_1_759' title='bbox 2709 4891 2774 4958; x_wconf 81' lang='grc' dir='ltr'><strong>τῇ</strong></span> <span class='ocrx_word' id='word_1_760' title='bbox 2815 4889 3037 4956; x_wconf 73' lang='grc' dir='ltr'>γυναικὶ</span> <span class='ocrx_word' id='word_1_761' title='bbox 3087 4885 3274 4954; x_wconf 83' lang='grc' dir='ltr'>αὑτοῦ,</span> <span class='ocrx_word' id='word_1_762' title='bbox 3309 4887 3430 4958; x_wconf 67' lang='grc' dir='ltr'>ἦτοι</span> <span class='ocrx_word' id='word_1_763' title='bbox 3481 4886 3550 4940; x_wconf 88' lang='grc' dir='ltr'><strong>τά</strong></span> <span class='ocrx_word' id='word_1_764' title='bbox 3585 4883 3696 4954; x_wconf 61' lang='grc' dir='ltr'>πρὸς</span> 
     </span>
    </p>
   </div>
   <div class='ocr_carea' id='block_1_102' title="bbox 461 4975 2032 5055">
    <p class='ocr_par' dir='ltr' id='par_1_102' title="bbox 461 4984 1825 5055">
     <span class='ocr_line' id='line_1_102' title="bbox 461 4984 1825 5055; baseline 0.003 -19"><span class='ocrx_word' id='word_1_765' title='bbox 461 4984 718 5053; x_wconf 73' lang='lat' dir='ltr'><strong>cogitatio</strong></span> <span class='ocrx_word' id='word_1_766' title='bbox 744 4995 922 5054; x_wconf 87' lang='lat' dir='ltr'><strong>potest</strong></span> <span class='ocrx_word' id='word_1_767' title='bbox 951 5001 1206 5055; x_wconf 81' lang='lat' dir='ltr'><strong>separare</strong></span> <span class='ocrx_word' id='word_1_768' title='bbox 1237 4986 1477 5039; x_wconf 79' lang='lat' dir='ltr'><strong>animant</strong></span> <span class='ocrx_word' id='word_1_769' title='bbox 1507 5000 1538 5038; x_wconf 91' lang='lat' dir='ltr'><strong>a</strong></span> <span class='ocrx_word' id='word_1_770' title='bbox 1571 4985 1663 5040; x_wconf 88' lang='lat' dir='ltr'><strong>tali</strong></span> <span class='ocrx_word' id='word_1_771' title='bbox 1701 4984 1825 5040; x_wconf 87' lang='lat' dir='ltr'><strong>lide.</strong></span> 
     </span>
    </p>
   </div>
   <div class='ocr_carea' id='block_1_103' title="bbox 2135 4975 3689 5055">
    <p class='ocr_par' dir='ltr' id='par_1_103' title="bbox 2140 4975 3689 5053">
     <span class='ocr_line' id='line_1_103' title="bbox 2140 4975 3689 5053; baseline -0.005 -18"><span class='ocrx_word' id='word_1_772' title='bbox 2140 4983 2413 5052; x_wconf 78' lang='grc' dir='ltr'>ὠφέλειαν</span> <span class='ocrx_word' id='word_1_773' title='bbox 2447 4982 2543 5052; x_wconf 88' lang='grc' dir='ltr'><strong>τῆς</strong></span> <span class='ocrx_word' id='word_1_774' title='bbox 2579 4982 2758 5053; x_wconf 81' lang='grc' dir='ltr'>ψυχῆς</span> <span class='ocrx_word' id='word_1_775' title='bbox 2787 4983 3005 5052; x_wconf 81' lang='grc' dir='ltr'>ἐκείνης</span> <span class='ocrx_word' id='word_1_776' title='bbox 3037 4982 3303 5049; x_wconf 86' lang='grc' dir='ltr'>διδάσκει,</span> <span class='ocrx_word' id='word_1_777' title='bbox 3356 4975 3689 5050; x_wconf 83' lang='grc' dir='ltr'>συγκαταδαί</span> 
     </span>
    </p>
   </div>
   <div class='ocr_carea' id='block_1_104' title="bbox 466 5075 3696 5150">
    <p class='ocr_par' dir='ltr' id='par_1_104' title="bbox 466 5075 3696 5150">
     <span class='ocr_line' id='line_1_104' title="bbox 466 5075 3696 5150; baseline 0 -24"><span class='ocrx_word' id='word_1_778' title='bbox 466 5092 574 5130; x_wconf 90' lang='grc' dir='ltr'><strong>νων</strong></span> <span class='ocrx_word' id='word_1_779' title='bbox 601 5077 740 5149; x_wconf 75' lang='grc' dir='ltr'>αὐτῇ</span> <span class='ocrx_word' id='word_1_780' title='bbox 776 5078 870 5132; x_wconf 74' lang='grc' dir='ltr'>καὶ</span> <span class='ocrx_word' id='word_1_781' title='bbox 894 5077 1017 5132; x_wconf 91' lang='grc' dir='ltr'>νοῦν</span> <span class='ocrx_word' id='word_1_782' title='bbox 1080 5079 1345 5142; x_wconf 84' lang='grc' dir='ltr'>πολλάκις</span> <span class='ocrx_word' id='word_1_783' title='bbox 1407 5078 1598 5150; x_wconf 74' lang='grc' dir='ltr'>εὐτελῆ</span> <span class='ocrx_word' id='word_1_784' title='bbox 1665 5079 1760 5133; x_wconf 75' lang='grc' dir='ltr'>καὶ</span> <span class='ocrx_word' id='word_1_785' title='bbox 1801 5079 1978 5144; x_wconf 82' lang='grc' dir='ltr'>λέξεις</span> <span class='ocrx_word' id='word_1_786' title='bbox 2046 5076 2324 5140; x_wconf 65' lang='grc' dir='ltr'>ἰδιωτικὰς</span> <span class='ocrx_word' id='word_1_787' title='bbox 2372 5077 2678 5149; x_wconf 83' lang='grc' dir='ltr'>προτιμῶν.</span> <span class='ocrx_word' id='word_1_788' title='bbox 2730 5077 2842 5131; x_wconf 73' lang='grc' dir='ltr'><strong>Καὶ</strong></span> <span class='ocrx_word' id='word_1_789' title='bbox 2883 5076 3068 5130; x_wconf 79' lang='grc' dir='ltr'>λοιπὸν</span> <span class='ocrx_word' id='word_1_790' title='bbox 3118 5076 3358 5145; x_wconf 85' lang='grc' dir='ltr'>γίνονται</span> <span class='ocrx_word' id='word_1_791' title='bbox 3408 5077 3460 5129; x_wconf 79' lang='grc' dir='ltr'>οἱ</span> <span class='ocrx_word' id='word_1_792' title='bbox 3508 5075 3597 5129; x_wconf 80' lang='grc' dir='ltr'><strong>δύο</strong></span> <span class='ocrx_word' id='word_1_793' title='bbox 3635 5075 3696 5127; x_wconf 66' lang='grc' dir='ltr'>είς</span> 
     </span>
    </p>
   </div>
   <div class='ocr_carea' id='block_1_105' title="bbox 463 5157 3695 5244">
    <p class='ocr_par' dir='ltr' id='par_1_105' title="bbox 463 5157 3695 5244">
     <span class='ocr_line' id='line_1_105' title="bbox 463 5157 3695 5244; baseline -0.001 -18"><span class='ocrx_word' id='word_1_794' title='bbox 463 5172 644 5244; x_wconf 80' lang='grc' dir='ltr'>σάρκα</span> <span class='ocrx_word' id='word_1_795' title='bbox 679 5170 830 5242; x_wconf 88' lang='grc' dir='ltr'>μίαν,</span> <span class='ocrx_word' id='word_1_796' title='bbox 879 5169 1151 5233; x_wconf 86' lang='grc' dir='ltr'>τουτέστι,</span> <span class='ocrx_word' id='word_1_797' title='bbox 1186 5169 1436 5224; x_wconf 85' lang='grc' dir='ltr'>πιστεύει</span> <span class='ocrx_word' id='word_1_798' title='bbox 1468 5172 1501 5242; x_wconf 77' lang='grc' dir='ltr'><strong>η</strong></span> <span class='ocrx_word' id='word_1_799' title='bbox 1538 5157 1684 5242; x_wconf 79' lang='grc' dir='ltr'>ψυχὴ</span> <span class='ocrx_word' id='word_1_800' title='bbox 1733 5171 1913 5242; x_wconf 84' lang='grc' dir='ltr'>σάρκα</span> <span class='ocrx_word' id='word_1_801' title='bbox 1952 5171 2207 5239; x_wconf 84' lang='grc' dir='ltr'>γενέσθαι</span> <span class='ocrx_word' id='word_1_802' title='bbox 2245 5169 2336 5222; x_wconf 74' lang='grc' dir='ltr'>τὸν</span> <span class='ocrx_word' id='word_1_803' title='bbox 2378 5169 2553 5238; x_wconf 86' lang='grc' dir='ltr'>Λόγον</span> <span class='ocrx_word' id='word_1_804' title='bbox 2583 5168 2677 5223; x_wconf 88' lang='grc' dir='ltr'><strong>τοῦ</strong></span> <span class='ocrx_word' id='word_1_805' title='bbox 2745 5168 2906 5223; x_wconf 86' lang='grc' dir='ltr'>Θεοῦ.</span> <span class='ocrx_word' id='word_1_806' title='bbox 2977 5170 3088 5224; x_wconf 71' lang='grc' dir='ltr'><strong>Καὶ</strong></span> <span class='ocrx_word' id='word_1_807' title='bbox 3150 5170 3327 5232; x_wconf 73' lang='grc' dir='ltr'>οὐδεὶς</span> <span class='ocrx_word' id='word_1_808' title='bbox 3381 5167 3695 5240; x_wconf 66' lang='grc' dir='ltr'>ἀνθρώπινος</span> 
     </span>
    </p>
   </div>
   <div class='ocr_carea' id='block_1_106' title="bbox 459 5264 2388 5337">
    <p class='ocr_par' dir='ltr' id='par_1_106' title="bbox 459 5264 2388 5337">
     <span class='ocr_line' id='line_1_106' title="bbox 459 5264 2388 5337; baseline -0.002 -17"><span class='ocrx_word' id='word_1_809' title='bbox 459 5265 720 5336; x_wconf 68' lang='grc' dir='ltr'>λογισμὸς</span> <span class='ocrx_word' id='word_1_810' title='bbox 745 5264 968 5318; x_wconf 88' lang='grc' dir='ltr'>δύναται</span> <span class='ocrx_word' id='word_1_811' title='bbox 991 5264 1221 5337; x_wconf 86' lang='grc' dir='ltr'>χωρίσαι</span> <span class='ocrx_word' id='word_1_812' title='bbox 1247 5266 1347 5334; x_wconf 80' lang='grc' dir='ltr'>τὴν</span> <span class='ocrx_word' id='word_1_813' title='bbox 1377 5265 1557 5337; x_wconf 81' lang='grc' dir='ltr'>ψυχὴν</span> <span class='ocrx_word' id='word_1_814' title='bbox 1587 5266 1696 5320; x_wconf 80' lang='grc' dir='ltr'>ἀπὸ</span> <span class='ocrx_word' id='word_1_815' title='bbox 1727 5267 1825 5336; x_wconf 85' lang='grc' dir='ltr'><strong>τῆς</strong></span> <span class='ocrx_word' id='word_1_816' title='bbox 1849 5266 2105 5336; x_wconf 87' lang='grc' dir='ltr'>τοιαύτης</span> <span class='ocrx_word' id='word_1_817' title='bbox 2131 5266 2388 5328; x_wconf 86' lang='grc' dir='ltr'>πίστεως.</span> 
     </span>
    </p>
   </div>
   <div class='ocr_carea' id='block_1_107' title="bbox 537 5347 2032 5432">
    <p class='ocr_par' dir='ltr' id='par_1_107' title="bbox 537 5360 2032 5432">
     <span class='ocr_line' id='line_1_107' title="bbox 537 5360 2032 5432; baseline 0.003 -18"><span class='ocrx_word' id='word_1_818' title='bbox 537 5360 702 5416; x_wconf 74' lang='lat' dir='ltr'><strong>Vens.</strong></span> <span class='ocrx_word' id='word_1_819' title='bbox 749 5361 830 5426; x_wconf 77' lang='grc'><strong>10,</strong></span> <span class='ocrx_word' id='word_1_820' title='bbox 866 5362 952 5416; x_wconf 86' lang='lat' dir='ltr'><strong>ll.</strong></span> <span class='ocrx_word' id='word_1_821' title='bbox 1007 5378 1026 5412; x_wconf 80' lang='grc' dir='ltr'><strong>ι</strong></span> <span class='ocrx_word' id='word_1_822' title='bbox 1074 5360 1140 5416; x_wconf 85' lang='lat' dir='ltr'><strong>Et</strong></span> <span class='ocrx_word' id='word_1_823' title='bbox 1189 5363 1242 5416; x_wconf 91' lang='lat' dir='ltr'><strong>in</strong></span> <span class='ocrx_word' id='word_1_824' title='bbox 1296 5362 1456 5418; x_wconf 92' lang='lat' dir='ltr'><strong>domo</strong></span> <span class='ocrx_word' id='word_1_825' title='bbox 1516 5379 1733 5418; x_wconf 89' lang='lat' dir='ltr'><strong>rursmn</strong></span> <span class='ocrx_word' id='word_1_826' title='bbox 1783 5363 2032 5432; x_wconf 83' lang='lat' dir='ltr'><strong>discipuli</strong></span> 
     </span>
    </p>
   </div>
   <div class='ocr_carea' id='block_1_108' title="bbox 2135 5347 3692 5432">
    <p class='ocr_par' dir='ltr' id='par_1_108' title="bbox 2211 5347 3692 5432">
     <span class='ocr_line' id='line_1_108' title="bbox 2211 5347 3692 5432; baseline -0.003 -18"><span class='ocrx_word' id='word_1_827' title='bbox 2211 5381 2230 5414; x_wconf 71' lang='grc' dir='ltr'><strong>ι</strong></span> <span class='ocrx_word' id='word_1_828' title='bbox 2275 5362 2386 5415; x_wconf 77' lang='grc' dir='ltr'>Καὶ</span> <span class='ocrx_word' id='word_1_829' title='bbox 2435 5362 2492 5413; x_wconf 90' lang='grc' dir='ltr'><strong>ἐν</strong></span> <span class='ocrx_word' id='word_1_830' title='bbox 2531 5363 2600 5432; x_wconf 82' lang='grc' dir='ltr'>τῇ</span> <span class='ocrx_word' id='word_1_831' title='bbox 2634 5361 2782 5432; x_wconf 68' lang='grc' dir='ltr'>οἰκίᾳ</span> <span class='ocrx_word' id='word_1_832' title='bbox 2828 5360 2992 5415; x_wconf 82' lang='grc' dir='ltr'>πάλιν</span> <span class='ocrx_word' id='word_1_833' title='bbox 3025 5360 3076 5414; x_wconf 80' lang='lat' dir='ltr'><strong>oi</strong></span> <span class='ocrx_word' id='word_1_834' title='bbox 3114 5359 3358 5431; x_wconf 74' lang='grc' dir='ltr'>μαθηταὶ</span> <span class='ocrx_word' id='word_1_835' title='bbox 3392 5358 3556 5414; x_wconf 79' lang='grc' dir='ltr'>αὑτοῦ</span> <span class='ocrx_word' id='word_1_836' title='bbox 3587 5347 3692 5425; x_wconf 72' lang='grc' dir='ltr'><strong>περι</strong></span> 
     </span>
    </p>
   </div>
   <div class='ocr_carea' id='block_1_109' title="bbox 463 5450 2032 5527">
    <p class='ocr_par' dir='ltr' id='par_1_109' title="bbox 463 5452 2032 5526">
     <span class='ocr_line' id='line_1_109' title="bbox 463 5452 2032 5526; baseline 0.001 -16"><span class='ocrx_word' id='word_1_837' title='bbox 463 5453 605 5510; x_wconf 84' lang='lat' dir='ltr'><strong>illius</strong></span> <span class='ocrx_word' id='word_1_838' title='bbox 649 5452 837 5509; x_wconf 87' lang='lat' dir='ltr'><strong>eadem</strong></span> <span class='ocrx_word' id='word_1_839' title='bbox 873 5455 939 5510; x_wconf 92' lang='lat' dir='ltr'><strong>de</strong></span> <span class='ocrx_word' id='word_1_840' title='bbox 982 5469 1041 5510; x_wconf 91' lang='lat' dir='ltr'><strong>re</strong></span> <span class='ocrx_word' id='word_1_841' title='bbox 1080 5454 1553 5526; x_wconf 75' lang='lat' dir='ltr'><strong>interrogaverunt</strong></span> <span class='ocrx_word' id='word_1_842' title='bbox 1600 5457 1770 5518; x_wconf 89' lang='lat' dir='ltr'><strong>illum,</strong></span> <span class='ocrx_word' id='word_1_843' title='bbox 1807 5465 1865 5511; x_wconf 90' lang='lat' dir='ltr'><strong>et</strong></span> <span class='ocrx_word' id='word_1_844' title='bbox 1908 5455 2032 5512; x_wconf 88' lang='lat' dir='ltr'><strong>dicit</strong></span> 
     </span>
    </p>
   </div>
   <div class='ocr_carea' id='block_1_110' title="bbox 2135 5450 3691 5527">
    <p class='ocr_par' dir='ltr' id='par_1_110' title="bbox 2135 5450 3691 5527">
     <span class='ocr_line' id='line_1_110' title="bbox 2135 5450 3691 5527; baseline 0.001 -18"><span class='ocrx_word' id='word_1_845' title='bbox 2135 5455 2226 5510; x_wconf 83' lang='grc' dir='ltr'><strong>τοῦ</strong></span> <span class='ocrx_word' id='word_1_846' title='bbox 2258 5453 2422 5509; x_wconf 85' lang='grc' dir='ltr'>αὑτοῦ</span> <span class='ocrx_word' id='word_1_847' title='bbox 2461 5453 2829 5527; x_wconf 85' lang='grc' dir='ltr'>ἐπηρώτησαν</span> <span class='ocrx_word' id='word_1_848' title='bbox 2849 5454 3031 5522; x_wconf 73' lang='grc' dir='ltr'>αὑτὸν,</span> <span class='ocrx_word' id='word_1_849' title='bbox 3065 5455 3162 5508; x_wconf 73' lang='grc' dir='ltr'>καὶ</span> <span class='ocrx_word' id='word_1_850' title='bbox 3195 5454 3345 5522; x_wconf 84' lang='grc' dir='ltr'>λέγει</span> <span class='ocrx_word' id='word_1_851' title='bbox 3378 5453 3576 5515; x_wconf 70' lang='grc' dir='ltr'>αὐτοῖς*</span> <span class='ocrx_word' id='word_1_852' title='bbox 3614 5450 3691 5511; x_wconf 78' lang='grc' dir='ltr'>’οί</span> 
     </span>
    </p>
   </div>
   <div class='ocr_carea' id='block_1_111' title="bbox 463 5543 2032 5620">
    <p class='ocr_par' dir='ltr' id='par_1_111' title="bbox 463 5544 2032 5618">
     <span class='ocr_line' id='line_1_111' title="bbox 463 5544 2032 5618; baseline 0.002 -18"><span class='ocrx_word' id='word_1_853' title='bbox 463 5546 568 5600; x_wconf 90' lang='lat' dir='ltr'><strong>illis</strong></span> <span class='ocrx_word' id='word_1_854' title='bbox 611 5563 626 5600; x_wconf 88' lang='lat'><strong>:</strong></span> <span class='ocrx_word' id='word_1_855' title='bbox 679 5544 998 5616; x_wconf 86' lang='lat' dir='ltr'><strong>Quicunque</strong></span> <span class='ocrx_word' id='word_1_856' title='bbox 1058 5547 1428 5618; x_wconf 82' lang='lat' dir='ltr'><strong>repndiaverit</strong></span> <span class='ocrx_word' id='word_1_857' title='bbox 1480 5565 1702 5604; x_wconf 78' lang='lat' dir='ltr'><strong>uxorem</strong></span> <span class='ocrx_word' id='word_1_858' title='bbox 1753 5564 1932 5613; x_wconf 85' lang='lat' dir='ltr'><strong>suam,</strong></span> <span class='ocrx_word' id='word_1_859' title='bbox 1983 5557 2032 5606; x_wconf 90' lang='lat' dir='ltr'><strong>et</strong></span> 
     </span>
    </p>
   </div>
   <div class='ocr_carea' id='block_1_112' title="bbox 2135 5543 3683 5620">
    <p class='ocr_par' dir='ltr' id='par_1_112' title="bbox 2135 5543 3683 5620">
     <span class='ocr_line' id='line_1_112' title="bbox 2135 5543 3683 5620; baseline -0.006 -18"><span class='ocrx_word' id='word_1_860' title='bbox 2135 5547 2230 5602; x_wconf 85' lang='grc' dir='ltr'><strong>ἐάν</strong></span> <span class='ocrx_word' id='word_1_861' title='bbox 2261 5547 2508 5620; x_wconf 85' lang='grc' dir='ltr'>ἀπολύσῃ</span> <span class='ocrx_word' id='word_1_862' title='bbox 2537 5549 2635 5619; x_wconf 80' lang='grc' dir='ltr'>τὴν</span> <span class='ocrx_word' id='word_1_863' title='bbox 2663 5551 2897 5618; x_wconf 81' lang='grc' dir='ltr'>γυναῖκα</span> <span class='ocrx_word' id='word_1_864' title='bbox 2931 5545 3098 5602; x_wconf 87' lang='grc' dir='ltr'>αὑτοῦ</span> <span class='ocrx_word' id='word_1_865' title='bbox 3129 5547 3223 5601; x_wconf 74' lang='grc' dir='ltr'>καὶ</span> <span class='ocrx_word' id='word_1_866' title='bbox 3251 5547 3479 5618; x_wconf 70' lang='grc' dir='ltr'>γαμήσῃ</span> <span class='ocrx_word' id='word_1_867' title='bbox 3521 5543 3683 5612; x_wconf 78' lang='grc' dir='ltr'>ἀλλην.</span> 
     </span>
    </p>
   </div>
   <div class='ocr_carea' id='block_1_113' title="bbox 461 5633 2032 5712">
    <p class='ocr_par' dir='ltr' id='par_1_113' title="bbox 461 5637 2032 5703">
     <span class='ocr_line' id='line_1_113' title="bbox 461 5637 2032 5703; baseline 0.001 -11"><span class='ocrx_word' id='word_1_868' title='bbox 461 5638 677 5692; x_wconf 86' lang='lat' dir='ltr'><strong>duxerit</strong></span> <span class='ocrx_word' id='word_1_869' title='bbox 702 5637 886 5703; x_wconf 84' lang='lat' dir='ltr'><strong>aliam,</strong></span> <span class='ocrx_word' id='word_1_870' title='bbox 915 5637 1238 5695; x_wconf 86' lang='lat' dir='ltr'><strong>adulterium</strong></span> <span class='ocrx_word' id='word_1_871' title='bbox 1266 5639 1554 5695; x_wconf 89' lang='lat' dir='ltr'><strong>committit</strong></span> <span class='ocrx_word' id='word_1_872' title='bbox 1575 5638 1833 5696; x_wconf 78' lang='lat' dir='ltr'><strong>adversus</strong></span> <span class='ocrx_word' id='word_1_873' title='bbox 1867 5639 2032 5694; x_wconf 91' lang='lat' dir='ltr'><strong>illam.</strong></span> 
     </span>
    </p>
   </div>
   <div class='ocr_carea' id='block_1_114' title="bbox 2135 5633 3687 5712">
    <p class='ocr_par' dir='ltr' id='par_1_114' title="bbox 2136 5633 3687 5712">
     <span class='ocr_line' id='line_1_114' title="bbox 2136 5633 3687 5712; baseline -0.006 -17"><span class='ocrx_word' id='word_1_874' title='bbox 2136 5642 2392 5712; x_wconf 78' lang='grc' dir='ltr'>μοιχᾶται</span> <span class='ocrx_word' id='word_1_875' title='bbox 2415 5641 2503 5694; x_wconf 81' lang='grc' dir='ltr'><strong>ἐπ’</strong></span> <span class='ocrx_word' id='word_1_876' title='bbox 2524 5641 2721 5712; x_wconf 83' lang='grc' dir='ltr'>αὑτήν.</span> <span class='ocrx_word' id='word_1_877' title='bbox 2749 5641 2860 5694; x_wconf 71' lang='grc' dir='ltr'><strong>Καὶ</strong></span> <span class='ocrx_word' id='word_1_878' title='bbox 2882 5639 2978 5693; x_wconf 78' lang='grc' dir='ltr'><strong>ἐὰν</strong></span> <span class='ocrx_word' id='word_1_879' title='bbox 3002 5639 3139 5708; x_wconf 83' lang='grc' dir='ltr'>γυνὴ</span> <span class='ocrx_word' id='word_1_880' title='bbox 3161 5638 3413 5711; x_wconf 83' lang='grc' dir='ltr'>ἀπολύσῃ</span> <span class='ocrx_word' id='word_1_881' title='bbox 3438 5637 3523 5691; x_wconf 87' lang='grc' dir='ltr'><strong>τδν</strong></span> <span class='ocrx_word' id='word_1_882' title='bbox 3540 5633 3687 5702; x_wconf 74' lang='grc' dir='ltr'>ἄνδρα</span> 
     </span>
    </p>
   </div>
   <div class='ocr_carea' id='block_1_115' title="bbox 463 5721 2032 5803">
    <p class='ocr_par' dir='ltr' id='par_1_115' title="bbox 463 5730 2032 5803">
     <span class='ocr_line' id='line_1_115' title="bbox 463 5730 2032 5803; baseline 0.002 -19"><span class='ocrx_word' id='word_1_883' title='bbox 463 5730 527 5784; x_wconf 80' lang='lat' dir='ltr'><strong>Et</strong></span> <span class='ocrx_word' id='word_1_884' title='bbox 557 5731 601 5786; x_wconf 87' lang='lat' dir='ltr'><strong>si</strong></span> <span class='ocrx_word' id='word_1_885' title='bbox 639 5730 833 5787; x_wconf 89' lang='lat' dir='ltr'><strong>mulier</strong></span> <span class='ocrx_word' id='word_1_886' title='bbox 867 5732 1234 5803; x_wconf 86' lang='lat' dir='ltr'><strong>repudiaverit</strong></span> <span class='ocrx_word' id='word_1_887' title='bbox 1271 5731 1444 5787; x_wconf 89' lang='lat' dir='ltr'><strong>virum</strong></span> <span class='ocrx_word' id='word_1_888' title='bbox 1491 5747 1670 5794; x_wconf 86' lang='lat' dir='ltr'><strong>suum,</strong></span> <span class='ocrx_word' id='word_1_889' title='bbox 1706 5742 1758 5787; x_wconf 94' lang='lat' dir='ltr'><strong>et</strong></span> <span class='ocrx_word' id='word_1_890' title='bbox 1791 5732 2032 5801; x_wconf 87' lang='lat' dir='ltr'><strong>nupserit</strong></span> 
     </span>
    </p>
   </div>
   <div class='ocr_carea' id='block_1_116' title="bbox 2135 5721 3683 5803">
    <p class='ocr_par' dir='ltr' id='par_1_116' title="bbox 2135 5721 3683 5803">
     <span class='ocr_line' id='line_1_116' title="bbox 2135 5721 3683 5803; baseline -0.008 -19"><span class='ocrx_word' id='word_1_891' title='bbox 2135 5731 2326 5802; x_wconf 82' lang='grc' dir='ltr'>αὑτῆς,</span> <span class='ocrx_word' id='word_1_892' title='bbox 2361 5733 2455 5786; x_wconf 72' lang='grc' dir='ltr'>καὶ</span> <span class='ocrx_word' id='word_1_893' title='bbox 2499 5731 2724 5802; x_wconf 80' lang='grc' dir='ltr'>γαμηθῇ</span> <span class='ocrx_word' id='word_1_894' title='bbox 2774 5731 2940 5803; x_wconf 83' lang='grc' dir='ltr'>ἄλλῳ,</span> <span class='ocrx_word' id='word_1_895' title='bbox 2983 5731 3262 5802; x_wconf 78' lang='grc' dir='ltr'>μοιχᾶται.</span> <span class='ocrx_word' id='word_1_896' title='bbox 3317 5747 3338 5782; x_wconf 70' lang='grc' dir='ltr'><strong>ι</strong></span> <span class='ocrx_word' id='word_1_897' title='bbox 3382 5727 3500 5782; x_wconf 86' lang='grc' dir='ltr'>Ἔτι</span> <span class='ocrx_word' id='word_1_898' title='bbox 3529 5726 3611 5780; x_wconf 74' lang='grc' dir='ltr'>καὶ</span> <span class='ocrx_word' id='word_1_899' title='bbox 3641 5721 3683 5773; x_wconf 80' lang='lat' dir='ltr'><strong>oi</strong></span> 
     </span>
    </p>
   </div>
   <div class='ocr_carea' id='block_1_117' title="bbox 463 5813 2032 5895">
    <p class='ocr_par' dir='ltr' id='par_1_117' title="bbox 463 5821 2032 5889">
     <span class='ocr_line' id='line_1_117' title="bbox 463 5821 2032 5889; baseline 0 -11"><span class='ocrx_word' id='word_1_900' title='bbox 463 5821 640 5889; x_wconf 69' lang='lat' dir='ltr'><strong>aitet&quot;,</strong></span> <span class='ocrx_word' id='word_1_901' title='bbox 673 5821 994 5881; x_wconf 80' lang='lat' dir='ltr'><strong>adulterium</strong></span> <span class='ocrx_word' id='word_1_902' title='bbox 1022 5824 1333 5881; x_wconf 88' lang='lat' dir='ltr'><strong>committit.</strong></span> <span class='ocrx_word' id='word_1_903' title='bbox 1375 5843 1394 5876; x_wconf 81' lang='grc'>›</span> <span class='ocrx_word' id='word_1_904' title='bbox 1445 5821 1641 5878; x_wconf 85' lang='lat' dir='ltr'><strong>lterum</strong></span> <span class='ocrx_word' id='word_1_905' title='bbox 1677 5823 1839 5878; x_wconf 83' lang='lat' dir='ltr'><strong>etiam</strong></span> <span class='ocrx_word' id='word_1_906' title='bbox 1870 5822 2032 5878; x_wconf 87' lang='lat' dir='ltr'><strong>disci-</strong></span> 
     </span>
    </p>
   </div>
   <div class='ocr_carea' id='block_1_118' title="bbox 2135 5813 3681 5895">
    <p class='ocr_par' dir='ltr' id='par_1_118' title="bbox 2136 5813 3681 5895">
     <span class='ocr_line' id='line_1_118' title="bbox 2136 5813 3681 5895; baseline -0.004 -19"><span class='ocrx_word' id='word_1_907' title='bbox 2136 5825 2378 5895; x_wconf 69' lang='grc' dir='ltr'>μαῠηταὶ</span> <span class='ocrx_word' id='word_1_908' title='bbox 2408 5822 2875 5890; x_wconf 55' lang='grc' dir='ltr'>ἐσκανδαλίζοντσ</span> <span class='ocrx_word' id='word_1_909' title='bbox 2913 5822 3002 5877; x_wconf 68' lang='grc' dir='ltr'>διὰ</span> <span class='ocrx_word' id='word_1_910' title='bbox 3029 5823 3189 5877; x_wconf 89' lang='grc' dir='ltr'>τοῦτο</span> <span class='ocrx_word' id='word_1_911' title='bbox 3222 5817 3318 5877; x_wconf 76' lang='grc' dir='ltr'>οὖν</span> <span class='ocrx_word' id='word_1_912' title='bbox 3346 5822 3437 5876; x_wconf 68' lang='grc' dir='ltr'>καὶ</span> <span class='ocrx_word' id='word_1_913' title='bbox 3474 5813 3681 5890; x_wconf 76' lang='grc' dir='ltr'>προσέρ-</span> 
     </span>
    </p>
   </div>
  </div>
