3866 6448
487 315 595 379 599

1386 322 1688 383 ΤΗΕΟΡΗ
1698 323 1961 385 YLACTI
2002 326 2044 384 B

2154 324 2412 384 GARIIE
2448 323 2801 385 ARCHIEP.
3585 331 3687 396 ϐω

448 460 457 469 ο
490 445 594 488 tem
628 432 776 487 illum
804 444 857 489 et
884 434 1170 491 subdolum
1212 444 1266 491 et
1302 423 1583 493 tualuutet
1616 448 1960 494 teutatoretu.
2008 441 2044 495 Α

2180 441 2272 494 λόν
2299 457 2420 495 τινα
2456 439 2549 495 καὶ
2583 438 2821 510 πονηρὸν
2848 436 2943 491 καὶ
2992 437 3358 507 πειραστικόν.
3390 438 3497 494 Οὐκ
3525 441 3622 498 ἐστι
3641 450 3686 505 ii

489 540 595 581 non
625 525 698 579 ita
727 539 787 580 se
822 540 908 581 res
937 525 1123 593 habet,
1153 527 1249 581 sed
1282 529 1499 582 amabat
1530 530 1769 595 divitias,
1807 546 1912 584 non
1949 540 2071 585 ten-

2178 532 2358 587 τοῦτο’
2389 531 2526 585 ἀλλὰ
2566 530 2974 602 φιλοχρήματος
3006 529 3105 600 μὲν
3134 530 3162 583 ό
3188 529 3484 601 ἄνθρωπος,
3511 535 3564 586 οὐ
3596 555 3689 590 πει.

488 617 654 671 tabat.
686 617 825 671 Audi
861 618 1007 672 enim
1040 619 1449 690 evangelistam,
1490 624 1633 690 quod
1664 637 1787 676 cuut
1838 622 2039 678 intuitu

2178 622 2382 693 ραστὴς
2435 623 2515 677 δέ.
2584 623 2782 675 ’Ἄκουε
2840 623 2950 693 γὰρ
3021 621 3115 675 τοῦ
3184 622 3576 691 εὐαγγελιστοῦ,
3624 629 3688 684 ὃτι

482 715 629 761 esset
660 724 782 763 eum
816 707 995 776 Jesus,
1029 709 1279 766 dilexerit
1335 711 1505 765 illum.
1546 710 1726 778 Quare
1769 714 1933 781 igitur
1990 716 2044 771 sit

2172 714 2450 783 ἐμϐλέψας
2496 714 2646 786 αὐτῷ
2715 716 2744 768 ὁ
2777 714 3006 786 Ἰησοῦς,
3031 714 3317 784 ἠγάπησεν
3360 716 3532 770 αὐτόν.
3558 723 3685 776 Διατί

484 802 762 869 respondit
783 802 830 855 ei
851 800 1103 856 Christus
1126 803 1311 858 dicens
1342 821 1355 856 :
1387 802 1574 857 Nullus
1601 804 1813 861 bonus?
1838 802 1974 870 Quia
2004 823 2044 859 at

2170 802 2262 860 οὖν
2292 806 2435 860 οὕτω
2462 807 2598 877 πρὸς
2632 808 2793 862 αὐτὸν
2818 808 3154 877 ἀπεκρίνατο
3182 809 3210 860 ὁ
3234 808 3479 878 Χριστὸς,
3509 809 3681 878 λέγων’

490 895 668 961 ipsum
735 904 1042 949 accesserat
1096 904 1348 964 tanquam
1409 898 1476 951 ad
1533 897 1833 963 hominem,
1892 908 1948 954 et
1996 899 2062 952 ad

483 1002 647 1038 unum
683 1002 746 1041 ex
787 987 1085 1057 magistris.
1128 987 1315 1041 Dicere
1352 989 1495 1042 enim
1531 990 1643 1045 vult
1670 989 1920 1049 Christus
1950 1007 1964 1047 :
2001 991 2059 1046 Si

481 1077 697 1145 quidem
731 1085 788 1130 ut
811 1077 1125 1142 magistrum
1182 1087 1338 1147 putas
1367 1094 1453 1133 me
1474 1094 1592 1135 esse
1625 1081 1850 1148 botutm,
1885 1083 2062 1138 nullus

2169 900 2361 965 Οὐδεὶς
2401 901 2641 969 άγαθός;
2701 900 2923 971 Ἐπειδὴ
2975 900 3052 964 ὼς
3103 898 3374 971 ἀνθρώπῳ
3424 905 3688 975 προσῆλθε,

2168 993 2263 1048 καὶ
2311 992 2387 1057 ῶς
2436 994 2518 1046 ἐνὶ
2568 992 2674 1045 τῶν
2735 992 2948 1046 πολλῶν
2990 993 3347 1047 διδασκάλων.
3406 994 3563 1047 Τοῦ-ιο
3606 1000 3690 1068 γὰρ

2164 1084 2316 1153 λέγει
2351 1085 2380 1137 ό
2408 1084 2644 1153 Χριστός
2667 1099 2681 1114 ο
2730 1083 2859 1136 Ἐάν
2890 1081 2990 1153 μὲν
3016 1082 3093 1145 ῶς
3136 1082 3450 1136 διδάσκαλον
3492 1086 3689 1153 νομίζεις

480 1167 645 1222 homo
680 1167 870 1233 bonus,
904 1168 950 1222 si
990 1184 1113 1222 cum
1150 1168 1264 1249 Deo
1322 1170 1652 1236 conferatur,
1685 1172 1767 1227 sin
1799 1184 1856 1227 ut
1894 1175 2062 1230 Deum

480 1275 569 1314 me
607 1260 804 1315 bonum
839 1275 959 1314 esse
996 1275 1205 1326 censes,
1253 1261 1380 1330 quid
1421 1263 1587 1333 igitur
1626 1266 1942 1334 magistrum
1976 1282 2064 1321 tne

2168 1195 2235 1248 με
2275 1173 2414 1231 εἶναι
2438 1177 2661 1246 ἀγαθὸν,
2696 1177 2873 1239 οὐδεὶς
2901 1176 3187 1245 ἄνθρωπος
3226 1176 3452 1243 ἀγαθὸς,
3487 1176 3557 1240 ὡς
3585 1181 3691 1249 πρὸς

2165 1269 2453 1337 σύγκρισιν
2483 1268 2579 1322 τοῦ
2597 1266 2752 1320 Θεοῦ·
2782 1266 2878 1322 ἐὰν
2907 1267 2963 1320 δὲ
2990 1266 3066 1330 ὼς
3082 1269 3214 1320 Θεὸν
3236 1267 3471 1336 νομίζεις
3501 1286 3559 1337 με
3581 1266 3692 1324 εἶναι

483 1351 686 1406 Vncas?
717 1351 782 1405 Et
813 1352 884 1406 ita
912 1353 1092 1408 verbis
1128 1354 1249 1408 istis
1277 1353 1528 1409 Christus
1559 1366 1803 1418 mentem,
1826 1357 2044 1412 hominit

2161 1360 2385 1430 ἀγαθὸν,
2430 1359 2483 1412 τί
2514 1359 2700 1413 λοιπὸν
2747 1357 3068 1412 διδάσκαλόν
3115 1374 3183 1429 με
3211 1358 3529 1426 diuitiis“;
3557 1359 3689 1413 Ὥστε

481 1444 626 1499 illius
661 1444 1032 1500 sublimiorem
1084 1444 1308 1500 reddere
1354 1445 1489 1510 vult,
1540 1455 1595 1500 ut
1641 1446 1756 1516 ipse
1806 1457 2044 1519 tanqnan

2160 1453 2320 1509 τοῦτο
2347 1455 2437 1507 διὰ
2472 1452 2580 1507 τῶν
2616 1452 2879 1525 ῥημάτων
2922 1452 3129 1506 τούτων
3157 1452 3186 1504 ό
3216 1452 3452 1521 Χριστὸς
3481 1451 3689 1519 βούλεται

479 1536 622 1590 Deus
671 1546 1017 1604 agnoscatur.
1073 1535 1178 1590 Sed
1229 1546 1285 1591 et
1323 1537 1468 1591 aliud
1512 1537 1771 1607 quiddam
1814 1541 2044 1610 corrigit.

2158 1544 2240 1613 τὸ,
2274 1546 2609 1619 ὑψηλοτέραν
2636 1545 2860 1615 ποιῆσαι
2889 1543 2989 1615 τὴν
3020 1542 3116 1596 τοῦ
3143 1541 3435 1612 ἀνθρώπου
3468 1544 3689 1611 διάνοιαν,

478 1627 718 1683 docendo
747 1629 898 1683 illum
930 1643 998 1682 ne
1041 1628 1290 1683 adulatur
1319 1628 1402 1684 bis
1431 1644 1553 1683 cum
1593 1630 1792 1700 quibus
1826 1646 2044 1687 conver'

2161 1639 2299 1710 πρὸς
2327 1638 2390 1691 τὸ
2416 1637 2715 1708 ἐπιγνῶναι
2756 1637 2919 1691 αὐτὸν
2957 1637 3033 1701 ὡς
3081 1635 3235 1689 Θεόν.
3290 1633 3449 1689 Ἀλλὰ
3487 1637 3571 1689 καὶ
3592 1635 3692 1690 ἄλλο

476 1730 694 1773 saturus
721 1727 824 1783 est,
863 1721 958 1775 sed
1009 1720 1247 1777 radicem
1282 1719 1594 1790 fontemque
1633 1722 1891 1778 bonitatis
1916 1724 2044 1778 scial

2161 1748 2216 1786 τι
2268 1730 2548 1802 κατορθοῖ,
2606 1730 2669 1783 τὸ
2716 1729 2923 1794 διδάξαι
2971 1726 3158 1792 αὑτὸν,
3219 1727 3354 1781 ὅταν
3407 1727 3508 1779 τινὶ
3556 1726 3691 1799 μέλλῃ

478 1812 668 1874 lleutn,
721 1813 806 1865 cui
856 1811 1031 1866 honor
1063 1812 1380 1866 tribuendus
1425 1822 1529 1866 est.
1577 1813 1831 1869 Admiror
1874 1824 2044 1868 autem

2156 1822 2436 1895 ὁμιλῆσαι,
2466 1822 2542 1893 μὴ
2572 1820 2979 1883 κολακευτικῶς
3012 1819 3242 1890 ὁμιλεῖν,
3269 1816 3410 1871 ἀλλὰ
3442 1816 3533 1887 τὴν
3564 1816 3689 1888 ῥίζαν

473 1900 902 1968 adolescentem,
950 1902 1094 1972 quod
1139 1917 1262 1957 cum
1295 1901 1384 1957 alii
1418 1903 1659 1972 plerique
1690 1905 2044 1959 sanandorum

2157 1915 2250 1968 καὶ
2273 1913 2373 1984 τὴν
2400 1911 2584 1983 πηγὴν
2610 1912 2709 1982 τῆς
2738 1909 3093 1980 άγαθότητος,
3114 1908 3312 1961 εἰδέναι
3339 1907 3431 1960 τὸν
3460 1905 3597 1970 Θεὸν,
3619 1906 3691 1959 καὶ

476 1998 788 2052 morborum
820 1999 990 2067 gratia
1026 1999 1396 2073 accesserint,
1428 1997 1517 2054 ille
1549 1999 1674 2053 vitae
1701 2009 1917 2054 aeterna:
1944 1999 2056 2053 hae-

478 2090 759 2142 t'etlilalem
810 2090 1112 2158 quaesierit,
1172 2090 1387 2146 tametsi
1430 2090 1751 2160 gravissimo
1804 2091 2050 2146 avaritias

473 2183 662 2236 morbo
689 2189 1000 2237 teneretur:
1031 2190 1250 2251 propter
1270 2182 1412 2253 quod
1437 2198 1557 2237 eum
1583 2184 1848 2248 audisset,
1881 2180 2047 2251 Vade,

477 2273 667 2338 vende,
692 2283 747 2329 et
774 2276 838 2328 da
860 2274 1208 2344 pauperibus,
1240 2274 1373 2328 abiit
1393 2274 1613 2329 tristitia
1639 2274 1885 2331 affectus.
1922 2274 2053 2332 Vide

473 2375 654 2422 autem
677 2367 820 2436 quod
843 2381 949 2422 non
974 2367 1191 2432 dixerit,
1228 2364 1395 2432 Vade,
1429 2375 1486 2421 et
1506 2382 1839 2436 quacunque
1863 2367 2049 2435 habes,

472 2460 832 2531 particulatim
881 2458 1074 2522 vende,
1104 2468 1157 2512 et
1185 2459 1289 2514 da:
1325 2460 1443 2524 sed,
1477 2460 1658 2515 Vende
1681 2460 1870 2526 semel,
1903 2470 1957 2514 et
1982 2462 2049 2515 da

475 2554 821 2623 pauperibus,
858 2553 1053 2621 inquit,
1085 2553 1180 2607 sed
1218 2567 1323 2606 non
1355 2552 1731 2607 adulatoribus
1765 2560 1822 2606 et
1854 2553 2049 2607 intem-

470 2646 693 2716 peratis.
726 2644 952 2713 Insuper
975 2652 1028 2698 et
1052 2643 1152 2697 hoc
1182 2643 1345 2701 dicit:
1379 2641 1533 2708 Veni,
1555 2656 1785 2711 sequere
1814 2657 1920 2709 me,
1946 2643 2047 2697 hoc

469 2748 575 2803 est,
623 2745 677 2793 et
722 2751 940 2792 omnem
990 2736 1152 2790 aliam
1207 2735 1463 2789 virtutem
1509 2734 1842 2802 amplexare.
1900 2733 2048 2788 Multi

469 2831 613 2886 enim
644 2824 909 2899 pauperes
932 2839 1080 2894 sunt,
1114 2828 1208 2883 sed
1245 2842 1353 2882 non
1386 2825 1617 2881 humiles
1649 2844 1663 2879 :
1693 2824 1777 2879 vel
1807 2823 1909 2879 etsi
1946 2825 2044 2879 hu-

471 2920 650 2984 utiles,
684 2934 787 2974 non
823 2929 1001 2972 tamen
1030 2918 1218 2984 sobrii,
1244 2918 1339 2971 sed
1368 2916 1528 2979 ebrii,
1566 2915 1652 2970 vel
1677 2915 1783 2969 alio
1807 2916 2041 2983 quodam

470 3012 612 3068 malo
643 3011 910 3083 impliciti.
941 3009 1008 3064 Et
1037 3019 1318 3080 propterea
1356 3008 1618 3064 Dominus
1648 3009 1810 3064 dicit:
1836 3008 2041 3073 Vende,

467 3113 524 3162 et
552 3105 619 3160 da
668 3104 1020 3175 pauperibus,
1070 3112 1126 3157 et
1171 3116 1400 3171 sequere
1447 3116 1552 3167 me,
1594 3100 1809 3156 sublata
1862 3114 2041 3165 cruce,

470 3198 575 3251 hoc
622 3206 724 3257 εει,
759 3202 1059 3264 praeparato
1096 3195 1267 3262 teipso
1296 3207 1395 3263 pro
1442 3206 1527 3247 me
1575 3193 1640 3249 ad
1678 3202 1929 3247 mortem.
1978 3191 2048 3247 At

469 3288 575 3353 hic,
610 3297 835 3343 mmstns
895 3286 964 3341 ob
1009 3299 1318 3341 sermonem
1372 3285 1546 3349 illum,
1597 3284 1752 3339 abiit.
1801 3282 2047 3340 Habebat

466 3378 612 3433 enim
643 3378 1017 3449 possessiones
1041 3378 1257 3434 multas.
1281 3376 1391 3432 Nec
1414 3378 1620 3435 frustra
1650 3377 1876 3441 addidit,
1911 3376 2047 3433 mul-

473 3481 600 3525 tas:
643 3487 750 3525 non
780 3471 922 3525 enim
958 3471 1210 3527 similiter
1257 3471 1543 3541 alligantur
1586 3470 1640 3525 hi
1687 3470 1780 3539 qui
1822 3471 2045 3526 multum

468 3573 522 3618 et
558 3564 608 3618 hi
652 3565 745 3633 qui
796 3580 986 3632 parum
1039 3564 1335 3633 possident.
1383 3562 1659 3619 Difﬁcilius
1691 3564 1837 3619 cnim
1880 3578 2045 3633 expe-

469 3660 691 3713 diuntur
719 3657 936 3710 vincula
971 3671 1159 3712 eorum
1193 3658 1284 3727 qui
1318 3657 1483 3710 multa
1513 3658 1809 3726 possident.
1844 3655 2043 3711 Verum

468 3762 522 3805 et
548 3750 592 3804 si
631 3751 755 3819 quis
800 3749 1119 3805 adolescens
1152 3748 1315 3805 fuerit
1354 3749 1576 3819 juvenili
1613 3765 1677 3803 ac
1718 3748 1824 3804 levi
1856 3764 2041 3813 sensu,

466 3850 522 3896 et
553 3843 691 3897 male
731 3842 1032 3911 composita
1076 3852 1284 3910 mente,
1317 3842 1514 3901 vendat
1548 3841 1710 3912 225
1762 3841 2044 3897 facultates

465 3946 613 3995 suas,
648 3939 832 4000 utpote
864 3932 999 3986 iram
1030 3941 1086 3986 et
1125 3932 1644 4002 concupiscentiam,
1685 3938 1740 3987 ct
1774 3946 2043 4001 quatenu—

463 4039 570 4092 que
603 4038 665 4077 ex
705 4022 789 4079 itis
837 4024 980 4078 mala
1028 4023 1313 4094 pullulant.
1371 4030 1426 4077 et
1474 4024 1565 4077 det
1610 4037 1673 4078 ea
1720 4038 1787 4079 ac
1824 4023 2043 4092 abjiciat

464 4114 812 4184 pauperibus,
876 4114 978 4169 hoc
1034 4122 1118 4169 est
1169 4113 1503 4173 dazmonibus
1538 4130 1550 4165 :
1578 4127 1842 4181 pauperes
1897 4113 2041 4168 enim

464 4217 592 4260 sunt
650 4207 904 4275 omnique
958 4206 1153 4275 privati
1186 4208 1344 4270 bono,
1395 4213 1451 4260 et
1486 4206 1804 4260 exciderunt
1841 4206 2041 4262 divitiis

465 4298 726 4354 bonitatis
765 4298 895 4353 Dei:
932 4308 987 4352 et
1012 4306 1139 4352 tunc
1163 4305 1419 4366 sequatur
1447 4296 1750 4352 Christum.
1780 4295 1914 4350 Nam
1948 4298 2039 4368 qui

464 4387 679 4442 divitias
710 4397 1058 4457 peccatorum
1085 4387 1420 4442 daemonibus
1449 4385 1727 4453 obiecerit,
1765 4387 1915 4455 sequi
1944 4403 2039 4459 po-

2154 2004 2305 2075 αὐτῴ
2341 2004 2442 2068 τάς
2478 2004 2645 2075 τιμάς
2687 2002 3003 2072 ἀναφέρειν.
3044 1998 3329 2070 Θαυμάζω
3361 1998 3415 2051 δὲ
3444 1997 3528 2051 τὸν
3552 1998 3691 2050 νεανί-

2156 2115 2285 2152 σκον
2319 2098 2530 2163 τοῦτον,
2557 2097 2640 2150 ὅτι
2672 2095 2785 2148 τῶν
2834 2093 3012 2148 ἄλλων
3045 2093 3301 2151 ἁπάντων
3334 2091 3463 2161 περὶ
3491 2090 3691 2159 νοσημά·

2151 2207 2261 2243 των
2317 2186 2614 2259 θεραπείας
2658 2185 3019 2256 προσιόντων,
3077 2180 3241 2245 αὐτὸς
3311 2180 3461 2250 ζωῆς
3507 2180 3689 2235 αἰωνίου

2153 2278 2518 2351 κληρονομίαν
2551 2276 2725 2348 ζητεῖ,
2766 2277 2816 2329 εί
2856 2276 2950 2328 καὶ
2988 2274 3149 2327 πάθει
3174 2273 3468 2341 δεινοτάτῳ
3505 2274 3565 2341 τῇ
3593 2271 3690 2340 φιλο

2152 2368 2393 2441 αργυρίᾳ
2438 2368 2746 2438 κατείχετο,
2793 2366 2863 2419 δι’
2916 2365 2983 2437 ἢν
3028 2363 3292 2427 ἀκούσας,
3346 2363 3572 2432 "Tutus.
3600 2362 3691 2416 mito

2151 2460 2335 2532 λησον,
2362 2459 2456 2513 καὶ
2500 2458 2886 2527 66;,1tthoi'c,
2928 2454 3137 2524 ἀπῆλθε
3173 2453 3531 2523 λυπούμενος.
3576 2454 3691 2524 Ὅρα

2149 2551 2225 2615 δὲ,
2275 2551 2376 2605 οὐκ
2414 2550 2590 2615 εἶπεν,
2636 2549 2985 2616 ὅτι⁹¹Υπαγε,
3015 2549 3115 2602 ὅσα
3167 2546 3313 2617 ἔχεις
3367 2546 3528 2599 πώλει
3577 2545 3688 2599 κατὰ

2152 2643 2319 2713 μέρος
2356 2643 2449 2696 καὶ⁹
2474 2641 2643 2705 δίδου,
2677 2640 2815 2694 ἀλλὰ
2854 2640 3108 2708 πώλησον
3151 2638 3259 2692 ἀπὸ
3293 2640 3448 2708 μιᾶς,
3484 2639 3568 2691 καὶ
3603 2637 3686 2699 δὺς,

2148 2734 2285 2789 ἀλλὰ
2316 2735 2573 2803 πτωχοῖς,
2604 2733 2743 2786 ἀλλὰ
2798 2731 2872 2802 μὴ
2900 2729 3091 2795 κόλαξι
3138 2731 3231 2784 καὶ
3271 2729 3525 2793 ἀσώτοις.
3563 2728 3690 2781 Ἀλλὰ

2150 2827 2241 2879 καὶ
2270 2824 2431 2897 δεῦρο
2450 2864 2466 2889 ,
2502 2824 2787 2878 ἀκολούθει
2824 2842 2934 2894 μοι,
2968 2822 3240 2888 τουτέστι,
3316 2823 3418 2876 καὶ
3439 2822 3530 2893 τὴν
3556 2821 3690 2889 ἄλλην

2148 2918 2368 2974 ἃπασαν
2398 2917 2599 2988 ἀρετὴν
2634 2916 2880 2987 μέτελθε.
2916 2916 3107 2970 Πολλοὶ
3138 2917 3251 2987 γάρ
3285 2918 3583 2987 ἀκτήμονες
3612 2915 3689 2982 μέν

2147 3009 2306 3073 εἰσιν,
2333 3009 2395 3062 οὐ
2424 3008 2851 3078 ταπεινόφρονες
2876 3007 2956 3071 δὲ,
2979 3008 3012 3080 ἢ
3040 3008 3135 3062 καὶ
3157 3008 3574 3078 ταπεινόφρονες
3594 3005 3687 3076 μὲν,

2148 3099 2282 3153 ἀλλά
2322 3098 2607 3169 μέθυσοιῆ
2654 3098 2782 3151 ἄλλο
2829 3115 2881 3151 τι
2928 3099 3098 3154 κακὸν
3149 3098 3394 3170 έχοντες.
3435 3098 3529 3150 Διά
3563 3096 3689 3149 τοῦτο

2149 3191 2242 3247 οὖν
2268 3193 2297 3246 ὀ
2326 3191 2529 3263 Κύριος
2554 3192 2725 3260 λέγει’
2763 3190 3043 3262 Πὼλησον,
3080 3191 3174 3245 καὶ
3212 3191 3298 3255 δὸς
3349 3191 3592 3262 πτωχοῖς,
3620 3189 3689 3240 καὶ

2150 3280 2436 3338 ἀκολούθει
2477 3299 2604 3352 μοι,
2650 3282 2788 3352 ἄρας
2832 3282 2926 3335 τὸν
2975 3282 3226 3353 σταυρὸν,
3268 3282 3537 3344 τουτέστι,
3582 3280 3689 3350 πρὸς

2149 3375 2379 3430 θάνατον
2407 3374 2498 3428 τὸν
2529 3374 2671 3446 ὑπὲρ
2701 3372 2836 3442 ἐμοῦ
2879 3375 3177 3444 ἑτοιμάσας
3223 3373 3477 3428 σεαυτόν.
3540 3373 3592 3425 ’0
3625 3371 3687 3435 δὲ,

2150 3468 2458 3536 στυγνάσας
2499 3467 2593 3521 ἐπὶ
2636 3466 2715 3538 τῷ
2747 3467 2912 3536 λόγῳ,
2961 3467 3227 3537 ἀπῆλθεν.
3265 3462 3381 3519 Ἷιν
3430 3468 3533 3537 γάρ
3578 3465 3689 3534 ἔχων

2148 3563 2401 3631 κτήματα
2431 3561 2605 3615 πολλά
2637 3577 2651 3592 ’
2690 3560 2754 3614 οὺ
2810 3561 2987 3629 μάτην
3016 3560 3073 3614 δὲ
3107 3560 3433 3631 πρόσκειται
3462 3557 3604 3612 τοῦτο
3624 3554 3687 3617 τὸ,

2146 3653 2337 3707 πολλά.
2369 3654 2478 3707 Καὶ
2510 3651 2620 3723 γὰρ
2640 3651 2738 3722 οὐχ
2763 3651 2963 3720 ὁμοίως
2991 3652 3103 3705 οἵτε
3136 3650 3306 3704 πολλὰ
3336 3650 3568 3722 ἔχοντες,
3595 3647 3687 3700 eis:

2144 3747 2303 3815 ὀλίγα
2321 3747 2664 3816 κατέχονται,
2690 3745 2827 3800 ἀλλὰ
2847 3746 3124 3818 δεινότερα
3140 3747 3236 3800 καὶ¹
3258 3742 3689 3812 δυσδιαλυτὼτερα

2145 3838 2214 3892 τὰ
2238 3839 2412 3906 δεσμά
2437 3839 2544 3893 τῶν
2583 3838 2795 3891 πολλῶν
2844 3840 3163 3909 κτημάτων.
3216 3838 3383 3892 Ἀλλά
3412 3838 3519 3891 κᾶν
3541 3833 3691 3889 νεανί-

2147 3947 2275 3993 σκος
2306 3931 2391 4002 εῐη
2423 3948 2509 4006 τις
2535 3932 2804 4003 νεώτερος
2840 3931 2936 3986 καὶ
2974 3932 3174 4001 κοῦφος
3200 3933 3301 4001 τὴν
3332 3930 3585 3992 διάνοιαν,
3614 3922 3689 3979 καὶ

2148 4021 2224 4092 μὴ
2270 4023 2631 4093 καθεστηκὼς
2671 4024 2772 4086 τὰς
2802 4024 3026 4094 φρένας,
3063 4022 3375 4094 πωλησάτω
3431 4022 3497 4075 τὰ
3541 4019 3688 4085 ὑπάρν

2143 4131 2305 4186 χοντα
2332 4116 2480 4188 αὐτῷ
2508 4133 2521 4147 ·
2557 4110 2667 4170 οἷον
2705 4116 2879 4187 θυμδν
2906 4118 2999 4171 καὶ
3047 4115 3367 4186 ἐπιθυμίαν,
3392 4114 3487 4167 καὶ
3518 4112 3608 4165 ὅσα
3640 4111 3691 4160 ὲκ

2142 4207 2347 4264 τούτων
2377 4208 2522 4262 κακά
2565 4208 2812 4279 φύονται,
2842 4209 2939 4263 καὶ
2969 4208 3107 4262 δότω
3150 4209 3323 4262 ταῦτα
3353 4208 3447 4261 καὶ
3481 4203 3686 4273 ἀπορρι-

2141 4298 2297 4369 ῲάτω
2341 4302 2457 4364 τοῖς
2497 4301 2767 4371 δαίμοσιν,
2818 4301 3017 4365 οἵτινές
3063 4303 3170 4354 είσι
3212 4300 3420 4370 πτωχοὶ
3451 4338 3470 4362 ,
3508 4292 3686 4353 παντὸς

2144 4393 2499 4463 ἐστερημένοι
2544 4393 2750 4462 ἀγαθοῦ
2784 4394 2880 4448 καὶ
2925 4394 3018 4447 τοῦ
3051 4392 3283 4448 πλούτου
3312 4394 3412 4463 τῆς
3441 4387 3689 4458 ἀγαθότη-

468 4481 593 4534 terit
630 4477 925 4533 Christum.
966 4496 985 4530 ι
1023 4478 1243 4534 Declina
1290 4478 1433 4534 enim
1483 4493 1514 4533 a
1551 4479 1693 4533 malo
1720 4477 1790 4547 ⁸⁸,
1841 4481 2034 4550 inquit,

2152 4502 2235 4550 τος
2262 4485 2356 4538 τοῦ
2390 4485 2527 4540 Θεοῦ
2559 4487 2999 4550 ἐκπεπτωκότες.
3035 4486 3142 4538 Καὶ
3191 4486 3316 4539 τότε
3348 4484 3687 4539 ἀκολουθείτω

468 4572 569 4625 hoc
595 4581 700 4639 est,
735 4570 906 4641 abjice
933 4571 1103 4625 utalas
1142 4570 1360 4625 divitias
1391 4571 1718 4642 pauperibus
1750 4573 2035 4644 potestati-

468 4669 585 4729 bus,
636 4666 968 4721 daemonibus
1019 4666 1261 4735 inquam,
1295 4674 1349 4719 et
1394 4665 1475 4720 fac
1508 4669 1730 4732 bonum,
1783 4671 1882 4724 hoc
1929 4677 2032 4733 est,

465 4772 690 4826 sequere
721 4758 1017 4823 Christum,
1048 4766 1103 4812 et
1131 4757 1260 4812 tolle
1286 4771 1524 4814 crucem.

2142 4577 2220 4649 τῷ
2251 4578 2495 4650 Χριστῷ.
2540 4577 2600 4632 '0
2639 4578 2749 4650 γὰρ
2781 4577 3093 4650 ἀπορρίψας
3136 4577 3229 4630 τὸν
3273 4577 3380 4631 τῶν
3433 4573 3688 4646 ἁμαρτιῶν

2146 4671 2373 4726 πλοῦτον
2413 4675 2526 4737 τοῖς
2550 4673 2825 4743 δαίμοσιν,
2881 4674 3088 4736 ἐκεῖνος
3131 4670 3353 4725 δύναται
3407 4667 3688 4725 ἀκολουθεῖν

2143 4763 2221 4834 τῷ
2254 4764 2495 4835 Χριστῷ.
2535 4782 2554 4817 ι
2609 4764 2895 4818 Ἔκκλινον
2927 4763 3037 4834 γὰρ
3083 4764 3191 4818 ἀπὸ
3235 4762 3405 4817 κακοῦ
3436 4779 3452 4794 ο
3489 4782 3508 4815 ι
3552 4758 3688 4813 τοῦτο

462 4852 523 4905 τὸ
565 4852 865 4925 ἀπορρῖψαι
902 4854 994 4909 τὸν
1036 4853 1209 4909 κακὸν
1280 4853 1512 4908 πλοῦτον
1556 4853 1678 4914 ταῖς
1755 4858 2001 4922 πτωχαῖς
2065 4856 2331 4929 δυνάμεσι
2378 4858 2499 4912 τῶν
2542 4858 2834 4931 δαιμόνων·
2883 4858 2979 4911 καὶ
3017 4858 3244 4930 ποίησον
3290 4854 3514 4925 ἀγαθὸν,
3548 4850 3687 4907 τοῦτο

461 4948 520 4999 τὸ
548 4948 862 5001 ἀκολουθεῖν
899 4948 976 5019 τῷ
1012 4948 1256 5020 Χριστῷ,
1297 4949 1393 5003 καὶ
1425 4943 1555 5021 ἆραι
1587 4948 1679 5002 τὸν
1726 4948 1975 5017 σταυρόν.

534 5043 698 5098 Vens.
729 5043 799 5098 2‘5
828 5042 917 5099 27.
960 5062 978 5096 ι
1028 5044 1092 5098 Et
1146 5060 1269 5100 cum
1333 5045 1806 5112 circumspexisset
1859 5041 2037 5110 Jesns;

462 5135 591 5190 dicit
617 5135 895 5204 discipulis
928 5136 1039 5191 suis
1073 5154 1086 5191 :
1115 5134 1286 5202 Quam
1327 5135 1609 5191 diﬂiculter
1658 5137 1692 5190 ii
1729 5136 1819 5206 qni
1876 5151 2037 5205 peru-

462 5225 579 5279 nias
606 5225 825 5287 habent,
883 5226 933 5279 in
990 5240 1210 5296 regnum
1270 5228 1360 5280 Dei
1416 5227 1726 5281 intrabunt!
1780 5226 2029 5296 Discipuli

460 5331 586 5370 vero
618 5317 974 5386 obstnpcrunt
1005 5333 1167 5389 super
1200 5319 1380 5371 verbis
1417 5317 1581 5374 illius.
1622 5319 1690 5372 At
1728 5316 1889 5373 Jesus
1917 5334 2035 5372 rur-

456 5424 575 5462 sum
618 5411 966 5477 respondens,
992 5413 1121 5466 dicit
1154 5410 1258 5464 illis
1290 5429 1302 5464 :
1330 5409 1474 5474 Filii,
1518 5426 1679 5480 quam
1716 5409 1929 5464 difﬁcile
1956 5416 2035 5464 est

2224 5064 2245 5097 ι
2280 5047 2388 5100 Καὶ
2405 5048 2871 5118 περιὸλεψὰμενος
2898 5050 2925 5103 ό
2962 5045 3189 5117 Ἰησοῦς,
3220 5046 3365 5114 λέγει
3393 5048 3505 5107 τοῖς
3532 5042 3686 5114 μαθηο

2144 5134 2264 5196 ταῖς
2297 5134 2462 5189 αὑτοῦ
2503 5151 2518 5165 ⁸
2552 5135 2676 5198 Πῶς
2704 5135 2979 5198 δυσκόλως
3022 5136 3073 5187 oi.
3102 5135 3169 5188 τά
3197 5138 3449 5206 χρήματα
3499 5134 3685 5203 ἔχοντες

2140 5225 2220 5287 είς
2245 5226 2345 5295 τὴν
2371 5224 2646 5295 βασιλείαν
2671 5225 2762 5277 τοῦ
2785 5224 2920 5278 Θεοῦ
2952 5225 3352 5279 εἰσελεύσονται
3379 5241 3393 5291 ;
3422 5226 3485 5278 Oi
3516 5224 3569 5276 δὲ
3592 5237 3683 5290 μα-

2133 5316 2296 5385 θηταὶ
2347 5314 2683 5385 ἐθαμϐοῦντο
2730 5316 2823 5369 ἐπὶ
2882 5318 2995 5379 τοῖς
3052 5316 3233 5386 λόγοις
3287 5314 3474 5371 αὑτοῦ.
3552 5314 3603 5366 Ὀ
3635 5311 3681 5364 δὲ

2147 5408 2353 5480 Ἰησοῦς
2391 5408 2552 5463 πάλιν
2573 5408 2915 5479 ἀποκριθεὶς,
2945 5408 3094 5476 λέγει
3120 5408 3307 5472 αὐτοῖς
3329 5423 3342 5437 ·
3371 5407 3561 5469 Τέκνα,
3582 5400 3680 5464 πῶς

456 5518 552 5557 eos
576 5503 666 5573 qui
697 5503 943 5559 fiduciam
993 5505 1197 5559 habent
1259 5503 1309 5556 in
1358 5503 1618 5572 pecuniis,
1667 5517 1892 5574 regnum
1941 5501 2034 5556 Dei

2152 5503 2390 5557 εὐσκολόν
2427 5505 2543 5556 ἐστι
2593 5505 2722 5567 τοὺς
2783 5500 3107 5566 πεποιθότας
3171 5503 3267 5556 ἐπὶ
3325 5501 3587 5574 χρήμασιν
3615 5494 3680 5552 εἰς

463 5597 691 5665 ingredi.
742 5596 974 5650 Facilius
1020 5607 1103 5650 est
1139 5598 1406 5652 catnclnm
1462 5612 1557 5667 per
1601 5595 1850 5651 foramen
1910 5610 2039 5649 acus

2152 5596 2232 5665 τὴν
2264 5595 2542 5666 βασιλείαν
2568 5595 2662 5648 τοῦ
2698 5593 2833 5649 Θεοῦ
2856 5594 3139 5650 εἰσελθεῖν.
3173 5588 3557 5659 Εὑκοπώτερόν
3578 5588 3679 5637 ἐστι

528 5774 574 5807 ³⁸
606 5774 748 5829 Psal.
785 5789 969 5841 xxxvr,
1001 5773 1093 5828 27.
