3866 6448
195 350 306 415 σοι

969 352 1412 414 ENARHATIO
1449 355 1530 415 IN
1569 356 2073 424 EV'ANGELIUM
2112 364 2376 430 MARCI.
2399 369 2648 432 -CAP.
2682 371 2753 433 X.

3364 362 3470 435 602

196 461 451 533 κάμηλον
476 462 564 518 διὰ
596 464 901 536 τρυμαλιᾶς
939 466 1163 537 ῥαφίδος
1194 467 1443 532 διελθεῖν,
1468 469 1501 537 ἢ
1528 469 1777 526 πλούσιον

1886 478 2300 551 ingredi,quam
2325 482 2544 537 divitem
2598 484 2648 536 in
2682 499 2904 555 regnum
2957 483 3047 539 Dei
3084 485 3327 555 ingredi.
3388 488 3469 540 Illi

193 557 283 619 si;
303 555 403 625 τὴν
429 554 707 625 βασιλείαν
738 555 833 610 τοῦ
889 557 1025 611 Θεοῦ
1059 558 1341 613 εἰσελθεῖν.
1371 561 1437 614 Οἱ
1475 561 1534 613 δὲ
1584 578 1786 632 περισο

193 644 312 710 σῶς
347 645 758 718 ἐξεπλήττοντο,
794 647 1045 718 λέγοντες
1088 650 1227 720 πρὸς
1285 651 1533 714 ἑαυτούς’
1565 653 1675 706 Καὶ
1704 655 1787 717 τίς

188 739 422 794 δύναται
451 739 721 811 σωθῆναις
747 740 1054 812 Ἐμόλέψας
1088 742 1145 796 δὲ
1172 743 1356 807 αὐτοῖς
1398 745 1427 796 6
1463 746 1670 814 Ἰησοῦς
1701 745 1787 799 λέ.

190 848 322 900 γειο
356 833 516 904 Παρά
546 833 856 905 ἀνθρώποις
904 836 1190 903 ἀδύνατον,
1223 837 1338 892 ἁλλ’
1392 839 1454 891 οὐ
1495 840 1647 910 παρὰ
1709 840 1786 909 τῷ

192 924 346 993 Θεῷ.
378 925 566 980 Πάντα
593 927 702 997 γὰρ
735 926 935 981 δυνατά
966 928 1085 981 ἐστι
1113 930 1264 1000 παρὰ
1319 930 1398 1000 τῷ
1422 931 1561 1001 Θεῷ.
1591 949 1609 983 ι
1646 929 1785 1002 Οὐχὶ

185 1017 263 1070 τὰ
291 1018 555 1088 χρήματα
600 1020 766 1085 κακὰ,
798 1020 915 1074 ἀλλ’
957 1022 1007 1073 oi
1043 1022 1260 1092 ἔχοντες
1299 1024 1443 1076 αὺτά
1499 1023 1784 1077 διαϐάλλε-

192 1112 329 1167 σθαι
354 1113 495 1180 ἄξιοι
517 1130 532 1144 ο
563 1114 648 1167 δεῖ
676 1116 785 1186 γὰρ
839 1115 914 1185 μὴ
947 1114 1098 1184 ἔχειν
1129 1116 1271 1170 αὑτά
1297 1155 1312 1177 ,
1348 1117 1598 1172 τουτέστι
1654 1136 1786 1172 κατ-

193 1203 384 1275 ἔχειν,
414 1204 553 1258 ἀλλά
588 1205 821 1276 χρῆσθαι
848 1207 1028 1270 αὐτοῖς
1066 1209 1144 1270 εἰς
1174 1207 1313 1262 δέον.
1341 1209 1617 1279 Χρήματα
1672 1210 1782 1280 γὰρ

186 1296 417 1367 εἴρηται
442 1299 594 1369 παρά
627 1299 688 1351 τὸ
715 1300 795 1358 εἰς
833 1301 1033 1370 χρῆσιν
1075 1294 1219 1353 εἶναι
1271 1302 1600 1370 ἀνθρώποις,
1663 1302 1785 1372 οὐχὶ

183 1389 353 1457 παρὰ
376 1390 438 1442 τὸ
485 1389 830 1460 κατέχεσθαι.
895 1388 960 1445 Οἱ
1014 1391 1192 1443 τοίνυν
1221 1390 1435 1461 ἔχοντες
1499 1394 1592 1445 καὶ
1643 1393 1784 1446 ἀπο-

184 1481 471 1545 κλείοντες
525 1481 721 1547 ταῦτα,
781 1482 1056 1546 δυσκόλως
1110 1483 1513 1537 εἰσελεύσονται
1555 1486 1636 1548 είς
1682 1486 1784 1553 τὴν

182 1569 478 1641 βασιλείαν
503 1572 597 1625 τοῦ
630 1573 896 1626 ΘεοῡᾸΓὸ
954 1574 1012 1626 δὲ
1066 1573 1326 1628 δύσκολον
1370 1574 1604 1629 ἐνταῦθα
1664 1575 1785 1628 ἀντὶ

179 1661 286 1714 τοῦ
322 1662 585 1718 ἀδύνατον
615 1665 747 1719 νόει.
791 1665 1079 1720 Ἀδύνατον
1109 1667 1217 1735 γάρ
1249 1668 1361 1719 ἐστι
1391 1666 1645 1721 πλούσιον
1692 1666 1786 1721 ἀν-

180 1751 414 1823 θρωπον
446 1755 714 1825 σωθῆναι.
748 1756 923 1810 Τοῦτο
953 1756 1010 1809 δὲ
1036 1757 1195 1827 δῆλον
1224 1757 1334 1809 ἀπὸ
1386 1759 1480 1810 τοῦ
1524 1756 1780 1824 ὑποδείγ-

188 1861 392 1914 ματος.
427 1845 456 1899 6
516 1824 728 1919 τίθησιν
771 1848 799 1900 6
840 1848 1065 1919 Κύριος,
1088 1824 1269 1916 ’λέγων
1295 1847 1377 1901 ὅτι
1406 1846 1785 1917 εὐκοπώτερόν
1816 1824 1858 1880 Β

177 1940 308 1992 ἐστι
341 1939 590 2008 κάμηλον
654 1939 744 1994 διὰ
788 1943 1144 2012 τρυπήματος
1192 1940 1413 2012 ῥαφίδος
1464 1938 1781 2011 διελθεῖν,ἧ

178 2030 452 2084 πλούσιον
487 2034 568 2095 είς
601 2032 701 2103 τὴν
729 2031 1005 2102 βασιλείαν
1041 2031 1131 2086 τοῦ
1155 2033 1317 2087 Θεοῦ.
1362 2012 1650 2086 ’Δδθνατον
1675 2032 1784 2102 γάρ

179 2123 309 2175 ἐστι
331 2123 582 2193 κάμηλον
611 2123 699 2176 διὰ
717 2127 1076 2194 τρυπήματος
1119 2124 1338 2194 βελόνης
1368 2122 1621 2176 διελθῶι.
1664 2123 1782 2176 Κά-

186 2213 371 2284 μηλον
391 2213 449 2267 δὲ
484 2213 614 2281 νόει,
647 2214 680 2285 ἢ
717 2214 850 2267 αὐτὸ
881 2216 941 2268 τὸ
975 2214 1134 2281 ζῶον,
1164 2214 1197 2286 ἢ
1242 2213 1451 2285 σχοῖνόν
1506 2230 1627 2267 τινα
1674 2230 1782 2267 πα-

177 2309 364 2378 χεῖαν,
460 2307 528 2360 τὰ
561 2306 796 2377 μέγιστα
821 2306 929 2361 τῶν
964 2306 1163 2361 πλοίων
1191 2306 1452 2377 χρῶνται.
1491 2305 1781 2359 Ἀδύνατον

178 2398 284 2452 οὖν
318 2399 607 2470 ἄνθρωπον
634 2400 690 2453 ὲν
722 2401 833 2471 ὅσῳ
870 2403 985 2453 ἐστὶ
1003 2399 1281 2462 πλούσιος,
1311 2399 1573 2469 σωθῆναι.
1614 2398 1773 2469 Παρά

179 2494 380 2565 μέντοι
429 2493 510 2564 τῷ
560 2493 679 2564 Θεῷ
724 2494 949 2559 δυνατόν
1003 2495 1118 2545 ἐστι
1177 2491 1358 2551 τοῦτο.
1411 2487 1547 2545 Eine
1594 2491 1704 2562 γὰρ
1754 2492 1782 2544 6

179 2586 471 2659 Χριστόςο
508 2588 809 2657 «Ποιήσατε
853 2586 981 2655 ὑμῖν
1010 2583 1198 2655 φίλους
1246 2586 1309 2637 ὲκ
1360 2584 1455 2637 τοῦ
1493 2583 1778 2655 μαμμωνᾶ

177 2678 292 2748 τῆς
326 2678 597 2740 ἀδικίας.»
652 2677 815 2748 Ὀρᾷς
848 2676 977 2730 ὅταν
998 2676 1321 2747 ἀκούσωμεν
1342 2676 1435 2729 τοῦ
1469 2675 1628 2738 Θεοῦ,
1662 2675 1780 2739 πῶς

181 2771 412 2838 γίνεται
461 2767 622 2822 τοῦτο
675 2768 947 2838 δυνατὸν;
994 2767 1151 2840 Παρὰ
1197 2768 1253 2821 δὲ
1302 2770 1416 2830 τοῖς
1471 2765 1779 2836 ἀνθρώποις

178 2860 496 2925 ἀδύνατον,
531 2859 806 2913 τουτέστιν
837 2899 853 2927 ,
901 2860 1031 2913 ὅταν
1092 2857 1408 2928 ἀνθρώπινα
1463 2856 1772 2926 φρονῶμεν,

178 2954 461 3008 ἀδύνατόν
518 2955 634 3006 ἐστι
659 2952 840 3007 τοῦτο.
865 2953 1023 3014 Τίνος
1052 2950 1107 3003 δὲ
1130 2950 1316 3004 ἕνεκεν
1341 2951 1391 3002 οἱ
1416 2948 1657 3018 μαθηταὶ
1685 2948 1776 3012 ἐξ-

186 3046 550 3117 εθαμδοῦντο
578 3048 669 3099 ἐπὶ
708 3048 820 3109 τοῖς
868 3044 1048 3113 λόγοις
1077 3045 1327 3109 τούτοις;
1360 3044 1434 3096 Οὺ
1467 3043 1574 3112 γὰρ
1604 3041 1775 3111 δήπου

1888 584 2015 624 vero
2045 585 2207 641 supra
2260 575 2476 628 modum
2529 575 2778 629 admirati
2830 586 2977 635 sunt.
3027 577 3268 633 dicentes
3329 579 3469 632 intra

1885 677 2005 716 sese
2038 683 2051 718 :
2084 665 2152 719 Et
2175 666 2296 734 quis
2342 674 2519 734 potest
2571 668 2750 722 salvus
2796 671 2953 724 esse?
3003 667 3240 725 intuitus
3288 682 3467 724 autem

1884 752 2043 809 Jesus
2091 756 2210 810 illos
2267 758 2434 812 dicit:
2479 758 2632 827 Apud
2684 759 2926 815 homines
2981 763 3310 828 impossibile
3360 774 3465 823 est,

1888 862 1990 900 non
2026 850 2164 917 apud
2199 849 2362 904 Deum
2394 869 2408 905 :
2442 866 2563 905 nam
2598 851 2780 905 omnia
2829 854 3100 923 possibilia
3150 865 3272 908 sunt
3325 857 3465 925 apud

1886 938 2081 993 Deum.
2115 959 2134 992 ι
2176 940 2384 996 Πίνῑιὶιε
2420 958 2525 997 non
2561 943 2713 996 malm
2739 953 2883 1007 sunt,
2920 945 3012 998 sed
3059 945 3155 1014 qui
3207 946 3325 998 illus
3372 947 3468 999 lia-

1886 1030 2032 1096 bent,
2060 1034 2205 1103 digni
2233 1045 2358 1090 sunt
2382 1035 2472 1106 qui
2511 1046 2800 1091 taxentur:
2829 1053 2936 1092 non
2965 1039 3109 1092 enim
3145 1039 3263 1094 illas
3297 1039 3467 1092 liabe-

1888 1136 1947 1175 re
1972 1131 2202 1191 oportet,
2248 1126 2349 1179 hoc
2386 1135 2471 1179 est
2499 1127 2759 1188 detinere,
2785 1128 2876 1179 sed
2912 1128 3100 1181 eisuti
3135 1142 3229 1195 pro
3280 1142 3468 1182 net-es-

1885 1215 2064 1268 sitate.
2084 1216 2358 1286 Χρήματα
2384 1217 2549 1281 enim,
2574 1218 2677 1273 hoc
2708 1229 2788 1272 est
2817 1234 2968 1287 opes.
2996 1218 3153 1273 dicta!
3176 1231 3319 1282 sunt,
3344 1221 3466 1287 quia

1887 1306 2007 1361 usui
2036 1316 2165 1360 sunt
2199 1308 2530 1373 hominibus,
2548 1319 2602 1363 et
2631 1326 2787 1379 opem
2837 1322 2998 1380 atque
3033 1312 3295 1366 auxilium
3335 1311 3468 1366 alic-

1888 1407 2181 1453 runtinon
2238 1408 2415 1453 autem
2445 1398 2590 1468 quod
2646 1401 2950 1455 detinenda:
3001 1403 3129 1456 sint.
3164 1404 3261 1469 Qui
3309 1404 3471 1465 igitur

1886 1489 2007 1543 illas
2040 1491 2240 1545 habent
2284 1500 2340 1545 et
2382 1491 2679 1555 includunt,
2733 1494 2948 1548 difﬁcile
2996 1495 3046 1548 in
3091 1510 3316 1564 regnum
3367 1494 3459 1550 Dei

1889 1582 2278 1651 ingrediuntur.
2319 1582 2544 1638 Difﬁcile
2572 1594 2749 1639 autem
2783 1588 2886 1641 hoc
2917 1586 3037 1641 loco
3085 1602 3182 1656 pro
3223 1586 3471 1656 impossi-

1886 1672 1981 1726 bili
2034 1674 2297 1742 intelligo.
2347 1674 2682 1744 lmpossibile
2728 1679 2870 1730 enim
2917 1679 3138 1732 divitem
3194 1679 3467 1733 hominem

1887 1765 2106 1820 salvari.
2143 1764 2256 1819 Hoc
2285 1776 2463 1820 autem
2512 1762 2860 1821 manifestum
2919 1770 2986 1824 ab
3033 1770 3279 1839 exemplo
3322 1771 3466 1838 quod

1888 1856 2037 1927 ponit
2060 1856 2338 1924 Dominus,
2373 1858 2561 1912 dicens
2607 1861 2748 1926 quod
2808 1859 3019 1915 facilius
3079 1860 3151 1915 sit
3199 1862 3463 1913 cantrlnm

1886 1947 2093 2002 intrare
2121 1962 2217 2016 per
2276 1949 2520 2003 foramen
2568 1966 2714 2013 acus,
2780 1967 2940 2017 quam
2996 1953 3219 2005 divitem
3266 1952 3319 2005 in
3379 1968 3468 2007 re-

1886 2057 2046 2111 gmun
2081 2040 2194 2096 Dei.
2232 2041 2374 2096 Fieri
2407 2044 2549 2098 enim
2591 2059 2696 2098 non
2747 2055 2922 2115 potest
2967 2055 3023 2098 ut
3064 2046 3306 2100 camelus
3363 2061 3458 2114 per

1888 2130 2128 2187 foramen
2162 2148 2293 2188 acus
2325 2144 2588 2190 transeat.
2620 2136 2722 2191 Per
2749 2137 3017 2191 camelum
3074 2148 3256 2192 autem
3302 2137 3458 2191 intel-

1886 2221 1989 2290 lige
2022 2224 2106 2278 vel
2139 2226 2360 2289 animal,
2392 2226 2470 2280 vel
2507 2242 2750 2282 crassum
2792 2227 2972 2281 funem
3019 2244 3128 2298 quo
3184 2240 3361 2284 nautae
3407 2231 3462 2283 in

1882 2317 2136 2372 tuavimis
2159 2319 2386 2389 navigiis
2415 2330 2656 2375 utuntur.
2676 2306 3023 2389 impossibile
3053 2321 3196 2373 enim
3221 2330 3305 2374 est
3359 2321 3458 2374 lto—

1884 2408 2396 2477 minem,quatenus
2445 2411 2595 2465 dives
2647 2420 2750 2475 est,
2778 2412 2997 2467 salvari.
3062 2410 3272 2465 Etenim
3327 2413 3469 2479 apud

1883 2497 2051 2554 Deum
2083 2500 2183 2555 hoc
2204 2503 2458 2569 possibile
2487 2513 2588 2557 est.
2623 2503 2765 2556 Dixit
2794 2502 2936 2556 enim
2962 2503 3243 2557 Christus:
3270 2522 3288 2555 ι
3320 2503 3472 2557 Faci-

1884 2601 1934 2647 te
1967 2595 2118 2648 vobis
2154 2595 2360 2648 amicos
2409 2608 2471 2649 ex
2500 2610 2804 2649 mammona
2833 2595 3111 2664 injustitize
3127 2596 3196 2650 ὀ.
3234 2614 3252 2646 ι
3285 2595 3453 2652 Vides

1881 2689 2023 2756 quod
2056 2686 2100 2740 si
2133 2684 2297 2740 Deum
2323 2686 2712 2753 audiverimus,
2742 2688 3013 2758 quomodo
3044 2687 3300 2757 possibile
3336 2688 3465 2743 ﬁat?

1881 2779 2033 2847 Apud
2059 2779 2306 2834 homines
2359 2792 2537 2834 autem
2589 2780 2944 2849 impossibile,
2972 2781 3072 2835 hoc
3115 2792 3219 2844 est,
3249 2783 3469 2852 quando

1883 2873 2117 2926 humana
2164 2873 2424 2940 sapimus,
2473 2872 2804 2943 impossibile
2869 2883 2970 2928 est.
3003 2872 3122 2928 Jam
3175 2865 3343 2943 quare
3387 2875 3471 2927 di~

1887 2966 2079 3035 scipuli
2110 2965 2505 3034 obstupuerunt
2542 2982 2702 3034 super
2733 2967 2914 3020 verbis
2947 2965 3138 3020 illius?
3172 2965 3285 3019 Non
3318 2965 3467 3020 enim

1882 3057 1982 3127 ipsi
2012 3058 2205 3112 divites
2232 3066 2408 3112 erant.
2457 3056 2580 3111 Mihi
2615 3059 2824 3112 videtur
2877 3059 3017 3127 quod
3070 3074 3167 3128 pro
3218 3059 3472 3112 omnibus

178 3141 349 3196 αὐτοὶ
387 3139 635 3193 πλούσιοι
656 3134 820 3211 ἦταν.
864 3138 1020 3207 Ἐμοὶ
1063 3137 1214 3191 δοκεῖ
1243 3136 1382 3205 ὑπὲρ
1413 3135 1630 3187 πάντων
1676 3134 1775 3186 ἀν·-

1885 3151 2193 3206 hominibus
2214 3151 2360 3204 anxii
2390 3150 2607 3204 fuerint.
2632 3150 2750 3204 Jam
2773 3152 2917 3204 enim
2943 3150 3326 3205 misericordes
3353 3165 3468 3206 ca:—

181 3234 433 3306 θρὼπων
461 3234 829 3302 ἀγωνιῶντες.
863 3229 1240 3302 Φιλάνθρωποι
1268 3228 1376 3297 γὰρ
1399 3228 1498 3298 ήδη
1543 3226 1777 3297 ἤρξαντο

1884 3251 2070 3312 perant
2090 3239 2224 3293 fieri.
2260 3239 2486 3306 Quidam
2511 3240 2609 3293 hoc
2640 3239 2756 3291 loco
2789 3238 3057 3303 dubitant,
3087 3240 3358 3308 quomodo
3390 3238 3473 3292 di-

177 3326 464 3399 γίνεσθαι.
509 3327 668 3390 Τινὲς
726 3325 783 3379 δὲ
848 3321 1081 3378 ἐνταῦθα
1141 3321 1408 3392 ἀποροῦσι
1458 3319 1573 3382 πῶς
1632 3314 1775 3384 εἷπε,

179 3419 379 3474 Πάντα
405 3416 610 3470 δυνατά
642 3417 757 3467 ἐστι
784 3414 932 3485 παρὰ
963 3413 1041 3484 τῷ
1068 3411 1206 3482 Θεῷ.
1243 3410 1357 3482 (75)
1395 3409 1640 3478 Λέγομεν
1684 3404 1777 3462 οὖν

179 3515 269 3567 δτι
308 3513 440 3566 ὅταν
471 3511 623 3580 εἴπῃ,
668 3510 863 3570 πάντα,
898 3509 966 3560 τὰ
1004 3506 1131 3558 ὄντα
1162 3505 1307 3572 λέγει
1329 3519 1343 3533 ·
1375 3505 1408 3573 ή
1447 3502 1503 3555 δὲ
1534 3502 1777 3571 ἁμαρτία

186 3604 270 3677 μή
297 3605 359 3657 δν
383 3605 559 3656 ἐστιν.
610 3600 885 3654 ’Δνούσιον
907 3601 1015 3668 γὰρ
1042 3599 1275 3669 πρᾶγμα
1315 3595 1410 3649 καὶ
1464 3594 1775 3647 ἀνυπόστα-

182 3714 280 3751 τον
322 3698 359 3766 ἡ
387 3693 635 3766 ἁμαρτία
659 3709 671 3722 ·
699 3693 873 3754 ἄλλως
902 3689 1064 3756 τε,Ἠ
1094 3688 1454 3759 ἀμαρτίαιύκ
1477 3687 1593 3739 ἐστι
1614 3685 1776 3738 δυνά-

185 3804 364 3859 μεως,
394 3786 511 3842 ἀλλ’
558 3784 867 3850 ἀσθενείας,
910 3783 982 3846 ὡς
1012 3782 1107 3835 καὶ
1142 3784 1169 3834 6
1206 3778 1534 3841 ’Λπόστολος
1596 3777 1772 3845 λέγει’

185 3879 462 3951 Χριστὸς,
490 3877 658 3931 ὄντων
700 3877 861 3948 ήμῶν
896 3874 1159 3937 ἀσθενῶν,
1196 3872 1457 3926 ἀπέθανε.
1481 3872 1593 3923 Καὶ
1616 3869 1776 3922 πάλιν

188 3974 219 4027 6
251 3972 426 4026 Δαὸξδ
458 3987 474 4004 ⁸
508 3969 954 4041 Ἐπληθύνθησαν
992 3969 1047 4021 αί
1073 3968 1345 4021 ἀσθένειαι
1390 3965 1590 4020 αὐτῶν.
1613 3965 1775 4018 Ὥστε

184 4064 527 4139 ήὰμαρτξα,
566 4063 817 4119 ἀσθένεια
867 4060 1021 4125 οὖσα,
1054 4062 1155 4115 οὐκ
1207 4061 1324 4114 ἐστι
1369 4061 1569 4130 δυνατὴ
1624 4058 1777 4128 παρὰ
1823 4111 1826 4114 .

182 4158 263 4230 τῷ
297 4156 445 4227 Θεῷ.
474 4152 623 4227 Ἀρα
655 4153 772 4223 οὖν,
802 4156 956 4224 φασὶ,
997 4154 1219 4207 δύναται
1243 4156 1272 4207 6
1324 4153 1454 4216 Θεὸς
1491 4154 1583 4205 καὶ
1606 4152 1663 4205 τὸ
1684 4168 1777 4219 γε·

182 4251 354 4320 γονὸς
381 4249 460 4312 ὡς
511 4248 583 4319 μὴ
611 4248 836 4315 γεγονὸς
882 4247 1108 4314 ποιῆσαι
1152 4261 1167 4310 ;
1211 4244 1456 4312 Λέγομεν
1510 4238 1603 4296 οὖν
1642 4241 1777 4295 ὅτιὸ

181 4342 328 4403 Θεὸς
358 4338 587 4408 ἀλήθειά
618 4340 757 4391 ἐστι.
812 4337 884 4390 Τὸ
938 4337 995 4389 δὲ
1031 4335 1258 4405 ποιῆσαι
1298 4335 1358 4387 τὸ
1412 4333 1638 4402 γεγονὸς
1698 4331 1777 4395 ὡς

190 4433 271 4507 μὴ
304 4431 556 4503 γεγονὸς,
595 4430 813 4501 ψεῦδος.
843 4429 969 4490 Πῶς
1001 4424 1092 4482 οὖν
1134 4429 1167 4498 ή
1197 4426 1422 4497 ἀλήθεια
1453 4429 1669 4495 ποιήσει
1713 4423 1774 4477 τὸ

1878 3332 2040 3392 xerit,
2074 3328 2264 3384 Omnia
2288 3331 2565 3400 possiLilia
2599 3339 2725 3382 sunt
2761 3328 2888 3395 Deo,
2925 3345 3089 3398 quum
3135 3327 3275 3383 Deus
3334 3341 3470 3396 pec-

1879 3438 2005 3481 care
2032 3432 2284 3495 nequeat.
2315 3423 2550 3476 Dicimus
2585 3423 2784 3491 itaque,
2820 3421 3038 3492 quando
3070 3423 3197 3476 dicit
3223 3461 3237 3487 ,
3266 3422 3471 3500 omnia,

1880 3518 2227 3585 intelligimus
2253 3529 2318 3570 ea
2351 3528 2470 3584 quae
2499 3524 2646 3568 sunt.
2680 3513 2962 3569 Peccatum
3011 3525 3190 3569 autem
3224 3531 3327 3567 non
3365 3523 3469 3574 est.

1877 3610 2162 3663 Peccatum
2194 3608 2337 3662 enim
2372 3622 2457 3660 res
2482 3612 2566 3658 est
2606 3606 2723 3661 sine
2764 3608 2997 3662 essentia
3025 3649 3040 3672 ,
3092 3617 3145 3660 et
3184 3607 3300 3660 sine
3341 3605 3470 3660 sub.

1880 3702 2098 3757 s'antia.
2138 3699 2228 3751 Vel
2271 3700 2445 3757 aliter.
2482 3702 2766 3754 Ρείοεειιιιιιι
2813 3716 2917 3752 non
2961 3708 3045 3752 est
3069 3699 3343 3768 potentiae,
3377 3698 3471 3751 sed

1881 3793 2259 3847 inﬁrmitatis:
2309 3793 2449 3847 sicut
2503 3803 2558 3847 et
2614 3790 2905 3862 Apostolus
2954 3792 3085 3844 dicit
3133 3809 3146 3844 :
3195 3790 3471 3852 Christus,

1879 3901 1999 3939 cum
2031 3901 2126 3939 nos
2157 3885 2354 3939 iulirmi
2388 3899 2658 3948 essemus,
2687 3896 2928 3937 mortuus
2957 3882 3124 3936 est".
3170 3882 3233 3935 Et
3276 3883 3472 3936 itermn

1878 3976 2044 4032 David
2068 3996 2081 4032 ε
2106 3978 2270 4051 226
2304 3977 2666 4047 Multiplicatze
2691 3986 2813 4031 sunt
2837 3976 3181 4029 inﬁrmitates
3206 3990 3390 4027 eorum
3403 3974 3472 4041 θ’,

1879 4081 1933 4124 et
1965 4070 2037 4124 ita
2075 4081 2353 4139 peccaturo
2388 4070 2527 4139 apud
2561 4070 2726 4123 Deum
2760 4083 2866 4122 non
2911 4080 2993 4121 est
3041 4067 3315 4135 possibile,
3342 4064 3472 4134 quia

1879 4164 2171 4222 inﬁrmitas
2239 4176 2342 4220 cst.
2377 4163 2622 4233 Nunquid
2690 4173 2867 4217 autem
2913 4161 3117 4223 dicunt.
3167 4160 3333 4214 Deum
3382 4158 3473 4211 fa-

1880 4271 2027 4315 ctum
2081 4258 2336 4313 infectum
2387 4258 2565 4313 facere
2616 4272 2721 4312 non
2770 4253 2969 4326 posse?
3010 4254 3244 4308 Dicimus
3304 4250 3472 4305 Deum

1879 4366 2000 4406 esse
2056 4352 2360 4405 veritatem.
2413 4348 2632 4404 Factum
2696 4358 2872 4402 autem
2930 4345 3185 4400 infectum
3243 4342 3468 4411 facere,

1882 4443 2217 4498 mendacium
2269 4452 2374 4497 est.
2413 4442 2531 4508 Quo
2586 4451 2762 4510 pacto,
2797 4454 2996 4510 quaeso,
3035 4439 3237 4491 veritas
3286 4434 3474 4491 fecerit

189 4526 429 4598 ψεῦδος;
456 4522 863 4597 Πρότερον’γὰρ
894 4525 959 4578 ἂν
984 4522 1268 4577 ἀπολέσειε
1290 4521 1388 4589 τὴν
1425 4519 1631 4574 οἰκείαν
1677 4519 1777 4588 φύ-

1887 4534 2267 4589 mendacium?
2297 4532 2452 4586 Prius
2495 4532 2635 4586 enim
2675 4530 2923 4601 perderet
2978 4538 3225 4582 naturam
3267 4541 3466 4583 suam:

194 4638 285 4675 σιν
308 4637 322 4650 ·
355 4617 502 4673 ὥστε
528 4617 687 4671 τοῦτὸ
720 4635 884 4686 φασιν
909 4619 958 4669 οἱ
985 4618 1234 4684 λέγοντες
1260 4631 1273 4645 ·
1305 4609 1455 4686 ΊΓΛροι
1494 4614 1719 4666 δύναται
1753 4611 1782 4663 6

188 4711 333 4774 Θεὸς
399 4710 474 4780 μὴ
524 4704 665 4763 εἶναι
722 4710 896 4776 Θεὸς;
955 4708 1118 4780 Ὁρᾷς
1165 4708 1270 4777 γὰρ
1308 4708 1368 4760 τὸ
1424 4706 1631 4774 γελοῖον
1685 4702 1779 4755 τοῦ

188 4802 375 4874 ὲρωτή
386 4817 574 4871 ματος.

270 4895 417 4947 «Καὶ
437 4893 689 4963 ἧρξατοδ
719 4893 923 4965 Πέτρος
964 4893 1144 4962 λέγειν
1187 4893 1337 4962 αὐτῷ
1368 4911 1381 4923 ·
1432 4892 1565 4946 Ἰδοὺ
1613 4895 1774 4965 ἡμεῖς

194 4988 497 5057 ἀφήκαμεν
525 4987 704 5040 πάντα
727 4988 821 5040 καὶ
843 4986 1291 5058 ἠκολουθήσαμέν
1310 4986 1774 5057 σοι.Ἀποκριθεὶς

193 5080 252 5134 δὲ
274 5081 304 5133 6
336 5078 569 5151 Ἰησοῦς,
593 5075 764 5133 εἶπεν
794 5080 967 5152 Ἀμὴν
987 5080 1129 5148 λέγω
1160 5080 1310 5149 ὑμῖν,
1333 5079 1507 5142 οὐδείς
1542 5080 1690 5131 ἐστιν
1717 5078 1775 5141 ὃς

195 5173 415 5242 ἀφῆκεν
457 5170 656 5235 οἰκίαν,
679 5171 712 5242 ἢ
737 5171 1076 5242 ἀδελφοὺς,ἢ
1130 5170 1438 5241 ἀδελφὰς,ἢ
1475 5171 1709 5239 πατέρα,
1740 5169 1772 5239 ἢ

199 5262 435 5332 μητέρα,
452 5259 486 5331 ἢ
501 5266 757 5328 γυναῖκα,
775 5262 807 5333 ἢ
826 5262 1050 5331 τέκνα,ῆ
1078 5264 1301 5331 ἀγροὺς,
1325 5262 1512 5314 ἕνεκεν
1532 5262 1664 5331 ἐμοῦ
1685 5263 1777 5313 καὶ

192 5348 289 5402 τοῦ
303 5350 659 5420 Εὑαγγελέου,
673 5352 766 5404 ἐὰν
792 5351 866 5421 μὴ
882 5351 1018 5423 λάϐῃ
1037 5350 1589 5414 ἑκατονταπλασίονα,
1606 5349 1699 5402 νῦν
1720 5353 1776 5403 ὲν

269 5491 317 5526 ’θ
348 5489 483 5550 an.
517 5506 629 5558 XVI,
661 5494 714 5548 9.
793 5493 833 5524 "
872 5490 1028 5547 Rom.
1075 5508 1150 5558 vt,
1193 5492 1247 5546 7.
1323 5491 1367 5524 "
1404 5490 1545 5547 Psal.
1576 5505 1663 5558 xv,
1698 5490 1753 5547 4.

1884 4637 1938 4681 ει
1966 4626 2085 4679 ideo
2117 4625 2206 4694 qui
2236 4626 2314 4679 sic
2342 4624 2656 4691 loquuntur,
2682 4621 2907 4693 perinde
2963 4620 3259 4689 loquuntur
3313 4634 3376 4671 ac
3423 4618 3468 4671 si

1883 4724 2151 4785 qurerant,
2186 4713 2321 4768 Num
2354 4722 2528 4783 potest
2576 4713 2719 4768 Deus
2759 4728 2865 4766 non
2911 4727 3030 4766 esse
3079 4709 3256 4766 Deus?
3305 4709 3468 4765 Vides

1883 4806 2045 4877 igitur
2078 4821 2236 4875 quam
2266 4804 2489 4859 ridicula
2528 4804 2596 4858 sit
2623 4807 2867 4872 quzestio.
3234 4794 3239 4797 ⁷

1953 4895 2114 4951 Vens.
2139 4894 2329 4951 28-5l.
2360 4913 2379 4946 ι
2412 4893 2476 4949 Et
2504 4894 2670 4965 coepit
2712 4893 2903 4949 Petrus
2954 4884 3135 4948 dicere
3161 4893 3232 4947 illi
3269 4908 3285 4948 :
3324 4892 3466 4947 Ecce

1881 5002 1980 5039 nos
2016 4986 2330 5053 reliquimus
2357 4987 2562 5051 omnia,
2597 4997 2651 5040 et
2681 4986 2849 5041 secuti
2897 5000 3085 5040 sumus
3113 4994 3184 5038 te.
3220 4982 3464 5052 Respon-

1879 5079 2015 5134 deus
2042 5087 2218 5133 autem
2258 5076 2416 5134 Jesus
2446 5078 2614 5133 dixit:
2649 5078 2821 5131 Amen
2876 5076 2996 5130 dico
3061 5075 3236 5140 vobis,
3284 5075 3462 5128 nullus

1878 5171 2075 5242 estqui
2120 5170 2337 5240 reliquit
2367 5172 2604 5235 domum,
2656 5180 2750 5225 aut
2797 5168 3013 5229 fratres,
3067 5177 3187 5221 aut.
3219 5183 3460 5234 sorores,

1882 5273 1974 5317 aut
2003 5272 2233 5332 patrem,
2262 5272 2354 5315 aut
2384 5272 2634 5327 matrem,
2674 5272 2765 5315 aut
2799 5277 3043 5324 uxorem,
3091 5269 3183 5314 aut
3230 5260 3451 5325 liberos,

1885 5364 1978 5408 aut
2044 5370 2202 5426 agros
2242 5370 2359 5409 mea
2397 5368 2560 5408 causa
2611 5362 2664 5408 et
2706 5351 3007 5423 Evangelii,
3050 5352 3178 5421 quin
3234 5352 3458 5420 recipiat

1167 5611 1258 5670 Ex
1303 5607 1646 5670 collatione
1677 5606 1862 5669 codd.
1899 5609 2126 5669 Venet.
2162 5609 2222 5669 S.
2259 5607 2478 5668 Marci.

266 5731 380 5804 (75)
418 5732 615 5804 supple
636 5747 699 5804 ex
732 5731 854 5786 cod.
898 5732 968 5786 52
1005 5749 1017 5785 :
1055 5729 1335 5804 ’ΪΛραᾷγὰρ
1366 5732 1460 5804 διαὶ
1494 5730 1765 5804 τὸγάμαρ-

195 5800 399 5870 meo),
454 5802 678 5857 δυνατόν
754 5806 869 5857 ἐστι
943 5802 1092 5874 παρὰ
1132 5800 1235 5872 τῷ
1302 5800 1441 5873 Θεῷ.
1498 5800 1765 5869 Λέγρμεν

1879 5723 2015 5801 οὖν,
2055 5747 2121 5801 κ,
2147 5745 2200 5781 τ.
2241 5727 2289 5781 λ.
2358 5747 2376 5780 ι
2419 5727 2654 5798 lgiturnc
2692 5740 2746 5786 et
2786 5746 3007 5801 peccare
3052 5727 3307 5801 possibile
3371 5736 3450 5781 est

1878 5799 2023 5853 Deo?
2058 5798 2296 5855 Dicimus
2332 5801 2529 5870 itaque,
2571 5819 2589 5854 ›
2634 5814 2740 5856 etc.
