3866 6448
490 330 591 394 503
1405 331 1983 394 Ί’ῐ.1ΕΟΡΗΥΙ.ΛΟΤ1
2027 330 2439 393 BULGARIIE
2472 332 2832 396 ABCIIIEP.
3572 339 3659 397 till

490 440 731 510 centuplu
765 455 906 495 nunc
940 439 991 494 iu
1026 448 1266 507 tempore
1314 441 1436 504 hoc,
1485 442 1697 502 domus.
1725 449 1780 496 et
1832 441 2047 506 fratres,

2166 436 2235 509 τῷ
2264 437 2440 508 καιρῴ
2473 437 2666 507 τούτῳ,
2688 438 2888 503 οἰκίας,
2923 437 3017 491 καὶ
3040 437 3321 507 ἀδελφοὺς,
3353 441 3435 495 καὶ
3458 443 3667 516 ἀδελφὰς,

489 544 538 589 et
561 548 795 597 sorores,
851 543 903 588 et
968 541 1188 598 matres,
1231 542 1285 587 et
1339 532 1558 597 liberos,
1611 542 1667 589 et
1716 549 1874 604 agros
1932 549 2054 588 cum

2166 532 2549 602 καὶ⁹’μητέρας,
2573 532 2668 585 καὶ
2697 532 2885 593 τέκνα,
2907 530 3001 584 καὶ
3030 531 3252 600 ἀγροὺς,
3282 534 3411 601 μετὰ
3435 535 3667 606 διωγμῶν,

488 625 971 695 persecutionihns,
1004 624 1143 678 acin
1192 633 1419 678 venturo
1465 625 1659 680 saeculo
1692 628 1855 679 vitam
1900 635 2056 680 teter-

2166 626 2253 677 καὶ
2301 626 2358 677 ἐν
2391 623 2469 694 τῷ
2496 623 2652 678 αἰῶνι
2686 622 2763 692 τῷ
2803 619 3104 693 ἐρχομένῳ,
3140 621 3283 693 ζωὴν
3313 624 3531 680 αἰώνιον.
3564 630 3671 684 ltuit.

487 730 635 770 nam.
691 715 845 768 Multi
899 724 1076 769 autem
1125 714 1279 784 primi
1327 724 1486 769 erunt
1515 716 1795 782 postremi,
1843 723 1899 770 et
1958 730 2055 784 p0-

2166 716 2238 769 tol.
2269 715 2327 769 δέ
2360 716 2574 769 ἐσονται
2605 714 2813 786 πρῶτοι
2843 715 3082 785 ισχατοι,
3109 713 3202 767 καὶ
3223 715 3274 766 oi
3311 715 3510 784 ἔσχατοι
3545 722 3667 788 πρῶ.

487 806 668 859 strenui
724 804 902 873 primi.
946 822 965 855 ›
1010 803 1195 858 Petrus
1262 806 1470 860 tametsi
1525 820 1691 874 pauca
1727 806 1915 873 reliqui
1950 815 2052 869 St'l,

2166 824 2257 860 τοι.
2284 826 2304 859 ι
2336 808 2394 861 Ὀ
2413 808 2617 877 Πέτρος
2648 808 2698 860 εἰ
2725 806 2820 860 καὶ
2845 806 3004 873 ὀλίγα
3028 806 3261 877 ἀφῆκεν.
3288 807 3399 859 ἀλλ’
3422 804 3506 862 οὖν
3530 812 3670 866 πάντα

487 898 608 966 quia
656 906 832 951 tamen
865 898 1017 961 dixit,
1054 899 1255 962 omnia,
1281 898 1532 951 iudicium
1591 907 1675 951 est
1718 900 1859 966 quod
1891 900 2054 952 etiam

2166 900 2417 969 ὑνομάζει
2449 899 2646 955 ταῦτα.
2674 901 2783 954 Καὶ
2812 900 2880 955 τὰ
2906 900 3065 967 ὀλίγα
3089 898 3200 968 γάρ
3242 899 3434 969 δεσμὸν
3468 918 3673 973 προσπα-

487 1002 655 1055 paura
709 989 922 1042 vinculo
977 990 1208 1059 quodam
1264 989 1410 1042 illum
1476 990 1935 1045 detinuerintzet
1984 990 2055 1043 ita

2166 986 2312 1048 θείας
2362 986 2607 1057 ἔχουσιν,
2657 986 2800 1040 ῶστε
2848 987 3187 1058 μακαριστὸς
3245 987 3342 1041 καὶ
3384 988 3411 1040 δ
3462 991 3523 1042 τὰ
3553 991 3676 1059 ὀλίγα

487 1078 827 1132 beatiﬁcatus
874 1087 956 1132 est
1011 1078 1056 1132 is
1121 1078 1215 1148 qui
1266 1079 1428 1133 etiam
1484 1094 1657 1149 pauca
1739 1081 2055 1149 reliquerat.

2166 1077 2317 1145 ἀφείς
2352 1096 2369 1111 ο
2405 1075 2514 1131 Τοῦ
2544 1077 2603 1131 δέ
2627 1078 2833 1150 Πέτρου
2872 1078 3033 1148 μόνου
3067 1078 3452 1150 ἐρωτήσαντος,
3501 1081 3677 1137 καθολι.

486 1168 725 1240 Cumque
788 1170 935 1226 solus
1008 1169 1201 1228 Petrus
1253 1181 1533 1244 rogasset,
1585 1176 1833 1229 omnibus
1897 1190 2060 1245 gene-

2166 1168 2257 1222 κδν
2295 1172 2532 1224 ποιεῖται
2585 1169 2679 1223 τὸν
2741 1169 2898 1238 λόγον
2944 1169 2973 1221 ὁ
3004 1169 3231 1239 Κύριος,
3276 1168 3479 1269 λέγων’·
3499 1171 3596 1234 Πᾶς
3634 1175 3678 1239 ὃς

487 1263 673 1317 raliter
731 1263 968 1334 loquitur
1032 1266 1312 1334 Christus,
1391 1267 1576 1322 dicens
1633 1286 1646 1322 :
1711 1270 1901 1325 Omnis
1961 1272 2055 1339 qui

2166 1259 2368 1330 ἀφῆκεν
2397 1258 2431 1329 ἢ
2457 1261 2693 1327 γυναῖκα
2724 1259 2758 1329 ἢ
2790 1258 3003 1330 πατέρα
3030 1274 3043 1288 ·
3071 1258 3247 1311 ταῦτα
3300 1258 3359 1311 δὲ
3410 1256 3561 1327 λέγει,
3604 1262 3679 1330 οὐχ

488 1356 767 1426 reliquerit
796 1372 1042 1424 uxorem,
1094 1358 1176 1414 vel
1211 1368 1443 1427 patrem.
1492 1359 1620 1417 Haec
1676 1363 1804 1418 dicit
1853 1379 1961 1419 non
2000 1374 2060 1419 ιιι

2166 1351 2250 1407 ίνα
2282 1352 2410 1417 τοὺς
2439 1352 2683 1423 πατέρας
2728 1351 2906 1422 ἐῶμεν
2936 1351 3297 1421 ἀϐοηθήτους,
3327 1350 3416 1404 καὶ
3466 1351 3561 1404 τῶν
3605 1368 3678 1418 γυ-

485 1452 736 1512 parentes
765 1445 893 1499 velit
919 1445 1119 1501 auxilio
1144 1447 1385 1513 destitui,
1417 1459 1471 1503 et
1495 1450 1561 1505 ab
1591 1453 1853 1508 uxoribus
1894 1468 2060 1522 sepa-

2166 1443 2366 1498 ναικῶν
2398 1443 2788 1516 χωριζὼμεθα,
2822 1444 2957 1497 ἀλλὰ
2990 1441 3264 1498 παιδεύων
3292 1443 3433 1511 ἡμᾶς
3457 1447 3679 1513 προτιμᾷν

486 1532 614 1597 rari,
644 1533 737 1587 sed
773 1535 926 1591 docet
967 1550 1065 1590 nos
1093 1536 1350 1605 praeferre
1401 1539 1652 1610 pietatem
1710 1557 1835 1613 erga
1890 1545 2057 1600 Deum

2166 1535 2259 1607 τὴν
2291 1537 2373 1600 είς
2401 1536 2534 1589 Θεὸν
2566 1534 2847 1597 εὐσέϐειαν
2874 1536 3097 1588 πάντων
3121 1532 3234 1587 τῶν
3261 1533 3545 1604 σαρκικῶν.
3562 1535 3682 1589 Ἐπεὶ

485 1624 734 1679 omnibus
759 1626 1086 1683 carnalibus.
1114 1627 1249 1694 Quia
1281 1629 1422 1684 enim
1463 1646 1588 1686 vere
1636 1630 1833 1688 bellum
1858 1649 1888 1689 a
1921 1650 2059 1703 pra:-

2166 1629 2273 1697 γὰρ
2323 1626 2556 1695 πόλεμος
2586 1627 2860 1695 ἀνήπτετο
2890 1625 3001 1679 ἀπὸ
3052 1623 3144 1678 τοῦ
3207 1624 3571 1727 κηρύγματοςΖ
3609 1627 3680 1680 καὶ

484 1712 756 1767 dicatione
798 1729 1082 1770 accensum
1135 1726 1274 1782 erat,
1311 1726 1363 1772 et
1419 1720 1661 1789 negaturi
1712 1731 1867 1777 erant
1907 1728 2056 1793 pueri

2166 1716 2382 1789 ἔμελλον
2407 1715 2656 1785 πατέρας
2685 1714 2969 1785 ἀρνεῖσθαι
2994 1713 3182 1777 παῖδες
3204 1712 3293 1765 διὰ
3310 1712 3406 1782 τὴν
3428 1712 3680 1779 εὐσέϐειαν,

484 1814 738 1874 parentes
768 1818 987 1876 propter
1017 1809 1296 1877 pietatem,
1325 1809 1491 1865 dicit:
1522 1811 1778 1882 Quisquis
1827 1790 2061 1886 relique—

2166 1806 2369 1877 φησίνο
2432 1806 2620 1867 Ὅστις
2670 1806 2870 1874 ἀφήσει
2913 1805 3010 1867 τὰς
3069 1802 3339 1873 σαρκικάς
3393 1804 3679 1910 συγγενείας,

485 1895 558 1949 rit
583 1907 838 1966 cognatos
878 1914 1014 1968 quos
1055 1900 1155 1955 sibi
1198 1908 1388 1956 natura
1422 1903 1588 1969 dedit,
1641 1914 1697 1959 et
1744 1907 1798 1960 iu
1849 1922 2060 1963 summa

2166 1900 2262 1953 atat
2290 1896 2479 1962 ἀπλῶς
2533 1896 2711 1950 πάντα
2741 1895 2811 1948 τὰ
2861 1894 3150 1965 σωματικά
3183 1895 3374 1947 ἐνεκεν
3408 1894 3495 1947 τοῦ
3538 1894 3680 1994 Pim-

484 1989 787 2057 corporalia
849 1992 1031 2046 omnia
1095 2002 1314 2063 propter
1385 1995 1754 2064 Evangelium,
1814 2001 2060 2069 centupla

2166 1989 2367 2058 γελιου,
2406 1984 2935 2041 ἐέατονταπλασίονα
2966 1984 3143 2038 πάντα
3172 1982 3404 2053 λήψεται
3432 1985 3484 2035 ἐν
3502 1982 3568 2052 τῷ
3611 1982 3680 2036 νῦν

484 2080 669 2135 omnia
721 2082 948 2151 accipiet
996 2083 1048 2137 in
1096 2085 1343 2154 praesenti
1392 2087 1606 2151 saeculo,
1652 2098 1706 2144 et
1760 2092 1814 2145 in
1878 2090 2062 2148 luturo

485 2171 647 2225 vitam
682 2181 962 2228 :eternam.
994 2174 1258 2244 Numquid
1298 2193 1426 2248 ergo
1456 2187 1511 2233 et
1563 2181 1819 2239 mulieres
1848 2195 2062 2240 centum

485 2265 753 2333 accipiet?
800 2266 996 2323 Etiam.
1036 2268 1273 2325 Tametsi
1319 2271 1632 2331 maledictus
1669 2274 1913 2331 Julianus
1960 2278 2065 2334 hoc

486 2352 742 2408 irriserit.
774 2355 913 2420 Quid
944 2356 1154 2410 confert
1204 2372 1342 2412 uxor
1389 2358 1577 2413 domui
1630 2360 1770 2414 viri?
1821 2361 2061 2419 Omnino

485 2452 642 2497 curat
681 2450 739 2496 ut
772 2442 857 2498 vir
886 2443 1081 2500 habeat
1122 2446 1266 2516 quod
1303 2448 1450 2511 edat,
1488 2448 1684 2518 quibus
1710 2449 1986 2517 induatur,
2009 2460 2064 2506 et

486 2531 679 2586 horum
718 2536 968 2590 omnium
1016 2553 1203 2592 curam
1259 2539 1450 2593 adimit
1500 2540 1638 2596 viro.
1697 2541 1831 2597 Vide
1880 2544 2063 2614 itaque

487 2624 591 2681 huc
641 2627 807 2682 etiam
856 2627 909 2683 in
944 2630 1223 2698 apostolis.
1261 2630 1404 2699 Quot
1437 2633 1692 2690 mulieres
1736 2637 1906 2700 l'uere,
1939 2640 2063 2708 qni-

486 2714 588 2769 bus
616 2730 745 2771 cura
782 2728 902 2772 erat
934 2720 1001 2773 de
1045 2721 1243 2776 amictu
1290 2732 1345 2777 et
1396 2736 1490 2776 esu
1547 2724 1782 2790 illorum,
1832 2735 1887 2782 et
1946 2743 2065 2797 qua:

490 2807 866 2864 ministraruut
908 2810 1009 2878 eis,
1056 2813 1146 2880 qui
1204 2814 1341 2868 nihil
1394 2813 1584 2883 horum
1632 2818 1917 2883 curabant,
1969 2823 2061 2876 sed

486 2898 659 2952 solum
694 2915 996 2955 sermonem
1026 2914 1082 2958 et
1107 2904 1446 2959 doctrinam?
1489 2906 1749 2963 Similiter
1778 2922 1975 2966 matres
2012 2922 2066 2968 et

487 2998 670 3056 patres
703 2992 901 3045 multos
931 2994 1234 3051 habuerunt
1275 2997 1527 3066 apostoli,
1553 3000 1643 3068 qui
1670 3001 1977 3072 diligerent,
2009 3013 2065 3059 et

2163 2080 2462 2147 αἰῶνι,οαὶ
2497 2079 2557 2131 ἐν
2580 2076 2657 2147 τῷ
2687 2077 2965 2147 ἐρχομένῳ
2995 2076 3141 2146 ζωὴν
3168 2075 3410 2129 αἰώνιον.
3437 2069 3572 2144 Ἀρα
3611 2073 3680 2126 οὖν

2164 2170 2261 2225 καὶ
2290 2171 2555 2239 γυναῖκας
2584 2166 3146 2231 ἐκατονταπλασίονας
3167 2166 3438 2236 uallarat;
3465 2165 3557 2219 Ναί
3578 2165 3681 2219 ’κᾶν

2164 2263 2193 2315 ὁ
2249 2261 2555 2331 κατάρατος
2592 2258 2881 2322 Ἰουλιανὸς
2922 2257 3206 2329 ἐκωμῴδει
3247 2257 3404 2310 τοῦτο
3425 2273 3439 2288 ·
3464 2257 3570 2309 εἰπέ
3614 2274 3681 2325 μοι

2165 2354 2298 2423 γάρ,
2337 2353 2388 2407 τί
2424 2351 2790 2423 συμϐάλλεται
2845 2353 2879 2421 ἡ
2907 2350 3046 2420 γυνὴ
3085 2349 3229 2421 πρὸς
3284 2348 3383 2420 τὴν
3431 2348 3586 2403 οἰκίαν
3611 2346 3680 2401 τοῦ

2164 2446 2360 2516 ἀνδρός
2386 2460 2403 2512 ;
2436 2443 2663 2523 Πάντως
2686 2444 3025 2514 ἐπιμελεῖται
3044 2445 3140 2514 τῆς
3169 2443 3381 2513 τροφῆς
3404 2441 3489 2494 τοῦ
3513 2440 3681 2512 ἀνδρὸς,

2163 2538 2271 2591 τῶν
2301 2535 2637 2606 ἐνδυμάτων.
2675 2535 2771 2589 καὶ
2806 2536 2986 2589 πᾶσαν
3013 2536 3370 2605 ἀφροντισίαν
3398 2534 3497 2588 ἀπὸ
3520 2533 3681 2587 τούτων

2165 2629 2288 2699 ἄγει
2317 2630 2345 2681 ὁ
2373 2628 2535 2698 ἀνήρ.
2578 2625 2681 2679 Ἴδε
2713 2626 2891 2680 τοίνυν
2921 2625 3081 2679 τοῦτο
3107 2626 3201 2679 καὶ
3252 2626 3468 2679 ἐπὶτῶν
3501 2622 3682 2680 ἀποστό-

2165 2721 2294 2784 λων,
2331 2719 2493 2773 πόσαι
2521 2719 2779 2787 γυναῖκες
2806 2716 3119 2789 ἐφρόντιζον
3151 2716 3267 2771 τῶν
3301 2716 3586 2787 ἐνδυμάτων
3608 2716 3678 2769 tul

2164 2813 2272 2865 τῶν
2359 2810 2663 2881 βρωμάτων
2739 2809 2919 2862 αὐτῶν
2951 2847 2967 2872 ,
3035 2809 3127 2862 καὶ
3209 2809 3481 2878 διηκόνουν
3541 2809 3679 2868 αὑτοῖς

2170 2902 2393 2974 μηδενὸς
2423 2900 2819 2973 φροντίζουσιν,
2866 2901 2914 2953 εί
2974 2898 3049 2971 μὴ
3086 2900 3252 2970 μόνου
3299 2899 3390 2953 τοῦ
3439 2898 3577 2968 λόγου
3613 2896 3682 2950 καὶ

2167 2998 2265 3065 τῆς
2320 2994 2670 3058 διδασκαλίας
2711 3011 2727 3060 ;
2787 2992 3019 3063 Ὁμοίως
3068 2995 3161 3047 καὶ
3229 2995 3463 3062 πατέρας
3511 2992 3588 3046 καὶ
3613 3009 3682 3061 μην

488 3079 663 3133 amico
696 3080 888 3137 affectu
918 3098 1046 3157 erga
1087 3100 1146 3141 se
1187 3097 1388 3143 essent.
1427 3088 1492 3143 Et
1546 3089 1738 3147 Petrus
1771 3094 1860 3162 qui
1899 3110 2059 3148 uuam

2167 3087 2329 3158 τέρας
2383 3085 2579 3148 πολλὰς
2631 3082 2775 3155 εἶχον
2811 3087 2859 3138 oi
2922 3085 3239 3152 ἀπόστολοι,
3306 3089 3427 3148 τοὺς
3479 3086 3680 3155 ἀγαπῶν-

487 3171 703 3224 domum
759 3173 1070 3242 reliquerat,
1119 3187 1303 3247 postea
1365 3179 1606 3236 omnium
1673 3182 2059 3253 discipulorum

484 3260 677 3318 domos
708 3262 958 3323 habebat.
1007 3266 1069 3322 Et
1115 3285 1255 3326 nunc
1297 3286 1509 3341 quoque
1550 3274 1750 3345 ubique
1794 3286 2061 3332 terrarum

486 3359 666 3402 erecta
699 3361 823 3405 sunt
852 3354 1048 3425 templa
1077 3356 1129 3411 in
1161 3359 1377 3415 nomine
1404 3360 1542 3431 ejus,
1578 3378 1698 3432 quae
1741 3375 1867 3420 sunt
1905 3367 2065 3424 clara:

487 3438 703 3495 domus.
738 3441 801 3496 Et
832 3446 974 3515 quod
1005 3446 1200 3517 majus.
1241 3450 1357 3506 haec
1385 3456 1561 3508 omnia
1593 3455 1646 3509 in
1675 3458 2065 3526 persecutioni-

486 3527 592 3588 bus
622 3534 897 3598 possident
922 3540 1116 3603 sancti,
1145 3540 1245 3596 hoc
1272 3552 1372 3604 est.
1401 3546 1542 3615 quod
1567 3546 1855 3615 dicit,cnm
1882 3563 2066 3617 persc-

489 3622 821 3691 cutionibus,
863 3627 914 3680 id
945 3638 1027 3683 est
1058 3633 1487 3698 persecutionem
1532 3637 1697 3705 passi,
1732 3647 1787 3693 et
1821 3639 1957 3694 male
1991 3639 2068 3697 af-

489 3712 614 3770 fecti
640 3726 802 3787 atque
838 3719 1041 3775 alllit-ti.
1080 3721 1232 3780 Unde
1257 3736 1311 3780 et
1346 3727 1439 3795 qui
1474 3728 1646 3784 ultimi
1700 3730 1757 3785 in
1805 3733 1906 3787 hoc
1961 3748 2064 3789 sre-

488 3807 611 3861 culo
651 3809 899 3866 videntur
937 3823 1158 3885 propter
1187 3815 1501 3875 alllimiones
1536 3830 1592 3876 et
1633 3825 2064 3890 persecutiones,

462 3906 647 3984 xerunt
672 3901 826 3969 primi
864 3914 1082 3973 propter
1110 3922 1259 3977 spem
1312 3908 1365 3962 in
1408 3907 1598 3966 Deum.
1650 3913 1813 3984 227
1874 3913 1977 3969 Sed
2014 3926 2067 3970 et

488 3982 742 4042 Pharisaei
787 3989 875 4058 qui
902 3992 1150 4049 videntur
1184 3996 1383 4066 primi,
1426 3996 1553 4053 lacti
1607 3982 2063 4071 suntﬁpostreuti.

487 4073 588 4140 Qtti
620 4087 796 4133 autem
836 4082 1037 4138 relictis
1074 4087 1324 4143 omnibus
1382 4090 1550 4145 secuti
1594 4102 1718 4147 snut
1792 4092 2066 4150 Christum

487 4164 617 4223 facti
672 4181 798 4227 sunt
824 4174 1002 4241 pritui.

561 4350 728 4409 Vens.
769 4355 954 4414 52-54.
988 4377 1007 4411 r
1064 4358 1232 4416 Erant
1280 4371 1461 4419 autem
1491 4362 1544 4419 in
1578 4367 1664 4420 via
1708 4368 2069 4426 ascendentes

2165 3197 2263 3240 τας
2310 3181 2517 3242 πάντας
2585 3180 2681 3232 καὶ
2717 3178 3082 3248 φιλοστόργως
3137 3180 3279 3250 πρὸς
3332 3180 3514 3237 αὐτοὺς
3570 3178 3681 3246 ἔλον-

2164 3288 2283 3333 τας,
2323 3270 2457 3323 ἀλλὰ
2486 3271 2578 3324 καὶ
2609 3269 2789 3323 οἰκίαν
2826 3269 2953 3339 μίαν
2993 3270 3151 3339 ἀφεὶς
3182 3264 3216 3323 ὃ
3246 3270 3463 3342 Πέτρος,
3508 3268 3681 3339 ὕστερον

2164 3363 2261 3424 τὰς
2291 3361 2508 3415 πάντων
2562 3360 2671 3414 τῶν
2729 3361 2987 3432 μαθητῶν
3014 3361 3183 3416 αὐτοῦ
3239 3362 3412 3426 οἰκίας
3462 3357 3682 3432 εἶχε.Κεί

2166 3452 2261 3506 νῦν
2286 3452 2343 3506 δέ
2374 3452 2839 3523 τοὺςπάπανταχοῦ
2870 3451 2975 3522 γῆς
2997 3453 3160 3517 ναοὺς
3189 3453 3284 3507 ἐπ’
3312 3453 3520 3523 ὀνόματι
3540 3448 3681 3512 αὑτοῦ,

2165 3545 2340 3608 οίκίας
2373 3544 2488 3616 ἔχει
2514 3544 2771 3616 λαμπράς
2794 3560 2808 3576 ·
2836 3546 3015 3599 καὶτὸ
3047 3546 3260 3615 μεῖζον,
3314 3547 3394 3600 ὅτι
3425 3544 3549 3616 μετά
3589 3543 3684 3595 διω-

2167 3637 2323 3707 γμῶν
2359 3634 2533 3690 ταῦτα
2569 3637 2746 3691 πάντα
2793 3636 3229 3708 κληρονομοῦσιν
3260 3638 3312 3690 οἱ
3366 3636 3522 3704 ἅγιοι,
3567 3648 3684 3686 τουτ-

2170 3728 2313 3793 έστι,
2375 3725 2751 3795 διωκόμενοι,
2801 3727 2898 3780 καὶ
2967 3726 3069 3779 οὐκ
3146 3724 3544 3799 εὐπαθοῦντες,
3586 3721 3686 3775 ἀλλά

2168 3818 2497 3888 θλιϐόμενοι.
2544 3817 2709 3871 Ὅθεν
2736 3817 2833 3870 καὶ
2866 3818 2917 3871 οἱ
2951 3816 3173 3888 ἐσχατοι
3231 3819 3291 3871 ἐν
3319 3818 3396 3889 τῷ
3433 3815 3519 3870 νῦν
3563 3813 3683 3866 sitim

2167 3908 2451 3973 δοκοῦντες
2487 3908 2574 3962 διά
2598 3907 2656 3961 τδ
2681 3901 2965 3964 θλίϐεσθαι
3010 3909 3107 3963 καὶ
3155 3909 3467 3970 διώκεσθαι.
3522 3907 3687 3960 ἔσονται

2169 4001 2377 4071 πρῶτοι
2404 4001 2490 4055 διὰ
2522 4002 2621 4073 τὴν
2650 4004 2731 4068 εἰς
2787 4002 2920 4056 Θεὸν
2965 4002 3174 4068 ἐλπίδα,
3202 4002 3341 4058 ἀλλά
3361 4002 3449 4057 καὶ
3476 4001 3520 4053 ol
3561 4001 3686 4067 Φοριο

2171 4096 2333 4161 σαίοι,
2372 4094 2580 4165 πρῶτοι
2607 4094 2779 4159 ὄντες,
2806 4094 3058 4160 ἐγένοντο
3085 4094 3328 4167 ἔσχατοι.
3367 4094 3428 4147 Ol
3467 4092 3517 4145 δέ
3561 4088 3687 4158 ἀφένο

2168 4205 2259 4251 τες
2289 4187 2356 4241 τά
2395 4188 2595 4250 πάντα,
2628 4185 2723 4240 καὶ
2754 4186 3226 4257 ἀκολουθήσαντες
3253 4186 3330 4259 τῷ
3356 4184 3573 4258 Χριστῷ,
3594 4180 3687 4249 lyt-

2169 4295 2320 4332 νοντο
2351 4277 2575 4348 πρῶτοι.

2247 4386 2267 4420 ε
2302 4363 2477 4421 Ἦσαν
2508 4368 2565 4423 δὲ
2597 4370 2655 4421 ἐν
2698 4371 2765 4441 τῇ
2809 4368 2913 4441 ὀδῷ
2950 4368 3340 4433 ἀναϐαίνοντες
3391 4371 3468 4431 είς
3502 4363 3683 4435 Ἰεροσό·

495 4442 862 4517 Hierosolyma
884 4488 901 4514 ,
940 4458 995 4504 et
1037 4452 1376 4520 praecedebat
1427 4455 1545 4511 illos
1576 4454 1758 4523 Jesus,
1792 4468 2059 4530 erantque

2166 4458 2328 4530 λυμα,
2362 4462 2453 4514 καὶ
2482 4456 2550 4532 ἦν
2589 4461 2849 4531 προάγων
2886 4461 3086 4524 αὐτοὺς
3114 4462 3144 4514 ὁ
3174 4459 3405 4532 Ἰησοῦς,
3444 4459 3531 4511 καὶ
3552 4455 3686 4522 ἐθαμ-

493 4535 779 4605 pavel‘acti,
807 4547 860 4595 et
888 4552 1177 4612 sequentes
1204 4545 1483 4604 timebant.
1514 4548 1579 4604 Et
1610 4552 1905 4623 assumptis
1935 4569 2062 4607 rur-

492 4641 614 4682 sum
641 4628 949 4699 duodecim,
983 4634 1149 4704 caapit
1170 4635 1277 4692 illis
1308 4636 1488 4695 dicere
1514 4654 1635 4711 quae
1668 4641 1772 4698 sibi
1800 4654 2063 4699 eventura

493 4731 708 4775 essent:
733 4722 871 4779 Ecce
898 4728 1244 4785 ascendimus
1266 4726 1658 4804 Hierosolyma,
1692 4743 1745 4789 et
1770 4732 1939 4788 Filius
1964 4736 2064 4790 ho-

492 4810 657 4866 minis
689 4816 930 4871 tradetur
964 4818 1301 4889 principibus
1348 4825 1692 4880 sacerdotum
1731 4834 1789 4881 ct
1830 4824 2063 4895 Scribis,

493 4910 551 4958 et
576 4906 1007 4963 condemnabunt
1043 4924 1167 4965 eum
1199 4914 1267 4968 ad
1302 4923 1551 4982 mortem,
1582 4925 1638 4972 et
1664 4917 1878 4973 tradent
1913 4918 2064 4973 illum

495 4997 771 5066 gentibus,
818 5009 870 5054 et
913 5002 1141 5079 illudent
1177 5003 1273 5070 illi,
1314 5016 1370 5061 et
1419 5006 1767 5079 ﬂagellabunt
1817 5024 1963 5077 eum,
2012 5020 2068 5067 et

494 5086 748 5156 inspuent
779 5089 831 5144 in
874 5076 1050 5158 illum,
1079 5104 1135 5151 et
1181 5096 1433 5153 occident
1469 5076 1592 5153 eum
1615 5138 1631 5165 ,
1670 5107 1724 5154 et
1757 5103 1915 5157 tertia
1948 5076 1951 5077 ν
1980 5103 2068 5157 die

495 5190 763 5250 resurget.
789 5200 809 5234 ι
846 5181 1026 5249 Quare
1061 5188 1307 5258 praedicit
1348 5191 1395 5243 ei
1426 5191 1731 5244 eventura?
1760 5191 1834 5248 Ut
1860 5202 2066 5249 mentes

496 5269 879 5340 discipulorum
929 5289 1218 5348 praeparet,
1269 5296 1376 5350 quo
1426 5281 1578 5350 prius
1610 5283 1795 5337 audita
1852 5283 2065 5339 facilius

497 5358 693 5430 ferant,
725 5373 782 5418 et
827 5382 931 5421 non
966 5381 1186 5438 repente
1215 5371 1580 5440 percellantur
1598 5373 1803 5428 animo.
1840 5372 2069 5443 Insuper

500 5463 560 5507 ut
586 5454 762 5511 sciant
782 5459 925 5528 quod
957 5462 1296 5520 voluntarius
1332 5466 1588 5535 patiatur.
1631 5466 1761 5519 Nam
1801 5467 1892 5536 qui
1930 5482 2069 5535 pras-

502 5549 673 5618 novit,
703 5561 756 5606 et
783 5552 1018 5625 eﬂ'ugere
1051 5568 1251 5628 potest,
1280 5569 1335 5615 et
1367 5576 1471 5615 non
1510 5560 1643 5631 fugit
1674 5577 1691 5618 :
1721 5561 2065 5617 manifestum

502 5642 645 5712 quod
678 5644 1041 5702 voluntarium
1078 5664 1136 5705 se
1184 5652 1527 5720 passiouihus
1553 5663 1807 5721 exponat.
1828 5652 2067 5709 Seorsim

508 5740 685 5790 autem
715 5738 942 5796 assumit
964 5739 1280 5813 discipulos,
1308 5752 1362 5800 et
1391 5758 1510 5799 cum
1536 5744 1667 5801 solis
1689 5744 1792 5802 illis
1810 5745 2064 5816 loquitur.

2165 4550 2374 4614 ϐοῦντο,
2399 4553 2491 4605 καὶ
2540 4552 2962 4616 ἀκολουθοῦντες
2993 4553 3295 4622 ἐφοϐοῦντο
3319 4568 3333 4583 ο
3366 4552 3455 4605 καὶ
3483 4546 3689 4617 παραλα-

2167 4642 2275 4695 ϐὼν
2305 4643 2467 4696 πάλιν
2512 4644 2638 4708 τοὺς
2680 4644 2887 4698 δώδεκα
2910 4685 2931 4710 ,
2976 4645 3182 4715 ἡρξατο
3235 4646 3418 4708 αὐτοῖς
3444 4642 3602 4710 λέγειν
3637 4634 3688 4690 τὰ

2169 4735 2430 4806 μέλλοντα
2465 4736 2615 4808 αὐτῷ
2672 4738 3028 4807 συμϐαίνεινο
3077 4739 3160 4792 ὅτι
3213 4737 3343 4793 Ἰδοὺ
3379 4732 3688 4800 ἀναϐαίνομεν

2164 4829 2240 4892 είς
2276 4828 2648 4899 Ἰεροσόλυμα,
2677 4828 2774 4883 καὶ
2800 4829 2829 4883 ὁ
2860 4828 2988 4894 Υίδς
3016 4829 3111 4884 τοῦ
3130 4829 3416 4901 ἀνθρώπου
3429 4819 3688 4897 παραδοθή⁶

2168 4934 2319 4973 σεται
2351 4921 2463 4983 τοὶς
2492 4919 2817 4993 ἀρχιερεῦσι
2857 4922 2954 4976 καὶ
2989 4919 3380 4992 Γραμματεῦσι
3401 4959 3415 4984 ,
3446 4919 3529 4971 καὶ
3555 4926 3687 4967 κατε-

2168 5010 2445 5083 κρινοῦσιν
2492 5014 2660 5067 αὐτὸν
2694 5013 2912 5083 θανάτῳ
2931 5054 2949 5081 ,
2997 5012 3096 5067 καὶ
3139 5011 3538 5085 παραδώσουσιν
3562 5000 3688 5059 αὑτὸν

2166 5105 2279 5167 τοῖς
2305 5103 2509 5170 ἔθνεσι,
2533 5103 2629 5157 καὶ
2657 5103 3019 5184 ἐμπαίξουσιν
3044 5103 3218 5173 αὐτῷ,
3247 5104 3339 5156 καὶ
3370 5095 3689 5172 μαστιγώσου-

2170 5211 2253 5249 σιν
2282 5196 2463 5259 αὑτδν,
2499 5197 2595 5249 καὶ
2629 5195 3002 5266 ἐμπτύσουσιν
3050 5196 3198 5267 αὐτῷ
3224 5196 3314 5249 καὶ
3355 5185 3688 5249 ἀποκτενοῦσιν

2167 5287 2350 5353 αὑτὸν,
2393 5288 2485 5340 καὶ
2530 5289 2596 5358 τῇ
2635 5286 2795 5359 τρίτῃ
2836 5288 3023 5359 ἡμέρᾳ
3069 5288 3447 5358 ἀναστήσεται.
3503 5300 3520 5334 ι
3564 5277 3684 5335 Τίνος

2166 5379 2353 5434 ἕνεκεν
2387 5379 2645 5451 προλέγει
2689 5380 2759 5433 τὰ
2796 5381 3061 5451 μέλλοντα
3095 5380 3245 5450 αὖτῷ
3264 5376 3586 5448 συμϐαίνειν;
3610 5366 3684 5420 Διὶ

2167 5471 2231 5525 τὸ
2262 5472 2622 5543 προομαλίσαι
2673 5472 2781 5525 τῶν
2823 5471 3082 5543 μαθητῶν
3134 5471 3231 5543 τὴν
3277 5470 3521 5560 διάνοιαν,
3564 5459 3682 5560 eos?

2170 5563 2629 5632 προακούσαντες,
2682 5563 3059 5634 εύφορὼτερον
3101 5563 3386 5631 ἐνέγκωσι,
3426 5553 3597 5627 καὶμὴ
3622 5553 3681 5618 τῷ

2170 5653 2351 5725 ἀθρόῳ
2385 5653 2826 5724 καταπλαγῶσι,
2865 5655 2957 5708 καὶ
3007 5654 3157 5709 ὡσάν
3190 5654 3374 5707 είδεῖεν
3399 5692 3414 5716 ,
3458 5650 3530 5702 ὅτι
3571 5639 3683 5697 ἑκὼν

2173 5746 2389 5817 πάσχει.
2430 5744 2491 5801 Ὀ
2531 5748 2641 5820 γὰρ
2671 5746 2937 5819 προειδὼς
2984 5750 3076 5803 καὶ
3119 5748 3406 5819 δυνάμενος
3446 5733 3678 5812 ἐκφυγιτνι
