3866 6448
177 356 290 418 6θὸ

901 359 1344 422 ENARRATIO
1386 361 1467 421 IN
1509 362 2004 426 EVANGELIUM
2046 366 2306 428 MARCI.
2339 394 2404 404 --
2446 370 2601 432 CAP.
2639 366 2711 430 X.

3344 369 3450 434 606

180 472 263 544 μὴ
311 471 534 542 φεύγων
581 472 638 526 δὲ
665 515 680 539 ,
736 472 1004 544 πρόδηλον
1046 474 1122 538 ὡς
1167 476 1434 540 ἑκουσίως
1491 477 1773 532 ἐκδίδωσιν

1890 481 2162 536 Secretum
2188 485 2331 537 enim
2368 469 2682 554 mysterium
2719 495 2834 538 erat
2864 483 3063 552 passio,
3089 483 3230 551 quod
3285 484 3450 536 fanti‘

177 565 381 618 ὲαυτὸν
409 566 522 626 τοῖς
547 565 793 620 πάθεσιν.
845 564 978 636 ’ἰδίᾳ
1014 565 1071 618 δὲ
1118 567 1455 637 παραλαϐὼν
1508 569 1636 632 τοὺς
1671 588 1768 639 μα-

178 657 377 728 θητὰς,
414 658 600 728 μόνοις
627 658 815 721 αὐτοῖς
850 660 1180 728 διαλέγεται.
1215 662 1535 732 Μυστήριον
1576 664 1682 734 γὰρ
1712 662 1770 716 ὃν

173 749 244 801 τὸ
274 749 472 812 πάθος,
510 752 622 813 τοῖς
646 750 999 821 οἰκειοτέροις
1035 752 1142 803 ἔδει
1169 753 1644 823 ἀποκαλυφθῆναι.
1671 755 1772 809 Διά

177 840 350 893 τοῦτο
381 840 514 908 γοῦν
549 842 638 894 καὶ
671 840 1043 911 προλαμϐάνει
1068 841 1282 906 πάντας
1317 845 1375 895 ὲν
1395 847 1460 913 τῇ
1492 843 1616 914 ὁδῷ,
1646 845 1771 914 βουο

180 932 412 1000 λόμενος
430 932 772 1002 ἀποχωρίσαι
792 931 887 984 τοῦ
917 932 1076 987 ἄλλου
1101 933 1340 1003 πλήθους
1360 937 1486 998 τοὺς
1520 936 1770 1007 μαθητὰς

184 1021 377 1075 αὑτοῦ.
427 1022 580 1091 Ἀμα
625 1021 720 1074 καὶ⁸
779 1021 869 1074 διὰ
924 1021 1016 1074 τοῦ
1074 1022 1340 1094 προάγειν
1400 1025 1615 1089 πάντας
1676 1026 1770 1079 καὶ

183 1114 524 1186 προφθάνειν
555 1116 613 1166 ὲν
638 1115 703 1183 τῇ
735 1112 839 1183 όδῷ
862 1153 877 1176 ,
915 1113 1187 1168 δείκνυσιν
1220 1116 1302 1168 ὅτι
1333 1116 1661 1187 προστρέχει
1693 1116 1771 1188 τῷ

183 1207 377 1270 πάθει,
409 1208 502 1259 καὶ
531 1207 630 1259 οὐκ
674 1207 977 1274 ἀποφεύγει
1023 1207 1124 1278 τὴν
1176 1208 1317 1280 ὑπὲρ
1349 1209 1450 1280 τῆς
1493 1211 1772 1281 ἡμετέρας

1875 572 2185 628 liarioribus
2216 574 2475 630 duntaxat
2523 574 2869 629 revelaudum
2899 583 3036 638 erat,
3066 586 3116 627 et
3158 583 3448 644 propterea

1874 663 1928 718 in
1957 665 2040 718 via
2057 680 2247 721 omnes
2279 667 2554 735 praecedit,
2594 666 2781 720 volens
2813 683 2841 720 a
2901 667 3243 720 multitudine
3269 681 3450 737 segreo

1874 771 2002 827 gare
2033 758 2342 827 discipulos.
2390 757 2614 828 insuper
2647 774 2742 828 per
2775 759 2876 812 hoc
2904 759 3044 826 quod
3083 773 3270 810 onmes
3305 772 3448 827 prm-

1874 849 2019 905 cedit
2056 861 2110 903 et
2142 852 2400 918 praevenit
2432 852 2484 904 in
2519 852 2605 904 via
2638 892 2652 916 ,
2699 850 2934 904 ostendit
2971 852 3111 917 quod
3144 851 3208 901 ad
3242 850 3453 918 passio-

1877 955 1999 994 nem
2027 953 2368 1007 accurrat,et
2393 959 2495 997 non
2524 942 2694 1011 fugiat
2721 952 2944 996 mortem
2966 953 3183 1011 propter
3211 952 3449 996 nostrain

1877 1032 2129 1087 salutem.
2175 1034 2432 1100 Quamvis
2483 1043 2662 1090 autem
2699 1035 2863 1088 multa
2905 1046 3187 1088 enumerat
3235 1049 3450 1102 aspera,

1879 1124 2120 1177 omnium
2163 1135 2340 1180 tamen
2417 1126 2630 1180 illorum
2689 1125 2958 1180 sullirieus
3022 1126 3323 1181 consolatio
3371 1134 3453 1180 est

1883 1228 2048 1268 unum
2083 1217 2205 1282 boc,
2239 1218 2378 1285 quod
2421 1219 2576 1272 tertia
2609 1217 2695 1272 die
2727 1227 2993 1285 resurget.

184 1297 470 1368 σωτηρίας
496 1299 764 1369 νέκρωσιν
783 1299 878 1352 ’πλ
890 1301 956 1371 ὴν
985 1301 1033 1353 εί
1055 1301 1146 1355 καὶ
1171 1302 1240 1355 τὰ
1260 1303 1562 1374 σκυθρωπά
1629 1304 1811 1358 πάντα
1882 1307 2197 1376 καταλέγει,
2220 1310 2336 1366 ἀλλ’
2367 1307 2459 1364 οὖν
2491 1310 2705 1365 πάντων
2722 1311 2944 1364 ἐκείνων
2976 1309 3300 1381 παραμυθία
3335 1308 3453 1379 μία,

182 1392 271 1456 τὸ,
310 1394 435 1446 Καὶ
472 1395 540 1464 τῇ
559 1395 716 1466 τρίτῃ
743 1394 927 1466 ἡμέρᾳ
958 1397 1345 1466 ἀναστήσεται.

262 1506 283 1540 ι
327 1487 438 1542 Καὶ
463 1489 934 1559 προσπορεύονται
967 1490 1115 1561 αὐτῷ
1156 1491 1416 1555 Ἰάκωϐος
1443 1494 1540 1545 καὶ
1583 1491 1768 1546 Ἰωάνα

184 1596 309 1648 νης,
337 1581 386 1632 oi
416 1580 523 1633 uiui
545 1581 858 1644 Ζεϐεδαίου,
885 1581 1138 1650 λέγοντες
1156 1597 1172 1612 ⁸
1198 1583 1520 1647 Διδάσκαλε,
1543 1583 1773 1653 θέλομεν

185 1672 276 1725 ἵνα
309 1673 339 1725 6
375 1672 471 1725 ὲάν
496 1672 828 1742 αἰτήσωμεν,
865 1676 1097 1746 ποιήσῃς
1121 1676 1272 1746 ἡμῖν.
1318 1675 1378 1728 '0
1409 1675 1464 1729 δὲ
1492 1672 1644 1730 εἶπεν
1674 1676 1776 1728 αῦ-

185 1764 303 1826 τοῖς
328 1780 344 1796 ο
374 1763 440 1816 Τί
469 1761 650 1815 Θέλετε
674 1763 896 1833 ποιῆσαί
930 1781 995 1833 με
1037 1765 1166 1836 ὑμῖν
1195 1783 1210 1832 ;
1243 1766 1305 1818 Οί
1334 1765 1391 1819 δὲ
1419 1763 1569 1819 εἶπον
1596 1763 1771 1836 αῦτῷ⁹

1953 1492 2117 1545 Vens.
2153 1489 2346 1544 55-59.
2389 1508 2407 1540 ι
2445 1488 2507 1542 Et
2546 1489 2811 1542 accedunt
2853 1487 2918 1541 ad
2949 1501 3069 1541 eum
3124 1484 3361 1540 Jacobus
3399 1495 3456 1541 et

1877 1582 2134 1645 Joannes,
2175 1582 2266 1634 lilii
2307 1580 2570 1645 Zebedrei,
2612 1581 2888 1634 dicentes:
2927 1578 3256 1646 Praeceptor,
3299 1577 3455 1631 volu-

1885 1691 2004 1730 mus
2043 1686 2100 1729 ut
2129 1674 2385 1743 quidquid
2418 1674 2750 1742 petierimus,
2796 1671 2962 1726 facias
2994 1671 3167 1724 nobis.
3211 1669 3302 1724 Ille
3327 1685 3456 1724 vero

1890 1767 2014 1821 dicit
2045 1767 2122 1821 eis
2152 1785 2165 1820 :
2197 1764 2331 1830 Quid
2382 1779 2465 1818 me
2498 1763 2656 1816 vultis
2678 1763 2852 1817 facere
2882 1762 3065 1817 vobis?
3110 1761 3184 1815 llli
3219 1777 3344 1815 vero
3373 1761 3455 1813 di-

185 1854 289 1917 Δὸς
320 1855 454 1923 ἡμῖν
493 1854 580 1907 ἵνα
602 1849 681 1913 εἷς
701 1855 766 1907 ὲκ
789 1854 978 1920 δεξιῶν
1012 1873 1126 1921 σου,
1155 1857 1249 1911 καὶ
1276 1852 1355 1921 εἷς
1388 1857 1445 1924 ὲξ
1482 1858 1779 1927 εὐωνύμων

1890 1867 2078 1912 xerunt
2109 1857 2158 1910 ei
2195 1875 2210 1912 :
2247 1856 2319 1910 Da
2353 1857 2508 1911 nobis
2538 1868 2594 1908 ut
2625 1871 2769 1932 unus
2801 1854 2891 1906 tibi
2923 1872 2951 1906 a
2979 1852 3203 1914 dextris,
3235 1863 3288 1907 et
3319 1851 3456 1905 alter

189 1959 288 1998 σου
324 1943 655 2014 καθήσωμεν
689 1945 746 1996 ἐν
779 1948 847 2016 τῇ
877 1945 1002 2018 δόξῃ
1029 1964 1148 2002 σου.
1191 1947 1249 2002 'O
1286 1948 1343 2003 δὲ
1383 1949 1591 2019 Ἰησοῦς
1621 1945 1775 2002 εἶπεν

187 2038 404 2100 αὐτοῖς·
426 2037 540 2090 Οὐκ
567 2036 746 2090 οῐδατε
776 2039 830 2090 τί
848 2039 1113 2094 αἰτεῖσθε.
1139 2039 1381 2094 Δύνασθε
1410 2043 1555 2095 πιεῖν
1585 2042 1646 2096 τὸ
1677 2059 1777 2095 πο-

185 2128 383 2200 τήριον
408 2128 436 2182 6
456 2127 569 2196 ἐγὼ
596 2129 758 2195 πίνω,
788 2130 886 2183 καὶ
913 2130 972 2183 τὸ
1002 2130 1289 2203 βάπτισμα
1318 2131 1347 2185 ὃ
1373 2132 1484 2201 ἐγὼ
1513 2132 1774 2203 βαπτίζο-

192 2237 315 2290 μαι.
351 2220 718 2290 βαπτισθῆναι
743 2238 759 2290 ;
788 2221 851 2274 Οἳ
906 2223 965 2277 δὲ
1013 2219 1166 2277 εἷπον
1219 2225 1392 2296 αὐτῷ’
1426 2226 1766 2294 Δυνάμεθα.»

192 2311 390 2375 ’Δλλος
407 2313 802 2384 εύαγγελιστής
824 2331 991 2383 φησιν
1007 2316 1089 2369 δτι
1120 2318 1154 2388 ἡ
1191 2318 1373 2388 μήτηρ
1395 2317 1574 2371 αὐτῶν
1605 2335 1775 2388 προσ-

188 2405 323 2475 ῆλθε
367 2403 448 2476 τῷ
488 2404 730 2475 Χριστῷ.
788 2407 945 2471 Εἰκὸς
999 2407 1060 2462 δέ
1120 2411 1270 2464 ἐστιν
1301 2409 1590 2482 ἀμφότερα
1631 2410 1782 2478 γενέ-

190 2499 353 2554 «ﬂat:
390 2502 637 2566 καὶτοὺς
691 2501 1023 2566 ἀποστόλους
1092 2501 1514 2573 αἰσχυνομένους
1566 2503 1775 2574 προσα-

188 2592 384 2646 λέσθαι
416 2595 516 2664 τὴν
550 2594 760 2665 μητέρα
787 2594 965 2648 αὐτῶν
986 2635 1001 2661 ,
1034 2590 1157 2648 εἶτα
1189 2594 1286 2648 καὶ
1319 2594 1518 2658 αὐτοὺς
1540 2595 1778 2666 προσελ-

191 2683 308 2738 θεῖν
367 2683 515 2756 ίδία’
556 2685 636 2738 διὸ
682 2687 780 2740 καὶ
828 2689 857 2741 ὁ
907 2687 1305 2759 εῦαγγελιστὴς
1353 2688 1778 2758 ἐπισημαίνεται

189 2778 374 2844 τοῦτο,
401 2777 574 2847 λέγων
593 2795 608 2811 ·
637 2780 1136 2850 Προσπορεύονται,
1167 2781 1288 2836 ἀντὶ
1320 2780 1436 2849 τοῦ,
1475 2781 1580 2849 ίδίᾳ
1612 2797 1780 2850 προσ⁹

191 2868 475 2939 έρχονται,
527 2868 639 2921 τῶν
701 2869 877 2923 ἄλλων
910 2870 1411 2940 ἀποχωρισθέντες.
1455 2871 1521 2922 Τί
1561 2869 1619 2922 δὲ
1661 2866 1782 2940 ἦνδ

191 2959 440 3031 ᾐτοῦντο,
474 2959 758 3030 μάθωμεν.
791 2959 1076 3030 Ἐνόμιζον
1106 2961 1189 3013 ὅτι
1218 2961 1377 3013 τοῦτο
1415 2959 1444 3012 6
1487 2960 1780 3030 ἀνέρχεται

193 3053 274 3113 εἰς
310 3049 680 3120 Ἱεροσόλυμα.
707 3049 794 3103 διὰ
822 3051 882 3103 τὸ
908 3049 1252 3120 βασιλεύσειν
1272 3050 1562 3121 ἀνέρχεται
1591 3050 1784 3120 αἰσθη-

192 3139 292 3210 τὴν
323 3137 621 3209 βασιλείαν.
649 3140 758 3192 Καὶ
785 3140 923 3208 μετά
951 3139 1012 3192 τὸ
1029 3139 1366 3209 βασιλεῦσαι,
1387 3141 1510 3192 τότε
1532 3139 1780 3192 πείσεται

194 3231 231 3286 6.
263 3231 464 3302 ἔμελλε
517 3232 732 3286 παθεῖν.
771 3230 958 3286 Ταῦτα
997 3229 1091 3286 οὖν
1121 3232 1453 3296 ἐννοοῦντες,
1493 3231 1774 3284 αἰτοῦνται

196 3325 294 3379 καὶ
345 3327 444 3396 τὴν
477 3328 542 3380 ὲκ
571 3326 762 3393 δεξιῶν
803 3327 899 3380 καὶ
931 3328 1031 3398 τὴν
1069 3329 1126 3394 ἐξ
1152 3327 1448 3396 εὐωνύμων
1486 3326 1778 3398 καθέδραν·

193 3416 278 3470 διὸ
304 3417 405 3470 καὶ
435 3420 464 3471 ό
501 3418 710 3490 Κύριος
737 3421 968 3490 ἐπιτιμᾷ
997 3419 1182 3482 αὐτοῖς
1208 3419 1284 3483 ὡς
1323 3419 1551 3488 ἀνόητόν
1596 3436 1646 3474 τι
1687 3419 1784 3489 ζη-

195 3511 403 3566 τοῦσιν.
427 3512 542 3566 υῦκ
568 3513 744 3566 οἴδατε
767 3512 900 3584 γάρ,
930 3514 1086 3584 φησὶ,
1105 3514 1158 3566 τί
1175 3513 1436 3568 αἰτεῖσθε.
1469 3513 1660 3584 Ὑμεῖς
1676 3514 1786 3583 γὰρ

194 3606 454 3674 νομίζετε
501 3605 770 3677 αἰσθητὴν
827 3603 967 3659 εἶναι
1019 3607 1121 3677 τὴν
1172 3607 1311 3676 ἐμὴν
1351 3605 1652 3675 βασιλείαν,
1689 3607 1784 3658 καὶ

193 3696 469 3766 αἰσθητὴν
491 3695 591 3768 τὴν
615 3697 888 3768 καθέδραν
921 3699 1182 3752 αἰτεῖσθε.
1214 3699 1327 3751 Οὐκ
1356 3697 1469 3750 ἔστι
1497 3698 1554 3750 δὲ
1586 3697 1743 3749 τοῦτο
1767 3711 1784 3730 ο

191 3787 336 3842 ἀλλά
368 3788 544 3843 ταῦτα
582 3790 763 3845 πάντα
796 3791 937 3860 ὑπὲρ
976 3790 1101 3844 νοῦν
1137 3793 1262 3844 είσι.
1307 3791 1422 3844 Καὶ
1470 3790 1530 3842 τὸ
1562 3789 1784 3842 καθίσαι

192 3882 262 3934 ὲκ
293 3880 488 3945 δεξιῶν
521 3898 622 3952 μου
691 3881 836 3952 μέγα
863 3882 1001 3948 ἐστὶ,
1038 3882 1131 3936 καὶ
1157 3882 1256 3945 τὰς
1282 3881 1579 3950 ἀγγελικάς
1617 3881 1787 3950 ὑπερ·

195 3972 389 4027 σαῖνον
421 3973 608 4039 τάξεις
629 4015 645 4040 ,
678 3975 772 4028 καὶ
805 3975 962 4045 ὑμεῖς
996 3975 1095 4044 μὲν
1144 3975 1238 4028 ἐπὶ
1280 3975 1438 4041 δόξαν
1494 3975 1784 4044 κεχήνατε,

191 4063 314 4133 ἐγὼ
346 4064 405 4117 δὲ
427 4067 507 4128 εἰς
557 4064 786 4118 θάνατον
828 4065 988 4135 ὑμᾶς’
1012 4065 1181 4119 καλῶ.
1237 4067 1503 4136 Ποτήριον
1551 4065 1660 4135 γὰρ
1690 4064 1787 4117 καὶ

192 4155 493 4226 βάπτισμα
544 4157 638 4209 τὸν
671 4156 904 4228 σταυρὸν
947 4155 1234 4226 ὀνομάζει·
1265 4159 1522 4226 ποτήριον
1552 4157 1678 4227 μὲν,
1714 4155 1789 4219 ὡς

191 4253 280 4313 εἰς
307 4249 476 4302 ὕπνον
510 4249 670 4311 εὐθὺς
700 4249 832 4316 ἄγον
871 4249 964 4301 καὶ
989 4248 1063 4311 ὡς
1087 4248 1258 4318 ἡδέως
1287 4249 1378 4300 ὑπ’
1399 4248 1565 4302 αὑτοῦ
1614 4265 1788 4318 προσ-

193 4340 396 4412 δεχθέν
419 4357 434 4371 ⁶
470 4340 755 4410 βάπτισμα
788 4340 864 4403 δὲ,
896 4340 972 4404 ῶς
1005 4340 1343 4411 καθαρισμὸν
1375 4340 1481 4393 τῶν
1509 4339 1790 4409 ἁμαρτιῶν

197 4436 607 4506 ποιησάμενον·
642 4436 692 4487 οί
716 4434 793 4500 δε,
829 4433 904 4504 μὴ
930 4433 1224 4504 νοήσαντες
1249 4432 1302 4485 τί
1321 4432 1490 4498 λέγοι,
1521 4433 1789 4502 ὑπέσχον-

1889 1952 1985 2006 tibi
2014 1967 2041 2004 a
2078 1951 2319 2006 sinisu'is
2341 1951 2623 2003 sedeamus
2651 1949 2701 2001 in
2728 1948 2896 2017 gloria
2928 1957 3039 2002 tua.
3067 1945 3224 2000 Jesus
3275 1954 3458 1999 autem

1889 2045 2024 2099 dixit
2048 2044 2156 2098 illis
2185 2060 2199 2097 :
2239 2042 2469 2096 Nescitis
2491 2041 2616 2109 quid
2642 2041 2858 2109 petatis.
2895 2039 3125 2093 Potestis
3157 2038 3342 2091 bibere
3373 2050 3462 2104 ρο·
3571 2091 3593 2112 ο

1879 2135 2058 2190 culum
2093 2134 2236 2204 quod
2265 2149 2364 2204 ego
2396 2135 2552 2197 bibo,
2584 2141 2638 2185 et
2667 2131 2992 2200 baptismate
3023 2142 3131 2197 quo
3160 2143 3262 2197 ego
3295 2125 3462 2195 bapti-

1879 2243 1975 2282 zor
2021 2227 2280 2296 baptizari
2324 2225 2449 2278 ?At
2507 2224 2581 2277 illi
2633 2224 2885 2278 dixerunt
2921 2222 2969 2276 ei
3014 2237 3031 2275 :
3075 2221 3388 2274 Pus-sumus.
3435 2237 3455 2271 ι

1880 2320 2033 2375 Alius
2055 2319 2379 2389 evangelista
2409 2317 2541 2371 dicit
2571 2315 2710 2384 quod
2737 2325 2908 2369 mater
2934 2314 3146 2368 illorum
3172 2312 3465 2367 accesserit

1887 2413 1953 2467 ad
1972 2412 2272 2466 Christum.
2301 2407 2607 2464 Verisimile
2630 2415 2810 2462 autem
2831 2416 2912 2462 est
2929 2416 3218 2474 utrumque
3239 2406 3461 2469 lacum,

1879 2509 1934 2556 et
1981 2498 2257 2569 aposmlos
2287 2499 2492 2568 pudore
2539 2500 2772 2567 quodam
2827 2506 3052 2550 matrem
3104 2496 3460 2565 prmmisisse,

1883 2603 1938 2650 et
1959 2592 2152 2648 deinde
2190 2593 2337 2661 ipsos
2372 2591 2597 2645 seorsim
2633 2589 2870 2643 adiisse:
2906 2589 3108 2644 idcirco
3140 2598 3196 2643 et
3228 2602 3465 2658 evange—

1881 2686 2005 2740 lista
2029 2686 2272 2755 assignat
2293 2683 2414 2745 hoc,
2445 2683 2630 2736 dicens
2659 2696 2674 2735 :
2707 2680 3007 2745 Accedunt,
3042 2679 3145 2735 hoc
3183 2689 3289 2744 est,
3313 2692 3467 2733 seor-

1883 2777 1984 2830 sim
2005 2775 2222 2835 adeunt.
2250 2775 2317 2827 ab
2341 2773 2462 2827 aliis
2485 2771 2770 2841 segregati.
2795 2769 2933 2838 Quid
2956 2771 3119 2841 igitur
3139 2769 3302 2824 fuerit
3322 2770 3463 2839 quod

1886 2866 2176 2935 petierunt,
2211 2865 2508 2920 discamus.
2540 2861 2866 2932 Cogitabam
2895 2863 3036 2930 quod
3063 2865 3381 2916 ascenderet
3409 2860 3462 2914 in

1889 2957 2258 3026 Hierosolyma
2289 2969 2347 3012 ut
2373 2965 2694 3027 regnaturus
2711 2955 2989 3021 temporali
3009 2954 3240 3024 quodam
3271 2968 3464 3022 regno,

1888 3057 1944 3104 et
1975 3059 2260 3119 postquam
2297 3057 2598 3119 regnasset,
2636 3063 2894 3118 passurus
2923 3057 3068 3102 esset
3097 3060 3159 3099 ea
3184 3046 3248 3100 de
3267 3046 3463 3115 quibus

1890 3142 2123 3197 dicebat.
2159 3141 2308 3194 Talia
2352 3156 2535 3195 secum
2565 3140 2890 3208 cogitantes,
2929 3138 3239 3207 petiverunt
3279 3139 3463 3192 sedem

1888 3244 1941 3286 et
1970 3248 1999 3285 a
2027 3231 2234 3285 dextris
2251 3241 2302 3285 et
2333 3248 2360 3282 a
2394 3232 2666 3284 sinistris:
2694 3231 2896 3284 idcirco
2919 3240 2974 3284 et
3008 3229 3266 3284 Dominus
3290 3229 3469 3282 incre-

1889 3335 1982 3395 pat
2007 3340 2099 3379 eos
2128 3335 2380 3392 tanquam
2398 3325 2620 3379 stultum
2655 3324 2913 3392 quiddam
2944 3331 3206 3391 potentes.
3232 3320 3468 3377 Nescitis

1887 3418 2054 3482 enim,
2092 3417 2288 3485 inquit,
2321 3417 2448 3485 quid
2480 3415 2697 3485 petatis.
2730 3415 2837 3471 Vos
2870 3417 3013 3470 enim
3046 3417 3273 3472 creditis
3293 3416 3468 3470 sensi-

1886 3509 1994 3564 bile
2025 3509 2294 3578 quoddam
2353 3522 2531 3560 meum
2583 3489 2806 3574 regnum
2846 3521 2989 3571 esse,
3019 3521 3075 3561 et
3111 3506 3466 3576 temporalem

1889 3603 2070 3655 sedem
2117 3600 2302 3669 petitis
2334 3617 2348 3654 :
2381 3609 2434 3652 at
2473 3613 2561 3653 res
2605 3615 2709 3653 non
2746 3601 2817 3652 ita
2849 3614 2908 3652 se
2943 3599 3125 3664 habet,
3159 3601 3253 3653 sed
3287 3598 3470 3654 omnia

1889 3691 2003 3744 haec
2022 3705 2182 3758 supra
2216 3699 2449 3742 mentem
2480 3689 2712 3741 hominis
2729 3698 2874 3742 sunt.
2901 3688 2961 3740 Et
2991 3689 3184 3742 sedere
3206 3703 3236 3741 a
3260 3689 3466 3742 dextris

1897 3783 2051 3844 meis,
2086 3795 2337 3850 magnum
2369 3790 2474 3844 est,
2505 3781 2720 3848 etquod
2748 3780 2964 3834 excellit
3002 3780 3165 3833 etiam
3198 3780 3472 3850 angelicas

1889 3874 2142 3926 ordines:
2176 3872 2342 3942 228
2371 3881 2421 3926 et
2454 3886 2551 3925 vos
2573 3873 2787 3941 quidem
2819 3873 2885 3924 ad
2915 3872 3143 3940 gloriam
3179 3871 3470 3937 feSIinatis,

1889 3981 1988 4036 ego
2013 3977 2193 4018 autem
2249 3966 2315 4018 ad
2363 3974 2592 4020 mortem
2625 3979 2720 4019 vos
2751 3977 2902 4018 voco.
2949 3963 3210 4019 Pocnlum
3241 3963 3384 4017 enim
3415 3973 3472 4018 et

1892 4056 2158 4124 baptisma
2190 4069 2406 4109 crucem
2443 4053 2710 4109 nominat.
2749 4053 3004 4109 Poculuin
3037 4053 3294 4122 quidem,
3325 4055 3472 4123 quod

1891 4149 2074 4202 statim
2119 4162 2368 4202 somnum
2400 4149 2682 4211 conciliet,
2720 4159 2775 4202 et
2825 4149 2968 4217 quod
2999 4148 3065 4201 ab
3115 4147 3233 4216 ipso
3273 4162 3473 4217 magna

1892 4255 2011 4297 Cum
2047 4241 2314 4296 suavitate
2341 4250 2625 4308 sumatur;
2665 4241 2930 4310 baptisma
2959 4249 3160 4304 autem,
3202 4244 3344 4311 quod
3386 4240 3474 4297 {u-

1895 4343 2015 4388 tura
2044 4343 2190 4388 esset
2217 4343 2566 4403 peccatorum
2602 4335 2924 4402 puriﬁcatio.
2960 4340 3029 4388 At
3073 4334 3126 4388 hi
3178 4351 3282 4389 non
3314 4335 3474 4389 intel-

1895 4428 2129 4498 ligentes
2167 4427 2294 4498 quid
2351 4428 2558 4482 diceret
2615 4427 2839 4496 polliciti
2898 4437 3042 4482 sunt.
3105 4427 3475 4495 Opinabantur

197 4545 288 4595 το,
329 4529 646 4598 νομίζοντες
679 4527 859 4596 λέγειν
893 4529 1022 4598 περὶ
1055 4525 1317 4596 ποτηρίου
1370 4525 1661 4595 αἰσθητοῦ,
1697 4525 1781 4578 καὶ

1897 4521 2039 4576 enim
2065 4536 2186 4577 eum
2203 4521 2343 4590 loqui
2361 4521 2425 4574 de
2446 4518 2636 4589 poculo
2653 4518 2985 4583 sensibili,et
3006 4519 3331 4587 baptismate
3363 4535 3476 4587 quo

202 4623 590 4692 βαπτίσματος
638 4621 734 4693 οἴῳ
764 4620 1121 4684 ἐϐαπτίζοντο
1153 4621 1202 4672 oi
1244 4617 1521 4683 Ἰουδαῖοι,
1556 4618 1662 4690 πρὸ
1693 4616 1788 4671 τοῦ

202 4717 408 4784 φαγεῖν
431 4713 781 4785 πλυνόμενοι.

283 4825 304 4859 ι
352 4807 411 4858 Ὀ
441 4805 500 4860 δὲ
551 4805 758 4876 Ἰησοῦς
799 4799 951 4857 εἶπεν
981 4804 1194 4864 αὐτοῖς’
1219 4803 1292 4855 Τὸ
1326 4804 1424 4873 μὲν
1455 4805 1716 4873 ποτήριον
1764 4800 1792 4853 6

204 4899 322 4970 ἐγὼ
345 4901 513 4961 πίνω,
543 4899 752 4961 πίεσθε,
785 4899 878 4952 καὶ
913 4899 974 4952 τὸ
999 4897 1283 4967 βάπτισμα
1320 4896 1348 4950 ὃ
1382 4895 1492 4964 ἐγὼ
1534 4895 1793 4966 βαπτίζο-

207 5013 333 5063 μαι,
369 4991 788 5063 βαπτισθήσεθε.
839 4993 913 5044 Τὸ
961 4992 1015 5044 δὲ
1049 4990 1273 5043 καθίσαι
1326 4992 1391 5042 ὲκ
1437 4989 1631 5052 δεξιῶν
1688 5003 1790 5056 μου

203 5088 303 5142 καὶ
327 5085 388 5151 ἐξ
415 5083 712 5156 εὐωνύμων
749 5101 850 5155 μου
871 5124 886 5147 ,
915 5084 1015 5136 οὑκ
1050 5082 1196 5135 ἔστιν
1229 5081 1362 5152 ἐμὸν
1397 5081 1618 5142 δοῦναι,
1673 5079 1791 5133 ἀλλ’

204 5175 290 5242 οἷς
329 5177 678 5248 ἡτοίμασται.
725 5195 743 5227 ι
778 5177 851 5228 Τὸ
887 5175 985 5245 μὲν
1026 5174 1345 5245 μαρτύριον,
1374 5174 1560 5243 φησὶν,
1599 5172 1792 5224 ὑπεισ-

205 5271 527 5335 ε).εύσεσθε,
562 5271 655 5323 καὶ
697 5267 1066 5322 ἀποθανεῖσθε
1097 5267 1189 5320 τὸν
1229 5267 1369 5338 ὑπὲρ
1402 5266 1500 5335 τῆς
1529 5264 1791 5334 ἀληθείας

206 5365 467 5418 θάνατον.
517 5363 591 5416 Τὸ
639 5361 696 5415 δὲ
737 5360 985 5422 καθίσαι,
1050 5360 1150 5412 οὐκ
1195 5358 1343 5412 ἔστιν
1409 5359 1541 5428 ἐμὸν
1583 5357 1790 5412 δοῦναι.

219 5455 490 5510 Ἐνταῦθα
520 5455 576 5508 δὲ
605 5453 697 5508 δύο
719 5453 843 5507 τινὰ
869 5450 1180 5522 ζητοῦνται.
1214 5451 1311 5505 Ἒν
1343 5451 1441 5521 μὲν
1471 5451 1612 5505 τόδε.
1643 5446 1794 5519 ’Δρα

205 5543 543 5615 ἡτοίμασταί
570 5559 676 5594 τινι
704 5541 764 5594 τὸ
799 5541 1024 5595 καθίσαι
1053 5555 1070 5604 ;
1115 5540 1303 5609 ἕτερον
1345 5539 1424 5604 δὲ,
1460 5533 1570 5610 ἆρα
1598 5539 1626 5590 ό
1657 5540 1795 5591 πάν-

204 5653 319 5690 των
348 5635 619 5702 Δεσπότης
647 5634 708 5686 ού
748 5632 972 5686 δύναται
993 5633 1195 5701 ταύτην
1222 5631 1324 5702 τὴν
1352 5631 1622 5700 καθέδραν
1653 5629 1782 5683 δοῦ-

209 5745 338 5794 ναι;
380 5727 628 5800 Λέγομεν
655 5727 749 5780 οῦν
779 5728 862 5782 ὅτι
884 5727 1064 5790 οὐδεὶς
1105 5727 1170 5777 ὲκ
1199 5722 1390 5790 δεξιῶν
1424 5725 1634 5778 καθίσει
1664 5723 1697 5794 ἢ
1737 5723 1796 5788 ἐξ

209 5817 541 5890 ἀριστερῶν.
591 5817 750 5873 Ἀ).λά
781 5815 885 5871 κᾶν
922 5813 1190 5886 πολλαχοῦ
1236 5814 1337 5885 τῆς
1391 5813 1616 5885 Γρα·,ςῆς
1659 5812 1791 5866 καθ-

1053 6011 1064 6040 i

1900 4611 2315 4681 baptizabantur
2346 4609 2519 4665 Judzei
2561 4623 2686 4664 cum
2716 4618 2844 4664 ante
2887 4610 3067 4666 cibum
3108 4624 3166 4666 se
3211 4609 3475 4666 lavarent.

1881 4795 1883 4797 ’
1969 4794 2132 4850 Vens.
2163 4795 2254 4862 59,
2296 4795 2385 4851 40.
2424 4813 2442 4845 ι
2479 4758 2642 4850 Ῐεειιε
2671 4802 2850 4848 autem
2875 4793 3010 4848 dixit
3037 4793 3144 4848 illis
3175 4808 3188 4848 :
3219 4791 3476 4846 Pocuium

1899 4887 2114 4954 quidem
2143 4886 2282 4956 quod
2307 4901 2407 4956 ego
2436 4886 2580 4950 bibo,
2615 4885 2809 4940 hibetis
2843 4903 2857 4939 :
2901 4894 2953 4939 et
2999 4884 3326 4953 baptismate
3370 4899 3476 4952 quo

1901 4992 1999 5046 ego
2031 4977 2301 5046 baptizor,
2341 4976 2746 5045 baptizabimini
2784 4994 2797 5030 :
2832 4987 3085 5030 caeterum
3133 4976 3319 5030 sedere
3347 4974 3475 5028 mibi

1900 5084 1928 5122 a
1955 5069 2158 5123 dextris
2203 5083 2266 5120 ac
2290 5068 2549 5148 sinistris,
2590 5083 2697 5120 non
2733 5075 2820 5122 est
2864 5080 3040 5120 meum
3085 5067 3241 5132 dare,
3289 5069 3382 5120 sed
3414 5066 3477 5121 iis

1900 5162 2177 5232 Continget
2237 5161 2436 5229 quibus
2475 5168 2722 5229 paratum
2773 5168 2879 5214 est.
2939 5178 2959 5212 ι
3013 5159 3096 5214 Ad
3157 5159 3477 5229 martyrium

1903 5254 2144 5324 quidem,
2168 5253 2362 5322 inquit,
2404 5253 2730 5322 pervenietis
2758 5292 2775 5316 ,
2813 5263 2868 5308 et
2912 5251 3222 5307 moriemini
3263 5265 3362 5321 pro
3391 5264 3477 5304 ve-

1905 5348 2108 5402 ritate:
2163 5356 2221 5401 at
2266 5349 2458 5400 sedere
2512 5360 2542 5398 a
2596 5346 2802 5400 dextris
2833 5361 2896 5401 ac
2927 5344 3186 5409 sinistris,
3241 5358 3350 5398 non
3395 5351 3478 5398 est

1904 5453 2079 5492 meum
2112 5438 2260 5490 dare.
2312 5435 2423 5491 lloc
2465 5437 2585 5492 loco
2620 5439 2726 5492 duo
2785 5439 3181 5508 quaeri-solent
3218 5453 3232 5490 :
3271 5435 3478 5504 Primo,

1902 5547 2028 5585 num
2060 5530 2294 5599 cuipiam
2336 5539 2584 5601 paratum
2639 5530 2708 5585 sit
2755 5533 2945 5587 sedere
2979 5547 2993 5584 :
3022 5531 3215 5584 deinde
3256 5543 3322 5581 an
3355 5543 3478 5582 om-

1903 5622 2049 5676 nium
2081 5621 2339 5676 Dominus
2373 5637 2476 5676 non
2510 5622 2684 5691 possit
2709 5623 2889 5678 sedent
2923 5621 3081 5677 istam
3122 5620 3296 5674 dare?
3327 5617 3478 5673 Dici-

1903 5731 2024 5770 mus
2056 5715 2238 5785 igitur,
2269 5717 2407 5786 quod
2438 5717 2617 5771 nullus
2657 5731 2685 5769 a
2722 5715 2926 5771 dextris
2957 5715 3167 5770 sedebit
3200 5722 3294 5767 aut
3327 5727 3356 5765 a
3400 5711 3477 5764 si-

1903 5808 2109 5863 nistris.
2147 5808 2210 5863 Et
2233 5823 2353 5862 cum
2391 5823 2532 5879 πονο
2582 5810 2635 5864 in
2677 5807 2977 5880 Scripturis
3026 5805 3264 5863 audieris
3293 5803 3476 5859 cathe-
