3866 6448
456 364 560 427 θθἹ

1376 361 1956 425 THEOPHYLACTI
1998 360 2412 423 BULGARLE
2454 362 2811 423 ARCHIEP‘.

3581 362 3673 427 608

444 478 620 539 dram,
670 488 777 527 non
832 471 1145 525 cathedram
1199 468 1497 539 intelligas,
1537 471 1633 525 sed
1664 469 2017 524 excellentem

2126 467 2284 537 έδρας
2315 467 2540 541 ἀκούῃς,
2585 469 2660 547 μη
2709 466 2980 537 καθέδραν
3014 467 3143 533 νόει,
3175 466 3306 521 ἀλλὰ
3339 468 3506 540 τιμὴν
3525 470 3675 542 ὕπερ.

445 569 785 638 dignitatem.
817 563 969 630 Quod
1015 572 1196 616 autem
1231 578 1335 618 non
1375 563 1449 618 sit
1497 578 1673 617 meum
1709 564 1859 628 dare,
1918 561 2018 616 hoc

449 662 604 714 talem
635 660 795 713 habet
814 672 1031 711 sensum
1061 673 1073 709 :
1109 653 1225 710 Non
1260 667 1344 711 est
1388 670 1587 719 meum,
1622 656 1721 711 hoc
1751 662 1854 720 est,
1880 654 2018 724 juSti

441 752 663 820 iudicis,
699 752 827 804 dare
868 750 1023 804 vobis
1068 751 1134 803 ad
1176 749 1401 817 gratiam
1457 749 1776 817 dignitatem
1834 748 2015 810 istam,

448 858 551 896 non
602 843 742 893 enim
774 840 951 907 justus
989 854 1162 894 essem
1195 855 1212 906 ;
1242 839 1333 892 sed
1368 838 1451 891 his
1480 837 1581 907 qui
1628 837 2019 899 laboraverint,

446 947 743 1004 prmparata
764 946 849 989 est
873 935 1107 1004 dignitas
1126 934 1250 988 illa:
1284 930 1739 1001 quemadmodum
1767 931 1810 986 si
1838 929 2019 999 justus

448 1044 540 1082 rex
586 1029 899 1096 praesideret
932 1026 1216 1080 certamini
1248 1024 1503 1093 cuipiam,
1531 1034 1585 1079 et
1619 1023 1814 1077 deinde
1861 1036 2019 1077 acce-

447 1122 580 1175 dant
613 1123 678 1173 ad
729 1120 879 1174 illum
914 1120 1132 1189 qttidam
1185 1119 1343 1171 amici
1386 1118 1523 1186 ejus,
1574 1123 1627 1171 et
1679 1106 1908 1172 dicant:
1943 1114 2017 1169 Da

448 1210 603 1264 nobis
634 1226 866 1264 coronas
896 1227 909 1263 :
950 1211 1095 1263 dicet
1127 1208 1333 1278 utique,
1362 1208 1473 1262 Non
1513 1217 1596 1263 est
1646 1223 1827 1263 meum
1867 1209 2017 1273 dare,

448 1302 542 1357 Sed
576 1303 616 1354 si
653 1303 774 1369 quis
807 1303 1096 1357 certaverit
1131 1310 1185 1355 et
1224 1301 1439 1360 vicerit,
1482 1300 1557 1353 illi
1607 1307 1909 1369 pra-parata
1938 1307 2021 1353 est.

448 1407 673 1445 corona.
704 1393 767 1445 Et
798 1392 868 1445 ita
896 1394 1057 1445 etiam
1086 1407 1198 1455 vos,
1229 1407 1261 1446 o
1296 1390 1387 1444 filii
1438 1390 1707 1453 Zebedzei,
1753 1399 2020 1461 martyres

448 1483 665 1550 quidem
695 1483 849 1537 eritis
899 1493 1124 1552 propter
1158 1498 1242 1535 me
1276 1500 1291 1535 :
1322 1481 1368 1536 si
1397 1491 1576 1535 autem
1609 1482 1732 1548 quis
1767 1471 2019 1535 inventus

448 1573 609 1627 fuerit
638 1590 759 1626 cum
793 1575 1053 1645 martyrio
1082 1588 1272 1628 omnes
1305 1574 1440 1627 alias
1486 1573 1712 1628 virtutes
1743 1572 2021 1641 possidere

447 1663 680 1729 amplius
712 1678 872 1732 quam
905 1679 1019 1728 vos,
1054 1664 1142 1717 ille
1178 1678 1272 1717 vos
1305 1665 1589 1732 praecedet.

522 1754 683 1807 νεεδ.
714 1753 897 1808 ιιιοιὸ.
938 1772 958 1805 ι
1023 1754 1087 1807 Et
1141 1769 1263 1807 cum
1295 1754 1569 1808 audissent
1606 1754 1813 1817 decem,
1846 1767 2021 1821 empe-

2123 560 2442 615 6ἀλλουσαν.
2477 561 2549 612 Τὸ
2593 560 2674 625 δὲ,
2704 561 2820 614 Οὐκ
2859 560 3006 612 ἐστιν
3038 559 3169 626 ἐμὸν
3202 559 3383 613 δοῦναι
3411 601 3428 626 ,
3458 563 3675 617 τοιοῦτον

2123 652 2236 723 ἔχει
2274 652 2365 705 τὸν
2396 650 2553 704 νοῦνο
2593 653 2705 705 Οὐκ
2734 650 2880 704 ἔστιν
2911 648 3049 719 ἐμοῦ
3090 649 3184 701 τοῦ
3222 649 3432 703 δικαίου
3481 655 3675 721 κριτοῦ,

2119 745 2181 796 τὸ
2203 742 2385 795 δοῦναι
2421 742 2550 811 ὑμῖν
2579 741 2720 795 κατὰ
2753 741 2914 810 χάριν
2937 740 3034 811 τὴν
3064 740 3231 810 τιμὴν
3253 739 3479 811 ταύτην·
3503 741 3561 793 οὐ
3585 742 3678 814 γὰρ

2123 836 2189 890 ἂν
2220 836 2425 896 δίκαιος
2456 834 2575 904 εἴην
2595 849 2613 864 ο
2640 833 2775 886 ἀλλὰ
2815 835 2927 897 τοῖς
2978 833 3434 902 ἀγωνισαμένοις,
3467 835 3677 899 ἐκείνοις

2121 928 2449 1000 ἡτοίμασται
2473 927 2506 995 ἡ
2552 924 2684 996 τιμὴ
2716 924 2878 995 αὕτη,
2915 924 3107 993 ὥσπερ
3134 922 3200 976 ἂν
3241 924 3288 975 εί
3322 923 3571 992 βασιλεὺς
3614 926 3680 977 δίο

2121 1037 2276 1082 καιος
2312 1019 2657 1090 προεκάθητο
2713 1016 2925 1085 ἀγῶνός
2975 1033 3122 1080 τινος
3148 1058 3162 1082 ,
3190 1011 3311 1069 εἶτα
3347 1016 3678 1086 προσέλθοιεν

2120 1111 2269 1182 αὐτῷ
2290 1126 2433 1175 τινες
2473 1111 2617 1181 φίλοι
2645 1110 2833 1171 αὑτοῦ,
2865 1109 2960 1162 καὶ
2996 1108 3226 1161 εἴποιενθ
3264 1108 3363 1171 Δὸς
3410 1110 3539 1178 ἡμῖν
3574 1110 3681 1174 τοὺς

2122 1203 2418 1274 στεφάνους
2440 1244 2454 1267 ,
2485 1199 2638 1255 εἶπεν
2664 1201 2751 1265 ἂν,
2779 1201 2893 1256 Οὐκ
2924 1200 3073 1255 ἔστιν
3100 1201 3234 1270 ἐμὸν
3263 1200 3325 1252 τὸ
3358 1199 3560 1265 δοῦναι,
3580 1201 3680 1254 ἀλλ’

2116 1299 2171 1351 ετ
2197 1314 2281 1367 τις
2308 1297 2637 1366 ἁγωνίσεται
2663 1296 2758 1349 καὶ
2801 1296 3052 1365 νικήσει,
3083 1294 3280 1364 ἐκείνῳ
3319 1293 3634 1364 ἡτοίμασται
3656 1296 3682 1347 6

2121 1389 2383 1458 στέφανος
2402 1407 2416 1420 ·
2452 1387 2593 1441 ὥστε
2629 1390 2723 1440 καὶ
2748 1387 2904 1458 ὑμεῖς
2922 1427 2938 1453 ,
2963 1388 3013 1440 οἱ
3047 1384 3143 1440 τοῦ
3167 1386 3459 1440 Ζεϐεδαίου
3487 1386 3676 1449 παῖδες,

2122 1484 2502 1552 μαρτυρήσετε
2537 1482 2635 1551 μὲν
2667 1482 2809 1553 ὑπὲρ
2858 1481 2995 1551 ἐμοῦ
3020 1522 3036 1549 ,
3074 1482 3173 1534 ἐὰν
3220 1481 3276 1535 δέ
3319 1498 3406 1546 τις
3454 1481 3683 1554 εὑρεθείη

2123 1572 2263 1641 μετὰ
2289 1571 2385 1624 τοῦ
2424 1571 2726 1642 μαρτυρίου
2751 1610 2767 1633 ,
2813 1571 2908 1624 καὶ
2958 1572 3057 1639 τὴν
3087 1570 3255 1640 ἄλλην
3287 1573 3471 1624 πᾶσαν
3506 1569 3683 1641 ἀρετὴν

2119 1662 2258 1734 ἔχων
2292 1663 2432 1735 ὑπὲρ
2459 1663 2626 1733 ὑμᾶς,
2653 1664 2861 1728 ἐκεῖνος
2886 1664 3115 1735 προάξει
3138 1666 3304 1735 ὑμᾶς.

2199 1773 2218 1806 ι
2256 1755 2363 1806 Καὶ
2418 1754 2750 1818 ἀκούσαντες
2798 1758 2846 1809 οἱ
2893 1756 3051 1820 δέκα,
3102 1755 3338 1826 ἧρξαντο
3371 1758 3681 1825 ἀγανακτεῖν

450 1856 580 1900 runt
608 1846 871 1915 indignari
906 1861 1068 1915 super
1088 1845 1294 1900 .Iacobo
1315 1856 1368 1900 et
1401 1845 1627 1900 Joanne.
1659 1845 1816 1899 Jesus
1843 1856 2019 1899 autem

2127 1844 2253 1913 περὶ
2300 1844 2559 1898 Ἰακώϐου
2593 1847 2685 1899 καὶ
2718 1845 2989 1902 Ἰωάννου.
3041 1847 3100 1900 ’0
3128 1847 3185 1899 δὲ
3226 1847 3434 1916 Ἰησοῦς
3462 1865 3683 1918 προσκα-

447 1951 568 1990 cum
603 1946 845 1991 vocasset
875 1952 968 1990 eos
998 1939 1184 2001 adse,
1227 1937 1358 1991 dicit
1381 1937 1525 1992 illis:
1560 1935 1725 2005 Scitis
1760 1937 1899 2005 quod
1930 1935 2019 2003 qui

449 2027 705 2081 videntur
759 2028 1028 2096 imperare
1085 2029 1372 2097 gentibus,
1423 2027 1723 2081 dominium
1767 2033 2022 2084 exercent

449 2120 709 2174 adversus
742 2118 896 2173 illas:
924 2128 977 2173 et
1011 2119 1101 2187 qui
1140 2129 1416 2189 magnatcs
1445 2137 1571 2175 sunt
1604 2122 1746 2176 inter
1775 2136 1889 2184 eas,
1922 2136 2017 2190 po-

451 2220 697 2265 testatem
727 2220 981 2264 exercent
1018 2212 1071 2265 in
1097 2212 1236 2266 illas.
1262 2211 1462 2265 Verum
1502 2230 1604 2266 non
1637 2215 1715 2269 sic
1745 2216 1848 2266 erit
1880 2214 2023 2268 inter

450 2320 595 2358 vos:
631 2305 724 2359 sed
784 2305 1094 2373 quicunque
1140 2306 1372 2360 voluerit
1424 2306 1538 2361 fieri
1596 2323 1821 2378 magnus
1885 2308 2023 2361 inter

450 2409 566 2462 vos,
597 2396 699 2448 erit
728 2396 882 2450 vobis
935 2396 1219 2450 minister:
1270 2406 1323 2450 et
1362 2399 1670 2466 quicunque
1702 2399 1925 2451 voluerit
1956 2413 2023 2452 ex

454 2488 612 2542 vobis
641 2502 759 2540 esse
808 2487 1035 2554 primus,
1087 2487 1191 2541 erit
1236 2489 1476 2542 omnimn
1528 2505 1736 2547 servus.
1795 2490 1929 2543 Nam
1969 2498 2022 2542 et

449 2577 618 2633 Filius
645 2579 881 2633 heminis
907 2595 1011 2632 non
1045 2580 1190 2634 venit
1215 2589 1273 2632 ut
1303 2581 1404 2634 sibi
1442 2582 1882 2645 ministraretur,
1926 2582 2023 2636 sed

450 2681 509 2725 ut
546 2671 659 2740 ipse
695 2670 1048 2735 ministraret,
1076 2686 1142 2725 ac
1161 2670 1316 2725 daret
1351 2673 1582 2727 animam
1615 2689 1768 2728 suam
1810 2673 2019 2728 redem-

449 2764 687 2832 ptionem
750 2776 848 2831 pro
904 2762 1110 2817 multis.
1163 2780 1182 2816 ε
1231 2763 1487 2832 Discipuli
1544 2765 1721 2819 adhuc
1771 2765 2024 2819 humanis

447 2857 824 2917 affectionibus
870 2866 926 2913 et
972 2859 1170 2913 invidia
1231 2858 1595 2914 laborabant:
1633 2860 1752 2914 ideo
1790 2869 1844 2915 et
1883 2859 2024 2915 iudi-

449 2959 682 3021 gnantur
709 2949 967 3005 adversus
994 2951 1149 3004 duos.
1177 2948 1281 3005 Sed
1315 2950 1579 3019 quando?
1600 2950 1735 3006 Cum
1762 2952 2023 3007 vidissent

448 3055 674 3096 eus-non
692 3048 970 3109 susceptos
989 3055 1110 3095 esse
1132 3056 1161 3094 a
1180 3041 1433 3118 ~Damiuo,
1461 3042 1554 3097 sed
1571 3043 1728 3111 quasi
1754 3043 2022 3113 repulsam

449 3147 660 3202 passos,
695 3142 818 3186 tunc
873 3133 1141 3203 indignati
1198 3148 1347 3189 sunt.
1376 3133 1626 3200 Quandiu
1656 3137 1799 3189 enim
1854 3148 1884 3188 a
1926 3134 2023 3190 Do-

448 3225 598 3281 mino
655 3226 1106 3294 bonorabantur,
1165 3226 1411 3281 ferebant
1477 3243 1582 3283 nou
1653 3228 2018 3298 indignantes.

448 3318 697 3387 quamvis
748 3319 990 3372 viderent
1031 3334 1125 3373 eos
1178 3318 1467 3388 prwferri:
1508 3334 1631 3373 cum
1664 3330 1846 3374 autem
1881 3334 2023 3374 nunc

450 3411 552 3480 ipsi
599 3412 859 3464 honorem
897 3410 1001 3463 sibi
1042 3409 1366 3480 deposcunt,
1402 3426 1507 3465 non
1547 3409 1729 3467 ferunt
1763 3411 1871 3465 alii.
1903 3411 2021 3468 Cte-

449 3508 623 3554 terum
652 3514 799 3552 nunc
819 3498 1035 3567 quidem
1058 3498 1132 3552 ita
1152 3499 1471 3569 imperfecte
1503 3514 1560 3557 se
1588 3510 1803 3571 gerunt,
1837 3511 2021 3569 postea

451 3601 632 3644 autem
658 3589 864 3644 videbis
889 3603 984 3644 eos
1017 3598 1259 3644 mutuum
1306 3590 1409 3645 sibi
1445 3590 1515 3645 de
1544 3592 1778 3659 primatu
1807 3592 2019 3648 cedere.

451 3681 524 3735 At
565 3679 813 3735 Christus
856 3689 1011 3735 sanat
1041 3680 1180 3746 illos,
1218 3691 1272 3735 et
1321 3682 1552 3749 primum
1590 3681 1858 3736 demulcet
1903 3682 2022 3736 illos

450 3773 671 3841 propius
701 3772 767 3825 ad
802 3785 862 3825 se
916 3772 1182 3827 vocando.
1213 3770 1378 3841 229
1421 3769 1535 3827 Hoc
1562 3773 1705 3826 enim
1751 3773 2021 3839 signiﬁcat

449 3863 596 3932 quod
623 3864 754 3916 dicit
784 3880 799 3917 :
824 3860 958 3917 Cum
994 3873 1242 3919 vocasset
1267 3879 1361 3918 eos
1408 3865 1474 3917 ad
1508 3879 1589 3920 se.
1631 3864 1833 3919 Deinde
1868 3879 2021 3918 mou-

448 3964 586 4012 strat
615 3955 758 4025 quod
795 3970 986 4023 rapere
1044 3955 1329 4020 honorem,
1369 3964 1424 4010 et
1473 3955 1679 4009 ambire
1707 3956 2019 4024 dignitates,

445 4050 687 4120 gentium
732 4049 821 4102 sit.
869 4047 1148 4115 Principes
1197 4048 1340 4100 enim
1391 4048 1630 4117 gentium
1686 4062 1877 4115 magna
1925 4064 2021 4117 pu-

448 4149 646 4195 testate
695 4148 754 4194 et
805 4139 1130 4193 auctoritate
1168 4136 1467 4191 eﬁeruntur
1503 4153 1518 4191 :
1554 4136 1802 4206 discipuli
1838 4150 2017 4192 autem

443 4237 550 4292 mei
604 4252 709 4291 non
744 4237 824 4290 sic
852 4252 867 4288 :
893 4235 986 4289 sed
1024 4235 1117 4306 qui
1167 4233 1278 4286 vult
1309 4248 1431 4287 esse
1464 4246 1713 4301 magnus,
1748 4233 2022 4289 ministret

442 4330 698 4386 Omnibus
730 4343 744 4380 :
769 4329 1024 4395 quoniam
1048 4335 1100 4378 et
1125 4327 1224 4377 hoc
1256 4338 1462 4393 magna:
1492 4324 1686 4377 anima:
1708 4332 1811 4387 est,
1836 4325 2015 4377 oninia

444 4419 610 4487 ferre,
635 4431 689 4473 et
720 4419 971 4473 omnibus
1001 4417 1230 4472 servire.
1254 4414 1317 4468 Et
1345 4415 1648 4483 exemplum
1684 4416 1736 4469 in
1768 4425 2016 4485 promptu

2127 1934 2425 2003 λεσάμενος
2473 1936 2677 1998 αὐτοὺς
2702 1978 2717 2000 ,
2752 1936 2900 2005 λέγει
2948 1938 3163 2003 αὐτοῖς·
3202 1939 3397 1992 Οἴδατε
3427 1940 3512 1992 ὅτι
3535 1940 3581 1991 oi
3614 1938 3686 1992 δοο

2126 2025 2350 2089 κοῦντες
2374 2027 2568 2097 ἄρχειν
2588 2029 2699 2081 τῶν
2730 2028 2925 2095 ἐθνῶν,
2963 2030 3460 2100 κατακυριεύουσιν
3492 2029 3683 2083 αὐτῶν·

2123 2120 2217 2173 καὶ
2241 2122 2290 2173 oi
2324 2121 2546 2190 μεγάλοι
2574 2122 2750 2173 αὐτῶν
2780 2122 3290 2189 κατεξουσιάζουσιν
3309 2119 3531 2176 αὐτῶν.
3590 2123 3684 2193 Οὐχ

2122 2210 2266 2266 οὕτω
2316 2212 2371 2267 δὲ
2417 2213 2572 2267 ἔσται
2607 2217 2665 2268 ἐν
2710 2216 2862 2285 ὑμῖν.
2904 2216 3045 2268 Ἀλλ’
3073 2216 3131 2279 ὃς
3164 2215 3261 2268 ἐὰν
3292 2215 3426 2288 θέλῃ
3461 2216 3686 2283 γενέσθαι

2129 2305 2299 2375 μέγας
2334 2308 2393 2359 ἐν
2437 2308 2602 2377 ὑμῖν,
2656 2306 2807 2361 ἔσται
2856 2307 3010 2378 ὑμῶν
3053 2307 3321 2375 διάκονος.
3366 2310 3479 2360 Καὶ
3510 2307 3562 2369 ὃς
3605 2308 3685 2359 ἐὰν

2125 2397 2252 2468 θέλῃ
2290 2397 2442 2469 ὑμῶν
2471 2398 2727 2466 γενέσθαι
2759 2401 3000 2470 πρῶτος,
3053 2400 3203 2453 ἔσται
3237 2400 3470 2454 πάντων
3497 2400 3679 2458 δοῦλος.

2125 2489 2234 2541 Καὶ
2262 2490 2370 2559 γὰρ
2397 2491 2425 2541 6
2461 2489 2589 2553 Υἱὸς
2616 2491 2712 2543 τοῦ
2746 2491 3038 2561 ἀνθρώπου
3077 2492 3179 2545 οὐκ
3205 2487 3339 2563 ἦλθε
3378 2491 3686 2559 διακονηθῆι

2122 2596 2234 2646 ναι,
2258 2581 2394 2634 ἀλλὰ
2433 2582 2777 2651 διακονῆσαι,
2804 2583 2901 2636 καὶ
2929 2583 3115 2638 δοῦναι
3159 2585 3256 2655 τὴν
3287 2585 3468 2654 ψυχὴν
3532 2586 3594 2637 αὐ
3607 2584 3682 2636 τοῦ

2124 2670 2316 2742 λύτρον
2341 2674 2460 2726 ἀντὶ
2487 2673 2722 2727 πολλῶν.
2761 2693 2780 2726 ι
2813 2675 2935 2728 Ἔτι
2974 2676 3333 2746 ἀνθρωπίνως
3367 2677 3685 2745 διακείμενοι

2123 2769 2176 2822 οἱ
2217 2770 2455 2838 μαθηταὶ
2490 2772 2587 2826 καὶ
2637 2773 2820 2842 φθόνῳ
2872 2773 3178 2828 ὲόάλλοντο.
3221 2774 3317 2827 Διὸ
3353 2777 3447 2828 καὶ⁸
3498 2778 3685 2842 ἀγανα-

2123 2860 2314 2915 κτοῦσι
2347 2863 2489 2915 κατὰ
2510 2863 2618 2916 τῶν
2638 2863 2753 2919 δύο.
2771 2864 2931 2918 ’Δλλά
2959 2865 3089 2920 πότε
3111 2882 3130 2932 ;
3162 2866 3291 2919 Ὅτε
3346 2863 3489 2920 ε’δον
3515 2868 3685 2929 αὐτοὺς

2128 2955 2203 3025 μὴ
2247 2956 2678 3026 προσδεχθέντας
2723 2958 2829 3011 ὑπὸ
2898 2957 2992 3012 τοῦ
3042 2960 3275 3029 Κυρίου,
3336 2960 3452 3013 ἀλλ’
3499 2960 3681 3013 ὡσανεὶ

2124 3047 2499 3114 ἀπωσθέντας,
2521 3050 2641 3103 τότε
2668 3049 3093 3117 ἀγανακτοῦσιν.
3124 3051 3288 3120 Ἄχρι
3322 3050 3425 3122 μὲν
3460 3051 3569 3121 γὰρ
3592 3053 3684 3104 ἐτι-

2047 3181 2092 3241 c
2135 3137 2312 3209 μῶντο
2344 3141 2449 3192 ὑπὸ
2466 3139 2560 3194 τοῦ
2590 3141 2818 3211 Κυρίου,
2846 3142 3127 3212 ἠνείχοντο
3147 3142 3223 3213 μὴ
3247 3142 3682 3209 ἀγανακτοῦντες,

2122 3234 2298 3286 καίτοι
2345 3233 2581 3303 ὁρῶντες
2633 3235 2832 3298 αὐτοὺς
2877 3236 3368 3305 προτιμωμένους·
3407 3237 3590 3307 ἐπειδὴ
3632 3234 3681 3290 δὲ

2122 3324 2356 3379 ἐνταῦθα
2386 3327 2541 3380 αὐτοὶ
2556 3329 2757 3380 ἐκεῖνοι
2778 3326 2877 3397 τὴν
2893 3326 3062 3399 τιμὴν
3078 3330 3373 3398 ᾐτήσαντο,
3396 3332 3456 3382 οὐ
3478 3330 3679 3398 φέρουσι

2120 3416 2306 3469 λοιπὸν
2339 3419 2387 3470 οἱ
2417 3416 2617 3473 λοιποί.
2665 3418 2830 3473 Ἀλλὰ
2875 3418 2973 3474 νῦν
3026 3419 3131 3490 μὲν
3184 3419 3360 3484 οὕτως
3401 3417 3543 3491 εἶχον
3578 3424 3684 3474 ἁτεο

2119 3507 2248 3573 λῶς,
2305 3507 2535 3579 ὕστερον
2582 3510 2640 3563 δὲ
2686 3510 2807 3579 ὄψει
2859 3511 3060 3575 αὐτοὺς
3124 3512 3219 3566 καὶ
3259 3512 3370 3566 τῶν
3417 3512 3681 3582 πρωτείων

2123 3598 2373 3669 ἀλλήλοις
2412 3599 2878 3669 παραχωροῦντας
2906 3616 2918 3629 ’
2949 3601 3068 3656 ἀλλ’
3090 3603 3117 3654 ὁ
3146 3602 3382 3672 Χριστὸς
3410 3603 3679 3673 θεραπεύει

2121 3690 2320 3754 αὐτοὺς
2348 3690 2565 3759 πρῶτον
2597 3692 2719 3758 μὲν,
2750 3692 3156 3763 καταπραΰνων
3198 3693 3397 3758 αὐτοὺς
3423 3694 3498 3762 τῷ
3532 3694 3681 3762 ἐγγὺς

2121 3779 2285 3833 αὐτοῦ
2308 3782 2779 3852 προσαγαγέσθαι.
2804 3783 2973 3837 Τοῦτο
2996 3784 3105 3856 γὰρ
3132 3799 3388 3856 σημαινει
3413 3789 3492 3850 τὸ,
3529 3801 3682 3858 apoc-

2120 3870 2508 3943 καλεσάμενος.
2547 3875 2779 3929 Ἔπειτα
2817 3874 2896 3945 τῷ
2946 3874 3118 3941 δεῖξαι
3143 3913 3160 3941 ,
3200 3877 3289 3930 ὅτι
3331 3878 3393 3931 τὸ
3433 3878 3681 3948 ἁρπάζειν

2119 3966 2220 4035 τὴν
2247 3966 2435 4038 τιμὴν,
2470 3967 2567 4022 καὶ
2597 3967 2707 4021 τῶν
2742 3970 3029 4040 πρωτείων
3060 3970 3193 4041 ὲρᾷν
3220 4009 3236 4034 ,
3268 3968 3487 4024 ὲθνικὸν
3529 3971 3680 4023 ἐστιν.

2130 4059 2191 4110 0i
2231 4057 2341 4129 γὰρ
2385 4059 2494 4112 τῶν
2525 4059 2696 4114 ἐθνῶν
2729 4060 3008 4131 ἄρχοντες,
3052 4063 3253 4116 ἐκεῖνοι
3284 4061 3681 4127 ἔξουσιαστικῶς

2120 4149 2214 4202 καὶ
2246 4151 2589 4220 τυραννικῶς
2640 4153 3067 4224 προσφέρονται.
3103 4155 3168 4208 Oi
3208 4154 3267 4207 δὲ
3302 4155 3431 4224 ἐμοὶ
3461 4154 3680 4225 μαθηταὶ

2119 4243 2218 4312 οὐχ
2248 4241 2444 4309 οὕτως,
2485 4244 2601 4298 ἀλλ’
2638 4246 2667 4298 ὁ
2710 4245 2880 4299 θέλων
2931 4240 3070 4299 εἶναι
3119 4246 3295 4317 μέγας
3319 4286 3336 4311 ,
3388 4246 3681 4301 διακονείτω

2121 4340 2308 4404 πᾶσιν,
2367 4340 2491 4393 ἐπεὶ
2548 4341 2644 4395 καὶ
2681 4341 2841 4396 τοῦτο
2893 4342 3138 4415 μεγάλης
3170 4343 3376 4413 ψυχῆς,
3402 4346 3464 4398 τὸ
3492 4346 3679 4399 πάντων

2126 4431 2420 4501 ἀνέχεσθαι
2460 4434 2556 4487 καὶ
2602 4435 2737 4488 πᾶσι
2779 4434 3074 4491 δουλεύειῆ
3109 4436 3220 4489 Καὶ
3256 4436 3317 4491 τὸ
3362 4438 3679 4507 παράδειγμα

443 4522 583 4567 erat.
622 4509 833 4565 Etenim
876 4508 1042 4563 Filius
1082 4507 1317 4562 hominis
1356 4523 1463 4561 non
1508 4508 1655 4562 venit
1693 4517 1751 4562 ut
1778 4510 1881 4563 sibi
1916 4509 2016 4562 tui-

2126 4522 2352 4591 ἐγγύθεν
2379 4540 2393 4557 ·
2424 4525 2656 4593 καὶγὰρ
2687 4526 2715 4578 ὁ
2769 4526 2897 4590 Υἱὸς
2935 4526 3028 4581 τοῦ
3070 4528 3362 4599 ἀνθρώπου
3405 4531 3504 4584 ούκ
3558 4525 3673 4600 ἦλθε

457 4604 804 4667 nistraretur,
856 4603 952 4656 sed
997 4611 1054 4655 ut
1105 4601 1219 4671 ipse
1262 4603 1695 4665 ministraret,ct
1727 4602 1879 4656 daret
1903 4602 2013 4655 ani-

445 4713 585 4751 mam
619 4711 773 4752 suam
823 4693 1249 4764 redemptionem
1285 4709 1381 4761 pro
1413 4695 1614 4758 inultis,
1661 4694 1803 4762 quod
1850 4694 2020 4762 majus

438 4798 703 4861 estquam
728 4789 1059 4851 ministrare.
1105 4786 1331 4854 Quando
1361 4768 1507 4841 enim
1548 4787 1667 4855 quis
1700 4801 1805 4840 non
1838 4788 2035 4840 solum‘

442 4882 857 4947 ministraverit,
888 4880 984 4936 sed
1017 4890 1071 4935 et
1094 4888 1337 4934 mortuus
1364 4878 1531 4933 fuerit
1566 4893 1664 4947 pro
1708 4892 1773 4932 eo
1799 4881 1883 4932 cui
1920 4879 2018 4932 mi-

443 4972 659 5036 nistrat,
683 4972 812 5042 quid
854 4970 946 5026 illo
984 4969 1162 5041 majus
1208 4979 1266 5025 et
1306 4968 1724 5023 admirabilius?
1761 4969 2014 5023 Attamen

446 5066 805 5121 ministerium
844 5066 974 5121 illud
1005 5075 1058 5122 et
1088 5065 1502 5130 condescensio,
1538 5062 1798 5119 exaltatio
1830 5062 1929 5117 fuit
1956 5078 2019 5119 ac

441 5160 615 5228 gloria
650 5170 760 5213 tam
790 5173 887 5212 sna
937 5173 1099 5227 quam
1147 5159 1412 5212 omnium.
1444 5155 1655 5210 Etenim
1704 5156 2017 5225 priusquant

444 5253 620 5306 factus
642 5260 727 5305 est
756 5251 944 5315 homo,
989 5258 1200 5303 tantum
1237 5250 1304 5302 ab
1336 5248 1543 5317 angelis
1581 5250 1974 5317 agnoscebatur
2002 5266 2016 5304 :

441 5358 727 5417 postquam
762 5355 940 5398 autem
972 5347 1151 5397 factus
1169 5352 1254 5397 est
1283 5342 1447 5396 homo
1474 5341 1868 5402 eterncilixus,
1912 5354 2017 5392 non

445 5439 619 5495 solum
650 5438 793 5493 illam
826 5436 1054 5506 gloriam
1082 5435 1271 5497 habet,
1302 5433 1396 5488 sed
1436 5441 1490 5487 et
1518 5430 1677 5486 aliam
1701 5432 1939 5501 accepit,
1967 5443 2019 5486 et

441 5531 498 5587 in
538 5540 650 5585 toto
682 5536 871 5600 regnat
904 5527 1056 5587 Orbe.

516 5622 680 5680 Vsus.
726 5620 916 5678 46.52.
977 5637 997 5672 ι
1057 5617 1126 5673 Et
1180 5616 1403 5673 veniunt
1424 5614 1688 5672 Iliericho
1731 5632 1744 5669 :
1790 5630 2019 5686 cumque

449 5719 799 5784 egrederetur
828 5712 897 5769 ab
921 5713 1056 5767 urbe
1090 5710 1367 5773 llierieho,
1397 5725 1459 5762 ac
1486 5706 1741 5778 discipuli
1776 5707 1941 5773 illius,
1966 5720 2021 5764 et

450 5808 610 5864 turba
644 5806 887 5878 cepiosa,
919 5804 1061 5861 titius
1086 5802 1275 5859 Timaei
1300 5802 1622 5859 Bartimaens
1651 5817 1830 5860 caecus
1859 5804 2017 5861 sede-

2124 4617 2531 4688 διακονηθῆναι,
2557 4617 2691 4670 ἀλλὰ
2720 4618 3061 4689 διακονῆσαι,
3083 4622 3176 4674 καὶ
3201 4621 3387 4676 δοῦναι
3409 4624 3506 4693 τὴν
3525 4620 3677 4691 ψυχὴν

2127 4708 2294 4761 αὐτοῦ
2341 4707 2537 4780 λύτρον
2569 4709 2688 4762 ἀντὶ
2716 4710 2950 4775 πολλῶν,
2982 4712 3009 4765 δ
3043 4711 3230 4782 μεῖζόν
3259 4716 3378 4767 ἐστι
3408 4714 3501 4769 τοῦ
3527 4715 3676 4769 διακοο

2127 4801 2319 4872 νῆσαι·
2350 4802 2480 4854 ὅταν
2515 4801 2623 4873 γάρ
2651 4819 2735 4865 τις
2771 4803 2832 4856 ού
2884 4804 3049 4875 μόνον
3089 4804 3415 4877 διακονήσῃ,
3453 4807 3580 4873 ᾲλλά
3607 4794 3698 4858 καί

2127 4895 2374 4968 ἀποθάνῃ
2401 4895 2543 4966 ὑπὲρ
2572 4895 2662 4948 τοῦ
2689 4895 3127 4967 διακονουμένου,
3156 4898 3209 4951 τί
3233 4899 3432 4954 τούτου
3467 4897 3676 4969 μεῖζονῆ

2127 4987 2578 5059 θαυμασιώτερον
2606 5005 2620 5055 ;
2662 4988 2803 5043 Ἀλλ’
2827 4990 2989 5067 ὅμως,
3038 4992 3070 5061 ἡ
3100 4990 3416 5061 διακόνησις
3448 4991 3581 5061 αὕτη
3604 4990 3677 5043 καὶ

2128 5080 2161 5148 ἡ
2193 5080 2600 5147 συγκατάθασις
2646 5079 2854 5150 ὕψωσις
2890 5082 2986 5139 καὶ
3038 5081 3164 5147 δόξα
3195 5084 3389 5150 γέγονε
3420 5087 3509 5139 καὶ
3537 5081 3678 5136 αὖτιιῦ

2127 5171 2219 5221 καὶ
2248 5170 2486 5223 πάντων.
2510 5170 2647 5240 Πρὶν
2683 5172 2782 5239 μὲν
2817 5171 2925 5242 γὰρ
2953 5172 3211 5240 γενέσθαι
3236 5174 3538 5247 ἄνθρωπος,
3572 5173 3678 5242 παρ’

2127 5261 2379 5328 ἀγγέλοις
2424 5260 2750 5335 ὲγνωρίζετο
2812 5264 3018 5333 μόνοις.
3054 5263 3276 5337 Ἐπειδὴ
3328 5265 3385 5320 δὲ
3421 5267 3676 5335 ἄνθρωπος

2129 5353 2342 5418 ἐγένετο
2369 5352 2464 5405 καὶ
2492 5353 2846 5424 ἐσταυρώθη,
2876 5356 2936 5407 οὐ
2967 5356 3135 5425 μόνην
3170 5357 3388 5426 ἐκείνην
3418 5359 3512 5429 τὴν
3542 5358 3679 5422 δόξαν

2127 5444 2261 5514 ἔχει,
2311 5444 2446 5498 ἀλλὰ
2485 5447 2576 5499 καὶ
2604 5446 2799 5515 ἑτέραν
2853 5448 3156 5519 προσέλαΰε
3186 5491 3203 5516 ,
3246 5451 3345 5503 καὶ
3393 5451 3567 5519 πάσης
3597 5449 3678 5517 τῆς

2129 5537 2452 5610 οἰκουμένης
2485 5537 2784 5608 βασιλεύει.
3131 5534 3138 5545 ’

2208 5648 2226 5682 ι
2266 5631 2643 5701 Καὶἐρχονται
2701 5633 2781 5695 είς
2825 5628 3069 5702 ’1εριχὼ,
3117 5634 3214 5686 καὶ
3268 5632 3675 5706 ἐκπορευομένου

2130 5715 2296 5770 αὐτοῦ
2355 5718 2466 5771 ἀπὸ
2510 5718 2755 5790 Ίεριχῶ,
2809 5720 2905 5775 καὶ
2958 5721 3069 5773 τῶν
3114 5722 3374 5794 μαθητῶν
3415 5723 3569 5779 αὐτοῦ
3596 5720 3673 5773 καὶ

2127 5808 2284 5879 ὄχλου
2333 5809 2516 5865 ἱκανοῦ
2545 5852 2560 5879 ,
2610 5812 2725 5876 υἱὸς
2776 5813 3008 5882 Τιμαίου
3056 5815 3392 5885 Βαρτίμαιος
3430 5819 3456 5872 δ
3501 5811 3673 5882 τυφλὶς
