3866 6448
204 344 314 406 ιω

910 343 1352 406 ENARRATIO
1387 345 1466 406 IN
1507 344 2004 409 EVANGELIUM
2064 345 2330 409 MARCI.
2369 371 2439 383 -—
2473 318 2630 411 cari.
2673 350 2781 412 XI.

3356 352 3466 419 610

203 455 451 524 ικέιθητο
488 451 639 521 παρᾶ
670 453 774 525 τὴν
801 452 919 508 666v
942 454 1276 525 προσαιτῶν.
1311 454 1422 510 Καὶ
1444 456 1685 520 ἀκούσας
1711 458 1772 511 ὅτ

1896 459 1990 513 bat
2015 458 2169 527 juxta
2204 458 2345 513 viam
2397 459 2732 515 mendicans.
2773 459 2850 515 ‘Et
2889 474 3010 516 cum
3040 463 3282 520 audisset
3320 468 3467 536 quod

214 542 432 612 Ἰησοῦς
471 542 500 594 6
538 539 857 609 Ναζωραίός
885 544 1056 603 ἐστιν,
1090 543 1295 613 ἡρξατο
1319 544 1543 612 κράζειν
1573 547 1664 600 καὶ
1702 547 1790 601 λέ-

199 650 350 702 γειν·
387 634 447 687 '0
472 632 587 697 υἱὸς
610 633 778 688 Δαὸὶδ
813 633 1007 703 Ἰησοῦ,
1036 635 1255 701 ἐλέησόν
1281 653 1368 708 με.
1387 638 1494 690 Καὶ
1517 639 1792 707 ἐπετίμων

198 726 360 795 αὖτῴ
404 726 590 779 πολλοὶ
645 727 734 781 ἵνα
792 727 1062 800 σιωπήσῃ.
1117 728 1175 781 '0
1238 729 1296 782 δὲ
1353 730 1535 800 πολλῷ
1590 733 1792 799 μᾶλλον

198 816 444 884 ἔκραζεν
466 834 480 847 ·
503 817 598 869 Υἱὲ
626 816 812 881 Δαϐὶδ,
841 816 1061 887 ἐλέησόν
1080 836 1168 887 με.
1204 820 1313 872 Καὶ
1337 820 1466 883 στὰς
1496 822 1524 872 6
1561 820 1787 890 Ἰησοῦς,

198 904 359 960 εἶπεν
387 908 555 961 αὑτὸν
600 908 954 978 φωνηθῆναι·
999 911 1089 963 καὶ
1141 910 1381 978 φωνοῦσι
1429 911 1521 963 τὸν
1568 912 1787 982 τυφλὸν,

194 1000 457 1067 λέγοντες
483 1002 635 1073 αὑτῷ
656 1018 667 1031 ⁸
690 1002 915 1069 Θάρσει,
941 1002 1141 1073 ἔγειρε,
1167 1006 1337 1071 φωνεῖ
1360 1020 1441 1058 σε.
1477 1003 1539 1057 '0
1557 1004 1633 1069 δὲ,
1658 1006 1791 1058 ἀπο-

193 1092 381 1147 ϐαλὼν
411 1093 475 1147 τὸ
509 1096 723 1164 ἱμάτιον
755 1094 944 1162 αὐτοῦ,
968 1097 1208 1160 ἀναστὰς
1229 1093 1360 1167 ἦλθε
1385 1097 1521 1168 πρὸς
1553 1097 1645 1149 τὸν
1684 1096 1785 1166 Ἰη-

195 1184 349 1237 σοῦν.
389 1185 503 1239 Καὶ
531 1186 851 1256 ἀποκριθεὶς
879 1186 1027 1254 λέγει
1058 1188 1206 1257 αὐτῷ
1230 1190 1259 1242 6
1308 1189 1514 1257 Ἰησοῦς
1533 1206 1548 1221 σ
1581 1189 1646 1242 Τί
1700 1188 1789 1241 θέ-

191 1274 310 1339 λεις
374 1279 589 1347 ποιήσω
641 1294 749 1342 σοι;
799 1277 856 1332 ’0
892 1278 949 1331 δὲ
981 1279 1177 1347 τυφλὶς
1201 1276 1353 1334 εἶπεν
1385 1281 1534 1352 αὐτῷ
1565 1297 1581 1313 ο
1622 1280 1787 1334 Ῥαϐ-

192 1367 373 1432 εουνὶ,
434 1370 519 1423 ἵνα
578 1371 887 1440 ἀναϐλέψω.
931 1373 990 1426 '0
1036 1373 1094 1427 δὲ
1155 1374 1360 1442 Ἰησοῦς
1406 1370 1562 1427 εἶπεν
1607 1374 1779 1445 αὐτῷ·

194 1461 458 1530 ’Υπαγε,
500 1464 534 1533 ἡ
576 1463 757 1526 πίστις
790 1482 884 1518 σου
917 1466 1125 1519 σέκωκέ
1172 1483 1252 1520 σε.
1292 1469 1402 1521 Καὶ
1448 1468 1648 1531 εὐθέως
1694 1470 1788 1521 ἀν⁸

190 1551 396 1621 ἔϐλεψε
429 1555 523 1607 καὶ
556 1553 842 1620 ἠκολούθει
892 1556 970 1626 τῷ
1005 1556 1183 1625 Ἰησοῦ
1221 1559 1279 1609 ὲν
1310 1561 1374 1628 τῇ
1406 1557 1528 1628 ὁδῷ.
1568 1576 1587 1610 ι
1638 1558 1698 1613 '0
1729 1557 1786 1611 δὲ

190 1646 481 1709 Ματῦαῖος
526 1644 620 1697 δύο
653 1646 887 1714 τυφλοὺς
913 1647 1060 1714 λέγει
1096 1665 1109 1679 ·
1134 1649 1414 1719 ἄνδὲχεται
1439 1649 1494 1702 δὲ
1530 1649 1623 1703 δύο
1683 1650 1783 1718 μὲν

190 1731 336 1787 εἶναι
391 1737 517 1799 ⁸τοὺς
587 1737 854 1799 ίαθέντας,
902 1739 991 1791 τὸν
1031 1739 1085 1792 δὲ
1132 1742 1556 1808 ἐπιφανέστερον
1603 1741 1784 1793 αὐτῶν

189 1828 396 1881 τοίτον
426 1823 567 1881 εἶναι
600 1829 691 1882 τὸν
733 1829 828 1882 νῦν
882 1831 1033 1899 παρὰ
1074 1831 1151 1899 τῷ
1185 1831 1397 1901 Μάρκῳ
1441 1832 1779 1901 μνημονευό-
1815 1812 1858 1870 Β

190 1937 386 1987 μενον.
422 1921 564 1990 Ὅρα
589 1921 644 1975 δὲ
673 1922 793 1985 πῶς
823 1922 1027 1992 τιμῶσι
1059 1922 1150 1976 τὸν
1186 1924 1394 1993 Ἰησοῦν
1421 1926 1514 1977 καὶ
1538 1926 1586 1978 oi
1610 1924 1778 1994 ὄχλοι,

188 2010 329 2063 ὥστε
362 2012 625 2082 ἐπιτιμᾷν
653 2012 730 2082 τῷ
763 2013 946 2083 τυφλῷ
980 2013 1194 2084 βοῶντι,
1233 2015 1434 2069 ὡσανεί
1462 2031 1605 2076 τινος
1630 2016 1784 2085 βασι-

187 2101 325 2165 λέως
363 2101 773 2171 παροδεύοντος.
831 2103 1043 2174 Ἐρωτᾷ
1068 2104 1125 2157 δὲ
1171 2105 1336 2159 αὑτὸν
1363 2108 1392 2159 6
1417 2105 1645 2176 Κύριος,
1694 2107 1781 2159 ἵνα

193 2194 366 2264 μήτις
400 2195 531 2264 εἴπῃ
560 2195 642 2247 ὅτι
672 2194 807 2249 ἄλλα
837 2194 1144 2265 βουλομένῳ
1200 2197 1336 2251 ἄλλα
1364 2198 1576 2253 δίδωσιν
1605 2204 1633 2252 ὁ
1665 2198 1780 2252 Κύ-

193 2302 331 2355 ριος.
381 2287 691 2356 Εύτνώμων
718 2286 776 2340 δὲ
805 2287 953 2358 ψυχὴ
988 2288 1080 2341 τοῦ
1110 2289 1312 2356 τυφλοῦ
1333 2306 1347 2323 ο
1386 2291 1514 2357 ὅσγε
1558 2292 1694 2359 peti
1719 2291 1780 2343 τὸ

188 2380 605 2450 θεραπευθῆναι
650 2381 750 2433 οὐκ
790 2381 968 2450 ἀφῆκε
993 2383 1084 2433 τον
1133 2380 1360 2451 Κύριον,
1396 2381 1513 2434 ἀλλ’
1547 2382 1781 2452 ἠκολού-

187 2473 269 2523 θει
288 2472 466 2540 αὐτῷ.
491 2470 727 2525 Δύναται
755 2472 813 2524 δὲ
833 2473 928 2524 καὶ
945 2472 1304 2539 ἁναγωγικῶς
1325 2473 1580 2543 νοηθῆναι
1598 2473 1774 2525 τοῦτο’

196 2558 423 2631 ’ίεριχὼ
452 2563 481 2613 ὁ
527 2562 691 2624 τόπος
713 2555 869 2624 οὗτος
904 2562 932 2613 6
961 2563 1139 2615 κάτω.
1176 2562 1386 2630 Τυφλὸς
1423 2564 1478 2615 δὲ
1525 2563 1774 2632 καθήμε-

185 2669 277 2715 νος
345 2651 586 2706 ἐνταῦθα
627 2654 659 2722 ἡ
694 2651 854 2722 φύσις
905 2654 940 2722 ἡ
979 2652 1294 2722 ἀνθρωπίνη
1323 2694 1338 2715 ,
1372 2653 1492 2722 ἥτις
1546 2654 1658 2716 υίὸς
1706 2649 1775 2724 ἦν

182 2736 296 2795 τοῦ
319 2744 465 2811 ὑπὲρ
490 2746 672 2797 πᾶσαν
702 2743 866 2812 τιμὴν
894 2742 1052 2798 Θεοῦ.
1085 2743 1230 2814 Αὕτη
1261 2746 1438 2797 τοίνυν
1464 2742 1663 2813 ἕκραζε
1699 2744 1778 2815 τῷ

197 2835 384 2906 Ἰησοῦ
412 2836 503 2889 διὰ
542 2837 639 2906 τῆς
706 2833 954 2906 Ἱεριχὼ,
988 2836 1234 2888 τουτέστι
1270 2836 1364 2889 τοῦ
1405 2837 1522 2907 βίου
1561 2838 1775 2902 τούτου,

183 2927 456 2981 ὁδεύοντι.
505 2927 736 2997 Ἦλέησε
791 2928 847 2980 δὲ
891 2926 1060 2998 αὐτὴν
1113 2929 1209 2981 καὶ
1249 2928 1338 2980 διὰ
1381 2931 1482 2999 τῆς
1536 2928 1775 2992 πίστεως

182 3020 629 3081 ἔσωσεν,ὲκδυσα
636 3019 801 3089 μένην
814 3024 871 3071 τὸ
888 3019 1115 3071 παλαιὸν
1130 3021 1345 3088 ἱμάτιον
1360 3019 1458 3089 τῆς
1472 3020 1769 3091 ἁμαρτίας.

1893 548 2054 605 Jesus
2082 550 2395 607 Nazareuus
2423 561 2589 616 esset,
2648 554 2813 623 coepit
2860 555 3097 610 clamare
3132 567 3190 611 et
3221 558 3402 616 dicere
3448 576 3463 615 :

1893 642 1993 696 Fili
2027 644 2191 698 David
2215 641 2369 709 Jesu,
2405 644 2666 699 miserere
2688 646 2813 699 tnei.
2842 644 2905 699 Et
2936 647 3286 717 increpabant
3316 651 3463 706 illum

1895 734 2047 788 uulti
2087 745 2143 788 ut
2200 745 2425 790 taceret.
2486 734 2552 788 At
2605 734 2694 790 ille
2736 738 2905 792 multo
2946 740 3117 809 magis
3145 740 3462 797 clamabat:

1892 828 1992 882 Fili
2023 828 2206 890 David,
2234 830 2494 882 miserere
2539 829 2667 883 mei.
2700 828 2767 883 Et
2789 829 2939 883 stetit
2975 829 3171 897 Jesus,
3208 848 3271 887 ac
3296 835 3465 901 jussit

1893 919 2041 974 illum
2075 921 2253 976 vocari
2281 937 2296 988 ;
2322 929 2377 974 ct
2404 928 2600 975 vocant
2624 932 2855 988 caecum,
2880 921 3122 980 dicentes
3146 925 3219 979 illi
3252 944 3267 979 :
3315 927 3464 983 Bono

1891 1013 2072 1067 animo
2086 1022 2239 1068 esto:
2277 1029 2455 1084 surge,
2490 1025 2647 1068 vocat
2678 1024 2748 1069 te.
2788 1013 2880 1069 Ille
2898 1030 3028 1070 vero
3060 1017 3268 1081 abiecto
3294 1019 3461 1088 pallio

1891 1121 1989 1161 suo
2009 1107 2266 1171 surrexit,
2298 1117 2350 1162 et
2371 1109 2515 1161 venit
2536 1111 2600 1161 ad
2631 1105 2843 1163 Jesutn.
2878 1107 2944 1163 Et
2963 1111 3297 1179 respondens
3328 1112 3465 1167 dicit

1891 1197 1966 1251 illi
1987 1194 2145 1250 Jesus
2171 1215 2187 1251 :
2216 1195 2356 1262 Quid
2388 1198 2470 1251 vis
2495 1197 2687 1251 faciam
2722 1198 2867 1251 tibi?
2898 1198 3088 1254 Caecus
3122 1211 3300 1255 autem
3325 1203 3467 1259 dixit

1889 1290 1976 1345 ei:
2011 1288 2280 1352 Rabboni,
2316 1300 2371 1344 ut
2409 1291 2581 1344 visum
2613 1290 2893 1360 recipiam.
2929 1288 3088 1345 ,ἰιιειιε
3118 1304 3295 1347 autem
3324 1294 3461 1347 dixit

1890 1382 1964 1437 illi
1993 1402 2006 1438 :
2042 1382 2167 1446 Abi,
2199 1382 2333 1437 ﬁdes
2359 1392 2444 1436 tua
2475 1382 2685 1436 salvum
2730 1394 2780 1437 te
2826 1384 3075 1439 reddidit.
3107 1385 3185 1437 Ac
3215 1385 3465 1452 protinus

1888 1474 2092 1543 recepit
2117 1474 2323 1540 visum,
2366 1482 2421 1527 et
2469 1475 2800 1540 sequebatur
2829 1474 3008 1528 Jesum
3030 1477 3081 1528 in
3120 1477 3224 1529 via.
3263 1492 3287 1526 ι
3321 1476 3464 1529 Mat-

1889 1567 2060 1620 thzeus
2089 1568 2223 1620 duos
2255 1579 2427 1619 cazcos
2467 1576 2653 1619 narrat
2684 1582 2699 1619 :
2732 1577 2784 1619 et
2819 1567 2932 1621 fieri
2983 1578 3158 1635 potest
3183 1568 3316 1621 duos
3339 1567 3463 1636 qui-

1888 1657 2006 1710 dem
2051 1670 2172 1710 esse
2208 1664 2429 1709 sanatos
2454 1695 2467 1717 ,
2499 1658 2641 1710 hunc
2680 1666 2863 1710 autem
2923 1671 2990 1710 ex
3032 1658 3137 1711 illis
3172 1658 3457 1713 clariorem

1889 1747 2077 1810 fuisse,
2114 1748 2268 1816 cujus
2314 1763 2457 1801 nunc
2501 1750 2833 1802 mentionem
2871 1748 3001 1803 facit
3038 1748 3268 1803 Marcus.
3324 1750 3457 1803 Vide

1885 1850 2065 1894 autem
2095 1843 2362 1910 quomodo
2387 1842 2558 1895 turba:
2584 1839 2767 1895 Jesuut
2801 1849 3150 1906 venerantur,
3188 1844 3260 1895 ita
3287 1850 3344 1896 ut
3374 1842 3458 1895 in-

1883 1943 2167 2002 creparent
2216 1949 2415 1987 caecum
2446 1935 2794 1998 clamantem,
2846 1935 2999 2002 quasi
3057 1946 3150 1989 rex
3191 1933 3455 2004 quispiam

1883 2042 2203 2109 prmteriret.
2242 2037 2413 2093 Porro
2445 2037 2600 2093 Jesus
2621 2038 2771 2092 illum
2802 2038 3119 2108 interrogat,
3152 2046 3208 2091 ut
3244 2052 3308 2091 ne
3334 2038 3456 2107 quis

1883 2135 2033 2195 putet
2073 2128 2217 2196 quod
2276 2126 2364 2181 ille
2406 2126 2509 2180 alia
2563 2128 2815 2193 voluerit,
2844 2127 3095 2183 Christus
3140 2136 3320 2182 autem
3351 2127 3454 2183 alia

1880 2217 2279 2273 dederit.Grati
2310 2227 2492 2272 autem
2518 2218 2679 2271 animi
2704 2233 2877 2273 caecus
2893 2227 3035 2283 erat,
3054 2219 3145 2287 qui
3164 2225 3453 2287 postquam

1880 2334 2100 2379 sanatus
2124 2334 2227 2389 est,
2252 2322 2434 2377 Jesutn
2472 2339 2574 2378 non
2596 2323 2800 2379 dimisit
2822 2365 2838 2390 ,
2865 2325 2959 2379 sed
3013 2335 3235 2381 secutus
3266 2335 3353 2380 est
3385 2325 3456 2379 il—

1881 2417 2012 2471 lum.
2062 2413 2179 2469 tiam
2223 2424 2278 2469 et
2327 2429 2422 2483 per
2459 2429 2735 2484 anagogen
2788 2415 3090 2484 intelligere
3115 2430 3450 2487 possumus:

1877 2504 2094 2560 Iericho
2144 2504 2291 2559 locus
2339 2505 2439 2559 iste
2474 2505 2697 2558 inferior
2721 2513 2851 2559 est:
2893 2520 3068 2559 caecus
3121 2517 3298 2559 autem
3362 2505 3451 2574 qui

1879 2598 2030 2651 sede't
2058 2597 2157 2650 hoc
2187 2596 2326 2660 loco,
2363 2597 2594 2649 humana
2623 2605 2705 2650 est
2738 2605 2930 2650 natura
2956 2636 2971 2660 ,
3014 2611 3132 2665 quae
3161 2597 3309 2651 Illius
3338 2605 3457 2651 erat

1880 2684 1998 2749 Dei,
2033 2687 2122 2754 qui
2182 2700 2394 2738 omnem
2448 2695 2670 2755 superat
2718 2686 3062 2755 dignitatem.
3126 2686 3232 2740 ista
3288 2685 3456 2756 igitur

1878 2778 2147 2833 clamabat
2188 2781 2253 2832 ad
2287 2776 2492 2842 Jesum,
2530 2793 2625 2847 per
2655 2777 2930 2838 Hiericho.
2993 2779 3047 2831 id
3080 2788 3164 2834 est
3194 2780 3334 2832 hunc
3369 2780 3454 2831 ri-

1880 2880 2012 2935 tam,
2044 2879 2282 2925 euntem.
2307 2870 2671 2924 Misericordia
2702 2880 2883 2924 autem
2921 2880 3098 2924 motus
3128 2884 3255 2937 erga
3281 2871 3450 2934 illam,

1879 2973 1931 3017 et
1961 2973 2180 3032 propter
2209 2963 2391 3025 ﬁdem,
2422 2961 2628 3016 salvam
2658 2977 2778 3016 eam
2831 2959 2988 3027 fecit,
3025 2959 3115 3014 ubi
3145 2972 3295 3015 vetus
3325 2974 3453 3029 pec-

1879 3055 1984 3106 cati
2009 3054 2383 3108 vestimentum
2435 3053 2609 3106 exuit.
2652 3051 2876 3107 Servata
2921 3062 3101 3106 autem
3146 3059 3332 3105 secuta
3366 3060 3454 3106 est

184 3112 440 3166 Σωοεῖσα
454 3111 510 3165 δὲ
525 3109 887 3181 ἠκολούθησεν
898 3111 1068 3181 αὐτῷ,
1088 3111 1427 3182 ἐργαζομένη
1445 3114 1543 3174 τὰς
1558 3112 1773 3176 ἐντολὰς

1883 3144 2054 3207 illum,
2088 3142 2335 3197 faciendo
2354 3146 2602 3197 mandata
2626 3145 2677 3198 in
2700 3145 2808 3208 via,
2834 3144 2936 3198 hoc
2969 3152 3050 3199 est
3104 3145 3156 3197 in
3190 3144 3292 3199 hac
3321 3144 3450 3198 vita.

182 3205 242 3258 ἑν
280 3208 352 3275 τῇ
397 3203 529 3273 ὁδῷ,
580 3203 856 3257 τουτέστιν
907 3205 963 3255 ἐν
1014 3202 1091 3271 τῷ
1141 3202 1242 3273 βίῳ
1272 3206 1468 3274 τούτῳ,
1511 3204 1775 3259 Ἐνταῦθα

183 3297 300 3368 γὰρ
350 3297 499 3350 ἔστιν
534 3295 894 3367 ἀκολουθῆσαι
931 3294 1010 3364 τῷ
1034 3296 1254 3367 Χριστῷ
1285 3310 1301 3328 ⁸
1331 3298 1471 3365 μετὰ
1508 3298 1566 3351 δὲ
1606 3299 1781 3356 ταῦτα

182 3388 572 3444 ἀποκλείονται
603 3388 803 3452 πάντες
840 3386 935 3440 τοῦ
974 3387 1300 3457 ἐργάζεσθαι
1333 3389 1432 3454 τὰς
1473 3391 1715 3455 ἐντολάς.

789 3499 1044 3554 ΚΕΦΔΛ.
1106 3500 1210 3554 1Δ’.

183 3613 331 3682 Περὶ
358 3610 739 3685 τοῦᾲπῴλου.
788 3613 927 3685 Περὶ
958 3612 1065 3685 τῆς
1103 3613 1511 3683 ξηρανθείσης
1547 3616 1771 3685 συκῆς.

256 3680 405 3750 Περὶ
433 3680 548 3737 τῶν
565 3683 976 3752 ὲκ6.ληθέντων
993 3684 1059 3736 ἐκ
1082 3685 1187 3736 τοῦ
1211 3686 1371 3751 ἱεροῦ
1397 3680 1768 3752 τρᾱπεᾷτῶὖ.

256 3752 406 3825 Περὶ
456 3753 560 3806 τοῦ
613 3750 1069 3825 θάρσουςᾲπρρς
1105 3754 1213 3825 τὸν
1260 3750 1436 3808 Θεόνζ
1469 3758 1609 3823 Περὶ
1661 3756 1773 3825 τῆς

255 3823 723 3891 ἀμνησικακιας.
767 3823 903 3890 Περὶ
965 3822 1084 3875 τῶν
1105 3822 1611 3891 ἐπερωτησάντων
1659 3822 1767 3879 τόν

259 3895 484 3960 Κύριον
513 3892 837 3960 ἀρχιερέων
865 3892 963 3945 καὶ
984 3893 1426 3962 πρεσϐυτέρων.

257 4006 374 4060 Καὶ
400 4006 488 4059 ὅτε
519 4003 824 4075 ἐγγίζουσιν
850 4006 930 4068 είς
980 4002 1359 4075 Ἰερουσαλὴμ,
1394 3987 1476 4065 Si;
1509 4003 1768 4077 Βεθφατῆ

181 4100 286 4154 καὶ
305 4096 578 4167 Βηθανίαν
620 4096 754 4167 πρὸς
784 4096 845 4149 τὸ
882 4096 1006 4167 ὅρος
1029 4097 1139 4182 τῶν
1168 4097 1418 4160 Ἐλαιτίιν⁹
1453 4096 1773 4152 ἀποστέλλει

178 4191 283 4244 δύο
314 4190 424 4243 τῶν
455 4188 713 4259 μαθητῶν
738 4187 1033 4252 αύτοῦ,κκ”ι
1063 4188 1212 4256 λέγει
1245 4188 1426 4251 αὐτοῖς
1456 4186 1762 4256 ·⁹Υπάγετε

181 4281 268 4343 είς
306 4279 405 4349 τὴν
462 4279 654 4350 κώμην
693 4277 791 4348 τὴν
842 4277 1136 4331 κατέναντι
1186 4278 1378 4347 ὑμῶν·
1425 4280 1519 4331 καὶ
1564 4278 1767 4341 εὐθέως

184 4372 638 4444 εἰσπορευόμενοι
686 4371 767 4433 είς
796 4370 993 4440 αὐτὴν,
1025 4370 1290 4441 εὑρήσετε
1337 4370 1521 4423 πῶλον
1553 4370 1772 4442 δεδεμέέ

184 4482 301 4529 νον,
338 4463 423 4532 ἐφ’
455 4461 515 4516 ὃν
541 4462 712 4525 οὐδεὶς
744 4460 1044 4531 ἀνθρώπων
1070 4460 1346 4515 κεκάθικε.
1374 4462 1646 4526 Λύσαντες
1672 4465 1770 4515 αύ-

1883 4467 2054 4521 uulius
2095 4465 2374 4518 hominum
2408 4464 2545 4518 sedit
2589 4479 2604 4516 :

184 4558 279 4609 τὸν
332 4556 596 4623 ἀγάγετε,
638 4554 734 4606 καὶ
792 4554 886 4607 ὲὰν
916 4569 999 4615 τις
1049 4553 1176 4623 ὑμῖν
1226 4552 1358 4625 εἴπῃ
1390 4568 1404 4584 ο
1448 4552 1512 4605 Τί
1560 4555 1764 4606 ποιεῖτε

185 4648 386 4712 τοῦτο;
429 4649 621 4700 εἴπατε
652 4646 735 4698 ὅτι
779 4646 805 4698 6
833 4644 1035 4715 Κύριος
1067 4642 1232 4697 αὑτοῦ
1268 4644 1458 4715 χρείαν
1495 4645 1629 4715 ἔχει,
1673 4644 1767 4698 καὶ

184 4742 390 4805 εὐθέως
414 4740 576 4795 αὑτὸν
605 4738 895 4793 ἀποστελεῖ
926 4732 1052 4791 ὦδε.
1098 4735 1369 4804 ’Δπῆλθον
1394 4736 1471 4802 δὲ,
1499 4736 1590 4788 καὶ
1613 4731 1769 4807 εὖρον

184 4833 367 4886 πῶλον
387 4832 669 4902 δεδεμένον
686 4829 819 4900 πρδς
844 4830 943 4901 τὴν
977 4827 1148 4896 θύραν
1170 4827 1293 4894 ἔξω,
1346 4828 1440 4880 ἐπὶ
1471 4829 1567 4899 τῆς
1598 4829 1753 4897 ἀμφ-

184 4927 333 4990 όδου,
365 4926 461 4979 καὶ
539 4922 759 4976 λύουσιν
792 4922 975 4975 αὐτόν.
1005 4919 1112 4975 Καί
1144 4936 1289 4983 τινες
1327 4919 1436 4972 τῶν
1464 4922 1581 4973 ἐκεῖ
1606 4920 1766 4990 ἐστη-

188 5022 364 5072 κὸτων
402 5017 587 5085 ἔλεγον
610 5017 791 5077 αὐτοῖς
815 5032 827 5045 ο
850 5014 916 5066 Τί
944 5017 1145 5068 ποιεῖτε
1176 5013 1391 5077 λύοντες
1428 5014 1519 5067 τὸν
1552 5010 1766 5089 πῶλον;

186 5112 247 5162 Οἱ
277 5110 336 5163 δὲ
367 5107 521 5162 εἷπον
563 5108 745 5169 αὐτοῖς
767 5146 783 5171 ,
814 5103 992 5170 καθὼς
1045 5105 1344 5159 ἐνετείλατο
1392 5105 1568 5168 αὐτοῖς
1599 5107 1627 5158 6
1667 5103 1771 5177 Ἰη-

188 5202 337 5267 σοῦς,
367 5203 463 5254 καὶ
492 5202 711 5270 ἀφῆκαν
742 5197 959 5262 αὐτούς,
999 5217 1017 5249 ι
1053 5197 1319 5261 Πολλάκις
1344 5197 1441 5268 μὲν
1458 5199 1551 5250 καὶ
1579 5196 1766 5251 ἄλλοτε

183 5289 349 5364 ἦλθεν
382 5293 462 5354 είς
510 5289 895 5361 Ἱεροσόλυμα,
931 5285 1049 5341 ἀλλ’
1093 5288 1348 5341 οὐδέποτε
1389 5287 1527 5358 μετὰ
1570 5287 1766 5342 τοσαύ-

184 5402 284 5455 της
337 5380 735 5454 περιφανείας,
791 5379 909 5451 μεθ’
944 5380 1076 5449 ὅσης
1127 5378 1243 5433 νῦν.
1292 5378 1489 5452 Πρώην
1526 5379 1623 5449 μὲν
1658 5379 1765 5451 γὰρ

185 5474 494 5541 ὲκρύπτετο
514 5471 603 5525 διὰ
627 5470 719 5525 τὸν
750 5471 943 5540 φθόνον
977 5468 1181 5524 αὐτῶνθ
1222 5469 1315 5524 νῦν
1342 5470 1420 5534 δὲ,
1455 5470 1642 5542 ἐπειδὴ
1669 5472 1763 5524 τοῦ

186 5564 398 5627 πάθους
427 5564 728 5633 ἐφέστηκεν
773 5564 801 5614 6
820 5559 1034 5632 καιρὸς,
1061 5560 1120 5614 ὃν
1165 5559 1325 5624 αὐτὸς
1369 5561 1545 5628 ἑαυτῷ
1572 5560 1762 5634 ὥρισε,

185 5657 570 5727 ἷαμπρότερον
608 5654 873 5725 ἔρχεται,
940 5653 1028 5707 ἵνα
1078 5653 1174 5709 ἐὰν
1222 5653 1323 5722 μὲν
1355 5652 1581 5721 θέλωσι,
1636 5671 1763 5708 συν-

182 5760 366 5839 ἠσωσι
390 5749 491 5820 τὴν
525 5746 681 5813 δόξαν
722 5745 908 5816 αὑτοῦ,
950 5746 1045 5802 καὶ
1070 5746 1177 5802 ἀπὸ
1203 5746 1314 5803 τῶν
1340 5747 1427 5800 ἐπ’
1452 5745 1599 5819 αὑτῷ
1629 5765 1762 5821 προ-

1893 3233 1992 3288 Hic
2032 3235 2173 3287 enim
2205 3249 2490 3303 possumus
2515 3235 2664 3303 sequi
2707 3234 2979 3289 Christum
3010 3247 3025 3287 :
3058 3242 3244 3302 postea
3271 3244 3451 3288 autem

1888 3326 2250 3380 excluduntur
2294 3339 2483 3379 omnes
2522 3341 2549 3379 a
2589 3324 2966 3380 mandatorum
3007 3316 3369 3395 operationea

2473 3503 2704 3559 CAPUT
2731 3502 2823 3558 XI.

1873 3619 2036 3690 230
2069 3619 2140 3672 De
2169 3620 2335 3686 Ριιίίο·
2372 3617 2443 3690 ΠΡ
2472 3618 2706 3690 arefacta
2748 3617 2873 3686 ﬁcu.
2918 3617 2990 3671 De
3024 3617 3219 3690 fugatis
3259 3634 3287 3672 e
3318 3628 3451 3671 lent-

1944 3687 2031 3759 ᾗιιο
2068 3693 2359 3759 trapezrtis.
2392 3687 2467 3740 De
2493 3689 2689 3752 ﬁducia
2722 3691 2774 3740 in
2805 3691 2988 3741 Deum.
3030 3688 3103 3742 De
3127 3688 3448 3756 injuriarum

1944 3758 2219 3814 ob.’ivione.
2270 3758 2343 3810 De
2371 3759 2692 3825 principibus
2732 3760 3100 3829 sacerdotum,
3133 3770 3180 3812 et
3222 3760 3445 3829 presby-

1943 3832 2070 3884 teris
2107 3829 2388 3881 Dominum
2428 3828 2870 3895 interrogantibus

1939 4005 2107 4061 Vsus.
2141 4003 2255 4059 1-6.
2282 4022 2299 4054 ι
2337 4002 2550 4055 Etcum
2582 4001 3018 4070 appropinquant
3055 4000 3446 4072 Hierosolymis

1870 4101 1935 4155 ad
1957 4098 2270 4169 Bethphage
2286 4105 2340 4151 et
2367 4092 2679 4148 Bethaniam
2702 4092 2856 4163 juxta
2884 4104 3117 4147 montem
3145 4092 3442 4160 Olirarum,

1868 4190 2070 4247 emittit
2096 4190 2233 4244 duos
2271 4203 2302 4243 e
2334 4187 2618 4257 discipulis
2665 4187 2803 4252 suis,
2832 4197 2886 4240 et
2907 4185 3038 4241 dicit
3079 4187 3185 4240 illis
3220 4204 3235 4241 :
3282 4188 3447 4243 Abite

1870 4284 1924 4338 iu
1957 4283 2135 4337 vicum
2172 4281 2262 4348 qui
2296 4289 2483 4334 contra
2517 4295 2612 4333 vos
2638 4288 2739 4345 est,
2778 4288 2833 4333 et
2870 4280 3053 4333 statim
3080 4280 3446 4348 ingredientes

1872 4377 1923 4429 in
1976 4375 2145 4437 illum,
2182 4370 2469 4427 invenietis
2509 4372 2709 4439 pullum
2754 4371 3244 4443 alligatuut,supra
3282 4386 3444 4441 quem

2661 4463 2853 4517 soltite
2880 4480 3025 4528 eum,
3059 4474 3115 4518 et
3151 4464 3400 4519 adducite
3430 4480 3444 4515 :

1874 4568 1927 4612 et
1951 4560 1993 4611 si
2027 4558 2149 4627 quis
2166 4557 2322 4611 vobis
2352 4556 2551 4611 dixerit
2577 4596 2593 4621 ,
2625 4555 2733 4610 Cur
2755 4554 2932 4611 facitis
2956 4555 3094 4609 hoc?
3116 4556 3280 4611 dicite
3302 4556 3445 4630 quod

1874 4650 2131 4702 Dominus
2171 4664 2237 4703 eo
2290 4663 2423 4721 Opus
2468 4647 2631 4701 habet
2665 4666 2678 4702 :
2716 4654 2765 4700 et
2792 4648 3051 4701 continuo
3091 4647 3238 4700 illum
3271 4649 3449 4701 mittet

1871 4740 2001 4793 huc.
2036 4739 2300 4792 Abierunt
2326 4746 2528 4799 autem,
2579 4747 2633 4790 et
2666 4737 2989 4791 invenerunt
3021 4738 3220 4806 pullqu
3253 4737 3449 4806 alliga-

1871 4840 1983 4885 tum
2020 4830 2176 4901 juxta
2201 4829 2424 4899 jauuam
2468 4826 2600 4882 foris
2639 4830 2693 4882 in
2729 4829 2894 4895 bivio,
2941 4839 2996 4883 et
3027 4830 3244 4884 solvunt
3272 4829 3444 4884 illum.

1871 4922 1936 4976 Et
1974 4920 2213 4974 nonnulli
2246 4935 2436 4973 eorum
2471 4920 2559 4986 qui
2596 4917 2701 4972 illic
2736 4921 2976 4984 stabant,
3012 4920 3264 4973 dicebant
3297 4919 3441 4973 illis:

1870 5013 2009 5081 Quid
2045 5010 2221 5065 Facitis
2249 5013 2521 5064 solventes
2558 5010 2800 5078 pullum?
2840 5012 2905 5062 At
2941 5010 3017 5063 illi
3060 5011 3317 5063 dixerunt
3363 5013 3441 5065 eis

1868 5104 2325 5177 quemadmodum
2360 5102 2491 5171 ipsis
2520 5112 2848 5172 praeceperat
2880 5099 3038 5156 Jes'us
3059 5142 3072 5163 .
3099 5111 3152 5154 et
3183 5102 3438 5157 sinebant

1869 5200 2008 5255 illos.
2046 5216 2063 5249 ι
2102 5194 2255 5267 Saepe
2296 5197 2458 5251 etiam
2508 5196 2642 5248 alias
2685 5195 2834 5248 venit
2867 5192 3322 5263 Hierosolymam,
3347 5197 3440 5247 sed

1870 5305 2142 5359 nunquam
2176 5305 2296 5343 cum
2333 5299 2481 5342 tanta
2516 5287 2816 5355 majestate,
2846 5296 3047 5356 quanta
3080 5301 3249 5339 nunc.
3284 5285 3441 5341 Prius

1867 5382 2083 5450 quidem
2116 5378 2462 5435 delitescebat
2489 5388 2709 5447 propter
2741 5376 2997 5429 invidiam
3020 5375 3271 5435 illorum:
3296 5392 3439 5430 nunc

1866 5485 2071 5538 autem,
2098 5474 2222 5543 quia
2254 5472 2527 5542 passionis
2562 5480 2771 5539 tempus
2789 5472 2999 5536 aderat,
3027 5471 3166 5539 quod
3198 5468 3315 5538 ipse
3335 5469 3438 5530 sibi

1866 5568 2261 5638 prmtinirerat,
2303 5564 2503 5619 clarior
2549 5563 2697 5617 venit
2742 5580 2758 5618 :
2797 5573 2855 5617 ut
2893 5562 2938 5617 si
2977 5561 3164 5629 velint,
3207 5562 3434 5634 gloriam

1866 5657 1983 5727 ejus
2017 5656 2350 5726 intelligant,
2405 5664 2461 5710 et
2505 5670 2571 5710 ex
2617 5656 2914 5725 prophetiis
2944 5670 3062 5725 quae
3092 5654 3147 5709 in
3194 5652 3309 5725 ipso
3335 5655 3434 5709 im-

1865 5751 2022 5823 pletae
2052 5758 2231 5818 erant,
2263 5760 2562 5822 agnoscant
2583 5764 2704 5807 eum
2735 5763 2857 5808 esse
2885 5748 3054 5806 Deum
3099 5763 3323 5817 verum;
3349 5748 3435 5807 sin
