3866 6448
385 292 485 360 6H

1302 286 1881 356 THEOPHYLACTI
1920 283 2334 349 BULGARIE
2369 281 2718 345 ARCHIEP.

3555 284 3649 348 612

385 408 594 472 nolint,
653 404 707 459 in
757 401 1016 471 majorem
1065 401 1569 457 condemnationem
1618 416 1807 456 eorum
1867 400 1957 460 sit,

2094 395 2310 467 interibi:
2344 395 2743 467 τελειουμένων
2802 395 3101 466 ἐπιγνῶσιν
3150 395 3238 450 ὅτι
3289 394 3496 468 ἀληθὴς
3533 399 3649 467 Θεός

389 496 531 566 quod
568 495 735 549 etiam
787 501 894 547 tam
943 490 1107 547 claris
1151 491 1427 546 miraculis
1461 507 1567 546 non
1605 491 1960 546 crediderim.

389 585 526 641 Vide
553 588 694 640 enim
725 594 858 655 quot
891 583 1001 639 sint
1029 584 1116 639 hic
1143 583 1404 638 miracula
1445 598 1566 652 quae
1603 583 1683 638 eis
1714 582 1816 636 hoc
1850 582 1966 636 loco

391 680 612 735 dixerit.
647 677 792 732 Dixit
821 679 938 732 eis:
969 677 1259 731 Invenietis
1277 677 1516 744 pullum;
1556 676 1692 730 dixit
1721 691 1815 730 eos
1848 690 1969 744 pro-

395 771 621 825 hibitum
655 769 742 835 iri,
774 778 830 824 et
861 768 1058 822 deinde
1085 782 1206 821 cum
1250 768 1531 822 dicerent:
1571 765 1830 820 Dominus
1877 765 1967 819 illo

392 876 528 932 opus
587 862 785 928 habet,
833 859 970 914 dixit
1003 857 1408 912 dimittendum.
1453 855 1780 924 Neutiquam
1821 857 1968 910 enim

394 955 498 1010 hoc
545 969 734 1024 parum
781 951 976 1007 fuisset
1021 951 1280 1020 apostolis
1324 949 1562 1020 permitti
1600 958 1659 1002 ut
1696 947 1971 1002 abducant

395 1047 624 1116 pullum,
681 1043 784 1098 nisi
840 1044 1020 1098 divina
1068 1043 1314 1112 quaedam
1349 1043 1522 1095 virtus
1548 1040 1799 1095 dominos
1839 1038 1968 1109 pulli

399 1139 689 1208 adegisset,
711 1135 1010 1204 praesertim
1040 1149 1320 1204 pauperes,
1346 1143 1399 1186 et
1418 1133 1682 1202 agricolas
1703 1131 1970 1198 fortassis,

397 1241 458 1284 ut
497 1230 696 1284 animal
721 1227 850 1282 illud
897 1227 1256 1281 dimitterent.
1292 1226 1544 1280 Attamen
1597 1225 1746 1280 disce
1791 1224 1974 1278 Domi-

399 1340 526 1380 num
566 1324 618 1378 id
661 1338 765 1377 non
795 1323 912 1376 sine
946 1335 1108 1376 causa
1152 1319 1390 1375 fecisse:
1427 1333 1602 1387 neque
1638 1318 1784 1372 enim
1839 1332 1974 1387 opus

400 1417 636 1471 habebat
661 1414 828 1485 pullo,
867 1413 959 1482 qui
988 1413 1149 1468 toties
1196 1411 1435 1467 Iudaeam
1472 1422 1527 1464 et
1550 1410 1826 1464 Galilaeam
1854 1423 1974 1477 per-

401 1520 690 1580 agraverat
734 1525 749 1562 :
809 1511 903 1562 sed
951 1509 1292 1560 monstrabat
1329 1505 1469 1572 quod
1509 1517 1674 1572 super
1715 1502 1971 1571 populum

400 1602 638 1670 gentium
669 1614 919 1655 sessurus
952 1608 1134 1664 esset,
1162 1598 1254 1666 qui
1292 1606 1401 1649 tum
1436 1593 1746 1649 incredulos
1771 1601 1888 1647 erat
1921 1601 1977 1646 et

2068 490 2238 543 ἐστιν.
2294 489 2357 541 El
2397 488 2454 542 δὲ
2509 489 2584 560 μὴ
2617 489 2888 560 θελήσωσι
2925 490 3200 554 συνιέναι,
3237 491 3323 554 εἰς
3350 491 3650 564 κατάκριμα

2073 577 2258 648 μεῖζον
2288 579 2472 642 αὐτοῖς
2497 578 2608 650 εἴη,
2663 580 2746 633 ὅτι
2795 581 2916 634 οὐδὲ
2967 582 3110 651 μετά
3140 580 3398 635 τοσαῦτα
3443 581 3651 656 λαμπρὰ

2071 671 2327 741 θαύματα
2355 671 2705 726 ἐπίστευσαν.
2735 673 2880 744 Ὅρα
2925 673 3036 744 γὰρ
3086 674 3246 728 πόσα
3283 674 3524 728 ἐνταῦθα
3566 694 3651 749 ση-

2074 768 2221 834 μεῖα.
2253 761 2418 818 Εἶπεν
2444 765 2647 830 αὐτοῖς,
2686 766 2769 819 ὅτι
2823 767 3098 839 Εὑρήσετε
3136 767 3352 822 πῶλον.
3392 763 3556 824 Εἶπεν
3582 773 3652 828 ὅτι

2071 855 2479 927 κωλυθήσονται
2501 895 2518 922 ,
2564 853 2687 910 εἶτα
2716 857 2980 924 είπόντες,
3012 859 3096 913 δτι
3145 859 3214 913 Ὀ
3245 859 3454 931 Κύριος
3481 863 3655 934 χρῄζει

2071 949 2259 1014 αὐτοῦ,
2295 949 2637 1020 ὲαθήσονται.
2667 951 2804 1004 Οὐδὲ
2827 951 2935 1021 γὰρ
2957 952 3077 1005 ούδὲ
3104 951 3282 1005 τοῦτο
3313 953 3510 1023 μικρόν
3530 955 3654 1022 ἐστι,
3731 1019 3738 1028 ,

2075 1040 2137 1092 τὸ
2171 1041 2592 1112 συγχωρηθῆναι
2618 1043 2743 1106 τοὺς
2767 1043 3102 1107 ἀποστόλους
3141 1043 3402 1112 ἀπάγειν
3431 1043 3520 1098 τὸν
3558 1048 3656 1099 πῶ-

2075 1131 2185 1194 λον,
2208 1131 2346 1202 ὅπερ
2381 1131 2480 1184 ούκ
2509 1132 2574 1185 ἂν
2607 1133 2823 1201 ἐγένετο
2851 1135 2899 1186 εί
2937 1134 3012 1206 μὴ
3044 1133 3169 1187 θεία
3197 1151 3289 1198 τις
3325 1135 3536 1208 ἀνάγκη
3567 1140 3653 1191 ἐπι

2078 1224 2257 1277 έκειτο
2281 1227 2394 1288 τοῖς
2433 1225 2644 1296 κυρίοις
2673 1225 2766 1279 τοῦ
2798 1226 2978 1279 πώλου
3009 1227 3422 1297 ἀναγκάζουσα
3455 1231 3653 1296 αὐτοὺς,

2079 1316 2256 1368 καίτοι
2275 1317 2513 1385 πένητας
2532 1316 2693 1380 ὄντας
2722 1317 2815 1370 καὶ
2839 1319 3124 1388 γεωργοὺς
3147 1318 3352 1389 τυχὸν,
3378 1322 3584 1388 ἀφεῖναι
3607 1323 3656 1377 τὸ

2079 1409 2239 1471 ζῶον.
2275 1409 2420 1477 Πλὴν
2457 1408 2715 1478 μάνθανε,
2745 1411 2827 1462 ὅτι
2849 1411 2908 1462 ού
2944 1413 3126 1480 μάτην
3171 1411 3344 1464 τοῦτο
3381 1413 3657 1482 ἐποίησε·νὸ

2080 1499 2302 1568 Κύριος.
2347 1499 2479 1550 Οὐδὲ
2511 1499 2620 1568 γὰρ
2652 1498 2848 1571 ἔχρῃζε
2879 1498 2970 1551 τοῦ
2999 1499 3211 1562 πώλου,
3240 1501 3271 1553 ὁ
3303 1499 3658 1571 πολλάκιςτὴν

2081 1591 2372 1644 Γαλιλαίαν
2399 1592 2493 1644 καὶ
2526 1591 2625 1660 τὴν
2662 1592 2921 1645 Ἰουδαίαν
2952 1592 3174 1646 ἅπασαν
3211 1591 3518 1662 ὲκπεριῖών
3539 1595 3654 1664 (74)·

401 1691 744 1755 ineruditus,
779 1699 835 1746 et
863 1690 1075 1744 vinctus
1113 1689 1349 1758 peccatis
1388 1687 1504 1742 suis
1537 1687 1588 1738 in
1645 1685 1824 1751 bivio,
1877 1685 1977 1739 hoc

2094 1681 2220 1733 ἀλλὰ
2252 1681 2513 1734 δεικνύων
2537 1682 2620 1733 ὅτι
2665 1683 2757 1733 ἐπὶ
2789 1687 2893 1738 ,τὸν
2923 1681 3137 1735 ἐθνικδν
3170 1681 3308 1734 λαζν
3334 1680 3655 1752 ἐπιϐήσεται,

297 1854 300 1856 γ
399 1792 485 1838 est
508 1784 611 1836 vita
641 1783 762 1847 hac,
817 1781 1216 1850 apudjanuam,
1241 1795 1358 1847 quae
1374 1788 1626 1835 estextra
1656 1775 1976 1832 Ecclesiam.

2094 1774 2138 1836 ὃς
2171 1773 2400 1844 ἀπειθὴς
2432 1775 2530 1844 μὲν
2559 1769 2627 1846 ἦν
2666 1775 2762 1829 καὶ
2801 1775 3130 1837 ἀπαίδευτος
3152 1815 3168 1840 ,
3219 1773 3438 1827 ἐδέδετο
3465 1776 3519 1828 δὲ
3556 1779 3656 1840 ταῖς

402 1875 628 1938 Solutus
665 1885 748 1931 est
793 1883 978 1929 autem
1014 1874 1082 1929 ab
1115 1873 1374 1944 apostolis
1422 1885 1517 1940 per
1568 1870 1899 1940 baptismum
1927 1878 1983 1922 et

405 1969 564 2023 fidem
603 1984 618 2021 :
647 1979 702 2023 et
734 1975 922 2022 vectus
952 1977 1034 2021 est
1056 1967 1106 2020 in
1136 1981 1200 2020 eo
1245 1965 1506 2017 Dominus
1530 2000 1548 2026 ,
1592 1977 1715 2017 cnm
1753 1960 1980 2030 apostoli

406 2058 734 2113 vemimenta
763 2074 882 2122 sua,
918 2057 1022 2111 hoc
1054 2065 1159 2119 est,
1185 2069 1400 2109 omnem
1431 2053 1522 2121 qni
1554 2061 1639 2105 est
1681 2066 1748 2105 ex
1786 2051 1984 2102 virtute

410 2152 662 2206 decorem
710 2149 1116 2219 imposuissent.
1151 2146 1306 2200 Prius
1333 2145 1474 2199 enim
1509 2142 1638 2197 nudi
1678 2154 1832 2196 erant
1863 2157 1990 2210 gen-

409 2245 530 2300 tiles
575 2254 628 2300 el
665 2242 952 2306 deformes,
994 2250 1274 2310 patrantes
1308 2237 1510 2292 nefaria
1539 2252 1554 2290 :
1581 2246 1865 2308 postquam
1891 2249 1990 2287 an-

413 2348 520 2392 tem
553 2337 619 2389 ab
651 2335 910 2406 apostolis
954 2334 1168 2386 adducti
1200 2329 1456 2393 fuerunt,
1483 2338 1610 2384 tunc
1642 2331 1866 2382 honeste
1897 2329 1982 2379 di-

409 2431 660 2484 dicerunt
690 2427 1066 2488 anibnlare,et
1092 2435 1374 2495 propterea
1404 2423 1568 2478 etiam
1604 2422 1656 2475 in
1709 2420 1845 2491 ipsis
1869 2419 1984 2474 fer-

409 2528 500 2575 tur
545 2530 787 2590 geslatus
827 2518 1101 2573 Christus.
1135 2518 1364 2584 Quinam
1405 2525 1587 2568 autem
1623 2513 1864 2579 fuerunt,
1891 2513 1981 2581 qni

411 2615 564 2682 prius
584 2620 742 2667 erant
767 2611 972 2666 domini
1004 2611 1153 2678 pulli,
1181 2609 1271 2678 ‘lui
1304 2608 1577 2677 apostolos
1603 2607 1983 2674 prohiberent;

414 2720 597 2759 nonne
641 2703 866 2758 omnino
915 2702 1072 2773 231
1125 2700 1434 2756 daemones?
1472 2699 1614 2755 Sane
1641 2707 1696 2753 et
1737 2699 1822 2754 his
1853 2712 1984 2767 apo-

417 2797 546 2852 stoli
593 2795 1016 2864 praevaluerunt.

2075 1863 2304 1927 οἰκείαις
2334 1865 2630 1936 ἁμαρτίαις
2659 1867 2715 1918 ὲν
2739 1868 2802 1936 τῇ
2836 1867 3062 1936 ἀμφόδῳ
3090 1908 3104 1932 ,
3157 1865 3420 1935 τουτέστι
3452 1867 3526 1936 τῷ
3572 1868 3658 1939 βίῳ

2079 1955 2278 2024 τούτῳ,
2312 1956 2444 2025 πρὸς
2471 1955 2570 2024 τῆν
2589 1955 2762 2025 θύραν
2787 1995 2803 2020 ,
2829 1956 2996 2026 ἡγουν
3033 1957 3142 2022 ἐξω
3175 1956 3284 2027 τῆς
3325 1957 3654 2026 Ἐκκλησίας.

2097 2047 2294 2118 Ἐλύθη
2326 2047 2384 2100 δὲ
2422 2049 2573 2119 ποιρά
2601 2048 2711 2102 τῶν
2747 2049 3010 2119 μαθητῶν
3042 2049 3132 2102 διὰ
3158 2050 3261 2102 τοῦ
3303 2050 3657 2120 βαπτίσματος

2083 2139 2179 2192 καὶ
2223 2141 2322 2210 τῆς
2381 2139 2623 2203 πίστεως
2653 2157 2669 2172 θ
2704 2142 2799 2194 καὶ
2849 2142 3110 2213 ἐπωχήθη
3176 2143 3336 2214 αύτῷ
3381 2145 3410 2195 ό
3453 2145 3653 2215 Κύριος,

2084 2231 2382 2285 ἐπιθέντων
2430 2231 2541 2285 τῶν
2586 2233 2899 2287 ἀποστόλων
2937 2235 3007 2287 τὰ
3040 2235 3243 2304 ἱμάτια
3283 2234 3492 2299 αὐτῶν,
3524 2254 3653 2289 τουτ-

2092 2325 2209 2378 έστι
2265 2328 2445 2379 πᾶσαν
2490 2327 2906 2397 εὐσχημοσύνην
2959 2327 3057 2398 τὴν
3102 2328 3164 2395 ἐξ
3200 2327 3433 2397 ἀρετῆς.
3482 2329 3654 2400 Πρώην

2093 2417 2190 2486 μὲν
2214 2417 2323 2484 γὰρ
2353 2417 2550 2487 γυμνοὶ
2580 2416 2731 2481 ὄντες
2761 2419 2809 2470 οἱ
2837 2420 2894 2484 ἐξ
2947 2419 3119 2471 ἐθνῶν
3153 2420 3478 2491 ἀσχήμονες
3514 2417 3653 2490 ἦσαν,

2093 2514 2422 2581 πράττοντες
2471 2515 2711 2586 ἄθεσμα.
2769 2517 2926 2572 Ἐπεὶ
2963 2517 3019 2571 δὲ
3075 2518 3184 2571 ὑπὸ
3215 2519 3330 2572 τῶν
3366 2519 3652 2572 ἀποστόλων

2091 2603 2356 2674 ηχθησαν,
2377 2605 2494 2658 τότε
2513 2606 2576 2676 δὴ
2593 2608 2713 2658 τότε
2732 2607 3082 2677 εὐσχημόνως
3101 2607 3315 2677 ἔμαθον
3337 2613 3653 2678 περιπατεῖν,

2091 2699 2186 2749 καὶ
2211 2697 2297 2749 διὰ
2318 2697 2475 2750 τοῦτο
2496 2699 2590 2751 καὶ
2613 2699 2696 2751 ἐπ’
2715 2698 2895 2751 αὐτῶν
2915 2700 3139 2772 φέρεται
3158 2703 3186 2753 ὁ
3209 2702 3448 2774 Χριστὸς
3479 2702 3652 2771 βαστα-

2093 2788 2340 2859 ζόμενος.
2356 2788 2586 2856 Τίνεςδὲ
2608 2787 2746 2862 ἦσαν
2763 2793 2808 2844 οι
2828 2792 3018 2875 πρώην
3037 2793 3303 2848 δεσπόται
3323 2793 3417 2846 τοῦ
3436 2794 3597 2847 πώλου
3614 2795 3654 2846 οι

413 2884 712 2950 κωλύοντες
743 2889 869 2949 τοὺς
904 2885 1264 2950 ἀποστόλους,
1295 2885 1328 2957 ἢ
1355 2883 1570 2949 πάντως
1593 2883 1643 2938 οἱ
1678 2882 1935 2954 δαίμονες
1957 2899 1972 2948 ;
1998 2882 2164 2937 Ἀλλά
2189 2884 2282 2938 καὶ
2312 2883 2519 2938 τούτων
2544 2885 2992 2956 ἐπικρατέστεροι
3022 2887 3272 2956 γίνονται
3296 2890 3345 2942 οί
3376 2888 3650 2948 ἀπόστολοι,

488 2976 656 3032 Vens.
694 2976 843 3030 7-10.
880 2995 898 3028 ι
934 2975 998 3029 Ει
1019 2977 1359 3030 adduxerunt
1381 2975 1584 3046 pullum
1617 2977 1683 3030 ad
1704 2974 1912 3042 Jesum,
1941 2983 1988 3030 et

2176 2993 2196 3026 ι
2259 2977 2368 3029 Καὶ
2418 2976 2627 3058 ⁴Ιῃγαγον
2685 2976 2776 3030 τὸν
2843 2978 3026 3031 πῶλον
3089 2979 3233 3050 πρὸς
3289 2981 3384 3034 τὸν
3451 2979 3652 3051 Ἰησοῦν,

414 3070 723 3141 iniecerunt
752 3069 828 3123 illi
854 3071 1175 3123 vestimenta
1207 3084 1325 3132 sua,
1352 3068 1597 3138 seditque
1625 3083 1788 3138 super
1814 3068 1988 3123 illum.

415 3162 572 3218 Multi
605 3178 732 3218 vero
755 3163 1081 3217 vestimenta
1110 3176 1210 3215 sna
1259 3162 1581 3215 sternebant
1621 3161 1675 3216 in
1705 3161 1872 3228 viam,
1901 3160 1994 3214 alii

417 3268 545 3307 vero
577 3251 798 3308 frondes
837 3251 1148 3306 incidebant
1196 3264 1262 3304 ex
1321 3249 1630 3317 arboribus,
1684 3260 1740 3305 et
1771 3262 1990 3306 sterne-

417 3344 551 3399 bant
588 3346 641 3400 in
673 3345 836 3398 viam.
865 3343 933 3398 Et
979 3343 1068 3412 qui
1134 3341 1510 3412 praecedebant
1553 3341 1754 3414 quique
1812 3359 1999 3414 seque-

418 3435 619 3490 bantur
659 3434 972 3490 clamabant
1017 3433 1259 3488 dicentes
1296 3450 1312 3488 :
1348 3433 1604 3488 Hosanna
1635 3473 1651 3500 ,
1683 3433 1999 3491 benedictus

420 3530 514 3602 qui
558 3529 706 3584 venit
741 3527 794 3582 in
821 3526 1037 3582 nomine
1069 3525 1302 3580 Domini.
1328 3525 1679 3582 Benedictum
1712 3529 1855 3596 quod
1902 3544 1994 3585 ve-

423 3621 505 3675 nit
530 3633 778 3686 regnum,
821 3617 874 3671 in
900 3616 1119 3671 nomine
1150 3617 1357 3671 Domini
1381 3618 1553 3684 patris
1585 3618 1754 3671 nostri
1788 3615 1951 3671 David
1981 3635 1996 3672 :

421 3710 676 3766 Hosanna
711 3709 764 3764 in
796 3708 1100 3764 altissimis.
1149 3725 1169 3762 ι
1201 3708 1492 3762 Multitudo
1519 3707 1775 3777 quamdiu
1814 3708 1998 3762 incor-

425 3814 581 3874 rupta
613 3811 814 3867 manet,
849 3801 1096 3871 agnoscit
1139 3809 1400 3868 quantum
1451 3813 1586 3869 opus
1609 3809 1728 3853 erat
1756 3815 1768 3851 :
1793 3799 1914 3853 ideo
1943 3806 1999 3853 et

425 3893 621 3963 singuli
648 3907 748 3963 pro
800 3891 1006 3946 viribus
1050 3891 1164 3944 suis
1195 3888 1381 3944 Jesum
1444 3896 1796 3944 venerantur.
1854 3889 1999 3943 Lan-

424 3984 620 4040 dantes
651 3994 828 4038 autem
847 3980 978 4051 quid
1001 3981 1259 4047 dixerint,
1286 3981 1584 4034 videamus.
1611 3981 1654 4032 Α
1675 3979 1840 4034 David
1869 3995 2002 4036 sane

425 4076 686 4148 hymnum
743 4075 894 4129 illum
944 4087 1248 4142 sumpsere.
1308 4071 1481 4124 Porro
1541 4070 1793 4126 Hosanna
1848 4073 2000 4142 juxta

423 4167 683 4236 quosdam
715 4165 1004 4236 significat,
1049 4163 1220 4230 salva,
1252 4163 1480 4218 obsecro
1514 4163 1704 4230 :jnxta
1742 4166 1988 4234 quosdan

2123 4169 2373 4236 Ὡσαννὰ,
2411 4170 2553 4225 κατά
2589 4171 2687 4241 μέν
2717 4188 2870 4235 τινας
2896 4171 3174 4241 σημαίνει,
3208 4171 3382 4224 σῶσον
3414 4169 3498 4236 δὴ,
3528 4165 3644 4218 κατὰ

423 4273 576 4326 vero,
611 4259 889 4328 hymnum.
941 4255 1163 4311 Rectius
1213 4266 1393 4310 tamen
1425 4264 1507 4310 est
1551 4256 1691 4325 quod
1717 4257 1891 4326 primo
1921 4257 2003 4310 di-

2097 3069 2194 3122 καὶ
2248 3069 2512 3122 ἐπέϐαλον
2559 3068 2708 3138 αὐτῷ
2767 3070 2838 3123 τά
2888 3073 3076 3142 ἱμάτια
3127 3073 3354 3139 αὐτῶν,
3411 3073 3501 3128 καὶ
3543 3076 3649 3128 ἑκά·

2097 3160 2248 3213 θισεν
2295 3163 2383 3212 ἐπ’
2413 3161 2599 3216 αὐτόν.
2629 3162 2822 3216 Πολλοὶ
2847 3163 2904 3216 δὲ
2945 3165 3014 3218 τὰ
3040 3165 3240 3234 ἱμάτια
3269 3165 3450 3219 αὐτῶν
3476 3165 3650 3234 ἔστρω-

2101 3267 2202 3304 σαν
2227 3252 2306 3314 είς
2334 3251 2434 3324 τὴν
2464 3253 2581 3306 ὁδόν
2600 3271 2614 3285 ο
2655 3255 2804 3309 ἄλλοι
2832 3254 2890 3309 δὲ
2919 3256 3177 3321 στιϐάδας
3222 3257 3453 3312 ἔκοπτον
3473 3258 3530 3310 ὲκ
3563 3257 3648 3310 τῶν

2097 3340 2353 3413 δένδρων,
2381 3343 2476 3397 καὶ
2505 3345 2844 3416 ἐστρώννυον
2868 3347 2946 3410 είς
2986 3348 3086 3418 τὴν
3125 3349 3271 3406 ὀδόν.
3323 3351 3431 3403 Καὶ
3460 3351 3504 3402 οί
3532 3365 3645 3418 προ-

2099 3435 2328 3503 άγοντες
2384 3439 2480 3490 καὶ
2514 3439 2564 3491 οἱ
2612 3437 3034 3504 ἀκολουθοῦντες
3093 3441 3338 3513 ἔκραζον
3387 3442 3645 3510 λέγοντες·

2111 3528 2344 3584 Ὡσαννὰ
2366 3530 2730 3601 εὐλογημένος
2757 3533 2785 3585 ό
2808 3534 3102 3603 ἐρχόμενος
3127 3537 3186 3586 έν
3209 3535 3436 3604 ὀνόματι
3452 3534 3648 3603 Κυρίου.

2101 3619 2455 3692 Εὐλογημένη
2483 3624 2516 3693 ὴ
2548 3625 2816 3695 ἐρχομένη
2851 3624 3094 3694 βασιλεία
3126 3628 3186 3678 ἐν
3222 3627 3448 3697 ὀνόματι
3473 3626 3644 3696 Κυρίου

2101 3713 2195 3767 τοῦ
2220 3716 2426 3784 πατρὸς
2449 3716 2605 3785 ἡμῶν
2635 3716 2826 3770 Δαϐίδ·
2872 3717 3099 3771 Ὡσαννὰ
3131 3719 3190 3771 ἐν
3217 3722 3331 3782 τοῖς
3358 3719 3602 3788 ὑψίστοις.
3627 3733 3642 3766 ι

2103 3805 2176 3858 Τὸ
2213 3805 2418 3876 πλῆθος
2452 3807 2644 3877 μέχρις
2677 3807 2743 3861 ἂν
2772 3807 3099 3879 ἀδιάφθορον
3132 3810 3296 3880 μένῃ,
3330 3807 3650 3876 ἐπιγινώσκει

2102 3893 2166 3946 τὸ
2197 3894 2336 3948 δέον.
2398 3895 2489 3947 Διὸ
2523 3897 2619 3948 καὶ
2667 3895 2871 3964 τιμῶσι
2909 3895 2998 3948 τὸν
3059 3895 3269 3967 Ἰησοῦν
3323 3895 3538 3955 ἕκαστος
3586 3890 3647 3953 ὡς

2104 3979 2218 4054 εἶχε
2249 3984 2558 4056 δυνάμεως.
2590 3987 2651 4039 Οἱ
2683 3985 2736 4039 δὲ
2771 3986 3069 4054 ὑμνοῦντες
3116 3987 3171 4039 τί
3210 3987 3418 4056 ἔλεγον,
3460 3985 3644 4052 ἴδωμεν.

2119 4075 2216 4130 Ἐκ
2246 4076 2340 4129 τοῦ
2369 4077 2533 4131 Δαϐὶδ
2564 4077 2665 4148 μὲν
2695 4078 2787 4130 τὸν
2836 4077 3004 4148 ῦμνον
3031 4079 3224 4132 τοῦτον
3276 4077 3485 4132 ἔλαϐον.
3512 4074 3575 4127 Τὸ
3597 4072 3642 4126 δὲ

2105 4258 2162 4312 δέ
2185 4275 2338 4322 τινας
2381 4261 2660 4330 σημαίνει,
2701 4261 2892 4332 ὕμνος.
2940 4263 3108 4334 Πλὴν,
3139 4267 3392 4334 κρεῖττον
3439 4259 3494 4312 τὸ
3521 4255 3642 4327 πρῶ·

425 4360 592 4404 ctum.
625 4326 872 4403 liabetnr
909 4348 1057 4403 enim
1091 4350 1146 4403 in
1174 4347 1473 4404 centesimo
1503 4349 1716 4404 decimo
1773 4349 1988 4418 septiint

2106 4367 2218 4405 τον.
2263 4353 2353 4406 Ἐν
2395 4326 2516 4424 γάρ·
2534 4353 2611 4424 τῷ
2653 4326 2932 4424 ἑκατοστῷ
2981 4326 3434 4423 ἑπτακαιδεκάτῳ
3478 4326 3644 4419 ψαλμῷ

426 4439 720 4511 psalmo,[0
747 4440 995 4505 Domine,
1029 4440 1210 4505 salva,
1246 4442 1474 4496 obsecro
1505 4459 1518 4494 :
1552 4441 1604 4495 id
1643 4441 1786 4511 quod
1815 4441 1868 4494 in
1899 4440 2003 4495 lle-

428 4532 612 4586 braico
666 4530 916 4586 Hosanna
969 4533 1225 4602 scriptum
1270 4541 1369 4586 est.
1406 4529 1652 4604 Regnum
1689 4542 1867 4587 autem
1900 4530 2004 4586 Da-

428 4625 516 4679 vid
566 4639 791 4696 regnum
821 4624 1023 4681 Christi
1060 4627 1327 4690 dicebant,
1386 4636 1498 4680 tum
1548 4626 1690 4695 quod
1718 4640 1749 4679 a
1793 4626 2001 4681 semine

427 4717 593 4771 David
612 4718 876 4772 deductus
901 4715 1336 4784 essetChristus,
1374 4726 1486 4771 tum
1529 4718 1672 4786 quod
1711 4717 1878 4771 David
1916 4717 2000 4771 in-

430 4810 714 4878 terpretari
743 4811 864 4880 quis
888 4820 1087 4880 potest,
1121 4820 1395 4879 potentem
1420 4809 1502 4864 vel
1534 4810 1787 4864 idoneum
1813 4825 1998 4864 manu.

428 4901 561 4967 Quis
582 4911 758 4956 autem
795 4901 938 4956 alius
988 4916 1148 4956 manu
1186 4915 1359 4970 usque
1406 4900 1541 4955 adeo
1584 4901 1796 4955 validus
1831 4911 1886 4954 et
1908 4917 2007 4970 po-

430 5007 549 5052 lens
582 5006 639 5051 ut
665 4994 946 5062 Dominus,
978 4993 1133 5062 cujus
1160 5009 1354 5048 manus
1394 5001 1543 5047 tanta
1579 4991 1841 5047 miracula
1878 5003 2006 5047 sunt

427 5088 696 5156 operata?
722 5086 989 5142 Caeterum
1012 5094 1322 5141 sternamus
1347 5095 1404 5141 et
1424 5091 1527 5139 nos
1557 5085 1877 5138 vestimenta
1909 5098 2007 5136 no-

429 5189 566 5245 stra,
607 5181 708 5232 hoe
738 5186 824 5232 est
863 5191 1106 5232 carnem.
1159 5176 1344 5232 Vestis
1399 5175 1545 5231 enim
1588 5175 1803 5240 animae,
1852 5189 2004 5240 caro,

429 5287 590 5341 quani
621 5270 977 5339 subjiciamus
1014 5267 1267 5336 Domino,
1295 5277 1350 5324 et
1372 5278 1678 5322 sternamus
1700 5268 1843 5321 viam
1882 5267 2005 5322 vitae

429 5373 631 5418 nostrae
659 5380 675 5419 :
706 5364 1043 5430 deputantes,
1075 5371 1129 5415 et
1157 5357 1459 5415 incidentes
1499 5360 1568 5414 ab
1591 5359 1878 5414 arboribus
1911 5373 1999 5412 ra-

430 5470 568 5524 n.os,
599 5455 702 5511 hoc
747 5466 852 5525 est,
889 5467 1204 5510 sanctorum
1237 5452 1374 5508 vitas
1421 5453 1717 5507 imitemur.
1763 5452 2001 5506 Arbores

2108 4446 2320 4498 κεῖται·
2350 4441 2420 4496 Ὦ
2452 4445 2644 4516 Κύριε,
2683 4445 2854 4498 σῶσον
2890 4446 2955 4517 δή
2994 4462 3007 4476 ο
3039 4447 3174 4517 ὅπερ
3209 4449 3268 4500 ἐν
3305 4446 3380 4516 τῷ
3412 4437 3644 4512 Ἑϐραῑκῷ

2120 4536 2352 4590 Ὡσαννά
2390 4538 2724 4609 γέγραπται.
2783 4539 3067 4591 Βασιλείαν
3098 4539 3153 4591 δὲ
3196 4538 3361 4593 Λαϐιδ
3383 4537 3474 4606 τὴν
3514 4531 3641 4602 βασι·

2107 4630 2256 4684 λείαν
2281 4631 2375 4685 τοῦ
2397 4631 2636 4703 Χριστοῦ
2663 4631 2868 4699 ἔλεγον,
2893 4630 3010 4702 ἅμα
3037 4631 3135 4700 μὲν
3159 4631 3300 4684 διότι
3332 4626 3422 4682 καὶ
3449 4623 3547 4679 ἀπὸ
3565 4616 3639 4672 τοῦ

2111 4723 2427 4792 σπέρματος
2455 4721 2549 4774 τοῦ
2586 4722 2752 4775 Δαϐὶδ
2773 4724 3058 4792 ικατήγετο
3093 4723 3121 4790 ό
3151 4722 3356 4794 Κύριος
3379 4760 3394 4785 ,
3448 4717 3552 4786 ἅμα
3575 4711 3635 4774 δὲ,

2107 4813 2191 4866 ὃτι
2223 4813 2385 4866 eam
2417 4815 2806 4885 ἑρμηνεύεται,
2835 4813 3059 4876 δυνατὸς
3112 4816 3280 4885 χειρὶ,
3321 4814 3434 4882 ἦτοι
3483 4802 3634 4860 ἱκανὸς

2110 4904 2273 4974 χειρί.
2314 4905 2409 4967 Τίς
2449 4905 2505 4956 δὲ
2557 4905 2712 4968 ἄλλος
2750 4907 2933 4970 ἱκανὸς
2985 4907 3154 4977 χειρὶ,
3183 4908 3232 4958 εί
3275 4905 3348 4977 μὴ
3373 4905 3399 4954 ό
3425 4898 3633 4967 Κύριος,

2107 4991 2168 5050 οὗ
2200 4996 2254 5047 αἱ
2288 4997 2468 5066 χεῖρες
2515 4995 2753 5050 τοσαῦτα
2813 4996 3070 5067 θαύματα
3129 4996 3464 5067 ἐνήργησανς
3503 4981 3632 5037 Ἀλλὰ

2108 5087 2217 5158 γάρ
2260 5086 2592 5162 “pompeii
2639 5073 2743 5142 ’και
2792 5091 2952 5160 ἡμεῖς
2999 5089 3067 5142 τὰ
3111 5088 3300 5161 ἱμάτια
3347 5082 3508 5156 ἡμῶν,
3537 5079 3632 5144 ἢτοι

2106 5181 2207 5249 τὴν
2237 5181 2416 5250 σάρκα
2455 5181 2693 5252 (ἱμάτιον
2746 5185 2856 5252 γὰρ
2904 5183 2937 5251 ὴ
2980 5181 3119 5252 σὰρξ
3179 5182 3277 5252 τῆς
3309 5175 3512 5248 ψυχῆς),
3553 5169 3629 5219 καί

2111 5271 2472 5341 ύποτάξωμεν
2503 5273 2708 5344 ταύτην
2738 5274 2814 5344 τῷ
2844 5275 3056 5344 Κυρίῳ.
3091 5274 3203 5327 Καὶ
3227 5273 3529 5344 στρώσωμεν
3552 5259 3631 5326 τὴν

2112 5361 2233 5414 ὁδὸν
2268 5362 2359 5416 τοῦ
2385 5365 2656 5434 ἡμετέρου
2705 5365 2842 5436 βίου,
2898 5367 3190 5429 κόπτοντες
3218 5367 3282 5420 ἐκ
3315 5362 3413 5416 τῶν
3436 5353 3624 5421 δένδρων

2111 5451 2360 5519 κλάδους,
2393 5456 2661 5524 τουτέστι,
2698 5460 2823 5522 τοὺς
2861 5458 2970 5512 τῶν
3007 5457 3181 5528 ἁγίων
3227 5457 3368 5528 βίους
3399 5442 3630 5523 μιμούμε-

1421 5593 1512 5653 Ex
1546 5590 1889 5654 collatione
1937 5590 2126 5654 codd.
2163 5593 2385 5655 \‘enct.
2423 5597 2482 5657 S.
2510 5597 2726 5659 Marci.

512 5715 626 5786 (τι)
663 5714 992 5790 Ἐκπεριῖὼν
1022 5715 1186 5786 πεζῇ,
1220 5715 1376 5772 codd.
1409 5714 1503 5780 26,
1536 5714 1604 5770 50
1632 5725 1683 5769 et
1709 5715 1799 5770 51.
