3866 6448
417 283 524 346 615
990 304 993 307 δ
1076 332 1081 337 .
1350 280 1930 346 THEOPHYLACTI
1973 284 2387 347 BULGARIIE
2423 285 2779 349 ARCHIEP.
3550 283 3650 346 6l6

411 392 551 460 quod
581 390 746 444 etiam
773 392 967 460 punire
986 392 1174 461 possit.
1203 389 1376 447 Habet
1409 392 1536 447 item
1569 402 1624 446 et
1645 394 1782 446 licus
1805 400 1988 461 typum

2108 394 2257 449 Βαίων
2291 394 2644 464 Συναγωγῆς.
2692 393 2744 447 οἳ
2798 391 2971 464 φύλλα
3007 393 3168 463 μόνον
3197 386 3367 462 εἶχον,
3405 392 3651 452 τουτέστι,

410 498 694 556 synagoga;
731 481 1070 550 Iudaeorum,
1105 485 1197 564 qui
1246 484 1373 539 l'olia
1407 484 1520 540 sola
1547 485 1837 549 habebam,
1871 485 1975 541 hoc

2108 489 2248 558 νόμον
2293 489 2450 541 σκιὰν
2504 489 2689 550 αὐτοῖς
2738 486 3045 558 παρέχοντα
3073 527 3088 551 ,
3121 485 3336 555 καρπὸν
3369 482 3426 537 δὲ
3481 485 3653 538 ούδένσ.

410 589 493 630 est
526 576 721 646 legem,
756 578 1001 630 umbram
1035 577 1143 633 illis
1189 579 1543 647 praebentem,
1583 575 1818 632 fructum
1854 591 1981 633 vero

2108 576 2252 651 ετχον.
2305 580 2590 634 Ἐπείνασε
2628 580 2684 633 δὲ
2712 582 2739 633 ό
2772 579 2983 648 Ἰησοῦς
3005 579 3102 650 τὴν
3137 578 3417 648 σωτηρίαν
3460 577 3644 634 αὐτῶν.

412 672 615 725 nullum
641 669 961 725 allereltant.
1006 670 1299 724 Esuriebat
1328 679 1507 723 autem
1554 668 1714 723 Jesus
1753 669 1982 724 salutem

2108 674 2260 742 Ἐμὸν
2297 672 2429 743 γάρ,
2461 674 2619 743 φησὶ,
2651 672 2847 744 βρῶμά
2871 675 3041 737 ἐστιν,
3074 672 3163 724 ἵνα
3195 670 3338 725 ποιῶ
3376 669 3434 722 τὸ
3464 670 3657 739 θέλημα

408 766 649 819 illorum.
687 762 836 816 Meus
865 765 1009 816 enim
1039 763 1194 816 cibus
1220 770 1322 823 est,
1352 762 1546 831 inquit,
1573 770 1631 814 ut
1665 760 1860 815 faciam
1887 775 1984 815 vo-

2108 764 2179 817 τοῦ
2228 765 2443 835 Πατρός
2487 780 2612 834 μου.
2640 766 2863 835 Θέλημα
2912 764 2968 818 δὲ
3013 762 3150 816 Θεοῦ
3195 764 3255 815 τὸ
3315 763 3653 832 ἐπιστρέφειν

413 856 672 908 Ιιιιιιοιειη
711 853 890 908 Patris
922 856 1047 908 mei.
1085 853 1343 907 Voluntas
1368 863 1548 907 autem
1574 852 1757 907 Patris
1790 861 1896 920 est,
1929 862 1987 908 ut

2108 857 2216 919 ποὺς
2249 857 2685 927 ἁμαρτάνοντας.
2727 856 2883 910 Ἐπεὶ
2910 856 3091 909 τοίνυν
3114 856 3214 908 ούκ
3248 849 3368 924 εἶχε
3394 854 3598 923 καρπὸν
3621 856 3650 925 ή

413 956 731 1000 convertant
753 960 814 1000 se
844 955 1175 1014 peccatores.
1204 943 1269 996 Et
1291 945 1417 1014 quia
1454 959 1722 1015 synagoga
1749 944 1984 999 fructum

2108 940 2401 1019 κυναγωγὴ,
2437 949 2722 1020 κατηράθη
2756 948 2854 1001 καὶ
2875 947 3171 1021 ἐξηράνθη,
3206 948 3352 1019 μήτε
3385 946 3657 1018 προφήτην

414 1054 520 1094 non
552 1038 807 1103 habebat,
841 1038 1128 1092 maledicta
1159 1047 1242 1092 est
1281 1046 1337 1090 et
1377 1037 1610 1102 exaruit,
1651 1050 1825 1106 neque
1859 1051 1988 1105 pro-

2108 1040 2234 1111 μήτε
2262 1040 2582 1095 διδάσκαλον
2614 1039 2838 1111 ἔχουσα.

414 1129 655 1197 phetam,
688 1143 864 1197 neque
894 1128 1171 1181 doctorem
1201 1127 1431 1181 habens.

489 1216 651 1272 Vens.
705 1217 901 1271 l5-l8.
963 1235 983 1270 ι
1029 1219 1094 1272 Et
1156 1218 1383 1273 veniunt
1438 1216 1894 1290 Hierosolymam,
1934 1225 1990 1273 et

418 1310 697 1376 ingressus
719 1309 879 1365 Jesus
930 1312 980 1365 in
1033 1312 1313 1381 templum,
1346 1314 1511 1380 coepit
1544 1311 1743 1378 ejicere
1768 1326 1862 1368 eos
1893 1314 1986 1383 qui

417 1404 722 1457 vendebant
778 1411 835 1458 et
854 1404 1105 1458 emebant
1135 1404 1188 1458 in
1233 1405 1431 1473 templo
1486 1421 1499 1459 :
1535 1413 1590 1459 et
1630 1421 1846 1462 mensas
1879 1405 1992 1461 col-

416 1494 729 1567 lyltistat‘um
762 1536 777 1562 ,
814 1507 868 1552 ct
889 1498 1049 1552 sellas
1082 1499 1424 1553 vendentium
1456 1499 1736 1553 columbas
1764 1500 1991 1555 subver-

419 1587 527 1640 tit:
564 1595 617 1640 et
663 1602 772 1641 non
823 1589 1069 1656 permisit
1107 1599 1165 1643 ttt
1210 1590 1496 1657 quisquam
1547 1590 1859 1655 deportaret
1896 1606 1990 1645 vas

419 1693 516 1746 per
555 1678 812 1747 templum
848 1696 862 1733 :
898 1691 953 1735 et
985 1682 1214 1735 doct-hat
1240 1682 1426 1736 dicens
1453 1680 1558 1734 illis
1594 1680 1823 1735 :Nonne
1848 1683 1987 1737 scri-

420 1783 569 1841 ptum
610 1783 715 1835 est,
747 1773 946 1827 Domus
984 1787 1100 1826 mea
1165 1774 1358 1828 domus
1394 1774 1719 1841 precationis
1772 1774 1990 1828 vocabi-

421 1871 509 1917 tur
543 1865 790 1917 omnilnts
815 1864 1100 1934 gentibus?
1126 1863 1233 1919 Vos
1264 1875 1441 1917 autem
1479 1864 1683 1919 fecistis
1705 1879 1825 1918 eam
1857 1880 1983 1934 spec

422 1956 633 2009 luucam
681 1957 976 2010 latronum.
1026 1955 1092 2009 Et
1121 1955 1411 2010 audierunt
1446 1957 1651 2011 Scriba:
1694 1956 1991 2027 principes-

420 2062 527 2115 que
576 2046 942 2110 sacerdotum,
976 2056 1030 2099 et
1054 2048 1366 2115 quaerebant
1394 2047 1667 2116 quomodo
1714 2048 1862 2101 illum
1903 2061 1993 2102 es-

422 2148 545 2193 sent
609 2138 891 2205 perdituri.
935 2136 1223 2192 Titnebant
1282 2139 1425 2192 enim
1475 2152 1622 2201 eum,
1677 2141 1819 2208 quod
1876 2149 1991 2195 tota

426 2234 582 2287 turba
612 2232 983 2286 admirabatur
1018 2233 1320 2286 doctrinam
1350 2232 1514 2286 illius.
1556 2251 1575 2285 ι
1626 2233 1778 2298 Quod
1811 2234 1992 2303 ejece-

424 2325 497 2379 rit
525 2327 839 2389 vendentes,
878 2325 1039 2378 etiam
1068 2323 1304 2378 Joannes
1337 2334 1526 2377 narrat
1560 2341 1573 2377 :
1624 2325 1718 2379 sed
1752 2323 1991 2379 Joannes

425 2415 481 2469 in
518 2416 784 2484 principio
817 2415 1125 2484 Evangelii,
1165 2416 1252 2469 hic
1279 2421 1457 2469 autem
1483 2416 1583 2469 sub
1611 2414 1792 2469 linem.
1839 2413 1990 2469 Veri-

426 2508 605 2562 simile
640 2508 805 2577 igitur
837 2508 936 2561 hoc
956 2508 1195 2562 secundo
1225 2506 1447 2567 factum.
1474 2522 1582 2576 quo
1607 2509 1767 2561 etiam
1792 2505 1997 2562 ludam-

427 2614 546 2653 rum
579 2599 858 2654 accnsmio
890 2599 1062 2667 major
1093 2608 1237 2653 esset
1279 2616 1292 2651 :
1326 2599 1765 2667 quandoquidem
1818 2614 1996 2670 neque

426 2704 549 2741 enm
603 2704 747 2759 sirpe
807 2691 951 2744 idem
996 2688 1186 2744 fecerit
1230 2689 1508 2752 Dominus,
1553 2697 1682 2744 sunt
1727 2691 1993 2745 conversi.

429 2780 747 2852 Speluncam
777 2792 955 2835 autem
989 2781 1254 2835 latronum
1312 2782 1559 2836 nominat
1592 2783 1847 2850 templum
1874 2798 2000 2852 pro-

427 2888 547 2945 pter
574 2874 882 2929 avaritiam.
920 2872 1216 2929 Latronum
1271 2875 1420 2928 enim
1452 2888 1622 2943 genus
1669 2877 1734 2927 ad
1789 2874 1997 2928 lucrum

422 2977 657 3041 spectat.
715 2967 779 3022 Et
809 2968 1066 3036 quoniam
1105 2967 1271 3021 etiam
1330 2967 1407 3020 illi
1459 2978 1677 3036 propter
1730 2967 2000 3022 sacriﬁcia

2168 1236 2187 1271 ι
2227 1218 2337 1273 Καὶ
2396 1218 2645 1290 ἔρχονται
2692 1220 2773 1282 sl;
2809 1216 3181 1288 Ἰεροσόλυμα.
3216 1217 3332 1272 Καὶ
3358 1216 3658 1272 εἰσελθὼνδ

2104 1310 2313 1382 Ἰησοῦς
2351 1312 2433 1376 είς
2458 1311 2519 1366 τὸ
2577 1311 2744 1382 ἱερὸν,
2795 1309 3002 1383 ἤρξατο
3051 1308 3341 1363 ἐκϐάλλειν
3398 1309 3521 1372 τοὺς
3558 1324 3657 1362 πω-

2091 1404 2317 1468 λοῦντας
2338 1407 2433 1458 καὶ
2461 1403 2831 1475 ἀγοράζοντας
2858 1406 2916 1457 ἐν
2952 1403 3032 1474 τῷ
3079 1403 3233 1473 ἱερῷ.
3261 1401 3379 1456 Καὶ
3403 1400 3505 1459 τὰς
3533 1418 3652 1471 τρα-

2094 1498 2265 1562 πέζας
2303 1497 2410 1553 τῶν
2444 1495 2812 1551 κολλυϐιστῶν
2840 1498 2934 1551 καὶ
2955 1496 3057 1560 τὰς
3077 1493 3356 1565 καθέδρας
3408 1492 3519 1545 τῶν
3559 1511 3660 1547 πω-

2094 1590 2334 1644 λούντων
2398 1591 2500 1653 τὰς
2558 1589 2891 1660 περιστερὰς
2953 1586 3315 1658 κατέστρεψε.
3384 1584 3496 1639 Καὶ
3572 1586 3659 1640 οὐκ

2096 1683 2253 1753 ἤφιεν
2287 1681 2373 1734 ἵνα
2420 1698 2503 1743 τις
2532 1681 2787 1753 διενέγκῃ
2821 1678 3013 1742 σκεῦος
3058 1677 3148 1731 διὰ
3186 1676 3286 1731 τοῦ
3342 1676 3515 1748 ἱεροῦ.
3567 1677 3660 1728 Καὶ

2091 1758 2358 1838 ἐδίδασκε,
2399 1772 2573 1841 λέγων
2600 1773 2785 1835 αὐτοῖς
2810 1787 2822 1801 ⁸
2861 1772 2933 1824 Ού
2964 1770 3281 1842 γέγραπται
3303 1768 3416 1832 ὅτι,
3453 1768 3510 1821 Ὀ
3530 1763 3659 1831 οἶκός

2095 1882 2196 1937 μου
2241 1856 2391 1928 οἶκος
2422 1863 2733 1935 προσευχῆς
2760 1861 3091 1933 κληθήσεται
3122 1864 3259 1915 πᾶσι
3285 1863 3401 1925 τοῖς
3422 1860 3653 1924 ἕθνεσιν;

2104 1954 2305 2024 ’Υμεῖς
2335 1955 2391 2008 δὲ
2436 1955 2727 2025 ἐποιήσατε
2785 1953 2946 2007 αὑτὸν
2982 1951 3246 2023 σπήλαιον
3295 1949 3527 2021 λῃστῶν.
3567 1952 3658 2003 Καὶ

2093 2050 2328 2120 ἥκουσαν
2359 2051 2411 2104 οἱ
2450 2048 2802 2119 Γραμματεῖς
2846 2050 2942 2102 καὶ
2980 2048 3031 2101 οἱ
3078 2049 3383 2118 ἀρχιερεῖς,
3424 2047 3515 2100 καὶ
3543 2045 3659 2116 ἐζή-

2091 2159 2217 2196 τουν
2249 2142 2366 2204 πῶς
2396 2141 2559 2195 αὑτὸν
2600 2140 2961 2194 ἀπολέσωσιν.
3015 2138 3347 2206 Ἑφοϐοῦντο
3417 2137 3526 2207 γὰρ
3562 2138 3648 2190 αύ-

2093 2232 2205 2297 τδν,
2236 2233 2317 2286 δτι
2354 2233 2462 2295 πᾶς
2511 2233 2540 2284 ό
2586 2229 2744 2300 ἤχλος
2797 2230 3161 2300 ἐξεπλήσσετο
3211 2230 3308 2282 ἐπὶ
3366 2231 3436 2298 τῇ
3483 2228 3651 2299 διδαχῇ

2096 2324 2285 2379 αὑτοῦ.
2327 2342 2346 2376 ι
2389 2323 2464 2376 Τὸ
2496 2321 2853 2378 ἐκϐάλλεσθαι
2885 2325 3035 2391 παρὰ
3063 2323 3157 2376 τοῦ
3201 2321 3387 2392 Ἰησοῦ
3417 2323 3536 2383 τοὺς
3568 2338 3657 2373 πω-

2096 2415 2321 2479 λοῦντας
2392 2415 2487 2469 καὶ
2536 2418 2565 2469 ό
2609 2416 2864 2485 Ἰωάννης
2914 2415 3202 2483 διηγεῖται.
3266 2413 3418 2468 Ἀλλ’
3474 2415 3657 2476 ἐκεῖνος

2102 2506 2200 2576 μὲν
2255 2506 2315 2558 ἐν
2344 2506 2411 2576 τῇ
2443 2504 2585 2574 ἀρχῇ
2618 2500 2712 2557 τοῦ
2740 2505 3094 2573 Εύαγγελίου,
3142 2496 3301 2568 οὗτος
3327 2490 3398 2557 ’δὲ
3431 2502 3562 2574 πρὸς
3589 2501 3654 2573 τῷ

2098 2596 2267 2650 τέλει.
2316 2595 2476 2659 Εἰκὸς
2523 2594 2618 2648 οῦν
2667 2594 2921 2664 δεύτερον
2975 2595 3229 2663 γενέσθαι
3268 2594 3476 2658 τοῦτο,
3523 2594 3550 2647 ὃ
3578 2594 3656 2646 καὶ

2104 2688 2312 2759 μείζων
2342 2688 2646 2758 κατηγορία
2671 2687 2782 2741 τῶν
2824 2687 3120 2752 Ἰουδαίων,
3164 2687 3281 2755 εῐγε
3324 2687 3580 2748 πολλάκις
3605 2685 3655 2739 τὸ

2098 2781 2230 2836 αὐτὸ
2252 2782 2581 2851 ποιήσαντος
2624 2780 2719 2834 τοῦ
2775 2781 3007 2850 Κυρίου,
3066 2782 3167 2834 οῦκ
3226 2781 3652 2853 ἐπεστράφησαν.

2100 2872 2373 2943 Σπήλαιον
2407 2872 2465 2926 δὲ
2516 2872 2733 2943 λῃστῶν
2764 2873 3022 2942 ὀνομάζει
3068 2872 3161 2925 τὸν
3185 2875 3335 2937 ναὸν,
3372 2872 3459 2926 διὰ
3483 2873 3542 2926 τὸ
3576 2890 3651 2941 φι-

2100 2965 2374 3038 λοκερδές.
2429 2964 2502 3017 Τὸ
2529 2962 2821 3036 λῃστρικὸν
2858 2964 2967 3034 γὰρ
2999 2964 3154 3031 γένος
3184 2968 3314 3036 περὶ
3343 2968 3409 3018 τὸ
3446 2963 3643 3034 κερδιίο

431 3059 682 3113 anitnalia
718 3074 841 3127 quas
867 3058 1214 3123 oﬂ'errentur,
1262 3057 1396 3112 lucri
1455 3058 1628 3129 gratia
1669 3060 1995 3123 vendebant,

2108 3075 2211 3112 νειν
2238 3057 2526 3129 ἐπτόηται.
2577 3057 2727 3110 Ἐπεὶ
2766 3052 2859 3110 οὖν
2892 3056 2986 3110 καὶ
3023 3056 3177 3109 αὐτοὶ
3237 3058 3307 3111 τά
3362 3056 3455 3111 διὰ
3487 3055 3654 3109 θυσίαν

434 3148 673 3203 latrones
697 3152 843 3218 ipsos
874 3149 1193 3213 nominavit.
1214 3133 1521 3219 Clollybistaa
1574 3159 1752 3205 autem
1785 3151 2003 3206 fuerunt

433 3242 525 3309 qni
559 3254 810 3294 nummos
838 3241 1241 3309 permutabant.
1273 3241 1493 3311 Collylta
1543 3241 1687 3296 enim
1719 3258 1888 3312 genus
1920 3250 2003 3297 est

434 3333 781 3386 nttmismatis
834 3330 1042 3385 minimi
1081 3331 1231 3385 aerei.
1299 3333 1621 3388 Accusando
1665 3344 1843 3388 autem
1896 3334 2004 3389 illis

434 3422 596 3476 etiam
631 3421 818 3476 Isaiam
867 3422 1186 3490 prophetam
1231 3421 1387 3476 all‘ert
1414 3425 1681 3479 dicentem

432 3527 553 3565 mea
585 3514 777 3567 domus
805 3512 1135 3581 precationis
1173 3516 1479 3570 vocabitur.
1535 3517 1692 3571 Absit
1716 3529 1897 3571 autem
1939 3532 2005 3571 ne

432 3610 492 3658 et
517 3618 613 3657 nos
643 3613 793 3657 extra
843 3604 1097 3674 templum
1132 3604 1441 3674 ejiciamur.
1501 3607 1648 3663 Multi
1681 3612 1825 3663 enim
1867 3622 1921 3663 et
1951 3612 2001 3664 itt

432 3706 681 3749 nostrum
719 3697 978 3766 templum
1025 3698 1360 3766 ingredimur
1395 3703 1690 3755 vendentes
1736 3702 1909 3767 utilia,
1951 3712 2004 3756 et

433 3796 681 3841 ementes
712 3787 1009 3846 deteriora.
1045 3787 1185 3844 Sunt
1214 3799 1395 3845 autem
1425 3793 1515 3861 qui
1550 3801 1600 3846 et
1637 3795 1825 3862 plenus
1859 3811 2005 3847 litL’ll-

435 3893 525 3930 sas
554 3894 900 3933 nummorum
932 3882 1150 3948 habent,
1173 3883 1264 3951 qui
1292 3884 1679 3938 administrant
1706 3898 1758 3938 et
1788 3887 2005 3953 dispen-

376 3988 389 4007 κ
436 3980 561 4022 sant
588 3969 987 4035 ecclesiastica,
1030 3981 1085 4026 et
1119 3974 1299 4027 omnia
1337 3985 1563 4044 prapter
1605 3975 1888 4028 avaritiam
1924 3978 2004 4029 ta-

437 4059 603 4113 ciunt.
637 4058 776 4126 Quin
809 4070 863 4115 ct
895 4063 1040 4118 sella
1071 4066 1415 4119 vendentium
1464 4066 1743 4121 columbas
1777 4070 2005 4123 subver-

439 4160 652 4215 tantm,
718 4152 818 4207 hoc
872 4166 958 4208 est
1004 4157 1291 4225 pontiﬁces
1339 4160 1636 4213 vendentes
1700 4160 2004 4229 spiritualia

438 4243 597 4297 dona.
628 4242 886 4297 Columba
916 4247 1076 4318 233
1105 4250 1249 4303 enim
1282 4251 1588 4319 symbolum
1643 4262 1727 4306 est
1770 4252 2006 4321 Spiritus

438 4335 613 4389 sancti
649 4352 661 4388 :
713 4351 872 4405 quem
904 4341 996 4408 qui
1022 4342 1279 4408 vendunt,
1304 4358 1400 4410 per
1426 4344 1709 4399 Dominum
1760 4360 1789 4398 a
1821 4363 2003 4400 sacer-

1739 3442 1752 3480 :
1806 3426 2004 3480 Domus

2107 3149 2526 3221 προσφερόμενα
2559 3148 2674 3212 ζῶα
2714 3148 2958 3201 ἐπώλουν
2991 3148 3153 3218 χάριν
3183 3149 3436 3218 κέρδους,
3471 3147 3655 3218 λῃστὰς

2106 3242 2300 3303 αὐτοὺς
2325 3239 2600 3310 ὠνόμασε.
2635 3239 3000 3292 Κολλυϐισταὶ
3029 3239 3086 3291 δὲ
3135 3233 3276 3308 ἦσαν
3304 3239 3356 3292 οἱ
3420 3238 3487 3291 τά
3528 3236 3657 3304 νομί·

2109 3348 2294 3403 σματα
2330 3332 2709 3394 άλλάσσοντες.
2737 3330 3009 3393 Κόλλυϐος
3044 3329 3154 3400 γὰρ
3207 3326 3344 3393 εἶδος
3374 3329 3563 3383 λεπτοῦ
3582 3345 3653 3380 νο·

2109 3426 2381 3497 μίσματος
2414 3424 2640 3497 χαλκοῦ.
2688 3423 2919 3494 Ἐφιστᾴ
2937 3423 2993 3476 δὲ
3016 3424 3200 3485 αὐτοῖς
3250 3424 3555 3493 κατήγορον
3576 3423 3653 3471 καὶ

2104 3520 2195 3571 τὸν
2223 3520 2507 3589 προφήτην
2539 3516 2791 3579 Ἡσαΐαν,
2824 3515 3056 3583 λέγοντα
3081 3530 3095 3546 ·
3132 3515 3191 3567 'U
3214 3510 3361 3578 οἶκός
3387 3531 3506 3585 μου,
3532 3510 3653 3574 οἶκος

2106 3613 2413 3680 προσευχῆς
2442 3609 2796 3680 κληθήσεται.
2833 3604 2996 3660 Ἀλλὰ
3044 3608 3118 3676 μὴ
3164 3607 3381 3673 γένοιτο
3413 3609 3502 3659 καὶ
3530 3605 3651 3674 ἡμᾶς

2106 3702 2213 3768 ἔξω
2245 3701 2339 3756 τοῦ
2375 3700 2523 3772 ἱεροῦ
2575 3700 2929 3773 ἐκϐληθῆναι.
2957 3698 3150 3753 Πολλοὶ
3190 3700 3303 3770 γὰρ
3358 3701 3453 3753 καὶ
3495 3700 3548 3751 ἐν
3592 3696 3653 3761 τῷ

2108 3792 2239 3862 ἱερῷ
2272 3793 2351 3864 τῷ
2388 3792 2646 3864 ἡμετέρῳ
2676 3790 3062 3861 εἰσερχόμεθα,
3095 3790 3409 3853 πωλοῦντες
3435 3789 3498 3841 τά
3532 3803 3646 3857 χρη·

2108 3885 2208 3936 στά
2236 3884 2332 3936 καὶ
2358 3881 2723 3953 ἀγοράζοντες
2755 3881 2825 3934 τὰ
2862 3882 3048 3952 χείρω.
3086 3881 3208 3934 Εἰσὶ
3236 3880 3294 3934 δὲ
3346 3879 3443 3932 καὶ
3477 3876 3523 3931 οἳ
3547 3892 3655 3946 τρα-

2107 3976 2276 4039 πέζας
2317 3976 2591 4029 κολλύϐων
2623 3975 2852 4046 πλήρεις
2890 3974 3105 4044 ἔχουσιν
3132 4014 3147 4038 ,
3188 3974 3238 4026 οἱ
3268 3966 3654 4040 οἰκονομοῦντες

2111 4069 2212 4139 μὲν
2243 4068 2340 4120 καὶ
2366 4066 2694 4130 διοικοῦντες
2720 4068 2789 4119 τὰ
2818 4063 3272 4133 ἐκκλησιαστικά,
3305 4063 3396 4116 διὰ
3437 4062 3492 4117 δὲ
3524 4059 3655 4131 φιλο-

2107 4159 2419 4231 χρηματίαν
2440 4161 2621 4213 πάντα
2660 4156 2963 4219 ποιοῦντες.
3003 4156 3169 4210 Ἀλλά
3206 4158 3302 4210 καὶ
3322 4156 3380 4208 αἱ
3425 4152 3653 4221 καθέδραι

2106 4250 2216 4305 τῶν
2260 4249 2580 4303 πωλούντων
2656 4249 2754 4312 τὰς
2807 4251 3136 4320 περιστερὰς
3187 4247 3647 4317 καταστρέφοντσι,

2107 4345 2276 4415 ἤγουν
2304 4344 2430 4406 τοὺς
2482 4343 2761 4413 ἀρχιερεῖς
2791 4343 2917 4405 τοὺς
2976 4340 3294 4405 πωλοῦντας
3338 4340 3407 4394 τά
3438 4349 3654 4406 πνευμα-

438 4424 588 4479 dotio
617 4407 961 4493 repellentur.
1012 4424 1146 4480 Nam
1199 4407 1544 4499 qui-propter
1592 4431 1775 4485 datum
1812 4447 1999 4485 aurum

2108 4407 2237 4491 τικᾶι
2293 4407 2613 4508 χαρίσματα
2646 4407 2682 4506 ⁷(
2705 4433 2798 4488 τοῦ
2830 4435 2939 4505 γὰρ
2978 4433 3296 4502 Πνεύματος
3348 4429 3597 4501 σύμϐολον
3626 4426 3651 4492 ἡ

439 4515 672 4579 ordinat,
699 4516 976 4587 depositus
1006 4525 1115 4573 est.
1147 4517 1252 4573 Sed
1274 4528 1328 4573 et
1361 4520 1610 4589 quisquis
1639 4523 1866 4589 gratiam
1895 4538 1999 4590 qua

2112 4527 2432 4599 περιστερά)
2475 4525 2669 4592 ἐξωθεῖ
2705 4528 2735 4581 ό
2761 4526 2977 4598 ,Κύριος
3013 4529 3079 4580 ἐκ
3112 4527 3210 4596 τῆς
3246 4521 3649 4597 ἀρχιερωσύνης.

442 4621 510 4660 ex
555 4608 879 4674 baptismate
938 4618 1045 4675 est,
1095 4617 1149 4663 et
1188 4609 1508 4666 munditiam
1561 4613 1744 4682 prodit
1782 4614 2017 4678 diabolo,

2124 4619 2183 4674 Ὀ
2209 4620 2321 4689 γὰρ
2349 4619 2439 4672 διὰ
2465 4618 2694 4689 χρυσίου
2741 4619 2945 4682 δόσεως
2978 4616 3325 4689 χειροτονῶν,
3363 4610 3652 4686 καθῃρημέο

443 4699 535 4754 hic
567 4697 755 4754 vendit
782 4699 1091 4757 columbam
1131 4717 1285 4759 suam
1323 4721 1339 4760 :
1396 4714 1682 4776 propterea
1720 4720 1788 4762 ex
1820 4706 1999 4777 letltplt

2116 4730 2227 4776 νος.
2276 4713 2439 4767 Ἀλλὰ
2467 4715 2562 4767 καὶ
2586 4715 2736 4777 ὅστις
2767 4713 2867 4784 τὴν
2893 4714 2957 4767 ἐκ
2982 4712 3076 4765 τοῦ
3117 4710 3484 4782 βαπτίσματος
3519 4705 3653 4776 χάριν

439 4804 677 4879 eiicitur.

515 5079 679 5134 Vsus.
715 5078 905 5134 ιιι-εδ.
945 5096 964 5129 ι
1002 5077 1216 5133 Etcum
1252 5078 1365 5150 jam
1396 5080 1617 5148 vespera
1637 5089 1802 5145 esset,
1826 5095 2012 5151 egres-

441 5185 534 5225 sus
556 5180 636 5224 est
664 5167 822 5224 Jesus
851 5186 883 5224 e
907 5170 1147 5224 civitate.
1179 5169 1246 5225 Et
1267 5186 1425 5225 mane
1455 5181 1845 5241 praetereuntes
1872 5173 2015 5229 vide-

445 5272 568 5318 runt
595 5262 757 5318 ﬁcum
787 5262 1071 5318 exaruisse
1118 5262 1417 5318 radicitus:
1452 5272 1505 5318 et
1556 5264 1868 5318 recordatus
1910 5263 2014 5319 Pe-

2120 4806 2219 4859 καὶ
2253 4804 2606 4878 καθαρότητα
2639 4805 2912 4878 προδώσει
2945 4804 3027 4876 τῷ
3064 4803 3321 4876 διαϐόλῳ,
3351 4797 3499 4863 οὗτος
3531 4793 3653 4849 ἐπώ·

2124 4897 2256 4968 λησε
2294 4897 2391 4969 τὴν
2424 4899 2751 4969 περιστερὰν
2776 4898 2965 4965 αὑτοῦ,
3005 4896 3098 4952 διὰ
3115 4895 3277 4950 τοῦτο
3307 4894 3402 4949 καὶ
3430 4886 3652 4948 ἐκϐάλλε-

2116 5007 2209 5045 ται
2247 4992 2311 5044 ὲκ
2335 4991 2428 5044 τοῦ
2462 4990 2629 5061 ἱεροῦ.

2194 5101 2213 5134 ς
2253 5085 2365 5137 Καὶ
2395 5084 2485 5137 ὅτε
2516 5085 2612 5154 ὀψὲ
2642 5084 2881 5149 ἐγένετο,
2917 5082 3275 5154 ἐξεπορεύετο
3314 5080 3421 5146 ἔξω
3457 5078 3542 5145 τῆς
3574 5069 3651 5123 πό·

2115 5175 2271 5237 λεως.
2306 5177 2415 5230 Καὶ
2446 5175 2589 5246 πρῖυῒ
2623 5177 3160 5246 παραπορευόμενοι,
3202 5171 3343 5227 εἶδον
3384 5173 3478 5240 τὴν
3506 5163 3649 5230 συκῆν

2119 5264 2514 5337 ὲξηρημμένην
2541 5269 2605 5319 ὲκ
2640 5266 2824 5338 ῥιζῶν.
2859 5269 2971 5321 Καὶ
3011 5265 3382 5338 ἀναμνησθεὶς
3406 5265 3433 5316 ό
3461 5260 3647 5327 Πέτρος,

1428 5422 1521 5482 Ex
1552 5420 1891 5484 collatione
1925 5421 2112 5485 codd.
2143 5424 2373 5483 Venet.
2419 5425 2477 5484 S.
2500 5398 2744 5484 Marcia

444 5570 590 5628 circo
642 5572 1020 5629 maledictione
1068 5567 1566 5642 perculsal’uisset,
1601 5571 1725 5642 quia
1771 5568 2011 5642 fructum

449 5644 650 5712 nullum
699 5644 947 5699 Italtebal.
973 5639 1087 5709 Qua
1119 5641 1281 5710 igitur
1311 5641 1378 5693 de
1414 5654 1578 5693 causa
1609 5639 1890 5693 maledicta
1930 5650 2014 5694 est

445 5714 606 5770 arbor
642 5715 769 5769 illa?
808 5714 1053 5781 Scilicet,
1093 5727 1198 5766 non
1227 5718 1511 5781 propterea
1550 5712 1694 5780 quod
1723 5711 1834 5778 ipsa
1884 5724 2007 5780 pec-

2120 5571 2359 5636 caverit;
2414 5570 2507 5624 sed
2554 5574 3006 5640 qttetttatlmodnm
3062 5577 3264 5630 dictum
3316 5579 3420 5634 est,
3453 5579 3502 5624 ιιι
3549 5576 3639 5640 ξιΡο

2121 5642 2242 5719 sto|_i
2272 5643 2541 5696 lllStel't‘lll
2561 5636 2700 5711 quod
2728 5644 2889 5700 etiam
2916 5646 3106 5719 punire
3137 5646 3327 5700 possit.
3362 5642 3522 5699 Habet
3549 5636 3642 5689 item

2118 5722 2167 5765 et
2201 5712 2332 5781 ﬁcus
2369 5722 2568 5782 typum,
2596 5724 2701 5767 etc.
2746 5734 2763 5765 ι
2820 5736 2825 5741 ~
2916 5712 2930 5719 ’
3172 5732 3177 5739 ’
