3866 6448
197 392 313 458 625

909 392 1353 461 ENARR‘ATIO
1392 392 1472 454 IN
1513 391 1790 465 EVANGI

1899 391 2012 452 UM
2047 391 2397 455 MARCL—
2433 390 2589 455 CAP.
2635 394 2780 456 XII.

3345 395 3453 461 626

201 506 399 574 σοφίας
443 503 595 577 πηγὴ
641 504 902 577 ἐκφεύγει
942 508 1069 572 τοὺς
1136 506 1318 569 δδλους
1362 506 1564 567 αὐτῶν,
1621 505 1774 567 Ἐπιο

1898 503 2077 561 ‘vadit.
2106 502 2385 560 Ostendite
2412 506 2565 571 mihi,
2593 507 2789 577 inquit,
2818 507 3109 564 ntttulsma.
3139 507 3275 566 Cum
3306 513 3451 567 enim

197 598 412 665 δείξατε
440 599 550 670 γάρ
583 616 695 671 μοι,
731 602 885 669 φησὶ,
916 599 977 664 τὸ
994 600 1255 672 νρμισμᾳ.
1308 599 1451 655 Ἰδὼν
1496 599 1551 654 δὲ
1585 600 1666 658 ὅτι
1697 601 1777 659 εί-

198 691 339 753 κόυα
362 690 474 763 ἔχει
504 690 599 755 τοῦ
627 693 926 765 Καίσαρος,
958 676 1142 763 φησὶν,
1173 692 1422 755 Ἀπόδοτε
1450 692 1511 745 τὸ
1530 693 1651 764 ἕχον
1679 691 1779 764 τὴν

194 782 408 851 εἰκόνα,
437 782 515 856 τῷ
538 783 945 857 εζκονιζομένῳ,
969 784 1217 841 τουτέστι
1268 784 1346 855 τῷ
1376 784 1615 853 Καίσαρι
1635 826 1650 850 ,
1684 785 1781 838 καὶ

194 876 267 928 τὰ
331 874 472 930 Θεοῦ
509 877 588 949 τῷ
633 877 773 948 Θεῷ,
812 862 1110 943 τουτέστιν,
1139 877 1291 931 οὐδὲν
1327 877 1608 949 ἐμποδίζει
1652 878 1780 947 ὑμῖν

198 967 343 1038 πρὸς
400 966 710 1031 θεοσέϐειαν
766 969 826 1032 τὸ
880 968 1054 1029 τελεῖν
1098 967 1177 1038 τῷ
1218 967 1480 1039 Καίσαρι.
1538 966 1778 1024 Δύνασθε

193 1060 310 1128 γᾴρ
342 1059 442 1124 καὶ
474 1059 552 1130 τῷ
583 1060 825 1132 Καίσαρι
856 1061 1158 1124 ὑποτελεῖν,
1191 1064 1284 1114 καὶ
1314 1058 1393 1129 τῷ
1442 1060 1563 1129 θεῷ
1601 1061 1670 1115 τὰ
1703 1062 1781 1114 οἱ-

191 1154 322 1205 κεία
346 1152 556 1222 νέμειν.
608 1155 830 1223 Καῖσαρ
882 1154 940 1206 δέ
986 1154 1134 1209 ἐστιν
1166 1153 1381 1223 ἑκάστῳ
1420 1152 1577 1223 ἡμῶν
1615 1154 1709 1206 καὶ
1745 1154 1778 1225 ή

189 1242 291 1297 τοῦ
332 1243 589 1314 σώματος
640 1245 1012 1316 ἀπαραίτητος
1055 1245 1290 1315 ἀνάγκη.
1345 1244 1576 1297 Κελεύει
1623 1239 1717 1298 οὖν
1753 1246 1780 1300 6

195 1334 416 1406 Κύριος
441 1324 752 1401 ἀποδιδόναι
776 1338 867 1389 καὶ
888 1335 966 1407 τῷ
997 1335 1210 1407 σώματι
1228 1335 1295 1389 τὰ
1315 1337 1490 1397 οἰκεῖᾴ
1518 1333 1781 1406 βρώματα

190 1426 289 1487 καὶ
339 1429 618 1496 ἀναγκαῖα
673 1427 1065 1498 σκεπάσματα,
1116 1427 1213 1482 καὶ
1266 1426 1339 1489 τὰ
1385 1426 1480 1483 τοῦ
1533 1427 1667 1481 Θεοῦ
1705 1425 1781 1499 τῷ

186 1515 338 1587 Θεῷ,
408 1518 719 1589 ἀγρυπνίαν
741 1518 1099 1592 ἐνδεχομένην
1118 1518 1449 1590 προσευχὴν,
1475 1517 1568 1572 καὶ
1588 1513 1780 1575 τᾶλλα.

195 1609 375 1675 Ἀλλᾲ
400 1612 494 1663 καὶ
524 1608 604 1685 τῷ
624 1610 882 1681 διαβόλῳ,
928 1609 1170 1680 Καίσαρι
1218 1608 1353 1675 ὄντι,
1385 1608 1687 1681 ἀπόρριψον
1713 1608 1783 1663 τὰ

190 1700 329 1770 παρ’
371 1700 535 1754 αὑτοῦ
585 1718 666 1767 σοι
698 1700 939 1769 δοθέντα,
991 1700 1186 1772 θυμὸν,
1242 1699 1540 1772 ἐπιθυμίαν
1580 1699 1778 1770 κακὴν,

187 1792 282 1845 καὶ
314 1793 391 1845 τὰ
423 1791 518 1846 τοῦ
540 1792 697 1860 Θεοῦ,
722 1793 1056 1864 προσένεγκε
1081 1792 1158 1864 τῷ
1196 1792 1337 1862 Θεῷ.

263 1903 283 1936 ι
334 1884 450 1947 Καὶ
496 1884 748 1955 ἔρχονται
776 1884 1125 1947 Σαδδουκαῖοι
1167 1883 1304 1956 πρὸς
1351 1870 1537 1950 αὐτὸν,
1563 1883 1783 1947 οἵτινες

185 1977 449 2049 λέγουσιν
481 1977 776 2033 ἀνάστασιν
826 1976 902 2047 μὴ
952 1973 1115 2041 εἶναι,
1146 1975 1243 2030 καὶ
1292 1973 1660 2047 ἐπηρώτησαν
1686 1976 1783 2028 αὐ-

186 2070 305 2133 τὸν,
342 2069 598 2139 λέγοντες
619 2086 632 2099 °
668 2069 1003 2134 Διδάσκαλε,
1031 2067 1238 2137 Μωσῆς
1264 2067 1504 2138 ἔγραψεν
1536 2067 1667 2147 ἡμῖν
1698 2067 1781 2121 ὅτι

185 2158 281 2212 ἐάν
319 2162 473 2230 τινοξ
492 2160 717 2233 ἀδελφὸς,⁵
734 2159 1004 2233 ἀποθάνῃ,
1024 2159 1117 2213 καὶ
1135 2159 1412 2231 καταλίπῃ
1432 2162 1668 2229 γυναῖκα
1690 2159 1783 2213 καὶ

184 2252 361 2311 τέκνα
388 2256 469 2325 μὴ
499 2253 633 2331 ἀφῇ,
662 2253 747 2307 ἵνα
780 2252 919 2328 λάϐῃ
952 2251 1406 2323 ὀάδελφὸςαύτοῦ
1435 2250 1532 2323 τὴν
1551 2253 1783 2321 γυναῖκα

184 2344 383 2410 αὐτοῦ,
437 2345 534 2398 καὶ
577 2344 920 2418 ἐξαναστήσῃ
959 2347 1180 2416 σπέρμα
1210 2344 1288 2416 τῷ
1332 2344 1547 2414 ἀδελφῷ
1592 2345 1779 2406 αὐτοῦ.

193 2435 387 2495 Ἐπτά
425 2437 644 2507 ἀδελφοὶ
685 2432 851 2510 ἦσαν,
876 2438 970 2502 καὶ
1009 2438 1036 2490 6
1072 2438 1290 2508 πρῶτος
1334 2437 1495 2491 ἐλαδε
1526 2439 1782 2506 γυναῖκα,

186 2529 283 2585 καὶ
326 2529 717 2600 ἀποθνήσκων,
748 2529 848 2583 οὐκ
879 2520 1059 2600 ἀφῆιιε
1083 2530 1328 2602 σπέρμα,
1356 2532 1449 2583 καὶ
1482 2530 1509 2582 6
1535 2529 1784 2600 δεύτερος

187 2622 397 2676 ἐλαϐεν
438 2624 610 2694 αὐτὴν
662 2624 758 2683 καὶ
802 2623 1064 2688 ἀπέθανε,
1100 2623 1196 2678 καὶ
1233 2622 1354 2679 οὐδὲ
1392 2621 1556 2686 αὐτὸς
1606 2622 1784 2693 ἀφῆκε

190 2716 447 2789 σπέρμα,
480 2716 575 2770 καὶ
606 2716 634 2769 6
659 2717 842 2788 τρίτος
869 2715 1159 2783 ὡσαύτως,
1192 2718 1288 2769 καὶ
1316 2714 1510 2775 ἔλαϐον
1539 2715 1708 2786 αὐτὴν
1734 2717 1786 2770 οι

186 2806 361 2870 ἑπτὰ,
398 2808 493 2861 καὶ
518 2807 619 2861 οὐκ
644 2808 862 2878 ἀφῆκαν
887 2808 1131 2879 σπέρμα.
1181 2805 1420 2879 Ἐσχᾴτη
1453 2807 1510 2862 δὲ
1567 2806 1786 2867 πάντων

188 2898 447 2957 ἀπέθανε
490 2901 666 2972 κοινή
710 2901 868 2979 γυνή.
906 2901 997 2954 Ἐν
1048 2903 1115 2979 τῇ
1155 2895 1249 2959 οὖν
1307 2898 1603 2963 ἀναστάσει
1655 2900 1785 2954 ὅταν

188 2989 502 3056 ἀναστῶσι,
551 2989 699 3054 τίνος
744 2991 925 3048 αὐτῶν
980 2991 1134 3047 ἔσται
1176 2989 1350 3063 γυνής
1397 2989 1448 3044 οἱ
1493 2990 1604 3059 γὰρ
1645 2989 1787 3044 tua

192 3081 365 3151 ἔσκον
385 3081 550 3152 αὐτὴν
567 3085 826 3150 γυναῖκα.
851 3084 958 3142 Καὶ
976 3082 1293 3155 ἀποκριθεὶς
1320 3084 1350 3136 6
1377 3080 1605 3152 Ἰησοῦς,
1629 3077 1785 3136 εἶπεν

1882 598 2107 653 vidisset
2149 597 2295 669 quod
2344 598 2630 670 imaginem
2688 599 2913 657 haberet
2958 601 3213 670 Caesaris,
3255 605 3389 660 dicit
3435 620 3450 659 :

1880 687 2109 749 Reddite
2145 692 2286 764 quod
2322 690 2487 746 habet
2519 691 2834 762 imaginem,
2866 692 2915 748 ei
2945 692 3103 766 cuius
3142 697 3280 768 gerit
3311 697 3454 752 ima-

1879 782 2079 851 ginem,
2112 784 2214 841 hoc
2263 793 2348 847 est
2378 782 2584 839 Caesari
2612 801 2628 840 :
2653 793 2708 839 et
2735 799 2856 854 quae
2885 788 3010 849 sunt
3036 786 3154 852 Dei,
3188 791 3316 853 Deo,
3350 790 3453 844 hoc

1878 883 1983 940 est,
2014 876 2147 949 nihil
2176 878 2355 941 obstat
2394 876 2548 937 vobis
2596 876 2663 939 ad
2707 878 2961 945 pietatem
2988 879 3297 947 persolvere
3327 879 3449 936 Cae-

1881 962 2013 1018 sari.
2074 962 2305 1026 Palestis
2347 965 2490 1023 enim
2538 973 2592 1020 et
2624 963 2823 1021 Caesari
2857 967 3188 1036 persolvere,
3237 978 3293 1024 et
3342 970 3450 1025 Deo

1879 1069 1975 1108 sua
2022 1056 2276 1113 tribuere.
2312 1056 2495 1113 Caesar
2538 1058 2663 1114 item
2709 1058 3003 1130 unicuique
3033 1072 3275 1116 n05lrum
3331 1063 3452 1117 ine-

1882 1146 2114 1202 vitabilis
2146 1148 2230 1202 illa
2255 1149 2498 1217 corporis
2522 1151 2693 1207 nostri
2719 1152 3013 1208 necessitas
3039 1161 3144 1207 est.
3161 1151 3321 1216 habet
3352 1155 3452 1222 igi-

1882 1246 1969 1292 tur
2001 1237 2260 1294 Dominus
2292 1240 2516 1296 reddere
2541 1241 2703 1294 etiam
2754 1242 2964 1310 corpori
2997 1257 3092 1296 sua
3124 1248 3451 1309 necessaria,

1881 1328 2030 1384 cibos
2063 1328 2272 1385 scilicet
2307 1346 2371 1386 ac
2413 1341 2588 1385 vestes
2626 1348 2639 1384 ι
2680 1341 2732 1385 et
2763 1347 2881 1400 quin
2933 1332 3048 1397 Dei,
3092 1330 3221 1393 Deo,
3265 1348 3456 1401 nempe

1881 1422 2090 1493 vigilias
2126 1435 2354 1493 quantas
2393 1441 2704 1494 possumus,
2749 1427 3044 1489 orationes,
3089 1435 3196 1480 etc.
3245 1424 3352 1481 Sed
3399 1434 3456 1481 et

1882 1513 2115 1575 diabolo.
2145 1516 2234 1582 qui
2261 1514 2443 1571 Caesar
2469 1526 2574 1582 est,
2607 1518 2781 1589 ohjiec
2802 1532 2921 1585 qua:
2947 1515 3040 1573 tihi
3063 1516 3131 1571 ab
3161 1515 3253 1570 illo
3281 1518 3405 1570 data
3434 1532 3452 1568 :

1882 1606 2041 1673 iram,
2055 1605 2215 1689 33-7
2231 1607 2722 1679 concupiscentiam
2743 1610 2938 1671 malam
2955 1627 2970 1665 :
2989 1617 3042 1665 ct
3058 1625 3176 1680 qua:
3192 1608 3288 1665 Dei
3305 1619 3452 1673 sunt,

1884 1696 2018 1753 offer
2053 1698 2182 1754 Deo.

1814 1852 1856 1907 Β
1955 1880 2122 1937 Vens.
2168 1881 2358 1945 13.27.
2401 1901 2420 1936 ι
2466 1883 2529 1947 Et
2583 1884 2808 1945 veniunt
2858 1882 3142 1939 Sadducmi
3189 1884 3254 1938 ad
3301 1882 3452 1938 illum

1884 1970 1977 2040 qui
2009 1971 2193 2029 dicunt
2229 1986 2333 2027 non
2374 1987 2497 2041 esse
2530 1974 2981 2033 resurrectionem
3018 1989 3033 2028 :
3084 1974 3455 2041 interrogave-
3564 2024 3587 2036 ,

1885 2071 2117 2132 runtque
2162 2076 2284 2115 eum
2338 2062 2582 2119 dicentes
2619 2080 2634 2125 ;
2672 2063 2997 2135 Praeceptor,
3028 2062 3202 2121 Moses
3238 2063 3457 2130 srripsit

1887 2154 2041 2217 nobis
2076 2171 2090 2207 :
2124 2152 2180 2208 Si
2220 2152 2375 2221 cujus
2404 2153 2571 2210 frater
2602 2156 2889 2221 moriatur,
2912 2169 2977 2212 ac
3015 2156 3284 2223 relinquat
3319 2170 3457 2210 uxo-

1885 2260 2020 2311 rem,
2044 2254 2098 2300 et
2124 2245 2321 2301 liberos
2340 2262 2448 2302 non
2480 2247 2771 2316 relinquat,
2800 2258 2858 2302 ut
2882 2248 3114 2318 accipiat
3143 2248 3311 2311 frater
3340 2247 3459 2318 ejus

1886 2354 2108 2394 uxorem
2152 2338 2317 2406 illius,
2353 2349 2408 2394 et
2438 2340 2665 2396 suscitet
2692 2355 2876 2397 semen
2906 2340 3061 2397 fratri
3090 2355 3210 2399 suo.
3240 2339 3459 2407 Septem

1887 2430 2080 2490 fratres
2113 2428 2355 2501 fuerunt,
2401 2445 2466 2484 ac
2519 2431 2724 2503 primus
2758 2432 2969 2503 accepit
3013 2446 3259 2497 uxorem,
3306 2430 3462 2499 isque

1886 2522 2123 2579 moriens
2152 2538 2258 2579 non
2313 2522 2531 2597 reliquit
2571 2537 2756 2587 semen
2795 2540 2809 2577 :
2841 2533 2895 2584 et
2926 2526 3202 2585 secundus
3250 2525 3463 2591 accepit

1887 2616 2056 2681 illam,
2092 2631 2156 2671 ac
2187 2624 2432 2672 mortuus
2466 2624 2570 2683 est,
2601 2624 2655 2677 et
2684 2630 2783 2679 nec
2817 2616 2932 2685 ipse
2968 2605 3188 2683 reliquit
3216 2631 3399 2677 semen
3442 2633 3460 2671 :

1885 2716 1938 2762 et
1966 2707 2155 2762 tertius
2180 2705 2427 2761 similiter
2461 2723 2477 2763 :
2508 2716 2563 2762 et
2587 2716 2916 2777 acceperunt
2943 2722 3063 2762 eam
3099 2717 3326 2776 septem,
3363 2721 3464 2762 nec

1886 2799 2222 2869 reliquerunt
2250 2813 2473 2854 semen:
2502 2808 2778 2870 postremo
2808 2813 2937 2856 vero
2974 2799 3215 2854 omnium
3252 2807 3461 2859 mortua

1885 2899 1969 2946 est
1995 2900 2049 2946 et
2076 2906 2246 2957 uxor;
2275 2890 2327 2945 in
2357 2893 2754 2953 resurrectione
2783 2893 2965 2964 igitur,
3000 2907 3123 2947 cum
3155 2906 3469 2947 resurrexc-

1886 2983 2016 3047 rint,
2037 2981 2194 3052 cujus
2218 2981 2429 3038 illorum
2447 2983 2551 3038 erit
2571 2984 2749 3038 uxor?
2768 2982 2900 3043 Nam
2928 2990 3136 3057 septem
3162 2980 3467 3037 habuerunt

1887 3088 2006 3128 eam
2051 3088 2293 3131 uxorem.
2342 3073 2407 3129 Et
2451 3073 2786 3144 respondens
2829 3072 3010 3138 Jesus.
3042 3074 3179 3147 dixit
3225 3074 3347 3130 eis:
3382 3072 3464 3133 An

191 3174 388 3237 αὐτοῖς
407 3187 424 3205 ⁸
443 3174 501 3235 06
519 3174 607 3228 διὰ
622 3174 779 3229 τοῦτο
804 3175 1081 3233 πλανᾶσθε
1105 3177 1180 3246 μὴ
1193 3175 1393 3241 εἰδότες
1410 3176 1506 3239 τὰς
1540 3174 1785 3244 Γραφὰς,

1896 3182 1999 3221 non
2048 3177 2333 3238 propterea
2367 3167 2586 3232 erratis,
2650 3170 2796 3239 quod
2843 3169 3096 3231 nesciatis
3132 3167 3468 3236 Scripturas,

195 3264 343 3338 μηδὲ
369 3264 468 3336 τὴν
484 3263 715 3336 δύναμιν
731 3266 824 3319 τοῦ
841 3264 1009 3333 6,106;
1037 3266 1208 3329 Ὅταν
1225 3268 1332 3338 γάρ
1356 3269 1419 3324 ὲκ
1437 3265 1649 3335 νεκρῶν
1668 3267 1791 3319 ἀνα·

196 3358 430 3425 στῶσιν,
459 3357 581 3412 οὗτε
605 3356 871 3427 γαμοῦσιν
898 3357 1020 3419 οὔτε
1049 3359 1431 3429 γαμίσκονται.
1480 3358 1619 3415 Ἀλλ’
1652 3356 1790 3412 εἰσὶν

196 3453 278 3518 ὡς
328 3450 554 3521 άγγελοι
587 3451 638 3505 οί
689 3452 746 3511 ἐν
763 3453 875 3521 τοῖς
905 3450 1179 3522 οὐρανοῖς.
1202 3451 1336 3523 Περὶ
1360 3450 1416 3509 δὲ
1447 3449 1554 3507 τῶν
1575 3449 1786 3522 νεκρῶν

196 3544 287 3597 ὅτι
318 3540 650 3616 ἐγείρονται,
692 3542 792 3597 οὐκ
818 3543 1093 3613 ἀνέγνωτε
1130 3546 1188 3617 ὲν
1217 3548 1286 3616 τῇ
1321 3543 1490 3616 βίϐλῳ
1520 3543 1788 3609 Μωσέως,

201 3636 307 3702 ξπὶ
333 3637 432 3706 τῆς
461 3635 622 3706 βάτου
655 3635 730 3699 ὡς
758 3630 911 3689 εἶπεν
945 3634 1094 3705 αὐτῷ
1121 3636 1150 3687 6
1180 3635 1312 3701 Θεὸς
1349 3636 1546 3705 λέγων’
1589 3634 1730 3703 Ἐγὼ
1759 3636 1787 3688 6
1808 3676 1819 3689 .

197 3727 343 3793 Θεὸς
390 3726 669 3805 Ἀϐραὰμ,
701 3725 798 3780 καὶ
830 3727 858 3779 ὁ
889 3726 1021 3787 Θεὸς
1064 3724 1270 3793 Ἰσαάκ,
1312 3725 1409 3780 καὶ
1453 3727 1482 3781 6
1514 3726 1648 3789 Θεὸς
1684 3726 1791 3781 Ἰα-

197 3814 358 3887 κώ6;
391 3816 513 3868 Οὐκ
551 3815 697 3871 ἔστιν
717 3816 745 3868 6
771 3813 903 3883 Θεὸς
938 3813 1166 3886 νεκρῶν,
1196 3813 1335 3869 ἀλλὰ
1378 3813 1510 3877 Θεὸς
1550 3812 1790 3879 ζώντων.

211 3905 411 3981 Ὑμεῖς
441 3903 535 3960 οὖν
563 3906 695 3971 πολὺ
733 3906 1035 3963 πλανᾶσθε.
1086 3924 1104 3958 ι
1140 3905 1365 3976 Αἵρεσις
1406 3904 1696 3969 Ἰουδαίων,
1742 3905 1795 3957 οἱ

201 4000 583 4061 Σαδδουκαῖοι.
615 3997 864 4073 λέγοντες
900 3998 974 4071 μὴ
1018 3995 1159 4052 εἶναι
1180 3994 1501 4061 ἀνάστασιν,
1531 3996 1668 4068 μήτε
1696 3996 1794 4063 ἀγ-

203 4089 387 4158 γελον,
408 4087 560 4161 ,μήτε
600 4086 842 4156 πνεῦμα.
882 4085 1134 4157 mam;
1162 4087 1220 4140 δὲ
1247 4085 1323 4155 ὡς
1359 4086 1523 4142 δόλιοι
1552 4084 1792 4157 προσελ-

203 4180 399 4243 θόντες
440 4179 738 4239 πλάττουσι
778 4178 875 4250 τὴν
923 4178 1176 4249 διήγησιν
1207 4176 1430 4249 ταύτην,
1457 4177 1546 4232 διὰ
1592 4176 1796 4248 ταύτης

205 4273 372 4343 δῆθεν
420 4271 823 4345 ἀνατρέποντες
866 4268 965 4341 τὴν
1005 4271 1321 4341 ἀνάστασιν,
1349 4270 1605 4326 ὑπόθεσιν
1648 4269 1795 4341 ὑφά-

208 4381 405 4426 ναντες
472 4363 739 4437 μηδέποτε
778 4361 1100 4434 γενομένην,
1160 4360 1295 4433 μηδὲ
1331 4360 1461 4431 ἴσως
1489 4360 1794 4437 γενησομέ-

210 4438 333 4527 νην.
405 4457 581 4513 Ἑπτὰ
631 4456 688 4510 δὲ
740 4454 1052 4509 συντιθέασι
1112 4440 1238 4519 τοὺς
1293 4457 1650 4525 γαμήσαντας
1698 4452 1797 4523 τὴν

1899 3274 2073 3327 neque
2118 3260 2373 3321 virtutem
2419 3258 2553 3313 Dei?
2592 3259 2726 3314 Cum
2761 3261 2903 3323 enim
2953 3275 2982 3323 a
3027 3258 3255 3323 mortuis
3282 3271 3470 3312 resur—

1906 3352 2166 3418 rexeriut,
2212 3365 2391 3420 neque
2440 3352 2769 3407 contrahunt
2818 3351 3241 3414 matrimonium,
3296 3362 3471 3415 neque

1900 3452 2125 3512 nuptum
2157 3443 2353 3503 dantur
2385 3462 2399 3498 :
2433 3443 2527 3499 sed
2559 3453 2689 3498 sunt
2714 3443 2860 3499 velut
2883 3442 3056 3514 angeli
3089 3442 3176 3510 qui
3208 3442 3260 3496 iu
3291 3440 3467 3497 caelis.

1899 3532 2166 3589 Caalerum
2216 3534 2282 3588 de
2328 3534 2559 3591 mortuis
2588 3536 2729 3604 quod
2785 3533 3195 3596 resuscitautur,
3243 3547 3349 3587 non
3393 3531 3472 3585 le-

1899 3623 2053 3697 gistis
2082 3624 2133 3678 in
2161 3621 2299 3678 libro
2325 3621 2483 3689 Mosi,
2515 3622 2788 3694 qtt0u:0tl0
2814 3622 2865 3676 in
2898 3622 3031 3687 rubo
3055 3622 3266 3685 locutus
3296 3621 3368 3681 sit
3398 3619 3474 3673 illi

1903 3712 2066 3781 Deus,
2105 3715 2290 3771 dicens
2338 3728 2355 3769 :
2392 3713 2504 3786 Ego
2548 3714 2639 3771 ille
2699 3713 2839 3767 Deus
2883 3713 3176 3777 Abraham,
3225 3721 3280 3765 et
3331 3709 3475 3771 Deus

1902 3803 2073 3866 Isaac.
2096 3816 2153 3861 et
2183 3805 2323 3860 Deus
2350 3803 2556 3860 Iacob?
2578 3803 2693 3858 Non
2718 3814 2799 3860 est
2823 3802 2969 3858 Deus
2999 3813 3356 3869 mortuarum,
3379 3803 3474 3857 sed

1904 3901 2045 3954 Deus
2086 3898 2406 3953 viventium.
2441 3898 2547 3952 Vos
2585 3897 2750 3966 igitur
2781 3897 3007 3952 ιιιιιιιιιηι
3043 3897 3260 3950 erratis.
3305 3913 3325 3948 ι
3360 3894 3476 3955 llae-

1907 3988 2060 4043 retici
2105 3987 2244 4057 apud
2292 3985 2507 4041 Iudaeus
2535 3995 2689 4040 erant
2742 3982 3047 4049 Saddurzei,
3088 3984 3330 4036 dicentes
3371 3998 3475 4035 non

1903 4094 2025 4134 esse
2056 4076 2530 4141 resurrectionem,
2566 4089 2739 4144 neque
2782 4072 3055 4143 angelum,
3088 4085 3263 4140 neque
3295 4070 3428 4141 spiri
3450 4101 3474 4111 -

1906 4178 2041 4224 tum.
2072 4163 2303 4243 Oblique
2353 4175 2560 4227 autem,
2605 4170 2662 4218 ut
2715 4162 2908 4240 dolosi,
2961 4161 3222 4232 aggressi,
3275 4161 3482 4228 lingunt

1905 4259 2272 4315 narrationem
2302 4256 2588 4326 quamdam
2617 4270 2720 4325 qua
2761 4254 3105 4310 subvertalur
3125 4253 3485 4318 resurrectio,

1904 4357 2158 4406 contexto
2191 4356 2515 4418 argumento
2544 4346 2687 4415 quod
2736 4359 3010 4422 nunquam
3056 4346 3257 4408 evenit,
3304 4360 3482 4412 neque

1906 4444 2046 4498 forte
2070 4442 2306 4497 eveniet.
2345 4439 2567 4509 Septem
2598 4447 2777 4494 autem
2818 4437 3025 4503 fingunt
3063 4438 3153 4506 qui
3194 4453 3354 4513 unam
3381 4437 3483 4491 du-

214 4552 480 4618 γυναῖκα,
529 4548 616 4605 ἵνα
648 4546 849 4618 μᾶλλον
888 4546 1186 4618 διασύρωσι
1234 4546 1334 4618 τὴν
1365 4546 1684 4601 ἀνάστασιν.
1740 4544 1790 4598 'U

1906 4544 2034 4588 cunt
2060 4548 2305 4598 uxorem,
2329 4547 2438 4602 quo
2464 4531 2636 4600 magis
2662 4528 3117 4593 resurrectionem
3145 4528 3479 4605 discerpant.

215 4641 312 4699 οέν
363 4641 590 4711 Κύριος,
637 4641 823 4721 ἐπειδὴ
870 4638 1266 4713 προεϐάλλοντο
1311 4640 1509 4692 ἐκεῖνοι
1558 4636 1802 4719 Μωσέως

218 4736 407 4807 νόμον,
463 4736 732 4790 δείκνυσιν
780 4733 976 4796 αὐτοὺς
1024 4731 1351 4802 ἀγνοοῦντας
1410 4729 1508 4801 τὰς
1544 4730 1801 4800 Γραφάς·

222 4828 297 4881 Οὐ
310 4828 483 4880 νοεῖτε
510 4825 641 4905 γὰρ,
662 4826 817 4901 φησὶ,
845 4826 1006 4880 ποίαν
1032 4824 1386 4894 ἀνάστασινὴ
1414 4821 1606 4894 Γραφὴ
1632 4821 1803 4890 λέγει.

232 4912 427 4995 Ὑμεῖς
451 4918 557 4995 γάρ
577 4916 780 4977 δοκεῖτε
805 4919 885 4970 ὅτι
911 4918 1074 4973 πάλιν
1094 4916 1316 4983 τοιαύτη
1342 4917 1674 4977 κατάστασις
1700 4931 1807 4966 σω·

228 5009 580 5083 ματικωτέρα
614 5008 797 5079 μέλλει
819 5005 981 5074 εἶναι,
1014 5010 1116 5063 οὐκ
1144 5008 1262 5061 ἔστι
1285 5009 1364 5061 δέ.
1408 5004 1567 5061 Οὕτω
1597 5007 1693 5077 μὲν
1711 5003 1806 5059 οὖν

226 5103 472 5169 ἀγνοεῖτε
528 5084 623 5172 τῆς
684 5101 907 5172 Γραφῆς
961 5099 1061 5171 τὴν
1115 5099 1347 5163 ἔννοιαν,
1378 5098 1513 5153 ἀλλά
1565 5098 1661 5152 καὶ
1707 5096 1807 5169 τὴν

227 5191 458 5263 δύναμιν
508 5191 602 5244 τοῦ
649 5190 785 5243 Θεοῦ
841 5192 1123 5259 ἀγνοεῖτεο
1178 5191 1337 5259 ὑμεῖς
1384 5189 1482 5257 μὲν
1520 5187 1628 5259 γὰρ
1679 5188 1808 5251 ἴσως

230 5282 575 5336 ἀποδλέπετε
624 5282 761 5352 πρὸς
800 5281 863 5334 τὸ
910 5280 1146 5351 χαλεπὸν
1184 5280 1280 5345 τοῦ
1339 5278 1682 5350 πράγματος,
1713 5281 1809 5339 καὶ

229 5370 317 5427 διὰ
340 5374 501 5427 τοῦτο
527 5372 881 5445 ὲξαπορεῖσθε
909 5373 1026 5436 πῶς
1048 5373 1370 5443 δυνήσονται
1392 5371 1461 5433 τά
1493 5371 1810 5431 διαλυθέντα

235 5465 466 5537 σώματα
512 5466 785 5520 συνελθεῖν
831 5468 951 5530 ταῖς
991 5464 1209 5535 ψυχαῖς.
1250 5465 1328 5537 Τῇ
1357 5464 1416 5517 δὲ
1450 5463 1677 5534 δυνάμει
1714 5463 1808 5517 τοῦ

232 5557 367 5611 Θεοῦ
392 5557 466 5622 ὡς
514 5557 666 5612 οὐδέν
690 5560 806 5627 ἐστι
832 5556 1008 5621 τοῦτο.
1040 5557 1234 5611 Ἔσται
1256 5553 1348 5611 οὖν
1369 5556 1688 5620 ἀνάστασις,
1717 5556 1813 5615 καὶΙ

236 5650 295 5702 οὐ
330 5649 640 5720 σωματικὴ.
691 5649 829 5717 ἀλλὰ
870 5647 1117 5720 θειοτέρα
1165 5665 1252 5723 τις
1303 5648 1633 5710 κατάστασις
1694 5644 1810 5716 βίου

239 5742 333 5793 καὶ
361 5740 650 5811 ama-.303.
696 5740 912 5811 Ἐπειδὴ
932 5740 1041 5811 γὰρ
1066 5741 1126 5795 06
1163 5739 1429 5810 μέλλομεν
1468 5737 1809 5810 φθείρεσθαι,

242 5833 355 5889 ἀλλ’
388 5835 438 5888 οἱ
474 5832 628 5888 αὐτοὶ
656 5833 859 5905 μένειν,
887 5831 976 5887 διὰ
1004 5830 1162 5887 τοῦτο
1192 5831 1285 5886 καὶ
1318 5830 1347 5885 6
1380 5829 1557 5901 γάμος
1589 5829 1811 5901 ἀναιρε-

1907 4624 2078 4695 Igitur
2115 4625 2240 4695 quia
2285 4622 2653 4692 praetexebant
2692 4621 2765 4674 illi
2822 4620 2994 4690 legem
3046 4619 3200 4684 Mosi,
3247 4620 3487 4675 ostendit

1906 4732 2002 4772 eos
2026 4717 2284 4773 Dominus
2309 4717 2526 4784 ignaros
2556 4712 2985 4782 Scripturarum.
3012 4711 3129 4766 Non
3152 4712 3295 4766 enim
3325 4711 3485 4767 intel-

1909 4810 2094 4881 ligit‘is,
2130 4809 2323 4879 inquit,
2365 4809 2433 4863 de
2472 4822 2575 4877 qua
2625 4807 3020 4883 resurrectione
3064 4804 3350 4876 Scriptura
3399 4803 3485 4857 lo-

1908 4910 2126 4973 qnatur.
2176 4884 2282 4957 Vos
2330 4900 2474 4956 enim
2517 4897 2815 4969 opinamini
2867 4896 3010 4967 quod
3059 4897 3253 4951 iterum
3305 4902 3484 4957 status

1912 4995 2035 5049 talis
2090 4994 2262 5063 magis
2291 4991 2588 5062 corporalis
2632 4991 2703 5044 sit
2748 4988 2961 5063 futurus
2988 5001 3004 5047 :
3038 4995 3093 5041 at
3123 5002 3226 5045 non
3255 4986 3334 5041 sic
3358 4989 3486 5043 erit.

1909 5084 2097 5153 Itaque
2132 5082 2390 5155 ignoratis
2421 5080 2715 5151 Scriptura;
2759 5090 2992 5145 mentem
3016 5096 3030 5137 :
3053 5078 3147 5139 sed
3173 5088 3227 5149 et
3255 5076 3346 5134 Dei
3382 5077 3490 5131 vir-

1911 5185 2079 5230 tutem
2146 5173 2428 5245 ignoratis.
2475 5172 2760 5237 Enimvero
2793 5188 2889 5227 vos
2918 5172 2984 5225 ad
3015 5170 3378 5233 difficultatem
3411 5169 3488 5225 rei

1915 5269 2148 5325 fortasse
2195 5267 2482 5337 respicitis,
2529 5277 2584 5320 et
2628 5275 2912 5339 propterea
2976 5260 3305 5328 adllubitatis
3355 5279 3489 5331 quo-

1916 5364 2074 5418 modo
2097 5369 2355 5431 poterunt
2385 5340 2643 5427 dissoluta
2676 5340 2903 5434 corpora
2926 5354 3104 5419 redire
3132 5355 3196 5408 ad
3226 5356 3485 5407 animam.

1915 5453 2021 5520 Sed
2052 5454 2238 5508 virtuti
2270 5451 2466 5507 divinae
2497 5450 2599 5504 hoc
2628 5448 2782 5519 quasi
2831 5446 2962 5511 nihil
3006 5446 3129 5501 crit.
3171 5443 3287 5509 Erit
3327 5446 3490 5514 igitur

1914 5546 2262 5613 resurrectio,
2303 5554 2357 5600 et
2386 5560 2490 5599 non
2523 5541 2844 5612 corporalis,
2880 5539 2972 5594 sed
3008 5537 3241 5599 divinior
3268 5535 3487 5605 quidam

1912 5640 2039 5695 vitae
2069 5648 2265 5703 status,
2290 5637 2566 5708 angelicns
2599 5632 2863 5695 videlicet.
2888 5627 3323 5698 [incorruptibiles
3343 5625 3487 5680 enim

1913 5736 2140 5797 erimus,
2161 5741 2217 5785 et
2245 5730 2406 5786 iidem
2427 5729 2517 5800 qui
2541 5741 2733 5783 sumus
2764 5734 3068 5785 manentes,
3094 5726 3489 5790 proptereaque

1918 5826 2171 5884 tollentur
2211 5823 2376 5880 etiam
2409 5820 2634 5893 nuptiae.
2676 5817 2827 5875 Nune
2859 5817 3004 5873 enim
3043 5810 3240 5883 nuptiae
3268 5817 3489 5880 propter
