3866 6448
157 453 256 517 63Ἱ

840 454 1284 516 ENARRATIO
1340 455 1424 515 IN
1466 453 1962 516 EVANGELIUM
2021 452 2281 520 MARCI.
2339 483 2408 495 -
2445 457 2605 521 CAP.
2653 459 2823 519 XIII.

3310 455 3417 519 638

153 574 232 629 τὸ,
271 568 504 623 “Eas.st
535 568 670 641 ἐμοῦ
705 570 893 625 ἔσεσθε
930 572 1266 643 μισούμενοι.
1302 573 1373 626 Τὸ
1400 574 1506 644 γὰρ
1546 574 1732 627 ἕνεκεν

1842 581 2048 640 rentur,
2076 586 2130 631 et
2149 575 2445 646 periculum
2472 575 2683 631 facilius
2716 580 2889 630 ferant
2917 593 2930 630 :
2958 574 3152 630 deinde
3172 574 3418 628 consola-

153 661 317 717 αὑτοῦ
353 663 656 733 μισεῖσθαι,
685 664 868 719 ἱκανόν
893 667 1009 721 ἐστι
1042 667 1226 730 πάσας
1256 667 1608 734 ἐπικουφίσαι
1633 665 1732 731 τὰς

153 757 467 826 συμφοράς.
534 756 695 811 Ἀλλὰ
748 758 845 812 καὶ
901 759 964 812 τὸ
1038 759 1382 831 σωθήσεσθαι
1436 759 1526 813 τὸν
1585 760 1733 812 ὑπο-

152 848 419 918 μείναντα
450 850 530 913 είς
556 849 730 915 τέλος,
748 851 1023 906 καὶτοῦτο
1053 852 1288 924 μεγίστη
1310 852 1677 925 παράκλησις.

226 1127 245 1159 ι
287 1109 465 1163 Ὅταν
488 1110 545 1163 δὲ
576 1110 724 1181 ἴδητε
750 1110 812 1164 τὸ
847 1110 1123 1181 βδέλυγμα
1168 1110 1268 1181 τῆς
1291 1108 1644 1182 ἐρημώσεως,
1676 1111 1731 1163 τὸ

145 1201 317 1273 ῥηθὲν
338 1203 447 1255 ὑπὸ
480 1202 679 1273 Δανιὴλ
708 1201 803 1255 τοῦ
827 1204 1133 1274 προφήτου,
1182 1200 1356 1265 ἑστὼς
1379 1202 1516 1254 ὅπου
1541 1200 1601 1253 ού
1631 1200 1730 1265 δεῖ,

141 1296 173 1346 ὁ
212 1292 614 1362 ἀναγινώσκων
642 1294 853 1360 νοείτω,
900 1295 1022 1347 τότε
1059 1293 1109 1346 οί
1136 1296 1194 1346 ἐν
1233 1296 1298 1364 τῇ
1342 1292 1571 1363 Ἰουδαία
1602 1308 1731 1361 φευ-

141 1388 399 1456 γέτωσαν
428 1389 510 1450 είς
548 1387 619 1441 τὰ
660 1386 785 1458 ὅρη.
831 1387 889 1440 '0
947 1386 1004 1440 δὲ
1044 1387 1136 1441 ἐπὶ
1182 1385 1276 1439 τοῦ
1336 1376 1608 1455 δώματος,
1660 1384 1736 1454 μὴ

140 1479 450 1534 καταϐάτω
494 1482 575 1543 είς
621 1479 719 1551 τὴν
753 1479 954 1542 οἰκίαν,
1005 1478 1140 1550 μηδὲ
1174 1476 1465 1531 εἰσελθέτω
1520 1471 1653 1547 ἆραί
1684 1493 1736 1528 τι

137 1573 208 1626 ἐκ
252 1572 357 1641 τῆς
406 1571 587 1635 οίκίας
644 1570 833 1633 αὐτοῦ,
889 1570 985 1624 καὶ
1030 1572 1059 1624 6
1105 1570 1187 1634 είς
1218 1568 1310 1622 τὸν
1340 1568 1510 1639 ἀγρὸν
1531 1567 1628 1630 ὣν,
1661 1566 1737 1637 μὴ

138 1664 540 1734 ἐπιστρεψάτω
572 1665 652 1727 είς
702 1663 773 1717 τὰ
820 1663 1017 1727 ὀπίσω,
1046 1658 1179 1733 ἆραι
1206 1661 1265 1715 τὸ
1305 1662 1521 1733 ἱμάτιον
1548 1660 1734 1713 αὐτοῦ.

137 1758 287 1811 Οὐαὶ
313 1758 371 1811 δέ
403 1759 522 1821 ταῖς
547 1758 605 1810 ὲν
634 1755 837 1827 γαστρὶ
876 1754 1131 1827 ἐχούσαις
1179 1754 1274 1810 καὶ
1320 1756 1439 1817 ταῖς
1469 1750 1734 1824 θηλαζού-

139 1864 273 1911 σαις
305 1850 362 1899 ἐν
392 1847 634 1909 ἐκείναις
664 1848 786 1908 ταῖς
818 1846 1073 1916 ἡμέραις.
1107 1862 1125 1895 ι
1163 1841 1445 1912 Βδέλυγμα
1467 1844 1563 1912 τῆς
1605 1843 1737 1912 ἐρη-

139 1938 405 2010 μώσεως,
435 1942 463 1993 6
499 1940 721 2007 ἀνδριὰς
756 1937 847 1991 τοῦ
881 1939 979 2009 τὴν
995 1937 1149 1990 πόλιν
1180 1936 1412 2000 ἑλόντος.
1445 1935 1733 2004 Βδέλυγμα
1765 1939 1808 1994 Β

133 2033 255 2102 γὰρ
299 2032 412 2084 πᾶν
465 2030 687 2083 εἴδωλον
733 2030 979 2097 λέγεται.
1046 2028 1412 2100 Ἐρημώσεως
1460 2026 1536 2091 δὲ,
1596 2026 1731 2079 διότι

132 2120 383 2192 ἀλούσης
399 2122 499 2192 τῆς
533 2120 912 2194 Ἰερουσαλὴμ,
952 2121 1049 2175 καὶ
1103 2121 1388 2191 ἐρήμωσιν
1413 2116 1733 2188 πασχούσης

133 2211 387 2283 ἔστησαν
420 2212 551 2266 αὐτὸ
576 2212 685 2265 ἔσω
713 2212 825 2265 τῶν
855 2211 1065 2265 ἀδύτων
1108 2209 1203 2264 τοῦ
1243 2210 1394 2263 ναοῦ.
1447 2209 1608 2264 ’Λλλὰ
1636 2206 1733 2262 καλ⁸

132 2306 162 2358 6
200 2304 462 2368 Πιλᾶτος,
489 2304 589 2365 τὰς
621 2303 714 2357 τοῦ
751 2304 1035 2374 Καίσαρος
1059 2302 1278 2366 εἰκόνας
1308 2302 1526 2370 νύκτωρ
1565 2303 1646 2364 είς
1672 2300 1733 2353 τὸ

135 2397 296 2467 ἱερὸν
327 2394 571 2465 ἀγαγὼν,
626 2395 823 2449 πολλοῦ
869 2395 1104 2466 θορύϐου
1152 2395 1232 2467 τῷ
1276 2393 1473 2465 πλήθει
1512 2392 1733 2461 ἐγένετο

131 2489 340 2552 αἴτιος.
375 2489 605 2542 Ἕκτοτε
632 2486 836 2560 ἤρξατο
871 2487 966 2540 καὶ
996 2489 1024 2540 6
1063 2487 1299 2558 πόλεμος
1329 2485 1424 2539 καὶ
1446 2485 1480 2554 ἠ
1506 2484 1731 2554 ἐρήμω-

134 2599 233 2644 σις
267 2581 368 2651 τῆς
409 2579 788 2650 Ἰερουσαλήμ.
840 2579 975 2633 Τότε
1022 2578 1204 2633 τοίνυν
1227 2579 1276 2631 οἱ
1310 2579 1367 2630 ἐν
1394 2579 1460 2647 τῇ
1505 2575 1734 2647 Ἰουδαίᾳ

130 2674 318 2739 ὅντες,
343 2674 699 2742 φευγέτωσαν
729 2675 809 2737 είς
841 2673 911 2726 τὰ
936 2672 1059 2744 ὅρη.
1094 2670 1288 2733 Καλῶς
1319 2671 1374 2723 δὲ
1390 2665 1572 2736 εἶπεν,
1601 2671 1649 2722 οἱ
1671 2669 1729 2722 ὲν

131 2772 213 2842 τῇ
275 2767 529 2837 Ἰουδαίᾳ.
578 2769 643 2823 Οἱ
689 2768 802 2837 γὰρ
849 2766 1141 2821 ἀπόστολοι
1206 2764 1306 2818 οὐκ
1349 2759 1491 2836 ἦσαν
1550 2765 1608 2816 ἐν
1664 2765 1731 2835 τῇ

104 2869 118 2885 ‘
142 2860 411 2931 Ἰουδαίᾳ,
437 2857 578 2923 ἀλλ’,
609 2859 685 2922 ὡς
724 2859 957 2929 ἔφημεν,
980 2855 1084 2928 πρὸ
1098 2855 1191 2908 τοῦ
1211 2855 1449 2924 πολέμου
1477 2851 1737 2923 ἐδιώχθη-

134 2971 249 3008 σαν
270 2955 378 3006 ἀπὸ
407 2953 507 3021 τῆς
549 2950 940 3022 Ἰερουσαλήμθ
987 2949 1188 3021 μᾶλλον
1214 2948 1271 3002 δὲ
1297 2947 1519 3018 ἐξῆλθον
1556 2946 1732 3005 αὐτοὶ.

134 3047 281 3120 θείῳ
302 3046 615 3117 κινούμενοι
641 3045 947 3115 Πνεύματι.
982 3044 1044 3097 Οί
1071 3042 1202 3113 γοῦν
1229 3041 1548 3114 εὐρεθέντες
1578 3042 1635 3094 ἐν
1664 3043 1732 3113 τῇ

144 3139 411 3212 Ἰουδαίᾳ,
447 3142 824 3210 φευγέτωσαν,
859 3138 953 3193 καὶ
981 3140 1009 3192 6
1034 3138 1126 3191 ἐπὶ
1149 3136 1241 3191 τοῦ
1269 3136 1540 3207 δώματος,
1568 3135 1735 3205 μηδε-

1839 668 2345 739 tioseqnitur,quod
2369 669 2594 738 Propter
2623 683 2708 722 me
2724 668 2847 722 odio
2872 667 3024 721 erit‘is
3056 662 3414 731 ltaltiti.Qnod

1834 763 1978 816 enim
2011 771 2227 833 propter
2260 763 2432 831 ipsum
2463 761 2680 815 fuerunt
2723 760 2845 812 odio
2879 758 3069 821 habiti,
3112 757 3247 810 satis
3296 765 3415 811 erat

1834 856 1900 909 ad
1963 871 2152 911 omnes
2220 857 2557 909 calamitates
2631 853 2926 907 leniendas.
2971 851 3109 917 Quin
3170 862 3224 905 et
3273 848 3415 918 quod

1834 949 2074 1003 salvandi
2115 956 2272 1003 erant
2315 950 2708 1018 persqverat’uri
2746 961 2913 1015 usque
2947 944 2999 998 itt
3033 945 3214 1009 linem,
3253 944 3418 996 etiam

1839 1041 2015 1108 ipsum
2046 1042 2337 1095 maximam
2369 1041 2635 1095 afferebat
2660 1038 3110 1095 consolationem.

1910 1135 2075 1189 Vens.
2100 1134 2287 1188 ιιι-ιτ.
2317 1154 2334 1185 ι
2366 1134 2532 1188 Porro
2550 1149 2673 1187 cum
2699 1131 2943 1187 videritis
2963 1128 3419 1184 abominationem

1838 1228 2193 1284 desolationis
2223 1227 2289 1281 de
2316 1242 2421 1293 qua
2452 1229 2651 1281 dictum
2685 1236 2772 1281 est
2803 1240 2830 1278 a
2866 1224 3087 1279 Daniele
3133 1224 3419 1292 pmplteta,

1839 1331 2070 1376 stantem
2104 1320 2190 1375 ubi
2221 1336 2321 1374 non
2353 1330 2585 1389 oportet.
2610 1320 2702 1391 qui
2732 1320 2921 1388 legerit
2959 1318 3244 1388 intelligat.
3266 1315 3422 1372 Tunc

1837 1416 1928 1484 qui
1962 1412 2164 1467 fuerint
2213 1412 2267 1467 in
2305 1410 2507 1475 Jud.ea,
2532 1412 2737 1480 fugiant
2771 1411 2835 1465 ad
2872 1420 3085 1465 montes
3113 1426 3127 1463 :
3155 1408 3246 1478 qui
3291 1423 3423 1463 vero

1837 1506 2001 1562 fuerit
2027 1506 2082 1561 in
2117 1513 2279 1570 tecto,
2316 1519 2382 1559 ne
2416 1506 2706 1560 descendat
2753 1504 2805 1559 in
2834 1504 3079 1568 domum,
3107 1518 3206 1557 nec
3242 1500 3423 1571 ingre-

1839 1596 2019 1651 diatur
2071 1603 2130 1648 ut
2174 1596 2463 1665 quicquam
2518 1594 2673 1648 tollat
2724 1610 2755 1650 e
2800 1596 2961 1648 domo
3011 1608 3107 1647 sua
3156 1610 3171 1646 :
3221 1602 3276 1647 et
3329 1590 3419 1660 Qui

1842 1689 1999 1742 fnerll
2030 1689 2080 1742 in
2122 1703 2269 1759 agro,
2310 1702 2375 1742 ne
2423 1697 2728 1742 revertatur
2758 1687 2824 1741 ad
2864 1702 2927 1741 ea
2964 1702 3084 1756 quae
3138 1684 3359 1756 reliquit
3388 1700 3418 1736 a

1845 1794 2014 1851 tergo,
2044 1784 2109 1834 ad
2152 1780 2443 1833 tollendum
2475 1779 2695 1848 pallium
2727 1793 2910 1835 suum.
2937 1777 3031 1833 Va:
3063 1789 3243 1834 autem
3281 1793 3418 1846 prac-

1841 1873 2149 1944 gnantibns,
2182 1880 2237 1926 et
2290 1872 2616 1926 Iactantibus
2649 1872 2703 1926 in
2740 1871 2931 1927 diebus
2967 1871 3094 1927 illis.
3142 1890 3163 1924 ι
3198 1868 3420 1923 Abomi-

1840 1968 1985 2020 natio
2040 1964 2392 2020 desolationis
2435 1972 2614 2020 statua
2672 1974 2756 2019 est
2825 1964 2944 2035 ejus
2999 1964 3092 2034 qui
3144 1964 3417 2020 civitatem

1834 2056 2123 2113 destruxit.
2147 2057 2492 2113 Abominatio
2543 2057 2690 2112 enim
2726 2073 2887 2113 omne
2921 2056 3121 2111 idolum
3171 2056 3369 2111 dicitur
3404 2079 3417 2112 :

1834 2149 2186 2205 desolationis
2215 2165 2345 2205 vero
2373 2164 2438 2205 eo
2464 2150 2630 2220 quod,
2653 2160 2810 2220 capta
2842 2159 2896 2205 et
2926 2148 3166 2204 desolata
3194 2146 3417 2202 Jerusa-

1834 2242 1961 2310 lem,
1987 2242 2133 2296 illam
2188 2250 2505 2297 statuerunt
2539 2244 2677 2298 intra
2714 2242 2937 2314 adytum
2972 2241 3186 2313 templi.
3216 2239 3420 2296 Pilatus

1833 2332 2049 2403 quoque
2089 2331 2324 2389 Cmsaris
2376 2333 2612 2404 imagine
2659 2348 2818 2389 noetu
2849 2335 2900 2389 in
2937 2331 3197 2403 templum
3246 2331 3418 2398 illata,

1835 2426 2013 2495 magni
2049 2429 2309 2481 tumultus
2337 2436 2526 2482 auctor
2558 2425 2659 2481 fuit
2694 2427 2857 2497 plebi.
2892 2426 3046 2483 Tunc
3070 2426 3217 2481 enim
3253 2425 3419 2494 etrapit

1833 2530 1890 2577 et
1917 2517 2113 2573 bellum
2159 2518 2506 2600 et.desolatio
2534 2518 2857 2574 Jerusalem.
2881 2517 3052 2588 Igitur
3082 2529 3212 2572 tunc
3239 2517 3292 2571 hi
3320 2531 3416 2586 th

1834 2611 1887 2666 in
1923 2609 2109 2665 Judtea
2161 2608 2385 2676 fuerint,
2414 2608 2623 2681 fugiant
2676 2610 2729 2665 in
2782 2620 3015 2664 mentes.
3044 2608 3190 2663 Bene
3233 2614 3418 2662 autem

1835 2704 1990 2771 dixit,
2022 2703 2075 2758 hi
2123 2701 2216 2773 qui
2268 2703 2321 2757 in
2378 2700 2584 2758 Judtea.
2611 2702 2747 2757 Nam
2796 2703 3026 2772 apostoli
3065 2718 3172 2758 non
3201 2699 3423 2755 fueruttt

1836 2796 1888 2850 in
1944 2794 2129 2851 Judtea
2190 2812 2206 2849 :
2259 2795 2379 2861 sed,
2429 2804 2489 2849 ut
2547 2794 2808 2860 diximus,
2858 2804 3147 2864 antequam
3219 2792 3419 2847 bellum

1835 2883 1996 2956 243
2043 2896 2292 2939 exortum
2341 2893 2444 2948 est,
2493 2883 2545 2938 in
2597 2888 2975 2953 persecutione
3019 2882 3201 2938 exacti
3236 2890 3422 2937 sunte

1810 2973 2155 3041 Jerusalem,
2177 2975 2287 3029 imo
2317 2973 2418 3044 ipsi
2452 2974 2725 3040 exierunt,
2754 2974 2938 3029 divino
2969 2972 3137 3028 adlati
3189 2970 3419 3041 Spiritu.

1836 3066 1938 3134 Qui
1976 3069 2140 3136 igitur
2173 3067 2371 3122 inventi
2401 3065 2609 3122 fuerint
2637 3066 2689 3121 in
2728 3063 2935 3131 Judata,
2970 3064 3221 3136 fugiant:
3266 3069 3323 3117 et
3374 3061 3422 3114 is

1838 3160 1933 3231 qui
1966 3175 2125 3231 supra
2159 3169 2385 3225 tectum,
2407 3160 2611 3214 nullius
2646 3159 2722 3215 rei
2758 3158 2930 3230 gratia
2962 3172 3083 3227 qua:
3126 3156 3183 3211 in
3237 3154 3418 3215 domo.

138 3235 232 3300 νὸς
267 3234 381 3287 τῶν
410 3234 467 3285 ἐν
497 3236 564 3303 τῇ
614 3232 765 3303 οἰκίᾳ
826 3231 1239 3302 ἐπιστραφήτω.
1278 3227 1587 3299 Ἀγαπητδν
1627 3226 1733 3297 γὰρ

1842 3262 2171 3309 revertatur.
2215 3250 2441 3320 Expedit
2477 3251 2622 3305 enim
2655 3259 2712 3305 ut
2743 3252 2864 3321 quis
2896 3226 2993 3304 vel
3020 3248 3162 3303 nudo
3194 3260 3425 3316 corpore

134 3328 183 3381 tl
222 3326 324 3380 καὶ
354 3323 550 3395 γυμνῷ
578 3323 658 3395 τῷ
709 3322 923 3395 σώματι
971 3321 1267 3393 διασωθείη
1320 3338 1424 3384 τις,
1461 3318 1597 3373 ἀλλὰ
1642 3318 1735 3372 καὶ

137 3437 167 3471 τ
186 3419 268 3483 ,ῖς
301 3416 557 3487 ἐχούσαις
579 3416 746 3469 τέκνα
772 3417 869 3470 καὶ
908 3417 1029 3480 ταῖς
1078 3413 1320 3485 ἐγκύοις,
1347 3413 1491 3467 οὐαί.
1532 3411 1687 3466 Διατί
1716 3425 1735 3477 ς

141 3511 301 3567 Δνδτι
328 3510 388 3566 αί
415 3509 513 3581 μὲν
545 3508 767 3580 ἔχουσαι
827 3509 1015 3572 τέκνα,
1044 3510 1112 3578 τῇ
1156 3507 1292 3580 πρὸς
1334 3505 1475 3561 αὖτᾶ
1531 3505 1732 3576 στοργῇ

138 3596 538 3674 κατεχόμεναι,
573 3601 635 3654 ού
673 3600 1253 3672 δυνήσονταιφεύγειν,
1288 3598 1419 3652 αἱδέ
1447 3599 1505 3650 ἐν
1535 3596 1737 3665 γαστρὶ

138 3695 392 3766 ἔχουσαι,
422 3694 511 3748 διὰ
535 3694 596 3746 τὸ
624 3694 720 3763 τῆς
746 3693 1046 3763 κυοφορίας
1069 3691 1256 3762 ἄχθος,
1286 3690 1408 3743 ούδέ
1435 3682 1595 3744 αὗται
1632 3690 1732 3759 ρᾳ-

138 3790 266 3843 δξαν
292 3788 396 3857 τὴν
429 3787 607 3859 φυγὴν
645 3788 879 3853 ἕξουσιν.
914 3781 1083 3854 Οἶμαι
1127 3786 1182 3839 δὲ
1216 3786 1311 3838 καὶ
1338 3783 1436 3856 τὴν
1465 3799 1735 3851 τεκνοφα-

139 3880 276 3949 γίαν
301 3877 535 3931 ἐνταῦθα
566 3877 870 3948 σημαίνειν.
889 3877 978 3929 Ἐν
1004 3877 1112 3947 γὰρ
1133 3875 1212 3946 τῷ
1242 3874 1388 3947 λιμῷ
1414 3872 1737 3946 πολιορκού-

143 3989 328 4043 με·.οι,
348 3970 442 4023 καὶ
469 3968 580 4025 τῶν
618 3968 822 4023 τέκνων
847 3968 1078 4040 ἥψαντο.

218 4081 240 4115 ι
283 4058 659 4131 Προσεύχεσθε
687 4058 765 4128 δὲ,
801 4059 887 4113 ἵνα
932 4060 1006 4131 μὴ
1049 4061 1275 4131 γένηται
1310 4060 1343 4131 ή
1380 4055 1527 4129 φυγὴ
1579 4054 1737 4128 ἡμῶν

143 4156 440 4230 χειμῶνος.
468 4153 722 4206 Ἔσονται
764 4152 873 4225 γὰρ
913 4154 969 4206 αἱ
1016 4152 1224 4224 ἡμέραι
1265 4152 1472 4205 ἐκεῖναι
1526 4148 1731 4218 θλίψις,
1764 4198 1767 4201 ,

140 4250 235 4306 οἱα
272 4249 336 4304 οὐ
363 4246 553 4316 γέγονε
595 4243 819 4316 τοιαύτη
858 4246 953 4299 ἀπ’
1000 4245 1175 4316 ἀρχῆς
1226 4246 1460 4308 κτίσεως
1489 4238 1557 4315 ἧς
1586 4243 1736 4294 Em-

146 4359 245 4397 σεν
276 4343 305 4395 ό
329 4340 461 4400 Θεὸς
487 4338 591 4401 ἓως
620 4336 713 4390 τοῦ
746 4337 866 4405 νῦν,
899 4339 997 4391 καὶ
1041 4338 1103 4391 ού
1138 4337 1215 4409 μὴ
1249 4339 1495 4407 γένηται.
1533 4336 1643 4389 Καὶ⁸
1683 4337 1732 4389 εί

149 4437 231 4507 μὴ
290 4435 497 4507 Κύριος
534 4432 839 4492 ἐκολόϐωσε
895 4430 995 4496 τὰς
1026 4431 1259 4501 ἡμέρας,
1300 4432 1401 4484 οὐκ
1435 4431 1502 4484 ἂν
1548 4428 1736 4500 ἐσώθη

144 4525 308 4579 πᾶσα
340 4525 495 4597 σὰρξ,
527 4526 661 4580 ἀλλὰ
690 4524 779 4578 διὰ
807 4523 934 4585 τοὺς
979 4521 1269 4584 ἐκλεκτοὺς
1298 4519 1391 4584 οὒς
1431 4520 1733 4588 ἐξελέξατο,

144 4613 458 4670 ἐκολόϐωσε
490 4617 591 4680 τὰς
620 4616 853 4688 ἡμέρας.
898 4632 917 4665 ι
955 4614 1018 4666 El
1046 4613 1314 4683 χειμῶνος
1371 4614 1478 4684 γὰρ
1524 4613 1734 4683 γένοιτο
1770 4615 1816 4675 ι)

145 4711 179 4778 ἡ
230 4707 404 4778 φυγὴ,
432 4708 538 4761 ἀπὸ
563 4710 662 4780 τῆς
706 4706 801 4760 τοῦ
842 4705 1034 4775 καιροῦ
1070 4705 1356 4769 δυσκολίας
1408 4704 1738 4776 ἐμποδισθή-

149 4815 345 4852 σονται
370 4799 421 4852 οἱ
466 4797 688 4867 φεύγειν
715 4797 984 4862 θέλοντες,
1018 4796 1119 4849 καὶ
1159 4796 1297 4861 ὅλως
1334 4795 1515 4865 θλίψις
1560 4795 1736 4859 ἔσται,

147 4893 269 4948 τῶν
290 4893 507 4947 πώποτε
539 4892 851 4962 γενομένων
899 4893 932 4965 ἢ
960 4893 1340 4963 γενησομένων
1356 4892 1736 4963 χαλεπωτέρα.

151 4985 273 5039 Καὶ
301 4984 348 5036 εί
402 4983 477 5056 μὴ
516 4984 855 5037 ἐκολόϐωσεν
902 4987 931 5039 6
965 4986 1120 5051 Θεὸς,
1148 4986 1418 5047 τουτέστι,
1457 4985 1741 5056 συντόμως

152 5077 425 5132 κατέλυσε
452 5078 543 5131 τδν
572 5078 808 5148 πόλεμον
833 5077 945 5132 τῶν
984 5078 1297 5149 Ῥωμαίων,
1326 5079 1428 5133 οὐκ
1458 5078 1525 5132 ἂν
1553 5077 1734 5149 ἐσώθη

156 5169 313 5223 πᾶσα
357 5167 519 5239 σὰρξ,
545 5170 847 5239 τουτέστιν,
886 5170 1134 5235 Ἰουδαῖος
1162 5170 1263 5224 οὐκ
1293 5171 1359 5224 ἂν
1392 5170 1690 5240 ὑπελείφθη
1720 5187 1734 5202 ⁸

159 5260 301 5315 ἀλλὰ
356 5260 445 5314 διὰ
478 5262 608 5325 τοὺς
633 5260 947 5325 ἐκλεκτοὺς,
971 5260 1223 5314 τουτέστι
1242 5261 1368 5325 τοὺς
1390 5262 1447 5326 ἐξ
1473 5260 1739 5331 Ἐϐραίων

157 5353 583 5420 πιστεύσαντας,
614 5355 648 5431 ἦ
681 5354 776 5407 καὶ
822 5352 1050 5424 ὓστερον
1099 5354 1392 5425 μέλλοντας
1438 5355 1737 5418 πιστεύειν,

160 5445 434 5517 κατελύθη
470 5448 750 5519 συντόμως
806 5448 836 5499 6
872 5447 1135 5516 πόλεμος.
1175 5447 1235 5501 Ὀ
1260 5449 1366 5519 γὰρ
1388 5448 1521 5512 Θεὸς
1547 5465 1738 5518 προγιο

161 5537 414 5602 νώσκων,
442 5540 611 5609 δτιὲξ
643 5540 914 5612 Ἐϐραίων
960 5539 1149 5593 πολλοὶ
1201 5541 1553 5594 πιστεύσουσι
1602 5542 1740 5611 μετὰ

171 5629 275 5701 τὴν
298 5630 519 5698 ἅλωσιν,
542 5633 735 5686 τούτου
771 5632 931 5705 χάριν
977 5632 1038 5686 οὐ
1086 5632 1430 5703 συνεχώρησε
1462 5634 1740 5698 παντελῶς

162 5720 523 5793 ἀφανισθῆναι
576 5723 638 5776 τὸ
669 5730 845 5793 γένος.
876 5722 1111 5778 Δύναται
1148 5725 1205 5778 δὲ
1244 5724 1415 5777 ταῦτα
1469 5728 1562 5778 καὶ
1604 5728 1737 5780 dwa-

161 5809 358 5882 χθῆναι
392 5812 745 5886 ἠθικώτερον.
776 5815 1061 5887 Βδέλυγμα
1102 5817 1202 5886 τῆς
1226 5816 1583 5887 ἐρημώσεως,
1620 5818 1738 5872 ἐστὶ

167 5904 271 5954 πᾶν
298 5906 477 5977 νόημα
508 5910 818 5975 σατανικὸν,
864 5908 1036 5973 ἑστὼς
1070 5910 1126 5965 ἒν
1147 5909 1296 5981 τόπῳ
1317 5909 1475 5981 ἁγίῳ»
1498 5909 1574 5980 τῷ
1601 5912 1737 5980 ἠμε·

1839 3346 2023 3402 salvus
2055 3345 2165 3400 fiat.
2201 3343 2429 3415 Insuper
2456 3359 2535 3399 vas
2566 3354 2617 3399 et
2650 3344 3076 3415 praegnantibus,
3104 3353 3160 3397 et
3212 3341 3423 3396 lactan-

1842 3438 1983 3493 tibus
2010 3455 2107 3493 ναξ.
2133 3437 2349 3505 Quare?
2382 3438 2520 3505 Quia
2552 3452 2660 3491 non
2684 3446 2906 3506 possunt
2946 3435 3130 3505 fugere
3160 3432 3421 3487 mulieres

1837 3532 2032 3599 quibus
2063 3540 2190 3585 sunt
2247 3532 2422 3600 pueri,
2477 3529 2772 3585 affectione
2819 3544 2945 3597 erga
2992 3528 3114 3582 illos
3164 3525 3421 3581 detentae.

1837 3619 2186 3694 Praegnantes
2220 3636 2437 3692 quoque
2465 3630 2687 3692 propter
2721 3619 2859 3673 uteri
2911 3619 3187 3673 sarcinam
3249 3631 3426 3686 neque

1839 3714 1970 3783 ipsa:
2001 3713 2156 3769 facile
2191 3713 2370 3783 fugam
2403 3714 2706 3769 inveniunt.
2742 3712 3010 3769 Existimo
3065 3720 3243 3765 autem
3280 3709 3425 3778 quod

1838 3818 1895 3867 et
1924 3825 2120 3878 pueros
2153 3811 2255 3865 hoc
2291 3809 2414 3864 loco
2447 3808 2725 3880 signiﬁcet
2754 3810 3044 3863 vorandos.
3074 3805 3240 3861 Fame
3278 3803 3425 3860 enim

1838 3901 2045 3958 obsessi
2078 3916 2177 3958 nec
2202 3901 2385 3971 pueris
2411 3908 2795 3972 pepercerunt.

1914 4081 2081 4137 Vsus.
2142 4078 2339 4137 18-20.
2400 4098 2420 4133 ι
2470 4068 2637 4136 Orate
2685 4090 2867 4135 autem
2927 4095 2996 4136 ne
3063 4077 3189 4151 fuga
3234 4087 3420 4136 vestra

1842 4173 1936 4228 fiat
1969 4173 2184 4243 hyeme.
2215 4173 2393 4228 Erunt
2420 4172 2564 4228 enim
2598 4172 2715 4227 dies
2756 4171 2830 4227 illi
2864 4173 2987 4227 talis
3021 4169 3258 4237 afflictio,
3292 4186 3426 4241 qua-

1838 4264 1906 4321 lis
1962 4279 2070 4320 non
2126 4263 2227 4319 fuit
2298 4265 2366 4319 ab
2434 4264 2589 4319 initio
2646 4279 2827 4318 rerum
2879 4264 3241 4332 conditarum,
3288 4279 3425 4334 quas

1839 4357 2081 4412 condidit
2111 4356 2275 4423 Deus,
2300 4372 2473 4427 usque
2500 4357 2566 4411 ad
2595 4357 2697 4413 hoc
2726 4365 2961 4425 tempus,
2990 4371 3090 4412 nec
3115 4355 3295 4412 futura
3320 4368 3426 4412 est.

1839 4448 1905 4504 Et
1933 4450 2033 4505 nisi
2066 4448 2327 4504 Dominus
2375 4450 2748 4505 abbreviasset
2797 4448 2916 4504 dies
2963 4450 3109 4515 illos,
3144 4449 3426 4520 haudqua-

1841 4556 2003 4611 quam
2037 4540 2185 4595 salva
2222 4540 2413 4596 fuisset
2442 4542 2692 4596 universa
2725 4557 2875 4596 caro.
2920 4540 3026 4595 Sed
3074 4547 3295 4610 pmpter
3314 4539 3425 4595 ele-

1843 4642 1962 4688 ctos
1994 4647 2130 4703 quos
2161 4633 2343 4704 elegit,
2377 4633 2715 4688 abbreviavit
2745 4634 2885 4688 dies.
2927 4651 2945 4685 ι
2985 4631 3042 4687 Si
3078 4633 3269 4703 hyeme
3303 4632 3425 4702 fuga

1844 4727 2017 4789 ﬁeret,
2048 4728 2308 4794 temporis
2336 4725 2531 4794 injuria
2559 4726 2943 4794 impedimenta
2978 4725 3217 4781 habituri
3239 4733 3428 4779 essent

1841 4814 2028 4886 fugere
2045 4815 2307 4879 volentes,
2331 4826 2385 4870 et
2403 4817 2627 4871 omnino
2647 4814 2869 4870 afﬂictio
2902 4815 3083 4871 futura
3109 4826 3193 4871 est
3212 4830 3424 4878 earum,

1843 4923 1963 4977 quae
1999 4906 2221 4961 fuerunt
2253 4906 2336 4962 vel
2365 4915 2527 4961 erunt
2556 4921 2790 4976 unquam
2824 4906 3174 4977 gravissima,
3220 4915 3276 4959 et
3321 4904 3427 4960 nisi

1844 4997 2216 5052 abbreviasset
2249 4994 2412 5060 Deus,
2446 4996 2547 5051 hoc
2578 5004 2685 5063 est,
2718 4996 2880 5052 citius
2912 4995 3281 5050 Romanorum
3315 4993 3429 5049 bel-

1844 5087 1954 5141 lum
2009 5084 2369 5152 dissolvisset,
2424 5100 2533 5141 non
2570 5086 2767 5141 fuisset
2800 5086 2949 5140 salva
2987 5086 3240 5139 universa
3272 5099 3423 5147 caro.

1846 5180 1950 5234 hoc
1994 5189 2102 5244 est,
2135 5176 2354 5233 Iudaeus
2399 5194 2505 5232 non
2557 5177 2751 5234 fuisset
2788 5177 3029 5232 relictus.
3061 5176 3168 5232 Sed
3204 5185 3425 5247 propter

1842 5268 2065 5335 electos,
2092 5269 2196 5323 hoc
2229 5277 2335 5334 est,
2367 5282 2464 5323 eos
2498 5269 2590 5338 qui
2623 5281 2689 5322 ex
2718 5266 2919 5323 Judteis
2945 5267 3313 5331 crediderunt,
3339 5267 3424 5322 ναι

1843 5372 2027 5433 postea
2060 5361 2319 5417 credituri
2354 5369 2503 5426 sunt,
2530 5361 2732 5417 bellum
2762 5361 2925 5417 eitius
2950 5361 3280 5431 diremptum
3310 5369 3418 5414 est.

1842 5451 1983 5508 Deus
2013 5453 2155 5509 enim
2178 5452 2303 5520 quia
2334 5452 2701 5523 praecognovit
2722 5466 2788 5507 ex
2816 5451 3056 5508 Hebraeis
3082 5450 3278 5505 multos
3304 5459 3429 5519 post

1844 5547 2213 5613 captivitatem
2245 5545 2572 5610 credituros,
2607 5560 2712 5600 non
2742 5546 2989 5615 permisit
3040 5554 3209 5599 totum
3253 5558 3423 5611 genus

1849 5637 2078 5692 aboleri.
2111 5636 2346 5691 Possunt
2384 5648 2565 5691 autem
2609 5638 2723 5692 haec
2770 5638 2960 5692 morali
3010 5652 3171 5693 sensu
3209 5636 3291 5690 sic
3327 5652 3424 5689 ex-

1844 5730 2006 5799 poni:
2051 5730 2399 5785 Abominatio
2428 5729 2773 5786 desolationis
2818 5740 2900 5786 est
2950 5730 3128 5785 omnis
3153 5727 3418 5783 diabolica

1842 5838 1885 5876 Ct
1910 5821 2121 5893 gitatio,
2147 5838 2268 5892 qua:
2302 5834 2409 5877 stat
2440 5824 2490 5878 in
2548 5823 2665 5879 loco
2697 5832 2910 5890 sancto,
2960 5822 3063 5877 hoc
3112 5829 3195 5875 est
3235 5829 3415 5874 nostra

1845 5924 2040 5969 tuente.
2068 5913 2220 5971 Tunc
2257 5916 2415 5985 igitur
2450 5916 2535 5986 qui
2570 5915 2727 5973 estin
2752 5914 2961 5983 Iudaea,
2988 5912 3155 5985 fugiat
3182 5912 3235 5969 in
3263 5925 3419 5967 morr-
