3866 6448
89 258 169 322 645

87 367 262 436 τασχεῖν
297 360 485 427 αὐτὸν,
528 358 628 413 οὐκ
672 358 939 428 ἠδύναντο
968 376 982 388 ·
1020 360 1112 413 ὅτε
1149 360 1205 412 δὲ
1252 360 1451 412 ἐκεῖνοι
1501 357 1604 411 οὐκ
1630 362 1679 420 Α

85 461 327 531 ᾗόούὶοντο
358 454 441 508 διὰ
468 452 563 524 τὴν
598 451 813 523 ἑορτὴν,
844 452 966 505 τότε
1012 452 1176 515 αὐτὸς
1213 450 1357 506 ἑκὼν
1404 450 1597 503 ἑαυτὸν

83 554 315 618 ἐξέδωκεν.
341 548 523 609 Ὀντος
554 545 611 599 δὲ
644 543 811 597 αὐτοῦ
847 546 904 597 έν
935 544 1181 615 Βηθανίᾳ
1219 547 1278 598 έν
1311 543 1459 614 οἰκία⁹
1510 541 1604 594 Σί-

85 658 229 716 μωνος
268 638 352 692 τοῦ
403 634 644 706 λεπροῦ,
688 629 821 705 ἦλθε
866 634 1026 704 γυνή.
1090 633 1198 686 Καὶ
1237 633 1286 685 οἱ
1330 632 1604 702 τέσσαρες

85 730 429 807 μνημονεύουσι
451 727 542 781 τοῦ
578 726 775 798 μύρου.
811 725 920 780 Καὶ
959 724 1109 779 δοκεῖ
1164 723 1264 795 μὲν
1294 725 1445 795 παρά
1498 739 1609 775 τισι

84 830 161 901 μία
184 823 326 892 εἶναι,
359 822 455 876 οὐκ
483 820 597 875 ἔστι
626 821 702 885 δὲ,
733 819 827 873 δύο
844 819 899 873 δὲ
928 817 1056 871 eici.
1088 816 1205 870 Μία
1238 817 1358 886 μὲν,
1386 817 1419 885 ἡ
1458 812 1608 884 παρὰ

81 921 140 992 τῷ
161 918 376 986 Ἰωάννῃ,
404 915 436 986 ἡ
467 913 560 967 καὶ
584 911 678 966 τοῦ
704 907 973 983 Λαζάρου
988 910 1195 981 ἀδελφὴ
1221 908 1380 962 οὖσα.
1412 905 1609 975 Ἑτέρα

86 1015 196 1082 δέ,ή
231 1010 368 1080 παρᾶ
416 1008 527 1070 τοῖς
576 1005 783 1080 λοιποῖς
818 1004 986 1077 τρισί.
1040 1004 1186 1075 Πλὴν
1218 1003 1480 1072 πρόσεχε,
1518 1001 1611 1051 καί

84 1105 292 1173 εὑρήσεις
315 1097 511 1160 ταύτας
539 1100 685 1168 τρεῖς
720 1095 907 1158 οὔσας.
943 1095 1102 1169 Παρὰ
1123 1095 1223 1166 μὲν
1248 1095 1326 1165 τῷ
1365 1092 1608 1162 Ἰωάννῃ,

85 1193 202 1264 μίαν,
228 1189 365 1260 παρὰ
393 1188 448 1241 δὲ
475 1186 553 1257 τῷ
576 1188 784 1258 Λουκᾷ,
808 1185 999 1258 ἄλλην,
1025 1186 1175 1258 παρὰ
1199 1185 1256 1238 δὲ
1287 1186 1401 1246 τοῖς
1434 1181 1611 1244 δυσὶν,

82 1286 235 1355 ἑτέραν
262 1281 397 1351 μίαν.
442 1280 507 1333 Ἦ
534 1280 643 1351 γὰρ
666 1281 817 1351 παρὰ
845 1279 924 1349 τῷ
954 1280 1162 1349 Λουκᾷ,
1195 1277 1293 1329 καὶ
1323 1278 1499 1345 πόρνη
1519 1268 1610 1345 ἦν,

82 1379 154 1430 καὶ
182 1375 292 1446 περὶ
335 1373 401 1427 τὰ
444 1372 588 1441 μέσα
622 1371 717 1424 τοῦ
746 1372 1104 1443 κηρύγματος
1125 1410 1140 1433 ,
1186 1372 1219 1440 ἠ
1252 1369 1308 1423 δὲ
1353 1369 1505 1439 παρὰ
1536 1364 1613 1435 τῷ

83 1467 330 1536 Ματθαίῳ,
382 1464 516 1537 πρὸς
564 1464 645 1536 τῷ
698 1464 877 1536 καιρῷ
918 1464 1012 1518 τοῦ
1069 1464 1295 1526 πάθους.
1344 1462 1451 1514 Καὶ
1492 1458 1614 1513 οὐδὲ

86 1561 224 1629 πόρνη
238 1557 693 1628 ὁμολογουμένως·
724 1557 1049 1627 ἀποδέχεται
1076 1556 1132 1609 δὲ
1163 1556 1331 1625 αὐτῆς
1351 1556 1378 1608 ὁ
1407 1553 1611 1624 Κύριος

86 1652 159 1722 τὴν
180 1648 510 1721 προαίρεσιν,
544 1648 621 1712 ὡς
650 1649 894 1702 τοσαῦτα
937 1648 1296 1718 ἁναλωσάσης
1343 1646 1476 1717 περὶ
1517 1646 1616 1716 τὴν

88 1744 256 1812 νάρδον.
282 1740 538 1813 Πιστικὴν
564 1742 623 1794 δὲ
659 1740 855 1813 νάρδον
890 1741 1022 1804 νόει,
1059 1740 1180 1810 ἦτοι
1220 1735 1358 1802 εἶδος
1394 1738 1613 1808 νάρδου,

87 1838 195 1891 οὕτω
218 1836 496 1907 λεγόμενον
522 1835 774 1907 πιστικὴ,
813 1836 845 1907 ἢ
896 1835 994 1906 τὴν
1039 1834 1227 1889 ἄδολον
1272 1834 1490 1904 νάρδον,
1524 1833 1619 1886 καὶ

90 1931 195 2001 μετὲ
244 1928 464 1992 πίστεως
516 1926 1095 1983 κατασκευασθεῖσαν.
1128 1921 1314 1978 Ἶισαν
1366 1926 1422 1978 δέ
1474 1942 1621 1989 τινες

91 2019 491 2090 αγανακτοῦντες.
536 2019 596 2073 '0
650 2019 708 2074 δὲ
752 2018 1030 2088 Ἰωάννης,
1081 2018 1175 2071 τὸν
1220 2016 1423 2070 Ἰούδαν
1452 2017 1622 2086 φησὶν

91 2115 431 2184 ἀγανακτῆσαι.
462 2112 626 2176 Είκὸς
646 2107 741 2167 οὖν
772 2110 865 2166 καὶ
891 2110 1016 2175 τοὺς
1044 2109 1235 2172 ἄλλους
1267 2109 1364 2179 μὲν
1389 2108 1622 2161 ἀποστό-

92 2208 183 2270 λους
215 2202 516 2276 μέμψασθαι
559 2204 660 2275 τὴν
705 2206 963 2272 γυναῖκα,
1011 2202 1087 2265 ὡς
1131 2201 1475 2263 ἀκούσαντας
1525 2198 1621 2253 τοῦ

686 243 1130 307 ENARRATIO
1168 243 1245 305 IN
1287 240 1792 306 EVANGELIUM
1833 243 2168 303 MARCL—
2200 245 2361 304 CAP.
2401 245 2556 305 XIV-

3188 239 3297 304 646

1711 373 1832 429 pter
1863 360 2063 414 festum
2086 364 2252 424 diem,
2282 370 2406 415 tunc
2428 362 2762 419 voluntarius
2786 363 2901 434 ipse
2927 362 3162 432 seipsum
3193 372 3302 417 tra-

1709 455 1867 509 didit.
1902 456 1968 508 At
1991 472 2113 508 eum
2140 456 2254 525 ipse
2281 465 2425 512 esset
2454 456 2508 510 in
2540 456 2801 511 Bethania
2836 459 2888 510 in
2921 457 3082 510 duum
3114 456 3298 509 Simo-

1708 548 1795 602 nis
1844 548 2066 619 leprosi,
2110 550 2258 605 venit
2302 550 2519 605 mulier.
2569 549 2633 604 Et
2679 562 2917 619 quatuor
2963 550 3298 604 mentionem

1712 637 1917 693 faciunt
1949 642 2232 708 unguenti,
2270 650 2323 694 et
2359 641 2570 695 videtur
2608 641 2931 709 quibusdam
2978 657 3085 694 una
3120 656 3289 696 esse:

1711 748 1820 786 non
1848 742 2027 784 autem
2064 732 2137 786 ita
2172 744 2275 795 est,
2302 733 2396 787 sed
2428 734 2545 785 duae
2577 744 2726 787 sunt.
2762 733 2878 789 Una
2909 734 3148 802 quidem,
3173 748 3295 801 qme

1711 824 1852 891 apud
1902 821 2193 890 Joannem,
2226 839 2348 894 qua:
2428 836 2479 877 et
2532 823 2727 878 Lazari
2782 840 2938 879 soror
2984 837 3089 892 est,
3132 826 3300 880 altera

1712 934 1894 989 qmea
1925 919 2150 989 reliquis
2190 923 2363 974 trihus
2402 930 2753 974 memoratur.
2785 919 3171 974 Verumtamen
3212 932 3296 975 at-

1717 1013 1875 1065 tende
1926 1020 1981 1066 et
2035 1012 2279 1067 invenies
2309 1012 2450 1081 quoi
2513 1023 2622 1067 tres
2668 1012 2801 1066 sint.
2845 1013 2997 1082 Apud
3033 1010 3300 1065 Joannem

1715 1106 1931 1176 quidem
1970 1121 2106 1170 una,
2141 1107 2280 1175 apud
2314 1104 2512 1159 Lnram
2546 1105 2675 1170 alia,
2712 1116 2764 1158 et
2817 1106 2954 1174 apud
3002 1106 3136 1160 duos
3186 1106 3305 1160 illos

1716 1200 1895 1254 adlmc
1922 1216 2029 1254 una
2059 1200 2188 1253 alia.
2243 1200 2378 1254 Nulli
2417 1200 2503 1253 illa
2538 1214 2659 1268 quae
2712 1200 2853 1268 apttd
2894 1197 3098 1252 Lucam
3132 1214 3307 1253 mere-

1718 1292 1825 1346 trix
1877 1301 2019 1356 erat,
2046 1290 2101 1345 in
2133 1292 2310 1345 medio
2358 1290 2762 1361 pra‘dieationis
2808 1289 3011 1344 Christi
3043 1288 3108 1342 ad
3142 1288 3305 1343 Chri-

1723 1391 1865 1438 stum
1898 1386 2045 1437 venit
2073 1400 2087 1437 :
2113 1400 2232 1450 qua:
2271 1383 2408 1450 apud
2447 1381 2780 1445 Mallllilfllllt,
2815 1389 3054 1449 tempore
3093 1380 3306 1447 passio-

1720 1474 1827 1537 nis,
1852 1484 1907 1528 et
1940 1490 2046 1528 non
2080 1475 2281 1529 dicitur
2313 1474 2591 1528 meretrix.
2618 1472 2817 1526 Probat
2847 1479 3028 1532 autem
3054 1471 3304 1525 Christus

1721 1569 1837 1636 ejus
1869 1566 2228 1631 voluntatem,
2254 1565 2395 1636 quod
2433 1576 2578 1619 tanta
2603 1565 2924 1633 expenderit
2958 1564 3012 1617 itt
3041 1564 3301 1617 nardum.

1726 1656 1800 1710 De
1836 1657 2009 1710 nardo
2042 1657 2238 1726 pisdca
2283 1658 2426 1711 scias
2473 1655 2618 1725 quod
2666 1665 2750 1709 est
2797 1657 3011 1723 species
3058 1656 3307 1724 quaedam
3384 1670 3389 1676 ’

1722 1750 1873 1803 nardi
1904 1764 2028 1818 qum
2059 1748 2251 1818 pistica
2293 1749 2529 1811 dicatur,
2573 1747 2655 1802 vel
2701 1748 2846 1817 quod
2890 1748 3105 1802 sincera
3136 1747 3227 1812 sit,
3253 1756 3311 1802 et

1724 1857 1829 1895 tton
1854 1841 2184 1907 adulterata,
2214 1840 2296 1896 vel
2323 1856 2446 1895 cum
2479 1841 2583 1895 (ide
2610 1841 2884 1896 confecta.
2919 1841 3089 1895 Erant
3121 1849 3303 1895 autem

1722 1934 1940 2004 quidam
1989 1949 2132 2004 (egre
2156 1934 2418 1988 ferentes.
2449 1932 2691 1988 Joannes
2726 1943 2910 1989 autem
2950 1932 3303 1989 dicitJudam

1722 2040 1864 2094 aegre
1928 2026 2138 2081 tulisse.
2188 2025 2495 2081 Verisimile
2555 2025 2721 2095 igitur
2773 2034 2830 2080 et
2885 2024 3025 2079 alios
3088 2023 3308 2093 quidem

1724 2118 2002 2188 apostolos
2039 2117 2321 2173 mulierem
2362 2117 2712 2189 objurgasse,
2743 2127 2931 2188 utpote
2979 2117 3070 2185 qui
3116 2115 3311 2170 audie-

1726 2219 1849 2264 rant
1874 2209 2154 2266 Christum
2181 2226 2398 2279 semper
2426 2211 2591 2267 multa
2622 2212 2690 2265 de
2710 2211 3059 2283 eleemosyna
3091 2210 3310 2267 docere.

93 2298 280 2367 Χριστοῦ
337 2297 420 2351 ἀεὶ
469 2297 605 2368 περὶ
667 2295 1042 2367 ἐλεημοσύνης
1104 2294 1453 2356 διδάσκοντος
1481 2333 1496 2358 ,
1534 2293 1626 2345 τὸν

1730 2300 1893 2357 ludas
1919 2317 2051 2358 sane
2081 2318 2186 2363 non
2210 2302 2373 2375 247
2412 2303 2603 2358 eodem
2633 2318 2798 2374 scopo
2837 2304 3101 2358 adversus
3126 2302 3315 2357 mulie-

92 2393 240 2460 μέντοι
276 2388 490 2455 Ἰούδαν,
512 2388 572 2443 οὐ
614 2387 693 2459 τῷ
720 2388 872 2459 αὐτῷ
905 2386 1096 2458 σκοπῷ
1132 2384 1275 2441 κατὰ
1311 2385 1413 2455 τῆς
1435 2399 1626 2453 γυναι-

1730 2409 1842 2449 rem
1865 2394 2272 2463 indignabatur,
2300 2394 2391 2449 sed
2413 2404 2633 2463 propter
2656 2393 2942 2448 avaritiam
2980 2402 3033 2445 et
3058 2401 3213 2460 turpe
3232 2391 3313 2444 lu-

94 2486 163 2546 κξς
181 2484 555 2553 ἀγανακτῆσαι,
581 2480 727 2535 ἀλλὰ
745 2480 833 2534 διὰ
852 2481 914 2534 τὸ
931 2479 1268 2550 φιλάργυρον
1290 2479 1384 2532 καὶ
1403 2478 1624 2548 αίσχρο-

1730 2498 1880 2539 crum
1926 2498 2107 2539 suum.
2139 2481 2433 2553 Propterea
2477 2493 2531 2537 et
2571 2481 2812 2537 Joannes
2844 2483 3011 2552 ipsius
3047 2481 3318 2536 duntaxat

96 2577 240 2648 κερδὲς
262 2578 436 2631 αὑτοῦ.
464 2576 566 2631 Διὰ
598 2576 758 2630 τοῦτο
784 2569 878 2629 οὖν
905 2576 1000 2627 καὶ
1031 2574 1280 2643 Ἰωάννης
1308 2569 1498 2625 τούτου
1532 2569 1630 2640 μόο

96 2687 165 2723 νου
189 2670 518 2741 μνημονεύει,
544 2669 625 2732 ῶς
656 2667 861 2739 δολερῷ
891 2664 1081 2737 σκοπῷ
1127 2663 1488 2735 μεμψαμένου
1524 2662 1622 2734 τὴν

97 2762 308 2827 γυναῖκα.
340 2759 445 2814 Καὶ
467 2756 844 2829 ἐνεϐριμῶντο
894 2755 1057 2826 αὐτῇ,
1090 2752 1367 2807 τουτέστιν
1416 2748 1627 2820 ἢγανά-

97 2870 238 2920 κτουν,
259 2851 490 2924 ὕϐριζον,
519 2852 876 2921 ἑπέπληκτον
901 2849 1062 2920 αὐτῇ.

152 3028 167 3060 ι
206 3012 256 3063 '0
280 3009 332 3063 δὲ
373 3007 580 3079 ἰησοῦς
611 3000 785 3060 εἶπεν*
819 3006 1019 3074 ’Ἄφετε
1049 3002 1239 3072 αὐτην.
1259 3000 1324 3053 Τί
1356 2998 1494 3069 αὑτῇ
1542 2996 1632 3049 κό-

98 3119 201 3166 πους
237 3062 523 3174 παρέχετε;
560 3062 753 3156 ίςαλδν
813 3062 973 3170 ἔργον
1018 3062 1314 3165 εἰργάσατο
1380 3092 1437 3144 ὲν
1472 3062 1626 3160 Ἵέμοί.
1656 3062 1700 3122 c

97 3196 288 3249 Πάντοτε
315 3194 417 3267 γὰρ
453 3194 585 3261 τοὺς
638 3190 892 3261 πτωχοὺς
943 3188 1098 3258 ἔχετε
1131 3183 1252 3255 μεθ’
1277 3181 1510 3245 ἑαυτῶν,
1539 3179 1635 3233 καὶ

96 3292 195 3343 ὅταν
222 3291 414 3361 θέλητε,
444 3286 682 3345 δύνασθε
732 3286 932 3349 αὐτοὺς
959 3283 1022 3338 εῦ
1063 3283 1309 3353 ποιῆσαι,
1336 3279 1437 3350 ἐμὲ
1468 3278 1525 3332 δὲ
1571 3276 1632 3331 οὐ

95 3386 286 3439 πάντοτε
324 3384 492 3455 ἔχετε.
526 3385 603 3437 Ὀ
644 3380 803 3452 ἔσχεν
854 3378 1019 3448 αὕτη,
1057 3375 1307 3446 ἐποίησε,
1359 3369 1632 3444 προέλαϐε

102 3475 287 3547 μυρίσαι
311 3494 407 3547 μου
435 3477 496 3529 τὸ
530 3473 703 3546 σῶμα
754 3474 835 3536 είς
888 3470 980 3524 τὸν
1027 3466 1422 3537 ἐνταφιασμόν.
1461 3464 1635 3535 Ἀμὴν

94 3568 278 3637 δὲλέγω
324 3570 468 3639 ὑμῖν,
494 3568 640 3622 ὅπου
666 3565 731 3620 ἂν
750 3561 1003 3636 κηρυχθῇ
1035 3561 1095 3614 τὸ
1117 3558 1449 3627 Εὑαγγέλιον
1476 3555 1637 3609 τοῦτο

96 3663 155 3723 εἰς
177 3660 280 3714 ὅλον
308 3660 394 3715 τὸν
433 3660 671 3728 κόσμον,
728 3655 824 3710 καὶ
854 3654 883 3708 δ
912 3653 1171 3723 ἐποίησεν
1227 3649 1367 3718 αὕτη
1398 3647 1635 3715 λαληθή-

95 3766 216 3803 σεται
237 3754 310 3815 είς
331 3751 682 3822 μνημόσυνον
739 3745 932 3815 αὐτῆς.
976 3764 994 3798 ι
1022 3745 1315 3813 Μέμφεται
1370 3742 1398 3794 ὁ
1433 3739 1638 3809 Κύριος

94 3845 179 3904 τοῖς
200 3842 522 3907 ἀποστόλοις,
554 3839 639 3903 ὡς
661 3838 903 3910 ἀκαίρως
934 3834 1288 3907 ἐμποδίζουσι
1334 3835 1402 3903 τῇ
1435 3830 1640 3903 προθυ-

96 3935 171 4005 [de
190 3936 277 4006 τῆς
295 3935 572 4005 γυναικός.
619 3931 686 3986 Τί
715 3932 845 4002 γὰρ,
870 3930 1055 3999 φησιν,
1085 3928 1223 3998 αὐτῇ
1259 3926 1459 3987 κόπους
1497 3938 1638 3990 παρ-

92 4025 244 4096 έχετε;
283 4029 396 4098 μεθ’
441 4027 471 4082 δ
502 4024 819 4099 προσέφερε
872 4022 933 4075 τὸ
977 4019 1169 4086 δῶρον,
1204 4016 1639 4089 ἀποστρέφοντες

93 4121 232 4190 αὐτὴν
260 4121 341 4174 διὰ
372 4119 464 4174 τοῦ
490 4115 845 4187 ὁνειδισμοῦ;
877 4113 1030 4184 Ἀμα
1077 4111 1131 4164 δὲ
1169 4111 1265 4165 καί⁸
1299 4108 1522 4179 πλήττει
1548 4106 1639 4159 τὸν

94 4215 336 4285 προδότην,
367 4216 424 4267 έν
453 4212 530 4284 τῷ
566 4210 772 4279 λέγειν,
804 4209 887 4262 ὅτι
910 4206 1004 4270 Εἰς
1024 4204 1114 4257 τὸν
1144 4198 1512 4271 ἐνταφιασμόν
1538 4214 1638 4269 μου

94 4304 483 4376 mammam,
533 4303 638 4357 καὶ
683 4300 759 4364 ὡς
810 4296 1158 4367 ἀσυνείδητον
1202 4295 1437 4363 ἐλέγχει.
1467 4292 1642 4345 Μονο-

1730 2576 2001 2642 meminit,
2048 2585 2306 2645 tanquam
2362 2576 2550 2630 dolosa
2601 2576 2964 2630 mordacitate
3033 2575 3315 2629 mulierem

1730 2669 2169 2740 reprehenderit.
2220 2667 2283 2722 Et
2327 2666 2721 2722 infremuerunt
2772 2668 2826 2721 in
2882 2681 3023 2730 eam,
3058 2665 3161 2719 hoc
3202 2674 3311 2730 est,

1729 2762 2173 2832 indignabantur,
2194 2761 2660 2822 convitiabantur.
2684 2758 3130 2829 perstringebant
3163 2772 3310 2813 eam.

1806 3011 1976 3068 Vens.
2008 3010 2130 3067 6-9.
2174 3031 2192 3064 ι
2234 3012 2296 3065 At
2321 3009 2480 3066 Jesus
2512 3010 2686 3064 dixit:
2717 3008 2890 3064 Sinite
2921 3008 3090 3073 illam,
3114 3023 3211 3062 cur
3240 3008 3317 3064 illi

1735 3107 1947 3161 molesti
1973 3105 2140 3160 estis?
2170 3105 2378 3159 Bonum
2437 3118 2575 3174 Opus
2625 3113 2843 3172 Operata
2894 3112 2976 3157 est
3025 3118 3151 3173 erga
3209 3118 3315 3159 me.

1736 3197 1962 3267 Semper
1992 3198 2135 3251 enim
2168 3211 2430 3266 pauperes
2466 3195 2679 3249 hahetis
2724 3194 3023 3259 vobiscum,
3047 3203 3103 3248 et
3143 3210 3317 3263 quan-

1733 3288 2022 3358 docunque
2061 3289 2362 3354 volueritis,
2406 3288 2632 3357 potestis
2686 3286 2792 3341 illis
2827 3284 3192 3341 benefacere:
3234 3301 3320 3341 me

1734 3398 1865 3437 vero
1897 3398 1999 3437 non
2036 3395 2250 3450 semper
2300 3381 2531 3436 habetis.
2573 3379 2723 3446 Quod
2748 3380 2922 3449 potuit
2969 3380 3106 3442 ha'c,
3135 3376 3260 3435 fecit
3297 3394 3313 3435 :

1736 3476 1997 3544 praevenit
2046 3482 2105 3527 ttt
2164 3483 2391 3542 ungeret
2417 3488 2615 3543 corpus
2642 3489 2819 3527 meum
2850 3474 2916 3528 ad
2960 3473 3317 3543 sepulturam.

1735 3568 1905 3622 Amen
1930 3569 2049 3622 dico
2067 3568 2238 3633 vobis,
2265 3567 2571 3636 ubicunque
2588 3566 2938 3636 praedicatum
2962 3563 3117 3621 fuerit
3140 3565 3319 3620 Evan-

1736 3660 1932 3730 gelinm
1968 3660 2068 3713 hoc
2108 3660 2160 3713 in
2189 3668 2360 3712 totum
2385 3660 2664 3721 mundum,
2689 3657 2851 3711 etiam
2879 3657 2981 3711 hoc
3017 3656 3161 3725 quod
3193 3654 3322 3710 fecit

1738 3754 1874 3819 haec,
1907 3753 2117 3807 diretur
2170 3751 2222 3805 in
2292 3751 2610 3805 memoriam
2671 3750 2848 3805 istius.
2887 3769 2907 3801 ι
2946 3748 3322 3819 Repreltcndit

1740 3846 1999 3902 Dominus
2018 3844 2336 3912 discipulos,
2356 3845 2500 3912 quod
2528 3844 2905 3912 intempestive
2937 3843 3178 3897 mulieris
3203 3842 3319 3896 ala-
3386 3871 3402 3889 -

1739 3939 1919 3993 crilati
1985 3938 2273 3991 obsismnt.
2305 3937 2416 3990 Cur
2481 3938 2623 3990 enim
2656 3936 2874 4007 (inquit)
2923 3937 2997 3990 illi
3046 3937 3317 4004 negotiqu

1741 4027 1940 4095 facitis,
1976 4039 2031 4082 et
2082 4028 2213 4082 cstis
2258 4026 2505 4081 molesti?
2534 4027 2823 4094 Postquam
2880 4028 3079 4081 donum
3114 4026 3314 4090 attulit,

1741 4123 2065 4178 aversamini
2122 4136 2242 4176 eam
2308 4135 2428 4174 cum
2488 4119 2823 4190 ignominia?
2875 4118 3094 4175 Interim
3140 4129 3321 4175 autem

1742 4216 2057 4287 perstringit
2096 4224 2148 4267 et
2197 4214 2525 4282 proditorem
2577 4213 2839 4275 dicendo.
2889 4212 2947 4267 ltt
2990 4211 3321 4282 sepulturam

1745 4319 1920 4359 meam
1972 4303 2075 4358 hoc
2111 4303 2257 4358 fecit.
2320 4304 2387 4358 Et
2442 4304 2600 4373 plane
2653 4304 2996 4357 cnuscientiae
3047 4312 3322 4374 expertem

95 4398 221 4468 νουχὶ
248 4397 400 4452 τοῦτο
440 4396 624 4466 ὶέγων
651 4391 823 4459 αὐτῷ,
846 4391 927 4444 δτι
964 4390 1036 4443 Σὺ
1070 4387 1169 4459 μὲν
1195 4386 1280 4480 είς
1318 4381 1546 4480 θόινατόν
1575 4398 1628 4480 με

1747 4395 1945 4464 arguit,
1986 4395 2140 4463 quasi
2178 4396 2248 4448 ita
2281 4395 2481 4450 diceret
2518 4392 2601 4448 ei:
2634 4393 2710 4446 'l‘u
2752 4394 2967 4461 quidem
3002 4396 3053 4447 in
3096 4404 3322 4450 mortem

97 4488 364 4557 προδιδοὺς,
397 4490 499 4542 οὐκ
567 4485 815 4554 ἐλέγχεις
866 4479 1112 4534 σεαυτόν.
1145 4474 1293 4545 Αὕτη
1338 4473 1395 4527 δὲ
1435 4473 1514 4535 είς
1548 4471 1637 4524 τὸν

96 4582 427 4654 ἐνταφιασμόν
483 4598 589 4652 μου
628 4578 691 4631 τὸ
743 4575 915 4647 μύρον
976 4572 1239 4642 φέρουσα,
1275 4568 1475 4621 ὡσανεὶ
1537 4566 1642 4619 ὑπὸ

94 4674 206 4728 Θεοῦ
251 4677 566 4747 κινηθεῖσα,
605 4672 733 4739 ἀξία
790 4669 938 4723 ἐστὶν
983 4664 1299 4735 ἐλέγχεσθαι
1343 4663 1449 4715 ὑπ’)
1512 4659 1639 4727 σοῦ;

94 4768 400 4839 ίιροφητεύει
443 4770 500 4822 δὲ
558 4763 798 4819 ἐνταῦθα
845 4764 872 4816 ὁ
906 4759 1111 4831 Κύριος
1152 4758 1246 4812 δύο
1282 4754 1642 4826 προφητείας.

95 4860 159 4911 ὅτι
201 4878 254 4913 τε
315 4863 375 4914 τὸ
435 4856 776 4928 Εὐαγγέλιον
845 4852 1250 4926 κηρυχθήσεται
1300 4852 1357 4902 ὲν
1414 4848 1521 4917 ὅλῳ
1569 4844 1645 4916 τῷ

95 4952 277 5023 κόσμῳ,
311 4954 402 5005 καὶ
423 4954 508 5005 δτι
540 4950 602 5003 τὸ
636 4947 798 5019 ἔργον
823 4944 925 5014 τῆς
968 4940 1228 5011 γυναικὸς
1258 4936 1647 5008 συγκηρυχοή-

1748 4500 1833 4540 tne
1864 4487 2158 4553 tradidisti,
2194 4497 2244 4539 et
2273 4503 2377 4540 non
2427 4486 2778 4553 reprehendis
2806 4487 3143 4555 temetipsum
3177 4504 3190 4540 :
3220 4488 3322 4542 ista

1746 4588 1925 4632 autem
1958 4578 2010 4631 in
2072 4578 2401 4648 sepulturam
2465 4591 2639 4631 meam
2697 4588 3023 4645 unguentum
3067 4578 3323 4643 aﬂ'erens,

1750 4679 2003 4741 tanquam
2036 4686 2065 4724 a
2106 4670 2213 4725 Deo
2246 4681 2389 4724 mota
2420 4670 2576 4740 digna
2618 4685 2705 4723 me
2725 4681 2828 4733 est,
2861 4685 3027 4739 quae:
3059 4678 3111 4725 te
3139 4687 3325 4740 repre-

1748 4763 2057 4818 hendatur?
2086 4761 2409 4831 Prophetam
2428 4772 2606 4816 autem
2634 4764 2746 4834 agit
2775 4763 2875 4818 hoc
2901 4764 3018 4818 loco
3043 4764 3324 4832 Dominus,

1748 4853 1960 4923 duoque
1977 4853 2243 4923 praedicit,
2277 4863 2330 4907 et
2362 4853 2503 4923 quod
2539 4851 2892 4920 Evangelium
2918 4853 3321 4922 praedicandum

1749 4946 1820 5002 sit
1850 4947 1901 5000 iu
1937 4956 2046 5002 toto
2074 4950 2294 5012 mundo,
2336 4947 2549 5016 etquod
2585 4962 2719 5015 opus
2744 4946 2986 5001 mulieris
3010 4948 3327 5017 simulprm-

98 5053 242 5095 σεται.
289 5039 747 5113 Αἰσχυνέσθωσαν
797 5032 889 5089 οῦν
932 5032 1189 5085 ἐντεῦθεν
1228 5030 1279 5083 ot
1326 5029 1453 5090 τοὺς
1504 5043 1628 5079 πτω

1751 5041 2062 5094 dicandum.
2102 5038 2518 5094 Cunfundantur
2590 5039 2690 5093 hoc
2755 5038 2875 5094 loco
2917 5039 3010 5108 qui
3067 5054 3328 5108 pauperes

96 5133 205 5201 χοῦς
248 5133 626 5206 προτιμῶντες
655 5128 750 5184 τοῦ
785 5125 1049 5198 Χριστοῦ.
1092 5124 1343 5177 Ἤκουσα
1393 5118 1504 5190 γὰρ
1538 5116 1628 5185 έγᾱ

1751 5132 1968 5195 Christo
1992 5131 2303 5199 prml'erunt.
2344 5133 2533 5186 Audivi
2566 5132 2710 5186 enirn
2745 5146 2843 5202 ego
2878 5130 3186 5188 aurifabros
3241 5135 3324 5189 di-

98 5225 377 5295 χρυσοχόων
401 5224 699 5293 λεγόντων,
728 5222 813 5275 δτι
842 5219 970 5272 Ἐὰν
1008 5217 1068 5271 τὸ
1098 5215 1241 5286 ἱερὸν
1258 5212 1450 5275 σκεῦος
1483 5227 1628 5264 καται

1754 5234 1961 5291 centes,
1986 5226 2124 5292 quod
2161 5224 2206 5277 si
2241 5237 2339 5292 ego
2363 5223 2651 5277 dissectum
2683 5237 2896 5277 sacrum
2925 5238 3020 5278 vas
3046 5224 3166 5278 dem
3200 5240 3328 5293 pau-

98 5315 239 5381 ὶύσας
260 5319 333 5371 δῶ
367 5318 630 5389 πτωχοῖς,
664 5314 759 5369 καὶ
812 5310 923 5381 ἐγὼ
957 5311 1129 5382 ζήσω,
1160 5308 1259 5360 οὐκ
1310 5305 1425 5358 ἐστι
1452 5303 1625 5375 κρίμα

1754 5318 1993 5388 perihns,
2021 5327 2075 5371 et
2097 5331 2195 5385 ego
2230 5316 2426 5378 vivam,
2463 5329 2560 5367 nec
2589 5314 2940 5369 condetnner.
2973 5314 3332 5385 Audiantigi-

108 5405 452 5462 Ἀκουὲτωσαν
489 5404 585 5461 οῦν
614 5406 728 5469 πῶς
755 5408 784 5459 ὁ
816 5404 1051 5475 Χριστὶς
1104 5400 1347 5472 προτιμᾷ
1400 5397 1497 5469 τὴν
1523 5398 1628 5450 ἑαυε

1759 5421 1843 5462 tttr
1870 5407 2143 5477 quomodo
2172 5406 2419 5463 Christus
2465 5405 2717 5476 praeferat
2741 5407 2826 5462 sui
2858 5424 3044 5463 curam
3084 5410 3334 5479 pauperi-

98 5498 176 5550 τοῦ
203 5499 515 5568 θεραπείαν,
552 5500 658 5554 τῶν
683 5497 936 5569 πτωχῶν.
972 5493 1215 5567 Χριστοῦ
1270 5494 1326 5547 δὲ
1366 5491 1525 5563 σῶμα
1555 5508 1628 5543 κυ⁴

1756 5500 1876 5554 bus.
1933 5498 2134 5553 Christi
2201 5507 2382 5551 autem
2428 5513 2626 5570 corpus
2690 5501 2907 5570 proprie
2937 5511 3044 5563 est.
3089 5503 3231 5568 quod
3281 5502 3333 5555 in

99 5591 232 5658 ρίως,
260 5594 316 5646 τὸ
349 5594 407 5647 ὲν
428 5593 509 5663 τῷ
535 5592 705 5664 δίσκῳ
726 5589 806 5661 τῷ
832 5578 1037 5661 χρυσῷ,
1075 5588 1169 5641 καὶ
1206 5581 1346 5657 αἷμα
1380 5585 1442 5637 τὸ
1469 5586 1527 5638 ὲν
1574 5583 1628 5652 tri

1758 5588 1908 5643 disco
1933 5601 2119 5655 aureo,
2154 5595 2206 5641 et
2254 5589 2472 5658 sanguis
2525 5595 2618 5659 qui
2682 5591 2733 5643 in
2789 5592 3000 5660 poculo.
3043 5593 3144 5658 Qui
3174 5592 3337 5659 igitur

99 5688 342 5759 ποτηρίῳ.
385 5688 447 5742 ’0
482 5686 613 5757 γοῦν
642 5682 1045 5756 ἀφαιρούμενος
1074 5681 1165 5735 τὸν
1211 5679 1397 5735 δίσκον
1439 5677 1532 5733 τὸν
1555 5694 1628 5732 πο

1758 5679 2044 5747 abstulerit
2091 5680 2299 5736 discum
2362 5681 2763 5752 prctiosum,ct
2824 5687 2967 5756 cogit
3024 5696 3080 5740 ut
3138 5698 3334 5748 corpus
