  <div class='ocr_page' id='page_1' title='image "/cluster/home/n/w/nwhite01/storage/ocr_20150623/123/hvd.32044019208198/331.png"; bbox 0 0 3866 6448; ppageno 0'>
   <div class='ocr_carea' id='block_1_1' title="bbox 575 304 678 368">
    <p class='ocr_par' dir='ltr' id='par_1_1' title="bbox 575 304 678 368">
     <span class='ocr_line' id='line_1_1' title="bbox 575 304 678 368; baseline 0 0"><span class='ocrx_word' id='word_1_1' title='bbox 575 304 678 368; x_wconf 70' lang='lat' dir='ltr'><strong>6i?</strong></span> 
     </span>
    </p>
   </div>
   <div class='ocr_carea' id='block_1_2' title="bbox 1465 297 3751 374">
    <p class='ocr_par' dir='ltr' id='par_1_2' title="bbox 1465 297 3751 374">
     <span class='ocr_line' id='line_1_2' title="bbox 1465 297 3751 374; baseline 0.003 -10"><span class='ocrx_word' id='word_1_2' title='bbox 1465 302 2041 366; x_wconf 77' lang='lat' dir='ltr'><strong>THEOPHYLAC’I‘I</strong></span> <span class='ocrx_word' id='word_1_3' title='bbox 2078 299 2488 366; x_wconf 71' lang='lat' dir='ltr'><strong>BULGARI/E</strong></span> <span class='ocrx_word' id='word_1_4' title='bbox 2518 297 2846 360; x_wconf 80' lang='lat' dir='ltr'><strong>ARCHEP.</strong></span> <span class='ocrx_word' id='word_1_5' title='bbox 3674 308 3751 374; x_wconf 70' lang='lat' dir='ltr'><strong>6i8</strong></span> 
     </span>
    </p>
   </div>
   <div class='ocr_carea' id='block_1_3' title="bbox 579 407 2165 492">
    <p class='ocr_par' dir='ltr' id='par_1_3' title="bbox 579 418 2160 492">
     <span class='ocr_line' id='line_1_3' title="bbox 579 418 2160 492; baseline -0.004 -14"><span class='ocrx_word' id='word_1_6' title='bbox 579 423 780 485; x_wconf 81' lang='lat' dir='ltr'><strong>Christi</strong></span> <span class='ocrx_word' id='word_1_7' title='bbox 809 424 859 476; x_wconf 90' lang='lat' dir='ltr'><strong>in</strong></span> <span class='ocrx_word' id='word_1_8' title='bbox 898 421 1070 476; x_wconf 89' lang='lat' dir='ltr'><strong>viliori</strong></span> <span class='ocrx_word' id='word_1_9' title='bbox 1102 427 1355 492; x_wconf 83' lang='lat' dir='ltr'><strong>ponatur,</strong></span> <span class='ocrx_word' id='word_1_10' title='bbox 1379 427 1683 490; x_wconf 77' lang='lat' dir='ltr'><strong>praetexens</strong></span> <span class='ocrx_word' id='word_1_11' title='bbox 1726 418 1931 474; x_wconf 74' lang='lat' dir='ltr'><strong>scilicet</strong></span> <span class='ocrx_word' id='word_1_12' title='bbox 1958 431 2160 488; x_wconf 88' lang='lat' dir='ltr'><strong>paupe-</strong></span> 
     </span>
    </p>
   </div>
   <div class='ocr_carea' id='block_1_4' title="bbox 2269 407 3751 492">
    <p class='ocr_par' dir='ltr' id='par_1_4' title="bbox 2269 407 3751 486">
     <span class='ocr_line' id='line_1_4' title="bbox 2269 407 3751 486; baseline 0.005 -19"><span class='ocrx_word' id='word_1_13' title='bbox 2269 414 2507 486; x_wconf 86' lang='grc' dir='ltr'>λύτιμον,</span> <span class='ocrx_word' id='word_1_14' title='bbox 2544 415 2638 468; x_wconf 75' lang='grc' dir='ltr'><strong>καὶ</strong></span> <span class='ocrx_word' id='word_1_15' title='bbox 2672 411 3006 480; x_wconf 76' lang='grc' dir='ltr'><strong>ἀναγκάζων</strong></span> <span class='ocrx_word' id='word_1_16' title='bbox 3059 409 3116 462; x_wconf 68' lang='grc' dir='ltr'>τὸ</span> <span class='ocrx_word' id='word_1_17' title='bbox 3171 407 3332 478; x_wconf 88' lang='grc' dir='ltr'>σῶμα</span> <span class='ocrx_word' id='word_1_18' title='bbox 3375 407 3463 462; x_wconf 78' lang='grc' dir='ltr'>τοῦ</span> <span class='ocrx_word' id='word_1_19' title='bbox 3495 411 3686 482; x_wconf 84' lang='grc' dir='ltr'>Χριστοῦ</span> <span class='ocrx_word' id='word_1_20' title='bbox 3709 424 3751 474; x_wconf 81' lang='grc' dir='ltr'>ὲν</span> 
     </span>
    </p>
   </div>
   <div class='ocr_carea' id='block_1_5' title="bbox 581 514 1373 585">
    <p class='ocr_par' dir='ltr' id='par_1_5' title="bbox 581 514 1373 585">
     <span class='ocr_line' id='line_1_5' title="bbox 581 514 1373 585; baseline -0.003 -15"><span class='ocrx_word' id='word_1_21' title='bbox 581 531 694 583; x_wconf 88' lang='lat' dir='ltr'><strong>res,</strong></span> <span class='ocrx_word' id='word_1_22' title='bbox 736 515 874 571; x_wconf 88' lang='lat' dir='ltr'><strong>sciat</strong></span> <span class='ocrx_word' id='word_1_23' title='bbox 907 514 1060 585; x_wconf 85' lang='lat' dir='ltr'><strong>cujus</strong></span> <span class='ocrx_word' id='word_1_24' title='bbox 1095 514 1265 584; x_wconf 91' lang='lat' dir='ltr'><strong>partis</strong></span> <span class='ocrx_word' id='word_1_25' title='bbox 1283 515 1373 569; x_wconf 94' lang='lat' dir='ltr'><strong>sit.</strong></span> 
     </span>
    </p>
   </div>
   <div class='ocr_carea' id='block_1_6' title="bbox 658 690 2159 758">
    <p class='ocr_par' dir='ltr' id='par_1_6' title="bbox 658 690 2159 758">
     <span class='ocr_line' id='line_1_6' title="bbox 658 690 2159 758; baseline -0.006 -9"><span class='ocrx_word' id='word_1_26' title='bbox 658 695 823 750; x_wconf 71' lang='lat' dir='ltr'><strong>Vens.</strong></span> <span class='ocrx_word' id='word_1_27' title='bbox 857 694 947 758; x_wconf 82' lang='grc'>10,</span> <span class='ocrx_word' id='word_1_28' title='bbox 983 694 1070 747; x_wconf 79' lang='lat' dir='ltr'><strong>lt.</strong></span> <span class='ocrx_word' id='word_1_29' title='bbox 1115 711 1134 744; x_wconf 82' lang='lat' dir='ltr'><strong>t</strong></span> <span class='ocrx_word' id='word_1_30' title='bbox 1188 691 1252 747; x_wconf 81' lang='lat' dir='ltr'><strong>Et</strong></span> <span class='ocrx_word' id='word_1_31' title='bbox 1281 691 1446 748; x_wconf 77' lang='lat' dir='ltr'><strong>ludas</strong></span> <span class='ocrx_word' id='word_1_32' title='bbox 1473 693 1756 747; x_wconf 88' lang='lat' dir='ltr'><strong>Iscariotes</strong></span> <span class='ocrx_word' id='word_1_33' title='bbox 1784 704 1923 744; x_wconf 89' lang='lat' dir='ltr'><strong>unus</strong></span> <span class='ocrx_word' id='word_1_34' title='bbox 1946 705 1976 743; x_wconf 92' lang='lat' dir='ltr'><strong>e</strong></span> <span class='ocrx_word' id='word_1_35' title='bbox 2025 690 2159 742; x_wconf 85' lang='lat' dir='ltr'><strong>duo-</strong></span> 
     </span>
    </p>
   </div>
   <div class='ocr_carea' id='block_1_7' title="bbox 590 781 2158 850">
    <p class='ocr_par' dir='ltr' id='par_1_7' title="bbox 590 781 2158 850">
     <span class='ocr_line' id='line_1_7' title="bbox 590 781 2158 850; baseline -0.008 -6"><span class='ocrx_word' id='word_1_36' title='bbox 590 789 760 844; x_wconf 86' lang='lat' dir='ltr'><strong>decim</strong></span> <span class='ocrx_word' id='word_1_37' title='bbox 787 787 918 841; x_wconf 90' lang='lat' dir='ltr'><strong>abiit</strong></span> <span class='ocrx_word' id='word_1_38' title='bbox 950 786 1014 840; x_wconf 88' lang='lat' dir='ltr'><strong>ad</strong></span> <span class='ocrx_word' id='word_1_39' title='bbox 1042 801 1285 840; x_wconf 87' lang='lat' dir='ltr'><strong>summos</strong></span> <span class='ocrx_word' id='word_1_40' title='bbox 1319 786 1648 850; x_wconf 79' lang='lat' dir='ltr'><strong>sacerdotes,</strong></span> <span class='ocrx_word' id='word_1_41' title='bbox 1689 794 1746 837; x_wconf 82' lang='grc' dir='ltr'><strong>ιιι</strong></span> <span class='ocrx_word' id='word_1_42' title='bbox 1773 781 2010 836; x_wconf 85' lang='lat' dir='ltr'><strong>traderet</strong></span> <span class='ocrx_word' id='word_1_43' title='bbox 2037 795 2158 834; x_wconf 90' lang='lat' dir='ltr'><strong>eum</strong></span> 
     </span>
    </p>
   </div>
   <div class='ocr_carea' id='block_1_8' title="bbox 589 873 2161 949">
    <p class='ocr_par' dir='ltr' id='par_1_8' title="bbox 589 873 2161 949">
     <span class='ocr_line' id='line_1_8' title="bbox 589 873 2161 949; baseline -0.005 -15"><span class='ocrx_word' id='word_1_44' title='bbox 589 881 714 935; x_wconf 84' lang='lat' dir='ltr'><strong>Illis.</strong></span> <span class='ocrx_word' id='word_1_45' title='bbox 749 881 863 945; x_wconf 85' lang='lat' dir='ltr'><strong>Quo</strong></span> <span class='ocrx_word' id='word_1_46' title='bbox 889 878 1071 932; x_wconf 90' lang='lat' dir='ltr'><strong>audito</strong></span> <span class='ocrx_word' id='word_1_47' title='bbox 1094 877 1166 932; x_wconf 85' lang='lat' dir='ltr'>illi</span> <span class='ocrx_word' id='word_1_48' title='bbox 1195 878 1363 949; x_wconf 76' lang='lat' dir='ltr'><strong>gavisi</strong></span> <span class='ocrx_word' id='word_1_49' title='bbox 1385 885 1532 940; x_wconf 88' lang='lat' dir='ltr'><strong>sunt,</strong></span> <span class='ocrx_word' id='word_1_50' title='bbox 1565 886 1617 930; x_wconf 90' lang='lat' dir='ltr'><strong>et</strong></span> <span class='ocrx_word' id='word_1_51' title='bbox 1668 873 1891 944; x_wconf 90' lang='lat' dir='ltr'>polliciti</span> <span class='ocrx_word' id='word_1_52' title='bbox 1919 881 2063 937; x_wconf 88' lang='lat' dir='ltr'><strong>sunt,</strong></span> <span class='ocrx_word' id='word_1_53' title='bbox 2101 886 2161 926; x_wconf 88' lang='lat' dir='ltr'><strong>se</strong></span> 
     </span>
    </p>
   </div>
   <div class='ocr_carea' id='block_1_9' title="bbox 587 967 2162 1038">
    <p class='ocr_par' dir='ltr' id='par_1_9' title="bbox 587 967 2162 1038">
     <span class='ocr_line' id='line_1_9' title="bbox 587 967 2162 1038; baseline -0.006 -12"><span class='ocrx_word' id='word_1_54' title='bbox 587 973 636 1026; x_wconf 83' lang='lat' dir='ltr'><strong>ei</strong></span> <span class='ocrx_word' id='word_1_55' title='bbox 661 971 882 1023; x_wconf 90' lang='lat' dir='ltr'><strong>daturos</strong></span> <span class='ocrx_word' id='word_1_56' title='bbox 908 970 1208 1038; x_wconf 86' lang='lat' dir='ltr'><strong>pecuniam.</strong></span> <span class='ocrx_word' id='word_1_57' title='bbox 1243 969 1307 1022; x_wconf 82' lang='lat' dir='ltr'><strong>Et</strong></span> <span class='ocrx_word' id='word_1_58' title='bbox 1353 967 1921 1038; x_wconf 64' lang='lat' dir='ltr'><strong>quaerebatquomodo</strong></span> <span class='ocrx_word' id='word_1_59' title='bbox 1967 979 2162 1032; x_wconf 89' lang='lat' dir='ltr'><strong>oppor-</strong></span> 
     </span>
    </p>
   </div>
   <div class='ocr_carea' id='block_1_10' title="bbox 592 1055 2162 1118">
    <p class='ocr_par' dir='ltr' id='par_1_10' title="bbox 592 1055 2162 1118">
     <span class='ocr_line' id='line_1_10' title="bbox 592 1055 2162 1118; baseline -0.003 -5"><span class='ocrx_word' id='word_1_60' title='bbox 592 1072 719 1114; x_wconf 87' lang='lat' dir='ltr'><strong>tune</strong></span> <span class='ocrx_word' id='word_1_61' title='bbox 755 1061 898 1113; x_wconf 88' lang='lat' dir='ltr'><strong>illum</strong></span> <span class='ocrx_word' id='word_1_62' title='bbox 935 1060 1188 1112; x_wconf 81' lang='lat' dir='ltr'><strong>traderet.</strong></span> <span class='ocrx_word' id='word_1_63' title='bbox 1233 1076 1252 1110; x_wconf 72' lang='grc' dir='ltr'><strong>ι</strong></span> <span class='ocrx_word' id='word_1_64' title='bbox 1291 1058 1430 1118; x_wconf 85' lang='lat' dir='ltr'><strong>Cum</strong></span> <span class='ocrx_word' id='word_1_65' title='bbox 1473 1059 1666 1112; x_wconf 86' lang='lat' dir='ltr'><strong>mulier</strong></span> <span class='ocrx_word' id='word_1_66' title='bbox 1707 1073 1859 1112; x_wconf 90' lang='lat' dir='ltr'><strong>suam</strong></span> <span class='ocrx_word' id='word_1_67' title='bbox 1922 1055 2162 1111; x_wconf 87' lang='lat' dir='ltr'><strong>liberali-</strong></span> 
     </span>
    </p>
   </div>
   <div class='ocr_carea' id='block_1_11' title="bbox 594 1147 2162 1220">
    <p class='ocr_par' dir='ltr' id='par_1_11' title="bbox 594 1147 2162 1220">
     <span class='ocr_line' id='line_1_11' title="bbox 594 1147 2162 1220; baseline -0.003 -14"><span class='ocrx_word' id='word_1_68' title='bbox 594 1162 755 1208; x_wconf 87' lang='lat' dir='ltr'><strong>tatem</strong></span> <span class='ocrx_word' id='word_1_69' title='bbox 787 1153 1109 1214; x_wconf 78' lang='lat' dir='ltr'><strong>declararet,</strong></span> <span class='ocrx_word' id='word_1_70' title='bbox 1129 1153 1431 1206; x_wconf 89' lang='lat' dir='ltr'><strong>insaniebat</strong></span> <span class='ocrx_word' id='word_1_71' title='bbox 1459 1151 1759 1220; x_wconf 85' lang='lat' dir='ltr'><strong>discipulus</strong></span> <span class='ocrx_word' id='word_1_72' title='bbox 1802 1164 1942 1203; x_wconf 92' lang='lat' dir='ltr'><strong>unus</strong></span> <span class='ocrx_word' id='word_1_73' title='bbox 1968 1163 1998 1204; x_wconf 92' lang='lat' dir='ltr'><strong>e</strong></span> <span class='ocrx_word' id='word_1_74' title='bbox 2027 1147 2162 1204; x_wconf 81' lang='lat' dir='ltr'><strong>duo-</strong></span> 
     </span>
    </p>
   </div>
   <div class='ocr_carea' id='block_1_12' title="bbox 593 1239 2161 1307">
    <p class='ocr_par' dir='ltr' id='par_1_12' title="bbox 593 1239 2161 1307">
     <span class='ocr_line' id='line_1_12' title="bbox 593 1239 2161 1307; baseline -0.003 -11"><span class='ocrx_word' id='word_1_75' title='bbox 593 1244 793 1298; x_wconf 84' lang='lat' dir='ltr'><strong>decim.</strong></span> <span class='ocrx_word' id='word_1_76' title='bbox 826 1243 941 1297; x_wconf 77' lang='lat' dir='ltr'><strong>Non</strong></span> <span class='ocrx_word' id='word_1_77' title='bbox 977 1244 1119 1297; x_wconf 91' lang='lat' dir='ltr'><strong>enim</strong></span> <span class='ocrx_word' id='word_1_78' title='bbox 1159 1253 1362 1296; x_wconf 89' lang='lat' dir='ltr'><strong>temere</strong></span> <span class='ocrx_word' id='word_1_79' title='bbox 1396 1243 1632 1295; x_wconf 88' lang='lat' dir='ltr'><strong>additum</strong></span> <span class='ocrx_word' id='word_1_80' title='bbox 1661 1251 1764 1307; x_wconf 90' lang='lat' dir='ltr'><strong>est,</strong></span> <span class='ocrx_word' id='word_1_81' title='bbox 1793 1255 1935 1294; x_wconf 90' lang='lat' dir='ltr'><strong>unus</strong></span> <span class='ocrx_word' id='word_1_82' title='bbox 1979 1254 2010 1294; x_wconf 79' lang='grc' dir='ltr'><strong>θ</strong></span> <span class='ocrx_word' id='word_1_83' title='bbox 2033 1239 2161 1292; x_wconf 91' lang='lat' dir='ltr'><strong>duo-</strong></span> 
     </span>
    </p>
   </div>
   <div class='ocr_carea' id='block_1_13' title="bbox 592 1331 2160 1404">
    <p class='ocr_par' dir='ltr' id='par_1_13' title="bbox 592 1331 2160 1404">
     <span class='ocr_line' id='line_1_13' title="bbox 592 1331 2160 1404; baseline -0.005 -12"><span class='ocrx_word' id='word_1_84' title='bbox 592 1337 791 1401; x_wconf 89' lang='lat' dir='ltr'><strong>decim,</strong></span> <span class='ocrx_word' id='word_1_85' title='bbox 819 1337 912 1393; x_wconf 90' lang='lat' dir='ltr'><strong>sed</strong></span> <span class='ocrx_word' id='word_1_86' title='bbox 947 1346 1004 1390; x_wconf 93' lang='lat' dir='ltr'><strong>ut</strong></span> <span class='ocrx_word' id='word_1_87' title='bbox 1041 1337 1427 1390; x_wconf 83' lang='lat' dir='ltr'><strong>ostenderetur</strong></span> <span class='ocrx_word' id='word_1_88' title='bbox 1457 1335 1598 1404; x_wconf 91' lang='lat' dir='ltr'><strong>quod</strong></span> <span class='ocrx_word' id='word_1_89' title='bbox 1623 1349 1760 1388; x_wconf 88' lang='lat' dir='ltr'><strong>unus</strong></span> <span class='ocrx_word' id='word_1_90' title='bbox 1795 1347 1825 1387; x_wconf 88' lang='lat' dir='ltr'><strong>e</strong></span> <span class='ocrx_word' id='word_1_91' title='bbox 1875 1331 2160 1386; x_wconf 85' lang='lat' dir='ltr'><strong>duodecim</strong></span> 
     </span>
    </p>
   </div>
   <div class='ocr_carea' id='block_1_14' title="bbox 589 1424 2163 1494">
    <p class='ocr_par' dir='ltr' id='par_1_14' title="bbox 589 1424 2163 1494">
     <span class='ocr_line' id='line_1_14' title="bbox 589 1424 2163 1494; baseline -0.003 -12"><span class='ocrx_word' id='word_1_92' title='bbox 589 1429 936 1482; x_wconf 86' lang='lat' dir='ltr'><strong>electioribus</strong></span> <span class='ocrx_word' id='word_1_93' title='bbox 970 1437 1138 1484; x_wconf 87' lang='lat' dir='ltr'><strong>esset.</strong></span> <span class='ocrx_word' id='word_1_94' title='bbox 1162 1428 1300 1494; x_wconf 84' lang='lat' dir='ltr'><strong>Quid</strong></span> <span class='ocrx_word' id='word_1_95' title='bbox 1327 1438 1507 1481; x_wconf 89' lang='lat' dir='ltr'><strong>autem</strong></span> <span class='ocrx_word' id='word_1_96' title='bbox 1545 1436 1630 1480; x_wconf 91' lang='lat' dir='ltr'><strong>est</strong></span> <span class='ocrx_word' id='word_1_97' title='bbox 1667 1427 1765 1479; x_wconf 90' lang='lat' dir='ltr'><strong>hoc</strong></span> <span class='ocrx_word' id='word_1_98' title='bbox 1796 1425 1939 1492; x_wconf 90' lang='lat' dir='ltr'><strong>quod</strong></span> <span class='ocrx_word' id='word_1_99' title='bbox 1976 1424 2072 1487; x_wconf 87' lang='lat' dir='ltr'><strong>ait,</strong></span> <span class='ocrx_word' id='word_1_100' title='bbox 2105 1433 2163 1478; x_wconf 90' lang='lat' dir='ltr'><strong>ut</strong></span> 
     </span>
    </p>
   </div>
   <div class='ocr_carea' id='block_1_15' title="bbox 593 1515 2162 1585">
    <p class='ocr_par' dir='ltr' id='par_1_15' title="bbox 593 1515 2162 1585">
     <span class='ocr_line' id='line_1_15' title="bbox 593 1515 2162 1585; baseline -0.002 -14"><span class='ocrx_word' id='word_1_101' title='bbox 593 1518 825 1572; x_wconf 89' lang='lat' dir='ltr'><strong>traderet</strong></span> <span class='ocrx_word' id='word_1_102' title='bbox 889 1518 1079 1572; x_wconf 83' lang='lat' dir='ltr'><strong>illum?</strong></span> <span class='ocrx_word' id='word_1_103' title='bbox 1110 1522 1210 1572; x_wconf 91' lang='lat' dir='ltr'><strong>hoc</strong></span> <span class='ocrx_word' id='word_1_104' title='bbox 1248 1526 1350 1580; x_wconf 87' lang='lat' dir='ltr'><strong>est,</strong></span> <span class='ocrx_word' id='word_1_105' title='bbox 1390 1517 1724 1585; x_wconf 81' lang='lat' dir='ltr'><strong>signiﬁcaret</strong></span> <span class='ocrx_word' id='word_1_106' title='bbox 1777 1516 1882 1569; x_wconf 91' lang='lat' dir='ltr'><strong>illis</strong></span> <span class='ocrx_word' id='word_1_107' title='bbox 1949 1515 2162 1583; x_wconf 89' lang='lat' dir='ltr'><strong>quando</strong></span> 
     </span>
    </p>
   </div>
   <div class='ocr_carea' id='block_1_16' title="bbox 595 1606 2164 1662">
    <p class='ocr_par' dir='ltr' id='par_1_16' title="bbox 595 1606 2164 1662">
     <span class='ocr_line' id='line_1_16' title="bbox 595 1606 2164 1662; baseline -0.001 -2"><span class='ocrx_word' id='word_1_108' title='bbox 595 1610 740 1662; x_wconf 86' lang='lat' dir='ltr'><strong>solus</strong></span> <span class='ocrx_word' id='word_1_109' title='bbox 778 1617 928 1662; x_wconf 84' lang='lat' dir='ltr'><strong>esset</strong></span> <span class='ocrx_word' id='word_1_110' title='bbox 958 1626 972 1662; x_wconf 91' lang='lat'><strong>:</strong></span> <span class='ocrx_word' id='word_1_111' title='bbox 1013 1609 1270 1661; x_wconf 89' lang='lat' dir='ltr'><strong>timebant</strong></span> <span class='ocrx_word' id='word_1_112' title='bbox 1305 1608 1447 1660; x_wconf 89' lang='lat' dir='ltr'><strong>enim</strong></span> <span class='ocrx_word' id='word_1_113' title='bbox 1474 1623 1596 1661; x_wconf 84' lang='lat' dir='ltr'><strong>eum</strong></span> <span class='ocrx_word' id='word_1_114' title='bbox 1630 1607 1884 1660; x_wconf 77' lang='lat' dir='ltr'><strong>invadere</strong></span> <span class='ocrx_word' id='word_1_115' title='bbox 1917 1620 2037 1659; x_wconf 91' lang='lat' dir='ltr'><strong>cum</strong></span> <span class='ocrx_word' id='word_1_116' title='bbox 2067 1606 2164 1658; x_wconf 85' lang='lat' dir='ltr'><strong>do-</strong></span> 
     </span>
    </p>
   </div>
   <div class='ocr_carea' id='block_1_17' title="bbox 591 1698 2161 1770">
    <p class='ocr_par' dir='ltr' id='par_1_17' title="bbox 591 1698 2161 1770">
     <span class='ocr_line' id='line_1_17' title="bbox 591 1698 2161 1770; baseline 0 -18"><span class='ocrx_word' id='word_1_117' title='bbox 591 1711 759 1764; x_wconf 79' lang='lat' dir='ltr'><strong>ceret,</strong></span> <span class='ocrx_word' id='word_1_118' title='bbox 793 1712 1008 1770; x_wconf 83' lang='lat' dir='ltr'><strong>propter</strong></span> <span class='ocrx_word' id='word_1_119' title='bbox 1044 1701 1276 1754; x_wconf 86' lang='lat' dir='ltr'><strong>turbam.</strong></span> <span class='ocrx_word' id='word_1_120' title='bbox 1305 1701 1426 1767; x_wconf 84' lang='lat' dir='ltr'><strong>Ipse</strong></span> <span class='ocrx_word' id='word_1_121' title='bbox 1456 1701 1640 1770; x_wconf 86' lang='lat' dir='ltr'><strong>itaque</strong></span> <span class='ocrx_word' id='word_1_122' title='bbox 1677 1698 2161 1768; x_wconf 85' lang='lat' dir='ltr'><strong>pollicebaturillis</strong></span> 
     </span>
    </p>
   </div>
   <div class='ocr_carea' id='block_1_18' title="bbox 592 1794 1700 1862">
    <p class='ocr_par' dir='ltr' id='par_1_18' title="bbox 592 1794 1700 1862">
     <span class='ocr_line' id='line_1_18' title="bbox 592 1794 1700 1862; baseline -0.001 -14"><span class='ocrx_word' id='word_1_123' title='bbox 592 1809 650 1848; x_wconf 83' lang='lat' dir='ltr'><strong>so</strong></span> <span class='ocrx_word' id='word_1_124' title='bbox 679 1795 946 1848; x_wconf 88' lang='lat' dir='ltr'><strong>dicturum</strong></span> <span class='ocrx_word' id='word_1_125' title='bbox 990 1795 1210 1862; x_wconf 84' lang='lat' dir='ltr'><strong>quando</strong></span> <span class='ocrx_word' id='word_1_126' title='bbox 1243 1794 1332 1848; x_wconf 85' lang='lat' dir='ltr'><strong>ille</strong></span> <span class='ocrx_word' id='word_1_127' title='bbox 1358 1794 1506 1848; x_wconf 87' lang='lat' dir='ltr'><strong>solus</strong></span> <span class='ocrx_word' id='word_1_128' title='bbox 1534 1803 1700 1847; x_wconf 86' lang='lat' dir='ltr'><strong>esset.</strong></span> 
     </span>
    </p>
   </div>
   <div class='ocr_carea' id='block_1_19' title="bbox 666 1885 2164 1956">
    <p class='ocr_par' dir='ltr' id='par_1_19' title="bbox 666 1885 2164 1956">
     <span class='ocr_line' id='line_1_19' title="bbox 666 1885 2164 1956; baseline -0.001 -16"><span class='ocrx_word' id='word_1_129' title='bbox 666 1886 830 1940; x_wconf 72' lang='lat' dir='ltr'><strong>Vsus.</strong></span> <span class='ocrx_word' id='word_1_130' title='bbox 875 1885 1108 1940; x_wconf 71' lang='lat' dir='ltr'><strong>12-15.t</strong></span> <span class='ocrx_word' id='word_1_131' title='bbox 1156 1887 1232 1938; x_wconf 86' lang='lat' dir='ltr'><strong>Ac</strong></span> <span class='ocrx_word' id='word_1_132' title='bbox 1283 1885 1458 1954; x_wconf 84' lang='lat' dir='ltr'><strong>primo</strong></span> <span class='ocrx_word' id='word_1_133' title='bbox 1518 1885 1605 1939; x_wconf 89' lang='lat' dir='ltr'><strong>die</strong></span> <span class='ocrx_word' id='word_1_134' title='bbox 1661 1887 2005 1956; x_wconf 82' lang='lat' dir='ltr'><strong>Azymorum,</strong></span> <span class='ocrx_word' id='word_1_135' title='bbox 2039 1899 2164 1938; x_wconf 90' lang='lat' dir='ltr'><strong>cum</strong></span> 
     </span>
    </p>
   </div>
   <div class='ocr_carea' id='block_1_20' title="bbox 595 1975 2164 2046">
    <p class='ocr_par' dir='ltr' id='par_1_20' title="bbox 595 1975 2164 2046">
     <span class='ocr_line' id='line_1_20' title="bbox 595 1975 2164 2046; baseline 0 -16"><span class='ocrx_word' id='word_1_136' title='bbox 595 1977 806 2032; x_wconf 81' lang='lat' dir='ltr'><strong>l&#39;asclta</strong></span> <span class='ocrx_word' id='word_1_137' title='bbox 849 1977 1212 2042; x_wconf 87' lang='lat' dir='ltr'><strong>immolarent,</strong></span> <span class='ocrx_word' id='word_1_138' title='bbox 1245 1979 1430 2030; x_wconf 87' lang='lat' dir='ltr'><strong>dicunt</strong></span> <span class='ocrx_word' id='word_1_139' title='bbox 1487 1975 1562 2030; x_wconf 92' lang='lat' dir='ltr'>illi</span> <span class='ocrx_word' id='word_1_140' title='bbox 1623 1976 1866 2046; x_wconf 85' lang='lat' dir='ltr'><strong>discipuli</strong></span> <span class='ocrx_word' id='word_1_141' title='bbox 1902 1977 1983 2030; x_wconf 91' lang='lat' dir='ltr'><strong>sui</strong></span> <span class='ocrx_word' id='word_1_142' title='bbox 2017 1991 2031 2029; x_wconf 88' lang='lat'><strong>:</strong></span> <span class='ocrx_word' id='word_1_143' title='bbox 2065 1975 2164 2032; x_wconf 85' lang='lat' dir='ltr'><strong>Ubi</strong></span> 
     </span>
    </p>
   </div>
   <div class='ocr_carea' id='block_1_21' title="bbox 595 2065 2213 2136">
    <p class='ocr_par' dir='ltr' id='par_1_21' title="bbox 595 2065 2213 2136">
     <span class='ocr_line' id='line_1_21' title="bbox 595 2065 2213 2136; baseline 0.002 -18"><span class='ocrx_word' id='word_1_144' title='bbox 595 2071 675 2122; x_wconf 78' lang='lat' dir='ltr'><strong>tis</strong></span> <span class='ocrx_word' id='word_1_145' title='bbox 705 2080 759 2122; x_wconf 86' lang='lat' dir='ltr'><strong>ut</strong></span> <span class='ocrx_word' id='word_1_146' title='bbox 789 2071 1111 2122; x_wconf 82' lang='lat' dir='ltr'><strong>abeamuset</strong></span> <span class='ocrx_word' id='word_1_147' title='bbox 1142 2082 1390 2136; x_wconf 87' lang='lat' dir='ltr'><strong>paremus</strong></span> <span class='ocrx_word' id='word_1_148' title='bbox 1414 2077 1472 2120; x_wconf 94' lang='lat' dir='ltr'><strong>ut</strong></span> <span class='ocrx_word' id='word_1_149' title='bbox 1496 2069 1624 2121; x_wconf 83' lang='lat' dir='ltr'><strong>edas</strong></span> <span class='ocrx_word' id='word_1_150' title='bbox 1655 2067 1900 2121; x_wconf 81' lang='lat' dir='ltr'><strong>Pascha?</strong></span> <span class='ocrx_word' id='word_1_151' title='bbox 1927 2065 2167 2121; x_wconf 89' lang='lat' dir='ltr'><strong>Etemit-</strong></span> <span class='ocrx_word' id='word_1_152' title='bbox 2209 2069 2213 2072; x_wconf 84' lang='grc'><em>’</em></span> 
     </span>
    </p>
   </div>
   <div class='ocr_carea' id='block_1_22' title="bbox 595 2156 2167 2227">
    <p class='ocr_par' dir='ltr' id='par_1_22' title="bbox 595 2156 2167 2227">
     <span class='ocr_line' id='line_1_22' title="bbox 595 2156 2167 2227; baseline -0.003 -13"><span class='ocrx_word' id='word_1_153' title='bbox 595 2161 659 2214; x_wconf 90' lang='lat' dir='ltr'><strong>tit</strong></span> <span class='ocrx_word' id='word_1_154' title='bbox 689 2161 824 2215; x_wconf 87' lang='lat' dir='ltr'><strong>duos</strong></span> <span class='ocrx_word' id='word_1_155' title='bbox 849 2175 880 2213; x_wconf 89' lang='lat' dir='ltr'><strong>e</strong></span> <span class='ocrx_word' id='word_1_156' title='bbox 909 2158 1188 2227; x_wconf 82' lang='lat' dir='ltr'><strong>discipulis</strong></span> <span class='ocrx_word' id='word_1_157' title='bbox 1217 2157 1348 2222; x_wconf 88' lang='lat' dir='ltr'><strong>suis,</strong></span> <span class='ocrx_word' id='word_1_158' title='bbox 1373 2168 1427 2210; x_wconf 92' lang='lat' dir='ltr'><strong>et</strong></span> <span class='ocrx_word' id='word_1_159' title='bbox 1458 2158 1588 2211; x_wconf 88' lang='lat' dir='ltr'><strong>dicit</strong></span> <span class='ocrx_word' id='word_1_160' title='bbox 1612 2157 1716 2211; x_wconf 87' lang='lat' dir='ltr'><strong>illis</strong></span> <span class='ocrx_word' id='word_1_161' title='bbox 1742 2181 1754 2214; x_wconf 86' lang='lat'><strong>:</strong></span> <span class='ocrx_word' id='word_1_162' title='bbox 1791 2156 1866 2212; x_wconf 89' lang='lat' dir='ltr'><strong>lle</strong></span> <span class='ocrx_word' id='word_1_163' title='bbox 1889 2158 1940 2212; x_wconf 89' lang='lat' dir='ltr'><strong>in</strong></span> <span class='ocrx_word' id='word_1_164' title='bbox 1975 2160 2167 2212; x_wconf 87' lang='lat' dir='ltr'><strong>civita-</strong></span> 
     </span>
    </p>
   </div>
   <div class='ocr_carea' id='block_1_23' title="bbox 593 2246 2164 2317">
    <p class='ocr_par' dir='ltr' id='par_1_23' title="bbox 593 2246 2164 2317">
     <span class='ocr_line' id='line_1_23' title="bbox 593 2246 2164 2317; baseline -0.002 -15"><span class='ocrx_word' id='word_1_165' title='bbox 593 2257 794 2314; x_wconf 86' lang='lat' dir='ltr'><strong>tcm,et</strong></span> <span class='ocrx_word' id='word_1_166' title='bbox 814 2257 1067 2302; x_wconf 79' lang='lat' dir='ltr'><strong>occurret</strong></span> <span class='ocrx_word' id='word_1_167' title='bbox 1089 2247 1244 2300; x_wconf 86' lang='lat' dir='ltr'><strong>vobis</strong></span> <span class='ocrx_word' id='word_1_168' title='bbox 1264 2247 1422 2300; x_wconf 88' lang='lat' dir='ltr'><strong>homo</strong></span> <span class='ocrx_word' id='word_1_169' title='bbox 1452 2247 1694 2317; x_wconf 88' lang='lat' dir='ltr'><strong>hydriam</strong></span> <span class='ocrx_word' id='word_1_170' title='bbox 1722 2263 1873 2315; x_wconf 75' lang='lat' dir='ltr'><strong>aquze</strong></span> <span class='ocrx_word' id='word_1_171' title='bbox 1893 2246 2164 2316; x_wconf 84' lang='lat' dir='ltr'><strong>bajulans;</strong></span> 
     </span>
    </p>
   </div>
   <div class='ocr_carea' id='block_1_24' title="bbox 595 2338 2168 2410">
    <p class='ocr_par' dir='ltr' id='par_1_24' title="bbox 595 2338 2168 2410">
     <span class='ocr_line' id='line_1_24' title="bbox 595 2338 2168 2410; baseline -0.001 -16"><span class='ocrx_word' id='word_1_172' title='bbox 595 2341 882 2408; x_wconf 90' lang='lat' dir='ltr'><strong>sequimini</strong></span> <span class='ocrx_word' id='word_1_173' title='bbox 933 2338 1098 2410; x_wconf 64' lang='grc'><strong>248</strong></span> <span class='ocrx_word' id='word_1_174' title='bbox 1150 2339 1337 2402; x_wconf 90' lang='lat' dir='ltr'><strong>illum,</strong></span> <span class='ocrx_word' id='word_1_175' title='bbox 1402 2349 1456 2393; x_wconf 90' lang='lat' dir='ltr'><strong>et</strong></span> <span class='ocrx_word' id='word_1_176' title='bbox 1499 2353 1821 2408; x_wconf 86' lang='lat' dir='ltr'><strong>quocunque</strong></span> <span class='ocrx_word' id='word_1_177' title='bbox 1891 2340 2168 2404; x_wconf 78' lang='lat' dir='ltr'><strong>ingressus</strong></span> 
     </span>
    </p>
   </div>
   <div class='ocr_carea' id='block_1_25' title="bbox 597 2429 2168 2500">
    <p class='ocr_par' dir='ltr' id='par_1_25' title="bbox 597 2429 2168 2500">
     <span class='ocr_line' id='line_1_25' title="bbox 597 2429 2168 2500; baseline -0.001 -14"><span class='ocrx_word' id='word_1_178' title='bbox 597 2433 779 2494; x_wconf 84' lang='lat' dir='ltr'><strong>fuerit,</strong></span> <span class='ocrx_word' id='word_1_179' title='bbox 811 2433 972 2485; x_wconf 83' lang='lat' dir='ltr'><strong>dicite</strong></span> <span class='ocrx_word' id='word_1_180' title='bbox 995 2431 1389 2499; x_wconf 80' lang='lat' dir='ltr'><strong>patrifamilias,</strong></span> <span class='ocrx_word' id='word_1_181' title='bbox 1436 2429 1688 2500; x_wconf 82' lang='lat' dir='ltr'><strong>Magister</strong></span> <span class='ocrx_word' id='word_1_182' title='bbox 1723 2432 1853 2484; x_wconf 87' lang='lat' dir='ltr'><strong>dicit</strong></span> <span class='ocrx_word' id='word_1_183' title='bbox 1887 2447 1902 2485; x_wconf 87' lang='lat'>:</span> <span class='ocrx_word' id='word_1_184' title='bbox 1938 2430 2039 2486; x_wconf 88' lang='lat' dir='ltr'><strong>Ubi</strong></span> <span class='ocrx_word' id='word_1_185' title='bbox 2087 2441 2168 2484; x_wconf 92' lang='lat' dir='ltr'><strong>est</strong></span> 
     </span>
    </p>
   </div>
   <div class='ocr_carea' id='block_1_26' title="bbox 595 2520 2169 2591">
    <p class='ocr_par' dir='ltr' id='par_1_26' title="bbox 595 2520 2169 2591">
     <span class='ocr_line' id='line_1_26' title="bbox 595 2520 2169 2591; baseline -0.003 -13"><span class='ocrx_word' id='word_1_186' title='bbox 595 2525 948 2578; x_wconf 84' lang='lat' dir='ltr'><strong>diversorium</strong></span> <span class='ocrx_word' id='word_1_187' title='bbox 993 2524 1082 2578; x_wconf 90' lang='lat' dir='ltr'><strong>ubi</strong></span> <span class='ocrx_word' id='word_1_188' title='bbox 1115 2524 1320 2577; x_wconf 86' lang='lat' dir='ltr'><strong>Pascha</strong></span> <span class='ocrx_word' id='word_1_189' title='bbox 1353 2539 1477 2577; x_wconf 90' lang='lat' dir='ltr'><strong>cum</strong></span> <span class='ocrx_word' id='word_1_190' title='bbox 1501 2520 1784 2591; x_wconf 85' lang='lat' dir='ltr'><strong>discipulis</strong></span> <span class='ocrx_word' id='word_1_191' title='bbox 1811 2524 1944 2576; x_wconf 90' lang='lat' dir='ltr'><strong>meis</strong></span> <span class='ocrx_word' id='word_1_192' title='bbox 1972 2521 2169 2576; x_wconf 84' lang='lat' dir='ltr'><strong>edam?</strong></span> 
     </span>
    </p>
   </div>
   <div class='ocr_carea' id='block_1_27' title="bbox 598 2615 2166 2684">
    <p class='ocr_par' dir='ltr' id='par_1_27' title="bbox 598 2615 2166 2684">
     <span class='ocr_line' id='line_1_27' title="bbox 598 2615 2166 2684; baseline -0.004 -13"><span class='ocrx_word' id='word_1_193' title='bbox 598 2620 660 2671; x_wconf 71' lang='lat' dir='ltr'><strong>lit</strong></span> <span class='ocrx_word' id='word_1_194' title='bbox 684 2618 770 2671; x_wconf 91' lang='lat' dir='ltr'><strong>ille</strong></span> <span class='ocrx_word' id='word_1_195' title='bbox 801 2619 951 2670; x_wconf 86' lang='lat' dir='ltr'><strong>vobis</strong></span> <span class='ocrx_word' id='word_1_196' title='bbox 983 2619 1228 2672; x_wconf 75' lang='lat' dir='ltr'><strong>ostendet</strong></span> <span class='ocrx_word' id='word_1_197' title='bbox 1283 2615 1576 2669; x_wconf 87' lang='lat' dir='ltr'><strong>triclinium</strong></span> <span class='ocrx_word' id='word_1_198' title='bbox 1615 2629 1870 2684; x_wconf 78' lang='lat' dir='ltr'><strong>magnum</strong></span> <span class='ocrx_word' id='word_1_199' title='bbox 1914 2623 2166 2679; x_wconf 89' lang='lat' dir='ltr'><strong>stratum,</strong></span> 
     </span>
    </p>
   </div>
   <div class='ocr_carea' id='block_1_28' title="bbox 595 2706 2170 2778">
    <p class='ocr_par' dir='ltr' id='par_1_28' title="bbox 595 2706 2170 2778">
     <span class='ocr_line' id='line_1_28' title="bbox 595 2706 2170 2778; baseline 0.001 -20"><span class='ocrx_word' id='word_1_200' title='bbox 595 2719 842 2776; x_wconf 87' lang='lat' dir='ltr'><strong>paratum</strong></span> <span class='ocrx_word' id='word_1_201' title='bbox 875 2724 890 2761; x_wconf 88' lang='lat'><strong>:</strong></span> <span class='ocrx_word' id='word_1_202' title='bbox 927 2707 1031 2762; x_wconf 90' lang='lat' dir='ltr'><strong>illic</strong></span> <span class='ocrx_word' id='word_1_203' title='bbox 1059 2717 1248 2776; x_wconf 82' lang='lat' dir='ltr'><strong>parate</strong></span> <span class='ocrx_word' id='word_1_204' title='bbox 1280 2708 1458 2762; x_wconf 91' lang='lat' dir='ltr'><strong>nobis.</strong></span> <span class='ocrx_word' id='word_1_205' title='bbox 1497 2725 1516 2759; x_wconf 73' lang='grc' dir='ltr'><strong>ι</strong></span> <span class='ocrx_word' id='word_1_206' title='bbox 1556 2706 1796 2760; x_wconf 80' lang='lat' dir='ltr'><strong>Primum</strong></span> <span class='ocrx_word' id='word_1_207' title='bbox 1847 2707 1990 2761; x_wconf 90' lang='lat' dir='ltr'><strong>diem</strong></span> <span class='ocrx_word' id='word_1_208' title='bbox 2031 2709 2170 2778; x_wconf 69' lang='grc' dir='ltr'><strong>Αιγ-</strong></span> 
     </span>
    </p>
   </div>
   <div class='ocr_carea' id='block_1_29' title="bbox 597 2799 2167 2869">
    <p class='ocr_par' dir='ltr' id='par_1_29' title="bbox 597 2799 2167 2869">
     <span class='ocr_line' id='line_1_29' title="bbox 597 2799 2167 2869; baseline 0.001 -16"><span class='ocrx_word' id='word_1_209' title='bbox 597 2816 805 2853; x_wconf 89' lang='lat' dir='ltr'><strong>tuorum</strong></span> <span class='ocrx_word' id='word_1_210' title='bbox 841 2802 981 2854; x_wconf 88' lang='lat' dir='ltr'><strong>diem</strong></span> <span class='ocrx_word' id='word_1_211' title='bbox 1040 2803 1283 2867; x_wconf 84' lang='lat' dir='ltr'><strong>quintum</strong></span> <span class='ocrx_word' id='word_1_212' title='bbox 1313 2799 1443 2852; x_wconf 87' lang='lat' dir='ltr'><strong>dicit</strong></span> <span class='ocrx_word' id='word_1_213' title='bbox 1487 2799 1580 2868; x_wconf 91' lang='lat' dir='ltr'><strong>qui</strong></span> <span class='ocrx_word' id='word_1_214' title='bbox 1615 2808 1734 2854; x_wconf 88' lang='lat' dir='ltr'><strong>erat</strong></span> <span class='ocrx_word' id='word_1_215' title='bbox 1779 2809 1904 2854; x_wconf 84' lang='lat' dir='ltr'><strong>ante</strong></span> <span class='ocrx_word' id='word_1_216' title='bbox 1941 2800 2167 2869; x_wconf 80' lang='lat' dir='ltr'><strong>Azyma.</strong></span> 
     </span>
    </p>
   </div>
   <div class='ocr_carea' id='block_1_30' title="bbox 596 2891 2170 2962">
    <p class='ocr_par' dir='ltr' id='par_1_30' title="bbox 596 2891 2170 2962">
     <span class='ocr_line' id='line_1_30' title="bbox 596 2891 2170 2962; baseline 0.002 -18"><span class='ocrx_word' id='word_1_217' title='bbox 596 2893 797 2962; x_wconf 84' lang='lat' dir='ltr'><strong>Azyma</strong></span> <span class='ocrx_word' id='word_1_218' title='bbox 823 2894 967 2946; x_wconf 87' lang='lat' dir='ltr'><strong>enim</strong></span> <span class='ocrx_word' id='word_1_219' title='bbox 999 2908 1092 2945; x_wconf 88' lang='lat' dir='ltr'><strong>seu</strong></span> <span class='ocrx_word' id='word_1_220' title='bbox 1129 2891 1507 2944; x_wconf 81' lang='lat' dir='ltr'><strong>infet&#39;tnentata</strong></span> <span class='ocrx_word' id='word_1_221' title='bbox 1535 2892 1624 2946; x_wconf 89' lang='lat' dir='ltr'><strong>die</strong></span> <span class='ocrx_word' id='word_1_222' title='bbox 1648 2906 1970 2961; x_wconf 89' lang='lat' dir='ltr'><strong>parasceves</strong></span> <span class='ocrx_word' id='word_1_223' title='bbox 1987 2905 2170 2947; x_wconf 87' lang='lat' dir='ltr'><strong>come-</strong></span> 
     </span>
    </p>
   </div>
   <div class='ocr_carea' id='block_1_31' title="bbox 597 2967 2171 3053">
    <p class='ocr_par' dir='ltr' id='par_1_31' title="bbox 597 2967 2171 3053">
     <span class='ocr_line' id='line_1_31' title="bbox 597 2967 2171 3053; baseline 0 -15"><span class='ocrx_word' id='word_1_224' title='bbox 597 2967 888 3038; x_wconf 62' lang='lat' dir='ltr'><strong>debautur.</strong></span> <span class='ocrx_word' id='word_1_225' title='bbox 912 2986 1193 3038; x_wconf 85' lang='lat' dir='ltr'><strong>Accedunt</strong></span> <span class='ocrx_word' id='word_1_226' title='bbox 1225 2985 1406 3051; x_wconf 83' lang='lat' dir='ltr'><strong>itaque</strong></span> <span class='ocrx_word' id='word_1_227' title='bbox 1442 2982 1697 3051; x_wconf 87' lang='lat' dir='ltr'><strong>discipuli</strong></span> <span class='ocrx_word' id='word_1_228' title='bbox 1727 2992 1781 3037; x_wconf 91' lang='lat' dir='ltr'><strong>et</strong></span> <span class='ocrx_word' id='word_1_229' title='bbox 1831 2983 2171 3053; x_wconf 77' lang='lat' dir='ltr'><strong>interrogant</strong></span> 
     </span>
    </p>
   </div>
   <div class='ocr_carea' id='block_1_32' title="bbox 2261 498 3751 575">
    <p class='ocr_par' dir='ltr' id='par_1_32' title="bbox 2261 498 3751 575">
     <span class='ocr_line' id='line_1_32' title="bbox 2261 498 3751 575; baseline -0.001 -16"><span class='ocrx_word' id='word_1_230' title='bbox 2261 506 2626 575; x_wconf 74' lang='grc' dir='ltr'>εύτελεστέρῳ</span> <span class='ocrx_word' id='word_1_231' title='bbox 2645 502 2910 566; x_wconf 84' lang='grc' dir='ltr'>τίθεσθαι,</span> <span class='ocrx_word' id='word_1_232' title='bbox 2946 499 3414 572; x_wconf 71' lang='grc' dir='ltr'><strong>προφασιζόμενος</strong></span> <span class='ocrx_word' id='word_1_233' title='bbox 3445 498 3496 555; x_wconf 77' lang='grc' dir='ltr'><strong>δέ</strong></span> <span class='ocrx_word' id='word_1_234' title='bbox 3523 507 3626 569; x_wconf 73' lang='grc' dir='ltr'>τοὺς</span> <span class='ocrx_word' id='word_1_235' title='bbox 3647 527 3751 567; x_wconf 80' lang='grc' dir='ltr'>πτω.</span> 
     </span>
    </p>
   </div>
   <div class='ocr_carea' id='block_1_33' title="bbox 2261 591 3404 669">
    <p class='ocr_par' dir='ltr' id='par_1_33' title="bbox 2261 591 3404 669">
     <span class='ocr_line' id='line_1_33' title="bbox 2261 591 3404 669; baseline -0.007 -16"><span class='ocrx_word' id='word_1_236' title='bbox 2261 602 2410 669; x_wconf 72' lang='grc' dir='ltr'>χούς,</span> <span class='ocrx_word' id='word_1_237' title='bbox 2443 596 2760 665; x_wconf 79' lang='grc' dir='ltr'><strong>γινωσκέτω</strong></span> <span class='ocrx_word' id='word_1_238' title='bbox 2789 592 2951 656; x_wconf 83' lang='grc' dir='ltr'>ποίας</span> <span class='ocrx_word' id='word_1_239' title='bbox 2994 591 3214 662; x_wconf 86' lang='grc' dir='ltr'>μερίδος</span> <span class='ocrx_word' id='word_1_240' title='bbox 3239 591 3404 645; x_wconf 89' lang='grc' dir='ltr'>ἐστίν.</span> 
     </span>
    </p>
   </div>
   <div class='ocr_carea' id='block_1_34' title="bbox 2339 677 3748 760">
    <p class='ocr_par' dir='ltr' id='par_1_34' title="bbox 2339 677 3748 760">
     <span class='ocr_line' id='line_1_34' title="bbox 2339 677 3748 760; baseline 0.001 -16"><span class='ocrx_word' id='word_1_241' title='bbox 2339 710 2356 743; x_wconf 76' lang='grc' dir='ltr'><strong>ι</strong></span> <span class='ocrx_word' id='word_1_242' title='bbox 2405 690 2514 744; x_wconf 72' lang='grc' dir='ltr'><strong>Καὶ</strong></span> <span class='ocrx_word' id='word_1_243' title='bbox 2553 688 2750 752; x_wconf 78' lang='grc' dir='ltr'><strong>Ἰούδας</strong></span> <span class='ocrx_word' id='word_1_244' title='bbox 2806 688 2835 740; x_wconf 89' lang='grc' dir='ltr'><strong>ὀ</strong></span> <span class='ocrx_word' id='word_1_245' title='bbox 2900 682 3284 754; x_wconf 78' lang='grc' dir='ltr'><strong>Ἰσκαριώτης,</strong></span> <span class='ocrx_word' id='word_1_246' title='bbox 3311 677 3390 746; x_wconf 75' lang='grc' dir='ltr'><strong>εἷς</strong></span> <span class='ocrx_word' id='word_1_247' title='bbox 3435 683 3535 738; x_wconf 86' lang='grc' dir='ltr'><strong>τῶν</strong></span> <span class='ocrx_word' id='word_1_248' title='bbox 3577 687 3748 760; x_wconf 76' lang='grc' dir='ltr'>δώδεκα,</span> 
     </span>
    </p>
   </div>
   <div class='ocr_carea' id='block_1_35' title="bbox 2261 773 3756 852">
    <p class='ocr_par' dir='ltr' id='par_1_35' title="bbox 2261 773 3756 852">
     <span class='ocr_line' id='line_1_35' title="bbox 2261 773 3756 852; baseline -0.006 -16"><span class='ocrx_word' id='word_1_249' title='bbox 2261 779 2470 852; x_wconf 79' lang='grc' dir='ltr'>ἀπῆλθε</span> <span class='ocrx_word' id='word_1_250' title='bbox 2504 779 2638 849; x_wconf 74' lang='grc' dir='ltr'>πρὸς</span> <span class='ocrx_word' id='word_1_251' title='bbox 2675 777 2804 839; x_wconf 79' lang='grc' dir='ltr'>τοὺς</span> <span class='ocrx_word' id='word_1_252' title='bbox 2839 775 3117 848; x_wconf 81' lang='grc' dir='ltr'>ἀρχιερεῖς</span> <span class='ocrx_word' id='word_1_253' title='bbox 3163 773 3252 826; x_wconf 76' lang='grc' dir='ltr'>ἵνα</span> <span class='ocrx_word' id='word_1_254' title='bbox 3286 773 3502 845; x_wconf 88' lang='grc' dir='ltr'>παραδῷ</span> <span class='ocrx_word' id='word_1_255' title='bbox 3530 776 3664 830; x_wconf 68' lang='grc' dir='ltr'>αὐτὸν</span> <span class='ocrx_word' id='word_1_256' title='bbox 3690 787 3756 836; x_wconf 59' lang='grc' dir='ltr'><strong>αὖ.</strong></span> 
     </span>
    </p>
   </div>
   <div class='ocr_carea' id='block_1_36' title="bbox 2261 865 3754 939">
    <p class='ocr_par' dir='ltr' id='par_1_36' title="bbox 2261 865 3754 939">
     <span class='ocr_line' id='line_1_36' title="bbox 2261 865 3754 939; baseline -0.008 -12"><span class='ocrx_word' id='word_1_257' title='bbox 2261 877 2393 936; x_wconf 79' lang='grc' dir='ltr'>τοῖς.</span> <span class='ocrx_word' id='word_1_258' title='bbox 2428 871 2491 926; x_wconf 82' lang='grc' dir='ltr'><strong>Οῐ</strong></span> <span class='ocrx_word' id='word_1_259' title='bbox 2514 871 2570 924; x_wconf 84' lang='grc' dir='ltr'>δὲ</span> <span class='ocrx_word' id='word_1_260' title='bbox 2595 870 2929 932; x_wconf 82' lang='grc' dir='ltr'>ἀκούσαντες</span> <span class='ocrx_word' id='word_1_261' title='bbox 2955 868 3258 939; x_wconf 78' lang='grc' dir='ltr'><strong>ἐχάρησαν,</strong></span> <span class='ocrx_word' id='word_1_262' title='bbox 3289 865 3380 919; x_wconf 74' lang='grc' dir='ltr'>καὶ</span> <span class='ocrx_word' id='word_1_263' title='bbox 3441 868 3754 939; x_wconf 69' lang='grc' dir='ltr'><strong>ἐπηγγείλαντο</strong></span> 
     </span>
    </p>
   </div>
   <div class='ocr_carea' id='block_1_37' title="bbox 2263 959 3757 1036">
    <p class='ocr_par' dir='ltr' id='par_1_37' title="bbox 2263 959 3757 1036">
     <span class='ocr_line' id='line_1_37' title="bbox 2263 959 3757 1036; baseline -0.005 -18"><span class='ocrx_word' id='word_1_264' title='bbox 2263 965 2411 1036; x_wconf 77' lang='grc' dir='ltr'>αὐτῷ</span> <span class='ocrx_word' id='word_1_265' title='bbox 2437 963 2699 1036; x_wconf 83' lang='grc' dir='ltr'>ἀργύριον</span> <span class='ocrx_word' id='word_1_266' title='bbox 2721 961 2905 1016; x_wconf 78' lang='grc' dir='ltr'>δοῦναι</span> <span class='ocrx_word' id='word_1_267' title='bbox 2931 977 2944 992; x_wconf 88' lang='grc'><strong>·</strong></span> <span class='ocrx_word' id='word_1_268' title='bbox 2974 963 3069 1014; x_wconf 75' lang='grc' dir='ltr'>καὶ</span> <span class='ocrx_word' id='word_1_269' title='bbox 3097 961 3282 1026; x_wconf 75' lang='grc' dir='ltr'>ἐζήτει</span> <span class='ocrx_word' id='word_1_270' title='bbox 3303 959 3416 1022; x_wconf 87' lang='grc' dir='ltr'>πῶς</span> <span class='ocrx_word' id='word_1_271' title='bbox 3441 961 3671 1032; x_wconf 82' lang='grc' dir='ltr'>εὐκαίρως</span> <span class='ocrx_word' id='word_1_272' title='bbox 3691 970 3757 1019; x_wconf 67' lang='grc' dir='ltr'><strong>αὖ.</strong></span> 
     </span>
    </p>
   </div>
   <div class='ocr_carea' id='block_1_38' title="bbox 2263 1051 3757 1129">
    <p class='ocr_par' dir='ltr' id='par_1_38' title="bbox 2263 1051 3757 1129">
     <span class='ocr_line' id='line_1_38' title="bbox 2263 1051 3757 1129; baseline -0.001 -19"><span class='ocrx_word' id='word_1_273' title='bbox 2263 1059 2354 1111; x_wconf 84' lang='grc' dir='ltr'><strong>τὸν</strong></span> <span class='ocrx_word' id='word_1_274' title='bbox 2385 1057 2636 1129; x_wconf 82' lang='grc' dir='ltr'>παραδῷ.</span> <span class='ocrx_word' id='word_1_275' title='bbox 2679 1075 2698 1109; x_wconf 71' lang='grc' dir='ltr'><strong>ι</strong></span> <span class='ocrx_word' id='word_1_276' title='bbox 2738 1054 2924 1123; x_wconf 82' lang='grc' dir='ltr'>’Ὀτεή</span> <span class='ocrx_word' id='word_1_277' title='bbox 2957 1053 3094 1124; x_wconf 79' lang='grc' dir='ltr'>γυνὴ</span> <span class='ocrx_word' id='word_1_278' title='bbox 3150 1051 3251 1122; x_wconf 79' lang='grc' dir='ltr'><strong>τὴν</strong></span> <span class='ocrx_word' id='word_1_279' title='bbox 3279 1051 3478 1104; x_wconf 78' lang='grc' dir='ltr'>οἰκείαν</span> <span class='ocrx_word' id='word_1_280' title='bbox 3523 1053 3757 1124; x_wconf 75' lang='grc' dir='ltr'>φιλοτιμίαν</span> 
     </span>
    </p>
   </div>
   <div class='ocr_carea' id='block_1_39' title="bbox 2263 1135 3759 1215">
    <p class='ocr_par' dir='ltr' id='par_1_39' title="bbox 2263 1135 3759 1215">
     <span class='ocr_line' id='line_1_39' title="bbox 2263 1135 3759 1215; baseline -0.002 -15"><span class='ocrx_word' id='word_1_281' title='bbox 2263 1147 2594 1214; x_wconf 79' lang='grc' dir='ltr'>ἐπεδείξατο,</span> <span class='ocrx_word' id='word_1_282' title='bbox 2626 1145 2748 1200; x_wconf 84' lang='grc' dir='ltr'>τότε</span> <span class='ocrx_word' id='word_1_283' title='bbox 2783 1143 3037 1215; x_wconf 84' lang='grc' dir='ltr'>μαίνεται</span> <span class='ocrx_word' id='word_1_284' title='bbox 3072 1143 3101 1194; x_wconf 85' lang='grc' dir='ltr'>ὀ</span> <span class='ocrx_word' id='word_1_285' title='bbox 3139 1140 3453 1212; x_wconf 81' lang='grc' dir='ltr'>μαθητὴς,δ</span> <span class='ocrx_word' id='word_1_286' title='bbox 3485 1135 3556 1201; x_wconf 65' lang='grc' dir='ltr'><strong>εἷς</strong></span> <span class='ocrx_word' id='word_1_287' title='bbox 3583 1143 3669 1195; x_wconf 81' lang='grc' dir='ltr'><strong>τῶν</strong></span> <span class='ocrx_word' id='word_1_288' title='bbox 3689 1145 3759 1197; x_wconf 82' lang='grc' dir='ltr'>δώ-</span> 
     </span>
    </p>
   </div>
   <div class='ocr_carea' id='block_1_40' title="bbox 2263 1227 3756 1309">
    <p class='ocr_par' dir='ltr' id='par_1_40' title="bbox 2263 1227 3756 1309">
     <span class='ocr_line' id='line_1_40' title="bbox 2263 1227 3756 1309; baseline -0.003 -15"><span class='ocrx_word' id='word_1_289' title='bbox 2263 1242 2415 1295; x_wconf 87' lang='grc' dir='ltr'>δεκα.</span> <span class='ocrx_word' id='word_1_290' title='bbox 2449 1240 2522 1293; x_wconf 84' lang='grc' dir='ltr'><strong>Ού</strong></span> <span class='ocrx_word' id='word_1_291' title='bbox 2583 1240 2696 1309; x_wconf 67' lang='grc' dir='ltr'>γὰρ</span> <span class='ocrx_word' id='word_1_292' title='bbox 2743 1237 2927 1301; x_wconf 79' lang='grc' dir='ltr'>ἁπλῶς</span> <span class='ocrx_word' id='word_1_293' title='bbox 2972 1237 3150 1289; x_wconf 90' lang='grc' dir='ltr'>κεῖται</span> <span class='ocrx_word' id='word_1_294' title='bbox 3200 1232 3283 1300; x_wconf 80' lang='grc' dir='ltr'><strong>τὸ,</strong></span> <span class='ocrx_word' id='word_1_295' title='bbox 3315 1227 3394 1296; x_wconf 78' lang='grc' dir='ltr'><strong>εἷς</strong></span> <span class='ocrx_word' id='word_1_296' title='bbox 3441 1232 3540 1287; x_wconf 87' lang='grc' dir='ltr'><strong>τῶν</strong></span> <span class='ocrx_word' id='word_1_297' title='bbox 3591 1234 3756 1290; x_wconf 66' lang='grc' dir='ltr'>δώδεκα</span> 
     </span>
    </p>
   </div>
   <div class='ocr_carea' id='block_1_41' title="bbox 2264 1324 3760 1402">
    <p class='ocr_par' dir='ltr' id='par_1_41' title="bbox 2264 1324 3760 1402">
     <span class='ocr_line' id='line_1_41' title="bbox 2264 1324 3760 1402; baseline -0.003 -15"><span class='ocrx_word' id='word_1_298' title='bbox 2264 1335 2377 1387; x_wconf 82' lang='grc' dir='ltr'>ἀλλ’</span> <span class='ocrx_word' id='word_1_299' title='bbox 2436 1333 2524 1386; x_wconf 81' lang='grc' dir='ltr'><strong>ἶνα</strong></span> <span class='ocrx_word' id='word_1_300' title='bbox 2569 1332 2739 1402; x_wconf 79' lang='grc' dir='ltr'>δείξῃ,</span> <span class='ocrx_word' id='word_1_301' title='bbox 2767 1332 2850 1384; x_wconf 82' lang='grc' dir='ltr'>ὅτι</span> <span class='ocrx_word' id='word_1_302' title='bbox 2883 1324 2961 1392; x_wconf 77' lang='grc' dir='ltr'><strong>εἷς</strong></span> <span class='ocrx_word' id='word_1_303' title='bbox 2983 1327 3090 1382; x_wconf 90' lang='grc' dir='ltr'><strong>τῶν</strong></span> <span class='ocrx_word' id='word_1_304' title='bbox 3125 1326 3437 1397; x_wconf 83' lang='grc' dir='ltr'><strong>προκρίτων</strong></span> <span class='ocrx_word' id='word_1_305' title='bbox 3465 1325 3678 1391; x_wconf 72' lang='grc' dir='ltr'>ἐκλεκτὸς</span> <span class='ocrx_word' id='word_1_306' title='bbox 3695 1330 3760 1384; x_wconf 75' lang='grc' dir='ltr'>καὶ</span> 
     </span>
    </p>
   </div>
   <div class='ocr_carea' id='block_1_42' title="bbox 2265 1416 3759 1487">
    <p class='ocr_par' dir='ltr' id='par_1_42' title="bbox 2265 1416 3759 1487">
     <span class='ocr_line' id='line_1_42' title="bbox 2265 1416 3759 1487; baseline -0.003 -9"><span class='ocrx_word' id='word_1_307' title='bbox 2265 1425 2426 1487; x_wconf 66' lang='grc' dir='ltr'>αὐτὸς</span> <span class='ocrx_word' id='word_1_308' title='bbox 2459 1423 2556 1476; x_wconf 85' lang='grc' dir='ltr'>ών.</span> <span class='ocrx_word' id='word_1_309' title='bbox 2599 1423 2664 1475; x_wconf 85' lang='grc' dir='ltr'>Τί</span> <span class='ocrx_word' id='word_1_310' title='bbox 2695 1423 2751 1475; x_wconf 88' lang='grc' dir='ltr'><strong>δέ</strong></span> <span class='ocrx_word' id='word_1_311' title='bbox 2783 1423 2898 1474; x_wconf 84' lang='grc' dir='ltr'>ἐστι</span> <span class='ocrx_word' id='word_1_312' title='bbox 2923 1420 3004 1483; x_wconf 86' lang='grc' dir='ltr'>τὸ,</span> <span class='ocrx_word' id='word_1_313' title='bbox 3039 1418 3127 1472; x_wconf 80' lang='grc' dir='ltr'><strong>ῖνα</strong></span> <span class='ocrx_word' id='word_1_314' title='bbox 3169 1418 3332 1470; x_wconf 74' lang='grc' dir='ltr'>αὑτὸν</span> <span class='ocrx_word' id='word_1_315' title='bbox 3367 1416 3599 1487; x_wconf 86' lang='grc' dir='ltr'>παραδῷ;</span> <span class='ocrx_word' id='word_1_316' title='bbox 3636 1423 3759 1474; x_wconf 72' lang='grc' dir='ltr'>τουτέ-</span> 
     </span>
    </p>
   </div>
   <div class='ocr_carea' id='block_1_43' title="bbox 2265 1508 3759 1585">
    <p class='ocr_par' dir='ltr' id='par_1_43' title="bbox 2265 1508 3759 1585">
     <span class='ocr_line' id='line_1_43' title="bbox 2265 1508 3759 1585; baseline -0.005 -15"><span class='ocrx_word' id='word_1_317' title='bbox 2265 1533 2368 1577; x_wconf 84' lang='grc' dir='ltr'>τιν,</span> <span class='ocrx_word' id='word_1_318' title='bbox 2401 1516 2486 1568; x_wconf 84' lang='grc' dir='ltr'>ἵνα</span> <span class='ocrx_word' id='word_1_319' title='bbox 2511 1513 2875 1585; x_wconf 70' lang='grc' dir='ltr'>καταμηνύσῃ</span> <span class='ocrx_word' id='word_1_320' title='bbox 2895 1514 3076 1573; x_wconf 83' lang='grc' dir='ltr'>αὐτοῖς</span> <span class='ocrx_word' id='word_1_321' title='bbox 3095 1509 3226 1564; x_wconf 89' lang='grc' dir='ltr'>πότε</span> <span class='ocrx_word' id='word_1_322' title='bbox 3251 1509 3410 1578; x_wconf 84' lang='grc' dir='ltr'>μόνος</span> <span class='ocrx_word' id='word_1_323' title='bbox 3438 1508 3598 1573; x_wconf 86' lang='grc' dir='ltr'>ἐστίν;</span> <span class='ocrx_word' id='word_1_324' title='bbox 3623 1511 3759 1563; x_wconf 72' lang='grc' dir='ltr'>ἐκεῖ-ιιι</span> 
     </span>
    </p>
   </div>
   <div class='ocr_carea' id='block_1_44' title="bbox 2263 1599 3758 1678">
    <p class='ocr_par' dir='ltr' id='par_1_44' title="bbox 2263 1599 3758 1678">
     <span class='ocr_line' id='line_1_44' title="bbox 2263 1599 3758 1678; baseline -0.004 -18"><span class='ocrx_word' id='word_1_325' title='bbox 2263 1608 2373 1678; x_wconf 82' lang='grc' dir='ltr'><strong>γὰρ</strong></span> <span class='ocrx_word' id='word_1_326' title='bbox 2409 1605 2700 1676; x_wconf 72' lang='grc' dir='ltr'>ἐφοσοῦντο</span> <span class='ocrx_word' id='word_1_327' title='bbox 2735 1606 3018 1657; x_wconf 77' lang='grc' dir='ltr'>ἐπιπεσεῖν</span> <span class='ocrx_word' id='word_1_328' title='bbox 3050 1601 3202 1672; x_wconf 76' lang='grc' dir='ltr'>αὐτῷ</span> <span class='ocrx_word' id='word_1_329' title='bbox 3246 1600 3558 1663; x_wconf 75' lang='grc' dir='ltr'><strong>διδάσκοντι,</strong></span> <span class='ocrx_word' id='word_1_330' title='bbox 3590 1599 3659 1652; x_wconf 66' lang='grc' dir='ltr'>διὰ</span> <span class='ocrx_word' id='word_1_331' title='bbox 3698 1603 3758 1654; x_wconf 69' lang='grc' dir='ltr'>τὸν</span> 
     </span>
    </p>
   </div>
   <div class='ocr_carea' id='block_1_45' title="bbox 2265 1690 3759 1768">
    <p class='ocr_par' dir='ltr' id='par_1_45' title="bbox 2265 1690 3759 1768">
     <span class='ocr_line' id='line_1_45' title="bbox 2265 1690 3759 1768; baseline -0.006 -15"><span class='ocrx_word' id='word_1_332' title='bbox 2265 1699 2442 1768; x_wconf 76' lang='grc' dir='ltr'>ὄχλον.</span> <span class='ocrx_word' id='word_1_333' title='bbox 2471 1699 2705 1760; x_wconf 76' lang='grc' dir='ltr'>Ἐκεῖνος</span> <span class='ocrx_word' id='word_1_334' title='bbox 2736 1692 2830 1750; x_wconf 81' lang='grc' dir='ltr'><strong>οὖν</strong></span> <span class='ocrx_word' id='word_1_335' title='bbox 2852 1695 3116 1764; x_wconf 81' lang='grc' dir='ltr'>ὑπέσχετο</span> <span class='ocrx_word' id='word_1_336' title='bbox 3149 1691 3527 1763; x_wconf 77' lang='grc' dir='ltr'>μεμονωμένον</span> <span class='ocrx_word' id='word_1_337' title='bbox 3552 1690 3679 1744; x_wconf 62' lang='lat' dir='ltr'><strong>aiat-iv</strong></span> <span class='ocrx_word' id='word_1_338' title='bbox 3692 1708 3759 1744; x_wconf 75' lang='grc' dir='ltr'>παο</span> 
     </span>
    </p>
   </div>
   <div class='ocr_carea' id='block_1_46' title="bbox 2197 1768 2903 1860">
    <p class='ocr_par' dir='ltr' id='par_1_46' title="bbox 2197 1768 2903 1860">
     <span class='ocr_line' id='line_1_46' title="bbox 2197 1768 2903 1860; baseline -0.003 -16"><span class='ocrx_word' id='word_1_339' title='bbox 2197 1768 2238 1826; x_wconf 76' lang='grc' dir='ltr'><strong>Β</strong></span> <span class='ocrx_word' id='word_1_340' title='bbox 2271 1789 2525 1860; x_wconf 79' lang='grc' dir='ltr'>ραδοῦναι</span> <span class='ocrx_word' id='word_1_341' title='bbox 2554 1790 2734 1851; x_wconf 78' lang='grc' dir='ltr'>αὐτοῖς</span> <span class='ocrx_word' id='word_1_342' title='bbox 2770 1787 2903 1858; x_wconf 86' lang='grc'><strong>(85).</strong></span> 
     </span>
    </p>
   </div>
   <div class='ocr_carea' id='block_1_47' title="bbox 2345 1873 3758 1949">
    <p class='ocr_par' dir='ltr' id='par_1_47' title="bbox 2345 1873 3758 1949">
     <span class='ocr_line' id='line_1_47' title="bbox 2345 1873 3758 1949; baseline -0.004 -19"><span class='ocrx_word' id='word_1_343' title='bbox 2345 1898 2364 1930; x_wconf 71' lang='grc' dir='ltr'><strong>ι</strong></span> <span class='ocrx_word' id='word_1_344' title='bbox 2395 1879 2504 1934; x_wconf 73' lang='grc' dir='ltr'><strong>Καὶ</strong></span> <span class='ocrx_word' id='word_1_345' title='bbox 2518 1881 2582 1949; x_wconf 79' lang='grc' dir='ltr'>τῇ</span> <span class='ocrx_word' id='word_1_346' title='bbox 2602 1877 2793 1949; x_wconf 81' lang='grc' dir='ltr'>πρώτῃ</span> <span class='ocrx_word' id='word_1_347' title='bbox 2815 1877 2999 1948; x_wconf 70' lang='grc' dir='ltr'>ἡμέρᾳ</span> <span class='ocrx_word' id='word_1_348' title='bbox 3025 1876 3136 1930; x_wconf 88' lang='grc' dir='ltr'><strong>τῶν</strong></span> <span class='ocrx_word' id='word_1_349' title='bbox 3158 1873 3440 1946; x_wconf 76' lang='grc' dir='ltr'>Ἀζύμων,</span> <span class='ocrx_word' id='word_1_350' title='bbox 3468 1873 3546 1927; x_wconf 81' lang='grc' dir='ltr'>ὅτε</span> <span class='ocrx_word' id='word_1_351' title='bbox 3568 1874 3618 1926; x_wconf 69' lang='grc' dir='ltr'>τὸ</span> <span class='ocrx_word' id='word_1_352' title='bbox 3630 1875 3758 1943; x_wconf 67' lang='grc' dir='ltr'>Πάσχα</span> 
     </span>
    </p>
   </div>
   <div class='ocr_carea' id='block_1_48' title="bbox 2267 1965 3757 2040">
    <p class='ocr_par' dir='ltr' id='par_1_48' title="bbox 2267 1965 3757 2040">
     <span class='ocr_line' id='line_1_48' title="bbox 2267 1965 3757 2040; baseline -0.005 -16"><span class='ocrx_word' id='word_1_353' title='bbox 2267 1970 2443 2035; x_wconf 75' lang='grc' dir='ltr'>ἔθυον,</span> <span class='ocrx_word' id='word_1_354' title='bbox 2475 1971 2722 2040; x_wconf 84' lang='grc' dir='ltr'>λέγουσιν</span> <span class='ocrx_word' id='word_1_355' title='bbox 2756 1970 2906 2040; x_wconf 85' lang='grc' dir='ltr'>αύτῷ</span> <span class='ocrx_word' id='word_1_356' title='bbox 2932 1971 2981 2024; x_wconf 79' lang='grc' dir='ltr'>οἱ</span> <span class='ocrx_word' id='word_1_357' title='bbox 3005 1968 3255 2040; x_wconf 78' lang='grc' dir='ltr'>μαθηταὶ</span> <span class='ocrx_word' id='word_1_358' title='bbox 3285 1966 3449 2021; x_wconf 76' lang='grc' dir='ltr'>αὐτοῦ</span> <span class='ocrx_word' id='word_1_359' title='bbox 3484 1983 3497 1996; x_wconf 89' lang='grc'><strong>·</strong></span> <span class='ocrx_word' id='word_1_360' title='bbox 3527 1967 3619 2020; x_wconf 75' lang='grc' dir='ltr'>Ποῦ</span> <span class='ocrx_word' id='word_1_361' title='bbox 3642 1965 3757 2028; x_wconf 78' lang='grc' dir='ltr'>θέλεις</span> 
     </span>
    </p>
   </div>
   <div class='ocr_carea' id='block_1_49' title="bbox 2270 2059 3757 2134">
    <p class='ocr_par' dir='ltr' id='par_1_49' title="bbox 2270 2059 3757 2134">
     <span class='ocr_line' id='line_1_49' title="bbox 2270 2059 3757 2134; baseline -0.005 -18"><span class='ocrx_word' id='word_1_362' title='bbox 2270 2064 2604 2126; x_wconf 83' lang='grc' dir='ltr'>ἀπελθόντες</span> <span class='ocrx_word' id='word_1_363' title='bbox 2634 2063 3031 2132; x_wconf 80' lang='grc' dir='ltr'>ἑτοιμάσωμεν,</span> <span class='ocrx_word' id='word_1_364' title='bbox 3066 2062 3156 2114; x_wconf 85' lang='grc' dir='ltr'><strong>ἴνα</strong></span> <span class='ocrx_word' id='word_1_365' title='bbox 3187 2061 3370 2134; x_wconf 65' lang='grc' dir='ltr'>φάγῃς</span> <span class='ocrx_word' id='word_1_366' title='bbox 3395 2059 3454 2112; x_wconf 88' lang='grc' dir='ltr'><strong>τδ</strong></span> <span class='ocrx_word' id='word_1_367' title='bbox 3486 2059 3757 2128; x_wconf 69' lang='lat' dir='ltr'><strong>[ﬁexath</strong></span> 
     </span>
    </p>
   </div>
   <div class='ocr_carea' id='block_1_50' title="bbox 2269 2151 3757 2224">
    <p class='ocr_par' dir='ltr' id='par_1_50' title="bbox 2269 2151 3757 2224">
     <span class='ocr_line' id='line_1_50' title="bbox 2269 2151 3757 2224; baseline -0.007 -12"><span class='ocrx_word' id='word_1_368' title='bbox 2269 2156 2589 2212; x_wconf 77' lang='grc' dir='ltr'>ἀποστέλλει</span> <span class='ocrx_word' id='word_1_369' title='bbox 2613 2155 2708 2208; x_wconf 88' lang='grc' dir='ltr'><strong>δύο</strong></span> <span class='ocrx_word' id='word_1_370' title='bbox 2733 2155 2839 2208; x_wconf 85' lang='grc' dir='ltr'><strong>τῶν</strong></span> <span class='ocrx_word' id='word_1_371' title='bbox 2896 2153 3157 2224; x_wconf 84' lang='grc' dir='ltr'>μαθητῶν</span> <span class='ocrx_word' id='word_1_372' title='bbox 3193 2152 3384 2217; x_wconf 82' lang='grc' dir='ltr'>αὐτοῦ,</span> <span class='ocrx_word' id='word_1_373' title='bbox 3418 2152 3506 2204; x_wconf 75' lang='grc' dir='ltr'><strong>καὶ</strong></span> <span class='ocrx_word' id='word_1_374' title='bbox 3550 2151 3668 2217; x_wconf 82' lang='grc' dir='ltr'>λέγει</span> <span class='ocrx_word' id='word_1_375' title='bbox 3698 2153 3757 2201; x_wconf 66' lang='grc' dir='ltr'><strong>αὖα</strong></span> 
     </span>
    </p>
   </div>
   <div class='ocr_carea' id='block_1_51' title="bbox 2268 2243 3754 2316">
    <p class='ocr_par' dir='ltr' id='par_1_51' title="bbox 2268 2243 3754 2316">
     <span class='ocr_line' id='line_1_51' title="bbox 2268 2243 3754 2316; baseline -0.007 -13"><span class='ocrx_word' id='word_1_376' title='bbox 2268 2252 2381 2312; x_wconf 72' lang='grc' dir='ltr'>τοῖς</span> <span class='ocrx_word' id='word_1_377' title='bbox 2407 2263 2423 2279; x_wconf 84' lang='grc'>⁶</span> <span class='ocrx_word' id='word_1_378' title='bbox 2475 2249 2750 2316; x_wconf 77' lang='grc' dir='ltr'>Ὑπάγετε</span> <span class='ocrx_word' id='word_1_379' title='bbox 2780 2248 2859 2310; x_wconf 80' lang='grc' dir='ltr'>είς</span> <span class='ocrx_word' id='word_1_380' title='bbox 2891 2248 2992 2316; x_wconf 75' lang='grc' dir='ltr'>τὴν</span> <span class='ocrx_word' id='word_1_381' title='bbox 3022 2244 3207 2310; x_wconf 78' lang='grc' dir='ltr'>πόλιν,</span> <span class='ocrx_word' id='word_1_382' title='bbox 3241 2244 3338 2297; x_wconf 78' lang='grc' dir='ltr'><strong>καὶ</strong></span> <span class='ocrx_word' id='word_1_383' title='bbox 3385 2243 3650 2311; x_wconf 79' lang='grc' dir='ltr'>ἀπαντήσει</span> <span class='ocrx_word' id='word_1_384' title='bbox 3671 2243 3754 2311; x_wconf 76' lang='grc' dir='ltr'>ὑμῖν</span> 
     </span>
    </p>
   </div>
   <div class='ocr_carea' id='block_1_52' title="bbox 2269 2335 3756 2413">
    <p class='ocr_par' dir='ltr' id='par_1_52' title="bbox 2269 2335 3756 2413">
     <span class='ocr_line' id='line_1_52' title="bbox 2269 2335 3756 2413; baseline -0.006 -17"><span class='ocrx_word' id='word_1_385' title='bbox 2269 2342 2555 2413; x_wconf 77' lang='grc' dir='ltr'>ἄνθρωπος</span> <span class='ocrx_word' id='word_1_386' title='bbox 2583 2341 2851 2410; x_wconf 83' lang='grc' dir='ltr'>κεράμιον</span> <span class='ocrx_word' id='word_1_387' title='bbox 2870 2339 3062 2400; x_wconf 77' lang='grc' dir='ltr'>ὓδατος</span> <span class='ocrx_word' id='word_1_388' title='bbox 3102 2335 3410 2408; x_wconf 74' lang='grc' dir='ltr'>βαστάζων⁶</span> <span class='ocrx_word' id='word_1_389' title='bbox 3447 2335 3756 2405; x_wconf 73' lang='grc' dir='ltr'>ἀκολουθήσατε</span> 
     </span>
    </p>
   </div>
   <div class='ocr_carea' id='block_1_53' title="bbox 2274 2427 3754 2504">
    <p class='ocr_par' dir='ltr' id='par_1_53' title="bbox 2274 2427 3754 2504">
     <span class='ocr_line' id='line_1_53' title="bbox 2274 2427 3754 2504; baseline -0.007 -16"><span class='ocrx_word' id='word_1_390' title='bbox 2274 2433 2447 2504; x_wconf 81' lang='grc' dir='ltr'>αὐτῷ,</span> <span class='ocrx_word' id='word_1_391' title='bbox 2476 2433 2570 2486; x_wconf 75' lang='grc' dir='ltr'>καλ.</span> <span class='ocrx_word' id='word_1_392' title='bbox 2603 2434 2736 2485; x_wconf 81' lang='grc' dir='ltr'>ὅπου</span> <span class='ocrx_word' id='word_1_393' title='bbox 2771 2432 2868 2484; x_wconf 86' lang='grc' dir='ltr'>ἐὰν</span> <span class='ocrx_word' id='word_1_394' title='bbox 2891 2429 3127 2502; x_wconf 76' lang='grc' dir='ltr'>εἰσέλθῃ,</span> <span class='ocrx_word' id='word_1_395' title='bbox 3157 2430 3351 2482; x_wconf 75' lang='grc' dir='ltr'>εἴπατε</span> <span class='ocrx_word' id='word_1_396' title='bbox 3379 2427 3452 2497; x_wconf 82' lang='grc' dir='ltr'><strong>τῷ</strong></span> <span class='ocrx_word' id='word_1_397' title='bbox 3474 2428 3754 2495; x_wconf 53' lang='grc' dir='ltr'>οἰκοδεσπότῃ,</span> 
     </span>
    </p>
   </div>
   <div class='ocr_carea' id='block_1_54' title="bbox 2289 2519 3756 2592">
    <p class='ocr_par' dir='ltr' id='par_1_54' title="bbox 2289 2519 3756 2592">
     <span class='ocr_line' id='line_1_54' title="bbox 2289 2519 3756 2592; baseline -0.005 -15"><span class='ocrx_word' id='word_1_398' title='bbox 2289 2525 2349 2577; x_wconf 80' lang='grc'><strong>’(1</strong></span> <span class='ocrx_word' id='word_1_399' title='bbox 2371 2524 2689 2587; x_wconf 82' lang='grc' dir='ltr'>διδάσκαλος</span> <span class='ocrx_word' id='word_1_400' title='bbox 2719 2523 2888 2592; x_wconf 77' lang='grc' dir='ltr'>λέγει’</span> <span class='ocrx_word' id='word_1_401' title='bbox 2923 2523 3033 2576; x_wconf 82' lang='grc' dir='ltr'><strong>Ποῦ</strong></span> <span class='ocrx_word' id='word_1_402' title='bbox 3073 2525 3190 2576; x_wconf 82' lang='grc' dir='ltr'>ἐστι</span> <span class='ocrx_word' id='word_1_403' title='bbox 3214 2522 3274 2575; x_wconf 81' lang='grc' dir='ltr'><strong>τὸ</strong></span> <span class='ocrx_word' id='word_1_404' title='bbox 3295 2521 3583 2589; x_wconf 86' lang='grc' dir='ltr'>κατάλυμα,</span> <span class='ocrx_word' id='word_1_405' title='bbox 3607 2519 3701 2571; x_wconf 67' lang='grc' dir='ltr'>ὅπου</span> <span class='ocrx_word' id='word_1_406' title='bbox 3720 2521 3756 2570; x_wconf 71' lang='grc' dir='ltr'><strong>ιδ</strong></span> 
     </span>
    </p>
   </div>
   <div class='ocr_carea' id='block_1_55' title="bbox 2271 2611 3754 2685">
    <p class='ocr_par' dir='ltr' id='par_1_55' title="bbox 2271 2611 3754 2685">
     <span class='ocr_line' id='line_1_55' title="bbox 2271 2611 3754 2685; baseline -0.005 -16"><span class='ocrx_word' id='word_1_407' title='bbox 2271 2617 2464 2685; x_wconf 86' lang='grc' dir='ltr'>Πάσχα</span> <span class='ocrx_word' id='word_1_408' title='bbox 2492 2615 2630 2685; x_wconf 80' lang='grc' dir='ltr'>μετὰ</span> <span class='ocrx_word' id='word_1_409' title='bbox 2659 2614 2768 2668; x_wconf 84' lang='grc' dir='ltr'><strong>τῶν</strong></span> <span class='ocrx_word' id='word_1_410' title='bbox 2829 2614 3088 2684; x_wconf 84' lang='grc' dir='ltr'>μαθητῶν</span> <span class='ocrx_word' id='word_1_411' title='bbox 3151 2631 3257 2685; x_wconf 81' lang='grc' dir='ltr'>μου</span> <span class='ocrx_word' id='word_1_412' title='bbox 3303 2614 3486 2682; x_wconf 71' lang='grc' dir='ltr'>φάγω;</span> <span class='ocrx_word' id='word_1_413' title='bbox 3516 2613 3606 2664; x_wconf 73' lang='grc' dir='ltr'><strong>Καὶ</strong></span> <span class='ocrx_word' id='word_1_414' title='bbox 3648 2611 3754 2672; x_wconf 64' lang='grc' dir='ltr'>αὐτὸς</span> 
     </span>
    </p>
   </div>
   <div class='ocr_carea' id='block_1_56' title="bbox 2273 2703 3753 2779">
    <p class='ocr_par' dir='ltr' id='par_1_56' title="bbox 2273 2703 3753 2779">
     <span class='ocr_line' id='line_1_56' title="bbox 2273 2703 3753 2779; baseline -0.007 -17"><span class='ocrx_word' id='word_1_415' title='bbox 2273 2709 2402 2779; x_wconf 84' lang='grc' dir='ltr'>ὑμῖν</span> <span class='ocrx_word' id='word_1_416' title='bbox 2460 2705 2623 2772; x_wconf 77' lang='grc' dir='ltr'>δείξει</span> <span class='ocrx_word' id='word_1_417' title='bbox 2693 2705 2936 2770; x_wconf 80' lang='grc' dir='ltr'>ἀνώγεον</span> <span class='ocrx_word' id='word_1_418' title='bbox 2987 2706 3152 2777; x_wconf 82' lang='grc' dir='ltr'>μέγα,</span> <span class='ocrx_word' id='word_1_419' title='bbox 3209 2705 3560 2776; x_wconf 82' lang='grc' dir='ltr'>ἐστρωμένον,</span> <span class='ocrx_word' id='word_1_420' title='bbox 3591 2703 3753 2768; x_wconf 73' lang='grc' dir='ltr'>ἕτοιμον,</span> 
     </span>
    </p>
   </div>
   <div class='ocr_carea' id='block_1_57' title="bbox 2273 2794 3752 2870">
    <p class='ocr_par' dir='ltr' id='par_1_57' title="bbox 2273 2794 3752 2870">
     <span class='ocr_line' id='line_1_57' title="bbox 2273 2794 3752 2870; baseline -0.006 -16"><span class='ocrx_word' id='word_1_421' title='bbox 2273 2799 2753 2870; x_wconf 75' lang='grc' dir='ltr'>ἐκεῖέτοιμάσατε</span> <span class='ocrx_word' id='word_1_422' title='bbox 2781 2801 2934 2870; x_wconf 78' lang='grc' dir='ltr'>ἡμῖν.</span> <span class='ocrx_word' id='word_1_423' title='bbox 2974 2818 2992 2849; x_wconf 75' lang='grc' dir='ltr'><strong>ι</strong></span> <span class='ocrx_word' id='word_1_424' title='bbox 3028 2797 3268 2870; x_wconf 88' lang='grc' dir='ltr'>Πρώτην</span> <span class='ocrx_word' id='word_1_425' title='bbox 3307 2797 3513 2868; x_wconf 81' lang='grc' dir='ltr'>ἡμέραν</span> <span class='ocrx_word' id='word_1_426' title='bbox 3539 2794 3752 2857; x_wconf 74' lang='grc' dir='ltr'><strong>τῶνἈζύο</strong></span> 
     </span>
    </p>
   </div>
   <div class='ocr_carea' id='block_1_58' title="bbox 2275 2883 3751 2964">
    <p class='ocr_par' dir='ltr' id='par_1_58' title="bbox 2275 2883 3751 2964">
     <span class='ocr_line' id='line_1_58' title="bbox 2275 2883 3751 2964; baseline -0.007 -17"><span class='ocrx_word' id='word_1_427' title='bbox 2275 2910 2412 2964; x_wconf 90' lang='grc' dir='ltr'>μων,</span> <span class='ocrx_word' id='word_1_428' title='bbox 2441 2893 2540 2962; x_wconf 80' lang='grc' dir='ltr'>τὴν</span> <span class='ocrx_word' id='word_1_429' title='bbox 2568 2893 2828 2962; x_wconf 80' lang='grc' dir='ltr'>πέμπτην</span> <span class='ocrx_word' id='word_1_430' title='bbox 2856 2891 3028 2960; x_wconf 81' lang='grc' dir='ltr'>λέγει,</span> <span class='ocrx_word' id='word_1_431' title='bbox 3062 2893 3185 2962; x_wconf 79' lang='grc' dir='ltr'>ἥτις</span> <span class='ocrx_word' id='word_1_432' title='bbox 3210 2891 3318 2961; x_wconf 82' lang='grc' dir='ltr'>πρὸ</span> <span class='ocrx_word' id='word_1_433' title='bbox 3337 2890 3442 2946; x_wconf 84' lang='grc' dir='ltr'><strong>τῶν</strong></span> <span class='ocrx_word' id='word_1_434' title='bbox 3470 2888 3674 2957; x_wconf 81' lang='grc' dir='ltr'>’Δζύμων</span> <span class='ocrx_word' id='word_1_435' title='bbox 3695 2883 3751 2954; x_wconf 77' lang='grc' dir='ltr'><strong>ἦν.</strong></span> 
     </span>
    </p>
   </div>
   <div class='ocr_carea' id='block_1_59' title="bbox 2273 2979 3754 3058">
    <p class='ocr_par' dir='ltr' id='par_1_59' title="bbox 2273 2979 3754 3058">
     <span class='ocr_line' id='line_1_59' title="bbox 2273 2979 3754 3058; baseline -0.024 5"><span class='ocrx_word' id='word_1_436' title='bbox 2273 2987 2356 3040; x_wconf 67' lang='grc' dir='ltr'>Τὰ</span> <span class='ocrx_word' id='word_1_437' title='bbox 2382 2986 2490 3058; x_wconf 60' lang='grc' dir='ltr'><strong>γὰρ</strong></span> <span class='ocrx_word' id='word_1_438' title='bbox 2520 2983 2708 3055; x_wconf 61' lang='grc' dir='ltr'><strong>ἄζυμα</strong></span> <span class='ocrx_word' id='word_1_439' title='bbox 2744 2983 2818 3055; x_wconf 74' lang='grc'><strong>(⁸)</strong></span> <span class='ocrx_word' id='word_1_440' title='bbox 2856 2987 2921 3055; x_wconf 78' lang='grc' dir='ltr'><strong>τῇ</strong></span> <span class='ocrx_word' id='word_1_441' title='bbox 2945 2985 3273 3055; x_wconf 81' lang='grc' dir='ltr'>παρασκευῇ</span> <span class='ocrx_word' id='word_1_442' title='bbox 3318 2981 3567 3052; x_wconf 79' lang='grc' dir='ltr'>ὴσθίοντο.</span> <span class='ocrx_word' id='word_1_443' title='bbox 3591 2979 3754 3050; x_wconf 67' lang='grc' dir='ltr'>Προτέρ-</span> 
     </span>
    </p>
   </div>
   <div class='ocr_carea' id='block_1_60' title="bbox 599 3070 2165 3174">
    <p class='ocr_par' dir='ltr' id='par_1_60' title="bbox 599 3073 2165 3130">
     <span class='ocr_line' id='line_1_60' title="bbox 599 3073 2165 3130; baseline 0.001 -3"><span class='ocrx_word' id='word_1_444' title='bbox 599 3077 687 3130; x_wconf 92' lang='lat' dir='ltr'><strong>ubi</strong></span> <span class='ocrx_word' id='word_1_445' title='bbox 732 3077 1013 3130; x_wconf 87' lang='lat' dir='ltr'><strong>comedant</strong></span> <span class='ocrx_word' id='word_1_446' title='bbox 1072 3073 1303 3130; x_wconf 82' lang='lat' dir='ltr'><strong>Pascha.</strong></span> <span class='ocrx_word' id='word_1_447' title='bbox 1338 3075 1414 3128; x_wconf 75' lang='lat' dir='ltr'><strong>Ex</strong></span> <span class='ocrx_word' id='word_1_448' title='bbox 1451 3075 1551 3130; x_wconf 90' lang='lat' dir='ltr'><strong>hoc</strong></span> <span class='ocrx_word' id='word_1_449' title='bbox 1589 3085 1767 3130; x_wconf 90' lang='lat' dir='ltr'><strong>autem</strong></span> <span class='ocrx_word' id='word_1_450' title='bbox 1823 3074 2165 3130; x_wconf 88' lang='lat' dir='ltr'><strong>manifestum</strong></span> 
     </span>
    </p>
   </div>
   <div class='ocr_carea' id='block_1_61' title="bbox 2269 3070 3754 3174">
    <p class='ocr_par' dir='ltr' id='par_1_61' title="bbox 2275 3070 3754 3151">
     <span class='ocr_line' id='line_1_61' title="bbox 2275 3070 3754 3151; baseline -0.008 -18"><span class='ocrx_word' id='word_1_451' title='bbox 2275 3097 2460 3151; x_wconf 87' lang='grc' dir='ltr'>χονται</span> <span class='ocrx_word' id='word_1_452' title='bbox 2506 3078 2599 3133; x_wconf 75' lang='grc' dir='ltr'>οὖν</span> <span class='ocrx_word' id='word_1_453' title='bbox 2637 3079 2688 3132; x_wconf 78' lang='lat' dir='ltr'><strong>oi</strong></span> <span class='ocrx_word' id='word_1_454' title='bbox 2734 3077 2996 3149; x_wconf 79' lang='grc' dir='ltr'>μαθηταὶ,</span> <span class='ocrx_word' id='word_1_455' title='bbox 3042 3075 3364 3146; x_wconf 80' lang='grc' dir='ltr'>ἐρωτῶντες</span> <span class='ocrx_word' id='word_1_456' title='bbox 3408 3074 3504 3127; x_wconf 83' lang='grc' dir='ltr'><strong>πού</strong></span> <span class='ocrx_word' id='word_1_457' title='bbox 3533 3070 3754 3142; x_wconf 46' lang='lat' dir='ltr'><strong>citanti</strong></span> 
     </span>
    </p>
   </div>
   <div class='ocr_carea' id='block_1_62' title="bbox 597 3161 2165 3245">
    <p class='ocr_par' dir='ltr' id='par_1_62' title="bbox 597 3165 2165 3235">
     <span class='ocr_line' id='line_1_62' title="bbox 597 3165 2165 3235; baseline -0.001 -15"><span class='ocrx_word' id='word_1_458' title='bbox 597 3174 679 3222; x_wconf 80' lang='lat' dir='ltr'><strong>est</strong></span> <span class='ocrx_word' id='word_1_459' title='bbox 724 3165 996 3222; x_wconf 87' lang='lat' dir='ltr'><strong>Christum</strong></span> <span class='ocrx_word' id='word_1_460' title='bbox 1015 3165 1134 3218; x_wconf 87' lang='lat' dir='ltr'><strong>&#39;nun</strong></span> <span class='ocrx_word' id='word_1_461' title='bbox 1166 3165 1417 3220; x_wconf 90' lang='lat' dir='ltr'><strong>habuisse</strong></span> <span class='ocrx_word' id='word_1_462' title='bbox 1448 3166 1724 3235; x_wconf 90' lang='lat' dir='ltr'><strong>proprium</strong></span> <span class='ocrx_word' id='word_1_463' title='bbox 1777 3166 2165 3234; x_wconf 85' lang='lat' dir='ltr'><strong>diversorium,</strong></span> 
     </span>
    </p>
   </div>
   <div class='ocr_carea' id='block_1_63' title="bbox 2269 3161 3754 3245">
    <p class='ocr_par' dir='ltr' id='par_1_63' title="bbox 2275 3161 3754 3245">
     <span class='ocr_line' id='line_1_63' title="bbox 2275 3161 3754 3245; baseline -0.009 -18"><span class='ocrx_word' id='word_1_464' title='bbox 2275 3175 2487 3245; x_wconf 81' lang='grc' dir='ltr'>Πάσχα.</span> <span class='ocrx_word' id='word_1_465' title='bbox 2539 3173 2634 3226; x_wconf 87' lang='grc' dir='ltr'>Ἐκ</span> <span class='ocrx_word' id='word_1_466' title='bbox 2671 3170 2861 3224; x_wconf 84' lang='grc' dir='ltr'>τούτου</span> <span class='ocrx_word' id='word_1_467' title='bbox 2891 3170 2947 3223; x_wconf 81' lang='grc' dir='ltr'><strong>δέ</strong></span> <span class='ocrx_word' id='word_1_468' title='bbox 2987 3168 3168 3239; x_wconf 82' lang='grc' dir='ltr'>δῆλον,</span> <span class='ocrx_word' id='word_1_469' title='bbox 3201 3167 3277 3232; x_wconf 89' lang='grc' dir='ltr'>ώς</span> <span class='ocrx_word' id='word_1_470' title='bbox 3308 3167 3408 3221; x_wconf 83' lang='grc' dir='ltr'>οὐκ</span> <span class='ocrx_word' id='word_1_471' title='bbox 3446 3161 3547 3236; x_wconf 72' lang='grc' dir='ltr'>εἶχε</span> <span class='ocrx_word' id='word_1_472' title='bbox 3582 3167 3754 3231; x_wconf 78' lang='grc' dir='ltr'>καταγώ-</span> 
     </span>
    </p>
   </div>
   <div class='ocr_carea' id='block_1_64' title="bbox 595 3258 2165 3328">
    <p class='ocr_par' dir='ltr' id='par_1_64' title="bbox 595 3258 2165 3328">
     <span class='ocr_line' id='line_1_64' title="bbox 595 3258 2165 3328; baseline -0.002 -13"><span class='ocrx_word' id='word_1_473' title='bbox 595 3271 651 3315; x_wconf 91' lang='lat' dir='ltr'><strong>ct</strong></span> <span class='ocrx_word' id='word_1_474' title='bbox 697 3275 794 3312; x_wconf 86' lang='lat' dir='ltr'><strong>nec</strong></span> <span class='ocrx_word' id='word_1_475' title='bbox 835 3259 1126 3327; x_wconf 84' lang='lat' dir='ltr'><strong>discipulos</strong></span> <span class='ocrx_word' id='word_1_476' title='bbox 1161 3258 1417 3312; x_wconf 88' lang='lat' dir='ltr'><strong>habuisse</strong></span> <span class='ocrx_word' id='word_1_477' title='bbox 1450 3261 1667 3312; x_wconf 89' lang='lat' dir='ltr'><strong>domum</strong></span> <span class='ocrx_word' id='word_1_478' title='bbox 1705 3259 2001 3328; x_wconf 86' lang='lat' dir='ltr'><strong>propriam.</strong></span> <span class='ocrx_word' id='word_1_479' title='bbox 2031 3259 2165 3315; x_wconf 80' lang='lat' dir='ltr'><strong>Nam</strong></span> 
     </span>
    </p>
   </div>
   <div class='ocr_carea' id='block_1_65' title="bbox 595 3348 2158 3420">
    <p class='ocr_par' dir='ltr' id='par_1_65' title="bbox 595 3348 2158 3420">
     <span class='ocr_line' id='line_1_65' title="bbox 595 3348 2158 3420; baseline -0.002 -13"><span class='ocrx_word' id='word_1_480' title='bbox 595 3354 640 3407; x_wconf 88' lang='lat' dir='ltr'><strong>si</strong></span> <span class='ocrx_word' id='word_1_481' title='bbox 678 3351 1012 3415; x_wconf 86' lang='lat' dir='ltr'><strong>habuissent,</strong></span> <span class='ocrx_word' id='word_1_482' title='bbox 1041 3349 1149 3403; x_wconf 90' lang='lat' dir='ltr'><strong>illic</strong></span> <span class='ocrx_word' id='word_1_483' title='bbox 1183 3365 1305 3402; x_wconf 92' lang='lat' dir='ltr'><strong>eum</strong></span> <span class='ocrx_word' id='word_1_484' title='bbox 1361 3349 1758 3420; x_wconf 86' lang='lat' dir='ltr'><strong>suscepissent.</strong></span> <span class='ocrx_word' id='word_1_485' title='bbox 1783 3348 1950 3404; x_wconf 83' lang='lat' dir='ltr'><strong>Mittit</strong></span> <span class='ocrx_word' id='word_1_486' title='bbox 1975 3360 2158 3404; x_wconf 91' lang='lat' dir='ltr'><strong>autem</strong></span> 
     </span>
    </p>
   </div>
   <div class='ocr_carea' id='block_1_66' title="bbox 597 3441 2170 3509">
    <p class='ocr_par' dir='ltr' id='par_1_66' title="bbox 597 3441 2170 3509">
     <span class='ocr_line' id='line_1_66' title="bbox 597 3441 2170 3509; baseline 0.002 -15"><span class='ocrx_word' id='word_1_487' title='bbox 597 3447 732 3498; x_wconf 69' lang='lat' dir='ltr'><strong>duos</strong></span> <span class='ocrx_word' id='word_1_488' title='bbox 759 3457 790 3497; x_wconf 91' lang='lat' dir='ltr'><strong>e</strong></span> <span class='ocrx_word' id='word_1_489' title='bbox 822 3442 1102 3509; x_wconf 86' lang='lat' dir='ltr'><strong>discipulis</strong></span> <span class='ocrx_word' id='word_1_490' title='bbox 1149 3443 1263 3496; x_wconf 90' lang='lat' dir='ltr'><strong>suis</strong></span> <span class='ocrx_word' id='word_1_491' title='bbox 1291 3441 1507 3497; x_wconf 88' lang='lat' dir='ltr'><strong>Petrum</strong></span> <span class='ocrx_word' id='word_1_492' title='bbox 1533 3452 1589 3496; x_wconf 92' lang='lat' dir='ltr'><strong>et</strong></span> <span class='ocrx_word' id='word_1_493' title='bbox 1632 3441 1918 3505; x_wconf 83' lang='lat' dir='ltr'><strong>Joannem,</strong></span> <span class='ocrx_word' id='word_1_494' title='bbox 1945 3442 2083 3496; x_wconf 87' lang='lat' dir='ltr'><strong>sicut</strong></span> <span class='ocrx_word' id='word_1_495' title='bbox 2114 3451 2170 3497; x_wconf 88' lang='lat' dir='ltr'><strong>et</strong></span> 
     </span>
    </p>
   </div>
   <div class='ocr_carea' id='block_1_67' title="bbox 598 3532 2169 3604">
    <p class='ocr_par' dir='ltr' id='par_1_67' title="bbox 598 3532 2169 3604">
     <span class='ocr_line' id='line_1_67' title="bbox 598 3532 2169 3604; baseline 0.002 -16"><span class='ocrx_word' id='word_1_496' title='bbox 598 3532 772 3588; x_wconf 78' lang='lat' dir='ltr'><strong>Lucas</strong></span> <span class='ocrx_word' id='word_1_497' title='bbox 833 3534 1026 3602; x_wconf 90' lang='lat' dir='ltr'><strong>inquit,</strong></span> <span class='ocrx_word' id='word_1_498' title='bbox 1058 3533 1122 3586; x_wconf 82' lang='lat' dir='ltr'><strong>ad</strong></span> <span class='ocrx_word' id='word_1_499' title='bbox 1161 3533 1430 3588; x_wconf 88' lang='lat' dir='ltr'><strong>hominem</strong></span> <span class='ocrx_word' id='word_1_500' title='bbox 1471 3535 1746 3604; x_wconf 84' lang='lat' dir='ltr'><strong>ignotum:</strong></span> <span class='ocrx_word' id='word_1_501' title='bbox 1783 3538 2072 3590; x_wconf 90' lang='lat' dir='ltr'><strong>ostendens</strong></span> <span class='ocrx_word' id='word_1_502' title='bbox 2108 3536 2169 3590; x_wconf 88' lang='lat' dir='ltr'><strong>il-</strong></span> 
     </span>
    </p>
   </div>
   <div class='ocr_carea' id='block_1_68' title="bbox 593 3627 2168 3696">
    <p class='ocr_par' dir='ltr' id='par_1_68' title="bbox 593 3627 2168 3696">
     <span class='ocr_line' id='line_1_68' title="bbox 593 3627 2168 3696; baseline 0.002 -18"><span class='ocrx_word' id='word_1_503' title='bbox 593 3628 663 3681; x_wconf 86' lang='lat' dir='ltr'><strong>lis</strong></span> <span class='ocrx_word' id='word_1_504' title='bbox 700 3628 842 3696; x_wconf 90' lang='lat' dir='ltr'><strong>quod</strong></span> <span class='ocrx_word' id='word_1_505' title='bbox 873 3637 1053 3696; x_wconf 91' lang='lat' dir='ltr'><strong>posset</strong></span> <span class='ocrx_word' id='word_1_506' title='bbox 1094 3642 1197 3679; x_wconf 91' lang='lat' dir='ltr'><strong>non</strong></span> <span class='ocrx_word' id='word_1_507' title='bbox 1239 3627 1368 3696; x_wconf 90' lang='lat' dir='ltr'><strong>pati.</strong></span> <span class='ocrx_word' id='word_1_508' title='bbox 1400 3627 1500 3692; x_wconf 86' lang='lat' dir='ltr'><strong>Qui</strong></span> <span class='ocrx_word' id='word_1_509' title='bbox 1523 3627 1670 3680; x_wconf 92' lang='lat' dir='ltr'><strong>enim</strong></span> <span class='ocrx_word' id='word_1_510' title='bbox 1699 3637 1933 3681; x_wconf 90' lang='lat' dir='ltr'><strong>mentem</strong></span> <span class='ocrx_word' id='word_1_511' title='bbox 1990 3627 2168 3682; x_wconf 88' lang='lat' dir='ltr'><strong>homi-</strong></span> 
     </span>
    </p>
   </div>
   <div class='ocr_carea' id='block_1_69' title="bbox 598 3715 2167 3788">
    <p class='ocr_par' dir='ltr' id='par_1_69' title="bbox 598 3715 2167 3788">
     <span class='ocr_line' id='line_1_69' title="bbox 598 3715 2167 3788; baseline 0.001 -18"><span class='ocrx_word' id='word_1_512' title='bbox 598 3715 682 3770; x_wconf 90' lang='lat' dir='ltr'><strong>nis</strong></span> <span class='ocrx_word' id='word_1_513' title='bbox 715 3717 876 3786; x_wconf 79' lang='lat' dir='ltr'><strong>ignoti</strong></span> <span class='ocrx_word' id='word_1_514' title='bbox 935 3717 1226 3771; x_wconf 85' lang='lat' dir='ltr'><strong>conciliare</strong></span> <span class='ocrx_word' id='word_1_515' title='bbox 1278 3717 1381 3771; x_wconf 87' lang='lat' dir='ltr'><strong>sibi</strong></span> <span class='ocrx_word' id='word_1_516' title='bbox 1433 3728 1643 3786; x_wconf 83' lang='lat' dir='ltr'><strong>poterat</strong></span> <span class='ocrx_word' id='word_1_517' title='bbox 1696 3728 1753 3772; x_wconf 91' lang='lat' dir='ltr'><strong>ut</strong></span> <span class='ocrx_word' id='word_1_518' title='bbox 1776 3734 1834 3774; x_wconf 88' lang='lat' dir='ltr'><strong>se</strong></span> <span class='ocrx_word' id='word_1_519' title='bbox 1874 3720 2167 3788; x_wconf 78' lang='lat' dir='ltr'><strong>exciperet,</strong></span> 
     </span>
    </p>
   </div>
   <div class='ocr_carea' id='block_1_70' title="bbox 594 3806 2168 3881">
    <p class='ocr_par' dir='ltr' id='par_1_70' title="bbox 594 3806 2168 3881">
     <span class='ocr_line' id='line_1_70' title="bbox 594 3806 2168 3881; baseline 0.001 -21"><span class='ocrx_word' id='word_1_520' title='bbox 594 3807 722 3877; x_wconf 89' lang='lat' dir='ltr'><strong>quid</strong></span> <span class='ocrx_word' id='word_1_521' title='bbox 755 3823 859 3861; x_wconf 91' lang='lat' dir='ltr'><strong>non</strong></span> <span class='ocrx_word' id='word_1_522' title='bbox 887 3806 1102 3862; x_wconf 86' lang='lat' dir='ltr'><strong>fecisset</strong></span> <span class='ocrx_word' id='word_1_523' title='bbox 1132 3809 1186 3862; x_wconf 91' lang='lat' dir='ltr'><strong>in</strong></span> <span class='ocrx_word' id='word_1_524' title='bbox 1215 3808 1377 3863; x_wconf 82' lang='lat' dir='ltr'><strong>aliis?</strong></span> <span class='ocrx_word' id='word_1_525' title='bbox 1405 3806 1672 3864; x_wconf 64' lang='lat' dir='ltr'><strong>Praeterea</strong></span> <span class='ocrx_word' id='word_1_526' title='bbox 1699 3811 1790 3864; x_wconf 90' lang='lat' dir='ltr'><strong>dat</strong></span> <span class='ocrx_word' id='word_1_527' title='bbox 1811 3810 1916 3864; x_wconf 90' lang='lat' dir='ltr'><strong>illis</strong></span> <span class='ocrx_word' id='word_1_528' title='bbox 1953 3810 2168 3881; x_wconf 75' lang='lat' dir='ltr'><strong>signum</strong></span> 
     </span>
    </p>
   </div>
   <div class='ocr_carea' id='block_1_71' title="bbox 497 3898 2171 3971">
    <p class='ocr_par' dir='ltr' id='par_1_71' title="bbox 497 3898 2171 3971">
     <span class='ocr_line' id='line_1_71' title="bbox 497 3898 2171 3971; baseline 0.003 -21"><span class='ocrx_word' id='word_1_529' title='bbox 497 3913 508 3928; x_wconf 91' lang='grc'><strong>·</strong></span> <span class='ocrx_word' id='word_1_530' title='bbox 593 3898 863 3967; x_wconf 88' lang='lat' dir='ltr'><strong>quomodo</strong></span> <span class='ocrx_word' id='word_1_531' title='bbox 885 3898 1168 3952; x_wconf 90' lang='lat' dir='ltr'><strong>inveniant</strong></span> <span class='ocrx_word' id='word_1_532' title='bbox 1205 3900 1470 3954; x_wconf 88' lang='lat' dir='ltr'><strong>domum:</strong></span> <span class='ocrx_word' id='word_1_533' title='bbox 1520 3915 1712 3970; x_wconf 89' lang='lat' dir='ltr'><strong>nempe</strong></span> <span class='ocrx_word' id='word_1_534' title='bbox 1758 3910 1816 3956; x_wconf 92' lang='lat' dir='ltr'><strong>ut</strong></span> <span class='ocrx_word' id='word_1_535' title='bbox 1871 3913 2171 3971; x_wconf 90' lang='lat' dir='ltr'><strong>sequantur</strong></span> 
     </span>
    </p>
   </div>
   <div class='ocr_carea' id='block_1_72' title="bbox 594 3989 2170 4063">
    <p class='ocr_par' dir='ltr' id='par_1_72' title="bbox 594 3989 2170 4063">
     <span class='ocr_line' id='line_1_72' title="bbox 594 3989 2170 4063; baseline 0.003 -19"><span class='ocrx_word' id='word_1_536' title='bbox 594 3991 888 4052; x_wconf 86' lang='lat' dir='ltr'><strong>hominem.</strong></span> <span class='ocrx_word' id='word_1_537' title='bbox 945 3989 1221 4058; x_wconf 79' lang='lat' dir='ltr'><strong>ﬁgulinum</strong></span> <span class='ocrx_word' id='word_1_538' title='bbox 1303 4007 1400 4047; x_wconf 90' lang='lat' dir='ltr'><strong>vas</strong></span> <span class='ocrx_word' id='word_1_539' title='bbox 1455 4006 1610 4061; x_wconf 75' lang='lat' dir='ltr'><strong>aquae</strong></span> <span class='ocrx_word' id='word_1_540' title='bbox 1660 4003 1982 4063; x_wconf 73' lang='lat' dir='ltr'><strong>gestantem.</strong></span> <span class='ocrx_word' id='word_1_541' title='bbox 2045 3993 2170 4050; x_wconf 75' lang='lat' dir='ltr'><strong>litec</strong></span> 
     </span>
    </p>
   </div>
   <div class='ocr_carea' id='block_1_73' title="bbox 588 4081 2170 4154">
    <p class='ocr_par' dir='ltr' id='par_1_73' title="bbox 588 4081 2170 4154">
     <span class='ocr_line' id='line_1_73' title="bbox 588 4081 2170 4154; baseline 0.003 -18"><span class='ocrx_word' id='word_1_542' title='bbox 588 4083 757 4136; x_wconf 83' lang='lat' dir='ltr'><strong>etiam</strong></span> <span class='ocrx_word' id='word_1_543' title='bbox 784 4081 1069 4136; x_wconf 87' lang='lat' dir='ltr'><strong>sublimius</strong></span> <span class='ocrx_word' id='word_1_544' title='bbox 1112 4083 1334 4154; x_wconf 77' lang='lat' dir='ltr'><strong>intelligi</strong></span> <span class='ocrx_word' id='word_1_545' title='bbox 1399 4091 1643 4153; x_wconf 91' lang='lat' dir='ltr'><strong>possunt.</strong></span> <span class='ocrx_word' id='word_1_546' title='bbox 1681 4083 1933 4154; x_wconf 83' lang='lat' dir='ltr'><strong>Hydriam</strong></span> <span class='ocrx_word' id='word_1_547' title='bbox 1970 4085 2170 4154; x_wconf 89' lang='lat' dir='ltr'><strong>bajulat</strong></span> 
     </span>
    </p>
   </div>
   <div class='ocr_carea' id='block_1_74' title="bbox 2270 3259 3754 3337">
    <p class='ocr_par' dir='ltr' id='par_1_74' title="bbox 2270 3259 3754 3337">
     <span class='ocr_line' id='line_1_74' title="bbox 2270 3259 3754 3337; baseline -0.011 -15"><span class='ocrx_word' id='word_1_548' title='bbox 2270 3284 2392 3337; x_wconf 89' lang='grc' dir='ltr'>γιον</span> <span class='ocrx_word' id='word_1_549' title='bbox 2426 3269 2453 3320; x_wconf 89' lang='grc' dir='ltr'>ὀ</span> <span class='ocrx_word' id='word_1_550' title='bbox 2507 3264 2742 3335; x_wconf 83' lang='grc' dir='ltr'>Χριστὸς</span> <span class='ocrx_word' id='word_1_551' title='bbox 2803 3263 2959 3326; x_wconf 76' lang='grc' dir='ltr'>ἴδιον,</span> <span class='ocrx_word' id='word_1_552' title='bbox 2993 3261 3106 3316; x_wconf 77' lang='grc' dir='ltr'>ἀλλ’</span> <span class='ocrx_word' id='word_1_553' title='bbox 3137 3261 3262 3316; x_wconf 83' lang='grc' dir='ltr'>οὐδὲ</span> <span class='ocrx_word' id='word_1_554' title='bbox 3317 3263 3364 3314; x_wconf 87' lang='grc' dir='ltr'>οἱ</span> <span class='ocrx_word' id='word_1_555' title='bbox 3394 3260 3604 3332; x_wconf 73' lang='grc' dir='ltr'>μαθηταὶ</span> <span class='ocrx_word' id='word_1_556' title='bbox 3640 3259 3754 3316; x_wconf 75' lang='grc' dir='ltr'>οἰκίας</span> 
     </span>
    </p>
   </div>
   <div class='ocr_carea' id='block_1_75' title="bbox 2269 3351 3754 3428">
    <p class='ocr_par' dir='ltr' id='par_1_75' title="bbox 2269 3351 3754 3428">
     <span class='ocr_line' id='line_1_75' title="bbox 2269 3351 3754 3428; baseline -0.01 -16"><span class='ocrx_word' id='word_1_557' title='bbox 2269 3355 2439 3428; x_wconf 83' lang='grc' dir='ltr'>είχον.</span> <span class='ocrx_word' id='word_1_558' title='bbox 2472 3357 2535 3410; x_wconf 84' lang='lat' dir='ltr'><strong>Ei</strong></span> <span class='ocrx_word' id='word_1_559' title='bbox 2583 3357 2692 3425; x_wconf 72' lang='grc' dir='ltr'><strong>γὰρ</strong></span> <span class='ocrx_word' id='word_1_560' title='bbox 2727 3355 2814 3420; x_wconf 85' lang='grc' dir='ltr'><strong>ἂν,</strong></span> <span class='ocrx_word' id='word_1_561' title='bbox 2863 3352 3263 3425; x_wconf 81' lang='grc' dir='ltr'>προσελάδοντο</span> <span class='ocrx_word' id='word_1_562' title='bbox 3313 3353 3469 3406; x_wconf 82' lang='grc' dir='ltr'>αὐτὸν</span> <span class='ocrx_word' id='word_1_563' title='bbox 3499 3353 3612 3404; x_wconf 85' lang='grc' dir='ltr'>ἐκεῖ.</span> <span class='ocrx_word' id='word_1_564' title='bbox 3651 3351 3754 3400; x_wconf 77' lang='grc' dir='ltr'><strong>Ἀπο-</strong></span> 
     </span>
    </p>
   </div>
   <div class='ocr_carea' id='block_1_76' title="bbox 2273 3439 3753 3516">
    <p class='ocr_par' dir='ltr' id='par_1_76' title="bbox 2273 3439 3753 3516">
     <span class='ocr_line' id='line_1_76' title="bbox 2273 3439 3753 3516; baseline -0.009 -12"><span class='ocrx_word' id='word_1_565' title='bbox 2273 3449 2483 3504; x_wconf 81' lang='grc' dir='ltr'>σεέλλει</span> <span class='ocrx_word' id='word_1_566' title='bbox 2529 3449 2587 3503; x_wconf 84' lang='grc' dir='ltr'>δὲ</span> <span class='ocrx_word' id='word_1_567' title='bbox 2637 3447 2730 3501; x_wconf 86' lang='grc' dir='ltr'><strong>δύο</strong></span> <span class='ocrx_word' id='word_1_568' title='bbox 2778 3447 2886 3500; x_wconf 88' lang='grc' dir='ltr'><strong>τῶν</strong></span> <span class='ocrx_word' id='word_1_569' title='bbox 2943 3445 3201 3516; x_wconf 83' lang='grc' dir='ltr'>μαθητῶν</span> <span class='ocrx_word' id='word_1_570' title='bbox 3255 3445 3441 3510; x_wconf 78' lang='grc' dir='ltr'>αὑτοῦ,</span> <span class='ocrx_word' id='word_1_571' title='bbox 3495 3445 3660 3514; x_wconf 81' lang='grc' dir='ltr'>Πέτρον</span> <span class='ocrx_word' id='word_1_572' title='bbox 3697 3439 3753 3490; x_wconf 67' lang='grc' dir='ltr'><strong>καὶ</strong></span> 
     </span>
    </p>
   </div>
   <div class='ocr_carea' id='block_1_77' title="bbox 2283 3529 3754 3614">
    <p class='ocr_par' dir='ltr' id='par_1_77' title="bbox 2283 3529 3754 3614">
     <span class='ocr_line' id='line_1_77' title="bbox 2283 3529 3754 3614; baseline -0.008 -18"><span class='ocrx_word' id='word_1_573' title='bbox 2283 3543 2554 3614; x_wconf 84' lang='grc' dir='ltr'>Ἰωάννην,</span> <span class='ocrx_word' id='word_1_574' title='bbox 2586 3540 2661 3604; x_wconf 89' lang='grc' dir='ltr'>ώς</span> <span class='ocrx_word' id='word_1_575' title='bbox 2686 3542 2713 3593; x_wconf 83' lang='grc' dir='ltr'>ὁ</span> <span class='ocrx_word' id='word_1_576' title='bbox 2739 3540 2954 3601; x_wconf 81' lang='grc' dir='ltr'><strong>Λουκᾶς</strong></span> <span class='ocrx_word' id='word_1_577' title='bbox 2981 3538 3155 3607; x_wconf 80' lang='grc' dir='ltr'>λέγει,</span> <span class='ocrx_word' id='word_1_578' title='bbox 3192 3539 3328 3606; x_wconf 78' lang='grc' dir='ltr'>πρὸς</span> <span class='ocrx_word' id='word_1_579' title='bbox 3364 3535 3617 3607; x_wconf 80' lang='grc' dir='ltr'>ἄνθρωπον</span> <span class='ocrx_word' id='word_1_580' title='bbox 3639 3529 3754 3598; x_wconf 75' lang='grc' dir='ltr'><strong>ἁγνὼο</strong></span> 
     </span>
    </p>
   </div>
   <div class='ocr_carea' id='block_1_78' title="bbox 2273 3623 3752 3706">
    <p class='ocr_par' dir='ltr' id='par_1_78' title="bbox 2273 3623 3752 3706">
     <span class='ocr_line' id='line_1_78' title="bbox 2273 3623 3752 3706; baseline -0.009 -19"><span class='ocrx_word' id='word_1_581' title='bbox 2273 3650 2478 3706; x_wconf 90' lang='grc' dir='ltr'>ριστον,</span> <span class='ocrx_word' id='word_1_582' title='bbox 2531 3632 2792 3687; x_wconf 81' lang='grc' dir='ltr'>δεικνύων</span> <span class='ocrx_word' id='word_1_583' title='bbox 2837 3632 3042 3696; x_wconf 77' lang='grc' dir='ltr'>αὐτοῖς,</span> <span class='ocrx_word' id='word_1_584' title='bbox 3085 3631 3167 3684; x_wconf 82' lang='grc' dir='ltr'><strong>ὅτι</strong></span> <span class='ocrx_word' id='word_1_585' title='bbox 3217 3630 3449 3701; x_wconf 73' lang='grc' dir='ltr'>ἠδύνατο</span> <span class='ocrx_word' id='word_1_586' title='bbox 3499 3627 3564 3698; x_wconf 71' lang='grc' dir='ltr'>μὴ</span> <span class='ocrx_word' id='word_1_587' title='bbox 3608 3623 3752 3678; x_wconf 74' lang='grc' dir='ltr'>πιθεῖν.</span> 
     </span>
    </p>
   </div>
   <div class='ocr_carea' id='block_1_79' title="bbox 2283 3716 3753 3794">
    <p class='ocr_par' dir='ltr' id='par_1_79' title="bbox 2283 3716 3753 3794">
     <span class='ocr_line' id='line_1_79' title="bbox 2283 3716 3753 3794; baseline -0.009 -16"><span class='ocrx_word' id='word_1_588' title='bbox 2283 3724 2341 3778; x_wconf 87' lang='lat'><strong>&#39;0</strong></span> <span class='ocrx_word' id='word_1_589' title='bbox 2370 3726 2477 3794; x_wconf 81' lang='grc' dir='ltr'><strong>γάρ</strong></span> <span class='ocrx_word' id='word_1_590' title='bbox 2523 3726 2620 3794; x_wconf 77' lang='grc' dir='ltr'><strong>τὴν</strong></span> <span class='ocrx_word' id='word_1_591' title='bbox 2641 3724 2886 3778; x_wconf 87' lang='grc' dir='ltr'>διάνοιαν</span> <span class='ocrx_word' id='word_1_592' title='bbox 2914 3722 3104 3775; x_wconf 76' lang='grc' dir='ltr'>τούτου</span> <span class='ocrx_word' id='word_1_593' title='bbox 3136 3721 3231 3774; x_wconf 82' lang='grc' dir='ltr'>τοῦ</span> <span class='ocrx_word' id='word_1_594' title='bbox 3272 3721 3582 3792; x_wconf 86' lang='grc' dir='ltr'>άγνωρίστον</span> <span class='ocrx_word' id='word_1_595' title='bbox 3625 3716 3753 3774; x_wconf 70' lang='grc' dir='ltr'>πείσας</span> 
     </span>
    </p>
   </div>
   <div class='ocr_carea' id='block_1_80' title="bbox 2273 3806 3754 3884">
    <p class='ocr_par' dir='ltr' id='par_1_80' title="bbox 2273 3806 3754 3884">
     <span class='ocr_line' id='line_1_80' title="bbox 2273 3806 3754 3884; baseline -0.008 -13"><span class='ocrx_word' id='word_1_596' title='bbox 2273 3816 2632 3881; x_wconf 77' lang='grc' dir='ltr'>ὑποδέξασθαι</span> <span class='ocrx_word' id='word_1_597' title='bbox 2664 3815 2849 3880; x_wconf 75' lang='grc' dir='ltr'>αὑτὸν,</span> <span class='ocrx_word' id='word_1_598' title='bbox 2883 3815 2935 3866; x_wconf 88' lang='grc' dir='ltr'><strong>τί</strong></span> <span class='ocrx_word' id='word_1_599' title='bbox 2964 3815 3063 3868; x_wconf 85' lang='grc' dir='ltr'><strong>ούκ</strong></span> <span class='ocrx_word' id='word_1_600' title='bbox 3099 3812 3166 3868; x_wconf 73' lang='grc' dir='ltr'>ἂν</span> <span class='ocrx_word' id='word_1_601' title='bbox 3199 3815 3488 3884; x_wconf 71' lang='grc' dir='ltr'>εἰργάσατο</span> <span class='ocrx_word' id='word_1_602' title='bbox 3514 3813 3562 3864; x_wconf 85' lang='grc' dir='ltr'><strong>ἐν</strong></span> <span class='ocrx_word' id='word_1_603' title='bbox 3586 3811 3671 3869; x_wconf 81' lang='grc' dir='ltr'>τοῖς</span> <span class='ocrx_word' id='word_1_604' title='bbox 3695 3806 3754 3860; x_wconf 68' lang='grc' dir='ltr'>ἀλα</span> 
     </span>
    </p>
   </div>
   <div class='ocr_carea' id='block_1_81' title="bbox 2272 3897 3753 3977">
    <p class='ocr_par' dir='ltr' id='par_1_81' title="bbox 2272 3897 3753 3977">
     <span class='ocr_line' id='line_1_81' title="bbox 2272 3897 3753 3977; baseline -0.01 -14"><span class='ocrx_word' id='word_1_605' title='bbox 2272 3909 2420 3977; x_wconf 86' lang='grc' dir='ltr'>λοις;</span> <span class='ocrx_word' id='word_1_606' title='bbox 2449 3907 2645 3962; x_wconf 88' lang='grc' dir='ltr'>Δίδωσι</span> <span class='ocrx_word' id='word_1_607' title='bbox 2693 3907 2750 3960; x_wconf 81' lang='grc' dir='ltr'><strong>δὲ</strong></span> <span class='ocrx_word' id='word_1_608' title='bbox 2812 3908 2997 3970; x_wconf 76' lang='grc' dir='ltr'>αὐτοῖς</span> <span class='ocrx_word' id='word_1_609' title='bbox 3025 3907 3121 3960; x_wconf 69' lang='grc' dir='ltr'><strong>καὶ</strong></span> <span class='ocrx_word' id='word_1_610' title='bbox 3174 3909 3400 3976; x_wconf 82' lang='grc' dir='ltr'>σημεῖον</span> <span class='ocrx_word' id='word_1_611' title='bbox 3423 3903 3508 3958; x_wconf 83' lang='grc' dir='ltr'>τοῦ</span> <span class='ocrx_word' id='word_1_612' title='bbox 3537 3901 3676 3972; x_wconf 83' lang='grc' dir='ltr'>εὑρεῖν</span> <span class='ocrx_word' id='word_1_613' title='bbox 3693 3897 3753 3965; x_wconf 69' lang='grc' dir='ltr'>τὴν</span> 
     </span>
    </p>
   </div>
   <div class='ocr_carea' id='block_1_82' title="bbox 2271 3987 3756 4068">
    <p class='ocr_par' dir='ltr' id='par_1_82' title="bbox 2271 3987 3756 4068">
     <span class='ocr_line' id='line_1_82' title="bbox 2271 3987 3756 4068; baseline 0 -15"><span class='ocrx_word' id='word_1_614' title='bbox 2271 4001 2472 4066; x_wconf 83' lang='grc' dir='ltr'>οἰκίαν,</span> <span class='ocrx_word' id='word_1_615' title='bbox 2494 4001 2554 4053; x_wconf 74' lang='grc' dir='ltr'>τὸ</span> <span class='ocrx_word' id='word_1_616' title='bbox 2579 3998 2947 4067; x_wconf 75' lang='grc' dir='ltr'>ἀκολουθῆσαι</span> <span class='ocrx_word' id='word_1_617' title='bbox 2993 3997 3272 4068; x_wconf 83' lang='grc' dir='ltr'>ἀνθρώπῳ</span> <span class='ocrx_word' id='word_1_618' title='bbox 3332 3993 3621 4066; x_wconf 74' lang='grc' dir='ltr'>βαστάζοντι</span> <span class='ocrx_word' id='word_1_619' title='bbox 3651 3987 3756 4052; x_wconf 45' lang='grc' dir='ltr'>κερθ</span> 
     </span>
    </p>
   </div>
   <div class='ocr_carea' id='block_1_83' title="bbox 2276 4079 3736 4163">
    <p class='ocr_par' dir='ltr' id='par_1_83' title="bbox 2276 4079 3736 4163">
     <span class='ocr_line' id='line_1_83' title="bbox 2276 4079 3736 4163; baseline -0.01 -17"><span class='ocrx_word' id='word_1_620' title='bbox 2276 4110 2397 4163; x_wconf 91' lang='grc' dir='ltr'>μιον</span> <span class='ocrx_word' id='word_1_621' title='bbox 2443 4091 2656 4154; x_wconf 78' lang='grc' dir='ltr'>ὓδατος.</span> <span class='ocrx_word' id='word_1_622' title='bbox 2685 4091 2880 4148; x_wconf 77' lang='grc' dir='ltr'>,Ταῦτα</span> <span class='ocrx_word' id='word_1_623' title='bbox 2912 4089 2968 4142; x_wconf 80' lang='grc' dir='ltr'>δὲ</span> <span class='ocrx_word' id='word_1_624' title='bbox 3001 4089 3093 4144; x_wconf 77' lang='grc' dir='ltr'><strong>καὶ</strong></span> <span class='ocrx_word' id='word_1_625' title='bbox 3121 4089 3422 4159; x_wconf 79' lang='grc' dir='ltr'>ἀνοιχθῆναι</span> <span class='ocrx_word' id='word_1_626' title='bbox 3445 4085 3653 4139; x_wconf 84' lang='grc' dir='ltr'>δύναται.</span> <span class='ocrx_word' id='word_1_627' title='bbox 3687 4079 3736 4131; x_wconf 84' lang='grc' dir='ltr'><strong>Κε</strong></span> 
     </span>
    </p>
   </div>
   <div class='ocr_carea' id='block_1_84' title="bbox 594 4169 2165 4256">
    <p class='ocr_par' dir='ltr' id='par_1_84' title="bbox 594 4173 2165 4244">
     <span class='ocr_line' id='line_1_84' title="bbox 594 4173 2165 4244; baseline 0.003 -16"><span class='ocrx_word' id='word_1_628' title='bbox 594 4176 919 4242; x_wconf 80' lang='lat' dir='ltr'><strong>baptizatus.</strong></span> <span class='ocrx_word' id='word_1_629' title='bbox 941 4173 1099 4230; x_wconf 83' lang='lat' dir='ltr'><strong>Vadit</strong></span> <span class='ocrx_word' id='word_1_630' title='bbox 1115 4187 1292 4229; x_wconf 88' lang='lat' dir='ltr'><strong>autem</strong></span> <span class='ocrx_word' id='word_1_631' title='bbox 1318 4176 1372 4230; x_wconf 92' lang='lat' dir='ltr'><strong>in</strong></span> <span class='ocrx_word' id='word_1_632' title='bbox 1401 4178 1641 4240; x_wconf 89' lang='lat' dir='ltr'><strong>domum,</strong></span> <span class='ocrx_word' id='word_1_633' title='bbox 1661 4191 1779 4244; x_wconf 64' lang='lat' dir='ltr'><strong>qua:</strong></span> <span class='ocrx_word' id='word_1_634' title='bbox 1800 4177 2043 4232; x_wconf 91' lang='lat' dir='ltr'><strong>rationali</strong></span> <span class='ocrx_word' id='word_1_635' title='bbox 2073 4193 2165 4235; x_wconf 89' lang='lat' dir='ltr'><strong>suo</strong></span> 
     </span>
    </p>
   </div>
   <div class='ocr_carea' id='block_1_85' title="bbox 2269 4169 3754 4256">
    <p class='ocr_par' dir='ltr' id='par_1_85' title="bbox 2276 4169 3754 4256">
     <span class='ocr_line' id='line_1_85' title="bbox 2276 4169 3754 4256; baseline -0.008 -19"><span class='ocrx_word' id='word_1_636' title='bbox 2276 4184 2471 4256; x_wconf 88' lang='grc' dir='ltr'>ράμιον</span> <span class='ocrx_word' id='word_1_637' title='bbox 2502 4183 2600 4254; x_wconf 67' lang='grc' dir='ltr'><strong>μέν</strong></span> <span class='ocrx_word' id='word_1_638' title='bbox 2619 4181 2811 4246; x_wconf 81' lang='grc' dir='ltr'>ὓδατος</span> <span class='ocrx_word' id='word_1_639' title='bbox 2842 4181 3103 4252; x_wconf 70' lang='grc' dir='ltr'>βαστάζει</span> <span class='ocrx_word' id='word_1_640' title='bbox 3125 4182 3151 4232; x_wconf 85' lang='grc' dir='ltr'>ὁ</span> <span class='ocrx_word' id='word_1_641' title='bbox 3175 4176 3598 4248; x_wconf 76' lang='grc' dir='ltr'>βεϐαπτισμένος.</span> <span class='ocrx_word' id='word_1_642' title='bbox 3626 4169 3754 4236; x_wconf 61' lang='grc' dir='ltr'><strong>’Ᾱπέρη</strong></span> 
     </span>
    </p>
   </div>
   <div class='ocr_carea' id='block_1_86' title="bbox 587 4265 2165 4346">
    <p class='ocr_par' dir='ltr' id='par_1_86' title="bbox 587 4265 2165 4338">
     <span class='ocr_line' id='line_1_86' title="bbox 587 4265 2165 4338; baseline 0.003 -18"><span class='ocrx_word' id='word_1_643' title='bbox 587 4267 783 4320; x_wconf 88' lang='lat' dir='ltr'><strong>ordiue</strong></span> <span class='ocrx_word' id='word_1_644' title='bbox 817 4268 976 4335; x_wconf 85' lang='lat' dir='ltr'><strong>digna</strong></span> <span class='ocrx_word' id='word_1_645' title='bbox 1012 4279 1125 4333; x_wconf 70' lang='lat' dir='ltr'><strong>est.</strong></span> <span class='ocrx_word' id='word_1_646' title='bbox 1149 4265 1251 4333; x_wconf 86' lang='lat' dir='ltr'><strong>Qui</strong></span> <span class='ocrx_word' id='word_1_647' title='bbox 1292 4269 1433 4322; x_wconf 88' lang='lat' dir='ltr'><strong>enim</strong></span> <span class='ocrx_word' id='word_1_648' title='bbox 1454 4267 1615 4322; x_wconf 86' lang='lat' dir='ltr'><strong>habet</strong></span> <span class='ocrx_word' id='word_1_649' title='bbox 1642 4267 1930 4338; x_wconf 88' lang='lat' dir='ltr'><strong>baptisma,</strong></span> <span class='ocrx_word' id='word_1_650' title='bbox 1975 4272 2042 4325; x_wconf 90' lang='lat' dir='ltr'><strong>ad</strong></span> <span class='ocrx_word' id='word_1_651' title='bbox 2087 4287 2165 4325; x_wconf 86' lang='lat' dir='ltr'><strong>re-</strong></span> 
     </span>
    </p>
   </div>
   <div class='ocr_carea' id='block_1_87' title="bbox 2269 4265 3752 4346">
    <p class='ocr_par' dir='ltr' id='par_1_87' title="bbox 2269 4265 3752 4346">
     <span class='ocr_line' id='line_1_87' title="bbox 2269 4265 3752 4346; baseline -0.003 -18"><span class='ocrx_word' id='word_1_652' title='bbox 2269 4292 2427 4346; x_wconf 83' lang='grc' dir='ltr'>χεται</span> <span class='ocrx_word' id='word_1_653' title='bbox 2455 4276 2512 4328; x_wconf 82' lang='grc' dir='ltr'>δὲ</span> <span class='ocrx_word' id='word_1_654' title='bbox 2538 4277 2616 4337; x_wconf 86' lang='grc' dir='ltr'>είς</span> <span class='ocrx_word' id='word_1_655' title='bbox 2633 4275 2958 4343; x_wconf 79' lang='grc' dir='ltr'>οίκίαν,,τὴν</span> <span class='ocrx_word' id='word_1_656' title='bbox 2989 4271 3309 4343; x_wconf 82' lang='grc' dir='ltr'>πρέπουσαν</span> <span class='ocrx_word' id='word_1_657' title='bbox 3346 4271 3451 4333; x_wconf 84' lang='grc' dir='ltr'>τοῖς</span> <span class='ocrx_word' id='word_1_658' title='bbox 3478 4265 3671 4334; x_wconf 81' lang='grc' dir='ltr'>λογικοῖς</span> <span class='ocrx_word' id='word_1_659' title='bbox 3690 4277 3752 4312; x_wconf 63' lang='grc' dir='ltr'><strong>κί’</strong></span> 
     </span>
    </p>
   </div>
   <div class='ocr_carea' id='block_1_88' title="bbox 587 4355 2165 4436">
    <p class='ocr_par' dir='ltr' id='par_1_88' title="bbox 587 4361 2165 4431">
     <span class='ocr_line' id='line_1_88' title="bbox 587 4361 2165 4431; baseline 0.004 -21"><span class='ocrx_word' id='word_1_660' title='bbox 587 4364 773 4428; x_wconf 66' lang='lat' dir='ltr'><strong>quiem</strong></span> <span class='ocrx_word' id='word_1_661' title='bbox 793 4361 962 4422; x_wconf 79' lang='lat' dir='ltr'><strong>vadit,</strong></span> <span class='ocrx_word' id='word_1_662' title='bbox 982 4361 1130 4430; x_wconf 79' lang='lat' dir='ltr'><strong>juxta</strong></span> <span class='ocrx_word' id='word_1_663' title='bbox 1159 4361 1420 4413; x_wconf 89' lang='lat' dir='ltr'><strong>rationem</strong></span> <span class='ocrx_word' id='word_1_664' title='bbox 1446 4361 1653 4425; x_wconf 81' lang='lat' dir='ltr'><strong>vivens,</strong></span> <span class='ocrx_word' id='word_1_665' title='bbox 1686 4369 1739 4416; x_wconf 92' lang='lat' dir='ltr'><strong>et</strong></span> <span class='ocrx_word' id='word_1_666' title='bbox 1759 4361 1962 4431; x_wconf 67' lang='lat' dir='ltr'><strong>vivitgin</strong></span> <span class='ocrx_word' id='word_1_667' title='bbox 1981 4362 2165 4417; x_wconf 91' lang='lat' dir='ltr'><strong>ordine</strong></span> 
     </span>
    </p>
   </div>
   <div class='ocr_carea' id='block_1_89' title="bbox 2269 4355 3754 4436">
    <p class='ocr_par' dir='ltr' id='par_1_89' title="bbox 2272 4355 3754 4436">
     <span class='ocr_line' id='line_1_89' title="bbox 2272 4355 3754 4436; baseline -0.013 -14"><span class='ocrx_word' id='word_1_668' title='bbox 2272 4369 2554 4422; x_wconf 84' lang='grc' dir='ltr'>τάστασιν.</span> <span class='ocrx_word' id='word_1_669' title='bbox 2598 4366 2656 4420; x_wconf 86' lang='lat'><strong>&#39;0</strong></span> <span class='ocrx_word' id='word_1_670' title='bbox 2668 4365 2776 4436; x_wconf 72' lang='grc' dir='ltr'><strong>γὰρ</strong></span> <span class='ocrx_word' id='word_1_671' title='bbox 2799 4365 2857 4418; x_wconf 86' lang='grc' dir='ltr'><strong>τὸ</strong></span> <span class='ocrx_word' id='word_1_672' title='bbox 2881 4365 3165 4435; x_wconf 82' lang='grc' dir='ltr'>βάπτισμα</span> <span class='ocrx_word' id='word_1_673' title='bbox 3189 4363 3485 4430; x_wconf 79' lang='grc' dir='ltr'>βαστάζων,</span> <span class='ocrx_word' id='word_1_674' title='bbox 3502 4361 3569 4417; x_wconf 77' lang='grc' dir='ltr'>είς</span> <span class='ocrx_word' id='word_1_675' title='bbox 3584 4355 3754 4409; x_wconf 45' lang='lat' dir='ltr'><strong>avt...”</strong></span> 
     </span>
    </p>
   </div>
   <div class='ocr_carea' id='block_1_90' title="bbox 593 4444 2165 4529">
    <p class='ocr_par' dir='ltr' id='par_1_90' title="bbox 593 4449 2165 4520">
     <span class='ocr_line' id='line_1_90' title="bbox 593 4449 2165 4520; baseline 0.002 -16"><span class='ocrx_word' id='word_1_676' title='bbox 593 4451 746 4520; x_wconf 89' lang='lat' dir='ltr'><strong>quasi</strong></span> <span class='ocrx_word' id='word_1_677' title='bbox 797 4451 850 4504; x_wconf 91' lang='lat' dir='ltr'><strong>in</strong></span> <span class='ocrx_word' id='word_1_678' title='bbox 915 4451 1075 4504; x_wconf 88' lang='lat' dir='ltr'><strong>domo</strong></span> <span class='ocrx_word' id='word_1_679' title='bbox 1116 4450 1368 4520; x_wconf 88' lang='lat' dir='ltr'><strong>quadam.</strong></span> <span class='ocrx_word' id='word_1_680' title='bbox 1401 4449 1798 4507; x_wconf 82' lang='lat' dir='ltr'><strong>Paterfamilias</strong></span> <span class='ocrx_word' id='word_1_681' title='bbox 1863 4469 2014 4509; x_wconf 85' lang='lat' dir='ltr'><strong>mens</strong></span> <span class='ocrx_word' id='word_1_682' title='bbox 2060 4465 2165 4516; x_wconf 90' lang='lat' dir='ltr'><strong>est,</strong></span> 
     </span>
    </p>
   </div>
   <div class='ocr_carea' id='block_1_91' title="bbox 2269 4444 3750 4529">
    <p class='ocr_par' dir='ltr' id='par_1_91' title="bbox 2280 4444 3750 4529">
     <span class='ocr_line' id='line_1_91' title="bbox 2280 4444 3750 4529; baseline -0.012 -17"><span class='ocrx_word' id='word_1_683' title='bbox 2280 4476 2363 4512; x_wconf 74' lang='grc' dir='ltr'><strong>σιν</strong></span> <span class='ocrx_word' id='word_1_684' title='bbox 2401 4459 2642 4529; x_wconf 79' lang='grc' dir='ltr'>ἔρχεται,</span> <span class='ocrx_word' id='word_1_685' title='bbox 2669 4455 2807 4510; x_wconf 75' lang='grc' dir='ltr'>κατὰ</span> <span class='ocrx_word' id='word_1_686' title='bbox 2859 4455 3017 4524; x_wconf 88' lang='grc' dir='ltr'>λόγον</span> <span class='ocrx_word' id='word_1_687' title='bbox 3059 4454 3189 4519; x_wconf 82' lang='grc' dir='ltr'>ζῶν,</span> <span class='ocrx_word' id='word_1_688' title='bbox 3224 4455 3318 4508; x_wconf 69' lang='grc' dir='ltr'>καὶ</span> <span class='ocrx_word' id='word_1_689' title='bbox 3361 4452 3537 4521; x_wconf 84' lang='grc' dir='ltr'>ῶσπερ</span> <span class='ocrx_word' id='word_1_690' title='bbox 3572 4451 3618 4501; x_wconf 87' lang='grc' dir='ltr'><strong>ἐν</strong></span> <span class='ocrx_word' id='word_1_691' title='bbox 3639 4444 3750 4511; x_wconf 71' lang='grc' dir='ltr'>οἰκίᾳ,</span> 
     </span>
    </p>
   </div>
   <div class='ocr_carea' id='block_1_92' title="bbox 593 4536 2165 4622">
    <p class='ocr_par' dir='ltr' id='par_1_92' title="bbox 593 4543 2165 4612">
     <span class='ocr_line' id='line_1_92' title="bbox 593 4543 2165 4612; baseline 0.003 -16"><span class='ocrx_word' id='word_1_692' title='bbox 593 4546 685 4612; x_wconf 86' lang='lat' dir='ltr'><strong>qui</strong></span> <span class='ocrx_word' id='word_1_693' title='bbox 721 4545 966 4598; x_wconf 85' lang='lat' dir='ltr'><strong>ostendit</strong></span> <span class='ocrx_word' id='word_1_694' title='bbox 1012 4558 1266 4611; x_wconf 82' lang='lat' dir='ltr'><strong>magnum</strong></span> <span class='ocrx_word' id='word_1_695' title='bbox 1305 4543 1620 4609; x_wconf 89' lang='lat' dir='ltr'><strong>triclinium,</strong></span> <span class='ocrx_word' id='word_1_696' title='bbox 1654 4545 1915 4600; x_wconf 89' lang='lat' dir='ltr'><strong>sublimes</strong></span> <span class='ocrx_word' id='word_1_697' title='bbox 1959 4547 2165 4601; x_wconf 83' lang='lat' dir='ltr'><strong>scilicet</strong></span> 
     </span>
    </p>
   </div>
   <div class='ocr_carea' id='block_1_93' title="bbox 2269 4536 3751 4622">
    <p class='ocr_par' dir='ltr' id='par_1_93' title="bbox 2273 4536 3751 4622">
     <span class='ocr_line' id='line_1_93' title="bbox 2273 4536 3751 4622; baseline -0.01 -16"><span class='ocrx_word' id='word_1_698' title='bbox 2273 4555 2339 4622; x_wconf 79' lang='grc' dir='ltr'>τῇ</span> <span class='ocrx_word' id='word_1_699' title='bbox 2359 4551 2695 4604; x_wconf 86' lang='grc' dir='ltr'>καταστάσει</span> <span class='ocrx_word' id='word_1_700' title='bbox 2721 4549 2892 4620; x_wconf 77' lang='grc' dir='ltr'>ταύτῃ</span> <span class='ocrx_word' id='word_1_701' title='bbox 2922 4547 3425 4616; x_wconf 83' lang='grc' dir='ltr'>ἐπαναπαυόμενος.</span> <span class='ocrx_word' id='word_1_702' title='bbox 3449 4536 3751 4599; x_wconf 67' lang='grc' dir='ltr'>Οἰκοδεσπὸτῃς</span> 
     </span>
    </p>
   </div>
   <div class='ocr_carea' id='block_1_94' title="bbox 591 4625 2165 4710">
    <p class='ocr_par' dir='ltr' id='par_1_94' title="bbox 591 4635 2165 4708">
     <span class='ocr_line' id='line_1_94' title="bbox 591 4635 2165 4708; baseline 0.003 -19"><span class='ocrx_word' id='word_1_703' title='bbox 591 4649 804 4691; x_wconf 86' lang='lat' dir='ltr'><strong>sensus.</strong></span> <span class='ocrx_word' id='word_1_704' title='bbox 827 4635 1023 4690; x_wconf 84' lang='lat' dir='ltr'><strong>Verum</strong></span> <span class='ocrx_word' id='word_1_705' title='bbox 1060 4635 1354 4690; x_wconf 87' lang='lat' dir='ltr'><strong>triclinium</strong></span> <span class='ocrx_word' id='word_1_706' title='bbox 1390 4637 1490 4693; x_wconf 91' lang='lat' dir='ltr'><strong>hoc</strong></span> <span class='ocrx_word' id='word_1_707' title='bbox 1545 4649 1773 4694; x_wconf 79' lang='lat' dir='ltr'><strong>stratum</strong></span> <span class='ocrx_word' id='word_1_708' title='bbox 1810 4649 1912 4706; x_wconf 89' lang='lat' dir='ltr'><strong>est,</strong></span> <span class='ocrx_word' id='word_1_709' title='bbox 1936 4641 2038 4697; x_wconf 88' lang='lat' dir='ltr'><strong>hoc</strong></span> <span class='ocrx_word' id='word_1_710' title='bbox 2063 4651 2165 4708; x_wconf 84' lang='lat' dir='ltr'><strong>est,</strong></span> 
     </span>
    </p>
   </div>
   <div class='ocr_carea' id='block_1_95' title="bbox 2269 4625 3750 4710">
    <p class='ocr_par' dir='ltr' id='par_1_95' title="bbox 2273 4625 3750 4710">
     <span class='ocr_line' id='line_1_95' title="bbox 2273 4625 3750 4710; baseline -0.02 1"><span class='ocrx_word' id='word_1_711' title='bbox 2273 4643 2332 4698; x_wconf 60' lang='grc' dir='ltr'><strong>δὲ</strong></span> <span class='ocrx_word' id='word_1_712' title='bbox 2354 4645 2382 4694; x_wconf 71' lang='grc' dir='ltr'>ὁ</span> <span class='ocrx_word' id='word_1_713' title='bbox 2411 4641 2536 4705; x_wconf 78' lang='grc' dir='ltr'>νοῦς</span> <span class='ocrx_word' id='word_1_714' title='bbox 2563 4657 2578 4672; x_wconf 91' lang='grc'>⁶</span> <span class='ocrx_word' id='word_1_715' title='bbox 2612 4641 2670 4705; x_wconf 72' lang='grc' dir='ltr'><strong>ὃς</strong></span> <span class='ocrx_word' id='word_1_716' title='bbox 2724 4641 2968 4709; x_wconf 80' lang='grc' dir='ltr'>ἀνώγεον</span> <span class='ocrx_word' id='word_1_717' title='bbox 3019 4639 3164 4710; x_wconf 89' lang='grc' dir='ltr'>μέγα</span> <span class='ocrx_word' id='word_1_718' title='bbox 3189 4635 3440 4700; x_wconf 77' lang='grc' dir='ltr'>δεικνύει,</span> <span class='ocrx_word' id='word_1_719' title='bbox 3469 4635 3520 4688; x_wconf 83' lang='grc' dir='ltr'><strong>τὸ</strong></span> <span class='ocrx_word' id='word_1_720' title='bbox 3544 4631 3648 4700; x_wconf 45' lang='grc' dir='ltr'><strong>ῧψ</strong></span> <span class='ocrx_word' id='word_1_721' title='bbox 3683 4625 3750 4676; x_wconf 64' lang='grc' dir='ltr'><strong>τάν</strong></span> 
     </span>
    </p>
   </div>
   <div class='ocr_carea' id='block_1_96' title="bbox 588 4724 2165 4805">
    <p class='ocr_par' dir='ltr' id='par_1_96' title="bbox 588 4726 2165 4802">
     <span class='ocr_line' id='line_1_96' title="bbox 588 4726 2165 4802; baseline 0.005 -25"><span class='ocrx_word' id='word_1_722' title='bbox 588 4727 811 4780; x_wconf 84' lang='lat' dir='ltr'><strong>tametsi</strong></span> <span class='ocrx_word' id='word_1_723' title='bbox 857 4726 1088 4780; x_wconf 89' lang='lat' dir='ltr'><strong>sublime</strong></span> <span class='ocrx_word' id='word_1_724' title='bbox 1109 4728 1202 4792; x_wconf 87' lang='lat' dir='ltr'><strong>sit,</strong></span> <span class='ocrx_word' id='word_1_725' title='bbox 1236 4727 1366 4782; x_wconf 91' lang='lat' dir='ltr'><strong>nihil</strong></span> <span class='ocrx_word' id='word_1_726' title='bbox 1411 4738 1588 4785; x_wconf 90' lang='lat' dir='ltr'><strong>tamen</strong></span> <span class='ocrx_word' id='word_1_727' title='bbox 1613 4731 1774 4786; x_wconf 89' lang='lat' dir='ltr'><strong>habet</strong></span> <span class='ocrx_word' id='word_1_728' title='bbox 1797 4732 1878 4787; x_wconf 87' lang='lat' dir='ltr'><strong>vel</strong></span> <span class='ocrx_word' id='word_1_729' title='bbox 1896 4748 2165 4802; x_wconf 84' lang='lat' dir='ltr'><strong>asperum,</strong></span> 
     </span>
    </p>
   </div>
   <div class='ocr_carea' id='block_1_97' title="bbox 2269 4724 3751 4805">
    <p class='ocr_par' dir='ltr' id='par_1_97' title="bbox 2274 4724 3751 4805">
     <span class='ocr_line' id='line_1_97' title="bbox 2274 4724 3751 4805; baseline -0.012 -17"><span class='ocrx_word' id='word_1_730' title='bbox 2274 4733 2439 4788; x_wconf 81' lang='grc' dir='ltr'>αὐτοῦ</span> <span class='ocrx_word' id='word_1_731' title='bbox 2457 4735 2762 4805; x_wconf 74' lang='grc' dir='ltr'>νοημάτων.</span> <span class='ocrx_word' id='word_1_732' title='bbox 2807 4733 2969 4786; x_wconf 83' lang='grc' dir='ltr'>Ἀλλὰ</span> <span class='ocrx_word' id='word_1_733' title='bbox 2991 4731 3148 4785; x_wconf 80' lang='grc' dir='ltr'>τοῦτο</span> <span class='ocrx_word' id='word_1_734' title='bbox 3171 4731 3231 4783; x_wconf 83' lang='grc' dir='ltr'><strong>τὸ</strong></span> <span class='ocrx_word' id='word_1_735' title='bbox 3275 4727 3503 4797; x_wconf 83' lang='grc' dir='ltr'>ἀνώγεον</span> <span class='ocrx_word' id='word_1_736' title='bbox 3518 4725 3595 4778; x_wconf 76' lang='grc' dir='ltr'><strong>καὶ</strong></span> <span class='ocrx_word' id='word_1_737' title='bbox 3613 4724 3751 4786; x_wconf 77' lang='grc' dir='ltr'>ἐστρωο</span> 
     </span>
    </p>
   </div>
   <div class='ocr_carea' id='block_1_98' title="bbox 592 4806 2165 4895">
    <p class='ocr_par' dir='ltr' id='par_1_98' title="bbox 592 4818 2165 4892">
     <span class='ocr_line' id='line_1_98' title="bbox 592 4818 2165 4892; baseline 0.006 -26"><span class='ocrx_word' id='word_1_738' title='bbox 592 4819 675 4871; x_wconf 87' lang='lat' dir='ltr'><strong>vel</strong></span> <span class='ocrx_word' id='word_1_739' title='bbox 695 4822 1007 4887; x_wconf 83' lang='lat' dir='ltr'><strong>superbum;</strong></span> <span class='ocrx_word' id='word_1_740' title='bbox 1041 4818 1134 4873; x_wconf 89' lang='lat' dir='ltr'><strong>sed</strong></span> <span class='ocrx_word' id='word_1_741' title='bbox 1156 4829 1382 4875; x_wconf 89' lang='lat' dir='ltr'><strong>stratum</strong></span> <span class='ocrx_word' id='word_1_742' title='bbox 1403 4832 1506 4888; x_wconf 90' lang='lat' dir='ltr'><strong>est,</strong></span> <span class='ocrx_word' id='word_1_743' title='bbox 1536 4823 1906 4877; x_wconf 90' lang='lat' dir='ltr'><strong>etbutnilitate</strong></span> <span class='ocrx_word' id='word_1_744' title='bbox 1925 4823 2165 4892; x_wconf 88' lang='lat' dir='ltr'><strong>compla-</strong></span> 
     </span>
    </p>
   </div>
   <div class='ocr_carea' id='block_1_99' title="bbox 2269 4806 3748 4895">
    <p class='ocr_par' dir='ltr' id='par_1_99' title="bbox 2277 4806 3748 4895">
     <span class='ocr_line' id='line_1_99' title="bbox 2277 4806 3748 4895; baseline -0.016 -16"><span class='ocrx_word' id='word_1_745' title='bbox 2277 4826 2439 4895; x_wconf 87' lang='grc' dir='ltr'>μένον</span> <span class='ocrx_word' id='word_1_746' title='bbox 2484 4827 2623 4890; x_wconf 77' lang='grc' dir='ltr'>ἐστὶ,</span> <span class='ocrx_word' id='word_1_747' title='bbox 2658 4825 2956 4888; x_wconf 83' lang='grc' dir='ltr'>τουτέστιν,</span> <span class='ocrx_word' id='word_1_748' title='bbox 2984 4825 3032 4876; x_wconf 85' lang='grc' dir='ltr'><strong>εί</strong></span> <span class='ocrx_word' id='word_1_749' title='bbox 3062 4823 3156 4876; x_wconf 73' lang='grc' dir='ltr'><strong>καὶ</strong></span> <span class='ocrx_word' id='word_1_750' title='bbox 3179 4821 3379 4892; x_wconf 74' lang='grc' dir='ltr'>ὑψηλόν</span> <span class='ocrx_word' id='word_1_751' title='bbox 3402 4821 3552 4882; x_wconf 84' lang='grc' dir='ltr'>ἐστιν,</span> <span class='ocrx_word' id='word_1_752' title='bbox 3582 4811 3668 4865; x_wconf 76' lang='grc' dir='ltr'>ἀλλ’</span> <span class='ocrx_word' id='word_1_753' title='bbox 3692 4806 3748 4895; x_wconf 60' lang='lat' dir='ltr'><strong>oi-</strong></span> 
     </span>
    </p>
   </div>
   <div class='ocr_carea' id='block_1_100' title="bbox 593 4893 2165 4989">
    <p class='ocr_par' dir='ltr' id='par_1_100' title="bbox 593 4909 2164 4985">
     <span class='ocr_line' id='line_1_100' title="bbox 593 4909 2164 4985; baseline 0.003 -23"><span class='ocrx_word' id='word_1_754' title='bbox 593 4920 806 4962; x_wconf 83' lang='lat' dir='ltr'><strong>natum.</strong></span> <span class='ocrx_word' id='word_1_755' title='bbox 835 4909 952 4964; x_wconf 82' lang='lat' dir='ltr'><strong>Illic</strong></span> <span class='ocrx_word' id='word_1_756' title='bbox 979 4925 1128 4978; x_wconf 81' lang='lat' dir='ltr'><strong>ergo,</strong></span> <span class='ocrx_word' id='word_1_757' title='bbox 1166 4911 1327 4966; x_wconf 90' lang='lat' dir='ltr'><strong>intali</strong></span> <span class='ocrx_word' id='word_1_758' title='bbox 1351 4915 1570 4984; x_wconf 89' lang='lat' dir='ltr'><strong>inquam</strong></span> <span class='ocrx_word' id='word_1_759' title='bbox 1601 4924 1802 4980; x_wconf 92' lang='lat' dir='ltr'><strong>mente,</strong></span> <span class='ocrx_word' id='word_1_760' title='bbox 1827 4925 2164 4985; x_wconf 58' lang='lat' dir='ltr'><strong>preparatur</strong></span> 
     </span>
    </p>
   </div>
   <div class='ocr_carea' id='block_1_101' title="bbox 2269 4893 3748 4989">
    <p class='ocr_par' dir='ltr' id='par_1_101' title="bbox 2275 4893 3748 4989">
     <span class='ocr_line' id='line_1_101' title="bbox 2275 4893 3748 4989; baseline -0.015 -16"><span class='ocrx_word' id='word_1_761' title='bbox 2275 4893 2363 4972; x_wconf 83' lang='grc' dir='ltr'><strong>δέν</strong></span> <span class='ocrx_word' id='word_1_762' title='bbox 2395 4918 2567 4989; x_wconf 82' lang='grc' dir='ltr'>τραχὺ</span> <span class='ocrx_word' id='word_1_763' title='bbox 2607 4917 2700 4970; x_wconf 71' lang='grc' dir='ltr'><strong>καὶ</strong></span> <span class='ocrx_word' id='word_1_764' title='bbox 2731 4916 3084 4986; x_wconf 80' lang='grc' dir='ltr'>ὑπερήφανον</span> <span class='ocrx_word' id='word_1_765' title='bbox 3125 4913 3260 4982; x_wconf 78' lang='grc' dir='ltr'>ἔχει,</span> <span class='ocrx_word' id='word_1_766' title='bbox 3311 4909 3418 4965; x_wconf 82' lang='grc' dir='ltr'>ἀλλ’</span> <span class='ocrx_word' id='word_1_767' title='bbox 3448 4908 3667 4989; x_wconf 77' lang='grc' dir='ltr'>έστρωται</span> <span class='ocrx_word' id='word_1_768' title='bbox 3689 4893 3748 4986; x_wconf 51' lang='lat' dir='ltr'><strong>1a“-</strong></span> 
     </span>
    </p>
   </div>
   <div class='ocr_carea' id='block_1_102' title="bbox 589 4987 2165 5078">
    <p class='ocr_par' dir='ltr' id='par_1_102' title="bbox 589 5001 2158 5076">
     <span class='ocr_line' id='line_1_102' title="bbox 589 5001 2158 5076; baseline 0.004 -22"><span class='ocrx_word' id='word_1_769' title='bbox 589 5001 799 5056; x_wconf 76' lang='lat' dir='ltr'><strong>Pascha</strong></span> <span class='ocrx_word' id='word_1_770' title='bbox 821 5001 1037 5057; x_wconf 86' lang='lat' dir='ltr'><strong>Christo</strong></span> <span class='ocrx_word' id='word_1_771' title='bbox 1060 5019 1090 5056; x_wconf 85' lang='lat' dir='ltr'><strong>a</strong></span> <span class='ocrx_word' id='word_1_772' title='bbox 1110 5004 1318 5059; x_wconf 88' lang='lat' dir='ltr'><strong>duobus</strong></span> <span class='ocrx_word' id='word_1_773' title='bbox 1340 5006 1638 5076; x_wconf 86' lang='lat' dir='ltr'><strong>discipulis,</strong></span> <span class='ocrx_word' id='word_1_774' title='bbox 1663 5006 1823 5060; x_wconf 87' lang='lat' dir='ltr'><strong>Petro</strong></span> <span class='ocrx_word' id='word_1_775' title='bbox 1849 5018 1902 5060; x_wconf 82' lang='lat' dir='ltr'><strong>et</strong></span> <span class='ocrx_word' id='word_1_776' title='bbox 1921 5005 2158 5069; x_wconf 84' lang='lat' dir='ltr'><strong>Joanne;</strong></span> 
     </span>
    </p>
   </div>
   <div class='ocr_carea' id='block_1_103' title="bbox 2269 4987 3746 5078">
    <p class='ocr_par' dir='ltr' id='par_1_103' title="bbox 2273 4987 3746 5078">
     <span class='ocr_line' id='line_1_103' title="bbox 2273 4987 3746 5078; baseline -0.021 -15"><span class='ocrx_word' id='word_1_777' title='bbox 2273 4987 2579 5078; x_wconf 82' lang='grc' dir='ltr'>ώμάλισται</span> <span class='ocrx_word' id='word_1_778' title='bbox 2612 5008 2680 5076; x_wconf 78' lang='grc' dir='ltr'>τῇ</span> <span class='ocrx_word' id='word_1_779' title='bbox 2703 5000 3198 5072; x_wconf 76' lang='grc' dir='ltr'>ταπεινοφροσύνῃ.</span> <span class='ocrx_word' id='word_1_780' title='bbox 3241 4999 3386 5052; x_wconf 83' lang='grc' dir='ltr'>Ἐκεῖ</span> <span class='ocrx_word' id='word_1_781' title='bbox 3421 4995 3595 5053; x_wconf 85' lang='grc' dir='ltr'>τοίνυν,</span> <span class='ocrx_word' id='word_1_782' title='bbox 3631 4987 3672 5036; x_wconf 83' lang='grc' dir='ltr'>ὲν</span> 
     </span>
    </p>
   </div>
   <div class='ocr_carea' id='block_1_104' title="bbox 593 5079 2165 5169">
    <p class='ocr_par' dir='ltr' id='par_1_104' title="bbox 593 5095 2163 5167">
     <span class='ocr_line' id='line_1_104' title="bbox 593 5095 2163 5167; baseline 0.003 -21"><span class='ocrx_word' id='word_1_783' title='bbox 593 5100 836 5160; x_wconf 66' lang='lat' dir='ltr'><strong>practice</strong></span> <span class='ocrx_word' id='word_1_784' title='bbox 860 5095 983 5151; x_wconf 82' lang='lat' dir='ltr'><strong>dico</strong></span> <span class='ocrx_word' id='word_1_785' title='bbox 1012 5105 1069 5150; x_wconf 79' lang='lat' dir='ltr'><strong>et</strong></span> <span class='ocrx_word' id='word_1_786' title='bbox 1094 5097 1533 5166; x_wconf 74' lang='lat' dir='ltr'><strong>contemplativa.</strong></span> <span class='ocrx_word' id='word_1_787' title='bbox 1568 5099 1763 5153; x_wconf 80' lang='lat' dir='ltr'><strong>Petrus</strong></span> <span class='ocrx_word' id='word_1_788' title='bbox 1780 5101 1920 5154; x_wconf 90' lang='lat' dir='ltr'><strong>cnim</strong></span> <span class='ocrx_word' id='word_1_789' title='bbox 1945 5106 2163 5167; x_wconf 85' lang='lat' dir='ltr'><strong>propter</strong></span> 
     </span>
    </p>
   </div>
   <div class='ocr_carea' id='block_1_105' title="bbox 2269 5079 3745 5169">
    <p class='ocr_par' dir='ltr' id='par_1_105' title="bbox 2271 5079 3745 5169">
     <span class='ocr_line' id='line_1_105' title="bbox 2271 5079 3745 5169; baseline -0.012 -17"><span class='ocrx_word' id='word_1_790' title='bbox 2271 5100 2496 5169; x_wconf 84' lang='grc' dir='ltr'>τοιούτῳ</span> <span class='ocrx_word' id='word_1_791' title='bbox 2520 5098 2664 5168; x_wconf 86' lang='grc' dir='ltr'>λέγω</span> <span class='ocrx_word' id='word_1_792' title='bbox 2693 5095 2789 5167; x_wconf 82' lang='grc' dir='ltr'><strong>νῷ,</strong></span> <span class='ocrx_word' id='word_1_793' title='bbox 2815 5093 3171 5164; x_wconf 76' lang='grc' dir='ltr'>ἐτοιμάζεται</span> <span class='ocrx_word' id='word_1_794' title='bbox 3193 5089 3253 5143; x_wconf 86' lang='grc' dir='ltr'>τὸ</span> <span class='ocrx_word' id='word_1_795' title='bbox 3297 5091 3474 5162; x_wconf 85' lang='grc' dir='ltr'>Πάσχα</span> <span class='ocrx_word' id='word_1_796' title='bbox 3505 5083 3570 5153; x_wconf 77' lang='grc' dir='ltr'>τῷ</span> <span class='ocrx_word' id='word_1_797' title='bbox 3593 5079 3745 5145; x_wconf 65' lang='grc' dir='ltr'>Χριστιρ</span> 
     </span>
    </p>
   </div>
   <div class='ocr_carea' id='block_1_106' title="bbox 1554 5247 2884 5318">
    <p class='ocr_par' dir='ltr' id='par_1_106' title="bbox 1554 5247 2884 5318">
     <span class='ocr_line' id='line_1_106' title="bbox 1554 5247 2884 5318; baseline 0.001 -7"><span class='ocrx_word' id='word_1_798' title='bbox 1554 5254 1642 5312; x_wconf 81' lang='lat' dir='ltr'><strong>Ex</strong></span> <span class='ocrx_word' id='word_1_799' title='bbox 1682 5250 2030 5315; x_wconf 83' lang='lat' dir='ltr'><strong>collatione</strong></span> <span class='ocrx_word' id='word_1_800' title='bbox 2083 5255 2267 5318; x_wconf 88' lang='lat' dir='ltr'><strong>codd.</strong></span> <span class='ocrx_word' id='word_1_801' title='bbox 2304 5254 2536 5315; x_wconf 78' lang='lat' dir='ltr'><strong>Venet.</strong></span> <span class='ocrx_word' id='word_1_802' title='bbox 2572 5255 2635 5313; x_wconf 79' lang='lat' dir='ltr'><strong>S.</strong></span> <span class='ocrx_word' id='word_1_803' title='bbox 2666 5247 2884 5312; x_wconf 73' lang='lat' dir='ltr'><strong>marci.</strong></span> 
     </span>
    </p>
   </div>
   <div class='ocr_carea' id='block_1_107' title="bbox 657 5360 2165 5454">
    <p class='ocr_par' dir='ltr' id='par_1_107' title="bbox 657 5375 2161 5454">
     <span class='ocr_line' id='line_1_107' title="bbox 657 5375 2161 5454; baseline 0.001 -25"><span class='ocrx_word' id='word_1_804' title='bbox 657 5375 769 5446; x_wconf 82' lang='lat'><strong>(85)</strong></span> <span class='ocrx_word' id='word_1_805' title='bbox 795 5375 932 5454; x_wconf 60' lang='lat' dir='ltr'><strong>Coti.</strong></span> <span class='ocrx_word' id='word_1_806' title='bbox 960 5376 1214 5454; x_wconf 38' lang='lat' dir='ltr'><strong>2§Aaddit</strong></span> <span class='ocrx_word' id='word_1_807' title='bbox 1245 5379 1389 5454; x_wconf 46' lang='lat' dir='ltr'><strong>sata</strong></span> <span class='ocrx_word' id='word_1_808' title='bbox 1421 5380 1537 5454; x_wconf 53' lang='lat' dir='ltr'><strong>atat</strong></span> <span class='ocrx_word' id='word_1_809' title='bbox 1564 5380 1868 5454; x_wconf 71' lang='grc' dir='ltr'>ἐχάρησαν,</span> <span class='ocrx_word' id='word_1_810' title='bbox 1895 5379 1954 5454; x_wconf 71' lang='grc' dir='ltr'><strong>ού</strong></span> <span class='ocrx_word' id='word_1_811' title='bbox 2001 5379 2161 5454; x_wconf 72' lang='grc' dir='ltr'>μόνον</span> 
     </span>
    </p>
   </div>
   <div class='ocr_carea' id='block_1_108' title="bbox 2269 5360 3743 5454">
    <p class='ocr_par' dir='ltr' id='par_1_108' title="bbox 2275 5360 3743 5454">
     <span class='ocr_line' id='line_1_108' title="bbox 2275 5360 3743 5454; baseline -0.007 -22"><span class='ocrx_word' id='word_1_812' title='bbox 2275 5399 2295 5432; x_wconf 77' lang='lat' dir='ltr'><strong>t</strong></span> <span class='ocrx_word' id='word_1_813' title='bbox 2333 5381 2542 5454; x_wconf 68' lang='lat' dir='ltr'><strong>idcirco</strong></span> <span class='ocrx_word' id='word_1_814' title='bbox 2583 5378 2754 5454; x_wconf 71' lang='lat' dir='ltr'><strong>gavisi</strong></span> <span class='ocrx_word' id='word_1_815' title='bbox 2782 5388 3095 5454; x_wconf 73' lang='lat' dir='ltr'><strong>_sunt,_nop</strong></span> <span class='ocrx_word' id='word_1_816' title='bbox 3144 5360 3743 5454; x_wconf 34' lang='lat' dir='ltr'><strong>solum.</strong></span> 
     </span>
    </p>
   </div>
   <div class='ocr_carea' id='block_1_109' title="bbox 584 5434 2165 5540">
    <p class='ocr_par' dir='ltr' id='par_1_109' title="bbox 584 5434 2160 5540">
     <span class='ocr_line' id='line_1_109' title="bbox 584 5434 2160 5540; baseline 0.001 -40"><span class='ocrx_word' id='word_1_817' title='bbox 584 5434 674 5540; x_wconf 41' lang='lat' dir='ltr'><strong>se;</strong></span> <span class='ocrx_word' id='word_1_818' title='bbox 693 5434 864 5518; x_wconf 72' lang='grc' dir='ltr'>χωρὶς</span> <span class='ocrx_word' id='word_1_819' title='bbox 895 5447 1126 5540; x_wconf 50' lang='grc' dir='ltr'>θοεύξου</span> <span class='ocrx_word' id='word_1_820' title='bbox 1165 5449 1396 5518; x_wconf 74' lang='grc' dir='ltr'>ἔμελλον</span> <span class='ocrx_word' id='word_1_821' title='bbox 1423 5434 1900 5539; x_wconf 55' lang='grc' dir='ltr'>αύτδνᾜύλλάὕεῖν</span> <span class='ocrx_word' id='word_1_822' title='bbox 1927 5434 2034 5538; x_wconf 46' lang='lat' dir='ltr'><strong>iure</strong></span> <span class='ocrx_word' id='word_1_823' title='bbox 2068 5450 2160 5501; x_wconf 79' lang='grc' dir='ltr'>τοῦ</span> 
     </span>
     <span class='ocr_line' id='line_1_110' title="bbox 646 5519 2159 5540; baseline 0 0"><span class='ocrx_word' id='word_1_824' title='bbox 646 5519 767 5540; x_wconf 59' lang='grc' dir='ltr'><strong>-.⁸ἲ..</strong></span> <span class='ocrx_word' id='word_1_825' title='bbox 823 5536 965 5540; x_wconf 41' lang='grc' dir='ltr'>-..-μ</span> <span class='ocrx_word' id='word_1_826' title='bbox 1011 5539 1015 5540; x_wconf 63' lang='lat'><strong><em>,</em></strong></span> <span class='ocrx_word' id='word_1_827' title='bbox 1054 5523 1252 5540; x_wconf 56' lang='lat' dir='ltr'><strong>.l,__,,_,.</strong></span> <span class='ocrx_word' id='word_1_828' title='bbox 1292 5520 1557 5540; x_wconf 56' lang='lat'><strong>-_’__._!_,,-</strong></span> <span class='ocrx_word' id='word_1_829' title='bbox 1645 5521 1725 5540; x_wconf 48' lang='grc' dir='ltr'><strong>ιλκ</strong></span> <span class='ocrx_word' id='word_1_830' title='bbox 1795 5521 1870 5540; x_wconf 56' lang='grc' dir='ltr'><strong>ζ’--</strong></span> <span class='ocrx_word' id='word_1_831' title='bbox 1918 5537 1943 5540; x_wconf 40' lang='grc' dir='ltr'><em>μ</em></span> <span class='ocrx_word' id='word_1_832' title='bbox 1975 5522 2014 5540; x_wconf 62' lang='grc' dir='ltr'><strong>,ἱ</strong></span> <span class='ocrx_word' id='word_1_833' title='bbox 2055 5520 2159 5540; x_wconf 44' lang='grc' dir='ltr'><strong>--ἷμ</strong></span> 
     </span>
    </p>
   </div>
   <div class='ocr_carea' id='block_1_110' title="bbox 2269 5434 3738 5540">
    <p class='ocr_par' dir='ltr' id='par_1_110' title="bbox 2272 5434 3738 5540">
     <span class='ocr_line' id='line_1_111' title="bbox 2272 5434 3738 5540; baseline -0.007 -36"><span class='ocrx_word' id='word_1_834' title='bbox 2272 5451 2442 5540; x_wconf 69' lang='lat' dir='ltr'><strong>tnqltu</strong></span> <span class='ocrx_word' id='word_1_835' title='bbox 2459 5434 2619 5531; x_wconf 63' lang='lat' dir='ltr'><strong>illum</strong></span> <span class='ocrx_word' id='word_1_836' title='bbox 2641 5465 2668 5500; x_wconf 88' lang='lat' dir='ltr'><strong>a</strong></span> <span class='ocrx_word' id='word_1_837' title='bbox 2693 5448 2827 5540; x_wconf 70' lang='lat' dir='ltr'><strong>thla</strong></span> <span class='ocrx_word' id='word_1_838' title='bbox 2855 5434 3174 5540; x_wconf 65' lang='lat' dir='ltr'><strong>tradendum</strong></span> <span class='ocrx_word' id='word_1_839' title='bbox 3198 5434 3548 5540; x_wconf 40' lang='lat' dir='ltr'><strong>facilia???</strong></span> 
     </span>
    </p>
   </div>
   <div class='ocr_carea' id='block_1_111' title="bbox 588 5509 2165 5660">
    <p class='ocr_par' dir='ltr' id='par_1_111' title="bbox 588 5509 2160 5660">
     <span class='ocr_line' id='line_1_112' title="bbox 597 5509 2160 5588; baseline 0 -16"><span class='ocrx_word' id='word_1_840' title='bbox 597 5509 788 5572; x_wconf 54' lang='lat' dir='ltr'><strong>’ioJSa&#39;</strong></span> <span class='ocrx_word' id='word_1_841' title='bbox 819 5509 1253 5588; x_wconf 71' lang='grc' dir='ltr'>παραδιδόμενον</span> <span class='ocrx_word' id='word_1_842' title='bbox 1288 5520 1591 5587; x_wconf 71' lang='grc' dir='ltr'>εὐκαίρως,</span> <span class='ocrx_word' id='word_1_843' title='bbox 1637 5521 1754 5572; x_wconf 80' lang='grc' dir='ltr'>ἀλλ’</span> <span class='ocrx_word' id='word_1_844' title='bbox 1792 5521 1875 5571; x_wconf 77' lang='grc' dir='ltr'>ὅτι</span> <span class='ocrx_word' id='word_1_845' title='bbox 1918 5520 2023 5572; x_wconf 75' lang='grc' dir='ltr'><strong>ὑπὸ</strong></span> <span class='ocrx_word' id='word_1_846' title='bbox 2052 5520 2160 5572; x_wconf 89' lang='grc' dir='ltr'><strong>τῶν</strong></span> 
     </span>
     <span class='ocr_line' id='line_1_113' title="bbox 588 5588 2156 5660; baseline 0.003 -22"><span class='ocrx_word' id='word_1_847' title='bbox 588 5588 847 5659; x_wconf 78' lang='grc' dir='ltr'>μαθητῶν</span> <span class='ocrx_word' id='word_1_848' title='bbox 876 5591 1079 5660; x_wconf 75' lang='grc' dir='ltr'>ὴρξατο</span> <span class='ocrx_word' id='word_1_849' title='bbox 1122 5589 1417 5658; x_wconf 81' lang='grc' dir='ltr'>μισεῖσθαι.</span> <span class='ocrx_word' id='word_1_850' title='bbox 1445 5591 1550 5644; x_wconf 82' lang='lat' dir='ltr'><strong>Kal</strong></span> <span class='ocrx_word' id='word_1_851' title='bbox 1583 5589 1654 5658; x_wconf 75' lang='grc' dir='ltr'>τῇ</span> <span class='ocrx_word' id='word_1_852' title='bbox 1689 5590 1911 5659; x_wconf 76' lang='grc' dir='ltr'>πρώτῃ,</span> <span class='ocrx_word' id='word_1_853' title='bbox 1938 5608 1991 5646; x_wconf 92' lang='grc' dir='ltr'>κ.</span> <span class='ocrx_word' id='word_1_854' title='bbox 2021 5607 2071 5642; x_wconf 87' lang='grc' dir='ltr'>τ.</span> <span class='ocrx_word' id='word_1_855' title='bbox 2107 5591 2156 5642; x_wconf 77' lang='grc' dir='ltr'>λ.</span> 
     </span>
    </p>
   </div>
   <div class='ocr_carea' id='block_1_112' title="bbox 2269 5509 3694 5660">
    <p class='ocr_par' dir='ltr' id='par_1_112' title="bbox 2269 5509 3694 5660">
     <span class='ocr_line' id='line_1_114' title="bbox 2271 5509 3694 5586; baseline -0.017 -13"><span class='ocrx_word' id='word_1_856' title='bbox 2271 5525 2364 5573; x_wconf 86' lang='lat' dir='ltr'><strong>sed</strong></span> <span class='ocrx_word' id='word_1_857' title='bbox 2399 5523 2562 5573; x_wconf 83' lang='lat' dir='ltr'><strong>etiam</strong></span> <span class='ocrx_word' id='word_1_858' title='bbox 2595 5522 2736 5586; x_wconf 78' lang='lat' dir='ltr'><strong>quod</strong></span> <span class='ocrx_word' id='word_1_859' title='bbox 2783 5522 2828 5570; x_wconf 91' lang='lat' dir='ltr'><strong>is</strong></span> <span class='ocrx_word' id='word_1_860' title='bbox 2867 5518 3128 5586; x_wconf 81' lang='lat' dir='ltr'><strong>inciperet</strong></span> <span class='ocrx_word' id='word_1_861' title='bbox 3155 5516 3283 5571; x_wconf 85' lang='lat' dir='ltr'><strong>odio</strong></span> <span class='ocrx_word' id='word_1_862' title='bbox 3313 5509 3486 5568; x_wconf 82' lang='lat' dir='ltr'><strong>haberi</strong></span> <span class='ocrx_word' id='word_1_863' title='bbox 3516 5519 3540 5556; x_wconf 74' lang='grc' dir='ltr'>ι</span> <span class='ocrx_word' id='word_1_864' title='bbox 3568 5509 3653 5554; x_wconf 75' lang='lat' dir='ltr'><strong>StllS</strong></span> <span class='ocrx_word' id='word_1_865' title='bbox 3683 5509 3694 5540; x_wconf 65' lang='grc' dir='ltr'><strong>ι</strong></span> 
     </span>
     <span class='ocr_line' id='line_1_115' title="bbox 2269 5590 3146 5660; baseline -0.003 -17"><span class='ocrx_word' id='word_1_866' title='bbox 2269 5590 2510 5660; x_wconf 87' lang='lat' dir='ltr'><strong>scipulis.</strong></span> <span class='ocrx_word' id='word_1_867' title='bbox 2540 5592 2604 5644; x_wconf 76' lang='lat' dir='ltr'><strong>At</strong></span> <span class='ocrx_word' id='word_1_868' title='bbox 2639 5590 2808 5658; x_wconf 82' lang='lat' dir='ltr'><strong>primo</strong></span> <span class='ocrx_word' id='word_1_869' title='bbox 2831 5590 2938 5643; x_wconf 83' lang='lat' dir='ltr'><strong>die.</strong></span> <span class='ocrx_word' id='word_1_870' title='bbox 2975 5607 2994 5639; x_wconf 77' lang='grc' dir='ltr'>ο</span> <span class='ocrx_word' id='word_1_871' title='bbox 3035 5599 3146 5641; x_wconf 88' lang='lat' dir='ltr'><strong>etc.</strong></span> 
     </span>
    </p>
   </div>
   <div class='ocr_carea' id='block_1_113' title="bbox 656 5731 2347 5809">
    <p class='ocr_par' dir='ltr' id='par_1_113' title="bbox 656 5731 2347 5809">
     <span class='ocr_line' id='line_1_116' title="bbox 656 5731 2347 5809; baseline -0.001 -21"><span class='ocrx_word' id='word_1_872' title='bbox 656 5736 734 5809; x_wconf 84' lang='grc' dir='ltr'><strong>(α)</strong></span> <span class='ocrx_word' id='word_1_873' title='bbox 789 5734 897 5790; x_wconf 87' lang='lat' dir='ltr'><strong>lloc</strong></span> <span class='ocrx_word' id='word_1_874' title='bbox 921 5736 974 5789; x_wconf 90' lang='lat' dir='ltr'><strong>in</strong></span> <span class='ocrx_word' id='word_1_875' title='bbox 1020 5745 1140 5789; x_wconf 86' lang='lat' dir='ltr'><strong>loco</strong></span> <span class='ocrx_word' id='word_1_876' title='bbox 1198 5733 1448 5787; x_wconf 82' lang='lat' dir='ltr'><strong>mendum</strong></span> <span class='ocrx_word' id='word_1_877' title='bbox 1491 5733 1796 5802; x_wconf 80' lang='lat' dir='ltr'><strong>suspicatur</strong></span> <span class='ocrx_word' id='word_1_878' title='bbox 1821 5731 2017 5786; x_wconf 84' lang='lat' dir='ltr'><strong>Petrus</strong></span> <span class='ocrx_word' id='word_1_879' title='bbox 2058 5731 2347 5786; x_wconf 79' lang='lat' dir='ltr'><strong>Arcudius.</strong></span> 
     </span>
    </p>
   </div>
  </div>
