3866 6448
129 384 225 451 (ts
778 377 1221 440 ENARRATIO
1300 376 1382 437 IN
1415 374 1915 445 EVANGELIUM
1957 374 2218 436 MARCL
2252 400 2323 413 -—
2361 376 2523 455 car.
2551 379 2715 443 xxv.
3254 388 3401 472 650;

131 492 228 551 ὑπὸ
278 488 369 543 66o
400 484 676 559 μαθητῶν,
718 484 930 557 Πέτρου
981 484 1078 540 καὶ
1106 484 1378 575 Ἰωάννου,
1415 483 1680 575 πράξεως,

1797 482 2088 548 fervorem,
2142 484 2430 551 practicus.
2467 483 2704 545 Joannes
2755 504 2882 547 vero
2939 499 2994 547 ut
3054 474 3354 563 theologus.

143 583 294 648 λέγω,
324 577 420 631 καὶ
450 574 705 645 θεωρίας.
734 573 797 627 ’0
828 574 928 643 μὲν
954 574 1062 644 γὰρ
1096 573 1300 646 Πέτρος
1337 573 1413 639 ὡς
1460 573 1680 645 θερμὸς1

1791 590 1890 631 con
1900 575 2260 645 templativus.
2894 574 2901 575 ί
3231 578 3237 584 ~
3390 574 3395 583 ι

129 672 436 745 πρακτικὸς,
464 670 493 722 6
521 666 580 721 δὲ
620 666 874 736 Ἰωάννης
900 665 1255 738 θεωρητικὸς,
1286 666 1362 732 ὡς
1414 664 1683 736 θεολόγος.

194 782 214 815 ι
246 761 355 815 Καὶ
388 757 609 829 ἐξῆλθον
648 757 698 810 οἱ
731 755 973 827 μαθηταὶ
1024 755 1214 824 αὐτοῦ,
1247 759 1340 813 καὶ
1387 753 1550 828 ἦλθον
1605 758 1686 822 εἰς

127 857 216 926 τὴν
241 852 417 916 πόλιν,
447 850 541 903 καὶ
566 842 724 919 εὖρον
751 846 936 910 καθὼς
956 844 1111 903 εἶπεν
1143 849 1349 917 αὐτοῖς,
1386 849 1481 905 καὶ
1532 849 1682 921 ἡτοίο

134 961 301 1019 μασαν
354 942 417 996 τὸ
465 941 681 1012 Πάσχα.
708 940 819 993 Καὶ
878 939 1040 1010 ὀψίας
1093 943 1415 1014 γενομένης,
1465 941 1684 1014 ἔρχεται

133 1037 258 1109 μετὰ
286 1034 394 1088 τῶν
419 1032 645 1098 δώδεκα,
678 1033 772 1087 καὶ
820 1032 1199 1102 ἀνακειμένων
1230 1034 1430 1098 αὐτῶν,
1458 1036 1554 1088 καὶ
1587 1036 1681 1086 ἐσ-

125 1136 353 1196 θιόντων,
379 1125 535 1184 εἶπεν
570 1132 600 1184 6
635 1128 845 1199 Ἰησοῦς
875 1146 889 1160 ·
920 1128 1094 1199 ’Δμὴν
1120 1126 1263 1196 λέγω
1297 1127 1450 1197 ὑμῖν,
1473 1126 1556 1179 ὅτι
1598 1119 1683 1188 εἷς

124 1225 177 1290 ἐξ
209 1223 362 1294 ὑμῶν
383 1221 697 1294 παραδώσει
745 1239 839 1293 με,
869 1222 897 1273 6
923 1219 1119 1274 ἐσθίων
1152 1218 1269 1290 μετ’
1317 1218 1473 1288 ἐμοῦ.
1513 1218 1577 1272 Οἱ
1625 1218 1703 1287 δὲ¹

124 1316 345 1387 ῆρξαντο
388 1312 675 1368 λυπεῖσθαι
734 1313 829 1393 καὶ
870 1312 1050 1380 λέγειν
1080 1310 1231 1381 αὐτῷ
1270 1304 1350 1386 εἷς
1394 1308 1516 1363 καθ’
1544 1301 1626 1369 εἷς
1662 1323 1679 1337 ο

121 1407 254 1477 Μήτι
286 1404 433 1473 ἐγὼς
484 1405 579 1459 καὶ
625 1404 808 1469 ἄλλος,
841 1403 988 1472 Μήτι
1046 1401 1188 1470 ἐγώ;
1241 1401 1301 1454 Ὁ
1354 1398 1409 1453 δὲ
1455 1399 1683 1470 ἀποκρι-

123 1496 223 1562 Os‘t;
248 1492 405 1551 εἶπεν
433 1497 637 1561 αὐτοῖς·
660 1491 753 1561 Εἷς
785 1497 849 1549 ἐκ
878 1494 986 1548 τῶν
1007 1493 1237 1555 δώδεκα,
1279 1493 1307 1544 6
1330 1488 1683 1559 ἐμϐαπτόμε-

122 1607 200 1653 νος
227 1588 341 1659 μετ’
360 1589 499 1659 ἐμοῦ
525 1591 604 1653 είς
630 1588 692 1642 τὸ
718 1587 995 1658 τρυϐλίον.
1037 1586 1101 1640 ’0
1133 1586 1231 1656 μὲν
1275 1584 1405 1647 Υἱὸς
1448 1582 1543 1636 τοῦ
1587 1583 1681 1635 ἀν-

124 1679 328 1753 θρώπου
364 1679 567 1747 ὑπάγει
607 1676 791 1743 καθὼς
821 1677 1134 1747 γέγραπται
1169 1675 1298 1747 περὶ
1345 1674 1529 1728 αὐτοῦ·
1558 1673 1680 1728 οὐαὶ

1785 1664 1931 1720 vadit
1951 1664 2372 1736 sicutscriptum
2394 1678 2478 1723 est
2517 1671 2583 1725 de
2613 1670 2742 1727 illo:
2776 1673 2869 1727 sed
2902 1688 2980 1727 vae
3020 1674 3222 1730 homini
3268 1677 3342 1731 illi

123 1772 173 1825 δὲ
196 1770 270 1841 τῷ
292 1769 568 1842 ἀνθρώπῳ
603 1770 818 1839 ἐκείνῳ,
842 1769 917 1837 δι’
949 1765 1010 1824 οὗ
1049 1770 1076 1820 6
1104 1768 1231 1831 Υἱὸς
1283 1766 1378 1821 τοῦ
1394 1764 1680 1837 ἀνθρώπου

1785 1769 1881 1817 per
1911 1770 2068 1824 quem
2100 1753 2270 1810 Filius
2317 1757 2552 1814 lmminis
2579 1761 2827 1828 proditur
2856 1781 2872 1815 :
2908 1762 3106 1818 bonum
3135 1758 3250 1822 erat
3280 1769 3384 1851 illi.

126 1836 481 1932 παραδίδοταιο
514 1836 677 1916 καλὸν
808 1836 977 1930 αὐτῷ,
1018 1861 1067 1913 εἰ
1093 1861 1208 1932 οὐκ.
1225 1859 1459 1930 ἐγενήθη
1498 1836 1533 1911 76
1590 1858 1679 1913 άν-

1785 1852 1825 1906 si
1852 1861 2011 1907 natus
2042 1867 2148 1923 non
2168 1851 2366 1908 fuisset
2394 1853 2557 1910 homo
2586 1855 2695 1912 ille.
2718 1877 2755 1929 η»
2810 1858 3093 1925 Quomodo
3136 1874 3355 1916 accum-

125 1924 323 2026 θρωπος
357 1955 585 2017 ἐκεῖνος.
624 1972 643 2004 ι
673 1924 799 2016 I163;
852 1924 1153 2015 ἀνέκειντο,
1177 1924 1275 2005 1‘06
1296 1924 1460 2021 νόμου
1487 1948 1675 2003 κελεύ-

1785 1942 1997 2010 hebant,
2024 1942 2250 1998 cumlex‘
2271 1946 2587 2014 praeciperet
2608 1926 2909 2027 astantibus
2959 1952 3348 2007 comedendum
3372 2014 3380 2022 η

125 2062 259 2109 οντος
282 2045 610 2114 ἱσταμένους
626 2041 862 2115 τρώγειν
893 2042 956 2096 τὸ
979 2042 1201 2112 Πάσχα;
1227 2039 1387 2104 Εἰκὸς
1412 2038 1506 2093 οὖν
1545 2038 1676 2109 πρό-

1785 2030 2031 2088 Pascha?
2067 2031 2550 2121 Verisimileligitur
2585 2038 2818 2107 primum
2853 2039 3093 2109 perfecta
3124 2056 3186 2096 ea
3228 2058 3349 2112 qua:

1859 749 2024 805 Vsus.
2054 748 2237 804 16%|.
2273 767 2293 800 ι
2338 749 2682 819 Etexicrunt
2728 752 2974 825 discipuli
3000 757 3136 828 ejus,
3166 767 3221 813 et
3264 774 3358 811 vr-

1786 851 1985 896 nerunt
2030 841 2083 894 in
2115 840 2410 909 civitatem,
2449 853 2502 897 et
2546 853 2864 913 repererunt
2905 846 3355 917 quemadmodum

1786 933 1999 988 dixerat
2028 932 2133 988 illis
2166 951 2179 988 :
2214 944 2650 1005 paraveruntque
2704 935 2931 992 Pascha.
2960 938 3024 992 Et
3046 954 3167 994 cum
3232 957 3355 996 ves-

1787 1035 1915 1092 pera
1927 1020 2040 1092 jam
2065 1030 2229 1087 esset,
2259 1021 2406 1075 venit
2426 1037 2546 1075 cum
2574 1023 2879 1079 duodecim.
2905 1025 2971 1079 Et
2999 1041 3119 1080 cum
3144 1042 3359 1083 accum-
3390 1022 3393 1027 ’

1786 1114 1999 1177 herent,
2046 1114 2396 1182 ederentque,
2424 1113 2556 1168 dixit
2585 1113 2744 1171 Jesus
2774 1131 2788 1175 :
2820 1118 2985 1173 Amen
3011 1119 3134 1175 dico
3177 1123 3353 1188 vobis,

1787 1219 1925 1259 unus
1948 1220 2015 1260 ex
2051 1204 2204 1259 vobis
2238 1206 2547 1274 proditurus
2575 1216 2658 1262 est
2692 1225 2796 1275 me,
2839 1211 2930 1280 qui
2959 1213 3071 1266 edit
3122 1229 3353 1270 mecum.

1783 1298 1853 1350 At
1873 1297 1946 1351 illi
1979 1309 2263 1368 coeperunt
2287 1286 2409 1377 esse
2452 1300 2656 1367 maesti,
2681 1316 2744 1356 ac
2776 1303 2957 1358 dicere
2996 1303 3072 1358 illi
3119 1307 3358 1378 singula-

1785 1391 1880 1444 tim
1918 1407 1931 1443 :
1963 1388 2102 1443 Num
2141 1388 2279 1460 ego?
2311 1400 2365 1444 et
2410 1390 2569 1457 alius,
2598 1386 2911 1466 Nutn'ego?
2936 1395 3032 1451 Ille
3066 1413 3197 1454 vero
3245 1415 3362 1456 res-

1783 1479 2025 1548 pondens
2047 1479 2187 1535 dixit
2230 1481 2336 1537 illis
2372 1497 2388 1537 :
2428 1481 2628 1540 Uuuse
2657 1486 2964 1552 duodecim,
3002 1491 3093 1560 qui
3141 1491 3387 1573 intingitw

1785 1584 1994 1629 mecum
2024 1588 2243 1628 manum
2271 1574 2324 1629 in
2349 1575 2613 1630 catinum.
2647 1576 2814 1635 Filius
2846 1582 3063 1651 quidem
3118 1584 3385 1661 hominis.

123 2152 262 2204 τερον
279 2135 497 2189 τελέσαι
522 2134 588 2187 τὺ
616 2134 863 2205 νομικὸν,
890 2128 1009 2187 εἶτα
1033 2133 1326 2188 ἀναπεσεῖν
1361 2130 1422 2184 τὸ
1478 2130 1679 2184 οἰκεῖον

125 2229 298 2296 Πάσχα
331 2226 595 2297 μέλλοντα
637 2225 987 2297 παραδοῦναι.
1019 2224 1291 2297 Ἤρξαντο
1308 2222 1365 2276 δὲ
1389 2220 1677 2275 λυπεῖσθαι

124 2321 167 2370 οἱ
195 2316 430 2388 μαθηταὶ
469 2316 558 2370 διὰ
585 2316 677 2369 τὸν
716 2316 876 2384 λόγον
918 2314 1013 2369 τοῦ
1037 2313 1267 2388 Κυρίου,
1300 2313 1358 2366 ὂν
1396 2308 1574 2378 εἶπεν,
1595 2311 1678 2364 ὅτι

129 2403 238 2471 «Εἷς
258 2407 316 2471 ἐξ
332 2406 488 2476 ὑμῶν
509 2403 821 2477 παραδώσει
848 2422 937 2475 με.
951 2421 969 2455 ι
1000 2404 1195 2458 Καίτοι
1213 2403 1321 2472 γὰρ
1340 2402 1495 2466 ἐκτὸς
1526 2400 1676 2461 ὅντες

123 2496 206 2550 τοῦ
237 2495 440 2561 πάθους
469 2494 681 2562 τούτου,
729 2495 878 2566 ὅμως
910 2486 1182 2564 ἠγωνίων,
1213 2491 1566 2553 πιστεύοντες
1598 2489 1677 2560 τῷ

124 2590 207 2651 τάς
227 2589 449 2658 καρδίας
479 2588 640 2641 εἰδότι
672 2586 792 2658 Θεῷ
818 2585 976 2638 πλέον
1008 2584 1043 2655 ἢ
1074 2585 1307 2646 ἐαυτοῖς.
1340 2583 1483 2653 Ὅροι
1501 2581 1557 2635 δὲ
1583 2581 1678 2636 καὶ

1780 2132 1907 2198 sunt
1972 2124 2129 2195 legis,
2182 2114 2385 2181 deinde
2446 2128 2758 2184 recubuisse
2824 2132 3099 2201 proprium
3141 2130 3377 2189 Pascha

1782 2218 2135 2272 traditurum.
2169 2216 2467 2288 Coeperunt
2504 2219 2682 2275 autem
2730 2222 2977 2294 discipuli
3014 2225 3196 2281 tristes
3233 2227 3377 2301 ﬁeri:

1780 2320 1998 2379 prapter
2021 2324 2327 2365 sermonem
2353 2308 2562 2365 Domini
2593 2326 2754 2381 quem
2786 2307 3014 2384 dixerat,
3049 2317 3190 2384 quod
3211 2324 3348 2371 unus

1779 2413 1846 2453 ex
1876 2398 1957 2453 eis
1983 2413 2043 2455 se
2068 2386 2377 2479 traditurus
2393 2411 2558 2456 esset.
2594 2400 2852 2467 Quamvis
2878 2406 3218 2474 autemnihil
3247 2408 3347 2463 sibi

1777 2491 1980 2547 conscii
2013 2500 2210 2557 essent,
2239 2501 2478 2547 attamen
2506 2494 2649 2548 anxii
2681 2505 2857 2561 erant,
2884 2499 3164 2555 credentes
3181 2501 3350 2570 magis

1781 2585 1828 2637 ei
1872 2586 1961 2652 qui
2014 2583 2176 2639 corda
2244 2585 2740 2670 cognoscit,quam
2787 2589 3052 2659 sibiipsis.
3108 2590 3377 2648 Observa

126 2679 209 2749 τὴν
236 2679 376 2744 λέξιν
406 2678 498 2732 τοῦ
542 2678 798 2746 Ὑπάγω.
849 2675 1062 2729 Ὠσανεὶ
1109 2675 1217 2744 γὰρ
1246 2673 1524 2765 ἀποδημία
1651 2671 1680 2722 6

1785 2685 1958 2730 autem
1985 2686 2037 2729 ει
2095 2677 2341 2744 verbum,
2378 2667 2555 2737 Vadit.
2601 2678 2745 2736 Mors
2765 2681 2966 2738 Christi
2993 2683 3158 2757 249
3191 2688 3370 2765 quasi.

127 2770 334 2833 θάνατος
360 2769 454 2838 τοῦ
485 2771 744 2841 Χριστοῦ,
764 2769 883 2840 οὐχὶ
913 2767 1163 2830 θάνατος.
1191 2766 1264 2818 T6
1281 2765 1359 2828 δὲ,
1392 2764 1568 2817 Καλὸν
1584 2757 1674 2834 ἦν,

1785 2768 2141 2838 peregrinatio
2190 2758 2443 2837 quaedam
2466 2768 2588 2833 fuit,
2623 2788 2729 2825 non
2783 2788 2950 2829 mors.
2977 2775 3129 2842 Quod
3167 2789 3349 2833 autem

126 2862 275 2915 εἱοὺκ
296 2858 672 2932 ἐγεννήθη,ὡς
706 2858 844 2930 πρὸς
875 2858 973 2928 τὴν
1006 2856 1252 2939 κολασιν,
1272 2856 1338 2925 ἣν
1371 2855 1678 2925 ὑποστήσε-

1785 2859 1999 2926 dicitur,
2022 2859 2225 2915 Bonum
2268 2872 2408 2918 esset
2435 2862 2639 2918 homini
2668 2864 2741 2919 illi
2781 2865 2828 2921 si
2858 2876 3016 2922 natus
3072 2884 3371 2945 tulitquam

123 2968 200 3005 ται
223 2954 250 3006 6
279 2951 559 3024 προδότης,
590 2951 831 3023 εἴρηται.
865 2952 1127 3022 Κρεῖττον
1142 2949 1251 3022 γὰρ
1288 2947 1531 3019 μηδόλως
1553 2963 1679 3015 γεν-

1785 2949 1997 3016 fuisset,
2028 2950 2231 3007 dictqu
2258 2964 2339 3009 est
2367 2962 2589 3025 propter
2606 2948 2821 3026 poenam
2857 2973 2958 3028 qua
3014 2952 3372 3016 cruciandus

123 3044 359 3114 κρηθῆναι,
388 3046 422 3116 ἢ
462 3045 558 3098 ἐπὶ
600 3043 821 3098 κολάσει
870 3040 1225 3114 γεννηθῆναι.
1263 3041 1429 3094 Ὅσον
1484 3035 1576 3092 οὖν
1613 3039 1679 3092 ὲκ

1785 3051 1901 3098 erat
1958 3030 2148 3121 ludas.
2218 3043 2410 3101 Melius
2443 3047 2587 3103 enim
2622 3056 2709 3104 est
2753 3042 2974 3107 omnino
3026 3068 3131 3106 non
3178 3054 3348 3121 nasci,

124 3134 205 3187 τοῦ
242 3135 706 3204 ἀποτελέσματος,
736 3134 986 3205 κρεῖττον
1035 3132 1286 3202 φαίνεται
1334 3132 1383 3184 εἰ
1435 3128 1680 3200 μηδόλως

1785 3149 1944 3204 quam
1980 3120 2065 3201 ad
2095 3134 2255 3190 talem
2307 3150 2523 3205 pmnam
2569 3139 2742 3195 nasci.
2773 3138 2942 3212 igitur
2979 3151 3240 3213 quantum
3285 3120 3352 3201 ad

127 3225 353 3298 ὑπῆρξεν
380 3228 409 3280 6
436 3226 665 3299 Ἰούδας.
709 3226 770 3279 '0
797 3226 896 3296 μὲν
926 3225 1034 3295 γὰρ
1077 3223 1211 3287 Θεὸς
1238 3222 1489 3292 ἐποίησεν
1518 3221 1679 3276 αὐτὸν

1785 3226 1943 3281 linem
1976 3229 2188 3293 attinet,
2224 3229 2416 3284 melius
2446 3229 2665 3285 videtur
2689 3233 2912 3288 omnino
2936 3233 2981 3289 si
3024 3249 3132 3290 non
3160 3226 3367 3291 fuisset“

129 3317 202 3370 ἐπ’
231 3317 412 3389 ἔργοις
436 3316 684 3386 ἀγαθοῖς.
733 3315 887 3370 Ἐπεὶ
920 3315 978 3368 δέ
1012 3314 1176 3379 αὐτὸς
1192 3316 1272 3377 εἰς
1308 3313 1507 3368 κακίαν
1525 3310 1681 3382 τηλιο

128 3410 320 3481 καύτην
346 3410 625 3477 ἐξέπεσεν,
656 3410 730 3475 ὡς
755 3409 926 3476 ἔοικε,
953 3411 1201 3482 κρεῖττον
1232 3403 1319 3481 ἦν,
1351 3408 1401 3462 εί
1429 3407 1506 3479 μὴ
1528 3408 1680 3472 ἐγεν-

128 3503 254 3573 νήθη
282 3502 438 3565 ὅλως.

203 3610 219 3642 ι
274 3592 379 3645 Kal.
425 3590 718 3645 ἐσθιόντων
761 3591 964 3654 αὐτῶν,
992 3590 1173 3646 λαϐὼν
1199 3594 1227 3645 ὁ
1266 3591 1470 3661 Ἰησοῦς
1495 3590 1679 3661 ἄρτον,

131 3683 430 3755 εὐλογήσας,
477 3683 677 3738 ἔκλεισε
732 3685 828 3737 καὶ
876 3684 1079 3738 ἔδωκεν
1147 3683 1353 3748 αὐτοῖς,
1411 3683 1503 3736 καὶ
1532 3676 1675 3735 εἷπε·

130 3774 340 3839 Λάϐετε,
360 3777 583 3845 φάγετε,
616 3776 775 3829 τοῦτό
798 3778 915 3829 ἐστι
943 3777 1004 3830 τὸ
1030 3776 1190 3847 σῶμά
1222 3792 1347 3847 μου.
1368 3764 1680 3829 Καῖλαϐὼν

132 3866 184 3919 τὸ
215 3871 463 3938 ποτήριον
488 3909 504 3933 ,
553 3868 963 3940 εὐχαριστήσας
989 3907 1005 3934 ,
1046 3867 1247 3921 ἔδωκεν
1306 3865 1516 3930 αὐτοῖς.
1568 3866 1680 3920 Καὶ

132 3958 268 4014 [πιον
286 3960 343 4026 ἐξ
356 3959 520 4014 αὑτοῦ
544 3959 748 4023 πάντες
775 3975 790 3992 ·
825 3954 920 4014 καὶ
943 3954 1098 4013 εἶπεν
1134 3958 1336 4023 αὐτοῖς’
1359 3958 1530 4012 Τοῦτό
1563 3959 1680 4011 ἐστι

132 4050 184 4102 τδ
213 4045 343 4121 αἷμά
365 4069 464 4120 μου
483 4051 545 4105 τὸ
565 4052 665 4121 τῆς
681 4053 886 4123 Καινῆς
910 4050 1076 4122 Διαθή
1086 4049 1280 4122 κης,τδ
1310 4049 1437 4123 περὶ
1467 4047 1680 4103 πολλῶν

132 4142 490 4213 ἐκχυνόμενον.
530 4144 707 4214 ι’Δμὴν
758 4144 903 4213 λέγω
932 4143 1083 4213 ὑμῖν,
1120 4144 1204 4198 ὅτι
1257 4142 1358 4197 οὐκ
1386 4141 1467 4197 ἔτι
1499 4142 1558 4195 οὐ
1602 4139 1679 4212 μὴ

134 4236 230 4289 πίω
254 4236 315 4289 ἐκ
335 4237 426 4290 τοῦ
458 4238 798 4308 γεννήματος
830 4237 929 4306 τῆς
974 4235 1247 4307 ἀμπέλου,
1273 4235 1379 4299 ἕως
1410 4234 1511 4303 τῆς
1540 4233 1680 4306 ἡμέὲ

136 4339 226 4392 ρας
250 4324 472 4396 ἐκείνης,
504 4326 632 4379 ὅταν
661 4325 793 4379 αὐτὸ
828 4325 967 4379 πίνω
998 4324 1184 4379 καινὸν
1216 4327 1274 4379 ἐν
1321 4327 1390 4396 τῇ
1431 4323 1680 4395 βασιλείᾳ

134 4413 218 4468 τοῦ
241 4414 383 4487 Θεοῦ.
418 4436 437 4468 ι
467 4419 625 4482 Τινὲς
668 4417 889 4485 λέγουσι
941 4416 1033 4470 τὸν
1082 4416 1281 4470 Ἰούδαν
1316 4416 1393 4487 μὴ
1420 4404 1672 4485 ἵμεταλα-

1779 3316 1966 3374 Judas.
1990 3317 2132 3374 Deus
2155 3320 2368 3391 quidem
2392 3316 2544 3377 illum
2563 3323 2786 3389 fecerat,
2826 3335 2881 3381 et
2909 3326 2979 3381 ad
2998 3328 3135 3382 bona
3157 3344 3348 3398 opera:

1780 3420 1837 3465 at
1863 3410 1988 3480 quia
2018 3411 2210 3482 ipsein
2256 3413 2418 3469 talem
2449 3415 2641 3470 incidit
2672 3416 2958 3476 malitiam.
2999 3427 3056 3475 ut
3104 3432 3348 3492 apparet,

1782 3502 1976 3558 melius
1993 3511 2109 3558 erat
2137 3494 2181 3558 si
2212 3520 2485 3573 nunquam
2515 3506 2709 3562 luisset
2729 3510 2964 3577 genitus.
3126 3578 3131 3583 ἑ

1849 3592 2013 3647 Vnus.
2048 3593 2239 3650 22-25.
2287 3614 2306 3647 t
2342 3596 2409 3651 Et
2442 3597 2728 3654 edentibus
2772 3599 2899 3664 illis,
2931 3609 3148 3672 sumpto
3190 3592 3366 3658 ἔνευς’

1782 3700 1942 3754 pane,
1986 3702 2108 3740 cum
2153 3686 2542 3755 benedixisset,
2570 3687 2732 3762 fregit
2778 3701 2834 3746 et
2895 3692 3041 3747 dedit
3081 3695 3188 3751 illis
3232 3714 3246 3751 :
3290 3715 3353 3750 ac

1780 3781 1917 3834 dixit
1960 3779 2241 3845 :Sumitc,
2294 3781 2562 3837 comedite
2612 3794 2626 3841 :
2680 3782 2790 3839 lloc
2837 3794 2920 3840 cst
2966 3785 3110 3840 enim
3154 3803 3353 3857 corpus

1783 3883 1980 3923 meum.
2011 3868 2077 3922 Et
2103 3879 2325 3939 accepto
2349 3870 2564 3940 poculo,
2592 3888 2713 3926 cum
2741 3874 2942 3943 gratias
2967 3877 3184 3946 egisset,
3206 3880 3353 3934 dedit

1782 3950 1910 4019 illis.
1954 3964 2020 4017 Et
2072 3964 2325 4020 biberunt
2348 3980 2413 4019 ex
2455 3980 2522 4020 eo
2554 3981 2764 4031 onmes,
2796 3978 2853 4022 et
2881 3944 3019 4025 dixit
3049 3971 3154 4027 illis
3200 3991 3215 4030 :
3255 3944 3379 4030 llic.~

1781 4063 1863 4107 est
1892 4052 2111 4127 sanguis
2142 4068 2294 4110 meus
2339 4054 2469 4110 Novi
2499 4046 2986 4131 Testameutipqui
3026 4076 3125 4131 pro
3171 4042 3354 4121 multis

1782 4145 2095 4202 cﬂ‘nnditnr.
2123 4145 2448 4227 Amcndico
2481 4146 2655 4216 vobis,
2688 4153 2912 4220 posthac
2946 4169 3052 4208 non
3085 4154 3263 4211 bibam
3288 4159 3354 4216 de

1780 4236 1960 4293 fructu
1987 4237 2117 4293 vitis
2145 4252 2317 4310 usque
2355 4237 2423 4294 ad
2461 4240 2601 4295 diem
2651 4242 2822 4315 illum,
2851 4257 2972 4299 cum
3006 4242 3135 4300 illud
3166 4247 3353 4304 bibcro

1783 4345 1980 4385 novum
2011 4330 2066 4386 in
2103 4322 2268 4402 regno
2299 4331 2436 4403 Dei.
2468 4351 2488 4386 ι
2529 4333 2757 4401 Quidam
2789 4337 2970 4392 dicunt
3014 4335 3206 4395 Judam
3242 4358 3351 4399 non

1782 4418 1950 4476 fuisse
1979 4420 2317 4491 'participem
2365 4433 2882 4494 sacramentorum,
2934 4429 3028 4483 sed
3074 4445 3350 4501 egressum

137 4505 241 4560 δεῖν
265 4508 364 4562 τῶν
391 4509 727 4582 μυστηρίων,
759 4509 872 4563 ἀλλ’
907 4508 1145 4574 ἐξελθεῖν
1188 4510 1321 4580 πρὶν
1353 4508 1388 4570 ἥ
1418 4510 1447 4562 6
1478 4507 1679 4579 Κύριος

1785 4527 1906 4567 esse
1938 4514 2254 4582 priusquam
2289 4514 2551 4572 Dominus
2579 4530 2917 4575 sacramenta
2949 4523 3207 4578 traderet.
3245 4520 3350 4599 Alii

136 4599 343 4671 παραδῷ
367 4601 433 4654 τά
461 4604 756 4673 μυστήρια.
783 4600 968 4655 Ἄλλοι
993 4600 1050 4654 δέ
1072 4616 1260 4678 φασιν,
1301 4601 1383 4655 ὅτι
1412 4600 1509 4655 καὶ
1533 4600 1678 4671 αὐτῷ

140 4690 385 4756 μετέδωκε
412 4689 523 4745 τῶν
575 4692 935 4762 ἁγιασμάτων
992 4689 1070 4762 τῷ
1103 4689 1400 4762 ἀγνώμονι.
1434 4689 1680 4760 Eo).qu-

140 4796 228 4844 σας
254 4781 327 4847 δὲ,
366 4783 486 4838 ἀντὶ
530 4783 651 4850 τοῦ,
678 4784 1101 4856 εὐχαριστήσας,
1140 4781 1337 4836 ἐκλασε
1370 4782 1462 4836 τὸν
1493 4782 1677 4854 άρτον.

140 4871 298 4947 Ὅπερ
329 4877 421 4930 καὶ
441 4878 605 4950 ἡμεῖς
633 4875 920 4949 ποιοῦμεν,
948 4877 1114 4950 εὐχὰς
1141 4875 1510 4945 ἐπιλέγοντες.
1545 4874 1683 4928 T06-

137 4965 191 5016 τό
218 4967 325 5022 ἐστι
371 4968 433 5022 τὺ
472 4968 655 5040 σῶμά,
678 4986 802 5039 μου,
835 4968 996 5024 τοῦτο
1036 4969 1065 5023 6
1110 4966 1206 5022 νῦν
1248 4966 1577 5038 λαμϐάνετε.
1605 4965 1680 5022 Οὐ

139 5057 233 5128 γὰρ
257 5059 541 5124 ἀντίτυπος
556 5060 651 5114 τοῦ
673 5061 955 5129 Κυριακοῦ
982 5060 1239 5131 σώματός
1261 5060 1410 5113 ἐστιν
1437 5060 1466 5113 6
1493 5058 1676 5130 άρτος·

140 5148 239 5203 ἀλλ’
279 5153 356 5217 είς
400 5152 532 5206 αὐτὸ
567 5153 750 5205 ἐκεῖνο
821 5153 1215 5228 μεταδάλλεται
1264 5151 1326 5205 τὸ
1376 5151 1536 5223 σῶμα
1586 5150 1681 5207 τοῦ

139 5238 515 5312 Χριστοῦᾼίαὶ
540 5245 569 5297 6
596 5243 799 5315 Κύριος
836 5244 945 5315 γάρ
977 5244 1149 5313 λέγει·
1187 5246 1246 5297 '0
1273 5242 1438 5314 ἄρτος
1473 5242 1535 5297 δν
1569 5242 1682 5311 ἐγὼ

138 5329 292 5399 δώσω,
318 5336 351 5406 ὴ
381 5336 518 5407 σάρξ
541 5335 643 5406 μου
668 5337 837 5390 ἐστιν.
876 5337 991 5390 Οὐκ
1018 5333 1195 5402 εἶπεν,
1216 5334 1536 5397 ’Δντὶτυπός
1561 5335 1679 5387 ἐστι

139 5422 222 5492 τῆς
252 5426 448 5495 σαρκός
481 5442 606 5496 μου,
628 5425 750 5481 ἀλλ’
790 5426 857 5481 Ἦ
885 5425 1026 5498 σάρξ
1060 5426 1163 5499 μού
1195 5429 1334 5484 ἐστι.
1360 5428 1470 5481 Καὶ
1494 5425 1679 5481 πάλιν·

147 5510 259 5567 Ἐάν
287 5515 358 5586 μὴ
384 5517 596 5587 φάγητε
619 5518 719 5590 τὴν
755 5521 935 5590 σάρκα
966 5518 1061 5572 τοῦ
1085 5517 1214 5571 Υίοῢ
1240 5518 1335 5572 τοῦ
1364 5504 1680 5599 ἀνθρώπους

140 5602 239 5657 Καὶ
265 5608 415 5674 πιῖις;
447 5608 633 5677 φησίν⁸
673 5611 733 5663 οὺ
768 5610 875 5682 γὰρ
913 5608 1052 5682 σὰρξ
1076 5611 1376 5685 καθορᾶται
1397 5613 1541 5687 ;νΔιά
1584 5614 1683 5691 τὴν

141 5695 429 5771 ἡμετέραν,
472 5695 518 5755 ὧ
556 5700 850 5773 ἄνθρωπε,
886 5702 1194 5758 ἀσθένειαν.
1239 5704 1458 5776 Ἐπειδὴ
1503 5706 1612 5775 γὰρ
1655 5709 1683 5760 6

127 5848 131 5853 ,
149 5788 236 5854 μὲν
275 5790 428 5862 ἄρτος
467 5792 560 5846 καὶ
596 5795 623 5846 6
658 5789 813 5857 οἶνος
834 5793 1040 5865 συνήθη
1094 5794 1261 5864 ἡμῖν·
1296 5790 1434 5866 αἷμα
1466 5796 1521 5849 δέ
1548 5814 1683 5867 προ-

444 5884 712 5946 Parnm.
750 5884 870 5946 Gn.
923 5882 1211 5948 CXXIII.

1781 4611 1962 4657 autem
2000 4604 2184 4660 dicunt
2223 4606 2368 4677 quod
2419 4608 2581 4663 etiam
2628 4610 2838 4678 ingrato
2885 4611 2958 4664 illi
3004 4627 3349 4670 sacrosancta

1779 4694 2008 4749 dederit.
2037 4695 2172 4750 Cum
2203 4696 2589 4760 benedixisset,
2615 4698 2719 4753 hoc
2756 4708 2861 4766 est,
2902 4703 3101 4769 gratias
3128 4684 3349 4773 egisset,

1781 4783 1944 4855 fregit
1988 4799 2181 4854 panem
2220 4802 2234 4838 :
2271 4784 2323 4839 id
2359 4788 2503 4855 quod
2544 4788 2704 4841 etiam
2739 4803 2837 4843 nos
2881 4789 3132 4856 facimus,
3162 4792 3352 4863 preces

1782 4877 2144 4947 adjungendo.
2194 4876 2309 4934 Hoc
2369 4887 2454 4933 est
2499 4893 2694 4950 corpus
2740 4896 2938 4948 meum,
2989 4884 3093 4939 hoc
3125 4885 3349 4956 inquam

1782 4968 1925 5038 quod
1962 4983 2106 5023 nunc
2138 4969 2376 5025 sumitis.
2413 4968 2528 5025 Non
2576 4972 2719 5025 enim
2772 4971 2940 5045 ﬁgura
2976 4981 3031 5030 et
3077 4978 3354 5046 exemplar

1780 5060 2049 5127 quoddam
2091 5059 2361 5115 Dominici
2402 5062 2649 5131 corporis
2674 5065 2827 5131 panis
2860 5076 2964 5129 est,
2999 5067 3095 5122 sed
3125 5068 3180 5123 in
3222 5068 3350 5124 illud

1782 5150 1958 5219 ipsum
2005 5152 2348 5208 convertitur
2390 5167 2587 5224 corpus
2634 5154 2854 5211 Christi.
2900 5155 3156 5216 Dominus
3204 5162 3350 5219 enim

1781 5244 1912 5299 dicit
1959 5262 1972 5298 :
2024 5242 2185 5303 Panis
2225 5259 2385 5315 quem
2431 5261 2530 5318 ego
2577 5246 2736 5312 dabo,
2780 5262 2908 5302 caro
2938 5265 3058 5306 mea
3090 5263 3194 5308 est.
3234 5251 3350 5309 Non

1781 5335 1939 5400 dixit,
1971 5334 2166 5406 Figura
2201 5346 2288 5392 est
2316 5337 2497 5392 carnis
2528 5352 2681 5401 mete,
2714 5337 2831 5403 sed,
2850 5336 2993 5395 Caro
3017 5342 3143 5395 mea"
3161 5351 3268 5400 est.
3286 5345 3352 5398 Et

1781 5428 1976 5507 iterum
2010 5446 2025 5484 :
2060 5426 2175 5483 Nisi
2199 5428 2420 5485 ederitis
2438 5444 2656 5486 carnem
2688 5428 2809 5486 Filii
2840 5430 3096 5507 hominis.
3126 5432 3191 5489 Et
3216 5450 3351 5505 quo-

1780 5504 1977 5577 modo?
2008 5522 2181 5591 inquit
2200 5537 2214 5575 :
2232 5535 2360 5577 caro
2385 5522 2654 5578 enimnon
2684 5504 2937 5579 videtur?
2965 5504 3356 5597 O;h1)m0,pro-

1780 5624 1901 5685 pter
1926 5622 2167 5669 nostram
2200 5613 2566 5669 infirmitatem
2591 5612 2731 5670 istud
2769 5614 2844 5670 lit.
2870 5613 3005 5682 Quia
3038 5620 3180 5673 enim
3199 5620 3352 5687 panis

1780 5701 1994 5773 quidem
2024 5711 2080 5757 et
2122 5702 2304 5757 vinum
2349 5718 2415 5757 ex
2464 5702 2549 5758 his
2593 5713 2719 5758 sunt
2749 5705 2945 5774 quibus
2992 5708 3348 5770 assuevimus.

1781 5811 1844 5853 ea
1895 5810 2001 5851 non
2042 5794 2399 5853 abhorremus
2445 5810 2460 5850 :
2495 5796 2814 5867 sanguinem
2848 5813 2977 5854 vero
3011 5799 3347 5870 propositum

2880 5889 2957 5951 21
