3866 6448
160 367 257 429 633

842 364 1283 426 ENARRA'I‘IO
1320 362 1398 423 IN
1438 357 1941 422 EVANGEIJUM
1984 357 2240 418 MARCI.
2283 380 2348 391 -
2381 356 2533 415 CAP.
2576 357 2731 419 XIV.

3300 356 3405 418 G51

156 494 247 547 τρο
258 494 274 536 ;
305 476 599 538 ἐνίσταται,
632 472 712 526 διὸ
747 475 840 527 καί⁵
861 476 1071 541 ακούει,
1102 474 1184 528 δτι
1218 475 1355 544 Πρὶν
1381 475 1416 545 ἢ
1461 473 1728 543 ἀλέκτορα

1850 470 2135 538 tntequam
2170 467 2340 538 gallus
2376 470 2457 524 bis
2482 481 2663 535 canat,
2707 478 2788 523 ter
2821 486 2905 525 me
2933 470 3249 541 alinegabis.
3293 468 3407 525 [loc

156 570 231 631 δίς
257 567 524 636 φωνῆσαι,
561 567 681 637 τρὶς
720 566 1015 636 ἀπαρνήσῃ
1047 583 1133 635 με.
1166 565 1337 617 Τοῦτο
1385 563 1441 616 δὲ
1486 561 1726 616 τοιοῦτόν

1840 569 2020 615 autem
2055 562 2104 614 iu
2152 561 2289 614 hunc
2331 561 2547 614 mmlum
2578 562 2819 617 seliabet
2854 580 2867 617 :
2900 561 3203 633 Negaverat
3234 563 3403 617 semel

156 664 319 714 ἐστιν.
386 658 691 729 Ἠρνήσατο
737 657 885 712 ἅπαξ
938 659 965 709 ὁ
1023 657 1263 725 Πέτρος·
1310 648 1429 707 εἶτα
1479 651 1727 720 ἀλέκτωρ

1850 654 2048 716 Petrus,
2080 653 2272 708 deinde
2310 653 2484 724 gallus
2521 656 2758 709 cantavit
2791 672 2804 708 :
2835 666 2891 710 et
2926 671 3053 710 cum
3098 654 3235 711 alias
3270 655 3407 709 duas

154 749 448 819 ἐφώνησεν,
480 748 862 818 ἀρνησαμένου
890 747 947 799 δὲ
982 748 1076 799 xal
1105 748 1203 809 τὰς
1227 746 1395 808 ἄλλας
1422 743 1519 796 δύο
1555 744 1725 813 ἀρνή-

156 857 285 903 σεις,
309 840 434 893 τότε
470 838 751 909 ἐφώνησεν
794 841 822 892 6
861 839 1134 907 ἀλέκτωρ.
1167 837 1340 891 Τοῦτο
1370 837 1465 891 οὖν
1495 835 1728 890 ἐνταῦθα

154 931 319 995 λέγει’
358 930 496 999 Πρὶν
532 929 802 998 ἀλέκτορα.
859 929 1108 996 φωνῆσαι
1156 927 1261 992 δὶς,
1309 928 1603 997 ἀπαρνήσῃ
1662 943 1728 995 με

154 1023 289 1091 τρίς.
357 1020 590 1092 Ὁμοίως
634 1021 691 1074 δὲ
746 1021 838 1073 καὶ
896 1020 1097 1082 πάντες
1152 1019 1466 1089 θερμότητα
1515 1019 1732 1088 ψυχρὰν

153 1112 574 1184 ἐνδεικνύμενοι,
609 1111 985 1181 ὑπισχνοῦντοο
1015 1110 1113 1182 τὴν
1153 1109 1550 1180 αὐτοαλήθειαν
1597 1110 1733 1179 ψεύο

159 1205 343 1257 δεσθαι
378 1204 686 1268 ποιοῦντες,
718 1204 801 1257 διὸ
830 1207 925 1257 καὶ
967 1206 1290 1273 παραχωρεῖ
1321 1203 1348 1254 6
1383 1201 1605 1272 Κύριος,
1642 1204 1735 1255 καὶ

156 1298 187 1363 ἡ
211 1295 530 1365 ἀνθρωπίνη
566 1294 731 1363 φύσις
762 1297 829 1348 τὰ
858 1296 1057 1364 ἑαυτῆς
1082 1293 1477 1347 ἐπιδείκνυται.
1509 1294 1734 1356 Πάντως

154 1389 256 1456 γὰρ
275 1388 305 1439 ὁ
335 1387 546 1453 Κύριος
576 1386 810 1455 ἠδύνατο
836 1390 1074 1456 τηρῆσαι
1102 1387 1309 1447 αὐτοὺς
1330 1425 1345 1449 ,
1378 1386 1472 1438 καὶ
1500 1386 1736 1455 μάλιστα

153 1478 240 1529 τὸν
271 1476 502 1547 Πέτρον·
547 1475 663 1532 ἀλλ’
703 1478 852 1546 ὅμως
895 1477 1129 1547 ἀφῆκεν,
1163 1476 1250 1529 ἵνα
1286 1476 1360 1547 μὴ
1415 1476 1737 1539 πεποιθότες

153 1564 297 1639 ὦμεν
329 1571 418 1637 ἐφ’
451 1569 686 1631 ἑαυτοῖς.
716 1570 790 1621 Τὸ
841 1569 919 1633 δὲ,
976 1568 1205 1633 Πατάξω
1254 1568 1347 1621 τὸν
1402 1567 1637 1636 ποιμένα
1661 1608 1675 1631 ,
1708 1568 1738 1619 6

156 1660 341 1730 Πατὴρ
388 1660 562 1728 λέγει.
612 1661 768 1713 Ἐπεὶ
814 1662 924 1730 γὰρ
956 1660 1323 1730 παρεχώρησε
1371 1659 1734 1731 παταχθῆναι,

1835 744 2225 813 abnegationes
2255 743 2489 809 fecisset,
2519 756 2573 800 et
2614 754 2739 800 tunc
2764 762 2979 816 quoque
3018 747 3265 801 cantavit
3294 745 3408 815 gal-

1837 832 1936 887 lus.
1985 830 2049 885 Et
2092 834 2193 888 hoc
2244 843 2322 888 est
2374 834 2517 903 quod
2556 834 2657 887 hoc
2694 834 2812 887 loco
2859 835 3037 889 dicit:
3084 834 3406 904 Priusquam

1838 924 2011 994 gallus
2060 925 2140 979 bis
2175 935 2379 988 cantet,
2424 935 2507 980 ter
2555 941 2640 980 me
2677 926 2993 995 ahncgabis.
3024 926 3286 983 Similiter
3317 943 3413 982 au-

1838 1025 1943 1069 tem
1990 1025 2043 1069 et
2069 1032 2258 1072 omnes
2288 1017 2537 1089 frigidam
2581 1018 2918 1072 alacritatem
2956 1019 3327 1081 OSIendentes.
3357 1030 3414 1073 et

1838 1107 2010 1175 ipsam
2043 1110 2329 1165 veritatem
2372 1112 2684 1166 mendacem
2729 1111 3008 1177 facientes,
3038 1111 3364 1180 pollicentur
3394 1126 3409 1164 :

1837 1198 1957 1255 ideo
2006 1200 2263 1256 Dominus
2310 1205 2574 1271 permittit
2619 1213 2675 1257 ut
2732 1204 2963 1258 humana
3024 1212 3215 1257 natura
3256 1217 3411 1259 suam

1837 1294 2030 1362 prodat
2065 1295 2511 1351 imbecillitatem.
2549 1295 2783 1352 Omnino
2816 1297 2962 1352 enim
2991 1296 3255 1366 potuisset
3294 1297 3416 1351 illos

1840 1384 2100 1441 Dominus
2124 1401 2367 1454 servare,
2396 1398 2449 1443 et
2478 1389 2695 1445 Petrum
2722 1390 2955 1449 maxime
2992 1408 3006 1444 :
3033 1390 3127 1443 sed
3150 1389 3414 1459 permisit.

1839 1484 1897 1528 ut
1928 1490 1995 1529 ne
2025 1477 2077 1529 in
2109 1478 2401 1548 nobisipsis
2420 1478 2832 1537 conlideremus.
2862 1478 3154 1545 Casterum,
3218 1479 3417 1534 Percu-

1841 1568 1972 1621 tiam
2002 1576 2298 1637 pastorem,
2326 1586 2426 1626 vox
2458 1581 2539 1626 est
2572 1572 2752 1626 Patris
2783 1587 2799 1626 :
2833 1574 3421 1642 quandoquidem.per-

1839 1660 1952 1713 cuti
2010 1661 2274 1730 permisit,
2331 1666 2671 1733 percussisse
2726 1665 2845 1734 ipse
2892 1666 3095 1719 dicitur
3145 1680 3267 1720 eum
3323 1666 3421 1734 qui

158 1753 392 1819 πατάξαι
420 1753 584 1816 αὐτὸς
616 1753 836 1821 λέγεται
864 1753 955 1806 τὸν
984 1741 1545 1822 κατάπαραχώρησιν
1570 1750 1735 1804 αὐτοῦ

1850 1750 2010 1820 ipsius
2038 1753 2303 1822 permissu
2359 1770 2647 1824 percussus
2682 1769 2784 1813 est.
2812 1757 2955 1814 Oves
2983 1768 3168 1813 autem
3208 1768 3424 1828 aposto-

159 1846 528 1916 παταχθέντα.
556 1844 813 1912 Πρόὸατα
842 1843 903 1897 δὲ
939 1845 1064 1906 τοὺς
1101 1843 1458 1907 ἀποστόλους,
1493 1842 1567 1905 ὡς
1599 1841 1737 1895 ἀκά-

1850 1842 1946 1906 los,
1983 1852 2043 1897 ut
2070 1844 2388 1900 innocentes
2418 1847 2685 1903 nominat.

158 1954 281 1999 κους
311 1937 628 2007 ὠνόμασεν.

229 2048 247 2081 ι
278 2029 397 2081 Kal
428 2031 677 2098 ἔρχονται
713 2030 792 2090 εἰς
824 2027 1024 2098 χωρίον
1062 2018 1124 2079 οὗ
1164 2027 1223 2078 τὸ
1245 2026 1416 2096 ὄνομα
1455 2024 1740 2095 Γηθσεμα-

160 2121 241 2189 νῆ,
267 2121 365 2174 καὶ
390 2120 543 2188 λέγει
560 2122 672 2182 τοῖς
706 2122 803 2188 μα’
822 2122 979 2190 ηταῖς
1006 2116 1195 2171 αὐτοῦ’
1222 2118 1496 2171 Καθίσατε
1519 2110 1619 2169 ὦδε
1635 2117 1740 2179 ἓως

160 2211 575 2282 προσεύξωμαι.
634 2213 743 2265 Kal
791 2211 1216 2283 παραλαμϐάνει
1271 2210 1362 2263 τὸν
1394 2209 1599 2279 Πέτρον
1646 2210 1741 2263 xal

173 2302 452 2369 Ἰάκωϐον,
482 2303 577 2355 καὶ
620 2302 877 2373 Ἰωάννην
943 2298 1063 2369 μεθ’
1128 2299 1347 2366 ἑαυτοῦ,
1390 2298 1485 2353 καὶ
1536 2295 1742 2368 ἤρξατο

162 2394 564 2465 ἐκθαμϐεῖσθαι
606 2395 699 2448 καὶ
737 2393 1050 2464 ἀδημονεῖν.
1083 2393 1189 2446 Kal
1216 2393 1365 2460 λέγει
1404 2391 1608 2453 αὐτοῖς·
1638 2390 1742 2442 Πε-

166 2487 395 2558 ρίλυπός
448 2488 596 2539 ἐστιν
644 2491 677 2557 ἠ
719 2486 865 2557 ψυχή
912 2502 1012 2556 μου
1056 2485 1160 2547 ἓως
1210 2482 1463 2537 θανάτου.
1504 2483 1741 2536 Μείνατε

162 2571 279 2640 ὦδε,
316 2580 421 2629 καὶ
446 2577 798 2647 γρηγορεῖτε.
835 2576 943 2627 Kal
990 2572 1266 2646 προελθὼν
1301 2574 1516 2644 μικρὸν,
1549 2572 1744 2627 ἔπεσεν

164 2668 255 2719 έπὶ
278 2667 387 2734 τῆς
432 2668 570 2736 γῆς,
605 2666 1074 2737 καὶ-προσηύχετο
1104 2666 1214 2727 ἵνα,
1258 2667 1306 2717 εἰ
1340 2665 1569 2719 δυνατόν
1603 2667 1744 2731 ἐστι,

167 2759 417 2831 παρέλθῃ
455 2759 551 2812 ἀπ’
595 2758 763 2811 αὑτοῦ
816 2759 850 2828 ἡ
900 2757 1039 2828 ὥρα.
1096 2759 1207 2811 Καὶ
1251 2757 1456 2825 ἔλεγεν·
1498 2758 1671 2811 Ἀδϐᾶ
1717 2761 1745 2812 ὀ

168 2850 382 2921 Πατὴρ,
424 2851 603 2904 πάντα
646 2849 847 2903 δυνατά
881 2865 984 2915 σοι,
1023 2849 1330 2920 παρένεγκε
1379 2850 1441 2901 τὸ
1474 2855 1744 2919 ποτήριον

168 2942 257 2995 ἀπ’
287 2941 432 3012 ἐμοῦ
479 2940 659 3007 τοῦτο,
696 2942 813 2995 ἀλλ’
856 2944 916 2994 οὐ
964 2940 1017 2994 τί
1058 2940 1167 3009 ἐγὼ
1198 2939 1358 3003 θέλω,
1389 2939 1526 2993 ἀλλὰ
1570 2940 1620 2992 τί
1657 2940 1741 2994 σύ.

164 3035 273 3086 Kal
300 3033 553 3104 ἔρχεται,
583 3036 677 3086 καὶ
706 3032 957 3103 εὑρίσκει
990 3031 1187 3094 αὐτοὺς
1217 3029 1583 3093 καθεύδοντας
1610 3071 1624 3097 ,
1656 3032 1748 3084 καὶ

170 3126 310 3195 λέγει
362 3126 446 3197 τῷ
479 3126 691 3197 Πέτρῳο
735 3126 937 3197 Σίμων,
994 3124 1318 3189 καθεύδεις;
1356 3126 1471 3177 Οὐκ
1521 3125 1747 3195 ἴσχυσας

166 3190 296 3288 μίαν
314 3190 864 3289 ὥρανγρηγδρῆσαις
890 3217 1221 3287 Γρηγορεῖτε
1243 3216 1337 3270 καὶ
1360 3190 1748 3286 προσεύχεσθε,
1775 3190 1819 3253 C

174 3310 258 3364 ἴνα
295 3309 380 3381 μὴ
413 3308 699 3379 εἰσέλθητε
750 3310 829 3371 εἰς
884 3308 1193 3378 πειρασμόν
1224 3321 1241 3338 ⁶
1272 3307 1332 3361 τὸ
1388 3309 1489 3377 μὲν
1534 3305 1754 3377 πνεῦμα

174 3402 475 3471 πρόθυμον,
508 3402 541 3471 ἡ
584 3400 642 3452 δὲ
675 3397 814 3469 σὰρξ
845 3398 1102 3469 ἀσθενής.
1151 3398 1263 3453 Kal
1301 3399 1464 3453 πάλιν
1503 3398 1754 3452 ἀπελθὼν

164 3496 547 3567 προσηύξατο,
580 3495 671 3548 τὸν
720 3493 883 3548 αὐτὸν
921 3492 1081 3561 λόγον
1108 3490 1303 3544 εἰπών.
1346 3492 1456 3545 Kal
1487 3490 1754 3560 ὑποστρέ-

172 3590 294 3657 ψας,
351 3583 512 3659 εὗρεν
542 3589 739 3650 αὐτοὺς
778 3588 941 3640 πάλιν
975 3583 1360 3647 καθεύδονταςο
1389 3579 1529 3654 ἦσαν
1572 3584 1677 3653 γὰρ
1701 3583 1753 3634 οἱ

174 3681 449 3751 ὀφθαλμοὶ
476 3680 658 3734 αὐτῶν
694 3679 1096 3749 βεϐαρημένοι,
1131 3677 1224 3729 καὶ
1275 3677 1375 3729 ούκ
1429 3676 1649 3746 ⁴ᾔδεισαν
1703 3674 1754 3728 τί

175 3775 320 3845 αὐτῷ
361 3772 725 3842 ἀποκριθῶσι.
762 3774 869 3825 Kal
893 3772 1114 3843 ἔρχεται
1149 3771 1211 3822 τὸ
1233 3769 1437 3837 τρίτον,
1476 3771 1572 3821 καὶ
1604 3768 1753 3835 λέγει

174 3868 359 3931 αὐτοῖς
390 3884 405 3898 ·
468 3867 769 3920 Καθεύδετε
832 3866 893 3919 τὸ
949 3864 1134 3918 λοιπὸν
1196 3864 1288 3917 καλ⁵
1354 3861 1751 3926 ἀναπαύεσθε,

176 3965 391 4034 ἀπέχει.
426 3958 628 4015 ἿΙλθεν
657 3964 690 4032 ή
728 3960 867 4032 ὥρα,
908 3959 1018 4011 ἰδοὺ
1050 3958 1407 4028 παραδίδοται
1436 3961 1465 4010 6
1502 3956 1629 4018 Υἱὸς
1656 3953 1751 4007 τοῦ

176 4055 466 4125 ἀνθρώπου
511 4056 593 4117 εἰς
635 4055 733 4116 τὰς
771 4054 958 4122 χεῖρας
1005 4050 1113 4105 τῶν
1164 4048 1527 4119 ἁμαρτωλῶν.
1570 4046 1751 4113 Ἐγεί-

182 4151 360 4220 ρεσθε,
393 4151 619 4219 ἄγωμεν
648 4191 663 4212 ,
706 4148 815 4202 ἰδοὺ
853 4149 882 4200 6
934 4144 1268 4217 παραδιδούς
1318 4160 1384 4214 με
1435 4144 1686 4212 ἤγγικεν.
1728 4159 1747 4192 ι

1920 2017 2082 2074 Vens.
2116 2021 2305 2076 52-42.
2339 2041 2357 2073 ι
2397 2024 2459 2078 Ει
2487 2025 2709 2081 veniunt
2738 2027 2789 2082 in
2832 2027 3006 2084 locum
3040 2029 3422 2098 cujusnomrn

1847 2110 2217 2181 Gethsemani,
2246 2125 2300 2170 ct
2333 2117 2464 2173 dicit
2517 2119 2798 2189 discipulis
2844 2122 2957 2178 suis
3003 2139 3019 2178 :
3071 2124 3266 2179 Sedete
3314 2125 3425 2189 hic,

1849 2205 2019 2261 donec
2046 2207 2325 2277 digressus
2355 2226 2602 2265 oravero.
2643 2212 2709 2266 Et
2736 2216 2965 2271 assumit
2991 2215 3209 2272 Petrum
3248 2225 3303 2272 et
3329 2216 3423 2272 Ja-

1847 2297 2042 2353 cobum
2080 2312 2134 2355 et
2175 2299 2435 2356 Joannem
2469 2302 2628 2373 251
2672 2321 2857 2361 secum
2890 2326 2903 2362 :
2957 2311 3233 2380 cmpilque
3256 2324 3423 2380 expa-

1850 2406 2069 2447 vescere
2095 2402 2148 2446 et
2174 2396 2317 2465 angi.
2342 2394 2407 2449 Et
2434 2397 2560 2452 dicit
2598 2398 2704 2453 illis
2729 2417 2743 2454 :
2775 2398 2971 2456 Dolore
2992 2402 3222 2456 aﬂicitur
3243 2404 3421 2456 anima

1853 2497 1968 2538 mea
1998 2500 2167 2555 usque
2199 2490 2263 2539 ad
2306 2499 2558 2543 mortem.
2609 2489 2821 2547 Maneto
2853 2486 2977 2556 hic,
3008 2504 3064 2547 et
3092 2494 3331 2564 vigilate.
3361 2494 3429 2548 Et

1854 2591 2172 2645 progressus
2212 2579 2468 2647 panlmn,
2512 2590 2817 2649 prostratus
2861 2593 2944 2638 est
2994 2585 3048 2638 in
3092 2594 3331 2650 terram,
3370 2596 3431 2640 et

1852 2671 2025 2723 oravit
2059 2681 2116 2723 ut
2144 2671 2189 2725 si
2221 2671 2475 2739 passibilc
2514 2682 2681 2739 esset,
2727 2676 2985 2730 transiret
3019 2692 3049 2730 a
3081 2693 3141 2732 se
3172 2677 3326 2732 hora.
3366 2678 3432 2732 Et

1853 2760 2105 2817 dicebat:
2156 2762 2304 2816 Abba
2349 2762 2539 2826 Pater,
2584 2766 2765 2819 omnia
2807 2767 3085 2836 possibilia
3119 2778 3245 2823 sunt
3289 2770 3428 2825 tibi:

1854 2854 2006 2908 aufer
2031 2854 2279 2923 poculum
2309 2871 2337 2908 a
2363 2872 2447 2909 me
2478 2858 2610 2911 hoc:
2638 2868 3016 2914 verumtamen
3044 2875 3148 2915 non
3178 2861 3305 2931 quid
3329 2875 3431 2928 ego

1856 2943 2038 3008 velim,
2069 2945 2163 2999 sed
2184 2945 2312 3013 quid
2341 2959 2416 2999 tu.
2448 2943 2514 2999 Et
2544 2946 2689 3000 venit
2712 2946 3014 3004 etol'fendit
3039 2965 3133 3005 eos
3157 2951 3430 3005 dormien-

1858 3048 1979 3091 tes:
2011 3037 2251 3106 dicitque
2288 3037 2487 3094 Petro:
2527 3039 2714 3093 Simon
2739 3081 2753 3105 ,
2781 3041 3025 3096 dormis?
3062 3056 3165 3097 non
3206 3044 3429 3112 potuisti

1858 3145 2017 3183 unam
2060 3129 2247 3183 horam
2281 3131 2543 3200 vigilare?
2578 3130 2808 3202 Vigilate
2836 3144 2897 3195 et.
2918 3143 3070 3190 orate
3103 3150 3169 3190 ne
3200 3138 3431 3191 veniatis

1856 3222 1910 3277 in
1942 3224 2295 3286 tentatiunrm
2317 3225 2595 3293 ,spiritus
2616 3226 2831 3295 quidem
2865 3238 3175 3297 promptus,
3209 3237 3265 3283 at
3304 3243 3434 3284 caro

1857 3314 2090 3368 inllrma.
2138 3313 2203 3367 Et
2250 3330 2465 3370 rursum
2514 3318 2795 3386 digressus
2837 3319 3061 3384 orabat,
3102 3328 3158 3373 et
3181 3321 3430 3375 eumdem

1856 3407 1996 3461 dixit
2035 3422 2369 3462 sermonem.
2408 3410 2473 3463 Et
2515 3425 2764 3466 reversus
2796 3410 3025 3465 oﬂ‘endit
3063 3412 3184 3468 illos
3218 3429 3432 3469 rursum

1857 3501 2211 3567 dormientes,
2239 3512 2395 3556 erant
2418 3503 2561 3557 enim
2595 3504 2738 3557 oculi
2769 3518 2956 3557 eorum
2982 3505 3217 3573 gravati,
3257 3522 3434 3575 nequi:

1857 3593 2101 3649 sciebant
2144 3596 2270 3663 quid
2311 3594 2384 3648 illi
2423 3596 2831 3662 responderent.
2878 3595 2943 3649 Et
2967 3597 3114 3651 venit
3149 3599 3310 3652 tertio
3349 3599 3433 3652 di-

1844 3687 2037 3754 citque
2071 3687 2213 3740 illis:
2248 3686 2489 3741 Dormite
2521 3688 2768 3756 posthac,
2804 3698 2858 3742 et
2896 3690 3244 3759 requiescite,
3279 3691 3431 3751 suill-

1857 3778 1949 3832 cit.
1974 3778 2310 3841 Venithora,
2335 3794 2461 3833 ecce
2491 3778 2924 3835 traditur.Filius
2954 3781 3189 3836 hominis
3222 3784 3273 3836 in
3309 3799 3430 3837 ma-

1852 3886 1959 3927 nus
2003 3882 2369 3943 peccatorum.
2424 3872 2664 3940 Surgite,
2702 3886 2933 3927 eamus:
2968 3888 3096 3929 ecce
3132 3875 3224 3944 qui
3254 3876 3434 3944 prodit

1858 3975 1976 4027 me,
2017 3961 2433 4030 appropinquat.
2493 3981 2511 4014 ι
2552 3960 2808 4017 Seorsum
2845 3978 3061 4033 semper
3093 3980 3252 4019 orare
3294 3980 3432 4021 con-

1853 4054 2059 4117 suevit,
2086 4054 2222 4106 dans
2252 4053 2413 4109 etiam
2452 4053 2606 4108 nobis
2642 4054 2979 4124 exemplum,
3022 4064 3081 4108 ttt
3107 4056 3345 4125 quietem
3380 4059 3434 4112 iu

1857 4145 2111 4213 precibus
2163 4144 2526 4213 inquiramus.
2570 4146 2816 4202 Assumit
2852 4157 3048 4227 autem
3098 4148 3271 4207 solum
3300 4158 3434 4207 tres

179 4244 508 4313 Καταμόνας
557 4240 749 4293 εἴωθεν
794 4239 882 4291 ἀεὶ
926 4235 1347 4307 προσεύχεσθαι,
1406 4234 1577 4286 τύπον
1659 4231 1744 4285 καὶ

1850 4237 1978 4292 illos
2009 4238 2101 4307 qui
2140 4251 2254 4292 suae
2295 4238 2347 4291 in
2375 4235 2591 4293 Thabor
2617 4237 2799 4306 gloriae
2829 4247 3168 4308 spectatores
3199 4242 3434 4305 fuerant,

180 4337 309 4405 ἡμῖν
335 4335 533 4397 διδοὺς,
582 4333 669 4385 ἵνα
698 4332 796 4402 τὴν
851 4329 1085 4401 ἡσυχίαν
1139 4328 1492 4398 ἐπιζητῶμεν
1541 4318 1598 4379 ὲν
1634 4328 1744 4389 ταῖς

1850 4340 1914 4383 ιιι
1935 4331 2012 4384 illi
2042 4331 2142 4399 ipsi
2167 4331 2256 4400 qui
2287 4330 2521 4399 gloriosa
2550 4331 2839 4393 viderant,
2871 4332 3089 4397 videant
3132 4334 3390 4391 ettriatia
3418 4353 3432 4389 ε

182 4429 532 4498 προσευχαῖς.
571 4425 998 4494 Παραλαμὸάνει
1046 4423 1104 4476 δὲ
1141 4422 1269 4485 τοὺς
1323 4424 1473 4491 τρεῖς
1534 4419 1744 4489 μόνους¹

1857 4421 2176 4491 discantque
2204 4422 2347 4490 quod
2375 4430 2432 4475 et
2470 4422 2586 4491 ipse
2625 4436 2749 4479 vere
2776 4423 3084 4489 homosit,
3124 4435 3175 4480 et
3209 4436 3436 4480 intereat

179 4520 300 4580 τοὺς
321 4520 417 4571 καὶ
440 4519 541 4587 τῆς
561 4517 722 4587 δόξης
744 4515 909 4569 αὑτοῦ
943 4517 1001 4568 ὲν
1033 4514 1110 4581 τῷ
1145 4512 1342 4583 Θαδὼρ
1364 4510 1564 4573 θεατὰς
1602 4526 1744 4578 γενο-

1860 4522 1912 4566 et
1942 4525 2173 4582 angatur
2216 4513 2357 4575 sicut
2384 4527 2505 4567 nos.
2549 4510 2771 4569 Natnet
2812 4514 2904 4582 qui
2931 4523 3123 4577 .totum
3156 4516 3432 4575 huininem

184 4611 398 4681 μένους,
432 4612 518 4664 ἶνα
542 4612 594 4664 οἱ
627 4610 826 4671 ἰδόντες
862 4609 933 4661 τά
970 4606 1177 4671 ἔνδοξα,
1214 4607 1365 4659 ἴδωσι
1406 4603 1594 4658 καὶτὰ
1624 4619 1744 4654 σκυ‹

1860 4619 1982 4659 cum
2025 4605 2366 4660 naturalibus
2406 4606 2812 4660 conditionibus
2843 4610 3100 4675 suscepit,
3131 4608 3352 4663 ornitino
3382 4621 3435 4661 et

182 4703 397 4775 θρωπὰ,
433 4705 529 4757 καὶ
575 4701 843 4772 μάθωσιν,
868 4701 950 4753 ὅτι
983 4701 1078 4753 καὶ
1111 4698 1273 4760 αὐτὸς
1297 4695 1512 4765 άληθῶς
1546 4694 1744 4763 ἄνθρω-

1860 4694 2133 4749 tristitiam
2162 4706 2216 4751 et
2245 4712 2502 4766 angorem
2546 4698 2853 4757 naturalem,
2873 4698 3083 4755 habuit.
3114 4696 3435 4755 Omnes.au-

184 4813 282 4859 πος
335 4791 421 4867 ἦν,
466 4798 565 4849 καὶ
614 4796 866 4847 λυπεῖται
924 4792 1018 4844 καὶ
1066 4790 1327 4860 άδημονεῖ
1359 4787 1555 4859 ἐπίσης
1600 4788 1751 4857 ἡμῖν.

195 4887 345 4941 Ἐπεὶ
388 4889 498 4958 γὰρ
536 4887 657 4939 ὅλον
697 4886 796 4938 τὸν
837 4880 1451 4955 ἄνθρωποννάνελάϐετο
1480 4877 1754 4950 μετὰτῶν

188 4977 431 5046 φυσικῶν
464 4978 794 5046 ἰδιωμάτων,
850 4976 1069 5038 πάντως
1114 4973 1215 5026 καὶ
1258 4972 1631 5042 λυπηθήσεται
1661 4972 1755 5023 καὶ

186 5071 509 5141 ἁδημονήσει
541 5068 805 5137 φυσικῶς.
840 5067 904 5121 Οἱ
950 5068 1057 5134 γὰρ
1088 5066 1387 5135 ἄνθρωποι,
1431 5066 1589 5133 φύσει
1620 5064 1754 5133 πρὸς

186 5164 274 5215 τὸν
304 5163 529 5217 θάνατον
567 5161 745 5232 ἀηδῶς
784 5159 1131 5229 διακείμεθα.
1162 5156 1265 5229 ’1θῷ
1303 5157 1402 5228 μὲν
1431 5152 1525 5210 οὖν
1550 5157 1750 5221 εἰπεῖν,

172 5255 509 5325 ’Παρελθέτω
560 5254 643 5308 τὸ-
666 5254 945 5327 ποτήριον,
973 5252 1143 5317 ἔδειξε
1187 5250 1249 5305 τὸ
1288 5251 1651 5321 ἁνίτρώπινονθ
1677 5249 1754 5319 τῷ

184 5347 243 5399 δὲ
268 5349 599 5417 εἰπεῖν,’ούχ
615 5347 644 5400 6
666 5345 775 5412 ἐγὼ
806 5345 967 5409 θέλω,
1000 5345 1123 5398 ἀλλ’-
1146 5343 1751 5415 ὂ-σὺ,τδιδάσκει.ήμᾶς,

183 5440 270 5495 ἶνα
318 5448 413 5505 καὶ
448 5445 548 5515 τῆς
580 5444 806 5514 φύσεως
830 5441 1175 5512 ,βιαζομένης
1206 5441 1659 5513 ὑπερφρονῶμεν,
1692 5440 1753 5494 τὸ

184 5533 407 5603 ἀρεστὸν
435 5537 514 5606 τῷ
534 5534 1017 5607 Θεῷςαὶτούμενοι.
1064 5534 1151 5597 Ὦς
1181 5535 1240 5587 δὲ
1282 5534 1420 5604 μετὰ
1458 5533 1559 5603 τὴν
1586 5533 1753 5604 εὐχὴν

185 5621 386 5692 ἐλθὼν,
421 5622 910 5699 εὗρε-τοὺςπτρεῖς
955 5625 1341 5689 καθεύδοντας,
1366 5668 1369 5671 -
1392 5625 1625 5695 ἐπιτιμᾷ
1674 5623 1753 5694 τῷ

188 5712 374 5788 Πῖτρῳ
409 5720 576 5790 μόνῳ,
615 5720 899 5790 μονονουχὶ
928 5716 1154 5771 τοιαῦτα
1196 5716 1370 5785 λέγων
1404 5716 1541 5785 πρὸς
1565 5715 1749 5768 αὐτόν’

191 5808 261 5858 Οὐ
289 5813 351 5863 σὺ
400 5806 447 5864 εί
492 5814 521 5863 6
556 5811 925 5882 ὑποσχόμενος
958 5812 1053 5864 σὺν
1095 5810 1217 5880 ἐμοὶ
1246 5808 1574 5873 άπαθανεϊν;
1606 5807 1751 5861 Μίαν

1861 4797 1966 4841 tem
2007 4796 2198 4841 natura
2238 4788 2545 4843 insuaviter
2584 4799 2981 4860 ergamortem
3009 4789 3187 4849 allecti
3223 4806 3433 4845 sumus.

1838 4878 2124 4932 .Cazterum
2156 4878 2427 4934 dicendo:
2460 4878 2723 4936 Transeat
2760 4881 2925 4949 calix,
2969 4882 3294 4943 monstravit
3334 4886 3425 4937 ιιυυ

1861 4968 2199 5023 ttmuitatem.
2230 4967 2466 5025 Dicenda
2491 4980 2668 5025 autem
2695 4988 2708 5023 :
2738 4970 2853 5027 Non
2874 4972 3027 5040 quod
3047 4986 3147 5044 ego
3176 4972 3433 5037 volo,.sed

1858 5062 2000 5131 quod
2036 5073 2115 5124 tu,
2149 5063 2304 5116 docet
2345 5078 2441 5117 nos
2466 5072 2522 5116 ttt
2556 5063 2895 5117 invadentem
2931 5079 2994 5119 ac
3029 5074 3307 5132 urgentem
3345 5084 3436 5119 na-

1860 5166 2035 5209 turam
2062 5164 2496 5220 contemnamus,
2517 5158 2657 5225 quod
2684 5155 2791 5210 Deo
2814 5166 3029 5224 gratum
3059 5165 3140 5209 est
3166 5168 3433 5226 petentes.

1846 5250 2147 5318 Postquam
2162 5258 2355 5303 .autcm
2380 5259 2505 5319 post
2532 5264 2718 5320 preces
2742 5249 2908 5316 venit,
2937 5249 3139 5305 invenit
3164 5260 3277 5307 tres
3304 5251 3434 5321 dor-

1832 5384 1839 5399 .
1860 5344 2108 5410 mientes,
2139 5354 2189 5399 et
2217 5342 2996 5413 increpavit.Petrumssolum,
3020 5345 3173 5415 quasi
3210 5344 3433 5403 taliaad

1860 5438 2033 5505 ipsum
2072 5437 2308 5490 dicens:
2348 5435 2499 5489 Tuae
2536 5436 2729 5490 ille.es
2752 5475 2768 5499 ,
2792 5437 3223 5507 quipollicitus
3261 5449 3434 5495 ,este

1838 5529 1990 5589 ,mihi
2041 5528 2530 5583 commoriturum?
2566 5527 2757 5595 Unam
2815 5532 3000 5599 horam
3054 5544 3158 5591 non
3214 5530 3435 5598 potuisti

1834 5619 2107 5690 .vigilare,
2134 5618 2407 5687 quomodo
2428 5629 2668 5689 mortem
2698 5618 3052 5681 contemnes?
3080 5617 3438 5686 Sedvigilate

1857 5724 1911 5769 et
1937 5723 2114 5776 orate,
2150 5722 2207 5766 ut
2257 5727 2323 5767 ne
2366 5713 2599 5769 veniatis
2637 5714 2689 5769 in
2728 5714 3082 5769 tentationem
3112 5710 3434 5782 abnegaudi

1860 5824 1965 5863 me.
1999 5807 2236 5876 Spiritus
2267 5808 2481 5877 quidem
2505 5818 2788 5879 promptus
2814 5819 2918 5874 est,
2945 5817 3001 5862 ut
3028 5821 3113 5860 me
3144 5821 3248 5859 non
3274 5803 3438 5857 alme-
