3866 6448
162 402 261 468 65⁸1

828 406 926 465 EN
935 408 1272 469 ΑιιΙιΑΤΙΟ
1312 409 1392 469 IN
1433 411 1713 472 EVANGE

1821 412 1930 472 ΠΜ
1964 411 2222 472 MARCI.
2262 438 2329 447 —
2367 412 2525 475 CAP.
2567 414 2718 476 XIV.

3283 413 3390 476 658

159 518 274 570 Ὅτι
296 512 389 566 τοῦ
415 512 631 584 πρώτου
655 515 819 587 χοροῦ
845 517 942 581 ὢν.
967 518 1111 572 κατά
1141 518 1234 572 τοῦ
1263 521 1535 575 Δεσπότου
1565 521 1713 575 ἐλύτ-

1823 523 2115 592 proditoris
2140 523 2577 588 detestationem,
2600 525 2741 592 quod
2767 539 2887 580 cum
2904 524 2980 582 ‘ex
3006 526 3180 596 primo
3201 529 3391 584 ordine

154 627 333 680 τησεν.
389 611 494 664 Ἰδε
545 609 601 663 δὲ
655 612 748 664 καὶ¹
804 612 903 684 τὴν
944 612 1302 684 ἀναισθησίαν
1349 614 1559 680 αὑτοῦ,
1602 615 1719 678 πῶς

155 703 364 774 ἐνόμισε
387 701 569 758 λαθεῖν
591 705 682 758 τδν
719 705 921 776 Κύριον
944 707 1008 760 ἐκ
1038 705 1134 759 τοῦ
1165 707 1492 777 φιλήματος,
1518 708 1592 770 ὡς
1621 707 1720 778 δῆ-

153 796 238 847 θεν
265 794 422 862 φίλος
473 796 957 867 νομισθησόμενος.
996 798 1102 852 Kal.
1151 799 1198 850 εί
1251 799 1403 868 φίλος
1429 797 1716 868 ἐτύγχανε,

151 885 285 948 τίνος
313 885 482 940 ἕνεκα
517 888 658 956 μετά
693 888 803 941 τῶν
841 889 1053 960 ἐχθρῶν
1080 885 1279 962 ἦλθεν;
1324 892 1532 954 Ὄντως
1557 891 1719 960 ἀνόη-

149 979 298 1048 τονή
350 979 609 1050 πονηρία.
665 976 758 1046 Εἷς
801 981 857 1034 δέ
907 1000 992 1046 τις
1040 983 1146 1036 τῶν
1200 983 1645 1056 παρεστηκότων,
1690 984 1718 1036 6

153 1067 352 1138 Πέτρος,
405 1064 563 1133 οὗτος
614 1065 704 1141 ἦν,
762 1072 1058 1144 ἀποσιωπᾷ
1091 1073 1240 1127 δὲτὸ
1286 1073 1456 1144 ὄνομα
1485 1075 1650 1128 αὐτοῦ
1689 1077 1717 1128 6

148 1158 389 1228 Μάρκος,
415 1159 504 1212 ἵνα
537 1163 611 1232 μὴ
633 1161 760 1232 δόξῃ
793 1165 1040 1216 ἐπαινεῖν
1079 1164 1169 1217 τὸν
1198 1163 1518 1217 διδάσκαλον
1550 1163 1715 1216 αὑτοῦ

147 1248 371 1318 Πέτρον,
424 1251 504 1314 ὡς
544 1251 862 1322 ζηλώσαντα
898 1255 1037 1326 ὑπὲρ
1092 1255 1184 1308 τοῦ
1229 1255 1486 1326 Χριστοῦ.
1521 1255 1716 1318 Καλῶς

145 1339 197 1392 δὲ
226 1340 285 1392 τὸ
313 1340 479 1394 ὠτίον
514 1343 607 1396 τοῦ
639 1345 830 1404 δούλου
881 1347 974 1400 τοῦ
1008 1348 1310 1418 ἀρχιερέως
1354 1346 1597 1414 ἀφεῖλεν.
1627 1347 1717 1397 Ai-

145 1423 380 1478 νίττεται
419 1431 532 1500 γὰρ
578 1430 658 1483 ὅτι
705 1435 969 1502 παρήκοοι
1002 1431 1142 1505 ἦσαν
1194 1436 1284 1488 καὶ
1313 1436 1575 1501 ἀπειθεῖς,
1611 1434 1717 1486 τῶν

145 1514 372 1583 Γραφίῦν
431 1520 888 1587 καταμελοῦντες.
928 1524 988 1576 Εἰ
1047 1526 1154 1596 γὰρ
1211 1519 1356 1593 εἶχον
1409 1517 1524 1576 ὦτα
1555 1563 1569 1586 ,
1606 1522 1718 1574 τῶν

145 1607 373 1678 Γραφῶν
418 1614 819 1679 κατακούοντα,
853 1617 954 1670 οὐκ
980 1618 1044 1672 ἀν
1075 1619 1165 1671 τὸν
1197 1618 1399 1688 Κύριον
1433 1619 1531 1685 τῆς
1559 1617 1716 1687 δόξης

147 1701 519 1770 ἐσταύρωσαν.
553 1707 668 1760 Οὐκ
700 1707 858 1762 ἀλλον
889 1710 945 1763 δὲ
973 1709 1159 1764 δοῦλον
1189 1710 1414 1763 ἔπαισεν
1438 1711 1465 1762 6
1485 1711 1714 1780 Πέτρος,

146 1790 270 1843 ἀλλά
300 1794 397 1845 τοῦ
425 1796 754 1868 ἀρχιερέως.
799 1803 860 1852 Οἱ
887 1800 996 1871 γὰρ
1035 1801 1312 1872 ἀρχιερεῖς
1375 1802 1577 1871 πρῶτοι
1608 1800 1716 1852 τῶν

147 1881 369 1950 Γραφιῖω
427 1887 768 1957 παρήκουον,
802 1869 978 1944 δοῦλοι
1271 1891 1366 1945 κα)⁸
1418 1869 1714 1960 -φιλαυτίας
1745 1869 1792 1928 Β

145 1974 444 2043 γενόμενοι.
503 1974 638 2032 Eine
690 1981 746 2034 δὲ
805 1985 916 2046 τοῖς
955 1983 1135 2053 ὄχλοις
1166 2000 1180 2015 ⁶
1233 1982 1322 2047 Ὠς
1369 1984 1464 2037 ἐπὶ
1513 1983 1716 2054 λῃστὴν

148 2067 419 2138 ἐξήλθετε·
451 2071 579 2124 καθ’
606 2073 822 2144 ἡμέραν
857 2075 1134 2128 ἐδίδασκον
1171 2077 1229 2128 ἐν
1252 2075 1328 2146 τῷ
1354 2075 1506 2148 ἱερῷ.
1546 2074 1718 2130 Τοῦτο

146 2159 196 2212 δὲ
226 2161 324 2229 τὴν
358 2161 598 2234 θεότητα
634 2166 802 2218 αὑτοῦ
852 2167 1146 2222 δείκνυσιν.
1195 2169 1325 2221 Ὅτε
1383 2169 1492 2238 γάρ
1545 2171 1602 2222 ἐν
1641 2169 1717 2240 τῷ

149 2251 271 2323 ιερῷ
329 2253 640 2321 ἐδίδασκεν,
698 2257 798 2310 οὐκ
856 2259 1204 2330 ἠδυνήθησαν
1253 2259 1416 2314 αὑτὸν
1473 2263 1714 2331 συσχεῖν,

147 2346 311 2401 καίτοι
339 2347 399 2400 ἐν
430 2349 630 2420 χερσὶν
662 2350 841 2403 αὐτῶν
875 2351 1025 2417 ὅντα,
1057 2353 1140 2406 ὅτι
1177 2355 1342 2423 μήπω
1377 2356 1404 2408 6
1427 2353 1619 2423 καιρὸς
1647 2349 1716 2424 ἦν

146 2436 231 2490 τοῦ
261 2437 499 2502 πάθους.
534 2440 663 2493 Ὅτε
711 2441 767 2494 δὲ
807 2443 1062 2514 ἠθέλησε,
1084 2445 1206 2497 τότε
1237 2446 1428 2498 ἐαυτὸν
1471 2445 1718 2515 παρέδωο

146 2543 250 2592 κεν,
293 2529 379 2582 ἶνα
431 2531 800 2600 πληρωθῶσιν
846 2536 902 2588 αί
973 2537 1190 2608 Γραφαὶ
1242 2536 1352 2591 τῶν
1399 2534 1715 2608 προφητῶν,

149 2619 222 2671 ὅτι
261 2618 350 2684 '0;
385 2622 672 2690 πρόϐατον
725 2625 817 2677 ἐπὶ
869 2629 1085 2698 σφαγὴν
1131 2629 1294 2700 ἤχθη,
1349 2629 1448 2682 οὐκ
1495 2628 1713 2700 ἐρίζων,

149 2709 259 2764 οὐδὲ
292 2712 652 2782 κραυγάζων,
682 2715 797 2769 ἀλλ’
843 2717 1111 2789 ἑπόμενος
1143 2719 1304 2775 ἑκών.

215 2904 232 2936 ι
258 2886 364 2938 Καὶ
393 2888 633 2956 ἀφέντες
661 2891 824 2945 αὐτὸν
849 2891 1072 2956 πάντες,
1101 2893 1318 2963 ἔφυγον.
1373 2895 1479 2948 Καὶ
1503 2889 1583 2959 εἷς
1627 2912 1714 2958 τις

148 2979 415 3042 νεανίσκος
455 2981 742 3051 ἠκολούθει
772 2984 943 3056 αὐτῷ,
980 2986 1442 3058 περιϐεϐλημένος
1498 2988 1711 3041 σινδόνα

149 3071 231 3122 ἐπὶ
258 3078 498 3142 γυμνοῦ.
539 3075 649 3130 Καὶ
676 3078 971 3148 κρατοῦσιν
1004 3081 1171 3134 αὑτὸν
1220 3082 1270 3134 οἱ
1317 3080 1608 3136 νεανίσκοι.
1653 3081 1713 3134 Ὀ

1821 624 1983 676 esset.
2019 614 2089 668 ita
2121 623 2310 669 contra
2333 614 2645 682 magistrum
2675 617 3008 673 insaniverit.
3041 619 3172 674 Vide
3208 606 3388 674 autem

1821 712 2094 771 stuporem
2145 703 2307 766 illius,
2351 703 2623 771 quomodo
2661 705 2862 772 putarit
2907 720 3066 775 posse
3099 707 3384 760 Dominum

1822 794 2025 859 latere,
2074 797 2216 864 quod
2271 810 2368 866 pro
2410 794 2588 848 amico
2647 795 2924 850 habendus
2973 807 3115 852 esset
3170 805 3387 868 propter

1820 886 2063 942 osculum
2091 902 2106 950 ;
2141 902 2263 940 nam
2300 889 2343 942 si
2379 889 2584 942 amicus
2614 897 2752 954 erat,
2800 903 2968 957 quare
3001 905 3121 942 cum
3153 888 3387 943 inimicis

1821 978 2117 1036 veniebat?
2148 963 2356 1034 Revera
2400 980 2602 1034 malitia
2637 995 2850 1048 semper
2891 980 3053 1034 stulta
3102 988 3201 1034 est.
3242 979 3390 1035 Unus

1822 1082 2000 1127 autem
2032 1073 2298 1142 quispiam
2328 1073 2644 1136 astantium,
2675 1071 2868 1127 Petrus
2900 1071 2989 1126 hic
3021 1081 3160 1134 erat,
3191 1071 3389 1126 obticet

1820 1175 2003 1217 autem
2046 1179 2238 1218 nomen
2283 1163 2402 1233 ejus
2435 1162 2667 1227 Marcus,
2706 1172 2763 1216 ut
2792 1175 2858 1216 ne
2893 1161 3136 1216 videatur
3171 1163 3390 1217 laudare

1821 1264 2209 1322 praeceptorem
2267 1267 2424 1308 suum
2481 1254 2697 1309 Petrum
2755 1252 2975 1322 majoris
3024 1267 3124 1322 pro
3175 1253 3392 1308 Christo

1820 1343 1942 1398 Zeli.
1977 1342 2142 1398 liecte
2175 1353 2352 1399 autem
2384 1345 2681 1400 auriculam
2718 1351 2858 1399 servi
2907 1346 3104 1402 summi
3138 1348 3389 1400 sacerdo-

1822 1433 1890 1487 tis
1927 1437 2248 1505 amputavit.
2291 1436 2475 1490 lnnuit
2506 1438 2650 1492 enim
2689 1437 2829 1506 quod
2877 1439 3066 1494 audire
3096 1439 3299 1493 nollent
3335 1448 3391 1493 et

1819 1527 2062 1596 credere,
2103 1537 2511 1585 contemnentes
2553 1530 2885 1599 Scripturas.
2939 1531 2993 1584 Si
3048 1531 3190 1585 enim
3226 1546 3385 1584 aures

1819 1619 2134 1674 habuissent
2168 1635 2289 1690 quae
2329 1619 2639 1691 Scripturas
2668 1623 3008 1687 exaudirent,
3044 1637 3387 1690 nequaquam

1821 1707 2108 1764 Dominum
2145 1710 2330 1780 gloria:
2377 1711 2798 1767 cruciﬁxissent.
2838 1710 2952 1767 Non
2997 1723 3174 1766 autem
3224 1712 3386 1765 alium

1821 1817 1981 1871 quam
2022 1802 2292 1871 pontiﬁcis
2341 1818 2556 1858 servum
2606 1805 2872 1872 percussit
2913 1805 3125 1859 Petrus.
3169 1803 3392 1858 Pontiﬁ~

1821 1907 1912 1948 ces
1942 1891 2085 1947 enim
2117 1894 2275 1963 primi
2318 1892 2632 1963 Scripturas
2669 1897 3120 1964 aSpernabantur,
3156 1894 3278 1948 facti
3311 1896 3393 1948 in-

1819 1985 1976 2039 vidiae
2021 1993 2075 2038 et
2112 1986 2195 2038 sui
2234 1985 2472 2053 ipsorum
2506 1985 2705 2038 amoris
2755 1986 3040 2056 mancipia.
3091 1986 3231 2040 Dixit
3262 1987 3388 2040 item

1822 2076 1992 2132 turbis
2042 2095 2054 2132 :
2103 2077 2384 2148 Tanquam
2438 2077 2505 2131 ad
2554 2077 2816 2131 latronem
2871 2079 2936 2131 ad
2986 2092 3072 2133 me
3121 2077 3388 2138 exivistis.

1819 2168 2061 2236 quotidie
2097 2170 2354 2224 docebam
2405 2169 2457 2224 in
2491 2168 2711 2239 templo.
2756 2168 2868 2224 Hoc
2917 2180 3097 2225 autem
3135 2171 3391 2224 divinita—

1819 2268 1924 2313 tem
1971 2259 2090 2328 ejus
2130 2260 2487 2315 monstrabat.
2519 2259 2750 2328 Quando
2783 2262 2926 2316 enim
2974 2262 3026 2316 in
3071 2259 3268 2331 templo
3295 2261 3391 2314 do-

1819 2349 1997 2414 cebat,
2029 2366 2131 2404 non
2169 2361 2462 2421 potuerunt
2495 2352 2644 2408 illum
2679 2354 3162 2420 comprehendere,
3200 2368 3392 2423 quam-

1820 2441 1904 2495 vis
1933 2441 1984 2494 in
2019 2441 2229 2496 illorum
2262 2445 2512 2500 manibus
2553 2451 2724 2509 esset,
2758 2443 2881 2512 quia
2917 2444 3153 2499 nondum
3182 2454 3392 2514 tempus

1817 2540 1933 2587 erat
1965 2533 2472 2601 patiendi;quaudo
2522 2546 2700 2590 autem
2751 2535 2942 2602 voluit,
2995 2544 3125 2591 tunc
3150 2535 3387 2604 seipsum

1815 2623 2029 2685 obtulit,
2064 2632 2122 2678 nt
2147 2623 2473 2693 impleantur
2506 2624 2797 2695 Scripturze
2821 2626 3197 2696 prophetarum
3227 2624 3388 2694 253

1817 2714 1957 2782 quod
2011 2711 2160 2770 Sicut
2191 2715 2308 2770 ovis
2370 2719 2438 2771 ad
2491 2716 2815 2772 occisionem
2873 2716 3066 2773 ductus
3119 2717 3218 2780 sit,
3283 2731 3388 2770 non

1817 2804 2167 2872 contendens,
2209 2820 2386 2877 neque
2413 2805 2676 2872 clamans,
2701 2808 2794 2862 sed
2818 2821 2912 2861 sua
2934 2815 3122 2876 sponte
3137 2817 3387 2874 sequens.

1892 2895 2052 2952 Vens.
2100 2895 2288 2953 50-5-4.
2330 2916 2350 2951 ι
2403 2897 2466 2952 Ει
2518 2897 2706 2954 relicto
2746 2898 2834 2952 illo
2879 2911 3068 2952 omnes
3112 2897 3389 2968 fugerunt.

1814 2989 1882 3042 Et
1922 3003 2062 3044 unus
2090 2989 2354 3060 quispiam
2380 2990 2811 3046 adolescentulus
2854 2990 3186 3060 sequebatur
3237 2989 3386 3042 illum

1815 3080 2259 3136 circumamictus
2283 3082 2509 3138 sindone
2526 3097 2690 3148 super
2709 3082 2934 3146 nudum,
2959 3092 3016 3135 et
3033 3081 3388 3150 comprehen-

145 3164 214 3226 δέ,
235 3167 559 3222 καταλιπὼν
574 3170 672 3240 τὴν
691 3172 925 3236 σινδόνα,
945 3173 1150 3243 γυμνὸς
1169 3173 1366 3242 ἔφυγεν
1388 3174 1484 3227 ἀπ’
1507 3173 1706 3227 αὐτῶν.

1821 3171 1948 3226 dunt
1988 3171 2136 3226 illum
2179 3172 2585 3229 adolescentuli.
2629 3173 2722 3228 llle
2765 3187 2891 3229 vero
2936 3173 3122 3228 relicta
3161 3173 3388 3228 sindone

149 3258 242 3310 Kal
258 3260 555 3330 ἀπήγαγον
568 3262 658 3317 τὸν
691 3263 898 3334 Ἰησοῦν
919 3265 1053 3336 πρὸς
1070 3266 1160 3318 τὸν
1191 3266 1472 3336 ἀρχιερέα,
1496 3267 1590 3319 καὶ
1613 3283 1706 3320 συ-

148 3349 413 3420 νέρχονται
453 3353 601 3424 αὐτῷ
619 3354 816 3418 πάντες
843 3358 890 3408 οἱ
913 3357 1212 3429 ἀρχιερεῖς,
1233 3358 1326 3410 καὶ
1347 3358 1394 3411 οἱ
1417 3357 1715 3429 πρεσϐύτε-

151 3455 223 3509 ροι
267 3443 358 3496 καὶ
381 3444 448 3496 οῑ
479 3444 855 3515 Γραμματεῖς.
896 3449 1004 3500 Καὶ
1029 3451 1056 3501 ὀ
1088 3449 1289 3520 Πέτρος
1311 3450 1418 3503 ἀπὸ
1444 3451 1712 3520 μακρόθεν

146 3533 513 3606 ἠκολούθησεν
560 3538 708 3608 αὐτῷ
733 3538 840 3601 ἕως
866 3539 974 3591 ἔσω
996 3540 1074 3602 είς
1099 3539 1195 3610 τὴν
1225 3540 1394 3610 αὐλὴν
1419 3541 1512 3594 τοῦ
1538 3544 1716 3612 ἀρχιεο

153 3623 294 3692 ρέως,
324 3631 433 3679 καὶ
455 3623 523 3697 ἦν
571 3627 985 3700 συγκαθήμενος
1010 3629 1150 3700 μετά
1183 3630 1291 3682 τῶν
1314 3630 1602 3700 ὑπηρετῶν
1621 3633 1716 3685 καὶ

154 3715 575 3790 Θερμαινόμενος
614 3721 748 3790 πρὸς
776 3722 837 3774 τὸ
883 3721 1020 3790 φῶς.
1055 3742 1074 3775 ι
1105 3722 1344 3791 Ἔφυγον
1375 3724 1424 3776 οἱ
1452 3722 1711 3793 μαθηταί.

159 3810 262 3862 Οὐκ
281 3807 347 3882 ἦν
372 3812 484 3881 γὰρ
515 3811 822 3881 ψεύσασθαι
855 3813 953 3884 τὴν
980 3814 1374 3884 αύτοαλήθειαν
1399 3853 1414 3878 ,
1442 3814 1562 3867 ούδὲ
1589 3815 1717 3878 τοὺς

154 3903 446 3971 προφήτας.
478 3897 574 3966 Εἷς
601 3903 659 3957 δέ
689 3921 770 3968 τις
797 3905 1076 3966 νεανίσκος
1115 3904 1482 3976 ἠκολούθησεν
1542 3904 1714 3974 αὐτῷ.

154 3986 307 4056 Οὗτος
339 3995 394 4047 δὲ
424 3997 454 4048 6
496 3994 776 4059 νεανίσκος
800 3995 945 4058 εἰκὸς
974 3996 1056 4048 ὅτι
1089 3996 1152 4048 ἐκ
1195 3997 1294 4064 τῆς
1339 3995 1516 4057 οἰκίας
1568 3994 1715 4047 ἐκεί-

153 4099 241 4151 νης
267 4079 353 4154 ἦν,
379 4087 438 4138 ἐν
534 4085 734 4154 ἔφαγον
760 4087 822 4141 τὸ
855 4087 1058 4156 πάσχα.
1077 4088 1235 4152 Τινὲς
1259 4088 1316 4140 δέ
1336 4105 1468 4158 φασι
1502 4087 1711 4154 τοῦτον,

151 4172 396 4230 Ἰάκωϐον
453 4173 594 4232 εἶναι
641 4179 732 4231 τὸν
783 4179 1148 4248 ἀδελφόθεον,
1207 4181 1299 4234 τὸν
1356 4180 1718 4250 ἐπικληθέντα

155 4265 382 4323 Δίκαιον.
423 4264 596 4334 Οὗτος
637 4271 746 4342 γὰρ
788 4272 870 4325 ἐνὶ
925 4273 1260 4344 περιϐολαίῳ
1295 4275 1559 4345 ἐκέχρητο
1613 4265 1718 4327 ad;

155 4369 245 4406 σαν
285 4356 377 4429 τὴν
415 4358 588 4413 αὑτοῦ
623 4360 770 4430 ζωήν
794 4377 810 4392 ⁸
848 4361 909 4426 ὃς
938 4363 1032 4416 καὶ
1060 4363 1152 4417 τὸν
1201 4362 1390 4434 θρόνον
1415 4363 1521 4417 τῶν
1553 4364 1716 4435 Ἰερο-

155 4447 389 4518 σολύμων
422 4451 578 4520 παρά
603 4452 712 4506 τῶν
740 4453 1052 4508 ἀποστόλων
1091 4454 1248 4508 ἔλαϐε
1295 4437 1436 4525 ¹μετ-ἀ
1474 4455 1572 4526 τὴν
1620 4455 1714 4508 τοῦ

1818 3262 1993 3320 nudus
2019 3263 2200 3333 eﬁ‘ugit
2228 3266 2298 3321 ab
2325 3267 2450 3321 illis.
2481 3267 2546 3320 Et
2572 3265 2910 3322 abduxerunt
2932 3266 3116 3320 Jesnm
3146 3267 3211 3320 ad
3233 3281 3389 3321 smn-

1816 3367 1960 3406 mum
2008 3355 2380 3419 sacerdotem,
2419 3362 2474 3408 et
2523 3351 2853 3408 conveniunt
2895 3369 3016 3407 cum
3065 3353 3158 3407 illo
3201 3367 3390 3407 omnes

1813 3444 2009 3498 summi
2045 3445 2356 3500 sacerdotes
2393 3452 2448 3500 et
2493 3446 2736 3500 seniores
2761 3457 2813 3500 et
2839 3445 3068 3502 Scriba.
3100 3445 3168 3500 Et
3195 3444 3386 3500 Petrus

1813 3536 2027 3590 eminus
2071 3537 2400 3604 sequebatur
2450 3535 2600 3595 illum
2657 3538 2800 3593 intro
2853 3552 3025 3608 usque
3078 3538 3130 3590 in
3185 3536 3386 3590 atrium

1814 3627 2011 3682 summi
2037 3629 2362 3692 sacerdotis,
2383 3637 2438 3682 et
2464 3637 2583 3682 erat
2605 3630 2801 3683 sedens
2825 3645 2926 3682 una
2953 3643 3073 3683 cum
3096 3627 3384 3691 ministris,

1814 3731 1869 3775 et
1897 3720 2176 3776 caleﬁebat
2205 3721 2503 3776 ad-lumen.
2537 3741 2556 3774 ι
2591 3721 2866 3791 Fugerunt
2913 3721 3186 3792 discipuli,
3213 3735 3388 3790 neque

1814 3813 1958 3867 enim
1989 3813 2205 3868 mentiri
2236 3823 2447 3882 poterat
2477 3813 2676 3868 veritas
2701 3813 2840 3882 ipsa,
2875 3828 3047 3882 neque
3085 3814 3385 3882 propheta.

1816 3903 2266 3959 Adolescentulus
2290 3914 2470 3958 autem
2502 3904 2770 3974 quispiam
2805 3903 3147 3973 sequebatur.
3183 3903 3388 3958 Verisi-

1818 3994 1943 4049 mile
1988 4005 2072 4049 est
2117 3995 2258 4064 quod
2311 3994 2397 4049 hic
2442 3994 2876 4051 adolescentulus
2926 4003 3046 4049 erat
3091 3994 3306 4064 quidam
3355 4010 3388 4048 ο

1816 4087 1976 4141 domo
2019 4087 2070 4141 in
2115 4101 2218 4157 qua
2259 4089 2606 4142 comederunt
2650 4089 2872 4157 pascha.
2923 4086 3154 4154 Quidam
3202 4099 3384 4142 autem

1816 4179 2000 4235 dicunt
2031 4179 2175 4234 illum
2222 4179 2390 4235 fuisse
2432 4179 2690 4235 Iacobum
2741 4178 2960 4247 fratrem
3006 4179 3254 4244 Domini,
3290 4179 3389 4248 qui

1818 4273 2300 4342 cognominabatur
2334 4269 2541 4328 Justus.
2581 4271 2679 4327 llic
2719 4271 2864 4328 enim
2909 4288 3014 4328 una
3064 4280 3212 4326 veste
3260 4285 3390 4326 usus

1817 4368 1902 4414 est
1931 4375 2025 4427 per
2052 4374 2266 4414 omnem
2295 4361 2460 4414 vitam
2489 4375 2666 4427 suam,
2693 4361 2808 4431 qui,
2840 4369 2894 4416 et
2922 4363 3104 4416 sedem
3139 4358 3390 4415 Hieroso-

1818 4449 2136 4522 lymitanam
2169 4450 2238 4504 ah
2272 4451 2533 4520 apostolis
2567 4452 2777 4521 accepit
2809 4462 2931 4521 post
2966 4453 3388 4522 assumptionem

156 4539 347 4610 Κυρίου
393 4543 684 4614 ἀνάληψιν.
722 4544 831 4598 Καὶ
866 4538 1022 4609 οὗτος
1049 4547 1234 4600 τοίνυν
1271 4546 1585 4603 καταλιπὼν
1618 4549 1713 4614 τὴν

1823 4539 2053 4596 Domini.
2105 4541 2171 4595 Et
2217 4541 2303 4596 hic
2347 4543 2512 4612 igitur
2548 4542 2734 4598 relicta
2777 4543 3004 4598 sindone
3047 4542 3200 4613 fugit.
3250 4541 3398 4598 Nihil

155 4634 373 4700 σινδόνα,
405 4638 629 4705 ἔφυγεν.
673 4638 839 4693 Οὐδὲν
859 4638 916 4692 δὲ
944 4638 1129 4692 καινὸν
1161 4640 1211 4693 εί
1251 4640 1362 4694 τῶν
1399 4639 1712 4711 κορυφαίων

153 4727 426 4793 φυγόντων
451 4769 467 4795 ,
495 4731 589 4783 καὶ
631 4724 785 4794 οὗτος
830 4730 1090 4785 κατέλιπε
1133 4731 1224 4784 τὸν
1275 4731 1503 4802 Κύριον.
1572 4730 1712 4784 Ἀλλ’

151 4817 234 4884 ὅγε
277 4822 484 4890 Πέτρος
530 4823 829 4890 ἀκολουθεῖ,
889 4823 1233 4894 θερμοτάτην
1279 4825 1498 4894 ἀγάπην
1570 4823 1710 4895 πρὸς

154 4910 238 4963 τὸν
265 4897 596 4968 Διδάσκαλον
630 4916 1062 4987 ἐκδεικνύμενος.
1086 4917 1192 4970 Τοῦ
1228 4917 1283 4970 δὲ
1308 4917 1474 4986 νόμου
1527 4916 1713 4970 κελεύο

151 5019 290 5068 οντος
346 5007 445 5060 ἕνα
497 5005 636 5061 εἶναι
695 5009 954 5080 ἀρχιερέα
1006 5009 1096 5063 διὰ
1142 5008 1258 5079 βίου
1286 5049 1301 5074 ,
1347 5007 1534 5061 πολλοὶ
1584 5008 1710 5061 τότε

151 5085 304 5159 ἦσαν,
372 5096 740 5167 ἐξωνούμενοι
795 5099 917 5152 καθ’
973 5098 1204 5151 ’ἑκαστον
1257 5097 1508 5152 ἐνιαυτὸν
1557 5097 1709 5169 παρά

164 5180 444 5252 Ῥωμαίων
474 5190 575 5252 τὰς
602 5189 799 5259 ἀρχάς.
832 5191 1129 5260 ’Δρχιερεῖς
1150 5185 1241 5242 οῦν
1258 5189 1428 5256 λέγει,
1452 5189 1578 5252 τοὺς
1606 5191 1707 5262 ήδη

154 5277 574 5347 πεπληρωκότας
629 5281 722 5334 τὸν
768 5281 1066 5352 ὡρισμένον
1104 5281 1294 5353 καιρὸν
1343 5282 1560 5346 αὐτοῖς,
1617 5283 1709 5336 καὶ

155 5364 615 5440 ἀποϐαλλομένους
642 5374 742 5444 τὴν
778 5373 1206 5445 ἀρχιερωσύνην.

227 5474 245 5506 ι
266 5457 326 5508 Oi
355 5459 412 5512 δὲ
439 5462 711 5531 ἀρχιερεῖς
749 5463 842 5517 καὶ
867 5463 986 5516 ὅλον
1035 5463 1097 5516 τὸ
1134 5463 1409 5534 συνέδριον
1481 5463 1709 5534 ἐζήτουν

157 5547 290 5600 κατά
319 5549 412 5602 τοῦ
461 5551 638 5621 Ἰησοῦ
672 5555 976 5626 μαρτυρίαν
1005 5557 1085 5618 εἰς
1111 5556 1171 5609 τὸ
1191 5555 1501 5609 θανατῶσαι
1521 5556 1704 5610 αὐτόν·

155 5638 242 5690 καὶ
271 5639 368 5710 οὐχ
393 5642 664 5713 εὕρισκον.
704 5644 895 5698 Πολλοὶ
916 5646 1024 5716 γὰρ
1059 5645 1568 5716 ἐψευδομαρτύρουν
1590 5646 1709 5700 κατ’

159 5726 333 5794 αὐτοῦ,
374 5735 464 5786 καὶ
492 5735 607 5789 ἴσαι
651 5737 708 5790 αί
747 5725 1041 5807 μαρτυρίαι
1093 5737 1193 5791 οὐκ
1221 5731 1381 5806 ἦσαν.
1418 5737 1526 5792 Καί
1561 5753 1707 5802 τινες

159 5813 494 5894 ἀναστάντες,
527 5825 1030 5901 ἐψευδομαρτύρουν
1065 5829 1194 5885 κατ’
1225 5829 1409 5900 αὑτοῦ,
1433 5830 1705 5900 λέγοντες,

1820 4642 1999 4688 autem
2033 4634 2154 4688 novi
2186 4633 2231 4689 si
2269 4633 2601 4704 fugientibus
2634 4635 2922 4704 praecipuis
2948 4635 3109 4690 etiam
3153 4635 3238 4689 hic
3268 4635 3393 4689 reli-

1821 4725 1998 4794 querit
2029 4723 2336 4780 Dominum.
2370 4725 2560 4780 Petrus
2590 4740 2720 4782 vero
2763 4736 2982 4782 secutus
3032 4736 3134 4794 cst,
3169 4726 3394 4800 amplio-

1821 4830 1932 4870 rem
1961 4831 2086 4887 erga
2115 4817 2400 4872 Dominum
2423 4817 2704 4873 declarans
2744 4834 3008 4872 amorem.
3053 4819 3184 4892 Cum
3215 4829 3392 4872 autem

1819 4906 1908 4961 lex
1957 4909 2275 4977 praeciperet
2325 4924 2491 4963 unutn
2542 4923 2665 4964 esse
2707 4909 3024 4978 pontiﬁcem
3080 4923 3174 4978 per
3223 4918 3390 4963 totam

1821 4997 2017 5065 vitam,
2054 4999 2204 5052 multi
2253 5007 2380 5053 tunc
2417 5005 2575 5054 erant
2611 5007 2856 5052 ementes
2892 4996 3183 5066 quotannis
3210 5012 3238 5050 a
3280 4995 3392 5050 Ro-

1822 5089 1997 5144 manis
2025 5089 2381 5160 principatus.
2425 5088 2716 5144 Pontiﬁees
2752 5089 2933 5158 itaque
2976 5087 3107 5141 dicit
3138 5103 3233 5143 eos
3253 5128 3269 5153 ,
3298 5090 3390 5158 qui

1821 5189 2034 5252 tempus
2065 5196 2218 5237 suum
2248 5182 2358 5252 jam
2391 5191 2709 5252 exegerant,
2739 5191 2794 5236 et
2823 5180 3194 5251 pontiﬁcatum
3226 5181 3391 5251 depo-

1818 5285 2056 5330 suerant.

1895 5457 2054 5514 Vens.
2088 5458 2269 5514 55-6l.
2303 5478 2321 5511 ι
2351 5456 2640 5514 Pontiﬁces
2669 5471 2798 5513 vero
2822 5464 2876 5510 et
2904 5464 3073 5511 totum
3101 5457 3389 5515 consilium

1817 5554 2136 5622 quaerebant
2178 5553 2440 5607 adversus
2485 5549 2668 5607 Jesum
2715 5550 3079 5605 testimonium
3127 5561 3186 5606 ut
3229 5555 3388 5607 morti

1819 5644 2098 5699 traderent
2128 5657 2275 5711 eum,
2327 5658 2424 5698 nec
2453 5642 2819 5698 inveniebant.
2854 5639 2987 5696 Nam
3016 5641 3171 5696 multi
3196 5640 3388 5696 falsum

1821 5733 2185 5790 testimonium
2237 5734 2488 5791 dixerant
2532 5735 2795 5791 adversus
2851 5734 3034 5801 illum,
3085 5749 3183 5789 nec
3233 5742 3388 5788 erant

1817 5826 1954 5884 satis
1986 5826 2180 5885 idonea
2217 5827 2548 5888 testimonia.
2589 5828 2654 5885 Et
2685 5827 2906 5900 quidam
2942 5827 3297 5896 assurgebant
3330 5836 3385 5881 et
