3866 6448
484 315 592 379 663
1176 317 1178 320 ’
1450 318 2030 381 THEOPHYLACTI
2067 317 2478 380 BULGARI/E
2520 321 2877 382 ARCHIEP.
3587 335 3668 399 εει

483 425 528 476 εἴ
572 443 700 479 ποτε
737 407 796 492 ἐξ
825 427 1156 499 ἀπροσεξίας
1192 428 1529 499 πταίσωμεν,
1573 430 1786 500 ἔχωμεν
1834 429 2043 500 ἀφορᾷν
2076 429 2155 493 είς
2211 428 2281 483 τὰ
2337 431 2780 503 παραδείγματα,
2819 431 2912 486 καὶ
2955 429 3045 488 διὰ
3071 433 3353 504 μετανοίας
3412 439 3675 517 σπεύδωμεν

480 523 880 594 διορθωθῆναι.]

1066 645 1292 702 CAPUT
1330 645 1443 702 XV.
2075 648 2125 706 Α

2075 648 2125 706 Α
2753 639 3004 693 unum.
3039 639 3137 702 ιες.

477 733 547 786 De
581 738 850 811 tormentis
878 754 996 811 qua
1023 741 1115 792 sub
1151 739 1324 792 Pilato
1359 755 1629 811 perpessus
1663 749 1759 793 est.
1805 739 1880 793 De
1917 755 2004 792 com

2157 737 2293 806 Περὶ
2321 733 2408 811 ὧν
2432 736 2784 811 {nuder-ent
2804 737 2910 791 τοῦ
2935 736 3216 811 Πιλάτου.
3249 736 3384 805 Περὶ
3403 737 3496 811 τοῦ
3517 740 3672 811 ἔθους.

542 807 841 863 suetudine.
879 805 953 862 De
979 811 1223 878 petitione
1248 805 1476 872 corporis
1509 810 1740 866 Domini.
1770 811 1841 864 De
1873 811 2047 879 sepul-

2223 809 2362 880 Περί
2392 808 2503 880 τῆς
2542 806 2836 880 αιτήςεως
2876 805 2984 860 τοῦ
3025 807 3302 877 σώματος
3329 807 3431 862 τοῦ
3478 805 3674 880 Κυρίού.

541 887 684 930 tura.
979 875 986 878 ⁷
1928 875 1937 879 ’

1928 875 1937 879 ’
2226 875 2366 947 Περὶ
2402 877 2514 946 τῆς
2540 875 2756 946 ταφῆς.

547 989 711 1046 Vens.
746 993 895 1047 l-l5.
933 1011 952 1044 ι
987 993 1052 1047 Ει
1076 993 1359 1050 confestim
1392 995 1628 1050 diluculo
1658 995 1887 1051 cousdio
1909 995 2045 1050 inito

2230 1014 2250 1047 ι
2288 993 2398 1048 Καὶ
2429 993 2633 1056 εὐθέως
2667 993 2760 1046 ἐπὶ
2787 992 2849 1044 τὸ
2885 992 3052 1061 πρωῒ,
3087 992 3412 1063 συμϐούλιον
3458 997 3671 1068 ποιῆσαν·

476 1084 667 1134 summi
697 1085 1011 1138 sacerdotes
1040 1100 1162 1139 curn
1195 1085 1502 1140 senioribus
1528 1095 1584 1140 et
1613 1085 1819 1140 Scribis
1841 1102 1904 1141 ac
1935 1094 2003 1142 tot

2162 1104 2253 1150 τες
2292 1087 2342 1139 οἱ
2383 1087 2662 1156 ἀρχιερεῖς
2691 1083 2832 1155 μετὰ
2861 1083 2970 1137 τῶν
2995 1083 3386 1156 πρεσϐυτέρων
3412 1088 3497 1139 καί
3526 1088 3672 1158 Γραμ-

471 1189 731 1229 consessu
777 1177 1017 1230 vinctum
1047 1174 1229 1230 Jesum
1263 1177 1636 1242 abduxerunt,
1678 1178 1998 1231 tradiderunt

2157 1177 2396 1249 ματέων,
2429 1176 2526 1229 καὶ
2583 1175 2705 1227 ὅλον
2747 1174 2808 1227 τὸ
2849 1173 3146 1244 συνέδριον,
3188 1173 3445 1245 δήσαντες
3487 1176 3566 1230 τὸν
3597 1179 3675 1249 ’1ηι

471 1281 573 1334 que
605 1267 797 1320 Pilato.
835 1267 898 1320 Et
935 1266 1292 1337 interrogavit
1316 1282 1436 1322 eum
1470 1266 1678 1322 Pilatus
1707 1287 1718 1322 :
1753 1266 1834 1322 Tu
1865 1283 1924 1322 es
1958 1268 1998 1321 il.

2155 1269 2283 1324 σοῦν
2305 1309 2321 1334 ,
2372 1257 2694 1338 ἀπήνεγκαν
2744 1266 2836 1320 καὶ
2894 1265 3218 1334 παρέδωκαν
3252 1264 3329 1335 τῷ
3359 1266 3572 1338 nam.
3594 1271 3675 1323 Καὶ

471 1373 563 1411 rex
601 1352 953 1412 Iudaeorum?
993 1360 1064 1412 At
1106 1359 1193 1414 ille
1241 1360 1575 1429 respondens
1617 1359 1752 1414 dixit
1800 1360 1874 1414 illi
1911 1377 1926 1412 :
1963 1360 1998 1414 Ἱ

2156 1361 2519 1433 ἐπηρώτησεν
2559 1359 2723 1413 αὐτὸν
2771 1359 2800 1411 ὁ
2863 1359 3094 1421 Πιλάτος
3120 1375 3134 1389 ·
3162 1359 3236 1412 Σὺ
3300 1355 3350 1412 ei
3400 1363 3426 1412 ὁ
3477 1360 3675 1430 βασιλεὺς

469 1450 624 1506 dicis.
651 1450 716 1505 Et
745 1452 1072 1506 accusabant
1096 1467 1222 1507 eum
1253 1453 1449 1508 summi
1475 1455 1786 1508 sacerdotes
1813 1453 1880 1508 de
1907 1470 1994 1507 mu

2152 1456 2259 1508 τῶν
2294 1454 2601 1518 Ἰουδαίων;
2649 1451 2706 1506 '0
2728 1451 2786 1504 δὲ
2818 1451 3138 1522 ἀποκριθεὶς
3159 1448 3314 1506 εἶπεν
3342 1451 3587 1521 αύτῷοΣὺ
3613 1455 3674 1508 λέ-

470 1544 562 1596 tis.
592 1543 798 1598 Pilatus
830 1552 1010 1598 autem
1041 1560 1229 1599 rursus
1267 1545 1620 1614 interrogavit
1650 1545 1796 1599 illum
1826 1545 1997 1600 dicent

2153 1565 2266 1616 γεις
2288 1563 2302 1577 ·
2339 1547 2434 1599 καὶ⁹
2472 1546 2813 1614 κατηγόρουν
2844 1543 3009 1597 αὐτοῦ
3040 1545 3089 1595 οί
3119 1544 3396 1615 ἀρχιερεῖς
3440 1545 3604 1598 πολλά.
3632 1548 3673 1600 '0

467 1632 582 1686 Non
608 1637 898 1703 respondes
925 1637 1258 1707 quidquam?
1296 1637 1434 1695 Ecce
1466 1654 1628 1708 quam
1659 1639 1823 1693 multa
1854 1640 1988 1694 adve

2153 1639 2211 1693 δὲ
2246 1639 2498 1702 Πιλᾶτος,
2531 1636 2696 1691 πάλιν
2731 1635 3092 1707 ἐπηρώτησεν
3134 1636 3322 1698 αὑτὸν,
3369 1635 3527 1702 λέγων
3548 1655 3560 1668 ·
3587 1639 3673 1692 Οὐκ

467 1742 561 1782 sus
595 1737 644 1782 te
676 1737 965 1782 testantur.
1002 1728 1161 1784 Jesus
1199 1740 1380 1784 autem
1413 1731 1610 1786 deimle
1644 1731 1778 1786 nihil
1819 1747 1994 1801 respo:

2151 1731 2421 1802 ἀποκρίνῃ
2443 1730 2596 1784 οὐδέν
2622 1746 2636 1795 ;
2665 1728 2770 1781 Ἴδε
2803 1729 2944 1780 πόσα
2979 1745 3069 1781 σου
3099 1728 3605 1798 καταμαρτυροῦσιν.
3627 1729 3672 1782 '0

466 1818 576 1878 dit,
618 1819 752 1872 adeo
782 1827 840 1872 ut
876 1819 1248 1875 admiraretur
1288 1821 1514 1875 Pilatus.
1560 1820 1826 1876 Cazterum
1865 1822 1916 1874 in
1959 1822 1988 1875 d

2152 1824 2208 1876 δὲ
2239 1822 2445 1893 Ἰησοῦς
2505 1821 2605 1874 οὐκ
2635 1821 2717 1874 ἔτι
2749 1819 2900 1872 οὐδὲν
2926 1819 3202 1891 ἀπεκρίθη
3221 1858 3236 1882 ,
3271 1817 3407 1872 ὥστε
3428 1818 3674 1888 θαυμάζειν

469 1906 604 1959 festo
647 1908 951 1962 dimittebat
997 1910 1102 1964 illis
1134 1927 1297 1964 untnn
1339 1911 1615 1974 vinctum,
1642 1913 1996 1980 'quemcunqu

2152 1916 2244 1966 τὸν
2292 1913 2546 1968 Πιλάτον.
2602 1912 2760 1966 Κατὰ
2791 1911 2850 1965 δὲ
2890 1911 3084 1982 ἑορτὴν
3137 1911 3377 1965 ἀπέλυεν
3419 1912 3578 1974 αὐτοῖς
3603 1913 3673 1965 ἕνα

468 1999 852 2064 postulassent.
896 2000 1024 2054 Erat
1063 2009 1240 2053 autem
1288 2002 1378 2070 qui
1423 2001 1703 2056 dicebatur
1737 2001 1995 2057 Barabhas

2144 2007 2382 2077 δέσμιον,
2420 2007 2586 2076 ὅνπερ
2617 2005 2862 2077 ᾐτοῦντο.
2901 1999 3009 2058 Ἦν
3056 2004 3114 2058 δέ
3164 2007 3193 2058 ὁ
3232 2004 3509 2074 λεγόμενος
3561 2005 3671 2075 Βαρ-

466 2085 632 2156 256
667 2087 756 2156 qui
826 2103 946 2141 cum
996 2089 1275 2145 seditionis
1339 2092 1651 2146 auctoribus
1690 2091 1867 2147 fuerat
1919 2093 1993 2146 vir

2147 2098 2324 2162 αὕὸᾶς
2357 2102 2497 2169 μετᾶ
2548 2099 2656 2151 τῶν
2719 2097 3128 2152 συστασιαστῶν
3183 2095 3480 2166 δεδεμένος,
3523 2097 3672 2160 οἵτινες

465 2186 628 2244 ctus,
675 2178 763 2246 qui
810 2195 906 2249 per
946 2181 1264 2236 seditionem
1308 2183 1508 2238 caedem
1565 2195 1931 2251 patrarerant.
1979 2189 1992 2240 l

2145 2190 2202 2241 ἐν
2231 2191 2298 2258 τῇ
2338 2188 2527 2241 στάσει
2585 2187 2744 2256 φόνον
2795 2189 3224 2258 πεποιήκεισαν.
3260 2186 3375 2240 Καὶ
3419 2186 3671 2256 ἀναϐοήσας

467 2287 590 2324 cum
622 2271 980 2329 acclamasset
1013 2277 1191 2340 turba,
1224 2279 1388 2345 cmpit
1421 2275 1665 2347 ﬂagitare
1694 2280 1994 2348 quemadmc

2144 2281 2172 2332 ό
2203 2279 2381 2350 ὄχλος,
2424 2278 2628 2350 ἤρξατο
2650 2281 2942 2345 αἰτεῖσθαι,
2975 2279 3155 2343 καθὼς
3188 2279 3277 2333 ἀεὶ
3307 2279 3472 2332 ἐποίει
3510 2281 3665 2342 αὐτοῖς.

466 2365 595 2417 dum
638 2380 852 2433 semper
877 2368 1080 2422 fecerat
1113 2369 1264 2439 ipsis.
1305 2368 1512 2424 Pilatus
1548 2383 1729 2424 autem
1761 2372 1993 2442 respoud

2155 2371 2214 2424 '0
2227 2371 2283 2424 δὲ
2301 2371 2528 2435 Ima-.0;
2543 2371 2818 2442 ἀπεκρίθη
2837 2371 3241 2440 αὐτοῖς,λέγων·
3265 2371 3450 2425 Θέλετε
3468 2371 3669 2424 ἀπολύσω

465 2457 574 2516 es,
626 2457 857 2510 dicens:
911 2459 1091 2512 Vultis
1134 2458 1403 2513 dimittam
1455 2459 1606 2515 vobis
1660 2475 1839 2532 regem
1891 2462 1992 2516 illul

2143 2465 2271 2534 ὑμῖν
2287 2466 2378 2518 τὸν
2398 2462 2619 2533 βασιλέα
2641 2463 2746 2518 τῶν
2764 2463 3035 2518 Ἰουδαίων
3063 2482 3078 2530 ;
3101 2464 3372 2532 ἐγίνωσκε
3391 2463 3510 2531 γὰρ,
3527 2462 3668 2514 ὃτιόιὰ

463 2546 816 2602 Judzcorum?
867 2548 1085 2604 Sciebat
1133 2551 1279 2604 enim
1330 2553 1471 2622 quod
1517 2564 1738 2624 propter
1782 2554 1990 2610 invidia]

2142 2554 2335 2622 φθόνον
2359 2555 2838 2626 παραδεδώκεισαν
2864 2555 3026 2608 αὐτὸν
3049 2556 3099 2608 οἱ
3121 2556 3419 2626 ἀρχιερεῖς.
3445 2554 3500 2606 Οί
3523 2553 3571 2606 δὲ
3595 2552 3666 2623 ἀρ-

466 2642 814 2696 tradidisseut
855 2643 1005 2696 illum
1045 2645 1244 2698 summi
1287 2646 1617 2702 sacerdmes.
1661 2647 1869 2702 Summi
1911 2662 1993 2702 vel

2141 2651 2345 2718 χιερεῖς
2368 2647 2657 2701 ἀνέσεισαν
2684 2645 2775 2700 τὸν
2803 2645 2982 2716 ὄχλον,
3014 2645 3105 2700 ἵνα.
3145 2645 3351 2716 μᾶλλον
3379 2645 3464 2697 τὸν
3503 2644 3666 2710 Βαραδυ

463 2736 779 2790 sacerdotes
818 2737 1232 2791 concitaverunt
1269 2741 1480 2793 turbam
1523 2749 1579 2794 ut
1625 2740 1802 2809 potius
1837 2740 1990 2796 Baral

2142 2737 2244 2791 δᾶν
2270 2735 2518 2809 ἀπολύσῃ
2537 2737 2741 2800 αὐτοῖς.
2761 2735 2824 2788 '0
2849 2736 2906 2789 δὲ
2938 2735 3174 2798 Πιλάτος
3195 2732 3526 2803 ἀποκριθεὶς,
3545 2730 3666 2785 πάλιν

464 2829 586 2882 ham
642 2829 942 2884 dimitteret
994 2830 1148 2896 ipsis.
1202 2830 1406 2884 Pilatus
1461 2841 1640 2886 autem
1704 2833 1991 2901 respondet

2148 2825 2304 2882 εἶπεν
2335 2829 2538 2891 αὐτοῖς’
2567 2827 2632 2880 Τί
2670 2823 2765 2881 οῦν
2799 2827 2978 2880 Θέλετε
3001 2828 3240 2896 ποιήσω,
3269 2825 3328 2879 ὃν
3351 2825 3522 2892 λέγετε
3545 2822 3666 2892 βασι-

463 2933 683 2972 rursum
717 2919 794 2972 ait
827 2919 932 2974 illis
963 2937 977 2974 :
1012 2921 1149 2988 Quid
1184 2921 1540 2991 igitur.vultis
1573 2921 1766 2977 faciant
1795 2925 1843 2977 ei
1875 2938 1990 2993 que;

2139 2921 2236 2974 λέα
2266 2921 2371 2974 τῶν
2402 2920 2710 2984 Ἰουδαίων;
2741 2920 2790 2972 οἱ
2820 2919 2898 2985 δὲ,
2947 2920 3108 2972 πάλιν
3141 2918 3384 2989 ἔκραξαν
3411 2933 3424 2948 °
3455 2915 3663 2984 Σταύρω·

461 3010 640 3066 dicitis
680 3027 858 3081 regem
905 3010 1253 3068 .Iudaeorum?
1293 3017 1360 3069 At
1387 3015 1461 3070 illi
1511 3031 1724 3070 rursum
1767 3015 1988 3072 clamth

2141 3030 2233 3066 σον
2265 3013 2446 3066 αὐτόν.
2497 3011 2556 3064 '0
2583 3011 2640 3064 δὲ
2682 3010 2914 3074 Πιλᾶτος
2950 3011 3132 3078 ἔλεγεν
3159 3011 3368 3073 αὐτοῖς’
3395 3009 3455 3062 Τί
3487 3009 3576 3078 γὰρ
3590 3025 3664 3060 και

464 3115 623 3158 runt:
657 3105 928 3176 Crucilige
957 3107 1140 3160 istum.
1178 3107 1380 3163 Pilatus
1413 3119 1594 3163 autem
1629 3109 1847 3164 dicebat
1883 3111 1991 3165 illis

2139 3106 2234 3158 κδν
2266 3105 2558 3174 ἐποίησεν;
2587 3103 2736 3172 ore:
2768 3103 3177 3173 περισσοτέρως
3211 3101 3468 3172 ἔκραξαν·
3527 3099 3663 3152 Σταύ-

459 3198 597 3264 Quid
622 3199 763 3253 enim
793 3201 918 3254 mali
957 3201 1128 3257 fecit?
1156 3202 1223 3255 At
1253 3203 1326 3256 illi
1361 3203 1736 3258 vehementius
1764 3204 1986 3260 clamaw

2143 3217 2326 3270 ρωσον·
2346 3199 2508 3253 αὐτόν
2534 3217 2548 3230 ·
2581 3201 2608 3252 ὁ
2636 3199 2693 3252 δὲ
2729 3198 2982 3262 Πιλάτος,
3022 3197 3352 3267 βουλόμενος
3376 3195 3449 3267 τῷ
3476 3195 3593 3265 ὄχλῳ
3622 3193 3665 3244 τὸ

463 3299 590 3343 runt
620 3308 633 3344 :
666 3290 933 3360 Crucitige
959 3309 1104 3349 cum.
1137 3293 1340 3348 Pilatus
1369 3310 1497 3350 vero
1521 3296 1708 3352 volens
1748 3296 1916 3350 turba:
1950 3312 1990 3349 s:

2163 3293 2349 3345 ἱκανὸν
2404 3291 2664 3362 ποιῆσαι,
2699 3291 2973 3345 ἀπέλυσεν
3021 3290 3205 3354 αὐτοῖς
3265 3290 3356 3344 τὸν
3397 3288 3663 3358 Βαραὸὅᾶν·

461 3380 734 3446 tisfaccre,
765 3383 970 3438 dimisit
1004 3384 1106 3439 illis
1141 3385 1475 3447 Barahbam,
1509 3395 1564 3442 et
1592 3387 1813 3441 tradidit
1845 3385 1988 3441 Jesu:

2141 3385 2234 3437 καὶ
2261 3383 2540 3454 παρέδωκε
2580 3384 2670 3436 τὸν
2701 3381 2913 3454 Ἰησοῦν
2955 3381 3410 3453 φραγγελλώσας,
3438 3381 3518 3433 ἵνα
3541 3395 3665 3431 σταυ-

458 3474 779 3542 llagellatum
803 3514 817 3536 ,
859 3484 916 3528 ut
947 3476 1373 3545 crucifigeretur.
1412 3497 1430 3530 ι
1465 3477 1828 3532 Tradiderth
1858 3479 1985 3535 Juda

2142 3476 2309 3548 ρωθῇ.
2340 3495 2358 3527 ι
2397 3476 2729 3548 Παρέδωκαν
2757 3476 2808 3529 οἱ
2837 3474 3084 3528 Ἰουδαῖοι
3134 3477 3256 3537 τοῖς
3297 3472 3563 3541 Ῥωμαίοις
3597 3469 3663 3520 τὸν

458 3563 716 3617 Romanis
764 3563 1083 3630 Dominum,
1115 3556 1297 3621 traditi
1335 3577 1465 3622 sunt
1503 3580 1556 3622 et
1596 3568 1698 3637 ipsi
1739 3586 1767 3620 a
1806 3570 1985 3624 Domin

2138 3571 2370 3641 Κύριον·
2429 3569 2806 3640 παρεδόθησαν
2861 3569 2955 3622 καὶ
3002 3568 3156 3622 αὐτοὶ
3194 3567 3303 3620 ὑπὸ
3342 3565 3532 3637 Κυρίου
3573 3564 3663 3621 ταῖς

459 3653 694 3706 \icissim
733 3653 1098 3709 Romanorum
1131 3658 1400 3714 manibus.
1437 3659 1503 3714 Et
1543 3660 1835 3730 implentur
1877 3661 1986 3716 Scr}

2153 3663 2442 3732 Ῥωμαίων
2507 3661 2663 3732 χερσί
2688 3677 2702 3692 ο
2743 3661 2837 3716 καί
2899 3661 3236 3732 πληροῦνται
3299 3660 3356 3713 ai
3401 3655 3589 3729 Γραφαὶ
3623 3653 3664 3705 al

462 3757 637 3814 ptura:
661 3763 782 3816 qua:
806 3748 989 3802 dicunt
1015 3767 1028 3804 :
1062 3749 1148 3804 Va:
1175 3751 1379 3820 iniquo,
1411 3754 1547 3807 mala
1576 3764 1734 3808 erunt
1759 3755 1805 3809 ei
1835 3769 1989 3810 secun

2137 3755 2418 3820 λέγουσαι·
2451 3753 2588 3807 Οὐαὶ
2618 3754 2699 3823 τῷ
2736 3754 2943 3824 ἀνόμῳ,
2984 3751 3197 3823 πονηρὰ
3228 3753 3340 3824 γὰρ
3387 3750 3527 3804 ἔσται
3552 3745 3663 3813 αὐτῷ

455 3840 583 3892 dum
618 3854 780 3909 opera
809 3855 1062 3895 manuum
1091 3827 1330 3904 suarum:
1361 3845 1426 3899 Et
1454 3845 1646 3900 iterum
1673 3865 1686 3900 :
1719 3847 1982 3902 Secundo:

2137 3848 2276 3900 κατὰ
2301 3847 2369 3899 τὰ
2398 3845 2534 3916 ἔργα
2571 3846 2679 3900 τῶν
2719 3846 2917 3916 χειρῶν
2951 3845 3116 3898 αὐτοῦ
3145 3861 3160 3876 '
3206 3845 3307 3899 καὶ
3343 3844 3511 3909 πάλιν,
3541 3838 3661 3894 Κατὰ

456 3947 616 4001 opera
648 3948 903 3987 manuum
944 3951 1164 3990 suarum
1211 3940 1278 3991 da
1320 3937 1445 3993 illis.
1479 3938 1544 3992 Et
1583 3956 1801 3996 rursum
1831 3960 1844 3996 :
1880 3940 1983 3997 Sic:

2135 3939 2203 3992 τὰ
2230 3937 2367 4008 ἔργα
2393 3938 2500 3991 τῶν
2533 3937 2732 4009 χειρῶν
2766 3937 2968 4001 αὐτῶν,
3003 3937 3092 4000 δὸς
3125 3936 3310 4000 αὐτοῖς
3339 3951 3354 3967 ·
3385 3936 3472 3988 καὶ
3509 3931 3660 3984 πάλιν

457 4023 667 4088 fecisti,
706 4025 778 4077 ita
816 4026 918 4078 erit
951 4038 1005 4080 et
1036 4028 1128 4080 tibi
1163 4029 1452 4083 retributio
1489 4040 1595 4084 tua.
1634 4031 1767 4086 Cum
1800 4033 1984 4087 intem

2142 4032 2238 4082 Ὃν
2262 4030 2464 4095 τρόπον
2495 4028 2782 4100 ἐποίησας,
2803 4028 2976 4093 οὕτως
3007 4028 3161 4081 ἔσται
3193 4045 3278 4081 σοι
3311 4026 3371 4080 τὸ
3420 4021 3663 4078 ἀνταπόδο-

454 4123 638 4183 gasset
672 4117 898 4183 Pilatus,
930 4117 1006 4170 'l‘u
1039 4134 1094 4173 es
1129 4135 1219 4173 rex
1256 4119 1562 4176 Judteorum
1587 4104 1618 4176 ἶν’
1647 4123 1902 4180 Dominus
1932 4127 1981 4180 dt

2139 4121 2214 4190 μά
2241 4138 2358 4174 σου.
2405 4123 2814 4193 Ἐρωτήσαντος
2835 4121 2892 4174 δὲ
2925 4120 3018 4173 τοῦ
3040 4121 3295 4187 Πιλάτου,
3319 4120 3388 4172 Σὺ
3425 4112 3471 4171 εἷ
3496 4117 3522 4169 ό
3540 4115 3661 4184 βασι-

455 4207 604 4259 Ιιίιιιιι
652 4222 972 4275 responsnm
1053 4211 1220 4264 dedit.
1267 4209 1400 4265 Nam
1433 4250 1448 4276 ,
1500 4211 1578 4266 Tu
1629 4215 1785 4278 dicis,
1849 4228 1982 4284 pote:

2134 4217 2260 4280 λεὺς
2320 4216 2430 4270 τῶν
2471 4217 2776 4281 Ἰουδαίων;
2818 4218 2846 4270 ὁ
2875 4215 3078 4288 Κύριος
3146 4214 3444 4286 ἀμφίϐολον
3479 4211 3661 4276 ἀπόκρι·

458 4296 857 4366 iutelligi,quod
895 4298 1029 4353 Vere
1066 4299 1246 4354 dixisti
1281 4318 1294 4354 :
1327 4311 1380 4354 tu
1413 4304 1596 4357 dixisti
1628 4304 1678 4358 id
1709 4307 1851 4374 quod
1881 4322 1981 4361 sun

2135 4328 2219 4364 σιν
2241 4310 2445 4365 δίδωσι.
2486 4311 2558 4363 Τὸ
2589 4310 2720 4379 γὰρ,
2753 4310 2825 4362 Σὺ
2850 4309 3050 4377 λέγεις,
3081 4307 3308 4362 δύναται
3331 4303 3580 4376 νοηθῆναι,
3599 4299 3659 4352 ὅτι

455 4386 642 4443 Potest
671 4400 846 4444 autem
876 4391 1038 4446 etiam
1072 4392 1150 4446 sic
1179 4393 1440 4464 intelligi:
1479 4395 1588 4452 Iloc
1615 4413 1715 4467 ego
1743 4416 1848 4454 non
1880 4401 1982 4455 diCt

2131 4402 2378 4473 Ἀληθῶς
2409 4397 2588 4465 εἴπας·
2620 4403 2682 4455 σὺ
2715 4395 2876 4465 εἶπας
2903 4401 3040 4472 ὅπερ
3079 4399 3196 4470 εἰμί
3217 4412 3232 4427 ⁶
3264 4397 3476 4452 δύναται
3494 4393 3541 4445 δὲ
3561 4407 3658 4458 νοη-

454 4479 546 4531 sed
585 4487 636 4532 tu
674 4480 829 4534 dicis.
863 4480 1060 4537 lterum
1087 4491 1267 4540 autem
1301 4501 1423 4540 cum
1460 4487 1826 4559 interrogatus
1855 4507 1976 4548 esse

2133 4496 2290 4565 Θῆναι
2325 4496 2419 4548 καὶ
2449 4494 2642 4558 οὕτως,
2666 4493 2748 4546 ὅτι
2773 4491 2918 4561 Ἐγὼ
2955 4494 3016 4547 ού
3042 4492 3189 4561 λέγω
3208 4491 3387 4554 τοῦτο,
3428 4488 3484 4540 σὺ
3504 4485 3551 4538 δὲ
3593 4481 3658 4534 λέ-

454 4586 505 4628 ct
538 4575 669 4630 nihil
700 4578 1072 4645 responderet,
1114 4579 1300 4633 mirari
1328 4579 1452 4635 fecit
1483 4581 1736 4638 Pilatum.
1767 4587 1981 4641 Admira

2135 4602 2275 4654 γεις.
2310 4585 2480 4638 Πάλιν
2511 4586 2568 4637 δὲ
2607 4583 2929 4654 ἐρωτηθεὶς,
2964 4581 3041 4644 ὡς
3090 4579 3245 4634 οὐδὲν
3276 4575 3552 4648 ἀπεκρίθη.
3599 4572 3658 4630 εις

453 4667 612 4720 batur
649 4668 790 4736 quod
832 4683 952 4720 cum
987 4667 1336 4740 legisperitus
1370 4683 1537 4738 esset,
1566 4689 1629 4728 ac
1659 4673 1980 4759 eloquens”

2128 4673 2321 4747 ¹θιιιῦμα
2364 4677 2691 4748 περιέστησε
2719 4675 2810 4728 τὸν
2853 4674 3113 4727 Πιλᾶτον·
3147 4669 3420 4743 ἐθαύμαζε
3464 4670 3558 4759 γαρ
3593 4661 3655 4759 ξτι

451 4757 541 4823 qui
583 4765 764 4824 posset
817 4772 910 4826 per
951 4758 1318 4814 defensionem
1351 4764 1666 4834 abstergere
1700 4751 1978 4820 calumnia:

2130 4769 2443 4840 νομομαθὴς
2471 4766 2564 4820 καὶ
2579 4765 2753 4836 λόγιος
2775 4764 2868 4829 ὢν,
2893 4765 2985 4817 καὶ
3015 4763 3309 4832 δυνάμενος
3333 4759 3396 4813 δι’
3412 4751 3655 4840 ἀπολογίας

453 4849 583 4910 nihil
630 4851 872 4915 diceret,
931 4852 1023 4906 sed
1082 4853 1379 4909 sustineret
1427 4854 1643 4912 fortiter
1698 4859 1980 4914 calumnia:

2132 4859 2537 4932 ἀποτρίψασθαι
2581 4857 2678 4922 τὰς
2721 4855 3106 4926 συκοφαντίας,
3153 4853 3308 4907 οὐδὲν
3355 4839 3653 4917 ἔλεγεν,ἁλλ’

452 4941 586 4997 Vide
638 4954 816 4998 autem
877 4947 1254 5016 sanguinarias
1305 4945 1612 5004 Iudaeorum
1669 4963 1913 5020 mentes,
1969 4970 1979 5007 t

2132 4953 2368 5023 ὑπέμενε
2398 4953 2598 5022 μᾶλλον
2616 4951 2877 5020 γενναίως
2894 4943 3498 5018 τάςξκατηγορίας.”Ορα
3515 4936 3561 4988 δὲ
3576 4932 3652 4999 τήν

449 5034 608 5090 Ριίιιιί
639 5037 975 5103 modestiam,
1013 5040 1262 5108 quamvis
1291 5043 1451 5095 etiam
1480 5043 1595 5111 ipse
1619 5046 1976 5100 condemnatit

2129 5062 2187 5098 τε
2217 5044 2328 5097 τῶν
2370 5042 2636 5097 Ἰουδαίων
2695 5041 3030 5113 μιαιφονίαν,
3062 5041 3155 5092 καὶ
3189 5037 3304 5109 τὴνί
3341 5033 3428 5088 τοῦ
3459 5026 3650 5083 Πιλάτου

453 5143 574 5189 man
610 5136 901 5192 mereatur,
929 5142 994 5182 eo
1027 5130 1170 5198 quod
1208 5145 1316 5189 non
1344 5143 1566 5187 strenue
1590 5133 1796 5203 justum
1825 5135 1980 5191 defert

2135 5139 2500 5208 μετριότητα,
2530 5135 2579 5187 ει
2610 5135 2703 5188 καὶ
2739 5133 2898 5196 αὐτὸς
2931 5129 3306 5204 κατακρίσεως
3360 5124 3495 5190 ἄξιός
3543 5121 3648 5176 ἐστι,

453 5218 615 5271 derit.
645 5217 775 5272 Nam
808 5219 885 5272 illi
908 5218 1122 5286 quidem
1156 5219 1463 5276 clamabant
1490 5233 1546 5277 ut
1577 5228 1980 5297 cruciligeretur

2129 5231 2216 5285 διὰ
2241 5231 2302 5284 τὸ
2327 5231 2402 5301 μὴ
2452 5229 2747 5301 προθύμως
2797 5229 2938 5298 ὑπὲρ
3005 5226 3099 5278 τοῦ
3137 5223 3301 5278 καλοῦ
3334 5222 3587 5288 ἐνστῆναι·
3611 5208 3648 5261 οἱ

450 5306 542 5360 ille
587 5317 787 5370 autem,
825 5308 949 5360 licet
987 5309 1225 5379 mollius,
1274 5317 1517 5367 tentabat
1559 5315 1769 5384 eripere
1808 5335 1836 5370 a
1885 5333 1977 5374 con

2132 5321 2233 5390 μὲν
2271 5322 2378 5392 γὰρ
2427 5320 2768 5392 ἐκραύγαζον
2818 5318 2906 5371 ἴνα
2969 5317 3281 5388 σταυρωθῇ·
3323 5316 3349 5366 ό
3393 5315 3464 5372 δὲ,
3514 5308 3648 5379 μαλα-

450 5399 796 5454 demnatioue
837 5398 1052 5468 Jesum;
1102 5414 1382 5472 propterea
1417 5403 1612 5458 iterum
1644 5417 1798 5478 rogat
1829 5427 1842 5463 :
1884 5408 1977 5475 Qui

2129 5413 2240 5477 κῶς
2272 5414 2392 5483 μὲν,
2436 5413 2587 5483 ὅμως
2626 5413 2883 5482 πειρᾶται
2941 5410 3245 5480 ἐξαρπάσαι
3273 5408 3370 5477 τῆς
3425 5396 3646 5466 κατακρί-

447 5489 646 5545 faciam
678 5491 849 5546 Jesu?
885 5495 1119 5565 undique
1150 5496 1467 5552 occasiones
1490 5495 1724 5553 offerens
1755 5510 1810 5554 ut
1835 5501 1974 5556 dimit

2131 5522 2268 5568 σεως
2294 5506 2386 5557 τὸν
2430 5504 2654 5574 Ἰησοῦνο
2692 5504 2780 5556 διὰ
2842 5502 3001 5556 τοῦτο
3039 5501 3147 5570 γὰρ
3175 5500 3334 5553 πάλιν
3395 5483 3644 5566 ἐρωτᾷ-Τί

450 5592 654 5637 teretur
684 5583 839 5640 Jesus
868 5588 1147 5644 innocens.
1179 5587 1414 5658 Ideoque
1447 5592 1803 5647 cunctabatur
1829 5604 1882 5649 et
1913 5594 1977 5650 dit

2126 5593 2218 5651 οὗν
2251 5597 2464 5668 ποιήσω
2491 5595 2698 5668 Ἰησοῦν
2730 5611 2744 5660 ;
2802 5596 3057 5664 ἀφορμὰς
3087 5593 3269 5654 αὐτοῖς
3301 5588 3538 5646 πάντοθεν
3573 5582 3639 5668 ia-

444 5673 674 5734 fmebat.
745 5677 982 5735 Tandem
1047 5682 1406 5737 succumbens
1475 5686 1737 5739 voluntati
1804 5686 1971 5742 ἰΙιοτυι

2135 5690 2313 5753 διδοὺς
2361 5688 2454 5740 τοῦ
2497 5687 2676 5741 ἀθῶον
2730 5685 2998 5739 ἀπολῦσαι
3045 5686 3134 5738 τὸν
3192 5683 3408 5755 Κύριον,
3447 5677 3526 5730 καὶ
3572 5665 3640 5722 διά

447 5767 732 5842 flagellavit
763 5773 1070 5840 Dominum,
1106 5773 1207 5827 hoc
1245 5784 1348 5839 ρει,
1380 5775 1574 5831 cecidit
1618 5792 1738 5832 cum
1774 5778 1921 5846 loris,
1961 5797 1974 5834 t

2127 5779 2286 5835 τοῦτο
2337 5778 2547 5852 μέλλων
2634 5778 2726 5831 καὶ
2789 5775 3244 5848 ἀναϐαλλόμενος.
3288 5772 3442 5833 Τέλος
3491 5762 3638 5837 μέντοι
