3866 6448
125 360 216 424 αξξ)
801 355 1241 418 ENARRATIO
1280 358 1360 418 ΙΝ
1393 358 1652 421 EVANG.

1825 362 1893 420 ’Μ
1932 362 2194 426 MARCI.
2231 389 2299 400 -
2329 365 2490 427 CAP.
2525 367 2649 430 XV.
3247 369 3352 436 666

126 465 560 530 ὑποκατακλιθεὶς
581 464 658 538 τῷ
686 465 952 539 θελήματι
987 467 1228 535 ἐκείνων,
1250 469 1653 538 ἐφραγγέλλωσε

1822 482 2094 528 utarentur
2132 477 2409 546 accepisse
2449 492 2546 547 pro
2595 477 2850 534 tribunali
2896 481 3349 538 cendemnatum:

122 580 174 616 τε
193 563 274 616 τὸν
299 559 520 628 Κύριον,
547 558 849 624 τουτέστιν,
883 559 1141 630 ἐμάστιξε
1174 561 1426 624 πλεκτοῖς
1451 559 1647 632 λώροις

1821 565 2080 619 ttradidit
2116 564 2224 621 illis
2255 581 2379 620 eum
2412 576 2469 620 ut
2496 568 2924 639 crucifigeretur.
2959 571 3182 626 Volebat
3207 573 3348 627 enim

89 653 96 664 ’
126 655 202 708 ἵνα
236 652 452 715 δόξωσιν
486 651 571 704 ὅτι
620 650 726 704 ἀπὸ
767 650 1118 723 δικαστηρίου
1153 652 1317 705 αὑτὸν
1347 669 1616 722 κατακεκρ

1825 655 2092 711 ttisfacere
2119 656 2283 724 plebi,
2312 659 2413 712 hoc
2439 667 2541 725 est,
2565 661 2861 730 gratificari
2891 674 3147 733 quantum
3180 665 3352 732 possi-

124 749 266 819 μένον
289 743 614 814 παρέλαϐον’
645 745 740 796 καὶ
771 744 1085 814 παρέδωκεν
1136 743 1298 797 αὐτὸν
1328 744 1534 806 αὐτοῖς,
1588 744 1651 796 ενι

1783 745 1913 810 bile,
1940 761 2048 802 non
2080 758 2259 802 autem
2283 751 2424 819 quod
2449 760 2658 820 gratum
2686 764 2804 806 erat
2826 753 2976 822 justo
3007 765 3060 808 et
3091 755 3219 811 Deo.

122 839 406 910 σταυρωθῇ.
477 839 766 892 Ἦϐούλετο
829 838 937 909 γὰρ
993 840 1053 892 τὸ
1131 839 1312 892 ἱκανὸν
1388 838 1467 909 τῷ
1542 839 1684 910 ὄχλῳ
1754 841 2004 911 ποιῆσαι,
2092 844 2358 911 τουτέστι,
2440 845 2500 899 τὸ
2554 847 2816 916 ἀρεστὸν,
2875 849 2934 901 τὸ
2986 849 3348 921 ἐνδεχόμενον.

130 937 234 1004 οὐχὶ
254 934 311 986 τὸ
343 932 575 1002 ἀρεστὸν
603 930 680 1000 τῷ
710 931 905 1000 δικαίῳ
929 930 1020 983 καὶ
1058 931 1136 1000 τῷ
1167 931 1311 1001 Θεῷ.

184 1047 204 1081 ε
229 1027 289 1081 9!
321 1026 379 1081 δὲ
419 1026 756 1096 στρατιῶται
793 1026 1080 1097 ἀπήγαγον
1111 1027 1274 1080 αὑτὸν
1308 1027 1416 1082 ἔσω
1459 1028 1558 1098 τῆς
1586 1028 1683 1082 αὐ-

1853 1027 2018 1081 Vms.
2064 1026 2247 1082 lli-il.
2308 1047 2326 1078 ι
2377 1027 2573 1083 Milites
2613 1040 2792 1085 autem
2847 1033 3182 1087 abduxerunt
3223 1049 3341 1088 eum

120 1121 225 1190 λῆς,
253 1121 280 1173 ὃ
303 1120 418 1172 ἐστι
474 1115 835 1189 πραιτώριον,
891 1119 986 1171 καὶ
1012 1117 1376 1186 συγκαλοῦσιν
1407 1120 1539 1190 ὃλην
1577 1120 1646 1190 τὴ

1826 1126 1927 1170 ntro
1967 1119 2020 1170 in
2054 1116 2274 1182 atrium,
2312 1116 2452 1185 quod
2487 1127 2568 1172 est
2602 1117 2937 1188 praetorium,
2973 1131 3023 1176 et
3058 1133 3353 1177 comocaut

121 1217 345 1280 σπεῖραν,
368 1211 466 1264 καὶ
502 1209 779 1263 ἐνδύουσιν
812 1210 974 1263 αὐτὸν
1006 1210 1311 1282 πορφύραν,
1331 1213 1432 1264 ικαὶ
1468 1228 1648 1281 περιτι

1829 1216 1949 1259 nam
1981 1207 2258 1260 cohortem
2285 1246 2300 1269 ,
2336 1215 2390 1260 et
2423 1207 2650 1262 induunt
2684 1210 2829 1262 illum
2871 1226 3127 1280 purpura,
3161 1223 3210 1265 et
3245 1217 3356 1266 cir-

121 1305 284 1358 θέασιν
296 1301 442 1370 αὐτῷ
459 1301 754 1366 πλέξαντες
768 1302 1055 1355 ἀκάνθινον
1073 1303 1356 1371 στέφανον’
1376 1303 1472 1356 καὶ
1486 1305 1518 1373 ἦ
1528 1303 1648 1372 ρξαν

1830 1305 2117 1362 imponunt
2145 1295 2196 1348 ei
2227 1304 2534 1350 contextam
2569 1311 2599 1351 e
2628 1298 2799 1367 spinis
2838 1315 3116 1365 coronam,
3152 1309 3207 1355 et
3240 1315 3357 1356 ca:-

119 1411 170 1447 το
199 1392 536 1455 ἀσπάζεσθαι
565 1391 750 1444 αὐτόν’
780 1394 974 1462 Χαῖρε,
1007 1391 1229 1462 βασιλεῦ
1256 1392 1364 1445 τῶν
1393 1393 1646 1448 ἰουδαειυι

1832 1397 1977 1442 erunt
2007 1385 2242 1441 salutare
2276 1386 2422 1440 illum
2450 1406 2466 1440 :
2497 1389 2631 1458 Ave,
2663 1405 2758 1445 rex
2786 1391 3110 1447 .ludaeorum.
3147 1394 3211 1447 Et
3238 1409 3359 1448 ver-

121 1489 215 1540 Καὶ
229 1485 451 1540 ἔτυπτον
473 1485 574 1556 τὴν
590 1485 835 1554 κεφαλὴν
852 1485 1019 1538 αὐτοῦ
1039 1485 1288 1555 καλάμῳ,
1307 1485 1400 1539 καὶ
1422 1487 1646 1539 ἐνέπτυο

1827 1475 2042 1530 :rabant
2085 1473 2436 1543 illius'capnt
2481 1478 2777 1546 arundine,
2833 1491 2887 1535 et
2931 1481 3250 1549 inspucbant
3303 1483 3354 1537 in

121 1574 267 1645 αὐτῷ,
306 1579 400 1630 καὶ
455 1574 697 1637 τιθέντες
721 1575 790 1628 τὰ
816 1577 1039 1643 γόνατα,
1093 1576 1464 1648 προσεκύνουν
1497 1577 1648 1648 αύτῷ

1837 1584 1924 1621 um
1948 1610 1962 1630 ,
1996 1577 2052 1621 et
2085 1567 2276 1635 positis
2315 1567 2542 1632 genibus
2573 1570 2873 1626 adorabant
2923 1573 3090 1627 illum.
3135 1573 3202 1627 Et
3236 1589 3357 1627 eum

124 1668 220 1723 Kal.
245 1669 328 1721 ὅτε
353 1666 655 1730 ἐνέπαιξαν
677 1666 848 1735 αὐτῷ,
869 1666 1125 1732 ἐξέδυσαν
1155 1667 1318 1720 αὐτὸν
1344 1667 1441 1737 τὴν
1463 1669 1651 1736 πορφύι

1834 1661 2067 1714 usisseut
2101 1660 2180 1723 ei,
2209 1669 2474 1712 exuerunt
2513 1675 2638 1715 eum
2673 1678 2932 1733 purpura,
2976 1674 3032 1719 et
3064 1663 3361 1718 induerunt

127 1777 228 1831 ραν,
243 1761 331 1812 καὶ
346 1760 497 1811 ἐνέδυ
507 1777 606 1812 σαν
629 1759 875 1826 aster-ca
895 1760 1083 1829 ἱμάτια
1098 1761 1166 1813 τὰ
1189 1760 1316 1812 ἴδια·
1337 1762 1437 1813 καὶ
1454 1760 1654 1828 ἐξάγουε

1835 1770 1924 1808 uin
1975 1752 2215 1808 vestibus
2259 1751 2539 1820 propriis:
2576 1755 2736 1826 257
2761 1767 2814 1810 et
2861 1759 3096 1810 educunt
3135 1771 3258 1810 eum
3303 1760 3362 1808 ut

126 1870 197 1907 σιν
221 1853 394 1917 αὺτὸν,
437 1852 526 1905 ἵνα
559 1851 950 1923 σταυρώσωσιν
971 1852 1154 1917 αὑτὸν,
1181 1853 1275 1905 καὶ
1305 1853 1653 1925 ἀγγαρεύουσ

1824 1847 2161 1918 ruciﬁgerent
2225 1865 2372 1905 enm.
2443 1851 2510 1904 Et
2576 1856 2870 1916 coegerunt
2935 1855 3351 1914 pratereunteitt

124 1947 417 2016 παράγοντά
443 1963 569 1999 τινα
597 1946 818 2014 Σίμωνα
845 1947 1158 2016 Κυρηναῖον
1180 1985 1194 2010 ,
1235 1947 1532 2014 ἐρχόμενον
1583 1950 1651 2002 ἀπ

1832 1943 2073 1995 uemdam
2124 1941 2398 1996 Simonem
2447 1942 2846 2011 Cyrenensem,
2888 1938 2978 2007 qni
3011 1935 3267 1990 veniebat
3295 1951 3359 1990 ex

126 2039 298 2110 ἀγροῦ,
328 2039 419 2091 τὸν
469 2039 689 2108 πατέρα
758 2037 1109 2108 Ἀλεξάνδρου
1160 2037 1256 2091 καὶ
1315 2037 1563 2107 Ῥούφου,
1597 2039 1653 2092 lvi

1834 2048 1941 2102 gro,
1975 2042 2188 2102 patrem
2223 2033 2517 2087 Alexandri
2544 2041 2598 2086 et
2634 2031 2771 2097 llnli,
2816 2039 2871 2082 ut
2902 2028 3112 2082 tolleret
3149 2042 3361 2081 crucem

128 2132 217 2200 ἄρῃ
242 2130 328 2182 τὸν
357 2130 595 2198 σταυρὸν
618 2127 804 2182 αὑτοῦ.
822 2148 840 2182 ›
877 2129 950 2182 Τὸ
986 2128 1381 2200 στρατιωτικὸν
1409 2129 1574 2198 φῦλον
1599 2129 1655 2182 ἀε

1841 2143 1924 2182 us.
1960 2147 1978 2180 ι
2017 2127 2250 2182 Militare
2286 2143 2454 2197 genus
2498 2141 2712 2195 semper
2751 2123 3010 2178 conviciis
3057 2121 3255 2190 gaudet
3303 2133 3366 2175 ac

128 2222 349 2289 ἀταξίαις
379 2225 568 2292 χαῖρον
606 2225 702 2276 καὶ
742 2223 957 2289 ὕϐρεσι,
999 2224 1064 2276 τὰ
1096 2223 1272 2275 οἰκεῖα
1295 2221 1641 2274 ἐπεδείκνυτο

1838 2219 2132 2285 nnnltibns,
2169 2228 2222 2272 et
2254 2220 2354 2272 sibi
2385 2218 2564 2272 simile
2594 2225 2697 2271 est.
2733 2213 2865 2268 Nam
2898 2229 3020 2270 cum
3046 2211 3242 2276 Jndtei,
3274 2211 3365 2280 qui

128 2317 290 2384 εἰογὰρ
316 2315 362 2367 ci
383 2314 619 2383 ,μυρίων
641 2313 1004 2367 διδασκαλιῶν
1035 2313 1370 2376 ἀκούσαντες
1421 2312 1655 2366 Ἰουδαῖοι

1838 2315 2050 2367 lurimas
2077 2314 2364 2366 audierant
2391 2310 2688 2375 doctrinas,
2716 2319 2770 2360 et
2804 2307 2858 2360 in
2889 2321 3025 2374 quos
3059 2303 3222 2356 multa
3254 2303 3365 2356 col-

130 2407 326 2460 τοιαῦτα
357 2407 523 2458 αὑτὸν
556 2406 818 2472 διέθεντο,
852 2407 901 2459 οἱ
931 2406 1102 2459 πολλὰ
1127 2407 1222 2459 καὶ
1247 2405 1504 2467 πολλάκις
1535 2406 1657 2475 εύερ

1834 2415 1897 2458 ita
1929 2413 2086 2460 erant
2132 2403 2413 2464 benelicia,
2447 2401 2628 2454 taliter
2683 2397 2863 2450 aﬂ‘ecti
2903 2404 3079 2460 erant,
3113 2393 3238 2463 quid
3296 2395 3361 2445 tle

133 2495 451 2563 γετηθὲντες,
480 2495 534 2549 τι
573 2497 642 2549 ἂν
671 2494 890 2566 ἔχοιμεν
923 2497 1097 2548 εἰπεῖν
1125 2497 1253 2566 περὶ
1286 2495 1394 2548 τῶν
1424 2495 1650 2548 ἐθνικῶν

1839 2496 2082 2550 sutilibus
2119 2509 2405 2563 possumus
2421 2491 2641 2546 dicere?
2664 2490 2970 2543 Convocant
2997 2487 3180 2554 itaque
3203 2492 3366 2536 totam

133 2586 477 2655 Συγκαλοῦσιν
505 2584 604 2642 οὖν
635 2587 765 2658 ὓλην
818 2588 918 2660 τὴν
968 2591 1218 2658 σπεῖραν,
1253 2588 1376 2640 ἀντὶ
1401 2586 1519 2651 τοῦ,
1565 2586 1656 2640 ὂλο

1842 2590 2094 2652 )hortem,
2117 2587 2218 2640 hoc
2241 2594 2348 2646 est,
2375 2593 2542 2637 totum
2568 2581 2887 2640 exercitum,
2914 2587 2969 2630 et
2999 2575 3224 2630 induunt
3245 2588 3369 2628 eum

134 2679 184 2731 τὸ
209 2681 404 2748 τάγμα,
432 2680 528 2732 καὶ
579 2679 863 2732 ἐνδύουσιν
911 2680 1075 2733 αὐτὸν
1131 2678 1442 2749 πορφύραν,
1486 2678 1560 2742 ὡς
1591 2677 1658 2747 βα

1849 2694 2056 2750 irpura,
2091 2686 2152 2731 ut
2179 2676 2290 2746 regi
2325 2675 2610 2728 illudentes
2638 2689 2654 2728 :
2685 2679 2738 2724 et
2769 2683 3025 2723 coronam
3055 2680 3152 2735 pro
3184 2666 3373 2718 diade-

137 2769 266 2822 σιλέα
317 2770 614 2833 παίζοντες
637 2786 654 2803 ο
684 2769 778 2823 καὶ
808 2770 899 2822 τὸν
945 2770 1212 2838 στέφανον
1265 2771 1388 2823 ἀντὶ
1426 2769 1663 2840 διαδήμα

1853 2785 1977 2836 ate,
2015 2777 2068 2823 et
2107 2767 2370 2822 calamum
2415 2781 2513 2834 pro
2552 2771 2766 2831 sceptro
2806 2767 3091 2814 assumunt
3123 2759 3224 2811 hoc
3255 2756 3374 2810 loco

137 2879 234 2923 τος,
267 2863 467 2914 καὶτὸν
498 2862 754 2931 κάλαμον
789 2861 845 2913 δὲ
893 2861 1014 2914 ἀντὶ
1081 2862 1364 2931 σκήπτρου
1407 2862 1664 2931 παραλαμ

1851 2864 2128 2918 abolorum
2182 2859 2336 2915 socii.
2391 2855 2690 2924 Angariant
2738 2861 2916 2907 autem
2972 2849 3258 2918 quemdam
3317 2855 3376 2901 nt

138 2951 362 3006 δάνουσιν
415 2953 657 3007 ἐνταῦθα
700 2955 749 3006 οἱ
790 2953 884 3006 τοῦ
913 2953 1160 3007 διαὸόλου
1189 2954 1474 3024 χορευταί’
1517 2956 1660 3021 ἁγγα

1855 2959 1950 3010 llat
1991 2968 2203 3007 crucem
2245 2951 2386 3019 ejus,
2425 2947 2670 3018 quamvis
2703 2945 2841 2999 alius
2868 2941 3198 3012 evangelista
3233 2939 3378 2994 dicat

141 3047 330 3115 ρεύουσι
349 3048 401 3101 δέ
430 3066 574 3108 τινα,
605 3049 695 3100 ἵνα
720 3047 829 3119 ἄρῃ
857 3048 945 3098 τὸν
970 3048 1198 3116 σταυρὸν
1227 3047 1415 3111 αὑτοῦ,
1445 3047 1668 3111 καίτοιγι

1850 3046 1935 3100 rod
1965 3044 2208 3114 bajulans
2231 3042 2251 3074 ³
2277 3041 2435 3096 Jesns
2461 3053 2673 3094 crucem
2706 3036 2922 3091 exierit.
2949 3032 3187 3103 Utraque
3213 3032 3377 3100 igitur

138 3136 272 3199 ἄλλος
312 3138 709 3206 εύαγγελιστής
741 3154 925 3205 φησιν,
957 3138 1038 3189 ὅτι
1074 3136 1362 3206 βαστάζων
1397 3138 1423 3188 ὁ
1488 3134 1659 3205 Ἰησοῦ

1854 3150 1936 3194 cla
1968 3147 2114 3192 sunt.
2170 3133 2498 3202 Aliquaudiu
2541 3131 2684 3184 enim
2732 3128 2970 3198 portavit
2998 3127 3113 3195 ipse
3147 3126 3375 3193 lignum,

141 3229 218 3280 τὸν
249 3231 470 3300 σταυρὸν
499 3230 671 3283 αὐτοῦ
697 3230 916 3298 ἐξῆλθεν
941 3247 954 3260 ο
989 3229 1279 3298 ἀμφότερα
1326 3223 1420 3280 οὖν
1454 3227 1644 3295 γέγονε

1852 3230 1991 3284 :inde
2015 3237 2192 3282 autem
2219 3241 2341 3280 cum
2369 3222 2702 3278 invenissent
2727 3220 2962 3289 aliquem
2991 3217 3082 3287 qui
3113 3222 3379 3285 portaret,

145 3320 282 3391 μέχρι
321 3323 416 3392 μὲν
468 3324 585 3392 γάρ
641 3340 805 3384 τινος,
860 3321 1157 3384 ἐϐάσταζεν
1207 3320 1368 3383 αὐτὸς
1405 3320 1465 3372 τὸ
1493 3318 1649 3382 ξύλον

1844 3330 2094 3391 regerunt
2121 3319 2270 3372 illum
2296 3355 2312 3381 ,
2340 3327 2393 3370 et
2421 3323 2605 3384 postea
2641 3321 2848 3384 gestata
2884 3320 2967 3367 est
2993 3310 3060 3364 ab
3095 3309 3186 3362 illo
3215 3322 3371 3361 crux.

144 3414 247 3465 ἐπεὶ
279 3414 332 3467 δὲ
357 3409 514 3486 εὖρον
542 3415 638 3467 τὸν
668 3415 1029 3484 βαστάσοντα,
1059 3413 1416 3483 ὴγγάρευσαν
1467 3413 1671 3464 ἐκεῖνον

1856 3429 1976 3469 nare
2015 3423 2193 3466 autem
2237 3409 2406 3472 dixit,
2435 3423 2664 3476 quorum
2710 3407 2871 3460 etiam
2917 3418 3205 3473 puerorum
3239 3406 3383 3454 esset

143 3506 223 3556 καὶ
247 3504 422 3558 λοιπὸν
455 3504 794 3568 ἐϐαστάζετο
824 3505 916 3556 ὑπ’
965 3504 1130 3557 αὐτοῦ
1176 3506 1202 3556 ὁ
1251 3504 1506 3571 σταυρός.
1537 3502 1665 3554 Τίνο

1854 3507 1987 3562 iter?
2014 3506 2094 3560 Ad
2120 3503 2378 3571 majorem
2405 3501 2527 3555 lidei
2553 3497 3044 3554 confirmationem.
3071 3493 3381 3550 Verisimile

143 3592 190 3646 δὲ
212 3593 384 3646 ἐνεκεν
423 3592 578 3659 εἶπε,
625 3597 718 3647 καὶ
761 3593 915 3646 τίνων
939 3593 1146 3646 παίδων
1191 3589 1260 3663 ἦν
1296 3593 1521 3662 πατὴρς
1555 3592 1668 3660 Πρὸ

1855 3599 1942 3653 tim
1968 3606 2085 3650 erat
2116 3594 2390 3650 hominem
2446 3593 2623 3646 adhuc
2676 3590 2874 3651 vivere,
2901 3596 2954 3642 et
3012 3601 3172 3655 posse
3220 3600 3382 3638 enar-

147 3685 386 3740 πεστωσιν
412 3688 643 3740 πλείονα
671 3703 686 3718 ⁶
713 3687 858 3749 εἰκὸς
893 3686 1003 3756 γὰρ
1039 3685 1138 3756 ζῇν
1161 3686 1250 3738 τὸν
1289 3684 1574 3752 ἄνθρωπον
1597 3682 1674 3734 ἔτι

1858 3705 1930 3744 ire
1958 3688 2136 3742 omnia
2176 3701 2296 3756 qua:
2327 3684 2380 3738 iu
2445 3698 2605 3737 cruce
2646 3681 2807 3733 laeta.
2853 3679 3023 3732 Porro
3063 3677 3302 3732 feramus
3332 3673 3385 3727 ei

147 3776 229 3827 καὶ
250 3777 500 3832 δύνασθαι
562 3778 631 3831 τὰ
673 3779 729 3830 ἐν
785 3776 861 3846 τῷ
917 3777 1133 3847 σταυρῷ
1183 3775 1359 3828 πάντα
1413 3775 1674 3844 ἁφηγήσα

1856 3793 1903 3833 )s
1949 3791 2240 3846 purpuram
2272 3817 2287 3842 ,
2347 3773 2582 3841 regalem
2647 3779 2887 3832 vestem;
2951 3768 3050 3820 hoc
3104 3774 3187 3820 est
3243 3765 3383 3833 quod

148 3869 256 3920 σθαι
284 3870 412 3940 (88),
451 3871 623 3923 Ἀλλὰ
649 3870 758 3939 γὰρ
787 3870 1109 3939 φορέσωμεν
1149 3868 1245 3920 καὶ
1277 3869 1435 3936 ἡμεῖς
1494 3864 1673 3933 πορφύ

1865 3883 1928 3923 co
1989 3884 2005 3919 :
2057 3867 2210 3921 Sicut
2253 3880 2408 3934 reges
2453 3862 2733 3916 ambulare
2775 3861 3034 3913 debemus
3071 3872 3232 3926 super
3274 3871 3390 3910 ser-

149 3976 252 4028 ραν,
275 3962 367 4031 τὴν
402 3963 691 4032 βασιλικὴν
722 3963 933 4032 στολήν·
971 3957 1084 4014 οἷόν
1110 3979 1162 4013 τι
1199 3960 1363 4027 λέγω
1407 3959 1496 4021 Ὠς
1551 3957 1674 4028 βασι

1849 3968 1995 4014 entes
2018 3967 2072 4012 et
2094 3957 2429 4026 scorpiones,
2449 3964 2503 4008 et
2521 3954 2792 4021 imperare
2816 3957 3056 4017 peccato.
3081 3945 3376 4000 Christiani

147 4051 242 4113 λξῖς
269 4054 555 4125 ὀφείλομεν
588 4057 931 4126 περιπατεῖν,
974 4053 1271 4115 πατοῦντες
1296 4051 1480 4104 ἐπάνω
1530 4051 1672 4118 δφεω

1856 4052 1949 4103 tim
1975 4047 2229 4125 dicimur,
2258 4046 2357 4098 hoc
2381 4053 2482 4104 est,
2510 4043 2652 4094 tltttrti
2683 4050 2736 4092 et
2761 4039 2882 4106 ipsi,
2909 4037 3048 4091 sicut
3076 4044 3204 4089 tunc
3232 4047 3383 4102 reges

153 4145 239 4194 καὶ
268 4147 572 4216 σκορπίων,
610 4147 705 4199 καὶ
735 4145 1206 4216 κατακρατοῦντες
1255 4145 1352 4212 τῆς
1378 4142 1657 4211 ἁμαρτίας

1865 4123 2124 4194 cebantur
2147 4135 2383 4192 Christi.
2413 4135 2494 4187 Sit
2520 4134 2686 4202 igitur
2724 4131 2837 4185 vita
2872 4138 3052 4182 nostra
3079 4141 3182 4179 non
3213 4123 3386 4179 servi-

149 4234 446 4302 Χριστιανοι
472 4239 587 4306 γὰρ
609 4237 900 4306 λεγόμεθα,
929 4237 1197 4299 τουτέστι,
1229 4234 1580 4305 κεχρισμένοι
1610 4251 1676 4286 κα

1865 4251 1870 4285 ε
1915 4240 1968 4287 et
2018 4229 2340 4291 illiberalis,
2383 4226 2478 4281 sed
2529 4224 2729 4294 regalis
2780 4238 2844 4276 ac
2893 4220 3082 4274 libera.
3130 4216 3392 4270 Feramus

150 4328 306 4392 αὐτοὶ,
347 4329 540 4402 ὥσπερ
595 4332 716 4383 τότε
777 4330 826 4382 οἱ
878 4329 1113 4400 βασιλεῖς
1160 4328 1409 4396 ἐλέγοντο
1437 4325 1664 4397 Χριστοί

1864 4335 1986 4378 item
2033 4332 2089 4378 et
2134 4336 2391 4377 coronam
2445 4317 2723 4389 spineam,
2767 4316 2872 4369 hoc
2916 4323 3029 4376 eat,
3076 4313 3391 4364 stndeamus

155 4420 313 4474 Ἔστω
339 4422 429 4475 οὖν
462 4425 491 4476 δ
547 4422 656 4492 βίος
708 4421 863 4494 ἡμῶν
893 4421 966 4491 μὴ
1011 4421 1255 4484 δουλικὸς
1300 4420 1396 4474 καὶ
1447 4417 1676 4488 ἀγεννὴς

1865 4417 2058 4471 ιιοιιιιινί
2106 4413 2401 4482 asperitate
2450 4421 2504 4463 et
2548 4407 2883 4462 continentia
2928 4404 3052 4459 vita:
3081 4440 3096 4465 ,
3145 4415 3248 4454 non
3302 4415 3392 4452 ro-

151 4509 269 4563 όλλὰ
311 4490 591 4583 βασιλικός
622 4490 1054 4584 καὶμέλεύθερος
1089 4530 1101 4543 ο
1149 4512 1472 4581 φορέσωμεν
1520 4511 1577 4563 δὲ
1609 4529 1678 4564 κα

1864 4505 2082 4574 .ptnarie
2123 4516 2298 4571 neque
2341 4500 2593 4554 delicate.
2642 4497 2824 4551 Simus
2862 4507 3040 4548 autem
3088 4502 3141 4544 et
3183 4490 3391 4552 Simon,

153 4602 415 4656 ἀκάνθινον
450 4605 739 4672 στέφανον.
772 4604 1039 4664 τουτέστι.
1069 4604 1465 4672 σπουδάσωμεν
1507 4619 1680 4670 στεφα

1864 4599 1960 4652 uod
2013 4604 2092 4650 est
2149 4591 2507 4648 obedientia:
2558 4601 2614 4644 et
2672 4588 2923 4642 tollamus
2975 4597 3191 4638 crucem
3242 4578 3391 4642 Jesu,

155 4691 373 4760 νωθῆναι
410 4694 488 4764 τῷ
519 4695 713 4764 τραχεῖ
745 4693 844 4764 βίῳ
875 4696 971 4746 καὶ
1015 4695 1276 4764 ἐγκρατεῖ
1306 4695 1398 4745 καὶ
1448 4691 1682 4760 ἁνηδόνῳ

1865 4705 1940 4760 pte
1978 4686 2273 4743 mortiﬁcet
2314 4684 2556 4737 membra
2604 4690 2784 4735 nOstra
2828 4691 2947 4747 quae
2991 4688 3154 4742 super
3197 4682 3392 4724 terram

162 4785 227 4849 μὴ
251 4783 324 4853 τῷ
358 4785 622 4855 τρυφηλῷ
645 4786 736 4837 καὶ
762 4785 893 4854 λείῳ
926 4786 1018 4836 καὶ
1048 4784 1282 4856 ἐνηδόνῳ
1307 4800 1321 4815 ’
1349 4783 1634 4853 γενώμεθα
1658 4783 1714 4835 δὲ
1825 4790 1971 4835 sunt.

157 4875 240 4927 καὶ
263 4852 457 4947 Σίμων,
477 4852 691 4932 sum
717 4852 951 4948 ὑπακοὴ,
972 4879 1066 4930 καὶ
1093 4852 1314 4947 ἄρωμεν
1348 4852 1440 4929 τὸν
1479 4852 1709 4944 σταυρὸν
1736 4871 1831 4926 τοῦ
1867 4869 2065 4938 Ἰησοῦ,
2091 4868 2462 4948 νεκρώσαντες
2501 4863 2569 4918 τὰ
2600 4863 2736 4934 μέλη
2761 4861 2915 4931 ἡμῶν
2937 4859 3003 4912 τὰ
3039 4855 3133 4910 ἐπὶ
3157 4854 3255 4948 τῆς
3273 4852 3395 4921 γῆς.

229 4989 245 5022 ι
281 4973 387 5025 Καὶ
417 4974 674 5045 φέρουσιν
703 4971 865 5025 αὐτὸν
898 4947 989 5024 ἐπὶ
1018 4971 1286 5039 Γολγοϐᾶν
1313 4970 1501 5035 τόπον,
1539 4970 1566 5022 ὃ
1594 4971 1709 5020 ἐστι

1897 4960 2058 5016 Vsus.
2094 4961 2276 5015 τελε.
2316 4977 2335 5011 ι
2367 4958 2432 5012 Et
2453 4959 2657 5012 ducunt
2683 4970 2803 5010 eum
2835 4953 2889 5006 in
2912 4950 3174 5016 Golgotha
3195 4947 3395 5008 locum,

167 5040 687 5136 μεθερμηνευόμενον
715 5062 975 5138 ,Κρανίου
1005 5062 1173 5126 τόπος
1197 5077 1210 5092 ⁸
1247 5062 1342 5115 καὶ
1374 5060 1579 5113 ἐδίδουν
1618 5059 1688 5112 αὑ

1873 5057 1962 5110 iud
1999 5064 2106 5121 est,
2138 5055 2182 5108 si
2218 5051 2615 5122 interpreteris,
2641 5046 2904 5103 Calvarize
2934 5043 3103 5098 locus.
3137 5041 3201 5095 Et
3237 5040 3400 5092 deite-

163 5151 234 5221 τῷ
288 5133 426 5208 πιεῖν
479 5133 918 5226 ἐσμυρνισμένον
962 5148 1104 5206 οἶνον
1137 5169 1154 5184 ο
1199 5153 1227 5206 ὁ
1286 5151 1343 5204 δὲ
1386 5151 1487 5202 οὐκ
1536 5148 1690 5201 ἔλαϐε

1872 5158 1958 5202 unt
2003 5146 2078 5201 illi
2137 5147 2319 5200 bibere
2375 5145 2714 5214 myrrhatum
2764 5139 2973 5203 vinum,
3014 5135 3106 5190 sed
3154 5133 3244 5186 ille
3293 5147 3399 5185 non

169 5245 268 5296 Καὶ
293 5223 706 5317 σταυρώσαντες
755 5223 938 5312 αὐτὸν,
973 5242 1379 5317 διαμερίζονται
1427 5241 1496 5295 τὰ
1531 5241 1696 5312 ἱμάτιι

1874 5241 2077 5311 impsit.
2121 5239 2365 5308 Cumque
2411 5233 2812 5291 crncilixissent
2848 5243 2999 5294 eum,
3041 5223 3226 5298 partiti
3274 5238 3401 5290 sunt

231 5334 250 5364 ⁸
277 5337 426 5392 Joan.
469 5356 585 5405 nx,
617 5339 704 5394 l7.

1097 5409 1186 5469 Ex
1241 5407 1583 5470 collatione
1619 5405 1808 5466 coda.
1849 5404 2082 5466 Venet.
2120 5405 2184 5464 S.
2223 5401 2446 5463 Marci.

233 5507 335 5578 (88)
360 5507 491 5563 Cod.
522 5509 594 5564 26
631 5509 747 5563 haec
785 5507 1016 5578 supplel,
1045 5509 1140 5560 καὶ
1170 5509 1300 5571 τοὺς
1335 5507 1486 5578 υἱοὺς
1527 5503 1716 5578 τούτου

1871 5499 2307 5578 tisseuapostnlis
2349 5515 2363 5553 :
2413 5492 2846 5578 quandoquidem
2898 5487 3398 5578 nonnulliAdictzt-nt‘,

172 5558 512 5638 ytvdic'xsabat
567 5582 682 5642 τοῖς
739 5558 1056 5639 ἀποστόλοις
1083 5617 1098 5637 ,
1156 5558 1590 5637 πεπιστευκότας
1641 5577 1699 5625 sit

1872 5589 1922 5626 os
1941 5558 2235 5625 adhaesisse
2258 5558 2517 5638 apostolis
2538 5565 2614 5638 (a)
2636 5558 2761 5638 étlin
2786 5564 3060 5619 Christum
3085 5558 3399 5613 credidisse.

174 5642 408 5714 Χριστόν.
468 5649 664 5713 Ἀλλὰ,
723 5666 778 5702 κ.
829 5664 879 5701 τ.
922 5649 970 5700 λ.
1015 5664 1033 5698 ι
1081 5645 1318 5717 Ejusque
1369 5648 1507 5701 ﬁlios
1567 5653 1701 5700 noto:

723 5666 778 5702 κ.
829 5664 879 5701 τ.
922 5649 970 5700 λ.
1015 5664 1033 5698 ι
1081 5645 1318 5717 Ejusque
1369 5648 1507 5701 ﬁlios
1567 5653 1722 5700 notos
1832 5642 2023 5708 Porro,
2062 5658 2080 5691 ι
2119 5651 2225 5694 etc.

180 5759 483 5876 «molimina
515 5760 986 5833 quandoquidem...
1011 5761 1244 5827 apostolis
1269 5761 1321 5812 in
1348 5763 1520 5815 Graeco
1554 5766 1706 5823 przete

1916 5754 2256 5818 ll‘POcraphM
2289 5752 2534 5814 Venetus,
2559 5748 2618 5802 ab
2651 5721 3056 5805 homreotelcuto,
3087 5750 3142 5793 ut
3179 5740 3401 5799 videtur,
