3866 6448
142 356 235 419 ί59

827 358 1268 419 ENARRATIO
1305 361 1386 421 ΙΝ
1427 364 1929 430 EVANGELIUM
1968 375 2290 436 MARCI—
2327 380 2481 439 CAP.
2522 381 2641 440 XV.

3248 384 3360 445 670

137 463 309 519 ιιῦτον
358 463 454 515 καὶ
498 464 587 515 τδν
638 463 879 534 γραπτὸν
924 464 987 519 δν
1017 464 1220 520 ἔδωκεν
1267 469 1473 541 αύτῷνὸ
1518 472 1683 537 Θεόςο

1793 494 1954 548 quam
2009 484 2269 537 naturalis
2321 483 2451 553 legis
2494 483 2977 553 praevaricatores;
3012 485 3358 550 Judteiveru,

138 556 242 611 ἀλλ’
280 554 308 606 6
340 554 439 624 μὲν
482 553 712 621 ἐθνικὸς,
756 555 1051 625 εὐγνώμων
1088 558 1311 631 λῃστὴς,
1362 564 1390 615 ὀ
1437 561 1495 615 δὲ
1556 564 1691 615 Ἴου.

1794 583 1852 626 ut
1893 583 2289 644 contemptores
2335 588 2389 630 et
2423 577 2601 643 hujus,
2651 587 2705 631 et
2736 578 2880 647 ejus,
2905 596 3067 649 quam
3103 581 3360 635 Dominus

137 645 325 708 δαῖκδς,
365 643 495 714 ἄχρι
525 642 712 707 τέλους
749 644 1088 716 βλάσφημος.
1124 650 1306 703 Μέσον
1354 652 1411 705 δὲ
1452 652 1560 705 τῶν
1598 654 1683 707 δύο

1791 666 1958 730 dedit,
1990 642 2141 736 legis.
2180 665 2282 719 Sed
2318 669 2403 721 hic
2433 642 2650 736 quidem
2679 642 2898 738 gentilis
2923 642 3128 737 'gratus
3182 670 3261 735 (it,
3306 679 3362 723 et

136 738 266 790 λαῶν
293 734 618 807 σταυροῦται
648 738 677 789 6
704 734 904 807 Κύριος
932 754 945 767 ⁸
974 738 1133 804 αὐτὸς
1169 744 1279 812 γάρ
1313 745 1461 797 ἐστιν
1491 747 1518 798 6
1544 745 1689 808 λίθος

136 834 159 882 ὁ
184 828 458 882 συνάπτων
485 829 649 898 ἡμᾶς.

206 1026 221 1056 ι
262 1006 367 1060 Καὶ
413 1008 463 1060 οί
502 1008 1010 1080 παραπορευόμενοι
1050 1008 1439 1082 ἐϐλασφήμουν
1499 1011 1683 1078 αὑτὸν,

140 1097 397 1159 κινοῦντες
426 1098 525 1161 τὰς
568 1100 809 1167 κεφαλὰς
849 1100 1029 1153 αὐτῶν
1058 1102 1152 1154 καὶ
1179 1102 1453 1171 λέγοντες·
1492 1102 1628 1165 osa.
1658 1105 1688 1157 6

138 1189 408 1242 καταλύων
435 1191 526 1242 τὸν
572 1192 714 1255 ναὸν,
746 1194 841 1247 καὶ
887 1194 945 1246 ἐν
984 1195 1165 1263 τρισὶν
1198 1195 1434 1264 ἡμέραις
1477 1196 1684 1249 οἰκοδο-

137 1279 261 1351 μῶν,
296 1280 471 1333 σῶσον
498 1284 725 1337 σεαυτόν
746 1301 758 1313 ·
791 1285 887 1338 καὶ
912 1286 1129 1340 κατάϐα
1160 1287 1267 1339 ἀπὸ
1293 1288 1387 1340 τοῦ
1420 1287 1682 1357 σταυροῦ.

142 1371 354 1439 Ὁμοίως
382 1372 442 1424 δὲ
472 1373 568 1426 καὶ
594 1375 643 1426 oi
674 1376 950 1443 ἀρχιερεῖς
1020 1377 1381 1447 ἐμπαίζοντες
1423 1379 1559 1445 πρὸς
1593 1380 1687 1431 6).-

132 1462 308 1531 λήλους
342 1462 484 1532 μετὰ
516 1464 625 1516 τῶν
655 1464 694 1515 Γ
700 1468 1035 1535 ραμματέων
1062 1467 1266 1535 ἐλεγον·
1291 1468 1517 1533 ’Λλλους
1550 1470 1687 1523 ἐσω-

133 1571 231 1613 σεν,
264 1553 455 1605 ἐαυτὸν
482 1554 542 1607 οὐ
569 1554 791 1609 δύναται
814 1556 1007 1612 σῶσαι.
1026 1556 1085 1611 '0
1116 1559 1349 1629 Χριστὸς
1376 1563 1404 1613 6
1435 1560 1686 1630 βασιλεὺς

130 1648 212 1700 τοῦ
250 1645 492 1717 Ἰσραὴλ,
524 1646 816 1702 καταϐάτω
850 1649 943 1703 νῦν
987 1650 1093 1703 ἀπὸ
1132 1650 1226 1703 τοῦ
1273 1652 1530 1722 σταυροῦ,
1602 1652 1687 1705 ῖνα

131 1738 309 1807 ἴδωμεν
344 1739 439 1790 καὶ
484 1738 887 1808 πιστεύσωμεν.
943 1740 1054 1794 Καὶ
1081 1741 1130 1793 οἱ
1178 1744 1687 1813 συνεσταυρωμένοι

128 1828 279 1900 αὐτῷ,
308 1827 588 1894 ὠνείδιζον
619 1831 805 1886 αὐτόν.
847 1850 865 1882 ι
905 1833 1015 1887 Καὶ
1053 1833 1104 1887 οἱ
1136 1836 1681 1905 παραπορευόμενοι,
1716 1837 1757 1890 Β

129 1922 263 1989 φησὶ,
293 1922 600 1988 τουτέστιν,
643 1925 694 1976 οἱ
726 1923 1067 1994 διερχόμενοι
1098 1928 1197 1996 τὴν
1230 1928 1366 1994 ὁδὸν,
1400 1930 1493 1981 καὶ
1527 1929 1684 1983 αὐτοὶ

128 2012 500 2083 ἐϐλασφήμουν
547 2016 637 2067 τὸν
686 2016 910 2085 Κύριον,
982 2017 1183 2070 ὡσανεὶ⁵
1254 2021 1686 2085 ἐπιτωθὰζοντες

126 2101 267 2153 αὑτὸν
295 2102 369 2164 ὡς
408 2103 633 2160 πλάνον.
666 2105 900 2174 Ὁμοίως
932 2108 1026 2159 καὶ
1068 2110 1115 2159 οί
1148 2109 1426 2180 ἀρχιερεῖς
1461 2110 1645 2178 ἔλεγον
1666 2127 1679 2140 ·

138 2193 186 2246 '0
210 2194 392 2257 ἄλλους
428 2195 636 2263 σώσας,
674 2198 865 2250 ἐαυτὸν
895 2199 953 2251 οὐ
990 2198 1187 2266 σώζει;
1216 2200 1387 2254 Τοῦτο
1416 2202 1471 2255 δὲ
1498 2204 1684 2271 ἔλεγον

128 2283 567 2349 ἀποσκώπτοντες
596 2289 674 2351 είς
711 2291 778 2342 τὰ
818 2289 1073 2359 θαύματα
1104 2291 1291 2358 αὑτοῦ,
1334 2296 1427 2347 καὶ
1464 2296 1685 2365 ἐπικερ-

132 2376 425 2447 τομοῦντες,
456 2379 535 2441 ὼς
554 2381 692 2434 κατὰ
724 2383 1028 2449 φαντασίαν
1059 2385 1198 2454 τάχα
1222 2385 1507 2453 γενόμενα,
1536 2386 1681 2437 Θαυο

136 2471 437 2541 ματουργῶν
472 2474 585 2545 γὰρ
620 2473 787 2538 ἔσωζε
819 2476 1069 2539 πολλούς.
1094 2478 1152 2530 Ὀ
1180 2478 1236 2530 δέ
1261 2478 1505 2542 διάϐολος
1540 2498 1683 2549 παρ-

137 2561 287 2614 εκίνει
321 2562 525 2626 αὐτοὺς
573 2564 750 2633 λέγειν
783 2567 863 2634 τὸ,
906 2568 1219 2623 Καταϐάτω
1251 2571 1360 2624 ἀπὸ
1395 2571 1489 2624 τοῦ
1521 2589 1685 2624 σταυ-

135 2650 237 2721 ροῦ.
276 2650 430 2707 Ἐπεὶ
474 2655 584 2725 γὰρ
622 2656 763 2725 ἐγνω
794 2662 820 2711 6
871 2660 1199 2731 ἀρχέκακος,
1237 2662 1319 2715 ὅτι
1363 2664 1396 2732 ἡ
1438 2665 1684 2733 σωτηρία

131 2742 207 2794 διὰ
255 2743 345 2796 τοῦ
381 2746 621 2816 σταυροῦ
661 2748 889 2816 γίνεται,
932 2751 1096 2804 πάλιν
1146 2752 1399 2819 ἐπείραζε
1440 2754 1531 2807 τὸν
1583 2754 1688 2813 Κύς

136 2848 232 2900 ριον
255 2874 269 2897 ,
306 2832 389 2885 ῖνα
416 2834 519 2887 ἐὰν
542 2836 752 2907 καταϐῇ
779 2839 885 2890 ἀπὸ
913 2844 1005 2893 τοῦ
1036 2841 1293 2909 σταυροῦ,
1326 2842 1683 2914 πληροφορη-

138 2920 214 2994 θῇ,
254 2925 332 2977 ὅτι
364 2925 470 2979 οὐκ
515 2926 663 2981 ἐστιν
697 2928 818 2993 Υἱὸς
858 2930 991 2983 θεοῦ
1018 2946 1033 2960 ο
1071 2932 1165 2984 καὶ
1211 2930 1353 2983 οὕτω
1397 2934 1673 3005 καταλυθῇ

133 3017 161 3083 ἡ
188 3018 414 3087 σωτηρία
441 3020 476 3088 ἡ
502 3019 590 3072 διὰ
620 3020 715 3073 τοῦ
739 3020 973 3090 σταυροῦ
1001 3038 1015 3053 ⁸
1049 3021 1163 3075 ἀλλ’
1192 3024 1399 3081 ἐκεῖνος
1428 3025 1521 3077 καὶ
1554 3026 1685 3089 Υίὸς

134 3106 247 3160 θεοῦ
276 3104 339 3179 ἦν
374 3110 620 3177 ἀληθῶς,
657 3116 750 3166 καὶ
790 3112 878 3166 διὰ
912 3112 1071 3167 τοῦτο
1112 3115 1316 3185 μᾶλλον
1349 3115 1408 3167 ού
1445 3116 1679 3187 κατέϐη·

1792 757 2096 824 resipiscit:
2138 756 2399 811 Judaicus
2450 769 2631 812 autem
2684 775 2855 830 usque
2903 761 2975 814 ad
3020 760 3180 814 ﬁuetn
3212 761 3359 813 blas-

1789 843 2032 911 phemat.
2117 844 2288 899 Porro
2373 845 2633 903 Dominus
2716 851 2859 903 inter
2930 851 3065 904 duos
3131 851 3360 920 populos

1788 934 2148 1004 Cl‘UCiﬁgillll’.
2182 936 2301 1003 Ipse
2333 940 2475 992 cnim
2502 938 2641 1007 lapis
2673 950 2757 993 est
2790 938 3131 1009 conjungeus
3164 957 3282 993 nos.

1859 1023 2023 1080 Vtans.
2059 1026 2253 1081 28-32.
2303 1047 2321 1081 ι
2357 1028 2419 1082 Et
2451 1031 2541 1099 qui
2568 1030 2938 1099 praeteribant,
2974 1032 3361 1084 conviciaban-

1790 1123 1877 1170 tur
1902 1117 2001 1180 illi,
2027 1130 2307 1173 moventes
2328 1121 2504 1189 capita
2535 1136 2653 1185 sua,
2686 1136 2750 1175 ac
2798 1120 3041 1175 dicentes
3069 1138 3081 1172 :
3122 1119 3235 1173 Vah
3263 1124 3353 1190 qui

1788 1208 2064 1263 demoliris
2107 1212 2387 1279 templum,
2438 1222 2493 1266 et
2536 1213 2590 1266 in
2631 1213 3051 1268 tribustdiebus
3098 1215 3358 1276 exstruis,

1787 1315 1941 1353 serva
1979 1300 2230 1370 teipsuin,
2278 1314 2331 1357 et
2366 1304 2629 1358 descende
2673 1304 2739 1358 de
2783 1319 2969 1359 cruce.
3009 1303 3272 1358 Similiter
3306 1313 3363 1358 et

1786 1391 1982 1443 summi
2024 1392 2335 1447 sacerdotes
2381 1393 2662 1449 illudentes
2704 1396 2846 1449 inter
2876 1410 2997 1449 sese
3046 1410 3171 1449 cum
3212 1394 3360 1449 Scri-

1788 1483 1895 1549 bis,
1927 1483 2215 1542 dicebant:
2247 1486 2395 1541 Alios
2429 1488 2685 1554 servavit,
2722 1488 2959 1558 scipsum
2991 1504 3211 1543 servare
3248 1504 3357 1544 non

1789 1586 1984 1644 patest.
2025 1576 2276 1632 Christus
2308 1579 2395 1634 illc
2431 1595 2522 1634 rex
2568 1579 2734 1636 Israel
2774 1583 3065 1636 descendat
3115 1598 3259 1637 nunc
3291 1584 3360 1638 de

1787 1682 1971 1732 cruce,
2013 1678 2071 1723 ut
2114 1671 2394 1725 videamus
2433 1680 2487 1725 et
2532 1674 2843 1727 credamus.
2880 1674 2947 1728 Et
2979 1674 3068 1743 qui
3115 1674 3357 1729 cruciﬁxi

1787 1759 2003 1815 fuerant
2029 1776 2151 1816 eum
2186 1762 2295 1827 illo,
2334 1764 2525 1832 probra
2561 1764 2835 1833 jaciebant
2867 1767 2918 1820 in
2947 1782 3095 1819 cum.
3129 1787 3145 1818 ι
3168 1766 3234 1819 Et
3267 1766 3358 1835 qui

1790 1852 2160 1920 prazteribaut,
2206 1855 2308 1909 hoc
2339 1866 2443 1921 est,
2486 1857 2575 1924 qui
2619 1858 2922 1912 transibant
2959 1873 3056 1927 per
3098 1860 3262 1925 viam,
3299 1867 3355 1913 et

1790 1945 1893 2015 ipsi
1925 1945 2371 2015 blasphemahant
2416 1947 2725 2013 Dominum,
2758 1949 3186 2017 itnproperantes
3215 1950 3263 2003 ei
3300 1960 3361 2003 ut.

1792 2033 2092 2103 impostori.
2150 2034 2414 2090 Similiter
2450 2046 2627 2089 autem
2659 2047 2712 2091 et
2744 2039 3030 2107 poulilices
3071 2039 3356 2094 dicebant:

1790 2125 1940 2177 Alios
1972 2125 2218 2191 salvavit,
2249 2128 2483 2195 St‘ipSUIIl
2520 2143 2622 2180 non
2673 2127 2871 2180 salvat?
2921 2127 3031 2181 lloc
3070 2139 3247 2181 autem
3279 2128 3362 2183 di-

1788 2216 1984 2268 cebant
2042 2216 2351 2272 deridentes
2413 2218 2530 2286 ejus
2606 2218 2863 2271 miracula
2932 2226 2985 2270 et
3044 2219 3361 2273 vellicantcs

1793 2308 1950 2372 quasi
1984 2304 2323 2373 phantastira
2343 2306 2588 2361 fuissent.
2622 2306 2754 2359 Nam
2778 2307 3051 2376 operando
3072 2308 3359 2371 miracula,

1794 2396 1971 2450 salvos
2005 2396 2131 2450 iecit
2176 2396 2398 2451 multos.
2432 2397 2689 2451 Diabolus
2718 2406 2899 2451 autem
2946 2397 3209 2452 incitabat
3239 2398 3359 2452 illos

1788 2497 1848 2539 ut
1881 2487 2147 2551 dicerent,
2181 2488 2477 2542 Descendat
2521 2503 2663 2541 nunc
2694 2487 2759 2540 de
2809 2503 2995 2542 cruce.
3036 2488 3173 2554 Quia
3214 2489 3357 2542 enim

1788 2581 2147 2649 cognoscebat
2203 2589 2391 2633 auctor
2448 2579 2570 2633 ntali
2624 2580 2768 2650 quod
2812 2581 2957 2634 salus
3008 2595 3105 2649 per
3140 2594 3358 2635 crucem

1789 2676 1964 2737 licrct,
1998 2673 2187 2726 iterum
2234 2673 2478 2726 tentabat
2529 2672 2839 2737 Dominum,
2875 2671 3039 2742 259
3085 2680 3142 2723 ut
3182 2671 3228 2725 si
3260 2670 3359 2725 de-

1789 2762 2069 2815 Scendet'et
2104 2760 2173 2815 de
2206 2776 2388 2825 cruce,
2437 2770 2642 2816 certum
2690 2759 2830 2814 foret
2877 2762 3051 2830 ipsum
3095 2775 3198 2814 non
3237 2774 3361 2816 esse

1788 2848 1981 2903 Filium
2028 2848 2143 2911 Dei,
2170 2858 2223 2903 et
2261 2850 2338 2903 sic
2368 2850 2572 2918 periret
2615 2848 2762 2904 salus
2807 2864 2925 2920 quae
2956 2864 3052 2918 per
3095 2862 3357 2915 crucem;

1788 2944 1882 2999 sed
1919 2943 2007 2997 ille
2031 2953 2085 2997 et
2113 2942 2204 2997 Dei
2231 2942 2397 2997 Filius
2426 2950 2542 2998 erat
2567 2957 2715 3007 vere,
2752 2951 2809 2997 et
2850 2952 3131 3012 propterea
3179 2942 3357 2995 minus

1790 3034 2087 3091 descendit.
2144 3034 2277 3088 Nam
2343 3035 2387 3087 si
2448 3032 2707 3088 voluisset
2760 3034 3109 3097 descendere,
3178 3047 3357 3101 neque

1790 3126 2051 3196 principio
2081 3124 2434 3180 ascendisset.
2468 3124 2661 3179 Sciens
2707 3124 2852 3177 cnim
2884 3138 2977 3191 per
3010 3124 3113 3178 hoc
3144 3123 3358 3176 salvan-

132 3199 172 3249 εί
197 3198 295 3269 γὰρ
325 3200 522 3270 ἔμελλε
556 3204 888 3271 καταϐῆναι,
920 3205 1030 3259 οὐδ’
1063 3184 1129 3260 ἂν
1160 3206 1257 3276 τὴν
1287 3206 1460 3276 ἀρχὴν
1479 3184 1649 3277 ἀνέϐη
1667 3222 1681 3237 ⁸

1791 3184 1884 3266 dos
1920 3184 2191 3274 homines,
2235 3211 2493 3265 sustinuit
2545 3221 2603 3264 ut
2652 3211 3084 3283 crucifigeretur,
3140 3211 3357 3279 aliaque

134 3289 251 3343 ἀλλὰ
277 3292 381 3362 γὰρ
416 3294 577 3356 εἰδὼς
606 3295 687 3347 ὅτι
721 3293 892 3358 οὕτως
923 3295 1074 3350 ἔσται
1103 3299 1136 3367 ἡ
1169 3298 1416 3369 σωτηρία
1440 3301 1549 3360 τοῖς
1591 3300 1686 3351 ἀν·-

134 3377 367 3449 θρώποις,
436 3386 702 3456 ἠνέσχετο
768 3386 863 3439 καὶ
930 3388 1313 3460 σταυρωθῆναι
1373 3392 1463 3443 καὶ
1517 3389 1687 3444 τᾶλλα

142 3474 301 3528 πάντα
327 3480 547 3544 παθεῖν,
595 3479 688 3532 καὶ
725 3478 1009 3534 τελειῶσαι
1054 3482 1218 3536 αὐτοῦ
1249 3484 1311 3537 τὸ
1355 3482 1540 3552 ἔργον.
1575 3482 1687 3534 Καὶ

131 3563 176 3617 οί
226 3570 729 3638 συνεσταυρωμένοι
795 3569 1068 3634 ὠνείδιζον
1122 3574 1171 3625 οί
1209 3572 1303 3627 δύο
1347 3572 1407 3638 ἐξ
1467 3572 1681 3642 ἀρχῆς*

1787 3303 1952 3374 multa
1995 3312 2272 3372 pateretur
2323 3302 2783 3373 perlicereturque
2815 3304 2929 3372 ejus
2966 3319 3123 3373 opus.
3167 3302 3235 3357 Et
3266 3303 3357 3371 qui

1784 3393 1944 3448 simul
1969 3394 2232 3459 crucilixi,
2262 3394 2695 3462 exprobrabant;
2718 3393 2983 3463 principio
3007 3393 3140 3454 duo,
3169 3404 3353 3462 postea

1788 3501 1929 3540 unus
1960 3486 2181 3554 agnovit
2208 3501 2334 3539 eum
2380 3485 2682 3548 innoxium,
2728 3485 2867 3539 sicut
2898 3483 3074 3539 Lucas
3117 3485 3269 3547 dicit,
3301 3494 3358 3539 et

1791 3575 2091 3644 increpavit
2121 3575 2285 3628 alium
2316 3574 2811 3641 blasphetnantem.

132 3654 233 3714 εἶτα
268 3663 296 3715 6
342 3658 425 3727 είς
480 3664 694 3733 ἐπέγνω
735 3666 901 3720 αὑτὸν
950 3662 1215 3735 ἀναίτιον,
1273 3666 1349 3731 ὡς
1389 3670 1417 3721 6
1466 3668 1683 3733 Λουκᾶς
1723 3665 1894 3738 λέγει,
1936 3670 2031 3723 καὶ
2083 3669 2286 3740 μᾶλλον
2320 3669 2415 3722 καὶ
2460 3667 2539 3739 τῷ
2570 3668 2743 3739 ἑτέρῳ
2781 3669 3017 3739 ἐπετίμα
3055 3671 3130 3732 ὡς
3204 3670 3363 3740 βλασ-

130 3756 400 3827 φημοῦντι.

194 3866 211 3899 ι
262 3848 571 3919 Γενομένης
611 3848 667 3902 δὲ
707 3849 856 3920 ὥρας
889 3850 1076 3920 ἕκτης,
1110 3850 1302 3910 σκότος
1348 3849 1565 3915 ἐγένετο
1597 3849 1683 3918 ἐφ’

128 3936 237 4007 ὅλην
267 3938 361 4010 τὴν
394 3941 527 4009 γῆν,
574 3939 679 4004 ἕως
721 3941 869 4011 ὥρας
901 3942 1146 4011 ὲννάτης.
1190 3940 1297 3992 Καὶ
1350 3941 1416 4011 τῇ
1465 3940 1585 4011 ὥρᾳ.
1610 3942 1679 4010 τῇ

128 4028 327 4101 tmen,
373 4031 608 4100 ἐϐόησεν
653 4034 681 4086 6
721 4031 930 4102 Ἰησοῦς
980 4034 1128 4101 φωνῇ
1180 4031 1415 4102 μεγάλῃ.
1463 4030 1680 4096 λέγων’

136 4120 300 4185 Ἐλωῒ,
338 4122 494 4188 ἐλωῒ,
527 4124 722 4194 λαμμᾶ
765 4122 1088 4194 σαϐαχθανὶ,
1139 4123 1167 4175 ὅ
1210 4125 1326 4175 ἐστι
1403 4122 1681 4191 μεθερμηο

124 4214 490 4284 νευόμενον,⁹0
514 4216 644 4278 θεός
674 4234 795 4286 μου,
828 4218 855 4270 6
878 4218 1009 4278 Θεὸς
1043 4233 1167 4286 μου,
1195 4218 1274 4278 είς
1303 4214 1353 4266 τί
1385 4232 1449 4283 με
1476 4216 1679 4281 ἐγκατ-

127 4303 328 4372 έλιπες
374 4308 489 4361 Καί
514 4324 657 4370 τινες
697 4307 806 4360 τῶν
850 4306 1274 4377 παρεστηκότων
1328 4304 1682 4369 ἀκούσαντες,

127 4395 326 4462 ἑλεγον·
366 4399 502 4453 Ἰδοὺ
546 4400 738 4452 Ἠλίαν
786 4401 989 4469 φωνεῖ·
1050 4396 1270 4468 δραμὼν
1325 4398 1381 4450 δὲ
1433 4390 1533 4459 εἷς,
1591 4397 1684 4447 καὶ

125 4487 341 4553 γεμίσας
364 4490 606 4556 σπόγγον
640 4489 796 4553 ὄξους
818 4529 833 4554 ν

124 4576 255 4637 τιςεν
282 4577 468 4641 αὑτὸν,
493 4577 684 4644 λέγων·
713 4579 936 4644 Ἅφετε,
965 4576 1160 4647 ἴδωμεν
1191 4578 1238 4629 εί
1261 4576 1475 4646 ἔρχεται
1493 4574 1680 4632 Ἠλίας

126 4666 357 4720 καθελεῖν
390 4666 662 4723 αὐτόν.’0
690 4669 745 4722 δὲ
777 4669 986 4736 Ἰησοῦς
1010 4668 1168 4736 ἀφεὶς
1201 4668 1383 4738 φωνὴν
1416 4667 1680 4737 μεγάλην,

124 4755 460 4820 ἐξέπνευσεν.
514 4779 533 4812 ι
574 4762 767 4823 Σκότος
800 4761 1035 4829 ἐγένετο,
1088 4762 1189 4813 οὐκ
1226 4760 1308 4829 ἐφ’
1358 4760 1453 4812 ἕνα
1486 4759 1679 4821 τόπον,

124 4846 228 4899 ἀλλ’
286 4850 370 4917 ἐφ’
430 4851 557 4920 ὅλην
622 4853 721 4920 τὴν
776 4855 912 4922 γῆνο
978 4852 1073 4905 καὶ
1130 4854 1180 4903 εἰ
1228 4852 1326 4920 μὲν
1376 4845 1442 4921 ἦν
1489 4849 1680 4919 καιρὸς

125 4938 429 5009 ἐκλείψεως,
449 4938 591 5012 εῖχεν
618 4944 682 4997 ἄν
706 4961 787 5005 τις
815 4942 1015 5010 λέγειν.
1042 4943 1122 4994 ὅτι
1147 4941 1370 5009 φυσικὸν
1388 4941 1445 4993 τὸ
1471 4939 1640 5001 πάθος
1660 4955 1675 4970 ο

126 5025 212 5078 νῦν
272 5029 350 5091 δὲ,
414 5031 1046 5100 τεσσαρεσκαιδεκαταία
1098 5024 1166 5100 ἦν
1222 5031 1256 5100 ἡ
1307 5028 1525 5098 σελήνη,
1592 5028 1681 5080 ὅτε

128 5116 394 5188 ἀμήχανον
426 5120 677 5189 γενέσθαι
724 5121 965 5191 ἔκλειψιν
1007 5121 1266 5191 φυσικήν.
1302 5121 1533 5191 Ἀναϐοᾷ
1567 5120 1624 5174 δέ
1655 5122 1683 5174 6

132 5200 317 5278 Κύριος
357 5212 633 5283 Ἐϐραϊστὶ
662 5214 721 5266 τὸ
752 5214 1110 5285 προφητικὸν,
1145 5214 1431 5278 δεικνύων,
1462 5214 1543 5266 ὅτι
1589 5211 1683 5265 καλ

132 5298 246 5369 ἄχρι
296 5304 608 5368 τελευταίας
654 5306 927 5375 ἀναπνοῆς
988 5306 1059 5357 τὰ
1100 5304 1367 5375 Ἐϐραῖκὰ
1408 5305 1560 5376 τιμᾷ.
1609 5306 1684 5359 T6

129 5384 199 5454 δὲ,
247 5392 335 5457 El;
396 5396 447 5448 τί
486 5414 555 5469 με
610 5399 1001 5468 ἐγκατέλιπες;
1032 5398 1108 5463 ὼς
1152 5401 1217 5451 ἐκ
1246 5396 1539 5469 προσώπου
1587 5400 1686 5467 τῆς

136 5478 468 5555 ὁνθρωπίνης
524 5487 736 5557 φύσεως
775 5488 963 5555 λέγει,
1013 5488 1215 5540 ὡσανεὶ
1262 5485 1421 5541 τοῦτο
1469 5488 1682 5555 λέγων’

135 5562 218 5629 Εἷς
263 5572 313 5623 τί
354 5591 417 5643 με
464 5578 554 5629 τὸν
598 5578 889 5649 ἄνθρωπον
946 5578 1323 5645 ἐγκατέλιπες,
1359 5572 1404 5629 ὦ
1440 5577 1564 5641 (ﬁas,
1598 5575 1684 5628 ἵνα

130 5654 295 5731 δεηθῶ
330 5663 461 5720 Θεοῦ
512 5670 919 5740 σταυρουμένου
964 5670 1104 5740 ὑπὲρ
1144 5670 1313 5740 ἐμοῦ,
1358 5670 1551 5739 Ἡμεῖς
1590 5669 1687 5737 μὲν

136 5752 232 5817 γάρ
295 5756 343 5807 οἱ
410 5757 678 5828 ἄνθρωποι
742 5756 882 5831 ἦμεν
952 5763 1001 5815 οί
1101 5760 1680 5830 ἐγκαταλελειμμένοι,

1864 3850 2027 3904 Vens.
2065 3850 2134 3904 33
2167 3849 2257 3902 3'7.
2292 3865 2312 3899 ι
2357 3848 2487 3902 Cum
2515 3862 2641 3900 vero
2672 3845 2811 3898 facta
2843 3854 2986 3898 esset
3025 3846 3153 3897 hora
3182 3853 3356 3907 sexta,

1793 3942 2031 3997 tenebrae
2085 3952 2217 3996 orta:
2262 3946 2386 3994 sunt
2429 3953 2591 4008 super
2634 3946 2799 3991 totam
2834 3948 3030 3990 terram
3081 3952 3251 4003 uxque
3292 3935 3362 3991 ad

1792 4034 1980 4086 horam
2019 4046 2235 4083 nonam.
2284 4030 2349 4082 Et
2388 4029 2520 4081 hora
2568 4041 2708 4081 nona
2754 4026 3004 4080 clamavit
3044 4024 3200 4080 Jesus
3232 4040 3362 4080 voce

1790 4139 2006 4193 magna,
2042 4122 2269 4175 dicens:
2310 4119 2445 4184 Elui,
2472 4118 2597 4182 eloi,
2642 4116 3165 4183 lamasabachthaui,
3214 4117 3359 4187 quod

1789 4226 1891 4279 est,
1928 4213 1972 4266 si
2020 4211 2144 4281 quis
2173 4211 2579 4277 interpretetur,
2611 4207 2751 4264 Deus
2792 4223 2964 4273 meus,
2997 4206 3138 4261 Deus
3175 4222 3355 4274 meus,

1790 4321 1890 4361 cur
1916 4321 2001 4360 me
2040 4303 2363 4358 deseruisti?
2396 4301 2461 4355 Et
2504 4301 2723 4371 quidam
2769 4300 3062 4354 astantium
3105 4314 3225 4354 cum
3258 4315 3359 4352 au-

1793 4397 2020 4485 dissent,
2057 4394 2346 4449 dicebant:
2384 4379 2520 4447 Ecce
2559 4392 2733 4447 Eliatn
2769 4399 2949 4446 vocat.
2983 4390 3233 4445 Accurrit
3258 4406 3357 4443 au-

876 4488 1120 4559 περιθείς
1151 4506 1207 4541 τε
1252 4488 1501 4556 καλάμῳ,
1552 4485 1678 4537 ἐπό-

1791 4499 1891 4543 tem
1919 4484 2154 4557 quidam,
2186 4498 2237 4542 et
2268 4486 2484 4554 impleta
2515 4486 2737 4556 spongia
2796 4494 2972 4550 aceto,
3001 4484 3359 4553 impositaque

1786 4578 2063 4641 arundiui,
2110 4576 2347 4644 porrexit
2380 4574 2453 4628 illi
2493 4584 2703 4643 potum,
2754 4574 2984 4629 dicens:
3032 4574 3226 4636 Sinite,
3279 4574 3360 4625 vi-

1785 4669 2009 4721 deamus
2037 4683 2102 4719 an
2138 4675 2396 4720 venturus
2428 4667 2497 4718 sit
2524 4663 2672 4719 Elias
2705 4666 2771 4717 ad
2803 4664 3179 4735 deponendum
3207 4678 3352 4718 eum.

1784 4756 1940 4812 Jesus
1964 4768 2169 4820 autem,
2202 4756 2396 4809 emissa
2428 4770 2558 4809 voce
2593 4770 2806 4823 magna,
2840 4756 3162 4823 exspiravit.
3197 4772 3216 4807 ι
3254 4756 3361 4809 Tc-

1785 4847 1964 4900 nehra:
1991 4846 2142 4900 factae
2187 4856 2313 4899 sunt
2353 4858 2455 4897 non
2499 4844 2551 4898 in
2588 4859 2695 4897 uno
2727 4844 2866 4909 loco,
2913 4844 3008 4898 sed
3058 4858 3223 4914 super
3273 4853 3357 4895 to-

1786 4947 1896 4991 tam
1936 4948 2175 4991 terram:
2213 4947 2266 4990 et
2296 4936 2339 4991 si
2376 4934 2593 5005 quidem
2646 4934 2840 4988 fuisset
2882 4944 3091 5003 tempus
3116 4932 3355 5011 eclipsis,

1789 5028 2055 5099 potuisset
2097 5027 2222 5097 quis
2278 5026 2461 5080 dicere
2512 5023 2757 5078 naturale
2804 5022 2968 5076 fuisse
3018 5021 3353 5090 deliquium:

1787 5134 1933 5174 nunc
1977 5130 2155 5171 autem
2213 5116 2611 5185 decimaquarta
2662 5110 2762 5167 fuit
2792 5111 2938 5178 luna,
2966 5126 3073 5181 quo
3111 5120 3355 5179 tempore

1782 5204 1938 5277 juxta
1968 5218 2215 5261 naturam
2245 5206 2538 5276 deliquium
2586 5204 2701 5258 ﬁeri
2753 5202 3106 5273 impossibile.
3148 5201 3359 5257 Clamat

1790 5319 1917 5358 vero
1971 5300 2131 5358 Jesus
2184 5301 2450 5355 Ilcbraice
2505 5298 2903 5370 propheticum,
2958 5297 3249 5352 ostendens
3299 5310 3359 5352 se

1788 5408 1957 5462 usque
2007 5392 2073 5446 ad
2133 5402 2361 5445 mortem
2414 5387 2675 5443 Hebraica
2733 5388 2785 5441 in
2836 5387 3039 5441 honore
3084 5386 3359 5446 habuisse.

1792 5485 2056 5540 Cancrum
2105 5484 2247 5552 quod
2276 5482 2446 5536 dicit:
2494 5479 2606 5535 Cur
2639 5495 2725 5535 me
2773 5479 3095 5535 deseruisti?
3135 5496 3200 5534 ex
3240 5496 3362 5548 per-

1789 5590 1918 5630 sona
1952 5575 2200 5628 humanae
2232 5581 2438 5625 natura:
2464 5571 2633 5625 dicit:
2666 5571 2819 5639 quasi
2844 5570 3053 5625 diceret
3080 5611 3092 5630 .
3125 5570 3232 5622 L‘ur
3273 5582 3361 5623 me

1792 5667 2063 5720 hominem
2092 5662 2448 5731 dereliquisti,
2475 5676 2507 5715 ο
2536 5661 2694 5726 Deus,
2724 5670 2780 5716 ut
2808 5677 2944 5729 opus
2981 5660 3208 5714 habeam
3240 5658 3354 5713 Ifeo

1792 5758 1881 5827 qui
1914 5772 2010 5828 pro
2039 5770 2128 5813 me
2161 5756 2503 5826 crucitigatur
2527 5756 2549 5809 ’ἶ
2575 5754 2678 5810 Nos
2710 5755 2851 5811 enim
2881 5754 3125 5808 homines
3154 5750 3352 5805 fuimus
