3866 6448
503 365 604 433 στι

1437 368 2014 430 THEOPHYLACTI
2057 364 2468 429 BULGARIIE
2502 365 2852 427 ARCHIEP.
3601 372 3680 436 672

505 482 730 546 deserti,
763 479 853 537 ille
883 495 1157 550 nunquam
1192 494 1220 533 a
1253 477 1414 535 Patre
1457 481 1748 537 derelictus
1793 482 1907 536 l‘nit.
1942 480 2078 535 Audi

2187 480 2391 544 ἐκεῖνος
2422 479 2479 534 δὲ
2505 481 2604 533 οὐκ
2628 476 3021 549 ἐγκατελείφθη
3051 478 3180 531 ποτέ
3211 477 3352 548 παρᾶ
3381 479 3465 535 τοῦ
3487 484 3676 558 Πατρός.

501 577 646 630 enim
673 574 802 644 quid
838 573 1020 628 dicat:
1059 570 1172 625 Non
1205 586 1322 626 sum
1369 571 1537 637 solus,
1569 572 1765 641 inquit,
1795 573 1886 627 sed
1917 571 2076 626 Pater

511 679 721 718 mecum
747 672 849 717 est.
879 660 973 716 Vel
1008 661 1168 715 etiam
1200 676 1296 730 pro
1329 659 1574 716 Hebraeis
1607 662 1758 724 dicit,
1785 671 1899 716 erat
1932 663 2073 716 enim

507 755 763 808 Hebraeus
809 762 863 806 et
908 754 1025 824 ipse
1076 755 1372 806 secundant
1412 767 1653 807 carnem.
1689 751 1798 806 Cur
1828 767 1932 818 me,
1974 751 2076 807 hoc

504 855 609 907 est,
635 862 734 899 cur
768 845 1089 898 llehraicnm
1125 844 1376 916 populum
1419 844 1734 907 deseruisti,
1768 853 1823 897 ut
1859 843 2077 897 cruciﬁ-

504 948 693 1003 gerent
753 936 950 991 Filium
1005 937 1191 990 tuum?
1241 937 1703 1003 Quemadmodum
1755 937 1896 990 enim
1949 953 2078 992 ron-

506 1028 786 1082 suevimus
813 1029 1016 1092 dicere,
1061 1029 1199 1081 Deus
1228 1028 1346 1081 tulit
1373 1043 1481 1092 me,
1515 1028 1618 1081 hoc
1645 1038 1748 1091 est,
1787 1027 2075 1080 lmmanam

505 1129 753 1173 naturam
791 1137 804 1173 :
835 1119 913 1173 sic
944 1118 1120 1172 ethoc
1154 1120 1268 1173 loco
1297 1118 1640 1188 Dereliquisti
1690 1134 1799 1184 me,
1843 1119 1945 1172 hoc
1971 1131 2075 1180 εει,

511 1211 594 1265 vel
631 1225 807 1264 meam
845 1212 1133 1263 humanam
1172 1220 1446 1275 naturam,
1480 1211 1561 1264 vel
1611 1223 1786 1264 meum
1823 1211 2075 1280 populmn

503 1302 804 1357 Judaicum.
842 1302 1096 1357 Cucurrit
1124 1318 1251 1356 vero
1285 1319 1423 1358 unus
1462 1313 1520 1358 ut
1552 1313 1762 1358 aceturn
1803 1305 1850 1357 ei
1881 1315 2078 1372 potan-

503 1393 631 1449 dum
692 1393 1011 1464 porrigeret,
1070 1408 1177 1462 quo
1222 1394 1384 1448 citius
1427 1409 1548 1448 eum
1606 1395 1743 1449 aceti
1788 1395 2080 1448 conﬁceret

504 1486 834 1539 amaritudo.
859 1484 992 1537 Cum
1020 1493 1199 1538 autem
1226 1483 1688 1540 elamassetJesus
1709 1499 1840 1539 voce
1865 1485 2077 1555 magna.

503 1576 827 1644 exspiravit,
873 1578 1026 1648 quasi
1066 1577 1288 1631 irritaus
1316 1587 1540 1631 mortem
1589 1587 1646 1632 ut
1696 1577 1976 1642 DOminus,
2026 1585 2081 1630 et

507 1679 775 1739 potestate
803 1685 897 1722 sua
934 1669 1192 1724 moriens.
1229 1669 1359 1734 Quae
1397 1680 1576 1724 autem
1609 1685 1709 1725 vox
1754 1668 1841 1723 illa
1892 1668 2077 1735 fuerit,

505 1759 677 1816 Lucas
703 1761 1067 1817 manifestavit
1098 1781 1112 1817 :
1150 1761 1331 1826 Pater,
1357 1763 1408 1816 in
1440 1776 1632 1818 manus
1659 1772 1774 1818 tuas
1804 1779 2080 1817 commen-

2180 572 2386 624 ’Λκουε
2411 571 2520 642 γὰρ
2552 570 2739 638 αὑτοῦ,
2769 569 2822 624 τί
2853 586 3018 640 φησιν
3042 586 3056 599 ·
3091 569 3204 623 Οὑκ
3235 571 3346 641 εἰμὶ
3393 574 3552 641 μόνος,
3577 579 3679 634 ὅτιὸ

2177 663 2366 732 Πατὴρ
2398 664 2514 734 μετ’
2544 661 2677 733 ἐμοῦ
2727 664 2897 716 ἐστιν.
2928 661 2996 715 Ἢ
3025 660 3118 714 καὶ
3146 663 3286 732 ὑπὲρ
3320 663 3420 717 τῶν
3460 666 3678 738 Ἐϐραίων

2175 753 2336 806 τοῦτό
2373 771 2559 823 φησιν,
2594 753 2669 816 ώς
2705 753 2957 825 Ἐϐραῖος
2986 753 3080 806 καὶ
3109 753 3270 816 αὐτὸς
3310 754 3368 806 τὸ
3393 759 3519 809 κατὰ
3545 761 3681 830 σάρκα

2177 845 2273 898 ὥν·
2309 846 2404 909 Ei;
2435 844 2488 898 τί
2519 845 2640 916 ἐμὲ,
2670 846 2938 910 τουτέστι,
2965 847 3056 898 τὸν
3087 844 3372 916 Ἐὃραικδν
3396 847 3528 912 λαὸν,
3556 853 3680 920 tua.

2183 937 2425 1000 τέλιπες,
2469 937 2556 990 ἵνα
2585 936 2943 1008 σταυρώσωσι
2972 937 3064 990 τὸν
3110 937 3239 990 Υἱὺν
3268 939 3355 991 τὸν
3380 939 3490 1006 σόν;
3517 943 3681 1014 Ὠσπερ

2177 1028 2285 1096 γὰρ
2309 1026 2577 1098 εἰώθαμεν
2599 1027 2798 1096 λέγειν,
2831 1029 2911 1080 ὅτι
2941 1028 3001 1082 Ὀ
3030 1027 3160 1091 Θεὸς
3190 1028 3440 1099 ἐφόρεσεν
3468 1032 3570 1100 ἐμὲ,
3594 1036 3684 1090 ἀντὶ

2178 1117 2294 1183 τοῦ,
2339 1118 2434 1188 τὴν
2477 1118 2827 1191 ἀνθρωπίνην
2859 1119 3038 1188 φύσιν·
3075 1118 3218 1173 οὕτω
3248 1121 3339 1174 καὶ
3380 1123 3584 1178 ἐνταῦθα
3606 1127 3682 1191 τὸ,

2179 1208 2570 1275 Ἐγκατέλιπές
2631 1227 2721 1279 με,
2752 1209 2861 1263 νόει
2884 1209 3004 1263 ἀντί
3034 1209 3151 1276 τοῦ,
3178 1210 3277 1280 τὴν
3307 1211 3438 1280 ἐμὴν
3466 1212 3685 1287 φύσιντῂν

2180 1299 2536 1370 ἀνθρωπίνην
2562 1343 2576 1366 ,
2637 1301 2670 1372 ἢ
2696 1303 2787 1354 τὸν
2820 1303 2843 1354 ἐ
2853 1301 2952 1372 μὸν
2988 1302 3116 1355 λαὸν
3147 1304 3238 1356 τὸν
3267 1302 3552 1358 Ἰουδαϊκόν.
3581 1314 3687 1377 Δρα-

2191 1391 2306 1462 μὼν
2327 1393 2384 1446 δὲ
2419 1387 2518 1456 εἷς,
2551 1393 2670 1458 ὅξος
2701 1392 2948 1457 ἐπότιζεν
2992 1394 3173 1458 αὑτὸν,
3215 1395 3302 1447 ἵνα
3343 1399 3685 1470 συντομώτερον

2181 1487 2343 1539 αὑτὸν
2374 1489 2406 1557 ή
2443 1487 2708 1558 δριμύτης
2743 1487 2836 1541 τοῦ
2863 1489 3017 1554 ὄξους
3048 1490 3359 1561 θανατώση.
3394 1492 3592 1562 Κράξας
3607 1495 3686 1548 δὲό

2181 1573 2391 1646 Ἰησοῦς
2422 1579 2570 1646 φωνῇ
2600 1577 2828 1649 μεγάλῃ,
2850 1577 3192 1644 ἐξέπνευσεν,
3220 1580 3382 1632 οἱονεὶ
3408 1583 3685 1649 προσκαλού-

2185 1679 2341 1732 μενος
2377 1662 2468 1715 τὺν
2504 1663 2753 1729 θάνατον,
2801 1664 2874 1728 ὡς
2921 1667 3201 1736 Δεσπότης
3227 1667 3317 1719 καὶ
3353 1669 3468 1721 κατ’
3495 1670 3686 1734 ἐξουσίαν

2183 1753 2568 1823 ἀποθνήσκων.
2603 1755 2700 1817 Τίς
2722 1755 2778 1807 δὲ
2811 1750 2929 1825 ἧνή
2964 1756 3136 1827 φωνὴ,
3164 1756 3430 1826 ἐδήλωσεν
3449 1760 3474 1811 ό
3497 1759 3684 1824 Λουκᾶςο

506 1853 575 1908 do
602 1854 852 1922 spiritum
883 1870 1081 1909 meum.
1111 1854 1318 1908 Etenim
1350 1864 1402 1908 et
1431 1856 1534 1910 hoc
1567 1855 1887 1910 beneﬁcium
1916 1855 2078 1910 Chri-

2187 1847 2388 1914 Πάτερ,
2422 1847 2500 1908 είς
2532 1846 2718 1916 χεῖράς
2761 1864 2854 1900 σου
2887 1846 3230 1918 παρατίθημι
3261 1849 3320 1901 τὸ
3354 1848 3552 1918 πνεῦμά
3581 1869 3684 1920 μου.

503 1945 571 2000 sti
623 1955 726 2011 est,
769 1947 913 2016 quod
971 1962 1113 2000 nunc
1155 1955 1464 2000 sanctorum
1509 1947 1733 2015 spiritus
1783 1948 1835 2001 in
1891 1964 2081 2003 manus

507 2035 687 2093 Patris
717 2039 1038 2102 ascendunt,
1072 2039 1164 2107 qui
1199 2038 1326 2093 olim
1361 2039 1429 2092 ab
1475 2038 1687 2094 inferno
1738 2040 2078 2106 tenebantur,

505 2131 678 2184 donec
751 2131 968 2185 veniret
1029 2131 1122 2200 qui
1202 2129 1518 2202 praedicavit
1591 2130 1820 2201 captivis
1893 2133 2081 2187 remis-

503 2236 737 2276 sronem.

577 2394 746 2451 Vens.
787 2395 982 2452 38-“.
1038 2416 1056 2449 ι
1100 2399 1164 2453 Et
1192 2399 1370 2454 velum
1415 2401 1597 2471 templi
1649 2403 1878 2457 scissum
1913 2405 2078 2459 estin

506 2486 645 2542 duas
676 2498 856 2557 partes
890 2504 917 2542 a
953 2504 1173 2543 summo
1203 2507 1375 2561 usque
1410 2493 1475 2544 ad
1504 2492 1691 2546 immn.
1729 2492 1860 2548 Cum
1894 2505 2077 2548 autem

505 2578 728 2633 vidisset
771 2580 1018 2634 centurio
1050 2580 1212 2650 260
1242 2581 1330 2650 qui
1371 2583 1583 2637 astabat
1613 2599 1676 2638 ex
1707 2585 1938 2638 adverso
1979 2585 2077 2646 illi.

505 2670 648 2736 quod
691 2670 769 2725 sic
810 2672 1009 2725 emisso
1040 2673 1275 2728 clamore
1319 2677 1673 2744 exspirasset,
1728 2677 1905 2732 dixit:
1947 2676 2082 2732 Vere

507 2761 669 2818 homo
699 2764 785 2820 hic
828 2762 996 2820 Filius
1026 2777 1142 2820 erat
1177 2765 1288 2821 Dei.
1325 2769 1491 2822 Erant
1532 2780 1711 2825 autem
1744 2782 1798 2825 et
1832 2771 2080 2826 mulieres

504 2869 535 2907 e
587 2855 876 2926 longinquo
943 2869 1271 2926 spectantes,
1340 2863 1485 2914 inter
1546 2877 1679 2930 quas
1733 2873 1852 2918 erat
1915 2863 2081 2917 Maria

507 2945 843 3014 Magdalene,
891 2961 946 3004 et
981 2951 1148 3009 Maria
1199 2951 1388 3007 Jacobi
1423 2955 1596 3022 parvi,
1635 2966 1685 3008 et
1730 2954 1854 3009 Jose
1887 2965 2078 3022 mater,

505 3043 560 3087 et
603 3037 858 3092 Salome:
895 3055 1012 3107 qum
1065 3044 1226 3095 etiam
1278 3059 1400 3096 cum
1452 3055 1597 3097 esset
1632 3047 1682 3097 in
1727 3045 1966 3109 Galilma,
1997 3060 2083 3100 se-

506 3136 645 3181 cuta:
695 3127 909 3183 fuerant
941 3131 1092 3185 illum
1116 3175 1130 3196 ,
1165 3143 1219 3186 et
1254 3133 1693 3189 ministraverant
1732 3136 1805 3200 ei,
1854 3136 2080 3204 aliaeque

511 3219 817 3286 complures
847 3236 964 3290 qua:
989 3222 1150 3275 simul
1183 3223 1543 3278 ascenderant
1575 3241 1695 3279 cum
1737 3242 1800 3279 eo
1825 3225 2081 3282 Hieroso-

511 3307 733 3374 lymam.
778 3330 796 3363 ι
829 3312 1072 3366 Scissum
1108 3324 1188 3367 est
1208 3314 1407 3379 velmu,
1443 3330 1538 3384 per
1568 3317 1670 3371 hoc
1703 3316 2082 3373 manifestante

517 3409 628 3460 Deo
658 3406 798 3474 quod
831 3405 1004 3474 gratia
1039 3405 1278 3475 Spiritus
1317 3423 1347 3462 e
1383 3409 1582 3478 templo
1622 3409 1819 3475 evolet,
1852 3419 1906 3463 et
1941 3411 2082 3479 quod

404 3516 414 3525 ·
511 3495 707 3550 Sancta
753 3507 1062 3550 sanctorum
1113 3499 1367 3554 Olltlllbtls
1402 3501 1693 3568 conspicua
1749 3511 1804 3556 et
1855 3516 2073 3557 accessa

512 3589 640 3643 ﬁent
671 3606 686 3644 :
716 3589 857 3658 quod
896 3601 951 3644 et
1000 3588 1199 3644 factum
1237 3600 1339 3655 est,
1381 3592 1643 3646 Romanis
1699 3593 1994 3662 ingressis;
2030 3605 2086 3651 ot

511 3680 655 3750 quod
688 3681 868 3749 lugeat
898 3681 1062 3734 etiam
1103 3681 1400 3750 templum:
1439 3698 1561 3736 nam
1586 3683 1727 3750 quod
1763 3685 1814 3737 in
1851 3683 2086 3738 calami-

521 3773 719 3825 tatibus
745 3771 922 3826 facere
958 3773 1133 3827 solent
1174 3771 1365 3839 Judzei,
1405 3789 1529 3829 cum
1561 3786 1740 3830 vestes
1765 3775 2084 3841 dilacerant,

513 3861 616 3917 hoc
632 3871 684 3915 et
715 3862 970 3932 templum
1015 3863 1173 3935 quasi
1233 3866 1532 3920 animatum
1569 3877 1738 3930 esset,
1774 3867 1902 3922 fecit
1931 3883 2084 3924 com-

514 3954 726 4023 patiens
786 3955 1062 4008 Couditori
1130 3970 1228 4009 suo
1296 3955 1540 4025 patienti,
1605 3966 1660 4010 et
1721 3966 1896 4012 vestes
1959 3972 2088 4012 snas

514 4043 859 4113 disrumpens
889 4062 903 4099 :
935 4056 988 4099 et
1015 4047 1160 4101 aliud
1187 4047 1439 4116 quiddam
1471 4049 1523 4102 in
1549 4048 1650 4103 hoc
1678 4047 2079 4103 manifestatur.

513 4136 655 4192 Caro
702 4138 816 4206 ipsa
859 4139 1220 4194 velamentum
1252 4147 1337 4194 est
1371 4139 1544 4194 nostri
1601 4140 1809 4208 templi,
1852 4139 1952 4193 hoc
1983 4125 2086 4205 est,

517 4228 737 4282 mentis.
797 4229 981 4300 Itaque
1028 4231 1200 4284 virtus
1243 4246 1402 4300 quam
1451 4231 1638 4286 habuit
1668 4247 1795 4286 caro
1829 4232 2088 4287 adversus

519 4319 790 4386 spiritum,
861 4319 1205 4389 passionibus
1274 4320 1482 4376 Christi
1562 4323 1823 4376 dissoluta
1889 4331 1993 4388 est,
2057 4338 2085 4375 a

516 4422 730 4462 summo
779 4424 948 4477 usque
997 4410 1274 4476 deorsum,
1319 4411 1421 4465 hoc
1457 4421 1560 4474 eat,
1595 4411 1664 4465 ab
1707 4412 1876 4464 Adam
1913 4426 2086 4479 usque

2185 1939 2293 1990 Καὶ
2323 1937 2432 2006 γὰρ
2463 1939 2559 1991 καὶ
2602 1937 2761 1991 τοῦτο
2789 1937 3153 2008 κατώρθωσεν
3185 1939 3316 2008 ἡμῖν
3367 1939 3395 1991 6
3426 1940 3617 2008 Κύριος,
3642 1944 3685 1995 τὸ

2187 2033 2267 2093 εἰς
2299 2033 2486 2101 χεῖρας
2518 2029 2612 2082 τοῦ
2647 2029 2782 2083 Θεοῦ
2817 2029 3128 2083 ἀναῦαίνειν
3158 2030 3228 2084 τὰ
3256 2030 3362 2083 τῶν
3391 2031 3542 2099 ἁγίων
3564 2034 3686 2086 πνεύ-

2189 2140 2338 2191 ματα
2364 2139 2377 2152 ·
2410 2121 2602 2193 πρώην
2637 2122 2745 2193 γὰρ
2779 2124 2836 2175 ἐν
2872 2121 2996 2193 ᾅδου
3028 2122 3249 2176 τάντων
3296 2123 3352 2174 αί
3391 2121 3543 2192 ψυχαὶ
3563 2124 3687 2194 Expa-

2194 2213 2405 2279 τοῦντο,
2427 2214 2532 2278 ἕως
2553 2207 2614 2268 οὗ
2637 2210 2800 2286 ἦλθεν
2833 2218 2859 2268 6
2884 2214 3129 2284 κηρύξας
3147 2213 3503 2286 αἰχμαλώτοις
3523 2217 3684 2284 ἄφεσιν.

2259 2325 2277 2358 ι
2317 2308 2428 2361 Καὶ
2461 2307 2519 2361 τὸ
2549 2309 2949 2378 καταπέτασμα
2982 2308 3075 2360 τοῦ
3109 2307 3241 2362 ναοῦ
3269 2307 3476 2379 ἐσχίσθη
3508 2310 3572 2371 εἰς
3605 2309 3685 2373 δύο,

2182 2398 2289 2453 ἀπὸ
2327 2398 2532 2453 ἄνωθεν
2555 2400 2658 2463 ἕως
2689 2401 2860 2454 κάτω.
2887 2399 3034 2453 Ἰδὼν
3063 2400 3120 2452 δὲ
3147 2403 3175 2453 6
3215 2399 3500 2468 κεντυρίων
3527 2402 3550 2452 6
3579 2417 3681 2469 mp-

2185 2487 2432 2556 εστηκὼς
2451 2487 2507 2554 ἐξ
2533 2488 2781 2551 ἐναντίας
2805 2488 2985 2550 αὑτοῦ,
3011 2489 3092 2542 ὅτι
3121 2487 3473 2558 οὓτωκράξας
3494 2489 3688 2554 ἐξέπνευο

2186 2595 2297 2642 σεν,
2323 2575 2475 2632 εἷπεν
2498 2594 2515 2608 ⁸
2541 2579 2784 2650 ’Δληθῶς
2801 2581 2828 2632 6
2847 2579 3131 2649 ἅνθρωπος
3162 2573 3319 2644 οὗτος
3350 2580 3466 2644 Υἱὸς
3492 2576 3550 2650 ἦν
3571 2581 3682 2634 Θεοῦ.

2183 2665 2363 2722 Ἦσαν
2393 2669 2448 2722 δὲ
2482 2672 2575 2724 καὶ
2610 2671 2864 2739 γυναῖκες
2895 2671 3002 2723 ἀπὸ
3040 2671 3316 2742 μακρόθεν
3345 2671 3622 2741 θεωροῦσαι,
3649 2673 3688 2723 ἐν

2184 2755 2272 2824 αἷς
2308 2757 2374 2830 ἦν
2414 2761 2601 2831 Μαρία
2637 2763 2668 2832 ἡ
2703 2761 3061 2831 Μαγδαληνὴ,
3093 2763 3189 2814 καὶ
3216 2761 3396 2832 Μαρία
3424 2764 3456 2830 ἡ
3491 2759 3686 2813 Ἰακὼὗου

2184 2851 2278 2905 τοῦ
2314 2851 2532 2923 μικροῦ,
2568 2855 2662 2906 καὶ
2696 2852 2852 2924 Ἰωσῆ
2893 2855 3096 2925 μήτηρ,
3136 2854 3234 2906 καὶ
3280 2853 3518 2924 Σαλώμη.
3545 2853 3596 2906 Ai
3621 2854 3687 2904 καὶ

2185 2945 2273 2998 ὅτε
2306 2941 2378 3016 ἦν
2406 2947 2462 2998 ἐν
2495 2949 2560 3017 τῇ
2581 2946 2867 3018 Γαλιλαία,
2899 2947 3232 3014 ἠκολούθουν
3257 2946 3420 3016 αὐτῷ,
3453 2947 3533 3000 καὶ
3557 2946 3688 3014 διηκό-

2186 3053 2312 3089 νουν
2339 3037 2509 3107 αὐτῷ,
2545 3039 2637 3090 καὶ
2670 3038 2826 3091 ἄλλαι
2865 3038 3076 3102 πολλαὶ,
3111 3040 3164 3091 αί
3212 3039 3558 3092 συναναϐᾶσαι
3582 3037 3688 3106 αὐτῷ

2187 3129 2267 3190 είς
2311 3127 2680 3199 Ἰεροσόλυμα.
2726 3147 2744 3180 ι
2796 3129 3052 3198 Ἐσχὶσθη
3097 3129 3157 3181 τὸ
3207 3131 3592 3197 καταπέτασμα,
3620 3127 3688 3189 δη-

2189 3217 2411 3282 λοῦντος
2436 3218 2530 3272 τοῦ
2564 3218 2723 3283 Θεοῦ,
2763 3221 2844 3273 ὃτι
2880 3222 2914 3289 ἡ
2954 3220 3115 3290 χάρις
3166 3221 3263 3273 τοῦ
3302 3220 3589 3288 Πνεύματος
3612 3219 3688 3270 ἀπ-

2184 3310 2314 3380 έστη
2355 3310 2464 3364 ἀπὸ
2509 3310 2603 3363 τοῦ
2640 3311 2790 3376 ναοῦ,
2832 3313 2926 3365 καὶ
2977 3313 3058 3365 ὅτι
3085 3313 3152 3365 τὰ
3212 3314 3377 3380 ’Ἅγια
3424 3311 3520 3364 τῶν
3561 3309 3686 3376 ἁγίων

2187 3402 2324 3453 πᾶσι
2357 3399 2526 3454 θεατὰ
2571 3400 2668 3454 καὶ
2714 3402 2923 3473 βάσιμα
2963 3403 3434 3473 καταστήσονται·
3471 3402 3496 3454 ὃ
3523 3401 3599 3454 καὶ
3627 3401 3689 3466 γέ-

2186 3509 2334 3561 γονε,
2383 3493 2494 3545 τῶν
2551 3492 2842 3564 Ῥωμαίων
2889 3495 3244 3550 εἰσελθόντων
3276 3512 3290 3525 °
3326 3497 3415 3548 καὶ
3454 3497 3526 3548 ὃτι
3551 3491 3692 3546 πενθεῖ

2187 3581 2283 3633 καὶ
2331 3582 2359 3634 6
2393 3581 2538 3644 ναός.
2577 3582 2758 3651 Ὅπερ
2792 3583 2901 3654 γὰρ
2953 3583 3214 3637 είώθασιν
3248 3585 3480 3637 Ἰουδαῖοι
3522 3584 3568 3635 ἐν
3605 3581 3691 3642 ταῖς

2200 3676 2511 3744 συμφοραῖς
2550 3677 2744 3738 ποιεῖν,
2777 3677 2868 3728 καὶ
2913 3675 3306 3748 διαῤῥηγνὺναι
3348 3676 3465 3738 τοὺς
3493 3672 3690 3744 χιτῶνας.

2186 3766 2344 3820 τοῦτο
2395 3765 2490 3819 καὶ
2526 3767 2554 3819 6
2587 3767 2736 3830 ναὸς,
2789 3768 2990 3821 ὠσανεὶ
3027 3769 3294 3840 ἔμψυχος,
3337 3769 3600 3830 ἐνεδείξατο
3627 3766 3692 3816 ἐπὶ

2185 3856 2262 3926 τῷ
2292 3857 2502 3928 κτίστῃ
2543 3856 2826 3926 πάσχοντι,
2860 3858 2919 3911 τὸ
2951 3859 3146 3912 ἐαυτοῦ
3186 3860 3397 3930 ἱμάτιον
3421 3855 3690 3927 διαρρήξας·

2186 3949 2281 4002 καὶ
2316 3948 2445 4002 ἄλλο
2491 3948 2548 4002 δέ
2592 3965 2645 4001 τι
2681 3951 2743 4002 ἐκ
2785 3949 2978 4003 τούτου
3013 3950 3291 4021 δηλοῦται.
3340 3952 3403 4006 ’11
3441 3947 3558 4019 σὰρξ
3591 3945 3692 4012 αὕτη

2187 4041 2590 4110 καταπέτασμα
2623 4044 2742 4094 ἐστι
2772 4042 2863 4095 τοῦ
2893 4043 3162 4114 ἡμετέρου
3199 4043 3349 4107 ναοῦ,
3375 4043 3606 4105 τουτέστι,
3625 4035 3692 4090 τοῦ

2197 4134 2316 4196 νοός
2344 4148 2358 4163 ο
2394 4135 2427 4203 ἠ
2460 4132 2590 4201 γοῦν
2618 4133 2716 4200 τῆς
2746 4134 2948 4203 σαρκὸς
2978 4133 3230 4204 δύναμις,
3267 4136 3332 4206 ἣν
3368 4132 3468 4203 εἶχε
3497 4132 3611 4184 κατὰ
3625 4126 3690 4180 τοῦ

2187 4229 2520 4298 πνεύματος,
2553 4228 2822 4300 mappam
2851 4231 2968 4292 τοῖς
2999 4229 3194 4283 πάθεσι
3225 4231 3317 4284 τοῦ
3349 4227 3584 4300 Χριστοῦ,
3614 4223 3692 4277 ἀπὸ

2185 4321 2393 4374 ἄνωθεν
2443 4321 2546 4384 ἕως
2595 4321 2765 4385 κάτω,
2808 4322 3108 4385 τουτέστιν,
3136 4323 3245 4375 ἀπὸ
3300 4322 3460 4389 Ἀδὰμ
3495 4319 3586 4380 ἕως
3624 4315 3692 4367 καὶ

2186 4413 2293 4466 τῶν
2332 4413 2655 4466 τελευταίων
2684 4413 3009 4484 ἀνθρώπων.
3037 4415 3145 4466 Kal.
3175 4416 3283 4486 γὰρ
3328 4415 3356 4466 6
3399 4414 3550 4478 Ἀδὰμ
3579 4407 3693 4478 ἠγίαο

517 4499 584 4553 ad
618 4501 934 4554 novissimos
969 4502 1233 4556 homines.
1267 4501 1476 4557 Etenim
1519 4504 1689 4556 Adam
1732 4503 2071 4557 s:mctilicato

2203 4523 2322 4560 σται
2350 4508 2461 4569 τοῖς
2495 4505 2692 4559 πάθεσι
2748 4506 2841 4560 τοῦ
2879 4502 3140 4573 Χρίστοῦ,
3176 4509 3270 4560 καὶ
3297 4509 3392 4560 οὐκ
3425 4505 3494 4557 ἔτι
3525 4504 3552 4571 ἡ
3592 4496 3693 4567 σὰρξ

519 4591 860 4658 passionibus
888 4591 1116 4656 Chrisﬁ,
1155 4610 1258 4647 non
1294 4593 1430 4648 ultra
1461 4609 1586 4649 caro
1620 4593 1766 4649 illius
1797 4594 2084 4648 maledicta

517 4685 642 4744 erit,
681 4696 852 4749 neque
883 4682 1216 4752 corruptioni
1263 4684 1522 4749 obnoxia,
1571 4686 1663 4739 sed
1702 4685 2091 4754 incorruptibi:

517 4771 669 4827 litate
706 4772 955 4826 honorati
997 4788 1185 4827 sumus
1225 4790 1436 4830 omnes.
1480 4774 1647 4829 Porro
1679 4776 1942 4841 centurio,
1987 4774 2091 4829 hoc

515 4875 621 4928 est,
656 4865 745 4934 qui
802 4874 1018 4918 centum
1078 4875 1332 4934 praeerat,
1387 4865 1574 4918 videns
1629 4865 1772 4932 quod
1826 4873 1932 4918 tam
1995 4880 2119 4934 μοι

519 4967 692 5012 tenter
721 4965 776 5013 et
818 4959 958 5012 sicut
1004 4957 1263 5012 Dominus
1301 4957 1492 5010 mortis
1524 4958 1874 5024 exspirasset,
1924 4957 2092 5010 admi-

518 5060 665 5106 ratus
712 5059 796 5105 est
838 5059 893 5104 et
939 5049 1242 5105 confessus.
1281 5048 1417 5104 Vide
1453 5059 1633 5104 autem
1679 5051 1925 5105 ordinem
1957 5066 2090 5104 con-

518 5155 755 5194 versum.
817 5138 984 5196 Judaei
1043 5139 1416 5202 interﬁciunt,
1477 5140 1692 5210 gentilis
1748 5141 2087 5196 conﬁtetur:

425 5285 432 5294 Ι
518 5230 766 5298 discipuli
822 5230 1050 5300 fugiunt,
1111 5231 1364 5286 mulieres
1410 5240 1649 5285 manent.
1706 5231 1872 5285 Erant
1914 5232 2084 5298 ειιὶιιι,

522 5320 714 5388 inquit,
755 5320 826 5374 ibi
881 5329 935 5374 ct
980 5321 1260 5385 mulieres,
1303 5323 1444 5375 inter
1493 5339 1628 5391 qttas
1673 5321 1837 5376 Maria
1878 5323 2093 5391 Magda-

520 5408 662 5473 lene,
717 5419 771 5464 et
821 5408 988 5466 Maria
1043 5410 1227 5466 Jacobi
1266 5421 1318 5466 et
1348 5411 1475 5466 Jose
1507 5422 1699 5466 mater.
1750 5411 1811 5465 Et
1846 5412 1961 5467 lucc
1997 5411 2088 5466 Dei

517 5498 764 5556 Genitrix
808 5510 948 5566 erat,
986 5519 1106 5574 qua:
1157 5514 1426 5573 quatenus
1483 5502 1718 5574 Josepho
1770 5504 2091 5573 desponsata

526 5593 650 5660 fuit,
678 5603 850 5649 mater
883 5604 1003 5650 erat
1031 5605 1088 5652 et
1115 5595 1345 5650 ﬁliorum
1376 5595 1602 5666 Joseph,
1634 5595 1786 5663 cujus
1819 5595 1909 5650 ﬁlii
1943 5596 2093 5651 fuere

518 5683 758 5741 Jacobus
797 5697 852 5742 et
889 5685 1064 5744 Joses.
1103 5689 1308 5743 Dicitur
1348 5689 1542 5743 horum
1590 5698 1782 5754 mater,
1840 5687 1944 5742 hoc
1988 5696 2090 5756 est,

523 5794 755 5836 noverca
785 5797 802 5838 :
836 5781 976 5838 sicut
1004 5791 1057 5838 et
1091 5779 1288 5852 Joscph
1329 5795 1465 5837 uxor
1498 5780 1799 5847 dicebatur,
1845 5779 1940 5838 hoc
1984 5788 2086 5848 est,

2191 4597 2399 4649 ἐκείνου
2449 4596 2852 4664 ἐπικατάρατος
2914 4597 3090 4660 ἐσται,
3149 4597 3272 4650 οὐδὲ
3331 4595 3493 4664 φθορᾷ
3537 4593 3691 4659 ἔνοχος.

2189 4687 2305 4742 ἀλλ’
2358 4689 2638 4758 ἀφθαρσίᾳ
2694 4689 3031 4757 ἐτιμήθημεν
3088 4689 3345 4750 ἅπαντες.
3397 4685 3530 4738 Ἰδὼν
3589 4680 3691 4734 δὲό

2195 4778 2516 4850 κεντυρίων,
2549 4777 2846 4842 τουτέστιν,
2889 4779 2916 4827 6
2947 4778 3336 4849 ἑκατόνταρχος
3358 4777 3586 4846 (κέντουμ
3613 4769 3691 4837 γὰρ

2193 4868 2442 4934 λέγουσιν
2481 4867 2530 4920 οἱ
2564 4866 2824 4936 Ῥωμαῖοι
2888 4865 2949 4917 τὸ
2995 4867 3209 4936 ἑκατόν)
3255 4868 3333 4919 ὅτι
3365 4865 3493 4918 οὕτω
3545 4861 3692 4913 δεσπο-

2192 4961 2354 5022 τικῶς
2383 4957 2728 5024 ἐξέπνευσεν,
2764 4957 3039 5027 ἐθαύμασε
3080 4960 3174 5010 καὶ
3206 4959 3552 5028 ὡμολόγησεν.
3587 4952 3692 5018 Ὅρα

2193 5050 2247 5102 δὲ
2279 5050 2372 5102 καὶ
2404 5048 2502 5117 τὴν
2527 5049 2679 5113 τάξιν
2711 5049 3199 5117 ἁντιστραφείσαν·
3237 5053 3289 5102 οἱ
3315 5049 3539 5101 Ἰουδαῖοι
3573 5043 3692 5093 01v:-

2193 5140 2398 5206 τοῠσιν,
2426 5143 2452 5194 ὁ
2476 5140 2686 5203 ἐθνικὸς
2713 5140 2995 5210 ὁμολογεῖ·
3021 5141 3071 5193 οἱ
3095 5142 3332 5208 μαθηταὶ
3361 5139 3627 5210 φεύγουσιν.
3651 5130 3690 5181 αἱ

2195 5237 2448 5302 γυναῖκες
2494 5231 2926 5303 παραμένουσιν.
2956 5229 3139 5286 Ἦσαν
3184 5238 3310 5305 γὰρ,
3345 5231 3486 5304 φησὶ,
3515 5227 3590 5281 καὶ
3621 5242 3691 5292 γυο

2195 5328 2400 5387 ναῖκες,
2438 5325 2494 5375 ἐν
2524 5318 2610 5386 αἷς
2637 5318 2704 5394 ἦν
2739 5325 2927 5395 Μαρία
2969 5326 3000 5395 ἡ
3047 5327 3395 5396 Μαγδαληνὴ,
3425 5323 3510 5379 καὶ
3547 5315 3690 5385 Magi:

2195 5419 2228 5487 ἡ
2263 5415 2549 5481 Ἰακώϐου,
2591 5417 2684 5468 καὶ
2711 5417 2870 5488 Ίωσῆ
2903 5419 3086 5489 μήτηρ
3108 5435 3121 5448 ·
3155 5419 3291 5490 αὓτη
3333 5419 3406 5484 δὲ,
3434 5419 3463 5487 ἡ
3488 5411 3688 5468 Θεοτόκος

2193 5503 2284 5579 ἦν,
2341 5508 2460 5578 ἥτις
2511 5507 2634 5561 καθ’
2681 5507 2709 5560 δ
2766 5510 3109 5580 ἐμνηστεύθη
3168 5511 3242 5581 τῷ
3300 5510 3504 5579 Ἰωσὴφ,
3550 5505 3686 5574 μήτηρ

2194 5597 2374 5652 αὐτῶν
2410 5593 2502 5669 ἦν·
2533 5596 2624 5651 τοῦ
2656 5597 2713 5650 δέ
2743 5599 2940 5670 Ἰωσὴφ
2974 5602 3162 5664 παῖδες
3187 5597 3348 5673 ἦσαν,
3381 5595 3600 5656 Ἰἀκωόθιὲ
3619 5588 3684 5643 καὶ

2193 5686 2402 5757 Ἰωσῆς.
2474 5688 2712 5753 Λέγεται
2761 5690 2938 5742 τοίνυν
3000 5693 3186 5763 μήτηρ
3235 5693 3424 5756 αὐτῶν,
3473 5686 3575 5743 ἀντὶ
3596 5677 3682 5741 τοῦν

2201 5777 2440 5850 μητρυιά
2464 5793 2477 5809 ⁸
2512 5777 2701 5850 ὥσπερ
2738 5781 2830 5834 καὶ
2859 5779 2953 5836 τοῦ
2985 5780 3186 5857 Ἰωσὴφ
3210 5785 3414 5855 ἐλέγετο
3442 5777 3572 5850 γυνὴ.
3595 5765 3682 5826 ἀντὶ
