3866 6448
121 329 212 393 673

802 333 1246 395 ENARRATIO
1287 336 1368 396 IN
1410 338 1908 402 EVANGEHUM
1945 341 2206 402 MARCI.
2242 340 2496 406 -VCAP.
2537 347 2656 407 XV.

3238 351 3347 416 ετι

119 437 224 501 τοῦ,
252 437 488 507 μνηστή.
537 437 598 491 'Il
628 437 865 510 Σαλώμη
905 439 984 501 δὲ,
1009 435 1077 512 ἦν
1109 442 1142 508 ἡ
1177 441 1363 513 μήτηρ
1397 442 1507 496 τῶν
1537 442 1681 495 Υἱῶν

1789 459 2006 514 sponsa.
2052 444 2270 500 Salome
2301 457 2480 500 autem
2529 459 2646 502 erat
2691 457 2866 506 mater
2910 451 3140 508 filiorum
3186 454 3357 514 lebe-

118 529 411 586 Ζεϐεδαίου.
433 530 543 584 Kal
564 529 747 586 ἄλλαι
777 533 833 586 δὲ
859 533 1110 587 πολλαί.
1130 534 1252 588 Τῶν
1269 536 1376 605 γὰρ
1406 535 1678 606 ἐπισημο-

117 622 274 692 τέρων
311 621 575 692 ὀνομαστὶ
606 624 1033 694 ἐμνημόνευσεν.

183 733 199 763 ι
238 714 346 766 Καὶ
376 713 479 784 ήδη
515 714 672 784 ὀψίας
705 717 1027 785 γενομένης,
1057 718 1180 771 ἐπεὶ
1216 713 1285 789 ἦν
1316 717 1672 787 Παρασκευὴ,

115 804 268 855 ὅέστι
320 805 726 873 προσάϐϐατον,
776 802 940 877 ἦλθεν
989 807 1188 878 Ἰωσὴφ
1227 809 1254 860 ό
1293 810 1400 863 ἀπὸ
1454 811 1680 878 Ἀριμα-

119 895 264 958 θαίας
291 895 589 967 εὐσχήμων
621 897 935 970 βουλευτὴς,
979 901 1035 963 ὃς
1072 903 1163 952 καὶ
1209 901 1370 964 αὐτὸς
1397 897 1464 970 ἦν
1509 918 1678 971 προσ-

113 985 386 1055 δεχόμενος
467 988 565 1056 τὴν
627 987 905 1056 βασιλείαν
983 990 1077 1044 τοῦ
1149 990 1326 1044 Θεοῦο
1402 990 1677 1060 τολμήσας

110 1076 314 1147 είσῆλθε
364 1077 506 1146 πρὸς
564 1079 794 1133 Πιλᾶτον
822 1123 837 1146 ,
873 1081 967 1134 κα)⁸
1005 1083 1250 1154 ᾐτήσατο
1288 1083 1346 1136 τὸ
1377 1083 1537 1153 σῶμα
1579 1083 1675 1136 τοῦ

123 1161 312 1230 Ἰησοῦ.
360 1161 420 1216 ’0
447 1165 504 1217 δὲ
538 1166 772 1232 Πιλάτος
796 1168 1133 1239 ἐθαύμασεν,
1173 1172 1223 1224 εί
1273 1171 1373 1242 ἤδη
1405 1171 1634 1241 τέθνηκε
1658 1189 1674 1205 ο

113 1255 199 1308 καὶ
265 1256 788 1327 προσκαλεσάμενος
868 1260 959 1314 τὸν
1032 1264 1397 1333 κεντυρίωνα,
1455 1262 1678 1333 ἐπηρώ-

111 1364 260 1417 τησεν
314 1349 504 1416 αὑτὸν,
559 1352 609 1404 si
651 1352 816 1406 πάλαι
858 1353 1140 1407 ἀπέθανε·
1186 1356 1280 1409 καὶ
1339 1357 1505 1425 γνοὺς
1569 1355 1678 1410 ἀπὸ

108 1440 192 1494 τοῦ
251 1441 655 1512 κεντυρίωνος,
723 1443 1035 1516 ἐδωρήσατο
1091 1445 1152 1499 τὸ
1227 1447 1387 1518 σῶμα
1454 1445 1532 1517 τῷ
1566 1449 1680 1500 Ἰω-

121 1533 242 1602 σὴφ.
306 1533 422 1588 Καὶ
471 1533 748 1604 ἀγοράσας
797 1537 1008 1592 σινδόνα
1051 1537 1148 1591 καὶ
1187 1538 1436 1594 καθελὼν
1491 1537 1674 1603 αὑτὸν,

109 1625 340 1695 ἑνείλησε
375 1628 446 1695 τῇ
507 1628 729 1694 σινδόνι,
763 1629 858 1682 καὶ
890 1630 1196 1701 κατέθηκεν
1246 1631 1408 1684 αὐτὸν
1443 1633 1500 1684 ὲν
1537 1647 1678 1701 μνη-

112 1716 257 1785 μείῳ,
288 1715 317 1768 δ
366 1712 441 1788 ἦν
490 1716 930 1789 λελατομημένον
961 1721 1025 1773 ὲκ
1060 1721 1266 1792 πέτρας
1295 1737 1309 1752 ’
1357 1721 1454 1774 καὶ
1507 1737 1676 1786 προσ-

1783 536 1901 590 ἀίεί.
1939 537 2005 589 lit
2035 538 2158 590 alia:
2189 551 2401 607 quoque
2439 538 2644 603 multae,
2677 542 2892 597 nomina
2921 545 3066 600 enim
3099 549 3358 604 celebrio-

1783 641 1903 679 rum
1941 636 2146 680 tantum
2176 627 2644 682 commemoravit.

1854 800 2018 857 Vens.
2065 803 2254 858 42-47.
2307 823 2324 854 ι
2371 804 2436 861 Et
2481 820 2602 859 cum
2656 806 2768 876 jam
2812 810 3049 863 venisset
3103 826 3349 882 vespera,

1778 895 2032 961 quoniam
2080 907 2197 949 erat
2226 895 2529 952 Parasceve
2565 915 2686 968 qua:
2732 903 2986 968 praecedit
3033 902 3351 969 Sahhatum.

1778 985 1927 1038 venit
1949 983 2147 1054 Joseph
2178 998 2330 1041 ortus
2357 1003 2418 1042 ex
2455 987 2674 1044 civitate
2703 991 3058 1057 Arimathwa,
3092 996 3351 1051 honesms

1778 1086 2018 1142 senator,
2040 1079 2130 1146 qui
2157 1089 2210 1132 et
2244 1079 2357 1148 ipse
2388 1088 2505 1135 erat
2530 1092 2851 1150 exspectans
2878 1098 3100 1150 regnum
3135 1086 3222 1140 Dei
3253 1103 3268 1150 ;
3302 1100 3355 1138 et

1777 1176 1989 1235 sumpta
2035 1169 2264 1222 audacia
2293 1170 2570 1242 ingressus
2596 1183 2681 1227 est
2709 1174 2775 1227 ad
2814 1173 3078 1239 Pilatum,
3111 1186 3165 1229 et
3202 1179 3356 1242 petiit

1777 1273 1978 1328 corpus
2017 1257 2166 1315 Jesu.
2219 1261 2422 1318 Pilatus
2463 1275 2644 1318 autem
2688 1269 2988 1321 admiratus
3023 1279 3107 1322 est
3167 1269 3211 1323 si
3245 1268 3353 1337 iam

1781 1361 2026 1406 mortuus
2051 1361 2214 1407 esset.
2250 1353 2313 1406 Et
2355 1355 2620 1409 accersito
2655 1357 2719 1408 ad
2745 1372 2802 1410 se
2830 1359 3150 1412 centurione
3181 1359 3353 1411 inter-

1778 1445 1988 1512 rogavit
2016 1443 2188 1506 illutn,
2221 1459 2288 1497 an
2313 1443 2626 1512 jamdudum
2669 1456 2916 1502 mortuus
2941 1450 3150 1505 l’uissi-t.
3185 1449 3246 1503 Et
3272 1465 3355 1504 rc-

1782 1533 1994 1602 cognita
2027 1547 2090 1588 ex
2128 1536 2467 1598 Centurione,
2502 1536 2718 1589 donavit
2762 1552 2960 1604 corpus
2993 1539 3091 1607 ipsi
3126 1537 3352 1610 Joseph.

1781 1623 1846 1677 Et
1884 1627 1931 1678 is
1967 1635 2242 1679 mercatus
2285 1627 2594 1692 sindonem,
2633 1629 2933 1696 depositum
2966 1647 3088 1684 eum
3135 1634 3360 1688 involvit

1779 1717 2035 1780 sindoni,
2095 1717 2440 1786 rcposuitque
2503 1719 2555 1772 in
2619 1731 2970 1774 manumento
3034 1723 3176 1791 quod
3241 1733 3359 1777 erat

114 1806 318 1860 εκύλισε
349 1808 503 1861 λίθον
535 1811 628 1862 ἐπὶ
679 1811 775 1880 τὴν
830 1809 1000 1881 θύραν
1045 1811 1138 1864 τοῦ
1187 1811 1475 1881 μνημείου.
1509 1811 1576 1864 'll
1621 1811 1677 1864 δὲ

1789 1808 2021 1862 excisum
2056 1821 2086 1860 e
2125 1816 2322 1876 petra:
2372 1816 2428 1860 et
2475 1807 2714 1862 advolvit
2763 1809 2992 1876 lapidem
3047 1815 3114 1865 ad
3159 1814 3357 1865 ostium

110 1900 285 1970 Μαρία
317 1901 352 1971 ή
385 1901 727 1971 Μαγδαληνὴ
759 1903 851 1955 καὶ
896 1903 1087 1972 Μαρία
1127 1902 1368 1973 ήίωσῆ,
1408 1902 1678 1973 ἐθεώρουν

113 1991 204 2042 ποῦ
247 1991 482 2046 τίθεται.
526 2012 544 2044 ι
593 1993 650 2046 ’0
689 1995 959 2065 μακάριος
1001 1995 1223 2066 Ἰωσήφ,
1281 1995 1361 2048 ἔτι
1406 1994 1485 2065 τῷ
1529 1996 1679 2067 νόμῳ

112 2081 387 2148 δουλεύων,
445 2083 540 2137 καὶ
577 2084 669 2138 τὸν
712 2085 949 2155 Χριστὸν
997 2085 1130 2138 Θεὸν
1163 2086 1399 2156 ἐπέγνω,
1454 2085 1534 2139 διδ
1587 2087 1679 2140 καὶ

113 2173 273 2244 τολμᾷ
297 2175 509 2245 τόλμαν
549 2179 841 2249 ἐπαινετήν
873 2194 886 2209 ·
923 2178 1021 2249 οὐχ
1053 2178 1409 2248 ύπελογίσατο
1434 2179 1566 2250 γὰρ,
1596 2179 1678 2232 ὅτι

118 2265 363 2330 Πλούσιός
403 2268 544 2337 είμι,
608 2271 708 2322 καὶ⁵
757 2269 1100 2341 ὲκπεσοῦμαι
1141 2271 1234 2324 τοῦ
1282 2271 1533 2335 πλούτου,
1583 2273 1678 2326 ἐὰν

115 2357 418 2426 αἰτήσωμαι
448 2359 508 2411 τὸ
541 2360 699 2428 σῶμα
736 2360 828 2413 τοῦ
871 2362 964 2415 ἐπὶ
993 2362 1269 2431 τυραννίδι
1319 2362 1680 2434 κατακριθέν-

118 2463 218 2510 τος,
257 2448 352 2502 καὶ
392 2449 830 2521 διαδληθήσομαι
875 2454 988 2514 τοῖς
1019 2453 1292 2516 Ἰουδαίοις
1321 2469 1336 2482 ·
1368 2454 1520 2508 οὐδὲν
1557 2453 1680 2508 τού-

117 2557 213 2593 των
255 2537 378 2594 εἷπε
428 2542 548 2595 καθ’
582 2544 813 2596 ἑαυτόν·
851 2544 986 2598 ἀλλὰ
1033 2546 1212 2598 πάντα
1259 2545 1488 2616 δεύτερα
1543 2549 1680 2617 ἡγη-

124 2633 364 2703 σάμενος,
398 2636 648 2707 ᾐτήσατο
678 2636 767 2690 ἵνα
798 2635 943 2706 θάψῃ
977 2637 1038 2690 τὸ
1071 2637 1163 2690 τοῦ
1197 2638 1677 2709 κατακεκριμένον

126 2723 302 2794 σῶμα.
349 2723 412 2779 '0
433 2725 489 2778 δὲ
530 2726 757 2789 Πιλᾶτος
798 2725 1132 2796 ἐθαύμασεν,
1188 2728 1234 2778 εί
1264 2727 1364 2798 ήδη
1397 2727 1675 2798 τέθνηκεν·

123 2815 321 2884 ἐνόμιζε
387 2817 498 2889 γὰρ
544 2819 708 2873 αὑτὸν
739 2807 832 2872 ὲπλ
870 2818 1006 2872 πολὺ
1051 2819 1315 2884 ἀνθέξειν,
1353 2819 1539 2892 ὥσπερ
1588 2822 1681 2876 καὶ

124 2906 234 2968 τοὺς
258 2907 487 2978 λῃστάς.
510 2908 872 2981 Ἐπηρώτησε
902 2911 959 2964 δὲ
1004 2911 1097 2964 καὶ
1131 2912 1222 2964 τὸν
1261 2915 1592 2982 κεντυρίωνα
1631 2916 1680 2968 εἰ

126 2998 279 3051 παλαι
313 3001 578 3066 ἀπέθανε,
622 3002 922 3067 τουτέστιν,
965 3005 1014 3056 εἰ
1047 3003 1156 3074 πρὸ
1205 3002 1353 3074 ὧρας
1385 3004 1677 3060 ἀπέθανεν.

1783 1899 2138 1954 monumenti.
2193 1899 2264 1952 At
2312 1897 2481 1954 Maria
2546 1900 2860 1969 Magdalene
2915 1910 2968 1956 et
3014 1901 3182 1957 Maria
3233 1900 3358 1957 lose

1785 1991 2106 2060 spectabant
2145 1990 2236 2044 ubi
2283 2003 2592 2059 poneretur.
2623 2009 2641 2042 ι
2707 1992 2902 2046 Beatus
2936 1991 3135 2063 Joseph
3184 1997 3362 2050 adhuc

1782 2081 1886 2150 legi
1923 2081 2084 2153 261
2125 2081 2392 2145 serviens,
2433 2081 2706 2136 Christum
2744 2083 2908 2136 Deum
2960 2089 3196 2153 agnovit.
3241 2087 3358 2140 ideo

1780 2183 1838 2227 et
1867 2173 2148 2228 laudatum
2183 2174 2348 2228 audet
2371 2174 2601 2228 facinus.
2640 2173 2825 2245 Neque
2851 2177 3125 2246 cogitabat
3156 2195 3174 2244 ε,
3202 2178 3360 2234 Dives

1781 2280 1926 2330 sum,
1952 2275 2006 2322 et
2037 2267 2258 2322 divitias
2317 2267 2568 2322 amittere
2629 2283 2849 2336 possum
2881 2287 2896 2324 :
2930 2269 2973 2323 si
3016 2271 3360 2333 postulavero

1780 2373 1984 2427 corpus
2042 2357 2162 2428 ejus
2221 2358 2311 2426 qui
2369 2369 2590 2428 propter
2645 2360 2986 2428 tyrannidem
3053 2361 3358 2424 allectatam

1781 2450 2174 2504 condemnatus
2227 2461 2330 2513 est,
2381 2451 2681 2504 accusabor
2725 2467 2753 2504 a
2791 2449 3014 2506 Judaéis.
3064 2453 3208 2507 Nihil
3256 2456 3363 2510 tale

1782 2553 1965 2593 secum
2017 2539 2254 2604 dicebat,
2290 2542 2384 2594 sed
2417 2541 2598 2593 omnia
2646 2541 2979 2608 posthabens
3028 2551 3081 2596 et
3131 2543 3361 2600 minoris

1783 2631 2013 2693 faciens,
2066 2632 2259 2701 petivit
2312 2643 2370 2685 ut
2441 2633 2696 2701 sepeliret
2755 2635 3096 2688 condemnati
3141 2652 3359 2707 corpus.

1781 2721 1986 2775 Pilatus
2022 2737 2150 2776 vero
2205 2722 2506 2777 mirabatur
2558 2724 2698 2791 quod
2746 2723 2858 2792 jam
2904 2738 3148 2780 mortuus
3193 2736 3338 2781 esset

1780 2811 2010 2867 Putabat
2042 2814 2186 2867 enim
2231 2813 2406 2882 ipsum
2441 2814 2530 2868 diu
2574 2815 2626 2867 in
2669 2829 2840 2881 agone
2882 2815 3235 2882 lnctatnrum,
3288 2818 3364 2872 εἰ·

1783 2912 1874 2960 cut
1899 2915 1952 2958 et
1977 2905 2232 2959 latrones.
2264 2905 2566 2974 lnterrogat
2596 2917 2778 2962 autent
2812 2919 2860 2960 et
2886 2909 3361 2972 ceuiturionent,si

1785 2996 1984 3050 dudum
2020 3007 2268 3050 mortuus
2297 3007 2462 3060 esset,
2499 3001 2601 3052 hoc
2631 3007 2739 3063 est,
2768 3010 2894 3052 ante
2916 2999 3129 3052 horam.
3158 2999 3362 3070 Joseplt

135 3087 186 3142 Ὀ
207 3091 378 3145 τοίνυν
404 3091 604 3162 Ἰωσὴφ
621 3093 800 3146 λαὸὼν
827 3094 888 3147 τὸ
917 3095 1097 3164 σῶμα,
1125 3095 1360 3164 ἠγόρασε
1391 3094 1489 3163 μὲν
1513 3095 1683 3148 σινδό-

1789 3090 1972 3157 itaque
2012 3099 2235 3159 accepto
2260 3105 2490 3158 corpore
2537 3103 2812 3145 mercatus
2845 3099 2929 3144 est
2969 3093 3276 3157 sindonem,
3308 3107 3363 3145 in

128 3197 204 3234 νει.
249 3181 512 3236 Καθελὼν
543 3183 600 3236 δὲ
628 3184 814 3248 αὐτὸν,
863 3184 1104 3254 ὲνείλησε
1139 3187 1204 3255 τῇ
1268 3185 1488 3243 σινδόνι,
1520 3185 1581 3237 τὸ
1609 3183 1686 3237 τί·

131 3287 238 3340 μιον
260 3273 460 3338 τιμὶως
489 3274 854 3342 ἐνταφιὰζων.
887 3273 1152 3346 Μαθητής
1175 3275 1282 3344 γὰρ
1305 3269 1373 3344 ἦν
1403 3275 1496 3327 καὶ
1521 3274 1686 3338 αὐτὸς

128 3359 209 3412 τοῦ
255 3362 499 3433 Χριστοῦ
525 3402 540 3428 ,
591 3363 686 3417 καὶ
731 3365 877 3426 ὅπως
925 3365 1006 3417 δεῖ
1046 3367 1214 3436 τιμᾷν
1275 3366 1366 3418 τὸν
1408 3367 1687 3436 Δεσπότην

131 3450 288 3513 εἰδῶς’
352 3454 449 3508 καὶ
508 3455 823 3525 εὐσχήμων,
875 3459 1120 3510 τουτέστι
1167 3457 1383 3526 σεμνὸς,
1431 3457 1685 3528 εὐλαϐής,

131 3539 423 3611 ἄμεμπτος.
491 3543 791 3615 Βουλευτὴς
821 3546 876 3598 δὲ
919 3545 1136 3616 ἀξίωμά
1186 3563 1240 3599 τι
1266 3542 1354 3618 ἦν,
1391 3547 1594 3618 μᾶλλον
1632 3548 1689 3601 δὲ

131 3629 490 3706 λειτούργημα
541 3637 636 3690 καὶ
682 3637 847 3708 βάρος
925 3637 1248 3702 πολιτικὸν,
1300 3637 1329 3690 ὃ
1379 3640 1428 3691 οἱ
1477 3639 1690 3708 ἔχοντες

131 3721 493 3791 ἠναγκάζοντο
522 3727 592 3780 τὰ
623 3727 723 3798 τῆς
773 3729 979 3798 ἀγορᾶς
1030 3731 1351 3782 ἐπισκοπεῖν
1376 3745 1390 3759 °
1419 3730 1512 3784 καὶ
1563 3731 1690 3782 πολ-

134 3812 229 3876 λοῖς
261 3817 525 3880 πολλάκις
569 3819 812 3882 κίνδυνος
845 3819 1078 3890 ἐπῆλθεν
1121 3823 1185 3872 ὲκ
1231 3820 1447 3886 τούτου,
1475 3820 1564 3875 διὰ
1593 3820 1692 3891 τὴν

133 3905 219 3974 τῆς
246 3909 450 3980 ἀγορᾶς
471 3913 874 3981 κακοπραγίαν.
921 3912 1298 3966 Ἀκουέτωσαν
1320 3915 1368 3966 οι
1396 3913 1647 3967 πλούσιοι
1673 3959 1688 3978 ,

138 4000 220 4050 καὶ
247 4000 525 4069 δημοσίοις
559 4001 1008 4072 ἐνασχολούμενοι
1054 4003 1398 4074 πράγμασιν,
1441 4004 1587 4068 ὅπως
1616 4004 1692 4074 τῷ

137 4086 324 4160 Ἰωσὴφ
351 4093 498 4146 οὐδὲν
530 4093 812 4146 ἐνεπόδισε
844 4093 978 4165 πρὸς
1007 4094 1210 4164 ἀρετὴν
1245 4093 1305 4147 τὸ
1345 4093 1691 4163 βουλευτικὸν

138 4178 362 4250 ἀξίωμα.
429 4183 628 4252 Ἰωσὴφ
661 4184 718 4238 δὲ
751 4183 1134 4254 ἑρμηνεύεται,
1176 4185 1468 4256 πρόσθεσις
1490 4202 1504 4216 ο
1540 4184 1689 4255 Ἀρι-

144 4271 357 4335 μαθαῖος
409 4271 488 4335 δὲ,
539 4275 708 4344 αἴρων
751 4275 946 4329 ὲκεῖνο.
1003 4275 1042 4326 Γ
1045 4275 1216 4327 ένοιτο
1265 4273 1360 4327 οῦν
1408 4273 1503 4326 καὶ
1541 4275 1690 4344 ἡμᾶς

142 4363 269 4414 κατὰ
313 4363 400 4414 τὸν
461 4363 657 4434 Ἰωσὴφ
700 4363 976 4433 γενέσθαι,
1031 4365 1119 4416 όιεὶ⁵
1166 4363 1561 4432 προστιθέντας
1611 4363 1690 4432 τῷ

1788 3195 1893 3248 qua
1925 3181 2228 3248 depositum
2270 3181 2496 3235 involvit
2544 3199 2562 3236 ι
2590 3193 2642 3237 et
2671 3182 2817 3252 quod
2862 3182 3070 3237 honore
3118 3183 3363 3252 dignum,

1787 3287 1909 3326 cum
1943 3274 2147 3328 honore
2177 3273 2446 3343 sepelivit.
2484 3273 2612 3327 Erat
2641 3275 2785 3328 enim
2820 3283 2874 3328 et
2921 3274 3038 3344 ipse
3067 3274 3366 3344 discipulus

1787 3362 1938 3427 Jesu,
1961 3363 2141 3418 sciens
2166 3363 2387 3432 dignum
2416 3364 2624 3420 honore
2651 3364 2972 3430 Dominum;
3002 3375 3053 3420 et
3081 3365 3363 3432 honestus,

1791 3454 1896 3508 hoc
1942 3459 2046 3517 est,
2108 3452 2251 3520 pius,
2311 3453 2842 3523 irrcprehensibilis;
2893 3464 3118 3510 senator
3159 3464 3364 3520 autem,

1791 3559 1911 3614 qua:
1951 3544 2185 3615 dignitas
2225 3546 2469 3614 qua‘dam
2517 3555 2634 3600 erat
2663 3546 2746 3600 vel
2792 3545 2973 3615 potius
3004 3546 3364 3600 ministerium

1791 3646 1846 3690 et
1877 3651 2014 3690 onus
2045 3636 2202 3690 civile
2244 3651 2339 3704 per
2385 3636 2530 3704 quod
2563 3636 2898 3703 cogebantur
2945 3635 3226 3691 intendere
3280 3635 3368 3690 bis

1791 3743 1911 3796 qua:
1938 3725 2040 3781 fori
2085 3735 2262 3792 erant,
2293 3735 2348 3780 et
2379 3727 2544 3780 multa
2577 3740 2719 3794 saepe
2762 3725 2886 3778 inde
2931 3725 3250 3780 oriebantur
3272 3741 3368 3796 pe-

1797 3821 1988 3885 ricula,
2041 3831 2262 3890 propter
2289 3818 2393 3874 fori
2446 3819 2729 3873 malitiam.
2779 3820 3016 3873 Audiant
3055 3820 3271 3881 divites,
3313 3827 3371 3873 rt.

1794 3913 2024 3982 publicis
2075 3911 2397 3965 muneribus
2449 3909 2757 3980 fungentes,
2816 3911 3088 3980 quomodo
3131 3907 3369 3977 Josepho

1795 4003 1931 4058 nihil
1970 4003 2205 4057 obsistat
2256 4002 2322 4055 ad
2370 4001 2624 4056 virtutem
2668 3999 2939 4056 senatoria
2978 3998 3241 4068 dignitas.
3271 3996 3370 4052 Jo-

1793 4093 1924 4162 seph
1973 4092 2318 4161 interpretari
2371 4103 2660 4159 possumus
2721 4097 3107 4158 augmentum:
3155 4086 3370 4142 Arima-

1795 4185 1963 4239 thaaus
1996 4198 2147 4246 vero,
2182 4182 2374 4236 tollens
2425 4181 2549 4234 hoc.
2581 4180 2852 4234 Concedat
2888 4189 3066 4232 autem
3113 4177 3279 4242 Deus,
3310 4187 3370 4231 ut

1791 4277 1956 4330 etiam
1997 4289 2096 4329 nos
2119 4274 2260 4328 sicut
2287 4272 2487 4342 Joseph
2520 4271 2610 4326 ille
2645 4271 2837 4324 [lamus
2865 4285 3082 4334 semper
3112 4269 3282 4330 aucti.
3315 4276 3373 4323 ct

1795 4367 2112 4438 adjicientes
2145 4365 2197 4419 in
2231 4380 2394 4420 cursu
2420 4364 2652 4429 virtutis,
2681 4377 2744 4417 ac
2767 4363 3018 4416 tollentes
3046 4361 3168 4425 hoc,
3188 4361 3238 4414 id
3262 4371 3368 4424 est,

143 4449 313 4523 δρόμῳ
351 4457 448 4523 τῆς
483 4456 711 4524 ἀρετῆς,
747 4455 842 4508 καλ¹
887 4455 1142 4525 αἴροντας
1189 4457 1384 4518 έκεῖνο,
1421 4456 1685 4518 τουτέστι,

1795 4461 1846 4516 id
1879 4462 2020 4530 quod
2063 4471 2145 4515 est
2172 4474 2297 4514 vere
2332 4460 2531 4512 bonum
2562 4473 2577 4510 :
2615 4455 2946 4522 accipiamus
3000 4469 3129 4508 vero
3173 4468 3372 4522 corpus

141 4541 193 4592 τὸ
221 4542 380 4607 δντως
409 4544 612 4612 ἀγαθόν
640 4561 652 4574 ο
683 4544 869 4597 λαΰεῖν
900 4545 955 4598 δὲ
995 4548 1088 4598 καὶ
1114 4545 1174 4597 τὸ
1205 4544 1364 4613 σῶμα
1391 4544 1486 4597 τοῦ
1517 4543 1690 4614 Ἰησοῦ

143 4628 219 4684 διὰ
240 4633 335 4702 τῆς
360 4634 668 4699 κοινωνίας,
697 4636 789 4688 καὶ
819 4634 1157 4688 καταθέσθαι
1185 4634 1340 4690 τοῦτο
1366 4637 1422 4688 ἐν
1446 4638 1696 4705 μνημείῳ

144 4722 549 4797 λελατομημένῳ
580 4727 644 4779 ὲκ
679 4726 911 4797 πέτρας,
946 4727 1249 4793 τουτέστιν,
1296 4729 1354 4780 ὲν
1386 4729 1694 4797 μνημονικῇ

143 4811 271 4885 ψυχῇ
303 4815 395 4867 καὶ
448 4815 522 4886 μὴ
565 4815 1026 4886 ὲπιλανθανομένῃ
1074 4814 1168 4868 τοῦ
1202 4815 1361 4869 Θεοῦ.
1413 4816 1594 4867 Ἔστω
1639 4814 1696 4868 δὲ

147 4906 312 4978 ἐκείνη
338 4910 370 4979 ή
396 4909 567 4980 ψυχὴ.
596 4910 658 4961 ὲκ
684 4908 894 4975 πέτρας
928 4909 1370 4980 λελατομημένη,
1396 4909 1692 4970 τουτέστιν,

147 4997 240 5051 ἀπὸ
264 4999 523 5070 Χριστοῦ,
576 5000 635 5062 ὃς
664 5001 814 5052 ἐστιν
844 5002 879 5072 ὴ
917 5001 1090 5072 πέτρα
1135 5001 1334 5072 ἔχουσα
1369 5001 1466 5070 την
1495 4999 1696 5054 σύστα-

148 5106 221 5143 σιν
246 5109 259 5122 ο
291 5091 566 5163 ἐνειλήσαι
594 5091 650 5145 δὲ
677 5092 807 5145 αὐτὸ
838 5093 895 5144 έν
929 5092 1146 5159 σινδόνι,
1177 5092 1480 5157 τουτέστιν,
1511 5093 1570 5144 ὲν
1595 5091 1698 5143 σώο

151 5198 264 5248 ματι
289 5183 514 5254 καθαρῷ
538 5183 792 5250 δέξασθαι
826 5185 956 5238 αὐτό
983 5200 997 5215 ο
1031 5182 1222 5236 σινδὼν
1253 5183 1362 5254 γὰρ
1395 5183 1492 5252 τῆς
1520 5183 1698 5252 ψυχῆς

149 5274 230 5325 καὶ
269 5271 378 5329 οἷον
433 5277 672 5346 ἱμάτιον,
723 5277 784 5329 τὸ
839 5277 1020 5346 σῶμα.
1053 5279 1144 5329 Δεῖ
1186 5271 1279 5330 οὖν
1317 5277 1392 5347 μὴ
1439 5277 1598 5346 μόνον
1640 5276 1698 5328 ὲν

149 5362 276 5438 ψυχῇ
326 5367 545 5441 καθαρᾷ
595 5368 850 5440 δέκεσθαι
882 5369 943 5422 τὸ
977 5369 1117 5422 θεῖον
1150 5367 1312 5439 σῶμα
1339 5368 1432 5422 τοῦ
1468 5367 1696 5439 Κυρίου,

151 5458 272 5513 ἀλλὰ
317 5463 409 5516 καὶ
461 5464 521 5516 ἑν
567 5461 782 5532 σώματι
824 5461 1053 5532 τοιούτῳ
1080 5477 1094 5491 ·
1144 5459 1369 5515 ἑνειλεῐν
1413 5459 1472 5513 δὲ
1517 5459 1694 5525 τοῦτο,

149 5551 407 5620 τουτέστι,
482 5553 806 5626 συστρέφειν
865 5554 960 5608 καὶ
1019 5553 1368 5620 συστέλλειν,
1431 5551 1568 5607 ἀλλὰ
1624 5551 1699 5624 μὴ

150 5639 434 5703 ὲξαπλοῦνο
485 5645 547 5700 τὸ
595 5644 702 5716 γὰρ
762 5646 1061 5717 μυστήριον
1109 5629 1546 5718 συνεσταλμένον
1583 5645 1700 5701 ἐστὶ

153 5735 240 5788 καὶ
269 5736 601 5808 ἀπόκρυφον,
632 5737 727 5790 καὶ
752 5736 852 5793 οὐκ
876 5736 1280 5810 ὲξηπλωμένον.

1796 4551 1925 4606 Jesu
1972 4565 2067 4620 per
2105 4549 2566 4607 communionem,
2600 4553 2654 4597 et
2698 4541 3028 4597 collocemus
3076 4539 3130 4592 in
3179 4553 3373 4592 monu-

1798 4652 1983 4696 mento
2022 4639 2210 4696 exciso
2241 4653 2306 4692 ex
2342 4645 2518 4705 petra,
2559 4636 2660 4689 hoc
2690 4641 2793 4696 est,
2827 4634 2878 4687 in
2911 4633 3090 4686 anima
3119 4629 3368 4692 memori,

1797 4750 1916 4804 quae
1953 4733 2120 4787 Deum
2160 4745 2266 4784 non
2303 4728 2678 4782 obliviscatur.
2713 4725 2797 4779 Sit
2847 4734 3028 4779 autem
3061 4721 3236 4774 anima
3280 4719 3371 4772 illa

1797 4841 1862 4880 ex
1894 4834 2045 4893 petra
2071 4822 2276 4882 excisa,
2305 4821 2409 4874 hoc
2436 4827 2540 4882 est.
2577 4833 2605 4872 a
2635 4816 2878 4880 Christo,
2906 4815 2998 4885 qui
3028 4825 3110 4868 est
3137 4821 3288 4882 petra
3314 4811 3369 4864 in

1798 4927 1902 4982 qua
1935 4912 2236 4966 consistere
2277 4910 2592 4979 poterimus.
2646 4905 2957 4960 lnvolvatur
2982 4917 3108 4957 vero
3154 4903 3205 4956 in
3248 4900 3370 4955 sin-

1799 5007 1962 5070 done,
1995 5005 2096 5058 hoc
2123 5013 2228 5068 est,
2267 5004 2319 5056 in
2355 5015 2580 5070 corpore
2613 5000 2812 5052 mundo
2858 4996 3202 5065 suscipiatur.
3233 4994 3365 5047 Nam

1798 5097 1992 5154 sindon
2022 5097 2218 5150 animae
2245 5104 2327 5149 est
2365 5108 2560 5162 corpus
2586 5089 2742 5163 quasi
2783 5091 2970 5144 vestis.
2999 5089 3227 5158 Oportet
3270 5087 3370 5153 igi-

1800 5197 1891 5242 tnr
1942 5201 2049 5241 non
2080 5185 2254 5241 solum
2293 5184 2347 5238 in
2397 5184 2577 5238 anima
2624 5197 2759 5252 pura
2811 5180 3083 5247 suscipere
3126 5177 3366 5232 divinum

1799 5293 1999 5349 corpus
2041 5276 2279 5342 Domini,
2314 5275 2410 5331 sed
2440 5283 2496 5330 et
2535 5275 2588 5329 in
2635 5288 2863 5344 corpore
2893 5285 3048 5341 puro.
3084 5268 3373 5324 Involven-

1800 5372 1926 5428 dum
1967 5378 2150 5424 autem
2184 5368 2421 5433 esthoc,
2449 5365 2631 5432 idest,
2657 5361 3081 5419 contrahendum
3119 5369 3173 5417 et
3197 5360 3374 5416 conti-

1801 5462 2037 5517 nendum
2087 5469 2144 5516 et
2195 5473 2299 5514 non
2361 5456 2785 5528 explanandum.
2849 5453 3165 5525 Mysterium
3226 5453 3371 5507 enim

1801 5552 1856 5608 in
1909 5558 2194 5608 contracto
2243 5557 2332 5606 est
2376 5559 2430 5606 et
2485 5546 2780 5614 occultum,
2820 5553 2875 5602 et
2903 5559 3008 5601 non
3037 5543 3208 5600 cuivis
3239 5556 3372 5613 ape-

1804 5644 2074 5702 riendunt.
