3866 6448
507 317 613 383 ίι79

1421 308 1992 372 TIIEOPHYLACTI
2037 304 2446 366 BULGARLE
2475 303 2824 364 ARCIIIEP.

3629 302 3713 367 680

509 441 735 501 septem.
772 430 876 483 Aut
907 433 1110 494 septem
1149 426 1408 496 damiouia
1433 466 1450 491 ,
1489 441 1608 496 qua:
1657 424 1932 479 contraria
1963 431 2089 478 sunt

2199 421 2322 490 ληνῇ
2361 419 2454 488 ἀφ’
2489 413 2557 491 ἧς
2587 417 2911 486 ἐκϐεϐλήκει
2948 412 3090 469 ἐπτά
3115 412 3386 485 δαιμόνια,
3415 414 3526 484 ἢτοι
3548 415 3711 470 πολλά*

511 519 1028 590 scptem-spiritibns
1056 517 1298 581 virtutis,
1335 533 1529 588 nempe
1551 518 1772 587 spiritus
1796 530 2084 586 praesump-

512 613 695 675 tionis,
719 613 818 666 lioc
837 619 942 673 est,
957 610 1148 676 abiecti
1173 609 1380 664 timoris
1399 609 1439 670 ⁸.
1455 607 1677 678 spiritus
1698 606 1970 670 ruditatis,
1984 606 2090 674 spi-

510 703 956 765 ritusmendaeii,
985 711 1039 756 et
1073 701 1162 755 alii
1193 710 1458 770 quotquot
1485 710 1611 754 sunt
1641 699 1900 754 contrarii
1929 697 2086 753 donis

515 794 772 864 Spiritus.
808 794 939 848 Post
971 795 1083 848 lucc
1117 800 1296 848 autem
1341 792 1552 846 duobus
1599 806 1663 844 ex
1703 791 1807 845 illis
1845 790 2094 860 apparuit

513 901 636 938 cum
669 883 1028 948 ambularent,
1067 884 1120 936 in
1172 883 1274 935 alia
1331 881 1531 943 forma,
1589 881 1654 934 de
1700 880 1897 948 quibus
1928 879 2091 932 etiam

514 974 688 1029 Lucas
719 976 850 1029 dicit
905 993 919 1030 :
958 961 1129 1028 etilli
1178 973 1642 1026 anuuutiaverunt
1675 971 1795 1025 aliis
1847 989 1860 1024 :
1916 986 2090 1039 neque

517 1067 621 1121 illis
653 1067 1025 1123 crediderunt.
1068 1066 1129 1120 Et
1175 1067 1443 1134 quomodo
1474 1063 1647 1118 Lucas
1680 1065 1808 1118 dicit
1835 1063 1976 1133 quod
2011 1080 2094 1117 re-

517 1159 660 1211 versi
702 1159 1028 1212 invenerunt
1082 1166 1434 1224 ceiigrcgatos
1482 1153 1764 1218 undecim,
1811 1152 2090 1216 dicentes,

513 1253 657 1320 quod
713 1252 950 1303 surrexit
978 1249 1277 1303 Dominus?
1310 1259 1359 1302 et
1405 1247 1616 1302 Marcus
1648 1247 1734 1300 liic
1779 1247 1911 1300 dicit
1952 1244 2094 1312 quod

517 1358 690 1412 neque
726 1343 809 1397 his
827 1344 915 1410 qui
951 1357 1014 1395 ex
1047 1357 1168 1394 rure
1195 1349 1478 1403 venerunt,
1498 1337 1819 1393 credidere?
1851 1337 2094 1392 Dicimus

518 1438 700 1502 igitur,
723 1437 862 1502 quod
899 1433 1044 1498 illud,
1089 1432 1561 1486 Aunuutiaverunt
1607 1431 1848 1500 reliquis,
1891 1445 1994 1483 non
2029 1430 2096 1485 de

515 1530 764 1581 undecim
794 1526 1014 1580 ‘dicitur
1061 1526 1340 1596 apostolis,
1372 1525 1465 1578 sed
1502 1523 1569 1577 de
1597 1524 1916 1591 quibusdam
1950 1522 2092 1577 aliis.

515 1619 638 1674 Illos
659 1621 800 1672 enim
829 1620 912 1672 liic
945 1619 1181 1684 reliquos
1211 1627 1390 1679 vocat,
1415 1617 1540 1685 quia
1570 1617 1821 1670 undecim
1848 1617 2095 1670 viderant

520 1709 667 1761 illum
703 1709 753 1762 in
787 1711 903 1778 ipso
937 1709 1045 1771 die,
1081 1709 1294 1776 quando
1322 1717 1378 1761 et
1409 1708 1486 1769 lii,
1513 1708 1602 1776 qui
1634 1723 1698 1760 ex
1735 1721 1860 1760 rure
1889 1706 2090 1760 reversi

522 1801 840 1853 inieneruut
875 1800 994 1853 illos
1023 1800 1262 1854 dicmtes
1285 1815 1298 1850 :
1325 1796 1642 1853 Resurrexit
1670 1798 1950 1852 Dominus.

588 1972 752 2029 Vens.
793 1975 858 2028 Η
887 1974 976 2030 20.
1019 1992 1038 2025 ι
1083 1973 1272 2028 Postea
1309 1974 1777 2029 discuiubeutibus
1827 1973 1934 2028 illis
1989 1989 2093 2026 un-

517 2071 693 2120 decim
718 2068 991 2136 _apparuit,
1024 2076 1076 2120 et
1109 2067 1458 2134 exprobravit
1517 2064 1620 2119 illis
1660 2064 2094 2118 incredulitatem

521 2159 735 2214 illoruin
767 2170 821 2213 et
851 2158 1034 2214 cordis
1063 2159 1347 2222 duritiam,
1384 2156 1526 2227 quod
1571 2156 1636 2211 iis
1657 2196 1671 2220 ,
1706 2159 1795 2226 qui
1833 2155 2095 2209 vidissent

520 2267 642 2306 eum
675 2253 1061 2313 resurrexisse,
1097 2266 1199 2303 non
1237 2250 1599 2303 credidissent
1631 2247 1730 2318 (a).
1765 2247 1831 2301 Et
1881 2246 2097 2300 dicebat

521 2345 634 2396 eis:
672 2342 750 2395 lte
781 2343 832 2395 in
866 2343 1122 2395 inuadunt
1153 2341 1487 2402 universum,
1521 2351 1575 2394 et
1607 2338 1894 2407 praedicate
1925 2337 2097 2389 Evan-

523 2435 720 2504 geliuin
753 2436 899 2488 omni
926 2443 1209 2487 creatum.
1242 2430 1348 2498 Qui
1379 2431 1674 2485 crediderit
1702 2441 1755 2484 et
1787 2429 2096 2497 baptizatus

522 2525 703 2588 fuerit,
738 2525 918 2579 salvus
947 2527 1051 2579 erit
1089 2547 1097 2578 :
1135 2525 1225 2594 qui
1276 2540 1402 2578 vero
1429 2539 1531 2577 non
1573 2522 1901 2582 crediderit,
1931 2518 2096 2590 265.

522 2617 989 2670 condemnabitur.
1036 2615 1201 2668 Porro
1238 2615 1387 2684 signa
1433 2628 1564 2676 eos,
1599 2613 1689 2680 qui
1741 2609 2093 2673 crediderint,

524 2709 638 2764 haec
679 2709 1110 2778 subsequentur:
1147 2722 1241 2775 per
1273 2720 1466 2760 nomen
1501 2720 1676 2758 meum
1714 2704 1974 2758 daemonia
1999 2700 2098 2768 eji-

523 2802 691 2865 cient,
724 2799 920 2864 linguis
945 2804 1236 2866 loquentur
1267 2797 1442 2862 novis,
1467 2805 1747 2864 serpentes
1775 2795 1966 2848 tollent
2000 2800 2098 2847 :et

524 2893 570 2946 si
602 2891 727 2961 quid
785 2891 981 2944 letliale
1032 2890 1304 2953 biberint,
1341 2905 1445 2942 non
1499 2887 1718 2942 nocebit
1763 2887 1889 2940 eis:
1935 2899 2098 2954 super

523 2993 756 3052 aegrotos
799 2997 992 3035 manus
1038 2983 1338 3050 imponent,
1374 2990 1428 3034 et
1478 2980 1616 3034 bene
1659 2978 1959 3033 liabebuut.
1994 2976 2098 3030 Ita-

524 3094 630 3146 que
667 3074 925 3128 Dominus
959 3072 1174 3144 quidem
1203 3081 1486 3142 postquam
1521 3071 1734 3126 locutus
1768 3070 1962 3124 fuisset
1991 3069 2091 3135 eis,

526 3179 774 3236 receptus
806 3177 887 3221 est
931 3168 982 3220 in
1035 3166 1236 3220 eieluin
1290 3175 1342 3218 et
1375 3163 1618 3218 consedit
1667 3178 1698 3217 a
1739 3162 1946 3216 dextris
1978 3159 2092 3216 Dei.

526 3259 603 3314 Illi
659 3275 789 3314 vero
856 3260 1061 3329 egressi
1124 3257 1558 3328 praedicaverunt
1611 3255 1813 3323 ubique
1873 3252 2098 3307 Domino

519 3358 874 3421 cooperante,
896 3359 949 3402 et
971 3363 1276 3404 sermonem
1300 3347 1658 3402 conﬁrmante
1679 3360 1775 3414 per
1795 3345 1944 3415 signa
1971 3343 2100 3398 sub?

528 3444 1028 3513 sequentia.Ameu.
1043 3441 1204 3496 iVide
1223 3442 1528 3495 mandatum
1549 3440 1760 3495 Domini
1779 3437 2101 3493 :Prtedieate

528 3535 675 3590 omni
715 3543 997 3588 creaturae.
1030 3532 1144 3586 Non
1190 3533 1328 3586 dixit
1361 3549 1375 3585 :
1416 3531 1717 3585 Prsadicate
1765 3532 1850 3586 liis
1879 3531 1969 3599 qui
1999 3530 2098 3585 ob-

529 3633 855 3692 temperant,
892 3623 1014 3688 sed,
1049 3623 1194 3677 omni
1232 3631 1517 3683 creaturae.
1545 3623 1627 3676 ive
1657 3622 1944 3690 recipiant,
1975 3623 2090 3678 sive

527 3733 658 3772 non.
692 3716 792 3783 Qui
823 3714 1112 3770 crediderit
1145 3731 1161 3772 :
1193 3723 1248 3768 et
1281 3729 1386 3767 uou
1417 3712 1614 3768 suliicit
1661 3713 1764 3767 lioc
1815 3729 1828 3766 :
1863 3697 1957 3767 sed
1990 3751 2006 3777 ,
2045 3721 2101 3768 et

529 3810 835 3879 baptizatus
881 3807 1062 3862 fuerit.
1100 3805 1231 3860 Nam
1265 3806 1358 3876 qtti
1413 3805 1744 3870 crediderit,
1792 3805 2100 3875 baptizatus

530 3913 712 3975 autem
741 3917 846 3956 non
880 3901 1062 3966 fuerit,
1091 3901 1184 3955 sed
1215 3900 1391 3954 adhuc
1411 3911 1495 3956 est
1519 3901 1964 3967 eatecbumenus,
1990 3915 2098 3956 non

522 3993 634 4060 jam
667 3994 904 4048 salvatus
949 4003 1053 4048 est.
1091 3991 1257 4061 Signa
1299 4007 1434 4047 vero
1463 4009 1584 4062 qua:
1630 4003 1932 4064 sequuntur
1979 4007 2102 4048 cre-

530 4088 741 4150 dentes,
776 4086 907 4139 dicit
935 4085 1200 4140 daemonia
1228 4085 1430 4155 ejicere
1458 4101 1472 4139 :
1508 4085 1712 4154 linguis
1743 4084 1887 4154 loqui
1921 4084 2097 4147 novis,

530 4186 809 4246 serpentes
837 4176 1044 4241 tollere,
1081 4176 1185 4230 boc
1223 4184 1326 4243 est,
1363 4177 1579 4232 abolere
1624 4187 1930 4246 serpentes,
1985 4175 2102 4230 sive

534 4267 842 4331 sensibiles,
898 4269 1014 4322 sive
1052 4268 1364 4337 spirituales
1421 4287 1435 4323 :
1497 4269 1636 4324 sicut
1685 4268 1850 4322 etiam
1895 4267 2031 4322 dixit
2080 4283 2096 4322 :

549 4356 724 4424 Super
759 4367 1038 4424 serpentes
1068 4367 1119 4412 et
1168 4359 1412 4428 scorpios
1442 4361 1677 4427 calcate,
1720 4359 2005 4414 manifeste
2035 4357 2103 4414 de

2193 506 2302 563 οἶδε
2327 511 2436 582 γάρ
2467 512 2498 580 ἡ
2535 509 2726 580 Γραφὴ
2756 509 2848 561 τὸν
2888 507 3027 560 ἐτττά
3073 507 3330 576 ἀριθμὸν,
3368 505 3486 558 ἀντὶ
3518 506 3716 576 πλήθους

2193 601 2682 672 παραλαμϐάνειν·
2743 600 2817 662 ώς
2873 599 2956 664 τὸ,
3009 599 3206 667 Στεῖρα
3276 596 3462 648 ἔτεκεν
3515 598 3716 670 ἐπτά,ἦ

2192 692 2333 745 ἐπτά
2367 691 2658 762 δαιμόνια,
2708 689 2778 744 τὰ
2829 688 3050 743 ἐναντία
3090 688 3198 741 τῶν
3243 687 3386 741 ἐπτά
3436 689 3527 757 τῆς
3557 691 3717 758 ἀρετῆς

2193 783 2522 854 πνευμάτων
2541 799 2552 811 ·
2577 779 2686 834 οἷον
2710 780 2928 851 πνεῦμα
2951 779 3200 848 ἀφοϐίας,
3221 779 3439 847 πνεῦμα
3457 780 3718 846 ἀσυνεσίας,

2194 876 2413 946 πνεῦμα
2445 875 2737 943 ἀγνωσίας,
2791 873 3012 942 πνεῦμα
3050 871 3302 940 ψεύδους,
3359 871 3449 922 καῖ
3495 871 3584 922 ὅσα
3613 872 3719 926 ἀλλα

2195 968 2466 1022 ἀντίπαλα
2496 967 2603 1018 τῶν
2633 966 2990 1036 χαρισμάτων
3021 963 3117 1016 τοῦ
3161 961 3507 1032 Πνεύματος·
3543 963 3658 1031 μετὰ
3678 964 3720 1017 δὲ

2193 1059 2385 1122 ταῦτα,
2408 1059 2560 1112 δυσὶν
2589 1059 2646 1125 ἐξ
2674 1058 2854 1112 αὐτῶν
2880 1056 3294 1127 περιπατοῦσιν,
3324 1053 3492 1124 ἐψάνη
3519 1055 3570 1106 ἐν
3594 1057 3722 1128 ἑτέρᾳ

2198 1156 2412 1225 μορφῇ·
2451 1151 2582 1223 περὶ
2615 1151 2825 1206 τούτων
2855 1151 2951 1204 καὶ
2979 1152 3006 1203 ὁ
3038 1151 3254 1211 Λουκᾶς
3301 1147 3480 1215 λέγει*
3506 1147 3721 1201 Κάκεῖνοι

2195 1242 2524 1312 ἀνήγγειλαν
2557 1246 2668 1306 τοῖς
2696 1243 2907 1303 λοιποῖς
2927 1257 2940 1272 ·
2975 1239 3096 1294 οὐδὲ
3125 1237 3357 1301 ἐκείνοις
3420 1236 3718 1294 ἐπίστευσαν.

2197 1334 2304 1386 Καὶ
2348 1333 2462 1396 πῶς
2499 1335 2525 1386 ὀ
2551 1335 2763 1397 Λουκᾶς
2797 1332 2967 1400 λέγει,
3000 1331 3081 1384 ὅτι
3111 1328 3575 1397 ὑποστρέψαντες,
3598 1323 3722 1394 εὗρον

2199 1424 2696 1494 συνηθροισμένους
2724 1426 2849 1488 τοὺς
2877 1423 3088 1486 ἐνδεκα,
3138 1422 3406 1490 λέγοντας
3446 1421 3523 1474 ὅτι
3552 1422 3721 1491 ἠγέρθη

2196 1516 2224 1569 ὁ
2267 1517 2490 1586 Κύριος,
2537 1516 2630 1570 τοῦ
2665 1517 2894 1586 Μάρκου
2927 1514 3162 1568 ἐνταῦθα
3193 1514 3483 1582 λέγοντος,
3532 1513 3604 1566 ὅτι
3632 1514 3724 1566 οὑδὲ

2197 1607 2307 1668 τοῖς
2341 1607 2404 1658 ἐκ
2457 1605 2550 1658 τοῦ
2595 1605 2766 1676 ἀγροῦ
2821 1603 3068 1658 ἐλθοῦσιν
3101 1604 3470 1663 ἐπίστευσανς
3524 1603 3724 1674 Λέγομεν

2197 1696 2288 1749 οῦν
2334 1698 2416 1750 ὅτι
2443 1697 2522 1763 τὸ,
2569 1697 2921 1766 Ἀνήγγειλαν
2952 1699 3064 1759 τοῖς
3094 1696 3331 1759 λοιποῖς,
3378 1697 3439 1748 οὐ
3479 1697 3594 1765 περὶ
3643 1699 3724 1749 τῶν

2130 1775 2168 1830 Β
2197 1788 2385 1840 ἕνδεκα
2417 1787 2731 1840 ἀποστόλων
2765 1787 2948 1854 λέγει,
2988 1787 3123 1840 ἀλλά
3166 1785 3298 1856 περί
3341 1803 3502 1840 τινων
3526 1787 3721 1859 ἐτέρων·

2195 1879 2419 1939 τούτους
2449 1879 2556 1950 γάρ
2585 1880 2808 1942 λοιποὺς
2840 1879 3145 1949 ὠνόμασεν.

2273 1988 2292 2020 ι
2350 1971 2504 2024 Ἐπεὶ
2571 1971 2686 2040 οἵγε
2744 1971 2936 2024 ἕνδεκα
2987 1966 3126 2024 εἶδον
3176 1971 3344 2025 αὐτον
3401 1973 3457 2024 ἐν
3508 1971 3626 2042 αὐτῇ
3674 1974 3719 2044 τῇ

2197 2061 2400 2132 ἡμέρᾳ,
2433 2062 2520 2114 ὅτε
2575 2062 2670 2115 καὶ
2722 2062 2772 2115 oi
2823 2061 2883 2128 ἐξ
2925 2060 3097 2129 ἀγροῦ
3144 2060 3578 2133 ὑποστρέψαντες
3603 2056 3722 2131 εὗρον

2197 2153 2394 2216 αὐτοὺς
2440 2151 2698 2220 λέγοντας
2727 2153 2810 2204 ὅτι
2860 2152 3069 2224 ἠγέρθη
3104 2154 3133 2206 ὁ
3179 2153 3412 2223 Κύριος.
3457 2151 3556 2205 Καὶ
3603 2148 3722 2205 είπεν

2197 2244 2401 2306 αὐτοῖς·
2435 2244 2799 2313 Πορευθέντες
2816 2244 2895 2306 είς
2908 2243 3000 2296 τὸν
3018 2245 3220 2314 κόσμον
3243 2245 3480 2308 ἅπαντα,
3505 2245 3721 2315 κηρύξατε

2195 2335 2257 2390 τὸ
2294 2336 2623 2404 Εὑαγγέλιον
2651 2335 2800 2409 πάσῃ
2849 2337 2914 2406 τῇ
2971 2336 3165 2390 κτίσει.
3231 2336 3293 2389 ’0
3333 2337 3605 2400 πιστεύσας
3649 2338 3720 2391 καὶ

2199 2428 2536 2500 βαπτισθεὶς,
2597 2429 2900 2500 σωθήσεται
2925 2444 2940 2460 ⁸
2971 2431 2998 2482 ὀ
3032 2429 3089 2482 δὲ
3131 2430 3470 2500 ἀπιστήσας,
3509 2447 3718 2500 κατακρι-

2198 2521 2445 2592 θήσεται.
2493 2523 2702 2593 Σημεῖα
2745 2523 2803 2576 δὲ
2845 2525 2955 2586 τοῖς
2991 2523 3355 2586 πιστεύσασι,
3397 2521 3558 2576 ταῦτα
3585 2538 3719 2590 παραυ

2204 2615 2547 2686 κολουθήσει,
2590 2617 2649 2668 ἐν
2681 2614 2759 2686 τῷ
2785 2616 3009 2686 ὀνόματί
3043 2634 3141 2684 μου
3172 2616 3430 2686 δαιμόνια
3457 2614 3716 2680 ἐκϐαλοῦσι.

2199 2707 2475 2774 γλώσσαις
2529 2707 2822 2778 λαλήσουσι
2876 2710 3114 2774 καιναῖς,
3165 2707 3323 2774 ὄφεις
3373 2705 3587 2775 ἀροῦσι·
3643 2703 3716 2756 κᾶν

2197 2798 2493 2870 θανάσιμόν
2543 2817 2594 2853 τι
2645 2799 2864 2863 πίωσιν,
2913 2800 2980 2852 οὐ
3039 2801 3116 2870 μὴ
3170 2800 3373 2861 αὐτοὺς
3414 2797 3605 2870 βλάψῃσ
3650 2796 3716 2847 ἐπὶ

2199 2890 2520 2961 ἀρρώστους
2549 2893 2738 2962 χεῖρας
2779 2890 3140 2962 ἐπιθήσουσι,
3176 2891 3270 2944 καὶ
3315 2891 3493 2952 καλῶς
3534 2889 3716 2954 ἕξουσιν.

2212 2980 2270 3034 ’0
2308 2982 2405 3053 μὲν
2441 2981 2534 3035 οῦν
2568 2981 2768 3053 Κύριος
2835 2982 2974 3052 μετά
3032 2982 3092 3034 τὸ
3137 2982 3372 3052 λαλῆσαι
3423 2981 3616 3041 αὐτοῖς,
3647 2977 3718 3030 άν-

2203 3073 2416 3145 ελήφθη
2452 3077 2530 3136 εἰς
2561 3073 2654 3127 τὸν
2683 3073 2931 3143 οὐρανὸν,
2961 3071 3059 3127 καὶ
3093 3073 3352 3127 ἐκάθισεν
3375 3066 3628 3135 ἐκδεξιὼν
3653 3066 3718 3121 τοῦ

2200 3164 2358 3219 Θεοῦ.
2410 3163 2639 3216 Ἐκεῖνοι
2670 3163 2726 3216 δὲ
2765 3145 3070 3229 ἐξελθόντες
3097 3200 3114 3228 ,
3149 3160 3426 3234 ἐκήρυξαν
3459 3157 3715 3228 πανταχοῦ.

2198 3255 2293 3310 τοῦ
2340 3255 2546 3327 Κυρίου
2579 3255 2970 3325 συνεργοῦντος
2994 3256 3089 3308 καὶ
3129 3254 3218 3309 τὸν
3246 3255 3408 3322 λόγον
3440 3250 3718 3324 βεϐαιοῦντος

2199 3349 2287 3403 διά
2318 3349 2424 3403 τῶν
2439 3348 2951 3403 ἐπακολουθούντων
2981 3347 3242 3420 σημείων.
3265 3346 3622 3416 Ἀμήν.ι”ορα
3646 3343 3716 3410 τὴν

2199 3441 2294 3495 τοῦ
2330 3441 2534 3508 Κυρίου
2567 3439 2806 3510 ἐντολὴν,
2836 3439 3121 3512 Κηρύξατε
3149 3439 3299 3513 πάσῃ
3343 3441 3411 3510 τῇ
3437 3438 3612 3491 κτίσει.
3633 3435 3716 3486 Οὐκ

2201 3528 2376 3598 εἶπεν,
2399 3533 2482 3586 ὃτι
2513 3533 2638 3595 Τοῖς
2668 3532 3008 3602 πειθομένοις
3036 3529 3335 3602 κηρύξατε,
3352 3529 3508 3591 ἀλλά,
3527 3529 3649 3597 πάσῃ
3671 3527 3715 3592 τῇ

2201 3625 2400 3687 κτίσει,
2435 3625 2544 3678 εἴτε
2583 3624 2859 3678 πείθονται
2911 3625 3020 3677 εῖτε
3060 3625 3157 3694 μή.
3207 3624 3267 3676 '0
3316 3620 3618 3684 πιστεύσας,
3651 3616 3718 3667 καὶ

2201 3720 2304 3772 οὐκ
2343 3719 2506 3789 ἀρκεῖ
2530 3718 2710 3783 τοῦτο,
2735 3718 2873 3772 ἀλλά
2916 3717 3014 3772 καὶ
3062 3715 3408 3787 βαπτισθείς.
3447 3713 3502 3766 ὐ
3530 3712 3620 3781 γὰρ
3654 3725 3718 3761 πι-

2204 3809 2437 3873 στεύσας
2473 3810 2592 3880 μὲν,
2628 3809 2690 3862 οὐ
2714 3807 3031 3879 βαπτισθεὶς
3051 3808 3106 3862 δὲ
3125 3849 3141 3874 ,
3171 3806 3286 3861 ἀλλ’
3313 3807 3396 3860 ἐτι
3435 3800 3718 3872 κατηχούμε-

2208 3921 2297 3966 νος
2326 3901 2424 3966 ὢν,
2455 3902 2556 3956 οὐκ
2583 3902 2684 3974 ήδη
2712 3902 2806 3956 καὶ
2840 3902 3114 3956 σέσωσται
3141 3900 3276 3973 (95).
3306 3899 3511 3970 Σημεῖα
3532 3896 3581 3949 δέ
3607 3893 3716 3958 λέγει

2202 3998 2314 4056 τοῖς
2384 3994 2708 4048 πιστεύσασι
2770 3993 3312 4064 παρακολουθήσειν,
3389 3991 3448 4044 τὸ
3516 3982 3715 4052 δαιμόνια

2204 4085 2513 4151 ἐκϐάλλειν,
2563 4084 2624 4137 τὸ
2707 4083 2979 4152 γλώσσαις
3030 4082 3212 4136 λαλεῖν
3266 4082 3477 4143 καιναῖς
3517 4074 3632 4146 (94).
3675 4068 3717 4122 τδ

2204 4178 2356 4247 ὄφεις
2392 4177 2588 4249 αἴρειν,
2629 4175 2926 4240 τουτέστιν,
2981 4175 3264 4244 ἀφανίζειν
3300 4173 3470 4241 ὄφεις,
3501 4169 3598 4224 εἴτε
3626 4164 3716 4222 τοὺς

2207 4270 2452 4342 νοητοὺς,
2493 4270 2569 4334 ώς
2620 4270 2700 4333 τὸ,
2769 4271 2997 4323 Πατεῖτε
3031 4268 3216 4322 ἐπάνω
3265 4267 3436 4334 ὄφεων
3473 4261 3559 4317 καὶ
3592 4273 3714 4324 σκορ-

2206 4365 2368 4426 πίων,
2421 4364 2529 4415 τῶν
2582 4363 2791 4432 νοητῶν
2837 4362 3058 4432 δηλαδή.
3113 4361 3348 4414 Δύναται
3381 4358 3436 4412 δέ
3488 4354 3571 4408 καὶ
3611 4349 3715 4403 οὕτω

537 4448 913 4515 spiritualibus
936 4448 1265 4519 intelligens.
1294 4449 1478 4506 Potest
1507 4452 1635 4507 item
1659 4461 1716 4506 et
1739 4450 2096 4519 sicintelligi:

2208 4453 2501 4524 νοηθῆναι,
2555 4452 2716 4522 ὄφεις
2766 4452 3010 4524 ἀροῦσιν.
3063 4453 3277 4522 Ὠσπερ
3345 4451 3374 4502 ὁ
3424 4446 3609 4507 Παῦλος

533 4536 826 4606 Serpentes
871 4538 1091 4607 tollent,
1127 4541 1268 4596 sicut
1317 4541 1514 4598 Paulus
1560 4544 1799 4614 viperam
1839 4544 1890 4598 in
1942 4559 2103 4597 niauu

601 4699 624 4731 ⁵
654 4701 760 4756 lsa.
797 4714 874 4766 xi,
909 4702 963 4757 5.
1003 4753 1014 4764 ,

2214 4523 2428 4614 ἔχιδναν
2461 4544 2518 4596 ἐν
2568 4544 2634 4614 τῇ
2668 4523 2814 4614 χειρῖ
2867 4541 3033 4597 αὐτοῦ
3095 4535 3222 4610 ἦρε,
3273 4537 3437 4609 μηδὲν
3474 4533 3554 4588 ὑπ’
3590 4523 3718 4592 αὐτῆς

1497 4821 1591 4880 Ex
1628 4818 1968 4882 collatione
2009 4819 2195 4882 codd.
2226 4821 2452 4881 Venet.
2493 4821 2554 4880 S.
2591 4819 2808 4880 Marci.

531 4958 766 5030 tristitia:
834 4960 1172 5015 vehementia
1233 4975 1248 5012 :
1318 4961 1592 5030 adeoque-
1625 4964 1983 5026 decubuisse,
2047 4973 2104 5018 et

534 5029 1002 5100 planxisseusquo
1035 5031 1100 5083 ad
1130 5033 1308 5084 lastum
1341 5029 1586 5085 nuntium
1610 5032 1678 5086 de
1703 5031 1821 5085 Filii
1859 5047 2102 5088 resurre-

532 5097 731 5153 ctione.
783 5097 1048 5152 Caeterum
1100 5099 1204 5153 hoc
1253 5100 1597 5154 verissimum
1647 5111 1767 5163 est,
1815 5102 2100 5157 Dominum

551 5169 712 5222 trimo
743 5183 808 5221 ex
839 5168 1156 5224 mulieribus
1195 5169 1371 5224 visum
1408 5168 1575 5224 fuisse
1616 5186 1644 5223 a
1677 5169 1849 5224 Maria
1882 5169 2104 5242 Magda-

553 5254 674 5300 eua,
713 5255 731 5289 i
771 5247 878 5290 etc.

605 5307 698 5374 (9‘2
717 5307 807 5371 95)
823 5307 1048 5377 Cod36:
1066 5308 1178 5360 Οὐκ
1194 5308 1292 5377 ἤδη
1314 5307 1408 5362 καὶ
1423 5307 1709 5361 σέσωσται.
1729 5308 1787 5362 '0
1804 5311 2102 5375 πιστεύσας

533 5377 666 5447 γοῦν
699 5377 792 5428 καὶ
824 5376 1140 5440 βαπτισθεὶς
1174 5376 1498 5446 σωθήσεται,
1526 5379 1641 5446 είγε
1667 5379 1767 5447 τὴν
1799 5379 1984 5434 πίστιν
2009 5383 2104 5435 καὶ

533 5447 596 5500 τὸ
645 5445 926 5521 βάπτισμα
955 5447 1190 5521 ’καθαρὰ
1209 5445 1330 5521 ⁸καῖ
1361 5447 1566 5502 ἀσπιλα
1592 5445 1877 5521 συν-τηρῇ,
1919 5452 1950 5521 ἢ
2007 5451 2102 5504 καὶ

539 5517 678 5586 μετὰ
715 5515 779 5588 τὸ
816 5515 1083 5588 σπιλῷσαι
1124 5515 1401 5588 καλαμίσῃ
1423 5534 1438 5550 ·
1473 5522 1676 5588 σημεῖα
1716 5515 1958 5586 δέ’λέγεὶ
1989 5523 2102 5584 τοῖς

536 5585 891 5640 πιστεύσασιν
921 5587 1019 5655 οὐχ
1045 5586 1252 5652 ἁπλῶς,
1276 5585 1402 5641 an“
1429 5588 1504 5652 ώς
1530 5585 1721 5660 εἴρηκε
1755 5585 2102 5661 παρακαλου-

2211 4964 2420 5033 θήσειν,
2459 4982 2513 5018 κ.
2549 4981 2600 5018 τ.
2631 4965 2682 5018 λ.
2716 4982 2735 5014 ε
2773 4963 2888 5016 Non
2914 4963 3026 5033 jam
3063 4961 3442 5033 salvatus‘est.
3473 4955 3564 5033 Qui
3591 4954 3711 5022 igitur

2212 5026 2504 5088 crediderit
2533 5043 2586 5087 et
2615 5026 2930 5102 baptizatus
2952 5031 3132 5104 fuerit,
3161 5030 3484 5104 salvabitnrf,
3515 5026 3552 5079 si
3571 5035 3708 5104 tanien

2217 5104 2372 5157 [idem
2407 5114 2460 5158 et
2492 5094 2753 5172 baptisma
2783 5119 2914 5173 pura
2950 5112 3005 5173 et
3035 5094 3382 5173 immaculata
3415 5094 3706 5173 custodierit.

2214 5173 2294 5244 vel
2321 5174 2364 5226 si
2399 5164 2686 5244 aliquando
2713 5164 2998 5244 eadeiniab
3031 5172 3144 5240 ipso
3181 5167 3435 5244 maculari
3458 5164 3706 5244 contingat.

2214 5241 2408 5296 iterum
2445 5233 2830 5313 piirillcaverit.
2865 5241 3028 5310 Signa
3045 5233 3188 5313 _'vero
3219 5240 3370 5300 dicit,
3401 5250 3512 5306 quae
3535 5233 3708 5313 credeti-

2212 5321 2292 5366 tes
2319 5328 2424 5366 non
2447 5307 2786 5380 simpliciter,
2809 5313 2902 5367 sed
2925 5307 2983 5364 ut
3007 5310 3234 5370 dixerat,
3267 5316 3560 5380 sequentur,
3579 5320 3602 5380 ρ
3629 5307 3706 5380 ille.

2284 5365 2572 5453 (θυβοάξ
2861 5382 3078 5442 καιναῖς
3096 5417 3120 5453 ._
3147 5365 3291 5453 ῖοῦέ
3327 5365 3466 5453 ἐστιν
3490 5365 3554 5453 ἐν
3575 5365 3707 5453 itali:

2209 5441 2727 5517 κτὸιςάλλοεθνέσιξ
2761 5468 2782 5504 ε
2829 5453 2933 5506 lioc
2984 5441 3070 5506 est
3099 5441 3447 5506 vidiomatibus
3485 5441 3642 5498 alienis
3667 5441 3706 5488 ει

2209 5522 2526 5592 peregrinis.
2560 5540 2579 5573 ι

606 5729 683 5800 (a)
708 5727 831 5786 llaec
858 5731 1028 5800 prima
1060 5734 1311 5803 periodus
1356 5737 1692 5792 desideratur
1720 5737 1771 5790 iu
1794 5745 1943 5792 textu
1968 5735 2178 5805 Graeco,
2213 5703 2391 5810 neque
2414 5740 2704 5811 exponitur
2734 5756 2762 5796 a
2788 5737 3218 5810 Tlieopliylacto.
