3866 6448
160 373 254 437 6οὸ

352 481 498 537 81οΣ
534 477 769 534 ΛΟΥΚΑ
807 478 944 532 ΤΟΥ
987 472 1505 531 ΕΥΑΓΓΕΛΙΣΤΟΥ

174 603 264 655 Ἐκ
304 597 409 666 τῆς
459 592 574 666 τοῦ
617 593 920 662 Δωροθέου
965 592 1268 666 μάρτυρος
1332 588 1429 644 καὶ
1487 587 1709 657 Τυρίων

552 664 892 719 ἐπισκόπου
939 665 1281 732 συνόψεως.

222 782 425 845 Λουκᾶς
459 783 489 834 6
530 777 920 848 εὐαγγελιστὴς
964 774 1270 847 ’Δντιοχεὺς
1305 774 1406 845 μὲν
1458 773 1519 827 τὸ
1555 772 1711 842 γένος

163 872 239 947 ἦν,
272 872 447 942 ἰατρὸς
479 871 535 924 δὲ
564 872 662 940 τὴν
710 870 932 939 τέχνην.
984 867 1369 939 Συνεγράψατο
1409 867 1466 921 δὲ
1517 867 1578 920 τὸ
1610 866 1705 934 μὲι

163 965 470 1033 Εὑαγγὲλιον
527 962 647 1016 κατ’
678 959 981 1031 ἐπιτροπὴν
1021 961 1230 1032 Πέτρου
1260 959 1353 1014 τοῦ
1383 958 1707 1023 ἀποστόλου,

160 1060 248 1122 τὰς
274 1057 327 1111 δε
354 1057 584 1128 Πράξεις
608 1054 717 1107 τῶν
745 1054 1061 1110 ἀποστόλων
1081 1055 1198 1107 κατ’
1234 1046 1534 1125 ἐπιτροπὴν
1561 1051 1710 1106 Παύ-

162 1153 242 1206 λου
274 1152 364 1203 τοῦ
401 1148 722 1203 ἀποστόλου.
743 1149 1174 1220 Συναπεδήμησε
1206 1148 1313 1219 γὰρ
1337 1150 1449 1213 τοῖς
1480 1147 1715 1202 ἀποσσιςό⁶

162 1243 279 1307 λοις,
309 1241 401 1295 καὶ
443 1239 677 1311 μάλιστα
715 1240 794 1311 τῷ
835 1240 1053 1312 Παύλῳ,
1082 1235 1145 1295 οἵ)
1184 1241 1278 1295 καὶ
1334 1241 1714 1312 μνημονεύσας

160 1339 185 1388 ὁ
215 1334 432 1396 Παῦλος,
465 1332 703 1404 ἔγραψεν
736 1336 794 1387 ὲν
838 1326 1167 1406 Ἐπιστολῇ·
1203 1334 1534 1398 ’Λσπάζεται
1568 1334 1713 1404 ὑμᾶς

160 1427 354 1488 Λουκᾶς
378 1426 407 1478 6
440 1425 629 1494 ίατρδς
657 1426 686 1479 6
717 1424 1003 1493 ἀγαπητὸς
1030 1427 1086 1479 ὲν
1113 1426 1318 1497 Κυρίῳ.
1360 1425 1625 1480 Ἀπέθανε
1655 1424 1714 1478 δὲ

160 1520 212 1571 ἐν
248 1518 448 1585 Ἐφέσῳ
471 1518 570 1571 καὶ
606 1517 780 1588 ἐτάφη
815 1519 953 1572 ἐκεῖ.
994 1518 1278 1589 Μετετέοη
1308 1517 1365 1570 δὲ
1402 1512 1624 1588 ὕστερον
1655 1518 1714 1571 ὲν

162 1610 558 1665 Κωνσταντίνου
581 1611 736 1665 πόλει
766 1613 902 1682 μετά
923 1613 1016 1665 καὶ
1059 1606 1308 1681 Ἀνδρὲου
1336 1613 1431 1666 καὶ
1449 1610 1713 1682 Τιμοθέου

160 1705 255 1756 τῶν
296 1702 642 1768 ἀποστόλων,
693 1703 834 1759 κατά
893 1705 1017 1768 τοὺς
1061 1706 1290 1775 καιροὺς
1335 1704 1712 1760 Κωνσταντίου

162 1793 428 1865 βασιλέως,
464 1793 588 1848 υίοῦ
626 1796 1041 1850 Κωνσταντίνου
1077 1797 1170 1851 τοῦ
1199 1797 1465 1867 Μεγάλου.

764 1928 1101 1987 ΥΠΟΘΕΣΙΣ

390 2042 544 2135 -Τοῦ
583 2043 738 2102 κατὰ
766 2044 1014 2103 Λουκᾶν
1040 2048 1431 2118 Εὐαγγελιύυ.

222 2154 425 2220 Λουκᾶς
472 2157 502 2209 6
563 2157 730 2225 θεῖος,
783 2158 1090 2229 Ἀντιοχεὺς
1138 2157 1237 2230 μὲν
1287 2155 1380 2233 ἦν,
1414 2161 1596 2233 ἰατρὸς
1638 2159 1714 2226 δὲ,

161 2247 245 2301 καὶ
271 2247 363 2317 τὴν
415 2246 532 2311 ἔξω
575 2249 770 2319 σοφίαν
800 2249 1004 2314 πολύς·
1057 2250 1118 2304 οὐ
1157 2249 1266 2321 μὴν
1307 2251 1443 2305 ἀλλὰ
1493 2254 1588 2305 καὶ
1620 2253 1718 2324 τὴν

169 2337 441 2411 Ἐὅραῖκὴν
472 2341 729 2396 παιδείαν
775 2341 1138 2415 ἐξησκήσατο,
1177 2345 1292 2408 τοῖς
1327 2344 1720 2416 Ἰεροσολύμοις

159 2430 528 2503 ἑπιφοιτήσας,
559 2432 650 2487 ὅτε
682 2433 746 2505 δὴ
779 2437 875 2490 καὶ
912 2438 940 2490 6
970 2435 1180 2508 Κύριος
1214 2436 1371 2509 ήμῶν
1404 2436 1677 2491 ἐδίδασκεν
1701 2454 1716 2470 ·

157 2522 307 2591 ὥστε,
329 2527 458 2596 φασί
488 2545 666 2594 τινες,
699 2528 796 2583 ἕνα
821 2531 917 2586 καὶ
946 2531 1110 2586 αὑτὸν
1135 2533 1391 2602 γενέσθαι
1424 2532 1535 2592 τῶν
1560 2536 1717 2591 ἐσδο-

163 2615 384 2686 μήκοντα
426 2619 752 2676 ἀποστόλων
777 2638 792 2653 ⁸
823 2625 919 2678 καὶ
963 2626 1029 2679 ὲκ
1072 2625 1288 2698 νεκρῶν
1332 2627 1388 2682 δὲ
1427 2629 1716 2683 ἀναστάντι

162 2706 227 2777 τῷ
258 2710 476 2781 Χριστῷ
534 2715 868 2786 συναντῆσαι
919 2717 1059 2788 μετά
1098 2719 1355 2774 Κλεόπα·
1387 2721 1719 2793 ἀναληφθὲν·

158 2801 310 2864 τοςδὲ
350 2804 443 2858 τοῦ
471 2806 726 2878 ίκυρίου,
768 2811 864 2863 καὶ⁸
914 2810 1010 2865 τοῦ
1046 2812 1258 2867 Παύλου
1307 2815 1718 2881 πιστεύσαντος,

162 2894 393 2961 γενέσθαι
426 2899 776 2971 συνέκδημον
803 2903 897 2956 καὶ
945 2903 1241 2958 ἀκόλουθον
1266 2905 1453 2972 αὑτοῦ,
1484 2909 1629 2979 φημὶ
1657 2908 1721 2977 δὴ

165 2982 248 3036 τοῦ
281 2986 488 3040 Παύλου
515 3005 532 3020 ο
576 2991 673 3042 καὶ
714 2990 779 3062 δὴ
807 2994 1228 3064 συγγράψασθαι
1282 2997 1340 3049 τὸ
1390 2997 1721 3068 Εὐαγγέλιον

169 3079 289 3147 μετά
324 3082 503 3150 πάσης
546 3084 859 3156 ἀκριϐείας,
906 3087 982 3152 ὡς
1025 3090 1119 3143 καὶ
1154 3089 1286 3144 αὐτὸ
1324 3090 1383 3143 τὸ
1438 3092 1723 3163 προοίμιον

1046 352 1491 422 ENARRATIO
1529 352 1612 415 IN
1654 349 2159 415 EVANGELIUM
2184 353 2425 415 LUCE.

1734 469 1791 529 Α

1744 1838 1791 1894 Β

3278 350 3386 412 686
3466 394 3469 399 ,

2024 469 2201 543 266,
2231 468 2388 524 vm
2415 435 2624 525 Luca:
2659 465 3164 527 svauceusm

1957 582 2041 638 Ex
2069 584 2282 654 synopsi
2318 582 2565 668 Dorolltei
2608 584 2857 669 martyris
2886 595 2933 640 et
2964 584 3246 658 Tyriorum

2472 671 2725 724 episcopi.

1888 772 2064 828 Lucas
2099 773 2429 844 evangelista
2480 773 2707 829 natione
2749 773 3141 839 Antiorhrnus,
3178 776 3389 846 profes-

1819 866 1971 922 sione
1996 867 2258 934 medicus,
2287 870 2543 922 mandato
2567 866 2710 921 Petri
2739 867 2966 936 apostoli
3016 868 3388 936 Evangelium,

1820 971 1877 1017 et
1922 960 2074 1015 Pauli
2112 962 2268 1033 jussu
2317 961 2452 1017 Acta
2500 961 2867 1031 apostolorum
2913 962 3257 1031 conscripsit.
3288 959 3394 1015 Per

1819 1068 2009 1109 omnes
2046 1054 2412 1123 apostolorum
2466 1051 2954 1122 peregrinationes,
2989 1053 3227 1111 maxime
3260 1068 3393 1106 vero

1822 1147 1976 1203 Pauli
2014 1161 2196 1203 comes
2239 1146 2360 1211 fuit,
2391 1146 2549 1216 cujus
2578 1145 2907 1200 mentionem
2941 1144 3149 1200 faciens
3195 1142 3396 1200 Paulus

1823 1239 2043 1309 scripsit
2077 1242 2130 1293 in
2164 1238 2396 1309 quadam
2418 1238 2693 1307 Epistola:
2730 1235 2942 1291 Salutat
2967 1250 3062 1290 vos
3083 1233 3259 1289 Lucas
3284 1248 3398 1287 me-

1820 1333 1978 1389 dicus
2007 1333 2235 1388 dilectus
2262 1333 2314 1388 in
2359 1331 2609 1388 Domino.
2653 1331 2894 1386 Mortuus
2923 1341 3007 1387 est
3040 1329 3259 1400 Ephesi,
3296 1327 3397 1383 ihi-

1826 1441 1932 1496 que
1960 1427 2205 1498 sepultus
2235 1434 2338 1482 est.
2365 1425 2587 1482 Demum
2623 1426 2919 1480 translatus
2949 1433 3032 1480 est
3082 1422 3399 1479 Constanti-

1821 1519 2058 1591 nopolim
2128 1534 2252 1574 cum
2317 1519 2546 1574 Andreae
2597 1527 2654 1574 et
2706 1516 2977 1573 Timothei
3027 1514 3397 1584 apostolorum

1822 1614 2072 1684 reliquiis
2098 1614 2245 1669 circa
2280 1621 2525 1685 tempora
2551 1612 2858 1671 Constantii
2886 1611 3027 1682 regis
3051 1606 3399 1666 Constantini

1823 1705 2004 1778 Magni
2034 1706 2154 1763 mu.

2370 1927 2858 1989 ARGUMENTUM

2110 2044 2175 2101 In
2212 2045 2552 2116 Evangelium
2584 2047 2869 2102 secundum
2899 2047 3120 2102 Lucam.

1895 2156 2061 2215 Divus
2111 2158 2286 2216 Lucas
2333 2160 2710 2217 Antiochcnus
2751 2163 2852 2218 fuit
2910 2161 3108 2234 patria,
3181 2162 3404 2218 medicas

1826 2246 1959 2301 artis
1995 2248 2224 2316 peritus,
2278 2259 2333 2305 ct
2384 2250 2437 2304 in
2491 2262 2716 2306 externa
2766 2253 3100 2322 philosophia
3153 2269 3404 2323 magnus.

1828 2335 2217 2411 Hierosolymis
2255 2357 2471 2411 quoque
2505 2345 2671 2409 probe
2709 2344 3057 2401 Hebraeorum
3102 2347 3406 2419 disciplinis

1826 2434 2072 2486 eruditus
2096 2443 2198 2487 est.
2231 2432 2372 2490 Sane
2401 2434 2628 2489 Domino
2659 2446 2843 2493 nostro
2894 2441 3142 2505 docente,
3173 2439 3247 2493 uti
3281 2442 3406 2510 qui-

1828 2525 1950 2580 dam
1982 2527 2227 2591 tradunt,
2255 2541 2397 2582 unus
2424 2529 2770 2599 septuaginta
2806 2528 3191 2599 discipulorum
3227 2529 3406 2588 factus

1825 2629 1931 2684 est,
1984 2618 2308 2689 Christoque
2338 2634 2459 2674 cum
2512 2622 2843 2678 surrexisset
2887 2639 2916 2675 a
2973 2623 3232 2689 mortuis,
3280 2640 3406 2680 cum

1827 2710 2023 2781 Cleopa
2055 2712 2316 2766 occurrit.
2352 2711 2577 2769 Domino
2606 2726 2786 2771 autem
2816 2716 2869 2770 in
2897 2717 3068 2773 caelos
3099 2729 3406 2791 assumpto,

1827 2813 1880 2858 et
1915 2801 2081 2859 Paulo
2114 2804 2180 2859 ad
2208 2804 2367 2859 ﬁdem
2392 2820 2675 2874 converso,
2716 2809 2792 2864 illi
2816 2810 3281 2883 peregrinationis
3313 2828 3409 2869 co-

1830 2912 1943 2951 mes
1979 2895 2156 2953 l‘actus
2191 2908 2296 2962 est,
2330 2898 2497 2953 Paulo
2531 2902 2782 2970 inquam;
2812 2913 2866 2958 et
2898 2902 3248 2970 Evangelium
3281 2920 3406 2960 cum

1828 2987 1976 3042 omni
2005 2987 2281 3059 diligentia
2312 2989 2655 3060 conscripsit,
2701 2991 2754 3045 id
2796 2994 2938 3064 quod
2981 3002 3038 3048 et
3083 2995 3407 3061 precantium

1829 3076 1948 3146 ejus
1982 3079 2246 3142 declarat,
2273 3087 2398 3150 post
2437 3090 2777 3150 assumptum
2823 3081 2875 3136 in
2928 3081 3098 3138 caelos
3125 3082 3406 3137 Christum

167 3171 314 3226 αὐτοῦ
341 3176 638 3246 ἐμφαίνει·
673 3179 814 3248 μετά
843 3181 1240 3236 πεντεκαίδεκα
1269 3183 1326 3236 δὲ
1358 3182 1451 3255 ἔτη
1498 3184 1596 3254 τῆς
1627 3184 1721 3237 τοῦ

1843 3184 1975 3225 anno
2004 3176 2194 3240 quinto
2225 3171 2460 3228 decimo.
2482 3173 2681 3228 Scribit
2716 3181 2894 3228 autem
2925 3176 2993 3228 ad
3022 3172 3408 3247 Theophilum,

166 3263 379 3334 Χριστοῦ
429 3270 763 3341 ἀναλήψεως
806 3273 1207 3346 συνεγράῲατο.
1245 3275 1451 3347 Γράφει
1490 3276 1547 3330 δὲ
1586 3277 1723 3348 πρὸς

167 3357 425 3428 Θεόφιλον,
463 3365 839 3436 συγκλητικὸν
867 3365 997 3420 ὄντα
1040 3369 1135 3422 καὶ
1184 3368 1422 3441 ἄρχοντα
1471 3369 1634 3434 ἴσωςο
1662 3371 1724 3423 τι)

167 3451 263 3521 γὰρ
329 3455 644 3525 Κράτιστος
688 3458 782 3510 ἐπὶ
817 3460 923 3513 τῶν
961 3460 1239 3531 ἀρχόντων
1290 3460 1384 3516 καὶ
1442 3462 1725 3534 ἡγεμόνοιν

166 3540 382 3613 ἐλέγετο,
417 3547 494 3611 ὡς
521 3551 622 3603 καὶ
663 3551 691 3602 ὁ
741 3551 955 3615 Παῦλός
1002 3570 1137 3625 φησι
1169 3553 1307 3626 πρὸς
1343 3555 1434 3610 τὸν
1480 3555 1725 3626 ἡγεμόνα

166 3636 374 3705 Φῆστον,
401 3641 683 3713 Κράτιστε
714 3644 909 3714 Φῆστε.
937 3646 1048 3698 Καὶ
1077 3648 1185 3709 πᾶς
1217 3645 1274 3699 δὲ
1296 3646 1580 3717 ἄνθρωπος
1611 3646 1729 3700 Θεο-

166 3727 327 3800 φιλὴς,
360 3734 454 3785 καὶ
481 3735 691 3806 κράτος
734 3737 877 3791 κατὰ
916 3737 1028 3790 τῶν
1079 3737 1273 3792 παθῶν
1307 3737 1725 3809 ἀναδεξάμενος,

168 3819 403 3892 Θεόφιλός
428 3830 554 3880 ἐστι
582 3828 903 3899 κράτιστος·
940 3830 1001 3895 ὃς
1028 3832 1121 3885 καὶ
1154 3830 1303 3900 ἄξιος
1333 3831 1411 3902 τῷ
1439 3830 1551 3886 ὄντι
1577 3833 1727 3886 ἐστὶν

167 3910 364 3969 ἀκοῦειν
390 3919 484 3972 τοῦ
517 3920 873 3990 Εὐαγγελίου.

296 4059 375 4110 ΤΑ
417 4061 799 4115 ΚΕΦΑΛΑΙΑ
860 4063 1003 4116 ΤΟΥ
1047 4065 1239 4119 ΚΑΤΑ
1288 4066 1594 4120 ΛΟΥΚΑΝ

544 4170 551 4176 .
686 4134 733 4183 Ε
748 4134 831 4185 TA
842 4133 1123 4188 ΓΓΕΛΙΟ
1136 4137 1197 4189 Υ.

170 4256 233 4306 α’.
271 4258 399 4325 Περὶ
433 4259 561 4312 τῶν
612 4259 839 4330 γονέων
888 4262 1171 4319 Ἰωάννου
1212 4266 1321 4320 τοῦ
1360 4269 1729 4335 Βαπτιστοῦ,

228 4352 321 4404 καὶ
352 4353 462 4422 τῆς
487 4357 681 4410 αὐτοῦ
709 4358 1071 4426 γεννήσεως.
1104 4361 1245 4430 Περὶ
1271 4363 1377 4418 τοῦ
1397 4363 1728 4435 ἀσπασμοῦ

228 4445 329 4501 τοῦ
350 4449 615 4518 ἀγγέλου
645 4451 798 4519 πρὸς
812 4452 1070 4523 Μαριάμ.
1097 4455 1237 4523 Περὶ
1259 4456 1366 4511 τοῦ
1395 4457 1729 4529 ἀσπασμοῦ

229 4536 330 4606 τῆς
363 4542 599 4611 Μαρίας
622 4543 775 4612 πρὸς
812 4544 928 4614 τὴν
964 4546 1300 4605 Ἐλισάϐετ.

170 4625 225 4696 β’.
265 4632 399 4699 Περὶ
447 4633 563 4703 τῆς
588 4634 968 4706 ἀπογραφῆς.
1016 4638 1156 4707 Περὶ
1207 4641 1314 4696 τοῦ
1347 4640 1457 4711 τῆς
1500 4646 1729 4714 Μαρίας

228 4726 489 4784 τοκετοῦ.
532 4730 672 4796 Περὶ
719 4728 841 4785 τῶν
869 4732 1187 4801 ποιμένων.
1220 4734 1360 4803 Περὶ
1395 4736 1726 4805 Συμεῶνος.

226 4819 362 4885 Περὶ
400 4822 622 4889 Ἀννης
648 4820 761 4891 τῆς
791 4824 1175 4894 προφήτιδας.
1209 4827 1349 4895 Περὶ
1386 4829 1590 4896 Ἰησοῦ
1629 4832 1729 4885 εὑ·

218 4912 497 4981 ρεθέντος
533 4914 603 4968 ἐν
625 4916 795 4986 μέσῳ
822 4914 943 4970 τῶν
964 4917 1371 4975 διδασκάλων.

167 5006 232 5067 γ’.
270 5005 404 5072 Περὶ
448 5006 563 5075 τῆς
600 5009 707 5063 τοῦ
738 5010 1022 5065 Ἰωάννου
1064 5012 1387 5081 κηρύξεως.
1441 5015 1583 5083 Περὶ
1614 5015 1734 5071 τῶν

229 5093 734 5167 ἐπερωτησάντων
781 5103 891 5157 τόν
929 5102 1237 5173 Ἰωάννην.
1286 5106 1424 5175 Περὶ
1482 5106 1733 5175 Ἡρώδου

234 5187 328 5240 καί
365 5190 671 5248 Ἰωάννου.
702 5194 840 5264 Περί
886 5195 994 5250 τοῦ
1018 5196 1443 5266 βαπτίσματος
1473 5198 1580 5254 τοῦ
1614 5202 1733 5253 Σω-

236 5273 425 5341 τῆρος.
456 5284 599 5353 Περὶ
629 5289 1013 5357 γενεαλογίας
1034 5288 1141 5344 τοῦ
1168 5289 1450 5357 Χριστοῦ.

175 5359 231 5417 6'.
269 5365 405 5433 Περὶ
452 5378 737 5444 νηστείας
778 5381 878 5432 καὶ
920 5380 1256 5451 πειρασμοῦ
1291 5382 1398 5436 τοῦ
1436 5382 1731 5453 Σωτῆρος.

238 5457 374 5524 Περὶ
421 5457 628 5526 Ἰησοῦ
667 5468 958 5536 ἀχθέντος
994 5470 1116 5525 ὑπὸ
1143 5469 1262 5525 τῶν
1305 5471 1613 5528 Ἰουδαίων
1648 5479 1736 5543 εις

243 5547 306 5600 τὸ
344 5547 517 5616 ὄρος,
563 5551 663 5606 καί
718 5552 817 5609 διὰ
867 5560 1061 5627 μέσου
1113 5561 1314 5617 αὐτῶν
1369 5564 1731 5633 διελθόντος.

244 5644 379 5713 Περὶ
416 5645 523 5702 τοῦ
545 5649 795 5719 ἔχοντος
818 5657 1052 5724 πνεῦμα
1085 5657 1420 5728 δαιμονίου.
1455 5660 1595 5730 Περὶ
1627 5660 1737 5729 τῆς

245 5737 532 5808 πενθερᾶς
551 5742 795 5812 Πέτρου.
827 5745 966 5815 Περὶ
995 5746 1115 5804 τῶν
1145 5750 1428 5807 ίιιθέντων
1456 5754 1572 5810 ἀπὸ
1608 5769 1708 5807 ποι

248 5828 430 5884 κίλων
456 5832 674 5891 νόσων.

1831 3264 2008 3320 virum
2031 3265 2290 3321 senatorii
2317 3266 2550 3331 ordinis,
2572 3278 2628 3322 et
2652 3267 2898 3323 fortassis
2918 3268 3242 3339 principem.
3270 3268 3410 3324 Nam

1831 3363 2051 3418 Strenui
2086 3378 2285 3419 nomen
2320 3364 2656 3434 principibus
2682 3373 2737 3421 et
2771 3367 3094 3437 praesidibus
3128 3367 3411 3423 tribueba-

1832 3462 1941 3520 tur,
1969 3454 2109 3508 sicut
2133 3462 2189 3508 et
2211 3454 2405 3509 Paulus
2435 3453 2503 3509 ad
2527 3454 2812 3525 praesidem
2838 3452 3059 3513 Festum
3078 3457 3231 3514 dicit:
3256 3459 3412 3515 Stre-

1832 3560 1936 3601 nue
1968 3545 2149 3603 Feste.
2182 3547 2374 3603 Omnis
2417 3560 2597 3605 autem
2635 3549 2797 3604 homo
2851 3549 2946 3606 Dei
2988 3567 3201 3616 amans,
3260 3555 3416 3608 robo-

1832 3651 2000 3708 reque
2045 3655 2110 3695 ac
2161 3641 2482 3706 strenuitate
2544 3642 2596 3695 in
2652 3641 2994 3699 refrenandis
3031 3642 3412 3702 aﬂectionihus

1832 3732 2111 3803 praeditus,
2137 3743 2391 3788 strenuus
2423 3743 2504 3789 est
2531 3732 2883 3802 Theotihilus,
2911 3737 3001 3808 qui
3027 3744 3080 3791 et
3110 3737 3302 3809 dignus
3330 3754 3417 3793 re-

1840 3837 1965 3878 vera
1998 3834 2079 3879 est
2105 3834 2164 3879 ut
2195 3825 2543 3896 Evangelinm
2561 3829 2772 3885 audiat.

2181 4053 2431 4111 SUMMA
2486 4056 2817 4115 CAPITUM
2860 4058 3271 4117 EVANCELII

2275 4126 2682 4186 SECUNDUM
2715 4130 2986 4188 LUCAJI.

1837 4263 1888 4311 1.
1916 4256 1988 4310 De
2005 4258 2309 4325 parentibus
2329 4256 2557 4314 Joannis
2578 4257 2839 4331 Baptista
2860 4270 2909 4316 et
2925 4261 3038 4332 ejus
3057 4263 3413 4332 generatione.

1905 4349 1983 4405 De
2011 4351 2333 4406 salutatione
2379 4351 2554 4424 angeli
2583 4354 2652 4408 ad
2687 4353 2939 4410 Mariam.
2991 4354 3069 4410 De
3121 4356 3417 4413 visitatione

1911 4443 2103 4498 Μαι-ἔω
2132 4444 2203 4499 ad
2229 4443 2520 4500 Elisabetlt.

1976 4054 2139 4127 267

1839 4626 1893 4681 2.
1925 4627 2003 4681 De
2051 4629 2433 4698 rouscriptioue
2480 4629 2645 4684 orbis.
2679 4629 2757 4683 De
2797 4631 3068 4699 puerperio
3100 4627 3312 4684 Mariae.
3355 4631 3429 4685 lle

1909 4722 2234 4786 pastoribus.
2286 4719 2361 4774 De
2409 4719 2686 4792 Symeone.
2730 4720 2808 4776 De
2859 4723 3014 4777 Anna
3068 4722 3427 4792 prophetissa.

1915 4810 1988 4866 De
2012 4808 2141 4868 Jesu
2196 4822 2400 4881 reperto
2426 4814 2565 4868 inter
2587 4815 2844 4869 doctores.

1840 4996 1895 5050 5.
1938 4995 2015 5049 De
2086 4994 2465 5064 praedicatione
2525 4996 2773 5051 Joannis.
2839 4996 2917 5050 De
2972 4997 3418 5067 interrogantibus

1910 5089 2196 5144 Joannem.
2258 5089 2334 5145 De
2388 5088 2598 5145 Herode
2642 5100 2689 5143 et
2748 5089 2977 5144 Joanne.
3031 5088 3107 5143 De
3159 5090 3418 5159 baptismo

1917 5181 2240 5239 Saluatoris.
2283 5181 2359 5237 De
2384 5183 2689 5254 genealogia
2715 5181 2929 5238 Christi.

1842 5368 1898 5423 4.
1938 5367 2012 5423 De
2026 5367 2235 5439 jejunio
2262 5379 2308 5423 et
2334 5369 2620 5423 lentatione
2642 5364 2962 5423 Saluatoris.
2998 5365 3073 5421 De
3097 5362 3226 5422 Jesu
3259 5385 3292 5421 a
3314 5365 3421 5421 Ju-

1914 5463 2044 5517 daeis
2095 5464 2152 5517 in
2199 5470 2432 5515 montem
2484 5459 2732 5521 abducto,
2764 5469 2814 5513 et
2839 5476 2933 5529 per
2957 5458 3187 5513 medium
3238 5474 3419 5514 eorum

1916 5565 2239 5610 transeunte.
2280 5553 2354 5609 De
2383 5555 2591 5609 obsesso
2610 5571 2643 5609 a
2667 5556 2927 5610 dwmone.
2961 5551 3036 5608 De
3066 5569 3221 5609 socru
3246 5551 3417 5608 Petri.

1916 5648 1993 5703 De
2015 5649 2078 5702 iis
2102 5648 2192 5718 qui
2222 5647 2399 5701 sanati
2432 5657 2550 5702 sunt
2583 5663 2615 5701 a
2656 5647 2815 5703 variis
2847 5648 3063 5703 morbis.
3310 5634 3313 5635 ν
