3866 6448
440 363 544 429 (91

440 517 917 544 ...μεθ’

1371 361 1948 432 TIIEOPII-YLACTI
1987 364 2401 428 BULGARLE
2454 363 2810 426 ARCHIEP.

2074 521 2144 536 ι.-
2161 523 2213 536 --υ

776 672 1559 790 ΕΡΜΗΝΕΙΑ
1647 672 1892 786 ΕΙΣ
1965 667 2174 785 ΤΟ
2255 671 2676 784 ΚΑΤΑ
2752 661 3390 784 ΛΟΥΚΑΝ

3563 363 3647 427 6‘32

3505 524 3634 538 Ψ

1718 874 2439 966 ΕΥΑΓΓΕΛΙΟΝ.

961 1195 1654 1290 ENARRATIO
1731 1200 1853 1288 IN
1932 1199 2718 1294 EVANGELIUM
2795 1199 3176 1289 LUCIE.

927 1494 1092 1566 269
1125 1493 1516 1552 ΡιιΑειτΑτιο.

510 1587 670 1642 Vsus.
713 1588 828 1642 1-4.
866 1605 884 1640 ι
944 1587 1207 1654 Quoniam
1269 1587 1422 1642 multi
1496 1596 1833 1643 attentarunt
1885 1605 2016 1644 con-

436 1689 620 1735 texere
670 1679 1034 1734 narrationem
1099 1695 1286 1735 earum
1335 1697 1456 1752 qua:
1510 1681 1651 1736 inter
1705 1696 1802 1736 nos
1831 1681 2017 1738 multis

435 1773 769 1843 argumentis
801 1773 1166 1843 comprobata
1202 1785 1330 1830 sunt
1361 1791 1542 1830 rerum
1581 1775 1741 1832 sicuti
1775 1775 2018 1830 tradide-

435 1875 563 1920 runt
594 1865 750 1920 nobis
785 1865 969 1936 hi,qui
997 1868 1064 1921 ab
1091 1866 1246 1921 initio
1287 1867 1406 1924 suis
1449 1868 1622 1923 oculis
1666 1868 1936 1935 viderunt,
1962 1878 2019 1924 et

435 1957 670 2012 ministri
691 1958 1389 2025 fueruntsermonis,visum
1411 1970 1491 2014 est
1511 1969 1565 2016 et
1581 1961 1735 2028 mihi,
1751 1970 1807 2015 ut
1823 1969 2017 2017 cuncta

435 2050 506 2106 ab
533 2052 684 2106 initio
709 2053 995 2119 diligenter
1019 2054 1388 2124 pervestigans
1416 2055 1609 2110 ordine
1633 2057 1730 2112 tibi
1754 2056 2016 2122 scribam,

436 2152 658 2198 strenue
693 2143 1014 2214 Theophile,
1035 2160 1142 2215 quo
1173 2159 1436 2216 agnoscas
1485 2161 1672 2202 eorum
1702 2146 1900 2217 quibus
1937 2147 2020 2201 in-

440 2246 683 2292 structus
765 2251 824 2292 es
899 2253 1212 2293 sermonum
1285 2239 1785 2294 communitionem.
1839 2257 1858 2291 ι
1915 2238 2018 2306 Qui

440 2329 660 2383 fuerunt
687 2329 841 2384 multi
903 2331 979 2385 illi
1017 2332 1108 2401 qui
1145 2330 1512 2387 attentarunt?
1557 2330 2017 2400 Pseudoapostoli.

439 2418 592 2474 Multi
634 2420 778 2475 enim
834 2433 961 2476 tunc
993 2424 1435 2492 conscripserunt
1470 2423 1784 2491 Evangelia,
1809 2423 1882 2478 uti
1927 2432 2013 2480 est

441 2513 585 2580 quod
622 2521 814 2568 vocant
870 2513 1216 2585 Evangelium
1265 2516 1565 2571 secundum
1615 2515 1922 2588 Egyptios,
1966 2522 2022 2569 et

440 2601 584 2668 quod
627 2603 939 2660 inscribitur
984 2605 1331 2675 Evangelium
1381 2606 1679 2662 secundum
1712 2606 2016 2662 duodecim.

441 2693 600 2750 Tales
629 2697 813 2768 itaque
847 2707 1182 2754 attentarunt
1218 2699 1503 2764 duntaxat,
1555 2698 1650 2754 sed
1699 2713 1807 2753 non
1842 2695 2024 2767 perfe-

443 2787 815 2855 cerunt.Quia
850 2791 996 2845 enim
1038 2791 1242 2861 absque
1276 2792 1455 2846 divina
1502 2791 1674 2863 gratia
1716 2800 2020 2861 cmperunt,

2049 1503 2096 1560 Α

2708 1495 3112 1552 ΠΡΟΟΙΜΙΟΝ.

2200 1607 2218 1636 ε
2274 1589 2603 1660 Ἐπειδήπερ
2669 1586 2853 1642 πολλοὶ
2912 1586 3286 1658 ἐπεχείρησαν
3340 1586 3665 1653 ἀνατάξασθαι

2123 1681 2376 1752 διήγησιν
2405 1683 2532 1752 περὶ
2555 1680 2663 1734 τῶν
2712 1679 3297 1751 πεπληροφορημένων
3327 1679 3382 1731 ὲν
3407 1680 3528 1749 ἡμῖν
3551 1697 3665 1751 πρα-

2125 1775 2369 1844 γμάτων,
2423 1771 2606 1836 καθὼς
2641 1773 2943 1843 παρέδοσαν
2977 1773 3110 1842 ἡμῖν
3133 1772 3183 1824 οἱ
3211 1769 3308 1824 ἀπ’
3359 1769 3524 1841 ἀρχῆς
3563 1773 3666 1824 αὐτ·

2124 1867 2285 1921 όπται
2363 1864 2458 1919 καὶ
2509 1865 2780 1936 ὑπηρέται
2839 1863 3121 1934 γενόμενοι
3168 1863 3267 1916 τοῦ
3325 1863 3502 1932 λόγου,
3550 1864 3666 1928 εδοξε

2125 1957 2295 2029 κάμοὶ
2349 1955 2856 2029 παρηκολουθηκότι
2923 1955 3128 2010 ἄνωθεν
3188 1955 3358 2008 πᾶσιν
3441 1954 3665 2024 ἀκριϐῶς,

2127 2051 2361 2118 καθεξῆς
2389 2067 2472 2104 σοι
2503 2049 2734 2120 γράψαι,
2763 2049 3022 2119 κράτιστε
3051 2047 3282 2116 Θεόφιλε
3305 2063 3318 2076 ο
3359 2046 3442 2099 ἴνα
3471 2047 3666 2116 ἐπιγνῷς

2127 2144 2258 2216 περὶ
2308 2136 2383 2197 ὧν
2411 2141 2726 2212 κατηχήθης
2777 2140 2950 2209 λόγων
2979 2139 3080 2211 τὴν
3113 2138 3436 2207 ἀσφάλειαν.
3475 2157 3492 2188 ι
3544 2139 3668 2203 Τίνες

2130 2234 2271 2309 ἦσαν
2300 2238 2350 2290 oi
2387 2235 2572 2289 πολλοὶ
2595 2228 2741 2287 οὗτοι
2780 2234 2829 2287 οἱ
2879 2234 3376 2303 ἐπιχειρήσαντεςς
3439 2233 3497 2284 Οί
3535 2232 3666 2292 ψευδε

2127 2328 2416 2386 ἀπόστολοι
2439 2347 2452 2362 ο
2481 2327 2662 2381 πολλοὶ
2688 2327 2794 2396 γὰρ
2818 2325 3166 2394 συνέγραψαν
3191 2325 3495 2392 Εὐαγγέλια
3521 2323 3666 2391 δῆθεν,

2126 2418 2238 2476 οἷόν
2267 2425 2381 2476 ἐστι
2404 2420 2463 2474 τὸ
2488 2420 2608 2474 κατ’
2639 2418 2993 2488 Αἰγυπτίους,
3029 2417 3205 2471 καὶτὸ
3239 2416 3664 2488 ἐπιγραφόμενον,

2129 2514 2252 2569 Τῶν
2281 2513 2512 2568 δώδεκα.
2560 2513 2623 2566 Οἱ
2654 2511 2887 2564 τοιοῦτοι
2914 2507 3006 2565 οὖν
3028 2510 3402 2581 ἐπεχείρησαν
3437 2508 3596 2578 μόνον,
3619 2507 3665 2560 οὗ

2132 2609 2313 2678 μέντοι
2344 2605 2441 2658 καὶ
2472 2603 2793 2658 ἐτελείωσαν
2817 2621 2832 2635 ’
2867 2603 2991 2657 ἐπεὶ
3024 2603 3133 2675 γὰρ
3169 2602 3344 2673 χωρὶς
3385 2601 3524 2662 θείας
3543 2601 3667 2670 χάρις

2127 2716 2218 2763 τος
2247 2700 2501 2769 ἤρξαντο,
2547 2697 2632 2750 διὰ
2657 2697 2817 2750 τοῦτο
2839 2695 2959 2749 οὐδὲ
2990 2695 3338 2751 ὲτελείωσαν.
3381 2693 3558 2754 Καλῶς
3598 2692 3669 2745 οὖν

2130 2790 2283 2846 εἶπεν
2305 2793 2332 2844 6
2355 2792 2592 2854 Λουκᾶς,
2621 2791 2704 2843 ὅτι
2727 2790 2777 2842 οἱ
2805 2788 2988 2842 πολλοὶ
3020 2788 3387 2860 ἐπεχείρησαν
3406 2803 3420 2818 ο
3450 2786 3494 2839 oi
3523 2784 3667 2855 μέντοι

442 2890 728 2951 propterea
782 2899 956 2954 neque
1025 2886 1397 2941 absolverunt.
1458 2885 1601 2941 Bene
1672 2883 2025 2952 igiturdixit

2133 2885 2297 2954 ὀλίγοι
2319 2927 2334 2949 ,
2365 2882 2477 2938 οἷον
2507 2885 2534 2937 6
2561 2883 2862 2947 Ματθαῐος,
2917 2884 2944 2936 6
2976 2881 3226 2952 Μάρκος,
3267 2881 3368 2934 οὐκ
3419 2878 3668 2948 ἐπεχείρη-

445 2969 647 3036 Lucas,
696 2974 850 3028 multi
896 2977 1075 3030 conati
1109 2987 1236 3032 sunt
1270 2992 1284 3029 :
1319 2985 1374 3031 at
1414 2977 1592 3048 pauci,
1641 2986 1699 3032 ut
1737 2975 2024 3031 MattthS

2133 2995 2228 3032 σαν
2257 2979 2437 3048 μόνον,
2474 2977 2612 3032 ἀλλὰ
2647 2978 2742 3031 καὶ
2775 2976 3095 3030 ὲτελείωσαν
3117 2990 3132 3005 ⁸
3157 2974 3218 3028 τὸ
3247 2975 3358 3046 γὰρ
3388 2970 3668 3026 τελειοποιῦν

444 3071 499 3117 ct
538 3061 774 3128 Marcus,
803 3081 908 3120 non
945 3076 1153 3122 tantum
1187 3073 1612 3133 attentaverunt,
1638 3068 1732 3122 sed
1763 3078 1817 3122 et
1844 3066 2022 3137 perfe-

2129 3071 2346 3141 πνεῦμα
2386 3068 2550 3141 εἶχον.
2620 3066 3208 3139 Πεπληροφορημένων
3294 3065 3351 3119 δὲ
3409 3060 3521 3116 εἷπε
3560 3078 3671 3129 πρα-

445 3166 661 3211 cerunt.
706 3153 841 3210 Nam
904 3155 1167 3226 Spiritum
1229 3160 1406 3216 sortiti
1437 3167 1617 3224 erant,
1651 3159 1742 3229 qui
1787 3159 2023 3228 perfecta

2133 3182 2164 3233 γ
2175 3164 2380 3234 μάτων·
2414 3165 2474 3216 οὐ
2507 3161 2615 3231 γὰρ
2644 3160 2831 3224 ἁπλῶς
2855 3160 2995 3213 κατά
3019 3157 3180 3229 ψιλὴν
3205 3156 3499 3228 παράδοσίν
3515 3153 3668 3207 εἰσιτᾶ

445 3257 731 3312 operatur.
760 3246 867 3302 Res
896 3250 1076 3306 multis
1097 3251 1432 3322 argumentis
1455 3252 1836 3322 comprobatas
1865 3249 2022 3304 dixit.

447 3334 556 3391 Res
589 3337 738 3392 enim
772 3339 972 3401 Christi
1032 3357 1141 3397 non
1195 3343 1512 3412 simpliciter
1543 3353 1598 3398 et
1631 3342 1774 3398 nude
1814 3342 2028 3396 tradita:

448 3436 597 3492 sunt,
619 3429 712 3484 sed
756 3445 884 3485 vera
912 3441 966 3486 et
994 3433 1165 3487 solida
1202 3433 1393 3500 lide,et
1425 3433 1712 3490 multorum
1743 3449 2029 3505 argumen-

449 3530 627 3575 torum
681 3523 1027 3578 certitu-Jine.
1074 3524 1136 3578 Et
1187 3527 1478 3594 quomodo,
1508 3527 1615 3594 dic,
1649 3526 1814 3589 Luca,
1843 3525 2028 3580 multis

449 3616 785 3680 argumentis
853 3618 1213 3686 comprobatae
1269 3619 1434 3674 sunt?
1481 3618 1634 3674 Sicut
1683 3618 2029 3674 tradiderunt

451 3707 609 3760 nobis
641 3707 715 3774 hi,
739 3709 828 3778 qui
860 3708 934 3764 ab
956 3709 1113 3764 initio
1144 3711 1256 3765 suis
1303 3711 1480 3768 oculis
1517 3711 1789 3776 viderunt,
1823 3723 1877 3767 et
1924 3711 2028 3766 mi-

453 3800 615 3854 nistri
680 3799 900 3856 fuerunt
956 3803 1246 3858 sermonis.
1301 3802 1442 3858 Hinc
1522 3802 1870 3858 manifestum
1944 3811 2028 3857 est

450 3891 651 3946 Lucam
690 3893 758 3948 ab
791 3893 944 3949 initio
973 3910 1080 3950 non
1116 3895 1284 3952 fuisse
1330 3897 1680 3966 discipulum,
1708 3898 1800 3952 sed
1849 3904 2030 3966 poste-

449 3983 687 4041 rioribus
721 3987 1072 4056 temporibus.
1092 3988 1194 4042 Alii
1231 3989 1374 4045 enim
1413 3990 1480 4044 ab
1512 3989 1668 4043 initio
1699 3988 2026 4051 didicerant,

448 4081 510 4129 ut
537 4074 730 4131 Petrus
773 4087 825 4133 et
856 4078 951 4134 ﬁlii
997 4077 1267 4146 Zebedaei,
1308 4079 1401 4150 qui
1437 4089 1492 4135 et
1522 4081 1858 4135 tradiderunt
1903 4077 2029 4133 huic

451 4180 786 4236 quaecunque
816 4169 931 4238 ipse
960 4185 1067 4224 non
1103 4171 1334 4235 viderat,
1377 4185 1552 4239 neque
1601 4171 1716 4240 ipse
1759 4169 2024 4225 audierat.

451 4257 590 4322 Quid
621 4267 803 4314 autent
833 4271 912 4317 est
945 4262 1090 4330 quod
1119 4262 1272 4329 dicit,
1298 4278 1406 4334 quo
1436 4278 1696 4334 agnoscas
1735 4277 1942 4326 eorum,
1963 4261 2029 4315 de

451 4347 619 4418 27o
634 4350 830 4418 quibus
849 4352 1071 4408 edoctus
1094 4368 1150 4408 es
1173 4369 1484 4408 sermonum
1506 4353 2030 4410 communitionem?

451 4440 598 4494 Duos
636 4439 688 4493 in
727 4442 827 4496 hoc
857 4458 1049 4499 sensus
1079 4445 1270 4503 habeo.
1318 4445 1466 4503 Unus
1511 4448 1726 4518 quidem
1771 4455 1855 4503 est
1895 4446 2028 4502 hic:

449 4529 612 4585 Prius
661 4541 713 4586 te
758 4533 876 4589 sine
919 4536 1142 4606 scriptis
1189 4539 1478 4606 institui,o
1508 4539 1836 4608 Theophile,
1885 4553 2030 4591 nunc

364 4660 373 4682 ι
451 4623 714 4692 scriptum
751 4625 846 4681 tibi
879 4627 1036 4682 trado
1072 4629 1428 4701 Evangelium
1459 4641 1659 4701 :atque
1689 4631 1763 4685 ita
1795 4637 2028 4684 mentem

449 4725 602 4769 tuam
633 4718 924 4785 munio,ut
969 4735 1036 4776 ne
1089 4721 1444 4778 obliviscatur
1495 4737 1681 4779 eorum
1738 4737 1860 4793 qua;
1913 4721 2033 4776 sine

451 4808 671 4878 scriptis
706 4811 899 4868 tradita
929 4822 1073 4868 sunt.
1094 4813 1244 4868 Alter
1273 4830 1430 4871 vero:
1453 4814 1702 4870 Solemus
1730 4829 1824 4870 nos
1854 4813 2031 4868 homi-

451 4911 552 4953 nes
583 4914 726 4970 saepe
761 4904 978 4971 quando
1025 4905 1147 4974 quis
1178 4906 1334 4962 nobis
1369 4906 1488 4962 sine
1529 4907 1816 4975 scripturis
1860 4904 2035 4975 loqui-

452 4996 562 5052 tur,
582 4991 846 5062 suspicari
872 5009 944 5051 ne
965 4994 1108 5051 forte
1135 4997 1264 5065 quid
1295 4997 1562 5052 mendacii
1604 4997 1894 5052 admistum
1917 4997 1989 5053 sit
2015 5014 2029 5050 :

450 5082 672 5150 quando
723 5091 902 5140 autem
956 5087 1120 5142 etiam
1176 5089 1367 5143 scribit
1422 5103 1542 5158 qua:
1599 5089 1858 5160 loquitur,
1901 5099 2035 5144 tunc

451 5173 723 5227 credimus
749 5175 892 5243 quod
930 5192 1037 5232 non
1073 5179 1400 5246 scripsisset,
1441 5179 1545 5236 nisi
1580 5197 1706 5237 vera
1738 5197 1797 5237 se
1843 5183 2030 5238 dicere

449 5263 768 5320 conluderet.
809 5265 1019 5322 Idcirco
1060 5278 1114 5323 et
1156 5272 1490 5342 evangelista
1523 5273 1656 5329 dicit
1691 5291 1704 5328 :
1739 5273 2032 5344 Propterea

455 5355 651 5424 scripsi
693 5355 790 5410 tibi
827 5355 1198 5430 Evangelium,
1220 5373 1277 5418 ut
1305 5379 1369 5419 ea
1398 5365 1464 5420 de
1489 5365 1690 5434 quibus
1720 5365 1841 5421 sine
1888 5366 2031 5421 scri-

451 5446 559 5514 ptis
606 5449 851 5505 cruditus
899 5465 982 5514 es,
1028 5453 1082 5507 in
1135 5455 1324 5527 majori
1370 5459 1665 5514 securitate
1718 5473 2030 5522 conserves.

2127 3255 2221 3310 τ·,ὓ
2244 3253 2502 3327 Χριστοῦ,
2536 3251 2651 3306 ἀλλ’
2684 3255 2739 3305 ἐν
2774 3250 3004 3322 ἀληθείᾳ
3028 3250 3123 3303 καὶ
3164 3248 3348 3302 πίστει
3392 3246 3566 3318 βεϐαίᾳ
3596 3245 3669 3296 καὶ

2133 3349 2271 3418 μετά
2303 3348 2480 3414 πάσης
2513 3346 2906 3418 πληροφορίας.
2955 3343 3081 3406 Πῶς
3109 3343 3166 3396 δέ
3207 3343 3317 3395 είσι
3367 3340 3668 3408 πεπληροφο-

2133 3440 2348 3510 ρημένα
2399 3437 2591 3501 ταῦτα,
2645 3435 2791 3501 sint,
2841 3431 2886 3489 ὧ
2913 3435 3142 3499 Λουκᾶ;
3179 3431 3382 3496 Καθὼς
3414 3429 3671 3499 παρέδοσαν

2131 3529 2260 3600 ἡμῖν
2288 3530 2338 3581 οἱ
2363 3528 2458 3583 ἀπ’
2478 3528 2653 3597 ἀρχῆς
2675 3525 2940 3579 αὐτόπται
2975 3523 3070 3578 καὶ
3093 3523 3371 3593 ὑπηρέται
3394 3519 3482 3573 τοῦ
3511 3517 3669 3583 λόγον’

2133 3623 2197 3676 ὲκ
2220 3619 2408 3674 τούτου
2439 3620 2618 3690 δῆλον,
2661 3620 2742 3674 δτι
2793 3619 2892 3672 οὐκ
2942 3613 3010 3690 ἧν
3041 3618 3068 3670 ὁ
3123 3617 3345 3678 Λουκᾶς
3398 3611 3487 3667 ἀπ’
3530 3609 3673 3680 ἀρχῆς

2135 3711 2403 3784 μαθητὴς,
2439 3711 2553 3764 ἀλλ’
2581 3710 2707 3764 ὕστε
2718 3710 2968 3782 ρόχρονος
2991 3724 3004 3739 ο
3037 3705 3187 3762 ἄλλοι
3238 3703 3352 3774 γὰρ
3379 3699 3510 3774 ἦσαν
3527 3700 3569 3753 οἱ
3596 3695 3672 3751 ἀπ’

2132 3805 2308 3874 ἀρχῆς
2343 3802 2778 3874 μαθητευθέντες
2803 3819 2814 3833 ⁸
2851 3801 2900 3853 οἱ
2933 3801 3062 3869 περὶ
3089 3799 3305 3870 Πέτρον
3352 3797 3441 3850 καὶ
3462 3795 3574 3854 τοὺς
3600 3787 3672 3840 τοῦ

2132 3895 2418 3949 Ζεϐεδαίου
2439 3911 2452 3926 ⁸
2483 3893 2534 3947 οἳ
2560 3892 2655 3948 καὶ
2691 3891 2997 3962 παρέδοσαν
3021 3890 3170 3960 αὐτῷ
3199 3891 3302 3943 ὅσα
3328 3888 3426 3942 οὐκ
3445 3880 3570 3938 εἶδεν
3594 3881 3673 3934 αὖ·

2129 3983 2242 4052 τις,
2275 3987 2398 4041 οὔτε
2434 3987 2700 4057 αὐτήκοος
2728 3985 2964 4053 ἐγένετο.
3012 3983 3078 4035 Τί
3125 3981 3183 4035 δέ
3215 3983 3336 4035 ἐστι
3360 3979 3438 4046 τὸ,
3479 3977 3558 4030 ίνα
3581 3977 3673 4028 ἐπι·

2133 4081 2278 4151 γνῷς
2299 4082 2399 4151 τὴν
2440 4080 2740 4148 ἀσφάλειαν
2767 4080 2896 4149 περὶ
2943 4074 3019 4130 ὧν
3051 4075 3404 4146 κατηχήθης;
3447 4069 3586 4125 Διττὰ
3611 4067 3671 4128 είς

2131 4173 2289 4228 τοῦτο
2313 4173 2424 4245 ἔχω
2446 4175 2538 4245 νοή
2549 4189 2712 4244 ματα.
2745 4173 2841 4225 Ἓν
2863 4171 2982 4242 μὲν,
3014 4172 3095 4224 δτι
3123 4171 3391 4240 πρότερον
3424 4166 3515 4236 μὲν
3530 4158 3672 4230 ἀγρά-

2135 4283 2251 4336 φως
2282 4282 2340 4318 σε
2371 4265 2678 4336 κατήχησα,
2713 4257 2758 4317 ὦ
2788 4263 3012 4332 Θεόφιλε
3043 4278 3057 4293 ·
3088 4259 3183 4315 νῦν
3215 4259 3274 4314 δὲ
3318 4256 3587 4328 ἐγγράφως
3610 4265 3672 4301 σοι

2133 4359 2461 4430 παραδιδοὺς
2495 4358 2553 4411 τὸ
2588 4357 2941 4426 Εὐαγγέλιον,
2976 4354 3350 4424 ἀσφαλίζομαι
3381 4351 3467 4404 τὸν
3498 4347 3578 4400 σὺν
3597 4344 3670 4395 λο-

2134 4449 2354 4521 γισμδνν
2390 4451 2474 4504 ἵνα
2507 4451 2581 4521 μὴ
2616 4449 2940 4519 ὲπιλίίθητεειι
2977 4449 3084 4503 τῶν
3116 4448 3384 4516 ἀγράφως
3412 4435 3671 4511 παραδεδο-

2136 4543 2569 4614 μένων.’Έτερον
2591 4543 2649 4596 δὲ
2669 4543 2940 4595 τοιοῦτοντ·
2979 4543 3043 4595 Οἱ
3064 4541 3341 4611 ἄνθρωποι
3366 4536 3480 4599 ἔθος
3511 4534 3672 4600 ἔχομεν

2135 4635 2418 4698 πολλάκις,
2445 4634 2573 4687 ὅταν
2599 4651 2682 4695 τις
2715 4634 2980 4702 ἀγράφως
3011 4632 3145 4703 λέγῃ
3201 4634 3356 4702 ἡμῖν,
3387 4621 3672 4681 ὑποπτεύειν

2132 4725 2324 4780 τοῦτον
2351 4725 2426 4788 ὡς
2455 4724 2618 4796 τυχὸν
2673 4723 3002 4794 ψευδόμενον
3025 4740 3036 4753 °
3082 4725 3214 4778 ὅταν
3255 4722 3314 4775 δὲ
3349 4721 3441 4772 καὶ
3469 4707 3672 4786 γράψῃᾶ

2133 4818 2305 4887 λέγει,
2331 4817 2451 4870 τότε
2477 4817 2828 4886 πιστεύομεν,
2855 4815 2930 4878 ὡς
2951 4815 3047 4868 ὲάν
3081 4815 3155 4885 μὴ
3180 4813 3423 4884 ὲθὰῥρει,
3468 4808 3543 4860 ὅτι
3564 4801 3671 4867 ἁλη-

2135 4911 2200 4982 θῆ
2247 4910 2416 4978 λέγει,
2467 4909 2568 4962 οὐκ
2602 4909 2668 4963 ἂν
2731 4909 2962 4979 ἔγραφε.
3011 4908 3183 4962 Τοῦτο
3241 4906 3334 4960 οὖν
3367 4903 3457 4958 καὶ
3485 4901 3511 4953 6
3541 4897 3673 4960 εὐαγ-

2136 4997 2388 5069 γελιστής
2409 5014 2594 5068 φησιν,
2624 4998 2729 5062 δτι,
2756 4997 2858 5050 Διά
2883 4995 3042 5051 τοῦτό
3085 5015 3162 5050 σοι
3196 4995 3410 5066 ἔγραψα
3443 4991 3498 5044 τὸ
3529 4987 3673 5052 Εὗαῖ²

2136 5091 2337 5160 γέλιον,
2390 5091 2478 5144 ἵνα
2529 5090 2565 5145 ἃ.
2626 5091 2892 5160 ἀγράφως
2943 5089 3286 5162 κατηχήθης,
3337 5090 3394 5141 ὲν
3443 5077 3670 5162 ἀσφαλείᾳ

2137 5183 2341 5238 πλείονι
2396 5183 2655 5253 κατέχῃς.
2709 5183 3012 5247 Πιστεύσας
3057 5161 3147 5254 μοι
3212 5181 3412 5253 μᾶλλον
3463 5177 3566 5237 νῦν,
3608 5161 3669 5230 ὥς

2140 5275 2390 5330 τοσοῦτον
2413 5273 2703 5346 θαρροῦντι
2733 5275 2824 5327 ἐπὶ
2858 5277 2968 5338 τοῖς
3002 5274 3298 5343 ἀγράφοις,
3328 5271 3463 5325 ὥστε
3491 5265 3574 5319 καὶ
3594 5263 3665 5323 εγ·

2137 5369 2364 5439 γράφως
2387 5366 2556 5421 ταῦτα
2581 5367 2853 5420 ἐκθεῖναι·
2895 5367 2997 5439 δρα
3025 5366 3083 5420 δὲ
3105 5367 3200 5420 καὶ
3236 5365 3314 5427 τὸ,
3353 5354 3584 5424 ἐπιγνῷς.
3605 5346 3662 5401 0'5

2138 5462 2247 5529 γὰρ
2266 5455 2409 5524 εἷπε,
2427 5459 2593 5528 γνῷς,
2611 5457 2747 5524 ἀλλ’,
2787 5457 3047 5527 ἐπιγνῷς,
3071 5456 3434 5516 τουτέστιν,ὲκ
3449 5444 3660 5512 δευτέρου

454 5536 720 5606 majorem
754 5541 883 5596 mihi
918 5543 1076 5600 ﬁdem
1110 5561 1253 5602 nunc
1283 5547 1514 5614 habens,
1540 5548 1629 5618 qui
1664 5550 1801 5605 adeo
1833 5550 1901 5604 de
1945 5551 2025 5606 his

2142 5550 2359 5604 πλείονα
2384 5550 2586 5618 γνῶσιν
2602 5549 2771 5621 λάϐῃς
2797 5590 2812 5616 ,
2847 5550 2942 5604 καὶ
2965 5549 3167 5623 θάρρος
3200 5545 3293 5599 καλ⁴
3317 5541 3586 5612 ἀσφάλειαν
3603 5531 3662 5591 ὡς

450 5643 573 5698 quae
609 5645 714 5686 non
745 5633 946 5705 scripto
975 5637 1154 5704 docui,
1176 5639 1466 5707 confidam,
1507 5641 1754 5696 utetiam
1803 5643 2035 5713 scriptu-

2142 5644 2203 5696 οὐ
2233 5642 2526 5712 ψεύδομαι.

451 5726 530 5780 ris
584 5727 812 5796 prodere
857 5745 961 5786 non
1013 5731 1373 5789 formidarim.
1421 5735 1654 5791 Attende
1685 5737 1810 5792 item
1843 5739 1986 5808 quod
2025 5739 2176 5804 dicit,
2237 5751 2522 5804 agnoscas,
2561 5751 2690 5802 non,
2724 5737 2885 5804 scias,
2911 5735 3010 5791 hoc
3037 5742 3142 5802 est,
3193 5729 3422 5790 secundo
3446 5721 3658 5792 majorem

455 5816 686 5887 accipias
711 5819 994 5877 scientiam
1029 5832 1081 5878 et
1111 5823 1360 5880 fiduciam
1390 5839 1453 5879 ac
1483 5826 1831 5881 securitatem
1872 5827 2015 5897 quod
2055 5843 2158 5884 non
2194 5825 2445 5882 mentiar.
