3866 6448
846 388 1289 454 ENARRATIO
1330 389 1411 450 IN
1450 387 1693 452 EVANG

1800 388 1961 451 .JUM
1998 389 2234 452 LUCIE.
2282 415 2349 426 ·-·-
2374 388 2531 451 CAP.
2581 391 2625 450 Ι.
3256 378 3373 444 6θὲ

707 503 960 559 ΚΕΦΛΛ.
1002 503 1085 559 Α’.

2417 501 2639 558 CAPUT
2680 499 2719 554 Ι.

132 621 259 702 Περὶ
282 619 397 702 τῶν·
441 618 666 701 teretur
691 619 973 702 :derrog
1000 621 1108 702 τσῦ
1154 619 1549 702 ξαίττιστοῦι
1588 617 1685 701 καὶ

1800 616 2196 702 υελρανεψῗδυε
2227 614 2759 702 ΙυαηηὶεμΒαςιίείιε
2791 624 2852 697 ,ει
2900 616 3014 702 eius
3066 615 3369 698 nativitnle.‘

135 397 233 463 693

190 689 292 757 τῆς
313 690 500 744 αὑτοῦ
524 689 887 760 γεννήσεως.
920 691 1060 760 Περὶ
1092 691 1195 743 τοῦ
1218 690 1551 759 ἀσπασμοῦ
1581 689 1687 760 τοῦ

185 764 437 830 ἀγγέλου
471 761 623 831 πρὸς
648 763 904 829 Μαριάμ.
936 759 1072 831 Περὶ
1101 760 1206 815 τοῦ
1236 760 1564 831 ἀσπασμοῦ
1581 759 1689 829 τῆς

190 831 408 901 Μαρίας
436 830 591 899 πρὸς
615 831 730 901 τὴν
757 830 1087 885 Ἐλισάϐετ.

194 989 212 1022 ι
256 969 501 1037 Ἐγένετο
525 968 585 1022 ἐν
612 969 730 1031 ταῖς
751 967 987 1039 ἡμέραις
1025 966 1266 1039 Ἡρώδου
1298 967 1391 1023 τοῦ
1429 966 1690 1039 βασιλέως

129 1063 220 1133 τῆς
252 1061 534 1124 Ἰουδαίας,
570 1061 746 1130 ἱερεύς
779 1078 863 1125 τις
923 1061 1155 1132 ὀνόματι
1177 1054 1470 1133 Ζαχαρίας,
1506 1061 1566 1127 ἐξ
1588 1063 1689 1129 ἐφ-

129 1155 346 1227 ημερίας
388 1154 572 1218 ⁹Δ6ιᾶ,
605 1156 700 1208 καὶ
729 1156 762 1227 ή
787 1156 923 1223 γυνὴ
960 1154 1126 1210 αὐτοῦ
1152 1156 1216 1209 ἐκ
1239 1155 1351 1209 τῶν
1374 1155 1690 1226 θυγατέρων

139 1245 363 1318 Ἀαρώνο
397 1245 493 1301 καὶ
523 1247 586 1300 τὸ
606 1248 779 1318 ὄνομα
809 1247 979 1319 αὐτῆς
1013 1246 1311 1302 Ἑλισάδετ.
1340 1267 1360 1299 ι
1400 1248 1690 1317 Μέμνηται

130 1339 218 1409 τῆς
245 1337 516 1408 βασιλείας
550 1338 812 1409 Ἡρώδου,
829 1338 946 1409 ἃμα
969 1339 1089 1408 μὲν,
1110 1339 1254 1393 κατὰ
1275 1338 1366 1393 τὸν
1391 1338 1559 1393 τύπον
1582 1339 1691 1392 τῶν

135 1429 415 1502 προφητῶν
438 1431 632 1500 διηγοῦ
641 1448 839 1502 μενοςθ
862 1432 1056 1486 ἐκεῖνοι
1083 1431 1192 1502 γὰρ
1214 1430 1385 1493 οὕτως
1408 1431 1688 1503 ἄρχονται·

140 1523 220 1577 Ἐν
240 1525 357 1588 ταῖς
379 1523 621 1594 ἡμέραις
636 1524 869 1595 Ἰωάχαζ
882 1523 977 1577 καὶ⁵
993 1524 1255 1589 Ἐζεκίου,
1271 1524 1474 1577 καὶτοῦ
1498 1526 1691 1591 δεῖνος,

129 1616 323 1683 ἐγένετο
342 1617 467 1670 τάδε
492 1633 510 1650 ο
549 1616 668 1687 ἅμα
695 1618 751 1671 δέ
781 1617 906 1672 ἐπεὶ
936 1617 1068 1687 περὶ
1095 1617 1191 1671 τοῦ
1230 1615 1469 1688 Χριστοῦ
1508 1617 1691 1688 μέλλει

134 1712 308 1772 εἰπεῖν,
330 1708 419 1763 διὰ
447 1708 611 1763 τοῦτο
644 1712 918 1780 μέμνηται
950 1709 1042 1764 τοῦ
1085 1710 1346 1781 Ἡρώδου,
1407 1711 1493 1764 ἵνα
1544 1710 1691 1782 δείξῃ

133 1801 424 1871 ετιάληθῶς
435 1797 604 1871 ἦλθεν
621 1805 649 1855 6
675 1802 908 1874 Χριστὸς
938 1804 1031 1856 ἐπὶ
1048 1801 1285 1874 Ἡρώδου
1310 1843 1324 1857 .
1350 1797 1520 1867 Οὗτος
1540 1803 1691 1872 γὰρὸ

143 1891 392 1963 Ἡρώδης,
422 1893 761 1948 ἐκλιπόντων
787 1894 897 1949 τῶν
940 1894 1092 1966 παρὰ
1128 1895 1237 1948 τῶν
1282 1894 1550 1948 Ἰουδαίων
1587 1894 1689 1965 ἀρ·

132 1985 335 2052 χόντων,
364 1984 609 2052 ἐγένετο,
642 1984 722 2049 ὡς
754 1986 786 2056 ή
819 1985 912 2039 τοῦ
961 1985 1158 2040 Ἰακὼϐ
1190 1986 1497 2058 προφητεία
1519 1986 1688 2057 δηλοῖ.

138 2074 280 2129 Ὅθεν
299 2074 575 2129 δείκνυται
607 2078 637 2130 6
678 2075 913 2147 Χριστὸς
943 2076 1134 2132 ἐλθών.
1184 2079 1293 2131 Καὶ
1339 2077 1527 2148 ἕτερον
1555 2077 1612 2130 δέ
1638 2094 1692 2131 τι

133 2165 400 2235 κατορθοῖ·
451 2163 659 2235 ἀληθὲς
709 2164 951 2220 δείκνυσι
999 2166 1063 2220 τὸ
1106 2167 1437 2236 Εὐαγγέλιον
1465 2166 1554 2221 διὰ
1596 2166 1691 2220 τοῦ

135 2261 298 2329 λέγειν
321 2259 413 2312 τὸν
438 2258 665 2329 χρόνον.
705 2257 987 2324 Ἑξουσίαν
1010 2257 1118 2327 γὰρ
1146 2254 1333 2311 δίδωσι
1355 2261 1469 2323 τοῖς
1501 2258 1691 2329 βουλοο

142 2356 308 2424 μένοις
336 2354 621 2422 ἐξετάζειν
634 2351 771 2424 (96),
795 2352 890 2407 καὶ
917 2352 1026 2407 ἀπὸ
1053 2351 1142 2405 τοῦ
1164 2352 1361 2423 χρόνιυ
1395 2352 1690 2423 μανθάνειν

138 2447 225 2517 τὴν
241 2447 328 2501 τοῦ
348 2447 693 2515 Εὑαγγελίου
713 2440 996 2515 άλήθειαν’
1016 2447 1247 2519 ἄρχεται
1268 2449 1325 2503 δὲ
1346 2449 1457 2505 ἀπὸ
1472 2448 1567 2504 τοῦ
1585 2447 1693 2502 Ζα-

135 2532 301 2602 χαρίου
327 2534 417 2587 καὶ
464 2538 565 2607 τῆς
621 2535 717 2590 τοῦ
761 2536 1007 2592 Ἰωάννου
1058 2540 1387 2608 γεννήσεως,
1426 2537 1689 2601 εἰκότως’

139 2624 244 2676 ἐπεὶ
271 2624 375 2696 γὰρ
398 2629 528 2699 περὶ
555 2628 659 2697 τῆς
677 2628 772 2682 τοῦ
798 2629 1036 2699 Χριστοῦ
1071 2631 1374 2701 γεννήσεως
1406 2629 1590 2699 μέλλει
1615 2633 1693 2685 εί-

142 2717 244 2770 πεῖν
265 2756 279 2778 ,
311 2705 710 2789 Πρόδρομοξδέ
731 2719 824 2774 τοῦ
852 2720 1090 2793 Χριστοῦ
1110 2723 1138 2774 6
1172 2722 1445 2790 Ἰωάννης,
1470 2722 1694 2786 εἰκότως

142 2806 348 2880 πρὸτῆς
373 2811 467 2863 τοῦ
510 2812 753 2882 Χριστοῦ
808 2814 1115 2884 γεννήσεως
1145 2812 1245 2884 τὴν
1292 2812 1387 2867 τοῦ
1448 2813 1694 2868 Ἰωάννου

140 2900 398 2972 διηγεῖται.
427 2904 566 2958 Οὐδὲ
594 2905 786 2976 αὐτὴν,
820 2907 950 2961 ἄνευ
998 2906 1276 2976 θαύματος
1309 2904 1499 2962 οὖσαν.
1541 2907 1696 2961 Ἐπεὶ

143 2995 235 3065 γὰρ
260 2999 528 3069 Παρθένος
550 2999 746 3071 ἔμελλε
764 3001 964 3065 τεκεῖν,
992 2999 1448 3070 προῳκονόμησεν
1476 3003 1509 3071 ή
1534 3001 1694 3071 χάρις

146 3087 218 3139 ἵνα
241 3090 407 3160 γραῦς
434 3093 573 3164 τέκῃ
600 3093 661 3146 ού
706 3093 849 3147 κατὰ
876 3090 1042 3159 νόμον
1071 3090 1307 3161 φύσεως.
1355 3093 1405 3146 εἰ
1428 3094 1523 3146 καὶ
1558 3094 1696 3165 μετὰ

1857 685 1935 744 De
1967 690 2280 743 salutatione
2311 687 2484 755 angeli
2537 685 2607 740 ad
2659 685 2915 742 Mariam.
2947 687 3021 741 De
3066 688 3374 740 cisitatioue

1859 759 1911 815 Η
1920 759 2050 814 aria:
2077 760 2146 814 ad
2180 758 2471 816 Elimbellt.

1860 974 2028 1032 Vsus.
2067 976 2120 1031 5.
2166 994 2185 1029 ι
2223 976 2349 1032 Erat
2373 976 2426 1030 in
2468 975 2656 1032 diebus
2676 972 2907 1029 Herodis
2957 974 3098 1045 regis
3142 972 3362 1038 Judmu‘.

1789 1067 2044 1123 sacerdos
2071 1066 2295 1137 quidam
2325 1067 2543 1123 nomine
2587 1066 2904 1132 Zacharias,
2938 1066 3005 1119 de
3041 1066 3158 1121 vice
3205 1066 3361 1131 Ahia,

1792 1169 1849 1215 et
1892 1174 2029 1214 uxor
2085 1158 2231 1214 illius
2277 1159 2343 1213 de
2399 1158 2614 1213 tiliabus
2664 1164 2938 1224 Aaron,et
2991 1172 3188 1212 nomen
3247 1156 3364 1225 ejus

1790 1249 2090 1306 Elisabeth.
2131 1268 2150 1303 ι
2182 1249 2504 1306 Meutiouem
2550 1249 2677 1306 facit
2707 1249 2855 1320 regni
2888 1247 3138 1313 Herodis,
3165 1257 3276 1301 tum
3308 1256 3369 1300 ut

1796 1344 2071 1398 narrando
2104 1341 2489 1412 prophetarum
2525 1340 2754 1395 formant
2789 1348 2990 1405 servet;
3018 1338 3089 1393 illi
3120 1337 3264 1391 enim
3288 1337 3369 1391 sic

1793 1434 2061 1503 incipiunt
2094 1431 2192 1488 ειη
2226 1432 2418 1488 diebus
2465 1430 2701 1487 Joachaz
2746 1440 2798 1487 et
2854 1430 3119 1495 Ezechiae,
3141 1441 3196 1483 et
3226 1429 3372 1485 illius

1792 1523 2277 1594 cujuspiarn,facta
2313 1531 2441 1580 sunt
2489 1525 2603 1578 haec
2633 1540 2648 1579 :
2681 1532 2794 1579 tum
2846 1524 2971 1593 quia
3024 1523 3092 1578 de
3142 1522 3376 1578 Christo

1793 1617 2037 1672 dicturus
2096 1625 2201 1678 est,
2250 1614 2369 1670 ideo
2418 1614 2665 1670 meminit
2712 1613 2960 1681 Herodis,
3009 1624 3069 1668 ut
3118 1613 3401 1669 ostendat-

1793 1710 1937 1777 quod
1971 1708 2072 1764 sub
2108 1706 2324 1763 Herode
2375 1720 2503 1762 vere
2537 1708 2745 1763 venerit
2778 1706 3049 1764 Christus.
3078 1705 3180 1762 Hic
3224 1709 3368 1761 enim
3398 1739 3403 1744 -

1797 1797 2034 1855 Herodes
2065 1799 2166 1853 fuit
2193 1796 2316 1854 eum
2352 1798 2677 1854 defecissent
2728 1798 2869 1867 apud
2919 1796 3134 1852 Judmes
3167 1796 3370 1867 princi-

1794 1903 1912 1959 pes,
1963 1890 2119 1956 juxta
2181 1889 2520 1960 prophetiam
2576 1887 2767 1945 Iacob.
2811 1887 2967 1943 Unde
3031 1895 3371 1941 monstratur

1794 1983 1936 2051 quod
1968 1982 2223 2038 Christus
2268 1983 2500 2037 venerit.
2538 1980 2645 2038 Sed
2673 1990 2728 2036 et
2763 1980 2820 2035 in
2871 1979 2973 2036 hoc
3022 1989 3168 2035 recte
3213 1977 3367 2041 facit,

1794 2074 1936 2145 quod
1961 2074 2299 2131 ostendendo
2328 2083 2563 2145 tempus,
2586 2074 2795 2130 certius
2828 2071 3067 2129 ostendit
3118 2073 3369 2142 Evange-

1794 2166 1945 2221 lium.
1991 2168 2211 2235 Copiam
2259 2168 2405 2222 enim
2467 2166 2763 2239 qumremli,
2806 2165 2855 2222 si
2903 2166 3001 2236 qui
3062 2168 3261 2228 volent,
3315 2173 3374 2220 ct

1794 2258 2036 2315 discendi
2070 2259 2343 2332 Evangelii
2374 2262 2653 2317 veritatem
2688 2275 2716 2314 a
2744 2270 2985 2331 tempore
3014 2258 3163 2316 facit.
3190 2257 3251 2312 Et
3282 2258 3367 2314 in-

1795 2352 1927 2421 cipit
1955 2366 1985 2405 a
2022 2350 2284 2406 Zacharia
2314 2360 2370 2406 et
2398 2352 2681 2406 nativitate
2713 2350 2984 2405 Joannis:
3017 2350 3177 2419 idque
3208 2348 3374 2404 mori-

1797 2448 1873 2496 to.
1913 2440 2141 2508 Quando
2174 2441 2394 2511 quidem
2428 2441 2570 2496 enim
2600 2440 2670 2496 de
2709 2440 2916 2496 Christi
2945 2441 3240 2496 nativitate
3280 2440 3369 2495 di-

1795 2539 1986 2586 cturus
2006 2540 2143 2597 erat,
2160 2532 2362 2588 Christi
2385 2540 2560 2587 autem
2584 2544 2888 2600 prmeursor
2909 2540 3059 2587 esset
3079 2529 3320 2588 Joannes
3348 2548 3367 2587 :
3404 2590 3407 2591 ν

1795 2636 2159 2680 consentauee
2192 2634 2316 2681 ante
2351 2623 2552 2679 Christi
2584 2623 2947 2690 nativitatem,
2982 2622 3208 2679 Joannis
3244 2640 3372 2679 uar-

1797 2726 1884 2771 rat
1914 2716 2274 2780 nativitatem,
2298 2730 2527 2786 eamque
2562 2730 2668 2770 non
2694 2715 2814 2770 sine
2838 2714 3119 2769 miraculo.
3149 2713 3216 2768 Et
3242 2715 3370 2781 quia

1796 2808 1950 2877 virgo
1996 2808 2242 2879 paritura
2291 2816 2428 2874 erat,
2467 2806 2849 2877 praeordinavit
2891 2805 3031 2862 Deus
3082 2817 3141 2862 ut
3195 2806 3373 2862 vetula

1798 2910 2030 2970 pareret,
2059 2915 2163 2954 non
2216 2898 2508 2955 secundum
2559 2898 2727 2969 legem
2779 2906 3009 2961 naturae,
3043 2895 3261 2952 tametsi
3305 2910 3376 2951 ex

1799 2995 1937 3050 viro.
1983 2991 2124 3060 Quid
2178 3003 2357 3047 autem
2414 2999 2515 3054 est,
2554 3004 2621 3047 ex
2677 2992 2794 3046 vice
2846 2990 3021 3045 Attia?
3064 2988 3376 3059 lntelligunt

1800 3082 2017 3152 quidam
2050 3082 2150 3146 sic,
2179 3080 2322 3151 quod
2351 3080 2456 3134 duo
2486 3079 2686 3136 iuerint
2718 3079 3047 3146 sacerdotes,
3068 3076 3374 3133 successio-

150 3179 333 3250 ἀνδρὸς.
368 3185 433 3238 Τί
462 3186 520 3239 δέ
561 3187 679 3239 ἐστι
724 3184 806 3250 τὸ,
854 3183 913 3251 ἐξ
943 3184 1251 3255 ἐφημερίας
1302 3183 1486 3252 ’Δδιᾶς
1540 3184 1693 3249 Τινὲς

1801 3189 1870 3230 ne
1919 3173 2276 3228 ministerium
2329 3172 2692 3241 perﬁcientes,
2742 3186 2972 3242 quorum
3022 3184 3167 3227 unus
3209 3169 3371 3235 Ahia,

149 3270 231 3336 μὲν
258 3270 393 3328 οὕτω
443 3276 682 3340 νοοῦσιν,
713 3275 796 3329 ὅτι
825 3275 922 3330 δύο
948 3271 1090 3346 ἦσαν
1118 3277 1305 3346 ἱερεῖς,
1343 3278 1408 3330 ἐκ
1444 3275 1693 3347 διαδοχῆς

144 3360 227 3430 τήν
250 3362 586 3438 λειτουργίαν
611 3366 891 3432 τελοῦντες
910 3384 925 3399 ·
955 3369 984 3423 6
1010 3368 1155 3423 οὕτω
1181 3368 1470 3438 λεγόμενος
1517 3369 1692 3437 Ἀὁιᾶ,

147 3456 224 3505 καὶ
252 3457 278 3509 6
303 3459 600 3531 Ζαχαρίας.
630 3461 784 3514 Ἐπεὶ
812 3455 906 3514 οῦν
927 3460 1239 3531 ίεράτευσεν
1259 3461 1320 3515 ἐν
1348 3462 1414 3532 τῇ
1448 3461 1696 3533 λειτουρ-

147 3544 225 3615 γίᾳ
247 3548 273 3600 6
312 3550 478 3617 Ἀδιᾶ,
508 3551 655 3622 μετὰ
681 3552 782 3624 τὴν
810 3553 1020 3607 ἐκείνου
1052 3554 1363 3626 ἐφημερίσιν
1418 3555 1698 3629 ἐλειτούρ-

147 3641 258 3703 γειὸ
288 3641 598 3714 Ζαχαρίας’
628 3645 778 3698 δοκεῖ
824 3645 882 3700 δὲ
929 3647 1029 3716 οὐχ
1052 3645 1223 3712 οὕτως
1266 3645 1435 3717 ἔχειν.
1477 3647 1536 3702 '0
1587 3650 1697 3720 γὰρ

148 3729 387 3802 Σολομὼν,
413 3737 504 3790 τὸν
560 3738 688 3791 ναδν
715 3738 962 3803 τελέσας,
1020 3739 1325 3811 κατέστησε
1355 3740 1452 3794 καὶ
1480 3743 1695 3812 ἐφημε-

150 3820 269 3886 ρίας,
312 3824 340 3877 ὃ
381 3825 528 3881 ἐστιν
572 3828 900 3898 ἑϐδομάδας·
938 3831 1031 3884 καὶ
1054 3832 1113 3884 ἐν
1147 3830 1249 3901 μέν
1279 3831 1409 3903 τῇδε
1436 3832 1599 3902 τυχὸν
1628 3836 1694 3904 τῇ

146 3910 369 3983 ἓσδομάδι
410 3920 717 3993 κατέστησε
765 3926 889 3987 τοὺς
937 3925 1086 3988 υἱοὺς
1129 3924 1296 3995 Κορὲ,
1361 3925 1420 3977 ἐν
1465 3925 1524 3978 δὲ
1543 3925 1693 3996 τῇδε»

146 4002 223 4055 ’ἐὸν
249 4006 431 4080 Ἀσάφ,
460 4015 522 4067 ἐν
555 4015 610 4069 δὲ
648 4015 799 4087 τῇδε,
825 4015 919 4070 τὸν
964 4016 1140 4081 Ἀϐιᾶ,
1173 4017 1232 4069 ἐν
1262 4015 1320 4070 δὲ
1354 4016 1542 4088 ἑτέρᾳ,
1573 4016 1699 4071 ἓτε-

152 4108 244 4181 ρον.
270 4099 436 4175 Ὅπερ
462 4106 563 4160 οὖν
593 4106 740 4176 λέγει
782 4092 963 4181 ὅτιθῆν
995 4109 1273 4179 Ζαχαρίας
1299 4109 1359 4176 ἐξ
1386 4109 1698 4181 ἐφημερίας

160 4178 311 4250 Ἀδιᾶ,
332 4189 471 4245 οῦτω
492 4193 583 4247 δεῖ
633 4199 795 4263 νοεῖν,
830 4178 929 4251 ὅτι*
962 4178 1197 4267 ἁπδτῆς
1222 4198 1316 4252 τοῦ
1359 4178 1518 4253 Ἀϐιά
1543 4178 1698 4253 €660-

152 4272 296 4341 μάδος
338 4277 423 4353 ἦν.
456 4288 573 4357 Οὐχ
601 4289 683 4342 ὃτι
733 4289 869 4359 μετὰ
911 4290 1011 4362 τὴν
1065 4291 1162 4344 τοῦ
1226 4291 1385 4346 Ἀσιᾶ
1426 4291 1697 4363 ἑϐδομάδα

151 4369 547 4443 παρελάμϐανεν
598 4380 761 4444 αὐτὸς
794 4380 894 4453 τὴν
923 4382 1300 4454 λειτουργίαν·
1343 4380 1465 4437 εἷπε
1494 4382 1607 4455 γὰρ
1629 4382 1696 4438 ἂν

149 4455 218 4511 ὅτι
251 4466 375 4531 μετὰ
395 4469 491 4541 τὴν
517 4473 828 4545 ἐφημερίαν
873 4474 1028 4529 Ἀσιᾶ
1046 4490 1060 4504 ⁸
1096 4475 1192 4530 νῦν
1211 4475 1267 4529 δέ
1294 4474 1353 4542 ἐξ
1383 4475 1695 4546 ἐφημερίας

1802 3267 1937 3323 alter
1964 3275 2145 3320 autem
2174 3264 2487 3320 Zacharias.
2512 3264 2649 3331 Quia
2686 3262 2847 3333 igitur
2897 3261 3201 3318 sacerdotio
3247 3260 3372 3316 fun-

1800 3368 1922 3414 ctus
1949 3365 2068 3413 erat
2095 3357 2256 3421 Ahia,
2279 3367 2401 3427 post
2432 3355 2576 3411 illius
2627 3354 2990 3411 ministerium
3045 3352 3378 3409 ministravit

1797 3453 1959 3507 etiam
1986 3450 2298 3506 Zacharias.
2324 3447 2547 3504 Videtur
2576 3448 2734 3519 271
2770 3457 2950 3504 autem
2989 3462 3092 3503 non
3116 3446 3197 3502 sic
3222 3460 3371 3501 esse.

1801 3544 2054 3601 Salomon
2095 3545 2238 3599 enim
2280 3556 2402 3597 cum
2444 3541 2761 3612 perfecisset
2789 3539 3070 3609 templum,
3092 3539 3379 3594 constituit

1800 3645 1854 3692 et
1882 3635 2173 3699 vices,hoe
2205 3645 2290 3689 est
2322 3631 2687 3688 hebdomadas
2718 3648 2732 3686 :
2763 3640 2817 3686 et
2846 3629 2901 3685 in
2952 3643 3058 3683 una
3082 3628 3366 3684 constituit

1801 3728 1942 3782 ﬁlios
1962 3726 2159 3789 Chore,
2179 3727 2231 3780 in
2251 3725 2354 3779 alia
2378 3724 2585 3793 Asaph,
2605 3722 2660 3778 in
2684 3722 2789 3779 alia
2810 3721 3029 3788 Abie,in
3060 3720 3161 3775 alia
3183 3719 3372 3774 alium.

1799 3820 1969 3890 Igitur
1999 3819 2142 3887 quod
2181 3817 2311 3873 dicit
2358 3816 2527 3872 fuisse
2558 3817 2625 3872 de
2668 3815 2789 3871 vice
2841 3814 3000 3881 Abia,
3037 3814 3117 3869 sic
3165 3819 3378 3882 oportet

1798 3910 2123 3981 intelligere,
2170 3910 2312 3981 quod
2361 3909 2428 3965 de
2472 3907 2804 3963 hebdomade
2855 3905 2988 3960 Abia
3024 3903 3208 3959 fuerit.
3256 3900 3375 3958 Non

1796 4003 1942 4075 quod
1966 4011 2085 4074 post
2110 4000 2502 4057 hebdomadam
2522 3996 2900 4053 Abia‘iunetus
2923 3996 2995 4051 sit
3017 3994 3363 4050 ministerio:

1797 4095 2029 4153 dixisset
2055 4095 2224 4159 enim,
2245 4101 2367 4163 post
2393 4089 2784 4147 hebdomadam
2813 4087 2948 4144 Ahia
2976 4105 2988 4141 :
3015 4101 3159 4142 nunc
3190 4095 3371 4141 autem

1796 4204 1920 4245 cum
1968 4187 2122 4253 dixit,
2141 4187 2207 4241 de
2254 4187 2374 4240 vice
2414 4184 2572 4251 Abia,
2599 4181 2840 4238 ostendit
2891 4178 3037 4250 quod
3083 4193 3150 4233 ex
3184 4178 3375 4234 ordine

1798 4292 1854 4338 et
1881 4280 2222 4338 hebdomade
2259 4276 2411 4333 Abia:
2450 4275 2635 4331 fuerit.
2663 4272 2960 4330 Ostendere
2989 4279 3166 4327 autem
3189 4270 3377 4325 volens

1798 4376 1942 4445 quod
1982 4390 2050 4430 ex
2080 4383 2311 4441 utroque
2346 4381 2568 4441 parente
2596 4366 2838 4439 legitime
2884 4364 3051 4419 fuerit
3082 4377 3150 4419 ex
3183 4375 3373 4419 sacer-

1799 4469 1964 4526 dotali
1991 4482 2187 4539 genere
2212 4465 2468 4524 Joannes.
2496 4461 2647 4528 dicit,
2673 4461 2737 4515 Et
2760 4474 2897 4514 uxor
2916 4455 3039 4526 ejus
3065 4456 3134 4511 de
3160 4455 3374 4510 ﬁliabus

163 4546 297 4606 'Aﬁtd
340 4560 531 4628 εἰπὼν,
590 4541 921 4634 σταρίστησιν
968 4566 1050 4619 ὅτι
1106 4568 1171 4620 ἐκ
1219 4541 1691 4637 τῆςτάξεωςτοῦ

1800 4565 2000 4619 Aaron.
2024 4560 2140 4615 Non
2171 4558 2319 4614 enim
2352 4556 2547 4612 licebat
2574 4567 2639 4609 ex
2676 4552 2782 4607 alia
2823 4551 2964 4607 tribu
3001 4562 3227 4604 uxorem
3271 4545 3375 4600 du-

162 4638 298 4699 ’Ᾱσιᾶ
323 4653 412 4706 καὶ
458 4655 564 4724 τῆς
595 4655 889 4727 ἑϐδομάδος
927 4653 1031 4729 ἦν’
1071 4658 1242 4725 δεῖξαι
1291 4657 1348 4713 δέ
1390 4658 1562 4713 θέλων
1608 4658 1692 4712 ὃτι

152 4732 459 4811 ἑκατέρωθεν
483 4747 734 4817 νομίμως
753 4744 823 4819 ἦν
848 4749 1125 4819 ίερατίκοῦ
1143 4750 1333 4818 γένους
1356 4752 1384 4804 6
1418 4750 1693 4820 Ἰωάννης,

1800 4670 1947 4721 cere,
1981 4652 2076 4709 sed
2124 4667 2191 4707 ex
2229 4653 2439 4706 eadem.
2464 4647 2741 4702 Elisaheth
2794 4645 3239 4713 interpretamur,
3273 4639 3373 4693 Dei

1801 4749 2025 4819 quietem
2055 4760 2074 4798 :
2101 4740 2392 4798 Zacharias
2419 4747 2622 4803 autem,
2650 4738 2965 4792 memoriam
2996 4733 3228 4789 Domini.

154 4831 285 4895 φησι,
311 4833 415 4892 Καὶ
445 4840 479 4912 ἡ
504 4841 644 4911 γυνὴ
678 4842 844 4897 αὐτοῦ
886 4845 950 4897 ἐκ
980 4844 1090 4897 τῶν
1116 4843 1433 4913 θυγατέρων
1471 4841 1710 4915 Ἀαρών·
1749 4841 1811 4896 ού
1854 4839 1964 4910 γὰρ
1995 4838 2123 4908 ἐξῆν
2170 4835 2267 4891 ἀπ’
2338 4831 2505 4903 ἄλλης
2539 4830 2713 4901 φυλῆς
2770 4826 3075 4896 ἀγαγέσθαι
3119 4826 3372 4896 γυναῖκα.

155 4918 250 4980 ἀλλ’
279 4927 379 4983 ἀπὸ
405 4934 503 5006 τῆς
530 4935 722 5005 αὐτῆς
759 4935 1042 4991 Ἐλισάδετ
1064 4938 1120 4992 δέ
1148 4936 1533 5009 ἑρμηνεύεται,
1560 4937 1708 4993 Θεοῦ
1724 4936 2068 4998 ἀνάπαυσις
2090 4947 2105 4961 '
2139 4927 2416 5001 Ζαχαρίας
2441 4926 2520 4992 δὲ,
2541 4922 2761 4996 μνήμη
2779 4922 3025 4992 κυρίουο

218 5035 236 5069 t
262 5012 433 5081 Ἦσαν
453 5028 513 5084 δέ
541 5030 740 5085 δίκαιοι
759 5031 1062 5103 ἀμφότεροι
1082 5031 1315 5086 ἐνώπιον
1342 5033 1437 5086 τοῦ
1467 5030 1626 5085 Θεοῦ.
1668 5049 1687 5084 ι

157 5107 392 5182 Πολλάκις
411 5121 553 5186 τινές
603 5124 711 5177 είσι
758 5123 979 5191 δίκαιοι,
1037 5123 1152 5179 ἀλλ’
1179 5123 1279 5177 ούκ
1334 5122 1568 5178 ἐνώπιον
1595 5121 1689 5176 τοῦ

157 5198 292 5269 θεοῦ,
335 5209 466 5268 ἀλλὰ
500 5214 643 5267 κατά
678 5212 741 5267 τὸ
773 5215 1118 5285 φαινόμενον,
1168 5214 1265 5268 καὶ
1311 5213 1542 5268 ἐνώπιον
1582 5212 1693 5266 τῶν

159 5289 465 5363 ἀνθρώπων·
502 5307 704 5361 ἐκεῖνοι
745 5305 801 5360 δέ
833 5323 898 5376 γε
951 5307 1181 5361 ἐνώπιον
1227 5305 1321 5360 τοῦ
1371 5305 1506 5359 Θεοῦ
1549 5301 1693 5376 ἦσαν

159 5388 378 5453 τοιοῦτοι.
411 5419 430 5452 ι
463 5403 828 5474 Πορευόμενοι
869 5404 928 5459 ἐν
953 5403 1155 5468 πάσαις
1188 5405 1308 5466 ταῖς
1334 5400 1573 5463 ἐντολαῖς
1597 5400 1692 5454 καὶ

158 5477 453 5556 ἰικαιώμασι
466 5494 562 5549 τοῦ
574 5496 796 5568 Κυρίου,
818 5496 1119 5567 ἄμεμπτοι.
1132 5514 1152 5548 ι
1180 5494 1424 5549 Ἐντολαὶ
1439 5494 1559 5564 μὲν,
1578 5489 1690 5547 οἷον

159 5568 229 5633 τδ»
256 5576 321 5629 Οὐ
355 5586 673 5655 μοιχεύσεις,
698 5588 774 5641 οὐ
809 5586 1029 5658 κλέψεις
1050 5604 1065 5621 ο
1094 5586 1442 5654 δικαιώματα
1470 5584 1551 5649 δὲ,
1578 5578 1690 5639 οἷον

160 5662 230 5727 τδ,
268 5667 322 5721 Ὀ
346 5678 654 5746 κακολογῶν
684 5681 892 5750 πατέρα
919 5679 953 5750 ἢ
991 5679 1225 5750 μητέρα,
1258 5676 1477 5748 θανάτῳ
1500 5676 1691 5731 τελευ-
1735 5697 1739 5701 ’

163 5753 318 5812 τάτω⁶
345 5766 542 5826 δίκαιον
586 5772 696 5843 γὰρ
731 5769 910 5826 τοῦτο.
942 5771 1180 5825 Γίνωσκε
1212 5769 1292 5836 δέ,
1347 5770 1428 5825 ὅτι
1466 5767 1689 5824 δύναται

163 5847 307 5923 κσὶή
351 5861 526 5936 ἐντολὴ
581 5865 857 5936 δικαίωμα
905 5860 1307 5934 ὀνομάζεπθαι.
1350 5860 1428 5925 ὡς
1480 5859 1689 5916 δίκαιον

1868 5029 2037 5086 Vens.
2065 5026 2118 5082 6.
2155 5042 2175 5077 ι
2211 5023 2384 5078 Erant
2408 5028 2589 5077 autem
2620 5018 2778 5074 ambo
2794 5015 2930 5087 justi
2960 5029 3146 5071 coram
3172 5013 3301 5071 Deo.
3350 5033 3369 5068 ο

1799 5121 2031 5190 Quidam
2053 5116 2184 5186 justi
2214 5128 2359 5184 saepe
2379 5120 2530 5175 sunt,
2560 5118 2618 5164 at
2656 5124 2763 5164 nou
2789 5120 2973 5163 coram
3003 5105 3136 5170 Deo,
3188 5107 3282 5160 sed
3321 5105 3373 5159 in

1799 5210 2035 5281 speciem
2082 5214 2317 5272 tantum,
2358 5210 2419 5259 et
2455 5215 2641 5257 coram
2689 5197 3036 5253 hominibus:
3071 5195 3149 5250 illi
3188 5204 3372 5251 autem

1797 5305 1964 5361 etiam
1993 5316 2176 5358 coram
2202 5299 2313 5353 Deo
2334 5298 2469 5369 justi
2501 5302 2680 5351 erant.
2703 5311 2723 5345 ι
2760 5289 3115 5346 Ambulantes
3167 5289 3221 5345 in
3251 5303 3371 5344 om-

1797 5394 1961 5451 nibus
1989 5392 2274 5464 pratcepti's
2296 5397 2348 5444 et
2370 5382 2850 5458 justiﬁeationibus
2890 5378 3103 5437 Domini
3128 5380 3371 5450 irrepre-

1801 5485 2119 5541 hensibiles.
2150 5501 2170 5534 ι
2199 5481 2447 5537 Mandata
2487 5476 2707 5548 quidem
2748 5483 2897 5542 sunt,
2929 5482 2990 5530 ut
3027 5487 3099 5530 ne
3128 5473 3368 5535 occidas.

1798 5593 1867 5634 ne
1900 5576 2223 5632 adulterium
2246 5570 2590 5629 committas:
2616 5567 3031 5640 iustiﬁcationes
3060 5574 3271 5631 autem,
3312 5570 3373 5621 ut

1795 5671 1888 5741 qui
1936 5666 2279 5724 maledixerit
2317 5663 2482 5736 patri,
2512 5662 2601 5720 vel
2643 5656 2829 5728 matri,
2857 5671 3033 5718 morte
3073 5659 3359 5741 moriatur.

1795 5734 2008 5818 iustum
2040 5760 2185 5816 enim
2219 5734 2343 5815 hoc.
2378 5755 2531 5813 Scito
2577 5764 2760 5811 autem
2799 5754 2942 5824 quod
2966 5759 3023 5809 et
3051 5734 3366 5806 matfdatum

1792 5852 2111 5926 iustiﬁcatio
2147 5850 2416 5908 nominari
2453 5855 2656 5921 potest,
2700 5848 2888 5918 utpote
2909 5844 3116 5917 justum
3165 5840 3398 5900 lactens.

1111 5968 1200 6030 Ex
1237 5965 1578 6031 collatione
1614 5962 1800 6028 codd.
1832 5962 2036 6026 νομοὶ
2069 5959 2133 6023 S.
2164 5954 2380 6022 Marci.

230 6055 325 6131 (95)
354 6064 489 6130 (ῘυιΙ.
526 6074 615 6143 5‘2,
652 6075 924 6145 ἐξετάζειν
959 6074 1201 6140 εἰκότως.
