3866 6448
170 370 265 435 ΕΠ

891 364 1340 428 ΕΝΑΒΒΑΤᾸΟ
1377 366 1460 428 ΙΝ
1500 363 1727 429 ΕνΑΝ(

1832 364 2003 426 .IUM
2063 368 2300 431 [ΗΒΕ.
2342 398 2412 408 -
2444 373 2605 435 CAP.
2639 373 2687 434 Ι.

3319 370 3426 437 693

177 479 323 535 τοῦτο
353 477 476 547 ἔσχε
499 474 791 549 γνώρισμα
818 476 926 530 τῶν
947 493 1007 531 τε
1032 477 1142 531 ἀπὸ
1172 480 1268 532 τοῦ
1291 477 1425 533 Θεοῦ
1443 474 1727 532 όπτασιῶνη

1849 476 1957 533 hoc
2010 478 2213 537 indicio
2259 479 2646 539 discernuntur
2690 480 2931 538 visiones
2967 494 3088 552 quae
3125 494 3155 535 a
3195 480 3323 549 Deo,
3355 493 3413 539 et

177 567 391 624 καὶτῶν
435 565 803 637 δαιμονικῶν·
835 568 883 620 εί
921 567 1021 639 μὲν
1069 566 1179 640 γὰρ
1209 567 1318 622 ἀπὸ
1364 568 1616 640 ταραχῆς
1643 566 1741 641 ἄρ-

175 666 311 732 ξεται
340 663 366 715 6
384 661 667 733 λογισμὸς,
696 660 791 716 καὶ
814 660 1123 716 τελευταῖον
1151 662 1427 732 καταστῇ,
1460 658 1741 730 συντόμως

172 755 418 825 λυομένου
471 751 569 810 τοῦ
597 754 785 824 φόϐου,
841 753 1010 817 ὅντως
1044 753 1165 808 θεία
1213 754 1248 823 ἡ
1280 752 1538 808 όπτασία.
1591 752 1654 806 El
1681 752 1740 806 δὲ

171 848 486 903 ἐπιτείνεται
521 846 725 919 μᾶλλον
751 849 778 900 ό
808 846 973 914 φόϐος
999 846 1092 899 καὶ
1121 845 1156 916 ἡ
1183 844 1418 915 ταραχὴ,
1439 845 1474 916 ἠ
1503 842 1739 899 όπτασία

171 941 544 1013 δαιμονιώδης.
601 941 758 1004 Τίνος
790 939 846 993 δὲ
892 938 1077 992 ἕνεκέν
1127 954 1291 1008 φησιν
1319 934 1602 1005 όᾶγγελος
1651 936 1738 990 ὅτι

175 1055 191 1087 ι
214 1031 549 1105 Είσηκούσθη
585 1034 616 1102 ἡ
642 1032 827 1103 δέησίς
856 1048 971 1093 σου,
997 1035 1090 1085 καὶ
1114 1032 1148 1101 ή
1174 1030 1313 1098 γυνὴ
1348 1046 1439 1082 σου
1456 1028 1737 1083 Ἐλισάὁετ

166 1126 403 1196 γεννήσει
436 1141 519 1178 σοι
562 1144 581 1176 ι
618 1143 632 1192 ;
693 1125 785 1194 Μὴ
816 1124 925 1193 γὰρ
957 1125 987 1178 6
1039 1121 1316 1194 Ζαχαρίας
1362 1120 1492 1193 περὶ
1545 1121 1737 1186 παιδὸς

167 1217 353 1289 ηὔχετο
378 1233 393 1281 ;
463 1215 602 1270 ἀλλὰ
634 1216 764 1286 περὶ
798 1214 909 1268 τῶν
932 1212 1218 1285 ἁμαρτιῶν
1245 1212 1339 1265 τοῦ
1370 1212 1498 1267 λαοῦ
1524 1230 1539 1280 ;
1566 1212 1735 1267 Φασὶν

166 1310 248 1365 οὖν
274 1325 414 1372 τινες
445 1307 553 1372 ὅτι,
587 1306 775 1378 ἐπειδὴ
809 1306 949 1378 ὑπὲρ
993 1305 1103 1360 τῶν
1145 1305 1432 1376 ἁμαρτιῶν
1475 1304 1568 1360 τοῦ
1604 1302 1732 1359 λαοῦ

163 1400 368 1470 ηὔχετο,
405 1398 606 1469 ἔμελλε
635 1398 691 1454 δὲ
719 1398 928 1453 τίκτειν
959 1398 1073 1451 υἱὸν
1105 1397 1335 1468 βοῶντα,
1367 1397 1474 1450 Ἴδε
1500 1397 1528 1449 6
1560 1395 1733 1467 ἀμνὸς

161 1488 245 1543 τοῦ
274 1488 430 1554 Θεοῦ,
461 1491 491 1542 6
516 1489 690 1560 αἴρων
711 1488 809 1557 τὴν
831 1487 1109 1561 ἁμαρτίαν
1133 1487 1227 1540 τοῦ
1252 1488 1480 1558 κόσμου,
1508 1487 1735 1552 είκότως

161 1581 295 1648 λέγει
324 1580 461 1652 πρὸς
486 1581 651 1635 αὐτὸν
678 1579 971 1649 όᾶγγελος,
1002 1582 1083 1635 ὅτι
1112 1580 1459 1651 Είσηκούσθη
1486 1583 1518 1651 ἡ
1547 1580 1733 1651 δέησίς

163 1691 245 1725 σου
279 1672 417 1743 ὑπὲρ
448 1673 553 1744 τῆς
576 1674 823 1743 ἀφέσεως
844 1671 955 1725 τῶν
982 1671 1266 1743 ἁμαρτιῶν
1291 1671 1387 1724 τοῦ
1417 1669 1568 1727 λαοῦ.
1602 1671 1731 1724 Υίδν

160 1765 257 1836 γὰρ
301 1764 591 1834 γεννήσεις
636 1764 706 1816 δι’
745 1757 808 1818 οὗ
858 1764 1055 1833 ἄφεσις
1084 1762 1236 1816 ἔσται
1281 1762 1391 1815 τῶν
1420 1761 1727 1834 ἁμαρτιῶν.

159 1854 301 1920 Τινὲς
322 1854 379 1909 δὲ
398 1854 545 1909 οὕτω
574 1854 810 1919 νοοῦσιν,
832 1855 936 1917 ὄτι,
968 1851 1315 1924 Είσηκούσθη
1339 1856 1372 1924 ἠ
1396 1852 1582 1922 δέησίς
1611 1870 1727 1918 σου,

159 1947 198 2003 ὦ
226 1948 490 2018 Ζαχαρία,
529 1948 627 2001 καὶ
664 1948 1047 2017 συνεχώρησεν
1079 1948 1107 2000 6
1141 1946 1273 2010 Θεὸς
1324 1946 1420 2009 τὰς
1453 1946 1729 2016 ἁμαρτίας

158 2039 227 2110 τῷ
249 2039 394 2110 λαῷ·
450 2035 573 2093 εἶτα
624 2037 816 2110 ὥσπερ
856 2040 1102 2099 εἰπόντος
1130 2037 1321 2104 αὑτοῦ,
1351 2036 1523 2092 Πόθεν
1570 2037 1728 2108 δῆλον

160 2131 332 2200 τοῦτος
376 2133 543 2201 φησιν
578 2133 608 2185 6
662 2131 913 2200 ἄγγελος,
949 2131 1057 2198 ὅτι,
1091 2130 1262 2184 Τοῦτό
1287 2148 1367 2184 σοι
1402 2130 1595 2202 δίδωμι
1632 2147 1729 2202 ση-

135 2208 320 2294 ’μεῖον,
352 2225 434 2277 ὅτι
466 2225 726 2295 γεννήσει
766 2240 849 2276 σοι
880 2224 994 2276 υἱὸν
1020 2226 1052 2294 ή
1091 2222 1375 2276 Ἐλισόιϐετ
1400 2238 1414 2253 ·
1452 2221 1595 2275 ὥστε
1622 2223 1730 2277 ἀπὸ

160 2316 241 2369 τοῦ
264 2315 522 2387 γεννῆσαι
563 2318 669 2386 τὴν
717 2316 1025 2381 Ἐλισὰὕετ,
1063 2315 1486 2388 πιστευθήσεται
1517 2333 1599 2372 σοι
1632 2316 1727 2372 καὶ

161 2407 212 2462 τδ
240 2409 504 2481 ἀφεθῆναι
532 2409 635 2475 τὰς
670 2409 946 2482 ἁμαρτίας
969 2409 1048 2481 τῷ
1078 2410 1213 2480 λαῷ.

227 2522 244 2554 t
274 2503 462 2556 Ἔσται
490 2502 607 2573 γὰρ
630 2502 803 2573 μέγας
825 2501 1055 2556 ἐνώπιον
1085 2501 1180 2554 τοῦ
1202 2500 1429 2570 Κυρίου,
1459 2502 1556 2555 καὶ
1587 2497 1727 2556 οἶνον

163 2595 246 2647 καὶ
265 2595 452 2665 σίκερα
478 2595 541 2648 οὐ
575 2596 652 2666 μὴ
684 2594 813 2667 πίῃ·
848 2592 941 2647 καὶ
968 2593 1283 2663 Πνεῦματος
1303 2593 1459 2662 ἁγίου
1487 2594 1729 2666 πλησθή-

167 2705 298 2742 σεται
325 2688 404 2742 ἐτι
430 2690 496 2742 ἐκ
529 2687 749 2752 κοιλίας
777 2687 983 2759 μητρὸς
1008 2687 1174 2742 αὑτοῦ
1202 2705 1216 2719 ·
1250 2690 1343 2741 καὶ
1376 2688 1601 2752 πολλοὺς
1617 2688 1727 2741 τῶν

165 2781 278 2834 υίῶν
317 2782 533 2853 Ἰσραὴλ
576 2781 899 2854 ἐπιστρέψει
938 2780 1033 2834 ἐπὶ
1084 2780 1287 2852 Κυρίου
1325 2782 1414 2835 τὸν
1472 2781 1603 2835 Θεὸν
1633 2781 1728 2835 αὐ-

166 2872 406 2927 τῶν-καὶ
460 2874 631 2938 αὐτὸς
686 2872 1077 2947 προελεύσεται
1142 2872 1375 2928 ἐνώπιον
1438 2873 1603 2930 αὐτοῦ
1667 2876 1727 2929 ἐν

167 2964 412 3035 πνεύματι
446 2966 544 3020 καὶ
595 2966 826 3035 δυνάμει
870 2964 1081 3031 Ἠλιοῦ,
1123 2965 1452 3038 ἐπιστρέψαι
1500 2966 1727 3038 καρδίας

168 3058 393 3129 πατέρων
418 3060 510 3113 ἐπὶ
531 3059 723 3126 τέκνα,
741 3059 836 3113 καὶ
858 3059 1101 3123 ἀπειθεῖς
1120 3060 1181 3112 ἐν
1203 3061 1459 3130 φρονήσει
1479 3058 1723 3127 δικαίων,

1844 585 1968 643 quae
1990 586 2020 626 a
2046 571 2283 627 diabolo.
2310 569 2447 627 Nam
2490 572 2536 628 si
2575 586 2728 629 meus
2775 574 3007 643 primum
3062 574 3332 640 turbetur,
3358 584 3415 631 et

1843 662 2032 719 statim
2088 661 2251 718 timor
2300 660 2566 729 solvatur,
2596 672 2654 719 et
2704 648 2899 718 iterum
2924 663 3195 733 quiescat,
3227 679 3413 723 revera

1843 753 2134 812 divina'est
2178 754 2339 811 visio.
2374 753 2430 808 Si
2459 764 2640 811 autem
2667 755 2829 810 timor
2855 770 2919 810 ac
2951 756 3189 812 turbatio
3229 756 3403 828 magis

1840 855 2004 914 atque
2037 844 2211 914 magis
2254 853 2528 911 crescant,
2566 844 2899 901 daemoniaca
2924 855 3010 901 est
3041 846 3201 904 visio.
3232 846 3416 915 Quare

1839 935 2065 1007 angelus
2116 935 2279 991 dicit:
2317 954 2335 988 ι
2389 934 2656 991 Exaudita
2711 945 2797 991 est
2853 936 3166 1005 deprecatio
3215 946 3327 1001 tua,
3355 947 3414 993 et

1842 1041 1981 1083 uxor
2030 1035 2118 1083 tua
2156 1024 2433 1082 Elisabeth
2488 1026 2665 1096 pariet
2706 1026 2802 1081 tibi
2840 1026 2906 1081 »ζ’
2942 1026 3077 1081 Nam
3120 1027 3417 1085 Zacharias

1839 1133 1944 1172 non
1974 1133 2069 1187 pro
2107 1117 2221 1174 lilio
2263 1126 2517 1188 precatus
2545 1127 2649 1185 est,
2676 1118 2769 1175 sed
2802 1134 2902 1188 pro
2939 1120 3179 1188 peccatis
3210 1119 3414 1189 populi.

1838 1209 2038 1266 Dicunt
2078 1211 2241 1281 igitur
2281 1211 2499 1281 quidam
2545 1212 2688 1282 quod
2725 1213 2986 1281 quoniam
3021 1228 3119 1282 pro
3167 1213 3415 1282 peccatis

1836 1305 2016 1380 populi
2038 1307 2252 1371 orabat,
2278 1304 2521 1360 futurum
2555 1315 2734 1362 autem
2761 1305 2905 1374 quod
2930 1313 3218 1375 generaret
3242 1305 3412 1361 liliqu

1835 1398 1926 1469 qui
1959 1397 2235 1459 clamaret,
2274 1396 2411 1453 Ecce
2453 1413 2625 1468 agnus
2670 1397 2784 1463 Dei,
2821 1396 2917 1467 qui
2950 1398 3088 1453 tollit
3128 1407 3413 1467 peccatum

1835 1490 2052 1544 mundi:
2110 1490 2303 1545 merito
2337 1489 2466 1545 dicit
2502 1490 2570 1544 atl
2610 1489 2760 1543 illum
2830 1493 3085 1559 angelus:
3140 1487 3412 1555 Quoniam

1833 1584 2088 1640 exaudita
2117 1593 2203 1638 est
2228 1583 2542 1654 deprecatio
2564 1593 2652 1638 tua
2682 1597 2779 1651 pro
2804 1582 3127 1637 remissione
3158 1591 3413 1652 peccato-

1834 1691 1954 1731 rum
1985 1676 2194 1747 populi.
2226 1673 2421 1730 Filium
2468 1674 2613 1730 enim
2642 1674 2948 1744 generabis,
2981 1689 3081 1743 per
3120 1688 3278 1743 quem
3320 1688 3410 1729 re-

1833 1768 2021 1825 missio
2041 1767 2151 1823 erit
2180 1775 2551 1837 peccatorum.
2580 1765 2683 1820 Alii
2728 1774 2909 1820 autem
2945 1764 3025 1819 sic
3051 1763 3364 1837 intelligunt
3388 1781 3405 1819 :

1832 1858 2097 1928 Quoniam
2136 1859 2387 1915 exaudita
2421 1868 2505 1915 est
2534 1858 2844 1929 deprecatio
2878 1868 2993 1923 tua,
3031 1856 3317 1922 Zacharia,
3354 1866 3412 1914 et

1831 1952 2043 2007 remisit
2089 1951 2231 2006 Deus
2295 1960 2520 2022 peccata
2577 1950 2794 2020 populo.
2854 1949 3073 2004 Deinde.
3102 1949 3259 2018 quasi
3316 1947 3406 2003 ille

1831 2043 2057 2100 dixisset
2090 2044 2321 2115 angelo:
2365 2043 2518 2100 Unde
2560 2044 2663 2098 hoc
2704 2039 3088 2097 manifestum?
3133 2040 3266 2096 dicit
3312 2055 3413 2095 au-

1830 2138 2017 2208 gelus:
2051 2140 2167 2195 Hoc
2201 2138 2297 2193 tibi
2335 2137 2549 2208 signum
2579 2137 2670 2202 do,
2703 2135 2846 2206 quod
2893 2133 3069 2203 pariet
3105 2134 3196 2189 tibi
3236 2133 3410 2189 lilium

1829 2230 2132 2296 Elisabeth,
2164 2240 2219 2285 et
2258 2230 2334 2285 ita
2383 2245 2479 2300 per
2524 2230 2874 2300 puerperium
2917 2228 3193 2285 Elisabeth
3228 2226 3411 2285 credi-

1831 2325 1938 2382 bile
1969 2324 2063 2381 tibi
2092 2323 2166 2381 sit
2197 2324 2426 2381 retnissa
2457 2337 2576 2381 esse
2598 2332 2818 2396 peccata
2854 2322 3070 2395 populo.

1898 2499 2061 2555 Vens.
2096 2498 2283 2555 15-17.
2322 2517 2343 2552 ι
2368 2499 2483 2555 Erit
2510 2499 2652 2555 enim
2680 2515 2905 2571 magnus
2928 2513 3112 2555 coram
3153 2497 3407 2563 Domino,

1830 2608 1894 2647 ac
1921 2594 2103 2647 vinum
2136 2601 2191 2649 et
2230 2591 2458 2647 siceram
2512 2604 2615 2645 non
2658 2590 2841 2645 bibet:
2871 2599 2928 2644 et
2972 2589 3179 2660 Spiritu
3218 2598 3409 2646 sancto

1831 2684 2129 2754 replebitur
2152 2682 2262 2751 jam
2288 2683 2412 2738 inde
2441 2683 2508 2738 ab
2536 2691 2691 2738 utero
2723 2683 2913 2738 matris
2938 2696 3073 2746 sua,
3104 2680 3409 2750 multosque

1829 2790 1896 2831 ex
1924 2775 2047 2831 liliis
2090 2774 2262 2831 Israel
2305 2783 2584 2829 convertet
2616 2773 2682 2829 ad
2708 2772 2992 2828 Dominum
3041 2772 3207 2828 Deum
3258 2772 3408 2841 ipso-

1830 2880 1977 2920 rum:
2010 2874 2065 2919 et
2104 2865 2222 2934 ipse
2268 2863 2538 2934 prmcedet
2585 2872 2709 2920 ante
2757 2864 2905 2918 illum
2955 2878 3081 2919 cum
3115 2862 3311 2932 spiritu
3341 2876 3408 2918 ac

1827 2957 2027 3011 virtute
2062 2955 2251 3023 Heliae,
2285 2966 2343 3011 ut
2369 2965 2654 3012 convertat
2677 2957 2840 3012 corda
2870 2966 3086 3025 patrum
3140 2958 3191 3011 in
3241 2955 3403 3022 ﬁlios,

1827 3048 2275 3105 etinobcdientes
2303 3050 2368 3105 ad
2410 3048 2755 3121 prudentiam
2796 3049 3104 3118 iustorum:
3146 3057 3205 3103 ut
3249 3056 3408 3119 paret

166 3151 428 3221 ἑτοιμάσαι
482 3152 682 3224 Κυρίῳ
711 3152 839 3205 λαὸν
893 3152 1429 3223 κατεσκευασμένον.
1474 3171 1492 3204 ι
1532 3152 1724 3220 Μέγαν

1832 3139 2056 3196 Domino
2089 3141 2304 3209 plebem
2335 3151 2714 3212 praeparatam.
2758 3159 2778 3194 ι
2810 3140 3061 3212 Magnum
3094 3139 3214 3195 fore
3237 3139 3400 3194 Joan-

167 3241 360 3298 ἓσεσθαι
387 3242 480 3297 τὸν
522 3243 782 3314 Ἰωάννην
817 3241 1214 3310 ἐπαγγέλλεται
1267 3242 1295 3295 6
1328 3241 1579 3311 ἄγγελος,
1608 3240 1726 3295 ἀλλ’

167 3332 371 3387 ἐνώπιον
398 3334 491 3388 τοῦ
529 3334 742 3405 Κυρίου
765 3351 778 3365 ·
806 3408 807 3411 η
832 3333 1019 3387 πολλοὶ
1068 3335 1177 3405 γὰρ
1208 3334 1435 3404 μεγάλοι
1474 3334 1725 3404 λέγονται

169 3422 371 3479 ἔνιὶιπιον
416 3426 527 3481 τῶν
580 3424 910 3496 ἀνθρώπων,
965 3428 1063 3479 καὶ
1096 3426 1156 3479 οὐ
1188 3425 1283 3480 τοῦ
1331 3425 1502 3479 Θεοῦ·
1535 3421 1637 3480 οἷοι
1674 3426 1725 3481 οί

170 3518 429 3590 ὑποκριταί
450 3536 464 3551 ·
499 3520 680 3591 μέγας
709 3518 764 3572 δὲ
784 3519 812 3572 6
847 3518 1102 3589 Ἰωάννης
1125 3517 1265 3574 κατὰ
1284 3518 1465 3591 ψυχήν
1489 3535 1502 3548 ·
1533 3517 1723 3591 ὥσπερ

170 3607 250 3660 καὶ
278 3610 462 3680 μικρὸς
490 3608 641 3662 κατὰ
668 3607 847 3679 ψυχὴν
880 3610 985 3672 πᾶς
1020 3611 1047 3662 6
1075 3608 1563 3680 οκανδαλιζόμενος
1584 3627 1598 3641 ·
1630 3610 1725 3662 οὐ·

167 3700 260 3764 63i;
280 3702 383 3773 γὰρ
419 3702 603 3773 μέγας
634 3701 1072 3771 σκανδαλίζεται,
1123 3702 1240 3757 ἀλλ’
1276 3704 1324 3757 οἱ
1389 3704 1578 3775 μικροὶ
1627 3703 1725 3758 καὶ⁵

168 3792 471 3866 ὀλιγόψυχοι.
496 3796 643 3867 Φησὶ
670 3796 802 3866 γοῦν
845 3800 874 3852 6
902 3796 1107 3871 Κύριος
1126 3813 1140 3827 ·
1175 3799 1270 3861 ὐς
1305 3796 1371 3851 ἂν
1394 3795 1727 3871 σκανδαλίσῃ

168 3884 251 3938 ἕνα
275 3886 376 3940 τῶν
422 3887 673 3960 μικρῶν.
708 3888 926 3960 Ὥσπερ
950 3888 1007 3942 δὲ
1035 3889 1085 3942 οί
1116 3888 1369 3954 τεκόντες
1403 3889 1494 3943 τὸν
1536 3888 1722 3943 Ἰωόιν-

168 3994 272 4043 νην,
300 3978 491 4035 δίκαιοι
520 3975 666 4052 ἦσαν
685 3979 919 4037 ἐνώπιον
946 3979 1039 4036 τοῦ
1058 3980 1216 4048 Θεοῦ,
1254 3980 1395 4035 οὕτω
1424 3980 1513 4036 καὶ
1537 3983 1566 4035 ὁ
1595 3983 1725 4045 παῖς

169 4065 326 4119 αὐτῶν
355 4070 526 4139 μέγας
564 4066 795 4123 ἐνώπιον
842 4068 937 4122 τοῦ
971 4069 1180 4140 Κυρίου
1202 4084 1216 4099 ⁸
1250 4068 1447 4140 σίκερα
1471 4067 1527 4121 δὲ
1563 4067 1722 4136 λέγε-

169 4170 245 4208 ται
294 4160 391 4213 πᾶν
415 4161 473 4214 τὸ
500 4160 676 4232 μέθην
706 4162 957 4230 ἐμποιεῖν
985 4161 1309 4232 δυνάμενον,
1360 4160 1460 4213 οὐκ
1484 4158 1544 4213 ὃν
1580 4159 1635 4213 δὲ
1663 4159 1723 4227 ἐξ

169 4246 411 4316 ἀμπέλου.
450 4251 546 4307 Ἕν
576 4255 643 4323 τῇ
669 4252 847 4325 κοιλίᾳ
872 4253 929 4306 δέ
955 4251 1056 4322 τῆς
1086 4252 1292 4324 μητρὸς
1315 4249 1390 4306 ὢν
1421 4251 1522 4320 ἔτι,
1551 4252 1722 4324 ἐπλή-

170 4338 257 4411 σθη
283 4342 593 4414 Πνεῦματος
621 4346 777 4413 ἁγίου
820 4363 834 4377 ·
863 4347 951 4399 ὅτε
995 4340 1160 4417 ἦλθεν
1184 4346 1216 4415 ἡ
1245 4345 1446 4416 Μήτηρ
1478 4343 1573 4397 τοῦ
1608 4345 1723 4397 Κυ-

172 4430 271 4497 ρίου
301 4434 431 4505 πρὸς
457 4435 560 4507 τὴν
604 4436 912 4497 Ἐλισάεετ,
950 4437 1044 4490 καὶ
1081 4435 1375 4508 ἐσκίρτησε
1412 4435 1475 4489 τὸ
1518 4435 1722 4509 βρέφος

1828 3248 1950 3288 nem
2001 3232 2246 3303 praedicit
2295 3230 2540 3301 angelus,
2581 3231 2679 3288 sed
2708 3245 2887 3287 coram
2922 3232 3083 3303 273
3127 3232 3354 3288 Domino
3387 3249 3402 3287 :

1829 3323 1984 3379 multi
2026 3324 2170 3378 enim
2221 3324 2475 3380 dicuntur
2517 3324 2695 3395 magni
2747 3339 2929 3379 coram
2967 3324 3303 3389 hominibus,
3351 3333 3408 3380 at

1827 3432 1934 3471 non
1969 3417 2097 3471 item
2119 3430 2303 3471 coram
2336 3415 2470 3483 Deo,
2512 3424 2573 3471 ut
2608 3414 2926 3487 hypocrita).
2959 3414 3185 3487 Magnus
3225 3425 3407 3472 autem

1824 3507 2067 3565 Joannes
2100 3509 2256 3580 juxta
2304 3507 2566 3576 animam,
2594 3507 2812 3564 sicutet
2845 3522 3048 3578 parvus
3083 3507 3239 3578 juxta
3284 3508 3409 3565 ani-

1828 3617 1967 3656 mam
2000 3602 2199 3657 dicitur
2221 3603 2401 3657 omnis
2434 3600 2530 3672 qui
2564 3600 2986 3656 scandalizatur.
3028 3597 3222 3656 Nullus
3260 3599 3408 3655 enim

1826 3708 2052 3761 magnus
2089 3692 2517 3758 scandalizatur,
2547 3693 2642 3748 sed
2686 3691 2864 3763 parvi,
2909 3698 2964 3746 et
3012 3690 3407 3760 pusillanimes.

1824 3784 1967 3840 Dicit
1997 3784 2165 3857 igitur
2199 3783 2501 3841 Dominus:
2539 3803 2558 3837 ι
2591 3782 2693 3851 Qui
2738 3784 3195 3841 scandalizaverit
3241 3797 3409 3838 unum

1824 3892 1888 3933 ex
1918 3876 2099 3948 parvis
2120 3879 2162 3933 '.
2189 3896 2210 3930 ι
2231 3875 2695 3943 Quemadmodum
2709 3885 2888 3932 autem
2904 3876 2961 3931 hi
2982 3876 3076 3945 qui
3097 3881 3406 3947 genuerunt

1822 3968 2112 4038 Joannem,
2158 3970 2292 4041 justi
2352 3969 2572 4025 fuerunt
2618 3983 2804 4024 coram
2852 3967 2987 4035 Deo,
3048 3970 3130 4025 sic
3176 3978 3232 4024 et
3274 3982 3411 4037 puer

1823 4063 2061 4135 ipsorum
2095 4076 2323 4134 magnus
2354 4077 2543 4117 coram
2585 4061 2836 4117 Domino.
2879 4058 3067 4116 Sicera
3101 4070 3284 4116 autem
3317 4060 3407 4117 di-

1825 4152 1973 4207 citur
2029 4166 2193 4208 omne
2241 4152 2385 4224 quod
2432 4151 2707 4207 inebriare
2736 4159 2938 4222 potest,
2981 4160 3037 4206 et
3072 4166 3177 4206 non
3221 4161 3306 4207 est
3341 4167 3409 4208 ex

1824 4244 1956 4302 vite.
1998 4242 2135 4300 Cum
2176 4255 2360 4299 autem
2391 4253 2535 4299 esset
2572 4244 2748 4299 adhuc
2798 4242 2854 4297 in
2907 4251 3063 4298 utero
3095 4243 3282 4298 matris
3321 4260 3409 4301 re-

1825 4335 2001 4408 pletus
2033 4344 2117 4391 est
2147 4336 2353 4406 Spiritu
2416 4345 2628 4403 sancto,
2675 4335 2890 4406 quando
2957 4334 3135 4390 Mater
3194 4335 3407 4392 Domini

1824 4429 1973 4483 venit
2022 4429 2088 4484 ad
2118 4427 2413 4493 Elisabeth,
2444 4437 2495 4484 et
2531 4428 2825 4485 exsultavit
2869 4443 2980 4498 pra:
3002 4428 3199 4497 gaudio
3225 4428 3410 4486 infans

169 4521 549 4596 ἀγαλλιώμενον
581 4528 668 4582 διὰ
699 4529 797 4599 τὴν
840 4526 934 4581 τοῦ
968 4527 1178 4600 Κυρίου
1220 4527 1548 4600 παρουσίαν.
1594 4526 1723 4581 Ἐπ-

1832 4531 2055 4592 propter
2081 4522 2376 4576 adventum
2429 4521 2663 4577 Domini.
2705 4520 2877 4578 Porro
2924 4525 3194 4579 convertit
3243 4525 3407 4580 corda

171 4611 373 4685 έστρεψε
410 4621 465 4673 δὲ
496 4620 724 4691 καρδίας
763 4620 1016 4690 πατέρων
1049 4620 1141 4673 ἐπὶ
1195 4621 1397 4687 τέκνα,
1450 4619 1718 4687 τουτέστι,

170 4704 262 4757 τῶν
297 4709 556 4780 Ἐὁραίων
610 4714 704 4767 ἐπὶ
733 4713 859 4777 τοὺς
914 4710 1280 4775 ἀποστόλους·
1335 4710 1571 4781 πατέρες
1620 4710 1721 4775 μὲν

171 4791 263 4865 γὰρ
287 4792 419 4867 ἦσαν
469 4803 522 4854 oi
570 4801 808 4856 Ἰουδαῖοι
836 4820 849 4833 ·
886 4804 1055 4857 τέκνα
1086 4802 1143 4857 δὲ
1183 4800 1389 4855 τούτων
1411 4801 1459 4855 οί
1490 4800 1722 4856 ἀπόστο-

170 4881 261 4939 λοι.
290 4886 650 4963 Ἐπὲστρεψεν
674 4892 876 4958 οὖντὰς
905 4894 1135 4966 καρδίας
1165 4893 1277 4947 τῶν
1320 4892 1595 4946 Ἰουδαίων
1625 4892 1721 4945 ἐπὶ

172 4976 282 5041 τοὺς
306 4968 650 5050 ἀποστόλους,
705 4987 971 5041 διδάσκων
1033 4985 1287 5058 περὶτοῦ
1337 4984 1580 5058 Χριστοῦ
1630 4987 1723 5039 καὶ

177 5073 476 5142 μαρτυρῶν·
523 5079 551 5131 ό
593 5077 649 5131 δὲ
677 5077 803 5151 περὶ
830 5077 923 5130 τοῦ
968 5076 1206 5148 Χριστοῦ
1241 5076 1559 5148 μαρτυρῶν,
1587 5076 1723 5131 πάνυ

175 5170 266 5220 τως
301 5162 635 5232 ἀξιοπίστους
667 5172 809 5223 ποιεῖ
843 5171 938 5224 καὶ
987 5169 1114 5233 τοὺς
1146 5166 1399 5242 μαθητὰς
1435 5167 1629 5223 αὑτοῦ·
1657 5169 1718 5222 οὐ

177 5246 360 5318 πάντας
390 5255 445 5308 δὲ
473 5258 805 5330 ἐπέστρεψεν
846 5260 876 5312 6
911 5261 1186 5332 Ἰωάννης,
1220 5258 1359 5313 ἀλλὰ
1396 5258 1624 5323 πολλούς
1645 5276 1660 5292 ·
1692 5261 1721 5314 6

181 5338 341 5406 μέντοι
389 5349 585 5421 Κύριος
638 5353 845 5415 πάντας
898 5353 1201 5422 ἐφώτισεν·
1254 5354 1313 5407 ἐν
1350 5352 1636 5425 Πνεῦματι
1660 5352 1719 5407 δὲ

186 5426 348 5489 Ἠλιοῦ
398 5443 662 5514 προῆλθε,
718 5446 854 5501 καθδ
885 5446 1077 5517 ὥσπερ
1116 5448 1197 5510 είς
1252 5445 1439 5501 Ἠλίαν
1483 5447 1517 5516 ἠ
1558 5447 1721 5518 χάρις

179 5518 473 5597 ἱνήργησεν,
503 5532 645 5589 οὕτω
675 5536 769 5589 καὶ
790 5537 871 5600 είς
910 5535 1196 5606 Ἰωάννην·
1228 5536 1256 5590 ὅ
1288 5554 1349 5590 τε
1392 5536 1501 5608 γὰρ
1531 5536 1720 5601 Ἠλίας

177 5611 263 5683 ﬁt;
279 5616 522 5697 δευτέρας
570 5629 874 5700 παρουσίας
902 5629 1226 5702 πρόδρομος,
1266 5628 1362 5684 καὶ
1392 5631 1420 5684 ό
1463 5628 1718 5701 Ἰωάννης

240 5803 261 5837 ⁵
293 5804 468 5869 Matth.
498 5831 645 5884 xvztl,
674 5817 759 5874 16.

1830 4624 2044 4685 patrum
2076 4615 2141 4668 ad
2174 4614 2333 4680 filios,
2360 4615 2462 4670 hoc
2491 4626 2597 4681 est,
2633 4615 2978 4670 Hebraeorum
3013 4617 3081 4670 ad
3113 4615 3405 4685 apostolos.

1828 4709 2018 4765 Patres
2047 4711 2190 4765 enim
2218 4710 2435 4766 luerunt
2458 4709 2654 4775 Judaei,
2683 4710 2895 4764 illorum
2922 4721 3100 4764 autem
3126 4712 3219 4765 lilii
3271 4725 3402 4779 apo-

1830 4802 1980 4858 stoli.
2001 4799 2285 4857 Convertit
2310 4802 2470 4869 igitur
2494 4803 2657 4855 corda
2677 4799 2991 4857 Judaeorum
3020 4802 3087 4856 ad
3110 4801 3407 4871 apostolos,

1830 4893 2033 4947 docens
2075 4901 2131 4947 et
2176 4892 2477 4947 testiﬁcmts
2529 4892 2596 4947 de
2646 4890 2889 4947 Christo.
2945 4892 3048 4958 Qui
3106 4903 3286 4945 autem
3343 4892 3409 4947 de

1830 4985 2051 5039 Christo
2101 4992 2332 5040 testatur
2357 4985 2579 5039 omnino
2633 4984 2741 5040 (ide
2778 4984 2969 5051 dignos
2998 4983 3126 5038 iacit
3160 4993 3213 5038 et
3243 4982 3409 5038 disci-

1836 5075 1993 5149 pulos
2045 5075 2237 5147 ipsius.
2282 5074 2399 5132 Non
2448 5092 2638 5132 omnes
2686 5075 2956 5131 convertit
3000 5072 3258 5139 Joannes,
3313 5074 3408 5129 sed
3462 5090 3475 5100 δ

1831 5168 2065 5224 multos:
2116 5166 2368 5222 Christus
2418 5178 2598 5222 autem
2627 5181 2815 5221 omnes
2865 5164 3214 5219 illuminavit.
3253 5166 3321 5218 At
3352 5163 3404 5218 in

1830 5259 2023 5331 spiritu
2057 5260 2190 5316 Elia:
2220 5262 2515 5331 praecessit.
2581 5260 2734 5316 Sicut
2779 5257 2924 5314 enim
2975 5259 3027 5314 in
3080 5258 3192 5312 Elia
3217 5257 3408 5313 elllcax

1831 5351 1931 5406 luit
1955 5351 2152 5421 gratia,
2177 5350 2252 5405 ita
2287 5359 2341 5406 et
2370 5352 2422 5407 in
2465 5349 2687 5408 Joanne.
2744 5349 2811 5405 Et
2841 5351 2984 5406 sicut
3010 5350 3153 5406 Elius
3181 5348 3403 5406 secundi

1828 5444 2095 5501 adventus
2126 5459 2448 5516 prtecursor,
2486 5445 2562 5499 ita
2589 5452 2645 5500 et
2673 5443 2909 5502 Joannes
2944 5443 3131 5517 primi.
3178 5442 3238 5498 In
3285 5443 3399 5497 vir-

1830 5547 1945 5593 tute
1978 5546 2158 5593 autem
2194 5535 2349 5603 Elian,
2409 5553 2475 5593 eo
2509 5538 2653 5609 quod
2698 5538 2838 5593 idem
2870 5546 3104 5609 possunt
3133 5536 3400 5591 adventus

1827 5628 2134 5697 amborum;
2177 5628 2340 5684 ambo
2362 5627 2509 5685 enim
2543 5629 2608 5685 ad
2631 5627 2911 5686 Christum
2935 5634 3293 5701 congregant.
3330 5622 3402 5685 ιςι
