3866 6448
464 339 572 404 699

1389 348 1967 418 THEOPHYLACTI
2022 358 2435 455 BULGARIE
2473 360 2832 426 ARCHIEP.

3583 376 3677 437 700

463 454 646 518 aliter,
681 446 736 508 in
778 452 980 509 virtute
1023 469 1087 510 ac
1124 455 1319 526 spiritu
1374 457 1543 516 Helia:
1580 462 1730 518 venit
1780 463 2036 534 Joannes,

2153 472 2242 540 τῆς
2291 472 2539 545 πρώτης.
2597 476 2709 529 Καὶ
2761 476 2823 531 ὲν
2851 475 3081 548 δυνάμει
3131 478 3186 533 δὲ
3222 478 3443 547 Ἠλιοῦ,
3491 488 3610 543 καθὸ
3628 493 3679 548 τί

465 556 531 597 eo
555 545 699 613 quod
731 543 958 599 eremita
995 544 1098 600 fuit
1123 546 1284 601 etiam
1305 548 1443 619 ipse,
1475 558 1532 606 et
1558 550 1785 625 frugalis
1812 557 1960 621 vitae,
1987 569 2043 612 et

471 650 709 706 arguens
751 637 892 692 sicut
944 637 1049 692 ille.
1108 637 1394 695 Convertit
1437 653 1618 698 autem
1649 655 1705 700 et
1734 647 2045 706 incredulos

467 727 684 781 Jndaeos
714 727 779 781 ad
813 728 1155 797 prudentiam
1186 728 1481 800 iustorum,
1506 731 1610 790 hoc
1641 746 1746 800 est,
1770 739 2047 807 apostolo-

472 833 590 872 rum
646 818 969 876 doctrinam.
1052 820 1345 879 Prudentia
1399 835 1582 882 autem
1675 832 2044 898 apostolorum

470 911 645 977 gratia
706 923 791 967 est
824 912 1061 979 Spiritus
1092 916 1144 970 in
1178 918 1304 985 illis,
1341 934 1370 974 a
1417 936 1520 988 qua
1574 924 2042 993 gubernabantur.

470 1001 800 1072 l’rarparavit
832 1018 1046 1075 quoque
1082 1007 1326 1076 Domino,
1362 1010 1414 1065 id
1455 1021 1540 1067 est
1569 1014 1808 1081 Christo,
1838 1016 2044 1088 plebem

473 1106 851 1162 praeparatam,
903 1098 1005 1153 hoc
1051 1112 1136 1154 est
1186 1115 1440 1170 capacem
1523 1104 1590 1159 ad
1643 1109 2045 1179 suscipiendam

472 1187 928 1255 pmdicationem,
957 1199 1014 1246 nt
1040 1193 1269 1262 exempli
1313 1196 1508 1264 gratia,
1543 1201 1762 1268 quando
1796 1202 2045 1257 veniebat

473 1277 1013 1348 prophetayuispiam
1037 1283 1359 1351 przedicans,
1382 1300 1487 1339 non
1517 1301 1706 1343 omnes
1731 1289 2048 1357 credebant,

471 1371 565 1423 sed
598 1370 687 1439 qui
729 1375 1012 1442 praeparati
1045 1385 1224 1441 erant,
1248 1386 1302 1430 et
1333 1378 1424 1447 qui
1447 1379 1663 1449 seipsos
1694 1381 1760 1437 ad
1809 1382 1913 1438 hoc
1957 1399 2051 1437 ac-

474 1463 910 1518 commodabant.
944 1464 1075 1520 Nam
1122 1469 1265 1522 sicut
1311 1470 1356 1524 si
1411 1473 1536 1540 quis
1578 1480 1738 1528 noctu
1778 1475 1963 1531 veniat
1995 1477 2049 1531 in

473 1553 712 1619 dmnnm,
750 1569 854 1609 non
882 1573 1072 1612 omnes
1097 1558 1245 1612 illum
1274 1560 1575 1630 excipiunt,
1609 1563 1703 1618 sed
1726 1565 1821 1635 qui
1856 1566 2047 1637 vigiles

474 1653 601 1697 sunt
631 1656 1076 1718 exspectantque,
1105 1660 1160 1704 et
1185 1651 1251 1705 ad
1278 1652 1655 1721 excipiendum
1685 1658 1858 1725 parati
1887 1667 2048 1715 sunt:

473 1734 553 1788 sic
593 1744 649 1790 et
684 1733 919 1794 Joannes
979 1743 1306 1810 praeparavit
1341 1742 1575 1801 Domino
1628 1748 1904 1818 p0pulum,
1940 1765 2048 1805 non

2145 564 2278 618 αὐτὸ
2292 565 2546 620 δύνανται
2576 569 2630 620 αί
2656 568 2953 638 παρουσίαι
2976 570 3321 641 ἀμφοτέρων,
3343 574 3435 626 τοῦ
3454 592 3509 629 τε
3519 560 3679 636 ἶΗλιοῦ

2146 656 2242 710 καὶ
2271 656 2367 709 τοῦ
2406 653 2655 712 Ἰωάννου
2674 675 2688 691 ο
2728 659 2866 732 πρὸς
2890 661 3000 730 γὰρ
3020 663 3112 715 τὸν
3139 662 3375 734 Χριστδν
3405 668 3676 734 συνάγουσι.

2145 748 2257 802 Καὶ
2285 749 2465 815 ἄλλως
2489 750 2546 805 δὲ
2574 753 2631 805 ὲν
2651 752 2880 824 δυνάμει
2910 756 3003 808 καὶ
3038 755 3313 827 πνεύματι
3347 756 3520 812 Ἠλιοῦ
3548 758 3681 833 ἦλθεν

2146 840 2174 893 6
2221 841 2500 913 Ἰωάννης,
2532 843 2667 899 διότι
2697 847 2967 918 ἐρημίτης
3013 843 3082 920 ἦν
3107 848 3203 903 καὶ
3228 850 3411 915 αὐτὸς,
3463 855 3550 907 καὶ
3574 857 3680 911 ἁπέ-

2154 948 2355 1001 ριττος,
2417 935 2514 988 καὶ
2559 935 2878 1004 ἐλεγκτικὸς
2918 937 2996 1002 ὡς
3040 941 3271 1003 ἐκεῖνος.
3306 940 3613 1013 Ἐπὲστρεψε
3638 946 3683 999 δὲ

2150 1024 2243 1077 καὶ
2292 1025 2417 1088 τοὺς
2447 1025 2695 1093 ἀπειθεῖς
2759 1028 3047 1093 Ἰουδαίους
3083 1032 3142 1084 δν
3189 1033 3254 1103 τῇ
3303 1033 3547 1103 φρονήσει
3596 1037 3683 1090 τῶν

2150 1115 2398 1182 δικαίων,
2454 1119 2723 1186 τουτέστι,
2758 1124 2823 1193 τῇ
2882 1121 2992 1175 τῶν
3014 1122 3330 1176 ἀποστόλων
3365 1123 3682 1198 διδασκαλία·

2151 1209 2415 1281 φρόνησις
2448 1211 2559 1283 γὰρ
2592 1212 2702 1266 τῶν
2724 1214 3059 1280 ἀποστόλων,
3087 1217 3120 1285 ἡ
3152 1217 3211 1269 ὲν
3236 1218 3420 1280 αὐτοῖς
3445 1218 3530 1272 τοῦ
3551 1221 3686 1275 Πνεύ-

2153 1318 2321 1370 ματος
2358 1303 2536 1373 χάρις,
2581 1304 2672 1373 ὑφ’
2701 1299 2770 1377 ἧς
2801 1305 3192 1377 ἑκυϐερνῶντο.
3237 1308 3525 1379 Ἠτοίμασε
3554 1311 3601 1364 δὲ
3626 1313 3686 1383 τῷ

2150 1393 2363 1465 Κυρίῳ,
2385 1395 2632 1450 τουτέστι
2673 1396 2751 1466 τῷ
2780 1397 3025 1470 Χριστῷ,
3050 1399 3180 1454 λαδν
3197 1404 3683 1473 κατεσκευασμένον,

2150 1485 2452 1553 τουτέστιν,
2511 1490 2937 1561 ὲμπαρὰσκευον
2988 1493 3127 1563 πρὸς
3173 1493 3236 1548 τὸ
3269 1494 3608 1561 ὐποδέξασθαι
3642 1500 3689 1551 τὸ

2152 1578 2414 1650 κήρυγμα
2438 1596 2454 1611 ⁸
2496 1575 2609 1635 οἷόν
2639 1599 2691 1638 τι
2719 1583 2904 1653 λέγωξ·
2958 1586 3212 1641 Ἐπειδὰν
3238 1586 3388 1642 ἔλθοι
3410 1606 3488 1652 τις
3516 1592 3689 1663 πρηνῆ-

2149 1685 2250 1739 της
2302 1670 2612 1742 κηρύττων,
2670 1675 2731 1728 οὐ
2781 1677 2986 1741 πάντες
3020 1679 3329 1745 ἐπίστευον,
3366 1680 3477 1734 ἀλλ’
3507 1683 3550 1734 οί
3587 1700 3689 1737 κατ-

2152 1764 2567 1835 εσκευασμένοι,
2583 1768 2882 1833 τουτέστιν,
2906 1770 2955 1823 οί
2979 1772 3476 1841 προετοιμάσαντες
3503 1774 3691 1839 ἑαυτοὺς

477 1825 809 1883 iucredulum
835 1831 1074 1899 quidem,
1101 1834 1193 1888 sed
1218 1834 1556 1891 elaboratum
1605 1848 1661 1893 et
1684 1850 2046 1910 praeparatum

2154 1853 2236 1918 είς
2266 1825 2446 1913 τοῦτο.
2470 1825 2686 1930 Ὠσπερ
2716 1861 2827 1932 γὰρ
2866 1825 2961 1917 εὰν
3009 1825 3153 1918 έλθοι
3180 1825 3268 1929 τις
3305 1868 3386 1927 είς
3426 1825 3584 1920 οίκίαν
3620 1825 3689 1919 w:

475 1918 541 1970 ad
562 1920 962 1990 suscipiendum
995 1925 1304 1982 Dominum.
1653 1947 1657 1949 ·

2162 1943 2311 2010 κτδς.
2369 1948 2431 2002 ού
2465 1949 2667 2015 πάντες
2710 1953 2873 2006 αὐτὸν
2925 1955 3300 2028 ὑποδέχονται,
3332 1958 3443 2011 ἀλλ’
3474 1960 3520 2010 οἱ
3557 1960 3689 2029 ἔγρῃ-

474 2013 695 2080 γορότες
728 2014 820 2068 καὶ
846 2018 1257 2085 προσδοκῶντες
1289 2022 1456 2076 αὐτὸν
1493 2025 1590 2079 καὶ
1632 2026 2054 2098 ἐτοιμασθέντες
2087 2021 2168 2100 είς
2198 2039 2259 2093 τὸ
2327 2013 2691 2109 ὐποδέξασθαι
2712 2062 2727 2078 ο
2794 2048 2937 2102 οὕτω
2963 2052 3055 2105 καὶ
3089 2013 3121 2104 6
3159 2013 3416 2123 Ἰωάννης
3469 2013 3693 2123 ἡτοίμαζε

474 2101 552 2172 τῷ
586 2104 778 2175 Κυρίῳ
834 2107 982 2171 λαὸν,
1020 2109 1134 2163 ἀλλ’
1191 2113 1252 2166 οὐ
1295 2112 1386 2168 τὸν
1440 2114 1665 2188 ἀπειθῆ,
1721 2117 1812 2173 τὸν
1863 2120 1921 2175 δὲ
1973 2101 2524 2204 κατεσκευασμένον,⁷
2566 2135 2595 2189 δ
2666 2135 2798 2192 ἐστι’
2848 2101 3412 2214 προητοιμασμέᾑννονῗ

477 2197 580 2271 χὴν
604 2200 696 2253 τοῦ
726 2203 991 2273 Χριστοῦ.

550 2293 710 2384 Vens.
745 2297 930 2353 t8-20.
978 2319 997 2353 ι
1041 2301 1110 2357 Ει
1140 2303 1281 2360 dixit
1324 2305 1618 2366 Zacharias
1652 2312 1718 2368 ad
1750 2314 2046 2385 angelum:

477 2374 933 2459 Quo'argumento
960 2408 1282 2463 cognoscam
1311 2399 1485 2455 illud?
1516 2402 1625 2472 Ego
1645 2405 1789 2460 enim
1816 2422 1937 2462 sum
1967 2424 2054 2465 se-

479 2493 605 2543 nex,
627 2488 680 2533 et
710 2496 847 2536 uxor
867 2498 982 2538 mea
1010 2498 1279 2571 provecta:
1294 2492 1473 2547 aetatis
1495 2503 1601 2549 est.
1623 2496 1692 2549 At
1717 2500 2052 2567 respondens

478 2571 722 2641 angelus,
770 2575 904 2630 dixit
947 2576 1029 2631 ei:
1082 2579 1195 2649 Ego
1238 2597 1358 2637 sum
1399 2582 1639 2653 Gabriel,
1669 2590 1763 2657 qui
1801 2591 1950 2646 astiti
1992 2593 2045 2648 in

481 2666 771 2730 conspectu
808 2666 923 2731 Dei,
960 2669 1266 2742 missusque
1300 2689 1418 2729 smn
1453 2688 1511 2730 ttt
1538 2678 1729 2749 loquar
1764 2681 1830 2737 ad
1876 2692 1947 2749 te,
1996 2694 2052 2739 et

478 2753 594 2809 hmc
623 2755 719 2812 tibi
756 2758 874 2814 lecta
905 2765 1179 2821 nuntiem.
1210 2765 1278 2821 Et
1321 2770 1450 2826 ecce
1487 2771 1725 2829 futurum
1748 2786 1834 2833 est
1872 2788 1934 2833 ut
1975 2781 2053 2837 sis

481 2846 699 2915 tacitus,
720 2865 819 2905 nec
851 2852 951 2909 fari
984 2857 1157 2925 possis
1183 2859 1248 2913 ad
1270 2874 1392 2915 eum
1425 2878 1599 2933 usque
1627 2867 1769 2921 diem
1798 2885 1905 2939 quo
1927 2873 2044 2927 haec

480 2938 635 3006 ﬁant,
659 2956 724 2996 eo
747 2946 888 3013 quod
926 2963 1031 3003 non
1062 2951 1338 3008 credidisti
1369 2956 1549 3013 verbis
1582 2962 1739 3026 meis,
1771 2938 1891 3033 qua
1943 2964 2050 3019 im-

478 3028 767 3097 plebuntur
796 3036 847 3090 in
890 3047 1136 3109 tempore
1166 3057 1286 3099 suo.
1331 3063 1351 3098 ι
1384 3046 1629 3106 Tametsi
1660 3028 1837 3122 justus
1882 3056 2047 3130 274

2232 2341 2251 2373 ι
2282 2321 2394 2375 Καὶ
2428 2316 2547 2375 εἷπε
2583 2320 2864 2393 Ζαχαρίας
2896 2321 3033 2393 πρὸς
3065 2320 3153 2376 τὸν
3181 2320 3415 2390 ἄγγελον
3446 2336 3460 2351 ·
3494 2319 3627 2374 Κατὰ
3648 2320 3688 2372 τί

2155 2414 2436 2486 γνώσομαι
2485 2414 2672 2481 τοῦτος
2720 2414 2861 2483 Ἐγὼ
2911 2415 3021 2484 γάρ
3050 2415 3166 2483 είμι
3214 2411 3684 2483 πρεσϐύτης,καὶὴ

2154 2510 2292 2582 γυνή
2325 2526 2429 2579 μου
2466 2507 2841 2579 προϐεϐηκυῖα
2872 2509 2929 2561 ὲν
2961 2510 3082 2571 ταῖς
3123 2508 3366 2578 ἡμέραις
3398 2507 3571 2572 αὐτῆς.
3606 2504 3687 2558 Καὶ

2154 2602 2475 2673 ἀποκριθεὶς
2499 2603 2528 2655 6
2558 2600 2790 2670 ἄγγελος
2812 2595 2965 2654 εἶπεν
2982 2599 3154 2670 αὐτῷ·
3191 2598 3336 2668 Ἑγὼ
3363 2599 3475 2668 είμι
3496 2595 3689 2666 Γαϐριὴλ

2153 2696 2182 2748 6
2210 2693 2570 2764 παρεστηκὼς
2598 2693 2831 2746 ἐνώπιον
2863 2690 2956 2745 τοῦ
2977 2691 3134 2754 Θεοῦ,
3174 2690 3273 2744 καὶ
3301 2689 3589 2759 ἀπεστάλην
3615 2687 3687 2740 λαο

2152 2785 2316 2854 λῆσαι
2354 2787 2491 2856 πρὸς
2520 2784 2601 2851 σὲ,
2631 2785 2726 2839 καὶ
2774 2781 3235 2853 εὐαγγελίσασθαί
3276 2799 3359 2836 σοι
3390 2781 3574 2835 ταῦτα’
3616 2781 3685 2834 καὶ

2158 2877 2269 2931 ίδοὺ
2302 2876 2401 2950 ἔσῃ
2431 2876 2655 2931 σιωπῶν
2686 2877 2781 2931 καὶ
2817 2874 2893 2948 μὴ
2924 2875 3224 2944 δυνάμενος
3267 2874 3515 2945 λαλῆσαι,
3563 2871 3687 2943 ἄχρις

2151 2966 2219 3043 ἦς
2240 2971 2454 3041 ἡμέρας
2484 2969 2708 3041 γένηται
2742 2967 2913 3023 ταῦτα
2943 2985 2958 3001 ·
3003 2968 3124 3023 ἀνθ’
3156 2962 3230 3022 ὧν
3283 2966 3383 3020 ούκ
3413 2967 3685 3025 ἐπίστευσας

2156 3063 2269 3125 τοῖς
2296 3063 2474 3129 λόγοις
2509 3078 2633 3132 μου,
2665 3060 2861 3125 οἵτινες
2902 3058 3358 3131 πληρωθήσονται
3387 3059 3463 3121 είς
3490 3055 3568 3109 τὸν
3594 3071 3686 3106 και-

476 3132 624 3177 esset
658 3124 955 3186 Zacharias
1014 3140 1070 3187 et
1119 3145 1363 3201 sanctus,
1404 3141 1703 3211 respiciens
1756 3124 2048 3202 tamen—nd

2158 3154 2250 3227 ρδν
2299 3124 2521 3208 αὐτῶν..
2545 3172 2563 3206 ι
2620 3124 2694 3206 νΕί
2753 3124 2851 3206 και
2895 3124 3104 3215 δίκαιος
3149 3124 3231 3221 ’ἦν
3265 3152 3296 3205 6
3336 3147 3589 3220 Ζαχαρίας
3614 3144 3685 3199 καὶ

479 3217 840 3286 prodigiosam
864 3225 1273 3292 generationem
1303 3230 1422 3295 lilii,
1447 3247 1553 3288 non
1577 3232 1738 3292 facile
1766 3238 2048 3296 credebat.

480 3309 690 3367 Idcirco
716 3323 770 3369 et
803 3319 1028 3387 angelus
1064 3337 1217 3377 suam
1247 3325 1566 3394 dignitatem
1596 3330 1764 3389 dicit:
1798 3333 1912 3405 Ego
1931 3352 2050 3391 sum

473 3398 714 3473 Gabriel,
756 3410 846 3477 qui
880 3412 1027 3465 astili
1078 3414 1131 3468 in
1186 3430 1482 3486 conSpectu
1508 3420 1625 3488 Dei,
1661 3439 1765 3478 non
1801 3398 2055 3484 seductor

476 3494 708 3562 daemon,
746 3501 841 3555 sed
873 3504 1097 3573 angelus
1128 3507 1243 3563 Dei.
1281 3507 1451 3581 Igitur
1479 3515 1609 3584 quia
1636 3515 1926 3587 discredis,
1952 3535 2054 3592 ego

479 3586 745 3657 te‘faciam
782 3597 1031 3663 surdum,
1053 3609 1109 3653 et
1143 3600 1289 3672 loqui
1321 3619 1428 3658 non
1466 3610 1692 3677 poteris.
1728 3609 1922 3668 Merito
1951 3629 2052 3669 au-

476 3689 582 3734 tem
613 3682 721 3736 duo
766 3684 882 3740 hac
914 3701 1103 3756 passus
1130 3700 1234 3758 est,
1274 3702 1331 3748 et
1376 3701 1518 3765 quod
1549 3715 1653 3754 non
1713 3703 1944 3770 audiret,
1998 3714 2056 3761 et

476 3787 582 3826 non
620 3770 949 3845 loqueretur.
986 3781 1122 3849 Quia
1152 3787 1296 3842 enim
1333 3805 1438 3845 non
1466 3773 1770 3862 obedierat,
1795 3796 2054 3853 condemo

478 3875 640 3921 natur
657 3875 716 3922 ut
738 3872 934 3928 surdus
960 3875 1065 3930 sit:
1095 3885 1149 3933 et
1176 3878 1302 3948 quia
1336 3885 1765 3955 coutradixerat,
1786 3898 1844 3945 ut
1864 3891 2048 3949 sileat.

482 3956 859 4020 Verumtamen
891 3966 1448 4041 prmngurabatetiam
1475 3991 1535 4032 ea
1564 3995 1683 4049 qua:
1710 3979 1910 4038 ludatis
1926 4000 2051 4041 eve-

478 4062 699 4108 nerunt.
741 4054 876 4116 Nam
909 4060 1047 4116 sicut
1088 4062 1177 4118 hic
1195 4079 1359 4121 senex
1391 4079 1443 4123 et
1471 4072 1675 4128 sterilis
1709 4082 1763 4128 et
1793 4074 2051 4132 incredu-

476 4142 558 4196 lus
590 4146 799 4215 peperit
845 4148 1011 4205 (ilium
1077 4156 1352 4225 prophetis
1392 4160 1650 4229 majorem
1694 4178 1710 4216 :
1746 4163 1817 4219 ita
1852 4173 1908 4219 et
1958 4164 2053 4221 Juo

474 4237 712 4292 datorum
744 4245 1090 4312 congregatio
1113 4252 1422 4307 sacerdotio
1456 4254 1763 4312 inveterato
1802 4261 2052 4328 quamvis

473 4337 619 4381 εδει»
647 4329 874 4395 sterilis,
924 4334 1196 4392 incredula
1225 4349 1279 4397 et
1330 4343 1663 4412 inohediens,
1702 4347 1935 4404 Verbum
1966 4360 2049 4404 ta-

475 4433 597 4473 men
628 4418 746 4487 Dei,
792 4423 893 4479 hoc
932 4438 1017 4483 est
1050 4432 1331 4489 Dominum
1380 4441 1797 4507 prophetarum,
1837 4440 2049 4512 peperit

2154 3249 2331 3320 ἅγιος,
2358 3249 2511 3319 ὅμως
2547 3248 2685 3319 πρὸς
2703 3247 2765 3301 τὸ
2794 3246 3079 3318 τεράστιον
3106 3245 3205 3317 τῆς
3234 3242 3564 3304 παιδοποιίας
3583 3241 3686 3292 ἀπο-

2155 3322 2392 3407 ϐλέπων,
2430 3341 2532 3396 ούκ
2553 3340 2791 3405 εὐκόλως
2814 3338 3086 3393 ἐπίστευε.
3113 3337 3204 3391 Διὸ
3235 3339 3334 3393 καὶ
3364 3339 3391 3390 6
3415 3331 3617 3404 ἄγγελος
3638 3329 3685 3383 τὸ

2151 3435 2350 3490 οἰκεῖον
2380 3434 2597 3504 ἀξίωμα
2618 3433 2789 3503 λέγει,
2816 3432 2923 3498 ὅτι,
2956 3430 3102 3500 Ἐγώ
3128 3432 3246 3500 εἰμι
3281 3428 3511 3498 Γαϐριὴλ
3532 3428 3683 3492 61mp-

2153 3524 2402 3595 εστηκὼς
2446 3524 2526 3596 τῷ
2559 3524 2680 3596 Θεῷ
2704 3539 2719 3555 ⁸
2757 3523 2820 3578 ού
2864 3523 3059 3585 πλάνος
3085 3521 3319 3592 δαίμων,
3363 3518 3473 3573 ἀλλ’
3502 3514 3684 3586 ἄγγελος

2152 3618 2313 3675 Θεοῦ.
2356 3618 2513 3672 Ἐπεὶ
2558 3615 2653 3673 οὖν
2680 3618 2950 3681 ἀπιστεῖς,
2975 3613 3067 3669 ἔσο
3104 3614 3371 3684 κωφεύων
3393 3611 3480 3666 καὶ
3512 3610 3576 3681 μὴ
3615 3608 3685 3660 δυ-

2151 3713 2384 3783 νάμενος
2402 3709 2634 3780 λαλῆσαι
2654 3725 2670 3742 ·
2702 3709 2925 3772 εἰκότως
2950 3708 3006 3763 δὲ
3039 3708 3108 3762 τὰ
3136 3706 3230 3760 δύο
3260 3705 3430 3761 ταῦτα
3453 3701 3618 3765 ἔπαθε,
3640 3697 3683 3752 τὸ

2155 3804 2296 3874 μήτε
2321 3799 2543 3857 ἀκούειν
2572 3801 2710 3872 μήτε
2742 3798 2921 3853 λαλεῖν
2941 3813 2958 3832 ⁶
2992 3797 3066 3861 ὡς
3092 3796 3190 3867 μὲν
3217 3796 3329 3867 γὰρ
3359 3791 3683 3865 παρακούσας,

2152 3892 2574 3956 καταδικάζεται
2609 3890 2917 3961 κώφευσινο
2960 3889 3035 3953 ὡς
3085 3888 3142 3942 δὲ
3171 3884 3462 3950 ἀντειπὼν,
3493 3881 3681 3949 σιωπήν.

2154 3987 2301 4060 Πλὴν
2324 3985 2633 4059 προετύπου
2656 3986 2751 4040 καὶ
2773 3982 2844 4037 τὰ
2874 3981 3017 4037 κατὰ
3041 3982 3165 4044 τοὺς
3193 3980 3494 4042 Ἰουδαίους.
3512 3977 3685 4040 Ὥσπερ

2152 4079 2260 4150 γὰρ
2283 4070 2441 4141 οὗτος
2469 4075 2647 4148 γέρων
2680 4074 2776 4129 καλ⁸
2804 4073 3075 4144 ἄκαρπος,
3103 4070 3199 4125 καὶ
3246 4070 3563 4168 ἀπιστήσας,
3590 4063 3679 4168 Erf-

2153 4189 2248 4226 κεν
2304 4170 2419 4224 υἱὸν
2453 4169 2677 4241 μείζονα
2714 4167 2825 4221 τῶν
2861 4164 3156 4239 προφητῶν
3177 4204 3193 4230 ,
3238 4165 3381 4220 οὕτω
3425 4160 3567 4230 καὶὴ
3600 4160 3683 4209 τῶν

2165 4261 2434 4315 Ἰουδαίων
2467 4261 2761 4331 συναγωγὴ
2791 4260 2886 4315 καὶ
2917 4258 3186 4333 ἱερωσύνη
3218 4255 3591 4316 παλαιωθείσα,
3610 4247 3681 4302 καὶ

2152 4352 2401 4422 ἄκαρπος
2436 4351 2532 4406 καὶ
2561 4351 2790 4416 ἄπιστος
2815 4350 2909 4405 καὶ
2939 4352 3219 4422 παρήκοος
3264 4346 3539 4419 γενομένη,
3563 4343 3681 4444 ὅμως

2153 4444 2245 4497 τὸν
2290 4444 2464 4513 Λόγον
2493 4442 2589 4497 τοῦ
2622 4442 2780 4509 Θεοῦ,
2813 4444 2904 4498 τὸν
2938 4443 3220 4514 Δεσπότην
3270 4442 3378 4495 τῶν
3412 4442 3678 4509 προφητῶν.

478 4509 528 4575 in
553 4525 744 4567 carne:
772 4531 877 4586 quo
918 4532 1066 4587 nato,
1097 4525 1149 4579 hi
1189 4509 1848 4597 quipriusinohedientes
1866 4509 2042 4600 erant,

2153 4534 2335 4589 ἔτεκεν
2366 4536 2424 4589 ἐν
2474 4536 2674 4606 σαρκί·
2701 4528 2763 4590 οὗ
2809 4535 3111 4606 τεχθέντος,
3143 4536 3194 4588 ol
3226 4531 3417 4606 πρώην
3461 4528 3679 4597 παρήκωι

474 4604 539 4654 ad
584 4604 741 4659 iidem
776 4620 829 4663 et
862 4613 1257 4672 confessionem
1304 4632 1691 4689 pervenerunt.

545 4696 705 4755 Vens.
738 4703 927 4760 21-23.
966 4726 984 4760 ι
1016 4706 1081 4762 Ει
1103 4721 1221 4767 erat
1244 4715 1472 4783 populus
1495 4725 1816 4784 exspectans
1841 4715 2050 4774 Zacha-

472 4788 629 4858 riam,
680 4803 736 4849 et
783 4796 1120 4856 mirabantur
1165 4807 1306 4874 quod
1361 4815 1672 4862 moraretur
1721 4809 1773 4864 iu
1828 4813 2045 4882 templo.

472 4884 733 4954 Egressus
780 4898 957 4944 autem
996 4908 1102 4958 non
1139 4903 1351 4964 poterat
1392 4898 1537 4967 loqui
1576 4900 1703 4954 illis.
1740 4900 1804 4956 Et
1849 4919 2050 4975 cognoo

470 4988 664 5032 verunt
694 4982 838 5049 quod
898 4983 1159 5039 visionem
1203 4987 1426 5044 vidisset
1476 4989 1529 5043 in
1577 4990 1797 5060 templo.
1830 4991 1893 5047 Et
1935 4994 2050 5064 ipse

471 5069 729 5126 innttebat
776 5073 902 5141 illis,
931 5080 1335 5150 permansitque
1369 5090 1576 5138 mutus.
1622 5081 1691 5140 Et
1743 5085 1959 5154 accidit,
1992 5095 2050 5143 ut

471 5162 674 5233 impleti
693 5175 820 5223 sunt
842 5168 959 5223 dies
984 5170 1143 5227 oﬂicii
1165 5172 1302 5242 ejus,
1332 5173 1466 5229 abiit
1486 5176 1538 5230 in
1563 5176 1783 5233 domum
1811 5193 1989 5234 suam.
2022 5198 2040 5232 ι

472 5254 636 5313 Vides
670 5263 942 5330 quomodo
963 5261 1133 5318 Judtri
1165 5269 1624 5335 exspectabantet
1655 5272 2049 5336 permanebant

470 5350 642 5405 donec
666 5353 840 5408 exiret
870 5369 1117 5411 summus
1153 5360 1446 5416 sacerdos?
1475 5362 1542 5415 At
1584 5377 1680 5416 nos
1722 5359 2045 5429 Christiani,

469 5442 573 5496 nisi
601 5457 730 5499 mox
782 5454 840 5498 ut
884 5445 1114 5516 ingressi
1166 5439 1430 5506 fuerimus
1478 5453 1532 5506 in
1556 5453 1837 5523 templum,
1864 5455 2047 5510 statim

469 5536 1229 5605 egrediamur,existimamus
1255 5543 1396 5599 male
1415 5544 1697 5601 nobiscum
1723 5548 1830 5618 agi.
1855 5546 2050 5604 innue-

471 5626 561 5680 bat
592 5637 771 5683 autem
811 5632 1006 5701 p0pulo
1034 5633 1353 5701 Zacharias,
1419 5635 1558 5694 forte
1610 5640 1819 5710 roganti
1847 5641 2048 5697 silentii

468 5732 733 5776 causam:
769 5727 895 5794 quia
945 5729 1090 5782 enim
1126 5730 1267 5801 loqui
1301 5746 1408 5786 non
1447 5739 1678 5799 poterat,
1724 5746 1821 5800 per
1854 5743 2046 5787 nutum

473 5809 834 5881 signiﬁcabat.
875 5820 1008 5880 Vide
1049 5821 1174 5880 item
1221 5825 1362 5894 quod
1396 5840 1503 5880 non
1550 5824 1682 5881 abiit
1736 5826 1787 5882 in
1828 5829 2047 5883 domum

2152 4627 2233 4690 είς
2256 4626 2439 4681 πίστιν
2475 4628 2568 4680 καὶ
2598 4627 2869 4696 εὐφωνίαν
2906 4627 3264 4698 μετήλθοσαν.

2231 4740 2249 4773 ι
2284 4718 2397 4775 Καὶ
2421 4717 2487 4792 ἦν
2532 4721 2562 4773 6
2599 4719 2729 4784 λαὸς
2777 4721 3096 4791 προσδοκῶν
3147 4719 3239 4773 τδν
3287 4715 3563 4789 Ζαχαρίαν,
3605 4708 3676 4764 καὶ

2153 4812 2462 4884 ἐθαύμαζον
2490 4814 2548 4865 ὲν
2576 4811 2654 4882 τῷ
2677 4810 2948 4884 χρονίζειν
2982 4811 3145 4865 αὑτὸν
3186 4813 3243 4865 ἐν
3278 4811 3354 4882 τῷ
3400 4808 3503 4879 ναῷ
3524 4822 3537 4836 ⁸
3564 4802 3678 4869 ἐξελ-

2153 4905 2264 4959 θὼν
2294 4905 2350 4960 δὲ
2378 4905 2479 4958 οὐκ
2509 4905 2740 4977 ἠδύνατο
2764 4904 2998 4975 λαλῆσαι
3035 4905 3253 4969 αὐτοῖς·
3287 4904 3380 4959 καὶ
3402 4902 3673 4968 ἐπέγνωσαν

2150 4998 2233 5053 ὅτι
2256 4997 2522 5053 ὀπτασίαν
2548 4997 2794 5070 ἑώρακεν
2824 4999 2881 5051 ὲν
2914 4997 2992 5068 τῷ
3027 4998 3163 5068 ναῷ.
3190 4999 3299 5052 Καὶ
3336 4994 3490 5057 αὐτὸς
3507 4988 3565 5065 ἦν
3584 4989 3675 5041 6w-

2151 5091 2324 5147 νεύων
2357 5092 2561 5156 αὐτοῖς,
2600 5093 2691 5146 καὶ
2743 5091 2959 5162 διέμενε
2995 5092 3199 5160 κωφός.
3235 5090 3344 5144 Καὶ
3374 5087 3587 5158 ἐγένετο,
3614 5079 3672 5141 ὡς

2151 5184 2503 5256 ἐπλήσθησαν
2520 5184 2575 5237 αί
2597 5183 2801 5256 ἡμέραι
2833 5182 2933 5253 τῆς
2949 5182 3293 5253 λειτουργίας
3320 5178 3497 5243 αὐτοῦ,
3527 5170 3671 5240 ἀπῆλ-

2153 5276 2245 5331 θεν
2277 5276 2357 5341 εἱς
2379 5276 2469 5330 τὺν
2492 5270 2638 5330 οἷκον
2662 5274 2882 5331 αὐτοῦ.»
2929 5274 3094 5347 Ὁρᾷς
3127 5273 3243 5338 πῶς
3271 5274 3321 5326 oi
3349 5272 3441 5343 μὲν
3472 5264 3667 5322 Ἰουδαῖοι

2152 5370 2497 5443 προσεδόκων
2528 5369 2623 5424 καὶ
2659 5371 2982 5441 περιέμενον
3017 5370 3123 5434 ἕως
3169 5364 3229 5425 οὗ
3261 5366 3457 5434 ἐξέλθοι
3492 5366 3516 5417 ὀ
3557 5361 3666 5428 ἀρΧ·

2153 5465 2333 5536 ιερεύς
2360 5483 2374 5531 ;
2419 5465 2613 5535 Ἡμεῖς
2641 5464 2697 5519 δὲ
2730 5465 2779 5518 οἱ
2806 5463 3143 5536 Χριστιανοὶ,
3200 5463 3315 5533 ἅμα
3355 5460 3427 5530 τῷ
3453 5453 3668 5511 εἰσελθεῖν

2150 5555 2230 5618 είς
2245 5554 2344 5624 τὴν
2367 5555 2685 5626 ἐκκλησίαν,
2711 5556 2758 5609 εί
2780 5555 2855 5627 μὴ
2880 5554 3210 5623 ἐξέλθοιμεν,
3228 5551 3393 5606 δεινόν
3412 5567 3459 5601 τι
3480 5546 3663 5613 πάσχειν

2151 5648 2470 5717 νομίζομεν.
2514 5649 2731 5702 Διένευε
2787 5646 2845 5699 δὲ
2871 5644 2950 5716 τῷ
3006 5644 3122 5716 λαῷ
3150 5648 3179 5700 6
3244 5642 3519 5714 Ζαχαρίας,
3562 5634 3661 5734 ἴσως

2154 5739 2429 5808 ἐρωτῶντι
2458 5737 2556 5809 τὴν
2576 5738 2754 5793 αίτίαν
2776 5738 2873 5809 τῆς
2897 5738 3109 5809 σιωπῆς
3129 5752 3142 5767 ·
3187 5735 3262 5807 μὴ
3289 5734 3556 5827 δυνάμενος
3577 5735 3660 5827 ἰ’ἰιρ

2152 5826 2405 5898 λαλῆσαι,
2457 5827 2544 5882 διὰ
2569 5826 2837 5899 νεύματος
2864 5829 3053 5899 ἐδήλου
3096 5827 3318 5900 ταύτην.
3345 5826 3473 5894 Ὅρα
3508 5816 3553 5873 δὶ
3597 5816 3657 5864 ὃτι
