3866 6448
99 381 183 450 illi
598 450 599 453 η
839 379 988 441 ΕΝΑ
1002 378 1287 441 R-RATIO
1330 377 1409 439 IN
1442 374 1672 439 EVANC

1779 377 1945 440 .IUM
1965 380 2197 445 LUC/ﬁ.
2233 411 2305 422 —
2341 382 2500 447 CAP.
2540 390 2591 451 Ι.

3242 384 3347 448 ἨΞ

98 497 184 552 καὶ
205 493 306 557 ἕως
339 484 402 547 οῦ
428 492 800 564 έτελέσθησαν
837 493 895 547 ai
929 493 1139 565 ἡμέραι
1178 492 1279 563 τῆς
1321 492 1668 563 λειτουργίας

1779 498 2123 565 suam,donec
2138 499 2344 569 impleti
2366 501 2682 568 essentfdies
2699 500 2986 558 ministerii
3006 499 3352 564 sui,assedit~

96 585 268 651 αὐτοῦ,
295 585 398 639 οὐκ
424 585 677 655 ἀπῆλθεν
705 586 787 649 εἰς
812 584 905 639 τὸν
933 582 1082 640 οἷκον
1105 585 1297 647 αὐτοῦ.
1333 585 1471 640 ἀλλά
1501 603 1672 656 προσ·

98 681 275 751 {lapsus
314 677 394 748 τῷ
453 678 577 749 ναῷ
599 695 615 711 ο
650 678 932 751 ἀπῴκιστο
961 679 1059 749 μὲν
1095 677 1204 748 γὰρ
1255 680 1289 748 ἠ
1323 678 1510 751 ὀρεινὴ
1542 678 1678 750 ἀλη-

98 773 193 833 θῶς
217 770 306 824 καὶ
325 769 530 840 ἀπεῖχε
555 772 656 841 τῆς
681 770 1040 841 Ἰερουσαλήμ
1064 787 1078 803 υ
1106 769 1248 842 πλὴν
1271 769 1392 824 ἀλλ’
1415 771 1464 824 εί
1494 771 1590 825 καὶ
1616 772 1674 824 ὲν

99 865 263 926 αυτοῖς
284 864 401 924 τοῖς
442 861 847 933 Ἱεροσολύμοις
873 857 988 933 εἶχε
1017 863 1110 916 τον
1138 857 1288 917 οἷκον
1309 865 1338 917 ὁ
1357 864 1556 934 ἱερεὺς,
1574 865 1675 918 οὐκ

98 955 211 1023 ἐξῆν
237 952 387 1022 αὐτῷ
414 952 526 1017 ἔξω
555 953 660 1022 τῆς
709 954 882 1024 αὐλῆς
915 952 1012 1007 τοῦ
1062 955 1195 1009 ναοῦ
1229 954 1488 1009 ἀπελθεῖν
1530 957 1675 1011 κατὰ

96 1049 177 1100 τον
202 1044 390 1115 καιρὸν
440 1045 544 1116 τῆς
607 1048 915 1117 ἐφημερίας
962 1046 1165 1102 αὐτοῦ·
1194 1048 1356 1118 ἡμεῖς
1411 1047 1489 1113 δὲ,
1528 1047 1667 1116 φεῦι

100 1136 204 1201 πῶς
231 1135 702 1206 καταφρονοῦμεν
735 1137 846 1191 τῶν
876 1137 1039 1190 θείων
1088 1134 1448 1207 ὑπηρεσιῶνί
1493 1138 1567 1191 Τὸ
1614 1139 1672 1192 δὲ

103 1230 166 1300 μὴ
204 1226 466 1281 δύνασθαι
526 1227 631 1297 μὲν
663 1226 847 1282 λαλεῖν
869 1229 959 1282 τὸν
984 1229 1285 1301 Ζαχαρίαν,
1316 1220 1584 1287 διαιῖεύειν
1613 1232 1673 1286 δὲ

99 1319 167 1391 τῷ
196 1319 326 1389 λαῷ,
346 1320 450 1389 τὴν
478 1318 599 1372 τῶν
640 1318 911 1373 Ἰουδαίων
955 1320 1153 1389 ἄλογον
1184 1321 1465 1377 πολιτείαν
1489 1323 1669 1392 δηλοῖ⁶

99 1409 504 1473 ἀποκτείναντες
537 1408 653 1481 γὰρ
671 1411 762 1462 τὸν
782 1409 977 1478 Λόγον,
997 1410 1056 1463 οὐ
1084 1409 1339 1466 δύνανται
1362 1411 1519 1481 λόγον
1542 1412 1672 1466 ἀπο·

101 1502 263 1557 δοῦναι
298 1503 427 1571 περὶ
472 1495 552 1557 ὧν
601 1501 938 1574 πράττουσιν
988 1502 1021 1574 ἢ
1071 1502 1346 1572 λέγουσιν,
1403 1504 1539 1559 ἀλλά
1566 1502 1672 1558 κᾶν

102 1594 416 1664 προφητικὸν
431 1610 485 1646 τι
509 1594 713 1660 αὐτοὺς
740 1595 975 1667 ἐρωτᾷς,
1002 1596 1465 1666 ἐπιστομίζονται,
1493 1597 1589 1650 καὶ
1608 1596 1669 1650 οὐ

102 1687 333 1741 δύνανταί
363 1703 450 1741 σοι
480 1687 650 1756 λόγον
682 1688 777 1742 καὶ
799 1689 1095 1761 ἀπόκρισιν
1133 1690 1456 1747 ἀποδοῦναι.

165 1799 181 1831 ι
216 1779 366 1834 Μετά
397 1780 457 1833 δὲ
481 1781 695 1845 ταύτας
722 1781 821 1846 τὰς
874 1781 1091 1853 ἡμέρας
1121 1781 1412 1835 συνέλαϐεν
1453 1780 1669 1835 Ἐλισά-

106 1873 234 1942 ϐετὴ
283 1871 421 1943 γυνὴ
454 1872 631 1927 αὐτοῦ
652 1912 668 1939 ,
700 1874 795 1927 καὶ
843 1874 1208 1946 περιέκρυϐεν
1243 1873 1444 1943 ἑαυτὴν
1492 1874 1669 1945 μῆνας

105 1966 266 2027 πέντε,
300 1964 537 2034 λέγουσα
565 1965 676 2031 ὃτι,
705 1965 862 2021 οὕτω
891 1983 982 2037 μοι
1009 1967 1308 2038 πεποίηκεν
1334 1968 1364 2021 ὁ
1390 1964 1592 2036 Κύριος
1611 1968 1670 2020 ὲν

107 2056 318 2128 ἡμέραις
348 2053 438 2122 αἷς
490 2058 712 2112 ἐπεῖδεν
750 2060 972 2128 ἀφελεῖν
1018 2057 1080 2113 τὸ
1118 2059 1321 2123 ὄνειδός
1350 2071 1450 2128 μου
1476 2059 1534 2112 έν
1575 2059 1671 2111 ἀν-

108 2148 339 2220 θρώποις.
375 2167 394 2201 ι
451 2148 707 2220 Σώφρων
738 2147 876 2206 οὖσα
906 2154 941 2223 ἡ
986 2152 1290 2217 Ἐλισάϐετ,
1339 2152 1540 2224 ῂὸεῖτο,
1574 2150 1672 2204 καὶ

110 2241 183 2296 διὰ
207 2240 354 2296 τοῦτο
386 2243 805 2315 περιέκρυπτεν
824 2244 1047 2316 ἑαυτὴν.
1072 2244 1161 2298 διὰ
1195 2244 1257 2298 τὸ
1286 2245 1344 2298 έν
1378 2242 1526 2314 γήρᾳ
1546 2241 1672 2296 συλ-

110 2333 299 2386 λαϐεῖν
328 2335 422 2387 ἐπὶ
472 2334 658 2405 μῆνας
687 2334 746 2388 δὲ
781 2335 945 2390 πέντε
995 2336 1400 2407 περιέκρυπτεν
1441 2334 1667 2404 ἑαυτὴν,

111 2428 195 2489 ἓως
225 2419 283 2481 οῦ
319 2428 412 2480 καὶ
437 2427 472 2497 ἡ
503 2428 702 2497 Μαρία
733 2429 988 2483 συλλάϐοι
1009 2444 1025 2462 ο
1054 2427 1149 2500 ἀφ’
1183 2422 1245 2483 οῦ
1275 2428 1334 2483 δὲ
1359 2428 1454 2483 καὶ
1487 2426 1670 2497 ἐκείνη

115 2516 360 2583 συνέλαϐε,
400 2516 497 2571 καὶ
527 2520 830 2591 ἐσκίρτησε
859 2521 920 2574 τὸ
946 2520 1146 2592 βρέφος
1177 2524 1235 2576 έν
1266 2524 1333 2592 τῇ
1368 2519 1548 2590 κοιλίᾳ
1567 2519 1671 2572 αὐ-

113 2612 211 2681 τῆς,
229 2612 321 2664 οὔκ
340 2610 420 2665 ἔτι
443 2611 729 2683 ἔκρυπτεν
758 2615 981 2687 ἑαυτὴν,
1020 2614 1162 2669 ἀλλὰ
1207 2615 1303 2668 καὶ
1326 2610 1673 2684 ἐπαρρησιά-

118 2718 223 2753 σατο
242 2700 324 2766 ἂν,
354 2703 429 2765 ὡς
457 2704 719 2758 τοιούτου
748 2704 938 2769 παιδὸς
972 2707 1179 2777 μήτηρ,
1212 2706 1306 2760 καὶ
1336 2706 1466 2777 πρὶν
1491 2703 1524 2773 ἢ
1549 2692 1675 2771 γεν-

117 2791 311 2862 νηθῆναι
331 2800 659 2867 προφητικῇ
696 2796 825 2868 ἀξίᾳ
846 2799 1232 2871 τετιμημένου.

178 2901 195 2934 ι
218 2884 297 2937 Ἐν
327 2885 380 2939 δὲ
416 2884 496 2957 τῷ
529 2891 671 2959 μηνὶ
706 2889 784 2961 τῷ
825 2888 969 2961 ἕκτῳ
1030 2892 1318 2963 ἀπεστάλη
1367 2894 1396 2948 6
1444 2896 1674 2967 ἄγγελος

118 2973 321 3067 ίάϐριὴλ
348 2979 453 3031 ὑπὸ
480 2981 583 3034 τοῦ
635 2981 772 3035 Θεοῦ
826 2984 908 3045 είς
958 2983 1115 3039 πόλιν
1145 2986 1247 3056 τῆς
1287 2988 1602 3058 Γαλιλαίας,

116 3066 257 3136 ὄνομα
276 3070 547 3144 Ναζαρὲτ,
581 3075 724 3142 πρὸς
748 3075 1021 3146 παρθένον
1048 3052 1543 3153 μεμνηστευμένην

1774 605 1880 661 que
1927 594 2148 662 templo.
2186 593 2389 650 Aberat
2437 596 2581 651 enim
2616 610 2745 650 vere
2789 609 2818 648 a
2852 593 3151 650 Jerusalem
3191 607 3346 647 mou-

1777 694 1898 740 tana
1932 687 2099 757 regio.
2125 686 2389 755 Quamvis
2411 698 2592 743 autem
2625 697 2679 743 et
2702 685 3091 759 Hierosolymis
3127 687 3346 742 domum

1776 775 2074 845 habuisset,
2112 794 2219 834 non
2269 779 2511 834 licuisset
2561 787 2740 834 tamen
2783 778 2836 834 ei
2872 787 3024 833 extra
3077 778 3339 833 ambitum

1776 871 1956 940 templi
1984 886 2081 942 per
2097 880 2308 943 tempus
2338 871 2472 927 vicis
2506 885 2618 928 suae
2642 871 2813 926 exire.
2842 868 2952 925 Nos
2973 879 3181 931 autem,
3210 869 3344 937 prob

1773 964 1976 1033 pudor!
2004 980 2165 1033 quam
2197 965 2596 1020 contemnimus
2624 963 2807 1017 divina
2852 961 3150 1016 ministeria
3176 962 3189 1015 l
3223 959 3346 1017 Ca3-

1773 1064 1947 1111 terum
1975 1058 2119 1127 quod
2140 1057 2440 1113 Zacharias
2484 1072 2587 1111 non
2620 1064 2799 1127 potest
2831 1054 3003 1124 loqui,
3032 1054 3127 1110 sed
3170 1053 3348 1109 innuit

1773 1148 1990 1219 populo,
2021 1148 2295 1217 signiﬁcat
2337 1148 2711 1204 irrationalem
2768 1145 3077 1202 Judacorum
3136 1144 3302 1199 vitam
3328 1161 3346 1198 :

1771 1240 1895 1310 quia
1936 1240 2022 1295 ubi
2050 1242 2371 1296 occiderunt
2400 1239 2658 1304 Verbum,
2690 1253 2794 1295 non
2823 1246 3054 1308 possunt
3077 1235 3345 1292 rationem

1774 1334 2002 1388 reddere
2024 1335 2091 1388 de
2111 1332 2196 1389 bis
2223 1349 2347 1403 quae
2367 1332 2449 1388 vel
2473 1334 2658 1389 dicunt
2685 1333 2767 1387 vel
2798 1331 3027 1387 faciunt.
3051 1329 3115 1384 Et
3146 1330 3191 1386 si
3220 1327 3349 1398 quid

1773 1424 2151 1496 propheticum
2212 1426 2653 1497 interrogaveris,
2690 1425 3097 1488 obmutescunt,
3131 1432 3188 1477 et
3238 1437 3349 1478 non

1774 1528 1996 1590 possunt
2035 1518 2131 1574 tibi
2167 1517 2249 1575 vel
2289 1533 2597 1576 scrutantem
2625 1517 2709 1574 vel
2742 1532 3061 1588 responsum
3092 1518 3247 1574 dare.

1842 1792 2009 1849 Vsus.
2037 1791 2131 1857 25,
2153 1792 2248 1848 25.
2278 1810 2299 1846 ‹
2330 1792 2459 1849 Post
2487 1792 2587 1848 bos
2613 1800 2794 1847 autem
2825 1790 2943 1847 dies
2969 1789 3220 1859 concepit
3241 1787 3352 1844 Eli-

1774 1885 1966 1942 salieth
2003 1900 2141 1941 uxor
2169 1885 2311 1951 ejus,
2336 1894 2390 1940 et
2434 1884 2745 1940 occultabat
2790 1898 2849 1939 se
2883 1881 3162 1937 mensibus
3190 1881 3353 1951 quin-

1774 1995 1899 2051 que,
1927 1979 2144 2034 dicens:
2176 1977 2268 2033 Sic
2286 1977 2411 2032 fecit
2434 1977 2561 2031 mibi
2586 1975 2846 2030 Dominus
2868 1976 2920 2029 iu
2938 1976 3130 2030 diebus
3151 1974 3353 2044 quibus

1770 2083 1861 2125 me
1892 2068 2152 2136 respexit,
2173 2077 2233 2122 ut
2255 2066 2497 2122 auferret
2521 2066 2778 2136 probrum
2804 2080 2986 2121 meum
3011 2065 3155 2119 inter
3180 2063 3355 2118 hami-

1774 2172 1891 2214 nes.
1937 2176 1958 2211 ι
1990 2157 2292 2222 Elisabeth,
2330 2156 2585 2227 quoniam
2618 2165 2765 2211 casta
2806 2166 2945 2221 erat,
2973 2154 3352 2219 erubescebat,

1773 2261 1829 2307 et
1856 2261 2140 2321 propterea
2168 2249 2472 2304 occultabat
2518 2263 2597 2314 se,
2629 2264 2693 2305 eo
2730 2248 2875 2318 quod
2922 2263 3087 2303 senex
3150 2261 3352 2303 conce-

1773 2346 1963 2415 pisset.
1997 2343 2271 2399 Mensibus
2316 2354 2497 2396 autem
2527 2342 2766 2410 quinque
2808 2341 3101 2396 occultavit
3140 2355 3222 2402 se.
3260 2339 3356 2393 do-

1777 2452 1874 2491 nec
1894 2435 2061 2490 Maria
2116 2434 2448 2503 conciperet.
2498 2432 2602 2489 Ubi
2653 2442 2831 2487 autem
2868 2432 2952 2487 illa
2980 2431 3255 2499 concepit,
3301 2438 3360 2483 et

1776 2528 2070 2584 exsultavit
2111 2524 2288 2581 infans
2312 2527 2363 2579 in
2401 2537 2575 2589 utero,
2602 2540 2707 2579 non
2753 2524 2896 2579 ultra
2939 2539 2997 2579 se
3034 2523 3353 2586 occultavit,

1776 2620 1870 2676 sed
1904 2618 2076 2674 libere
2113 2618 2230 2680 ivit,
2267 2626 2453 2685 utpote
2487 2616 2621 2670 tanti
2657 2616 2807 2685 pueri
2841 2625 3038 2680 mater,
3069 2615 3159 2683 qui
3188 2614 3353 2668 etiam

1776 2722 2067 2780 antequam
2120 2720 2458 2777 nasceretur,
2512 2709 2899 2781 prophetarum
2951 2706 3212 2776 dignitate
3254 2702 3357 2757 fuit

1777 2806 2101 2862 honoratus.

1849 2899 2010 2953 Vsus.
2040 2899 2237 2955 26-50.
2280 2917 2299 2952 ι
2339 2898 2399 2953 in
2436 2910 2622 2952 mense
2659 2903 2836 2951 autem
2864 2903 3018 2949 sexto
3050 2893 3247 2946 missus
3272 2896 3358 2944 est

1776 2992 2000 3061 angelus
2027 2993 2189 3064 275
2240 2992 2458 3048 Gabriel
2492 3007 2520 3045 a
2568 2992 2676 3045 Deo
2717 2991 2769 3043 in
2815 2986 3088 3042 civitatem
3124 2983 3359 3041 Galilaea:

1777 3087 1863 3143 oui
1889 3100 2085 3140 nomen
2115 3083 2409 3148 Nazaretb,
2445 3082 2511 3136 ad
2539 3081 2798 3150 virginem
2822 3080 3206 3149 desponsatam
3234 3076 3355 3130 viro

119 3156 266 3262 ὂρὶ,ᾦ
299 3162 466 3262 ὄνομα
509 3165 741 3238 Ἰωσὴφ,
778 3168 838 3232 ἐξ
871 3169 1021 3222 οἴκου
1068 3170 1250 3226 Δαϐίδ.
1292 3174 1398 3226 Καὶ
1418 3174 1479 3227 τὸ
1506 3174 1672 3245 δνομα

1783 3180 1866 3234 cui
1895 3194 2096 3234 nomen
2129 3189 2244 3232 erat
2264 3177 2487 3246 .losepb,
2534 3175 2600 3230 de
2631 3173 2797 3230 domo
2824 3172 3016 3237 David,
3036 3186 3109 3247 ac
3163 3182 3356 3223 nomen

119 3256 198 3320 τῆς
227 3256 512 3325 παρθένου,
566 3258 834 3330 Μαριάμ.
882 3261 996 3314 Kal.
1046 3262 1308 3317 εἰσελθὼν
1364 3266 1393 3318 ὁ
1447 3265 1672 3334 ἄγγελος

1784 3274 2008 3344 virginis
2032 3273 2225 3326 Maria.
2252 3271 2317 3325 Et
2346 3273 2627 3338 ingressus
2657 3268 2880 3337 angelus
2909 3266 2976 3320 ad
3007 3280 3126 3320 eam
3175 3263 3310 3317 dixit
3337 3278 3354 3318 ε

124 3345 235 3413 πρὸς
265 3345 447 3421 αὑτὴν,
498 3346 649 3405 εἷπε·
687 3353 883 3425 Χαῖρε,
932 3358 1372 3427 κεχαριτωμένη,
1421 3361 1450 3412 ὁ
1477 3358 1679 3431 Κύριος

128 3438 241 3504 μετὰ
266 3441 375 3502 σοῦ,
403 3443 754 3516 εὐλογημένη
793 3448 857 3501 σὺ
892 3450 949 3500 ιν
978 3449 1247 3517 γυναιξίν.
1288 3449 1355 3504 Ἦ
1374 3451 1432 3505 δὲ
1469 3453 1674 3520 ἰδοῦσα,

125 3525 412 3603 διεταράχθη
446 3535 540 3588 ἐπὶ
571 3534 657 3605 τῷ
685 3535 829 3607 λόγῳ
872 3537 1063 3602 αὐτοῦ,
1091 3539 1187 3594 καὶ
1216 3540 1547 3609 διελογίζετο
1576 3560 1676 3596 που

127 3620 266 3685 sane;
291 3623 371 3696 εἴη
421 3627 449 3679 ὁ
493 3629 792 3698 ἀσπασμὸς
824 3622 982 3694 οὗτος
1002 3645 1018 3663 ο
1075 3634 1172 3687 καὶ
1196 3628 1352 3687 εἷπεν
1394 3637 1422 3689 ὁ
1447 3635 1679 3704 ἄγγελος

126 3711 239 3801 αὐτῇ
256 3728 269 3743 ⁸
300 3717 386 3786 Μὴ
408 3720 599 3788 φοϐοῦ,
629 3722 888 3794 Μαριάμ’
914 3718 1072 3796 εὗρες
1100 3727 1208 3796 γὰρ
1236 3726 1395 3797 χάριν
1418 3728 1571 3799 παρὰ
1600 3729 1678 3801 τῷ

128 3799 238 3871 Θεῷ.
268 3824 285 3858 ι
340 3809 503 3880 Μῆνα
549 3813 713 3867 ἕκτον
744 3814 894 3882 λέγει
927 3815 1019 3870 τὸν
1074 3809 1184 3870 ἀπὸ
1212 3819 1311 3888 τῆς
1359 3799 1678 3889 συλλήψεως

137 3891 371 3982 Ἰωάννου.
397 3903 562 3970 Λέγει
589 3903 649 3958 δὲ
671 3907 1078 3976 μεμνηστεῦθαι
1099 3908 1199 3978 τὴν
1221 3908 1492 3980 παρθένον
1521 3910 1675 3982 ἀνδρὶ

129 3981 177 4046 ἔξ
202 3986 338 4043 οἴκου
369 3994 552 4062 Δαϐὶδ,
608 3998 700 4052 ἵνα
739 3997 908 4071 δείξῃ,
943 4000 1027 4053 ὅτι
1058 3999 1155 4055 καὶ
1188 4000 1326 4074 αὐτὴ
1359 4005 1423 4057 ἐκ
1451 4002 1548 4057 τοῦ
1577 3981 1672 4073 γέ-

129 4089 229 4140 νλὶυς
246 4082 330 4136 τοῦ
361 4088 524 4143 Δαϐὶδ
556 4092 860 4162 κατήγετο·
893 4095 959 4147 ἐκ
997 4097 1108 4165 γὰρ
1148 4094 1243 4149 τοῦ
1271 4095 1438 4150 αὑτοῦ
1482 4098 1676 4165 γένους

130 4167 205 4261 tul
226 4172 312 4242 τῆς
336 4176 502 4246 αὐτῆς
527 4184 718 4251 σειρᾶς
740 4180 878 4238 εἶναι
896 4186 1185 4257 ἀμφότερα
1215 4187 1285 4240 τὰ
1319 4187 1482 4261 μέρη.
1515 4188 1677 4258 νόμος

128 4250 198 4324 ἦν.
223 4261 427 4341 Ἐπειδὴ
460 4271 517 4325 δὲ
550 4250 628 4344 τῇ
652 4273 761 4346 Eii;
794 4276 822 4327 ὁ
854 4250 1058 4347 Κύριος
1116 4250 1299 4339 εἶπεν,
1319 4250 1676 4344 ,Ἕξνγλύπαις

128 4348 233 4443 τέξῃ
256 4354 428 4423 τέκνα,
453 4361 569 4416 λύει
600 4365 702 4434 τὴν
723 4365 902 4437 λύπην
928 4368 1135 4437 ταύτην
1164 4370 1197 4438 ή
1227 4369 1393 4439 χαρὰ.
1425 4371 1493 4443 ἢν
1521 4372 1550 4425 δ
1576 4371 1678 4440 ἀγ·

130 4439 260 4505 γελος
289 4453 579 4525 προσφέρει
604 4459 671 4525 τῇ
707 4457 988 4530 Παρθένῳ,
1021 4458 1229 4527 λέγων’
1277 4439 1472 4531 Χαῖρε,
1512 4439 1676 4534 κεχα-

1781 3365 1987 3430 Gaude,
2018 3366 2273 3434 gratiosa,
2320 3362 2582 3417 Dominus
2630 3371 2832 3425 tecum,
2862 3358 3146 3414 benedicta
3198 3366 3253 3410 tu
3304 3356 3356 3409 iu

1781 3458 2126 3514 m‘ulieribus.
2156 3440 2251 3513 illa
2296 3472 2425 3511 vero
2458 3470 2583 3509 cum
2609 3453 2862 3518 vidisset,
2895 3452 3111 3506 turbata
3145 3459 3227 3504 est
3255 3462 3355 3503 su-

1781 3566 1880 3621 per
1918 3564 2173 3605 sermone
2207 3547 2345 3615 ejus,
2380 3556 2432 3603 el
2465 3547 2739 3616 cogitabat
2766 3542 2940 3614 qualis
2967 3550 3116 3598 esset
3144 3540 3232 3595 illa
3263 3555 3355 3594 sa-

1779 3643 1993 3699 lutatio.
2014 3640 2079 3696 Et
2110 3640 2248 3696 dixit
2270 3640 2495 3711 angelus
2524 3639 2603 3693 ei:
2632 3636 2710 3693 Ne
2739 3638 2955 3702 timeas,
2991 3633 3181 3696 Maria,
3206 3631 3360 3686 invc-

1779 3736 1905 3791 nisti
1938 3737 2080 3791 enim
2122 3735 2354 3800 gratiam
2407 3732 2550 3802 apud
2581 3731 2772 3786 Deum.
2808 3748 2826 3782 »
2865 3728 3101 3782 Mensem
3144 3734 3358 3780 sextum

1780 3829 1912 3883 dicit
1940 3844 1969 3883 a
2002 3840 2247 3897 tempore
2277 3841 2386 3894 quo
2413 3833 2718 3892 conceptus
2767 3821 2871 3875 fuit
2899 3819 3164 3874 Joannes.
3219 3806 3358 3870 Dicit

1781 3928 1957 3974 autem
1985 3919 2366 3988 desponsatam
2395 3916 2658 3986 virginem
2689 3911 2807 3966 viro
2845 3912 2936 3982 qui
2965 3918 3084 3965 erat
3105 3908 3172 3962 de
3198 3908 3359 3961 domo

1782 4011 1972 4075 David,
2005 4020 2063 4065 ut
2090 4011 2406 4066 ostenderet
2429 4018 2484 4063 et
2511 4008 2685 4078 ipsam
2716 4020 2780 4061 ex
2811 4017 3008 4074 genere
3042 4000 3208 4056 David
3260 3998 3357 4052 de-

1779 4103 2096 4169 scendisse;
2156 4099 2312 4170 juxta
2359 4099 2530 4167 legem
2566 4097 2710 4150 enim
2742 4093 2998 4165 conjuges
3043 4107 3109 4147 ex
3166 4089 3355 4145 eodem

1779 4209 1980 4266 genere
2017 4203 2071 4249 et
2101 4194 2289 4247 eadem
2315 4189 2655 4262 cognationis
2687 4198 2878 4242 catena
2908 4192 3204 4256 prognatos
3238 4195 3358 4235 esse

1774 4290 2085 4357 oportebat.
2123 4284 2259 4353 Quia
2282 4291 2461 4337 autem
2498 4282 2622 4336 Eva:
2653 4281 2857 4335 dictum
2890 4288 3010 4332 erat
3040 4292 3069 4330 a
3103 4274 3356 4337 Domino,

1777 4388 1837 4435 ut.
1872 4380 1924 4433 in
1963 4378 2205 4433 tristitiis
2241 4376 2420 4447 pariat
2453 4375 2591 4428 lilios
2617 4373 2685 4437 ",
2712 4371 2876 4426 solvit
2901 4369 3179 4423 tristitiam
3210 4368 3356 4419 illam

1779 4470 1831 4525 in
1873 4471 2151 4542 gaudium.
2180 4468 2323 4539 quod
2376 4468 2599 4538 angelus
2622 4463 2833 4533 Virgini
2894 4460 3132 4515 aﬂereus
3186 4458 3358 4514 dicit:

133 4537 403 4632 Ρξτωμένη·
460 4546 582 4598 ἐπεὶ
605 4546 663 4599 δὲ
694 4550 1042 4620 κεκατήρατο
1093 4553 1125 4621 ἡ
1159 4549 1299 4614 Εὕα,
1328 4552 1671 4625 εὐλογημένη

1779 4537 1987 4625 Gaude,
2018 4537 2282 4632 gratiosa.
2316 4559 2381 4614 Et
2423 4559 2549 4626 quia
2601 4557 2887 4611 maledicta
2941 4552 3043 4609 fuit
3081 4552 3211 4614 Eva,
3242 4552 3354 4604 hac

131 4619 247 4693 αὕτη
294 4631 509 4687 ἀκούει·
551 4638 882 4709 διελογίζετο
943 4642 1002 4696 δὲ
1051 4645 1182 4714 περὶ
1222 4644 1314 4698 τοῦ
1372 4646 1669 4716 ἀσπασμοῦ

132 4724 246 4819 1m?
239 4722 337 4819 ,ᾡς
352 4728 447 4819 fr“
477 4723 651 4797 οὗτος,
690 4734 763 4803 μὴ
790 4729 899 4805 ἆρα
937 4736 1135 4801 ἄτοπός
1157 4755 1239 4801 τις
1261 4739 1355 4793 καὶ
1391 4743 1667 4811 πορνικδς,

131 4810 259 4903 ὼςέξ
282 4815 464 4888 ἀνδρὸς
496 4824 628 4893 πρὸς
662 4826 853 4897 κόρην,
899 4828 931 4898 ἢ
965 4828 1107 4892 Θεῖος
1129 4846 1145 4862 ·
1178 4831 1367 4903 ἐπειδὴ
1408 4810 1501 4887 καὶ
1531 4833 1666 4888 Θεοῦ

136 4900 295 5003 Eli):qu
314 4909 523 5003 σῦνεστι
544 4916 623 4986 τῷ
648 4919 945 4989 ἀσπασμῷ,
976 4921 1060 4987 τὸ,
1075 4921 1136 4975 '0
1165 4900 1367 4993 Κύριος
1387 4925 1528 4993 μετά
1551 4926 1670 4981 σοῦ.

136 4985 325 5083 ngam»;
355 5001 410 5054 δὲ
437 4985 791 5065 καταστέλλει
822 4985 924 5083 τὴν
971 4985 1199 5083 καρδίαν
1229 4985 1402 5083 ista;
1435 5016 1545 5070 ἀπὸ
1578 5019 1672 5071 τοῦ

138 5078 305 5179 ξάξοὶν
335 5090 404 5156 ὡς
444 5096 508 5150 ἂν
542 5102 600 5154 ὲν
652 5078 923 5173 ἀταραξίᾳ
972 5078 1276 5175 γενομένη,
1315 5078 1529 5175 δέξηται
1573 5108 1667 5179 τὴι

139 5164 263 5275 offa-tt
286 5178 563 5255 ἀπόκρισιν
583 5206 597 5222 ·
656 5192 719 5245 οὐ
897 5164 1203 5267 ξένεδέχιετο
1228 5164 1240 5175 υ
1257 5164 1673 5271 ταραττομένην

139 5263 300 5364 ῗῦῖὴν.
337 5274 571 5348 ἀκριϐῶς
625 5263 850 5342 ἀκούειν
876 5288 945 5342 τὰ
976 5263 1398 5362 συμϐησόμενα*
1426 5263 1564 5364 ὅπερ
1614 5263 1672 5348 δὲ

248 5361 378 5468 εἷπε,
412 5381 841 5451 κεχαριτωμένη,
878 5356 1066 5454 ὥσπερ
1118 5356 1440 5456 έβμθνεύων
1479 5356 1666 5458 φήσιν

142 5448 285 5551 ιξῧρες
309 5462 409 5535 γὰρ
437 5468 595 5539 χάριν
624 5448 855 5526 ἐνώπιον
882 5474 974 5529 τοῦ
1016 5448 1199 5531 ὁεοῦί
1220 5448 1382 5532 τοῦτο
1411 5448 1519 5551 γάρ
1542 5448 1670 5536 ’ἐστι

140 5541 191 5593 τὸ
230 5559 627 5644 κεκαρπῶσθαι,
663 5562 725 5618 τὸ
780 5567 963 5637 εὑρεῖν
1014 5570 1175 5641 χάριν
1231 5574 1383 5643 παρὰ
1412 5541 1501 5643 τῷ.
1527 5575 1667 5644 Θεῷ,

143 5640 401 5713 τουτέστιν,
424 5652 615 5723 ἀρέσαι
636 5654 756 5726 Θεῷ
779 5674 793 5691 ’
825 5659 960 5716 ἀλλά
984 5640 1140 5717 τοῦτο
1169 5662 1269 5736 μὲν
1296 5640 1475 5721 κοινόν
1494 5681 1511 5699 '
1537 5640 1670 5722 πολ-

204 5815 241 5848 "
274 5820 396 5886 Gen.
422 5847 496 5902 lit,
524 5836 604 5896 i6.

1780 4657 1978 4711 dicitur
2017 4657 2322 4710 benedicta.
2373 4651 2771 4707 Considerabat
2823 4659 3002 4703 autem
3052 4651 3116 4700 de
3154 4645 3359 4697 saluta-

1780 4748 1945 4810 tione,
1975 4746 2279 4814 qualisnam
2315 4753 2479 4809 esset,
2518 4757 2645 4795 num
2701 4739 2938 4794 absurda
2966 4749 3018 4792 et
3058 4735 3352 4805 procatrix,

1780 4852 1842 4892 ac
1881 4836 2057 4904 qualis
2087 4835 2187 4888 viri
2221 4834 2287 4887 ad
2340 4832 2601 4903 puellam,
2643 4846 2711 4885 an
2762 4831 2977 4884 divina:
3008 4827 3133 4896 quia
3173 4832 3228 4877 et
3261 4820 3355 4876 Dei

1779 4931 1982 4984 mentio
2002 4930 2143 4983 inter
2162 4925 2503 4981 salutandum
2528 4924 2828 4990 facta,cum
2853 4922 3142 4983 diceretur,
3173 4917 3357 4969 Domi-

1777 5038 1881 5078 nus
1906 5031 2106 5077 tecum.
2136 5021 2376 5075 Primum
2418 5027 2600 5073 autem
2634 5017 2884 5070 timorem
2921 5027 2949 5065 a
2977 5011 3140 5065 corde
3184 5009 3357 5077 ipsius

1780 5114 2010 5185 vepellit,
2071 5124 2129 5167 ut
2174 5114 2225 5167 in
2270 5115 2455 5177 quiete
2519 5110 2814 5166 constituta
2860 5105 3101 5160 divinum
3136 5116 3359 5167 respon-

1776 5222 1899 5264 sum
1946 5206 2197 5276 accipiat.
2231 5203 2420 5274 Neque
2469 5205 2614 5259 enim
2651 5200 2763 5255 ﬁeri
2796 5206 2976 5269 potest
3024 5206 3081 5250 ut
3137 5194 3351 5248 turbata

1777 5301 2065 5373 dilignnter
2094 5301 2278 5356 audiat
2309 5314 2428 5369 qua:
2457 5305 2718 5353 eventura
2743 5303 2889 5347 sunt.
2923 5289 3097 5344 Porro
3122 5288 3173 5342 id
3208 5286 3350 5355 quod

1775 5410 1936 5465 supra
1968 5395 2124 5460 dixit,
2152 5393 2410 5464 gratiosa,
2439 5389 2588 5459 quasi
2619 5389 2982 5451 interpretans
3005 5382 3168 5436 dicit:
3197 5376 3352 5432 Inve-

1776 5487 1901 5541 nisti
1945 5485 2088 5540 enim
2140 5484 2368 5554 gratiam
2423 5495 2604 5535 coram
2637 5477 2886 5532 Domino.
2931 5473 3039 5528 lloc
3079 5470 3222 5527 enim
3267 5476 3350 5523 est

1775 5578 2065 5649 gratiosam
2097 5591 2240 5638 esse,
2267 5574 2348 5629 vel
2371 5573 2754 5643 gratitlcatam,
2776 5571 2918 5639 quod
2945 5566 3209 5622 invenerit
3229 5577 3354 5632 gra-

1775 5670 1907 5726 tiam
1942 5666 2086 5739 apud
2130 5665 2324 5733 Deum,
2358 5665 2461 5720 hoc
2498 5670 2604 5733 est,
2655 5661 2917 5735 placuerit
2971 5657 3099 5716 Deo.
3153 5654 3349 5711 Verum
