3866 6448
499 370 604 432 70l
1405 375 1981 438 THEOPHYLACTI
2015 373 2426 437 BULGARL‘E
2466 378 2826 440 ARCHIEP.
3636 387 3728 453 701

498 480 604 536 hoc
635 496 920 537 commune
942 483 1103 540 habet
1131 500 1249 538 cum
1272 486 1475 541 multis.
1503 488 1680 544 Multae
1695 489 1840 544 enim
1871 499 1927 543 et
1955 488 2022 544 ali

2198 487 2268 543 iul.
2295 489 2406 559 γάρ
2433 489 2529 541 καὶ
2559 488 2717 543 ἄλλαι
2761 482 2928 560 εὗρον
2971 489 3133 560 χάριν
3171 491 3320 562 παρὰ
3348 491 3430 562 τῷ
3451 491 3586 562 Θεῷ,
3606 496 3659 548 τδ
3679 499 3725 550 δὲ

502 573 829 628 invenerunt
855 577 1084 645 gratiam
1112 593 1295 632 coram
1323 578 1455 644 Deo,
1486 597 1591 636 non
1626 589 1810 636 autem
1843 583 1894 636 id
1933 597 2029 650 quo

1323 578 1455 644 Deo,
1486 597 1591 636 non
1626 589 1810 636 autem
1843 583 1894 636 id
1933 583 2076 650 quod
2180 583 2576 652 ἐπιφερόμενον
2604 582 2701 634 οὐκ
2725 580 2823 636 ἔτι.

502 665 754 721 infertur.

572 758 738 820 Veiis.
775 763 968 819 3l-53.
1027 782 1046 816 i
1077 762 1214 819 Ecce
1234 763 1511 836 coucipies
1543 765 1596 820 in
1619 776 1794 829 utero,
1826 774 1879 821 et
1899 768 2079 837 paries

2259 780 2278 816 ι
2319 762 2428 817 Καὶ
2461 761 2570 818 Ιδοὺ
2603 760 2846 832 συλλήψῃ
2877 762 2935 814 ἐν
2964 761 3184 830 γαστρὶ,
3214 761 3310 814 καὶ
3343 760 3472 831 τέξῃ
3503 761 3722 824 elimati!

505 846 692 914 filium,
719 859 771 903 et
804 849 1022 905 vocabis
1081 864 1276 906 nomen
1310 850 1428 921 ejus
1485 849 1688 907 Iesum.
1719 851 1769 906 Is
1809 854 1913 909 erit
1962 869 2032 908 me

2200 855 2433 920 ιαλέσεις
2459 855 2520 908 τδ
2547 855 2720 925 ὄνομα
2743 853 2908 908 αὐτοῦ
2945 853 3154 927 Ἰησοῦν
3171 869 3184 883 ·
3223 847 3380 917 οὗτος
3405 853 3555 908 ἐσται
3587 857 3727 924 μέγας

504 947 742 1005 gnus,ct
779 939 946 995 Filius
991 941 1253 996 Altissimi
1311 941 1610 997 vocabitur.
1670 942 1734 997 Et
1792 946 1947 1000 dabit
2005 945 2031 1000 il

2204 947 2276 1001 :al
2297 949 2422 1009 Υἱὸς
2437 947 2704 1018 Ὑψίστου
2731 946 3082 1018 κληθήσεται.
3103 945 3214 1000 Καὶ
3229 944 3388 999 δώσει
3401 946 3548 1014 αὐτῷ
3563 947 3731 1017 Κύριος

507 1030 762 1086 Dominus
793 1033 933 1092 Deus
954 1033 1136 1089 sedem
1167 1034 1331 1089 David
1359 1035 1530 1104 patris
1559 1035 1749 1106 ipsius,
1806 1039 2028 1108 regnabi

2205 1061 2210 1086 ι
2255 1036 2386 1100 Θεὸς
2421 1036 2512 1091 τὸν
2567 1036 2757 1108 θρόνον
2810 1036 2976 1090 Δαὸὶδ
3030 1036 3126 1088 τοῦ
3160 1035 3370 1105 πατρὸς
3427 1035 3609 1089 αὐτοῦ.
3644 1039 3732 1094 Καὶ

503 1138 609 1192 que
631 1141 793 1194 super
822 1125 1038 1179 domum
1081 1123 1252 1182 Iacob
1274 1127 1327 1181 in
1362 1134 1622 1182 aeternum
1662 1146 1676 1184 ;
1707 1139 1762 1184 et
1791 1131 1937 1200 regni
1965 1131 2030 1201 eji

2202 1127 2492 1180 ιασιλεύσει
2545 1129 2638 1182 ἐπὶ
2664 1128 2764 1181 τὸν
2790 1122 2940 1180 οἷκον
2987 1125 3179 1180 Ἰακὼὸ
3226 1128 3307 1189 είς
3343 1127 3472 1190 τοὺς
3521 1127 3729 1194 αἰῶνας,

506 1230 611 1268 non
669 1215 776 1270 erit
825 1216 964 1272 linis.
1009 1236 1028 1269 ι
1067 1217 1206 1274 Ecce
1264 1219 1559 1288 concipias,
1623 1221 1725 1275 hoc
1784 1221 2033 1290 singulari

2202 1218 2277 1271 ιαὶ
2329 1219 2428 1287 τῆς
2483 1218 2762 1288 βασιλείας
2797 1219 2960 1272 αὑτοῦ
3005 1220 3107 1272 οὐκ
3159 1221 3318 1272 ἕσται
3349 1220 3525 1281 τέλος.
3564 1239 3581 1270 i
3623 1221 3729 1275 Ἰδοὺ

505 1308 646 1375 quod
677 1307 804 1362 nulli
861 1309 1014 1364 alteri
1040 1325 1379 1366 concessum.
1409 1312 1464 1366 lu
1493 1323 1648 1368 utero
1683 1321 1863 1367 autem
1903 1314 2032 1369 dixit

2203 1309 2434 1380 τυλλήψῃ
2455 1327 2469 1340 ’
2504 1309 2663 1363 τοῦτο
2698 1311 2758 1363 τὸ
2809 1311 3068 1376 ἐξαίσιον,
3090 1305 3152 1366 οὗ
3195 1311 3426 1380 οὐδεμία
3465 1311 3595 1382 άλλη
3623 1331 3730 1366 κατ-

508 1407 562 1451 ιιῑ
595 1399 844 1455 ostendat
871 1400 1158 1455 Dominum
1191 1417 1256 1456 ex
1291 1403 1459 1472 ipsius
1515 1403 1740 1474 virginis
1793 1415 1945 1460 utero
1999 1406 2034 1460 ii

2204 1400 2429 1470 γξιώθηο
2488 1403 2546 1455 ἐν
2597 1403 2796 1474 γαστρὶ
2820 1403 2876 1456 δέ
2907 1399 3082 1467 εἶπεν,
3121 1403 3206 1457 ἵνα
3245 1403 3394 1476 δείξῃ
3441 1404 3530 1456 τὸν
3563 1405 3731 1476 Κύριον

507 1502 792 1544 eariiatum
822 1491 1274 1550 susbtantialiter.
1302 1493 1445 1550 Bene
1472 1506 1652 1550 autem
1685 1496 1862 1552 dictus
1887 1506 1971 1553 est
1995 1495 2034 1552 εἰς

2205 1491 2244 1558 ιε
2267 1491 2435 1561 αὐτῆς
2466 1491 2565 1562 τῆς
2602 1492 2792 1562 νηδύος
2845 1493 2942 1563 τῆς
2975 1493 3254 1563 Παρθένου
3290 1495 3631 1565 σαρκωθέντα
3664 1498 3732 1549 οὑ-

507 1595 620 1642 sus,
653 1583 776 1650 quia
809 1583 879 1637 ob
938 1585 1166 1639 salutem
1213 1586 1383 1640 nosui
1430 1586 1642 1655 generis
1684 1587 1848 1642 venit.
1878 1585 2034 1641 Nouit

2203 1583 2430 1646 τιωδῶς·
2464 1583 2690 1648 δικαίως
2725 1583 2782 1636 δὲ
2830 1583 3032 1654 ἐκλήθη
3091 1583 3301 1654 Ἰησοῦς
3333 1587 3360 1636 6
3388 1587 3487 1637 ἐπὶ
3526 1587 3730 1658 σωτηρία

506 1673 649 1726 enim
681 1675 780 1728 hoc
813 1674 1132 1731 lnGrzecam
1191 1677 1426 1746 linguam
1481 1693 1825 1745 conversum,
1887 1681 2033 1736 diciti

2202 1675 2284 1728 τοῦ
2326 1675 2598 1746 ἡμετέρου
2647 1675 2840 1740 γένους
2872 1675 3082 1729 ἐλθών·
3111 1675 3172 1728 τὸ
3223 1676 3332 1748 γάρ
3363 1677 3536 1746 ὄνομα
3584 1679 3729 1743 τοῦτο,

505 1763 673 1818 salus.
702 1763 861 1820 Jesus
910 1766 1071 1838 igitur
1108 1768 1302 1839 Σωτήρ
1337 1776 1442 1836 est,
1490 1769 1594 1824 hoc
1657 1780 1740 1825 est
1788 1771 2030 1826 salvator

2205 1769 2268 1832 είς
2301 1767 2399 1838 τὴν
2441 1769 2666 1822 Ἐλλάδα
2688 1768 2942 1837 γλῶσσαν
2976 1767 3468 1838 μεταϐαλλόμενον,
3502 1771 3636 1825 Θεοῦ
3665 1766 3732 1825 λέ-

505 1858 628 1927 quia
661 1869 714 1912 et
750 1858 849 1912 ίαώ
875 1836 1021 1914 salus
1043 1836 1411 1916 dicitur.iErit
1457 1873 1659 1930 autem,
1699 1864 1899 1931 inquit,
1959 1881 2032 1918 ma

2200 1836 2663 1930 retai'awmpfa'
2703 1836 2926 1930 Ἰησοῦς
2957 1836 3052 1916 οὖν
3112 1836 3322 1930 Σωτὴρ
3374 1863 3727 1935 ἑρμηνεύεται,

507 1964 667 2016 guns,
689 1960 740 2003 et
787 1949 955 2006 Filius
980 1952 1240 2008 Altissimi
1267 1955 1569 2009 vocabitur.
1606 1953 1829 2026 Magnus
1864 1958 2034 2027 quidei

2200 1955 2268 2008 ὅτι
2326 1953 2421 2007 καὶ
2464 1952 2564 2007 ίαὼ
2613 1953 2651 2021 ἡ
2709 1953 2972 2022 σωτηρία
3004 1952 3242 2022 λέγεται.
3277 1955 3478 2009 Ἔσται
3502 1955 3575 2019 δὲ,
3607 1957 3727 2026 φησὶ,

508 2039 610 2096 fuit
640 2055 694 2098 et
717 2041 975 2113 Joannes,
1007 2047 1100 2102 sed
1127 2064 1233 2102 non
1258 2047 1324 2102 ad
1355 2049 1457 2104 hoc
1482 2048 1745 2105 Altissimi
1775 2049 1962 2106 Filius.
1989 2050 2035 2105 Ji

2201 2043 2388 2114 μέγας,
2433 2047 2528 2100 καὶ
2580 2045 2706 2110 Υἱὸς
2749 2044 3008 2115 Ὑψίστου
3036 2046 3393 2117 κληθήσεται.
3437 2048 3620 2115 Μέγας
3652 2051 3728 2118 μὲν

507 2149 600 2189 sus
633 2151 763 2191 vero
795 2153 1021 2208 magnus
1065 2141 1306 2209 quidem,
1360 2156 1426 2196 eo
1456 2143 1600 2211 quod
1653 2143 1833 2198 docuit
1865 2161 1879 2196 :
1913 2143 2034 2200 Filii

2198 2133 2254 2208 ἣν
2293 2139 2385 2191 καὶ
2407 2139 2435 2191 6
2476 2137 2900 2208 Ἰωάννης,,άλλ’
2921 2138 3020 2193 οὐκ
3049 2138 3130 2192 ἔτι
3159 2139 3255 2193 καὶ
3297 2140 3426 2203 Υἱὸς
3471 2141 3725 2209 Ὑψίστου·

508 2235 686 2281 autem
729 2228 1013 2298 Altissimi,
1045 2241 1099 2286 et
1149 2241 1372 2302 propter
1405 2232 1543 2289 istuc
1593 2235 1766 2302 ipsum
1805 2251 1819 2289 :
1854 2236 2035 2291 dooeb:

2201 2231 2214 2284 5
2246 2229 2303 2283 δέ
2323 2246 2386 2297 γε
2417 2228 2629 2299 Σωτὴρ,
2673 2229 2846 2298 μέγας
2888 2229 3006 2299 μὲν,
3043 2230 3179 2285 καθὸ
3219 2230 3524 2286 ἐδίδασκεν.
3549 2231 3660 2295 Υίδς
3685 2234 3728 2287 δέ

506 2318 650 2374 enim
679 2320 817 2375 sicut
846 2324 1219 2379 auctoritatem
1262 2324 1467 2381 habens
1493 2344 1505 2377 :
1539 2335 1593 2380 et
1616 2335 1833 2396 propter
1865 2328 2033 2384 niirab

2201 2321 2480 2391 Ὑψίστου,
2511 2321 2598 2376 διά
2620 2338 2679 2374 τε
2708 2320 2867 2376 τοῦτο
2891 2322 3023 2376 αὐτὸ
3059 2322 3333 2392 (ἐδίδασκε
3365 2324 3476 2394 γὰρ
3511 2325 3581 2388 ὡς
3609 2325 3728 2391 {Eoo-

510 2409 638 2465 lium
666 2414 1047 2468 miraculorum
1087 2417 1477 2486 operationem.
1521 2419 1757 2474 Vocatur
1789 2430 1968 2475 autem
1999 2419 2037 2474 If

2201 2414 2311 2468 τίαν
2344 2413 2534 2484 ἔχων),
2567 2413 2664 2466 καὶ
2699 2413 2787 2467 διὰ
2825 2413 2924 2483 τὴν
2979 2414 3088 2467 τῶν
3134 2414 3431 2485 θαυμάτων
3466 2418 3728 2486 παραδοξο-

511 2503 614 2558 lius
642 2505 933 2571 Altissimi,
965 2509 1056 2578 qui
1087 2510 1382 2580 apparebat
1424 2511 1604 2568 homo.
1632 2511 1763 2567 Nam
1796 2513 1924 2582 quia
1975 2529 2038 2568 un

2200 2505 2406 2560 ποιίανο
2458 2503 2704 2558 καλεῖται
2759 2503 2817 2557 δέ
2879 2503 3007 2567 Υἱὸς
3050 2502 3312 2572 Ὑψίστου
3363 2506 3392 2557 6
3439 2506 3727 2574 φαινόμενος

510 2597 612 2652 ῖυίι
651 2600 974 2671 hyposmsis,
1015 2619 1202 2658 revera
1238 2603 1406 2660 Filius
1461 2606 1726 2662 Altissimi
1760 2605 1862 2662 fuit
1915 2606 2037 2662 Filii

2198 2598 2503 2669 Ξνθρωποςο
2535 2597 2658 2650 ἐπεὶ
2689 2597 2799 2668 γὰρ
2837 2599 2935 2666 μία
2959 2592 3028 2666 ἦν
3051 2597 3370 2662 ὑπόστασις,
3398 2597 3477 2666 τῷ
3503 2597 3611 2649 δντι
3632 2596 3725 2660 Υἱὸς

512 2691 751 2759 virginis.
798 2692 864 2748 Et
893 2693 995 2749 fuit
1031 2696 1246 2765 quidem
1302 2698 1468 2769 276
1507 2709 1633 2754 ante
1673 2701 1868 2755 saecula
1916 2697 2039 2753 Filii

2198 2691 2455 2760 Ὑψίστου
2493 2685 2563 2761 ἦν
2611 2689 2640 2743 6
2675 2688 2957 2758 ἄνθρωπος
2981 2690 3009 2742 6
3037 2689 3164 2754 Υίδς
3191 2689 3290 2757 τῆς
3316 2687 3614 2760 Παρθένου.
3645 2683 3725 2741 Ἦν

508 2781 772 2838 Altissimi
851 2786 1124 2855 Verbum,
1204 2790 1297 2846 sed
1357 2806 1463 2846 non
1545 2793 1837 2848 vocabatur
1911 2807 2035 2861 neqi

2197 2781 2290 2852 μὲν
2319 2781 2428 2851 γὰρ
2457 2781 2552 2834 καὶ
2584 2779 2690 2851 πρὸ
2710 2779 2817 2832 τῶν
2837 2779 3047 2832 αἰώνων
3072 2779 3201 2842 Υἱὸς
3242 2780 3499 2849 Ὑψίστου
3522 2781 3550 2830 6
3572 2779 3724 2847 Λόγος.

508 2877 984 2945 cogiioscebatur;
1071 2887 1354 2950 postquam
1479 2894 1657 2938 autem
1746 2885 2035 2940 incarnatu:

2198 2873 2302 2928 αλλ’
2335 2874 2434 2927 οὐκ
2473 2872 2739 2936 ἐκαλεῖτο,
2801 2871 2922 2925 οὐδὲ
2978 2871 3340 2942 ἐγνωρίζετο·
3377 2874 3501 2926 ἐπεὶ
3524 2872 3725 2942 δὲέσαρσ

507 2975 593 3022 est
659 2977 713 3024 et
779 2973 1026 3041 apparuit
1073 2973 1126 3027 iii
1169 2989 1363 3041 carne,
1420 2985 1546 3032 tunc
1590 2987 1646 3032 et
1706 2986 1958 3031 vocatum
2003 2992 2031 3030 e

2198 2963 2338 3034 ιιώθη
2381 2965 2476 3019 καὶ
2497 2963 2813 3036 ἐφανερώθη
2861 2967 2919 3018 ἐν
2953 2968 3141 3034 σαρκὶ,
3174 2965 3297 3018 τότε
3335 2965 3400 3035 δὴ
3440 2967 3534 3020 καὶ
3561 2963 3725 3034 ἐκλήθη

513 3058 683 3116 Filius
733 3061 1018 3135 Altissimi,
1066 3067 1156 3137 qui
1191 3067 1484 3139 apparebat
1515 3077 1570 3124 et
1605 3069 1859 3126 miracula
1915 3068 2040 3126 facit

2196 3059 2316 3124 Υἱὸς
2349 3058 2631 3129 Ὑψίστου,
2658 3061 2686 3112 6
2720 3058 3046 3130 φαινόμενος
3067 3061 3162 3112 καὶ
3189 3059 3260 3112 τὰ
3289 3059 3549 3127 θαύματα
3575 3058 3723 3112 ποιῶν.

512 3150 628 3206 bat.
681 3153 925 3211 Audiens
956 3173 1085 3214 vero
1135 3160 1390 3215 thronum
1422 3161 1506 3216 vel
1562 3163 1742 3216 sedem
1772 3161 1959 3228 David,
2017 3177 2039 3215 ll

2200 3156 2386 3227 θρόνον
2412 3155 2470 3210 δὲ
2501 3154 2666 3208 Δαυῖδ
2699 3154 2937 3222 ἁκούων,
2971 3156 3044 3226 μὴ
3076 3156 3344 3226 αἰσθητὴν
3368 3156 3635 3227 βασιλείαν
3662 3156 3727 3208 νίκα

512 3255 670 3316 putes
701 3249 955 3305 sensibile
985 3251 1254 3320 quoddam
1278 3266 1525 3322 regnum,
1555 3253 1649 3308 sed
1680 3253 1944 3316 divinum,
1975 3267 2039 3323 qu

2198 3249 2339 3320 μιζε,
2369 3249 2506 3302 ἀλλὰ
2532 3247 2719 3304 θείανο
2751 3250 2819 3320 ἦν
2853 3247 3205 3302 ἐϐασίλευσεν
3229 3249 3324 3302 ἐπὶ
3354 3249 3531 3302 πάντα
3553 3249 3614 3302 τά
3628 3248 3725 3314 ἔθνη

511 3335 754 3402 regnavit
779 3351 946 3407 super
977 3351 1169 3396 omnes
1222 3351 1411 3409 gentes
1434 3355 1532 3411 per
1553 3341 1790 3396 divinam
1825 3343 2038 3410 praedic:

2199 3341 2277 3394 διὰ
2307 3341 2400 3395 τοῦ
2453 3342 2602 3396 θείου
2634 3341 2992 3413 κηρύγματος
3014 3356 3027 3370 ·
3065 3337 3212 3402 οἰκος
3252 3340 3363 3411 γὰρ
3405 3340 3612 3407 Ἰακὼϐ,
3657 3341 3726 3392 καὶ

512 3425 733 3481 tionem.
776 3425 978 3485 Domus
996 3431 1140 3486 enim
1169 3430 1339 3489 Iacob
1370 3445 1498 3488 sunt
1529 3434 1582 3488 hi
1616 3435 1708 3504 qui
1751 3449 1818 3490 ex
1848 3433 2036 3490 IIebrre

2199 3434 2240 3487 οἱ
2285 3433 2346 3500 ἐξ
2385 3433 2659 3506 Ἐϐραίων
2706 3435 3136 3498 πιστεύσαντες·
3173 3433 3265 3488 val.
3298 3433 3406 3504 μὴν
3442 3433 3536 3488 καὶ
3577 3435 3618 3486 οἱ
3644 3433 3726 3486 ἀπ’)

513 3517 886 3592 crediderunt.
948 3529 1112 3591 atque
1159 3524 1322 3579 etiam
1354 3525 1447 3594 qui
1491 3540 1560 3582 ex
1632 3525 1755 3580 aliis
1810 3525 2040 3597 gentibu;

2200 3524 2298 3578 τῶν
2344 3525 2522 3580 ἄλλων
2569 3525 2768 3579 ἐθνῶν·
2801 3519 2950 3578 οὗτοι
3007 3524 3117 3594 γὰρ
3161 3523 3390 3594 κυρίως,
3429 3523 3613 3578 Ἰακὼδ
3657 3520 3727 3574 καί

508 3609 591 3666 Illi
614 3611 988 3681 enimproprie
1011 3612 1179 3671 Jacob
1207 3625 1262 3670 et
1298 3615 1484 3673 Israel.
1543 3617 1608 3673 Et
1633 3620 1908 3690 quomodo
1953 3620 2035 3674 dic

2204 3617 2442 3688 Ἰσραήλ.
2481 3617 2604 3678 Πῶς
2657 3614 2716 3671 δέ
2777 3617 2996 3685 λέγεται
3028 3616 3250 3670 καθίσαι
3309 3617 3403 3668 ἐπὶ
3436 3617 3526 3669 τὸν
3576 3614 3727 3685 θρόνον

507 3708 603 3756 tur
630 3701 821 3759 sedere
852 3718 1013 3776 super
1041 3706 1226 3764 sedem
1249 3707 1454 3765 David?
1493 3709 1658 3765 Audi.
1699 3710 1867 3766 David
1891 3727 2034 3782 parvi

2202 3708 2388 3775 Δαυῖδς
2423 3710 2648 3763 ’Δκουεο
2677 3707 2736 3762 '0
2761 3707 2942 3772 Δαυῒδ,
2963 3709 3157 3780 μικρὸς
3188 3711 3245 3764 ἐν
3263 3712 3376 3774 τοῖς
3397 3708 3635 3777 ἀδελφοῖς
3656 3706 3729 3758 αἰ-

506 3801 628 3849 erat
668 3794 810 3849 inter
869 3795 1066 3854 fratres
1088 3813 1238 3866 suos,
1293 3811 1349 3857 et
1392 3800 1658 3858 Dominus
1689 3819 1906 3876 quoque
1959 3819 2033 3860 co:

2200 3800 2284 3855 τοῦ
2304 3817 2321 3836 ο
2363 3803 2460 3857 καὶ
2493 3805 2520 3856 6
2543 3801 2751 3874 Κύριος
2784 3785 3235 3873 ἐξουθενημένος,
3271 3806 3366 3856 καὶ
3414 3797 3727 3870 διασεδλημέι

512 3893 750 3956 temptas
779 3895 834 3943 et
863 3898 1080 3946 taxatus
1109 3902 1166 3946 ut
1197 3893 1332 3948 edax
1387 3903 1440 3948 et
1471 3895 1580 3950 vini
1612 3905 1792 3966 potor,
1848 3906 1904 3950 et
1947 3894 2036 3952 fab

2198 3912 2279 3959 νος
2307 3894 2384 3958 ὡς
2418 3896 2592 3964 φάγος
2640 3895 2734 3950 καὶ
2765 3895 3054 3966 οἰνοπότης
3082 3897 3177 3950 καὶ
3222 3897 3477 3958 τέκτονος
3506 3893 3629 3957 υίὸς,
3656 3891 3725 3946 καὶ

510 3976 678 4044 filius,
705 3989 759 4034 et
785 3995 813 4034 a
839 3978 1096 4038 fratribus
1123 3984 1238 4039 suis
1273 3984 1397 4040 [iliis
1419 3983 1621 4057 Ioseph
1658 3987 2037 4057 despiciebatu

2197 3987 2349 4058 παρὰ
2405 3989 2520 4052 τοῖς
2549 3987 2802 4058 ἀδελφοῖς
2831 3987 3019 4050 αὐτοῦ,
3077 3989 3190 4048 τοῖς
3222 3988 3358 4050 υἱοῖς
3397 3987 3606 4056 Ἰωσὴφ,
3632 3985 3724 4037 άτι-

510 4069 698 4140 Neque
723 4073 864 4128 cnim
899 4072 1100 4130 fratres
1127 4075 1264 4144 ejus,
1293 4077 1488 4147 inquit,
1527 4079 1826 4151 credebant
1849 4079 1901 4135 in
1936 4094 2037 4135 eun

2198 4079 2502 4149 μαξάμενος
2523 4095 2536 4110 ο
2563 4079 2686 4134 ούδέ
2722 4079 2830 4150 γὰρ
2869 4081 2918 4132 oi
2942 4078 3166 4148 ἀδελφοὶ
3187 4079 3378 4144 αὐτοῦ,
3408 4079 3583 4148 φησὶν,
3620 4073 3725 4127 ἐπί-

511 4161 604 4216 llle
625 4179 746 4218 cum
779 4166 1142 4235 beiiefaceret,
1171 4171 1602 4238 persecutionem
1635 4171 1946 4241 patiebatur
1977 4186 1992 4225 :
2031 4191 2038 4223 ι

2199 4188 2383 4226 στευον
2415 4171 2497 4234 εἰς
2522 4171 2689 4224 αὐτόν
2712 4187 2724 4200 ·
2760 4173 2966 4234 ἐκεῖνος
2996 4171 3299 4240 εὐεργετῶν
3333 4170 3580 4224 ἐδιώκετο
3599 4183 3611 4196 ·
3655 4165 3726 4218 καὶ

512 4255 774 4312 Dominus
803 4273 1020 4330 quoque
1072 4261 1332 4316 miracula
1383 4262 1590 4319 faciens
1624 4265 1990 4320 accusabatur
2034 4288 2039 4313 ‹

2195 4265 2467 4334 δΚύριος,
2503 4263 2758 4334 θαύματα
2792 4263 2960 4318 ποιῶν
2993 4262 3322 4324 διεϐάλλετο,
3353 4262 3444 4315 καὶ
3466 4259 3722 4322 ἐλιθάζετο.

513 4342 869 4410 lapidabatur.
898 4344 993 4399 Ille
1021 4361 1115 4414 per
1149 4349 1618 4406 mansuetudinem
1667 4351 1796 4406 vicit
1817 4359 1872 4406 et
1893 4364 2040 4420 regii:

2203 4353 2440 4417 Ἐκεῖνος
2490 4353 2579 4406 διὰ
2630 4353 2934 4426 πραότητος
2998 4353 3219 4422 ἐνίκησε
3276 4352 3374 4406 καὶ
3417 4349 3723 4404 ἐϐασίλευσε·

513 4432 610 4496 vit,
630 4440 686 4485 et
719 4431 976 4489 Dominus
999 4449 1095 4502 per
1147 4438 1618 4495 mansuetudinem
1647 4449 1901 4510 suscepta
1928 4455 2040 4495 crui

2194 4444 2285 4498 καὶ
2306 4445 2334 4498 6
2368 4445 2590 4514 Κύριος,
2611 4443 2699 4497 διὰ
2727 4443 3016 4514 πραότητα
3045 4441 3279 4513 σταυρὸν
3305 4439 3721 4506 καταδεξάμενος.

518 4523 782 4591 regnavit.
817 4521 980 4580 Vides
1003 4527 1272 4596 quomodo
1293 4529 1504 4585 dicatur
1554 4531 1744 4586 sedere
1782 4546 1946 4600 super
1998 4546 2045 4588 si

2196 4533 2558 4588 ἐδασίλευσεν.
2611 4533 2775 4602 Ὁρᾷς
2828 4533 2946 4596 πῶς
2992 4532 3213 4600 λέγεται
3260 4530 3484 4583 καθίσαι
3531 4526 3612 4580 ἐτιί
3656 4523 3723 4577 τὸν

515 4615 637 4670 dem
669 4615 876 4672 David?
897 4617 1031 4672 Nam
1071 4620 1213 4675 sicut
1238 4621 1402 4678 David
1421 4624 1678 4678 sensibile
1707 4638 1931 4695 regnum
1963 4639 2042 4680 sui

2196 4624 2382 4695 θρόνον
2413 4625 2616 4691 Δαυῖδ;
2654 4625 2746 4688 Ὠς
2777 4626 2886 4694 γὰρ
2923 4627 2950 4677 ὁ
2979 4622 3143 4677 Δαυῒδ
3191 4622 3287 4692 τὴν
3324 4619 3576 4690 αἰσθητὴν
3605 4617 3723 4688 βασι-

514 4710 681 4780 cepit,
708 4711 780 4764 ita
807 4720 862 4764 et
922 4713 1180 4769 Dominus
1229 4715 1533 4784 spirituale,
1583 4715 1738 4786 cujus
1795 4718 1948 4789 rcgui
1984 4733 2041 4773 uc

2193 4717 2340 4771 λείαν
2362 4717 2576 4783 ἔλαϐεν,
2596 4717 2740 4772 οὓτω
2768 4719 2859 4771 καὶ
2882 4719 2910 4770 6
2941 4717 3145 4786 Κύριος
3175 4717 3274 4782 τὴν
3299 4717 3497 4784 νοητήν
3519 4730 3532 4743 ⁶
3566 4707 3624 4780 ἧς
3647 4708 3719 4760 οῧι

512 4803 617 4856 erit
644 4803 788 4858 linis.
827 4803 944 4859 Non
980 4805 1122 4859 enim
1171 4805 1294 4862 linis
1331 4809 1482 4878 regni
1532 4807 1762 4876 Chi-isti,
1830 4813 1934 4865 hoc
1985 4825 2039 4866 es

2196 4809 2350 4864 ἔσται
2375 4809 2525 4874 τέλος
2547 4825 2561 4841 ⁶
2591 4809 2692 4864 οὐκ
2739 4809 2894 4863 ἔσται
2925 4808 3034 4880 γὰρ
3069 4808 3220 4870 τέλος
3237 4807 3337 4876 τῆς
3368 4803 3630 4874 βασιλείας
3652 4797 3723 4851 τοῦ

514 4894 809 4964 agnitionis
837 4898 926 4952 Dei
965 4907 1020 4953 et
1044 4897 1468 4956 Christianismi.
1508 4900 1642 4956 Nam
1673 4912 1728 4957 et
1754 4918 1876 4958 cum
1912 4920 2041 4976 ροισι

2198 4901 2458 4972 Χριστοῦ,
2481 4901 2748 4964 τουτέστι,
2781 4901 2880 4970 τῆς
2910 4899 3240 4968 θεογνωσίας
3271 4899 3368 4950 καὶ
3392 4896 3482 4949 τοῦ
3509 4896 3723 4962 Χριστια-

513 4988 786 5044 cntionem
806 4990 1064 5060 patimur,
1096 4993 1270 5063 gratia
1303 4993 1505 5050 Christi
1528 4994 1807 5052 floremiis.

2197 4990 2417 5062 νισμοῦ.
2455 4991 2564 5045 Καὶ
2591 4991 2916 5061 διωκόμενοι
2943 4990 3072 5061 γάρ,
3109 4989 3402 5059 λάμπομεν
3432 4988 3601 5058 χάριτι
3623 4983 3723 5050 X9:-

2200 5103 2351 5139 στου.

591 5165 756 5223 Vsus.
782 5169 872 5233 54,
913 5170 1004 5228 55.
1035 5187 1054 5223 ι
1098 5171 1244 5226 Dixit
1271 5180 1450 5227 autem
1488 5172 1655 5228 Maria
1702 5176 1769 5230 ad
1810 5175 2092 5244 angelum:

2275 5193 2291 5226 i
2332 5170 2466 5228 Εἶπε
2494 5173 2551 5227 δὲ
2585 5171 2815 5243 Μαριάμ
2853 5173 2988 5244 πρὸς
3019 5173 3108 5226 τὸν
3140 5171 3398 5241 ἄγγελον
3445 5171 3562 5232 Πῶς
3604 5167 3720 5219 ἔσται

517 5259 797 5324 Quomodo
821 5263 925 5316 erit
955 5262 1120 5328 istud,
1170 5264 1604 5334 quandoquidem
1635 5265 1807 5320 virum
1863 5283 1971 5322 non
2003 5282 2044 5321 Ct

2199 5266 2379 5333 τοῦτο,
2421 5266 2542 5320 ἐπεὶ
2592 5265 2763 5336 ἄνδρα
2817 5265 2877 5318 οὺ
2907 5262 3196 5333 γινώσκω;
3233 5264 3358 5318 Καὶ
3393 5256 3720 5331 ἀποκριθεὶςὸ

519 5351 766 5420 guosco?
796 5350 1226 5423 Etrespondens
1259 5355 1504 5426 angelus,
1566 5356 1704 5410 dixit
1736 5355 1785 5410 ei
1812 5373 1826 5412 :
1857 5355 2046 5428 Spiriti

2201 5357 2454 5427 ἄγγελος,
2501 5352 2653 5410 εἶπεν
2701 5356 2876 5428 αὐτῇ·
2931 5355 3157 5425 Πνεῦμα
3204 5354 3363 5422 ἅγιον
3423 5349 3719 5406 ἐπελεύσεται

521 5451 743 5500 sanctus
763 5449 1107 5514 superveniet
1136 5447 1188 5502 iu
1222 5460 1296 5514 te,
1322 5457 1375 5505 et
1402 5449 1573 5506 virtus
1601 5449 1864 5505 Altissimi
1907 5451 2048 5504 obuu

2199 5450 2290 5503 ἐπὶ
2321 5448 2416 5514 σέ,
2476 5449 2570 5500 καὶ
2609 5447 2837 5518 δύναμις
2873 5446 3131 5515 Ὑψίστου
3178 5444 3490 5498 ἐπισκιάσει
3535 5460 3627 5505 σοι,
3663 5435 3719 5490 διδ

524 5535 700 5589 brabit
727 5536 821 5590 tibi
872 5554 884 5590 :
923 5547 1251 5610 quapropter
1281 5553 1332 5596 et
1363 5541 1503 5611 quod
1540 5551 1795 5598 nascetur
1825 5555 2051 5598 sancluu

2201 5542 2297 5596 καὶ
2331 5542 2392 5596 τὸ
2418 5539 2760 5610 γεννώμενον
2795 5539 2969 5607 ἅγιον,
3006 5538 3340 5608 κληθήσεται
3379 5537 3504 5600 Υἱὸς
3539 5530 3674 5588 Θεοῦ.
3702 5545 3714 5577 ι

530 5629 804 5682 vocabitur
833 5628 1004 5685 Filius
1031 5630 1146 5687 Dei.
1188 5651 1205 5684 ι
1242 5630 1358 5689 Non
1387 5634 1540 5702 quasi
1572 5635 1888 5690 discredeus
1923 5635 2057 5706 Virg

2203 5633 2314 5704 Οὐχ
2335 5633 2412 5695 ὡς
2429 5634 2776 5702 ἁπιστήσασα
2803 5631 2835 5701 ἡ
2866 5629 3164 5701 Παρθένος,
3198 5626 3323 5682 εἷπε
3355 5629 3435 5697 τὸ,
3466 5627 3579 5688 Πῶς
3603 5623 3716 5676 ἔσται

538 5719 672 5774 dixit.
700 5737 714 5774 :
753 5719 1036 5787 Quomodo
1063 5724 1169 5778 erit
1195 5725 1328 5780 milii
1360 5725 1542 5782 istud?
1577 5728 1670 5782 sed
1702 5736 1759 5782 ut
1786 5730 2020 5796 prudens
2048 5744 2065 5783 ι

2207 5743 2296 5796 μοι
2327 5725 2522 5792 τοῦτο;
2571 5724 2688 5778 ἀλλ’
2734 5723 2809 5788 ὡς
2844 5723 2982 5794 σοφὴ
3021 5723 3114 5776 καί
3162 5723 3382 5792 συνετὴ,
3437 5714 3713 5787 ἐπιζητοῦσα

535 5813 860 5883 intelligens,
892 5825 946 5872 ut
976 5816 1169 5884 discat,
1227 5817 1444 5874 modum
1506 5818 1748 5888 inquirit.
1779 5818 1897 5877 Non
1953 5819 2062 5878 cuii

2208 5816 2400 5888 μαθεῖν
2420 5815 2508 5871 τὸν
2543 5815 2740 5888 τρόπον
2775 5814 2868 5870 τοῦ
2897 5816 3218 5888 πράγματος
3242 5830 3254 5844 °
3285 5813 3406 5869 οὺδέ
3443 5812 3542 5882 γάρ
3568 5800 3713 5878 γέγονέ
