3866 6448
121 413 223 478 Ἰῡῦ

850 399 1296 464 ENARRATIO
1331 401 1412 462 IN
1453 398 1959 463 EVANGELIUM
1989 398 2222 460 I.UC.'E.
2253 426 2323 436 -
2344 402 2504 466 CAP.
2547 405 2593 464 Ι.

3255 401 3358 471 τΟό

129 547 173 582 τι
195 521 423 578 τοιοῦτον
456 516 876 590 πρότερον,οῦδὲ
905 515 1043 586 μετᾶ
1063 514 1234 569 ταῦτα
1264 513 1681 586 γενήσετσ.ι.Διδ

1796 513 1936 580 prius
1967 513 2071 567 tale
2101 503 2355 581 quiddam
2398 514 2596 570 factum
2625 527 2728 583 est,
2762 532 2935 588 neque
2964 521 3191 590 posthac
3244 524 3354 576 lict.

129 620 211 673 καὶ
237 611 593 682 συγγινώσκει
623 611 758 680 αῦτῇ
796 611 825 662 6
845 609 1094 677 ἅγγελος,
1137 609 1230 663 καὶ
1260 609 1319 662 οῦ
1361 607 1682 677 κατακρίνει

129 713 192 774 ώς
211 710 294 762 16v
317 705 614 776 Ζαχαρίαν,
643 702 778 753 ἀλλὰ
801 701 1001 770 μᾶλλον
1028 700 1316 770 έρμηνεῦει
1345 699 1435 752 τδν
1457 699 1679 769 τρόπον.

102 792 110 859 ξ
140 803 190 852 Ὀ
216 801 307 867 μὲν
335 799 446 865 γὰρ
503 791 776 861 Ζαχαρίας
817 793 1042 853 εἰκότως
1075 791 1527 853 καταδικάζεται.
1554 785 1682 859 Εἶχε

129 887 223 955 γὰρ
256 881 419 935 πολλὰ
452 881 895 950 παραδείγματα,
931 881 1014 932 ὅτι
1052 897 1158 950 περ
1187 881 1280 934 καὶ
1315 881 1510 933 πολλαὶ
1541 883 1685 932 στεῖ-

131 997 208 1048 ραι
229 979 440 1028 ἔτεκονο
476 976 510 1044 ὴ
550 974 605 1026 δὲ
636 972 909 1040 Παρθένος
942 972 1097 1025 οὐδὲν
1141 971 1256 1042 εἶχε
1304 973 1678 1042 παράδειγμα.

132 1070 335 1140 Πνεῦμα
355 1063 468 1134 οὖν,
489 1068 672 1137 φησὶν,
701 1067 854 1134 ἅγιον
874 1065 1222 1120 ἐπελεύσεται
1244 1067 1334 1117 ἐπὶ
1359 1065 1439 1129 σὲ,
1465 1065 1684 1134 γόνιμον

129 1160 536 1234 παρασκευάζον
581 1159 680 1230 τὴν
732 1161 946 1229 μήτραν
990 1175 1104 1220 σου,
1161 1157 1258 1210 καὶ
1310 1158 1683 1227 δημιουργοῦν

127 1262 212 1328 τὴν
242 1258 414 1326 σάρκα
435 1253 512 1324 τῷ
530 1253 802 1322 ὀμοουσίῳ
828 1253 1017 1322 Λόγῳ·
1060 1251 1286 1321 δύναμις
1315 1251 1371 1303 δὲ
1401 1250 1681 1320 Ὑψίστου,

128 1355 151 1404 6
183 1351 298 1412 Υἰδς
330 1347 422 1400 τοῦ
455 1345 615 1410 Θεοῦ,
650 1345 884 1416 Χριστὸς
921 1347 1029 1413 γὰρ
1054 1348 1056 1351 ’
1082 1345 1216 1398 Θεοῦ
1273 1343 1523 1413 δύναμις,
1566 1347 1685 1398 ὲπι-

137 1443 330 1495 σκιάσει
351 1456 476 1506 ,σοι,
502 1438 805 1501 τουτέστιν,
839 1437 1199 1489 έπισκεπάσει
1219 1453 1299 1497 σε,
1333 1435 1597 1488 πάντοθεν
1624 1452 1682 1487 σε

132 1531 532 1601 τερικυκλώσει.
572 1529 661 1593 Ὠς
710 1529 821 1599 γὰρ
857 1528 1007 1598 ὅρνις
1051 1530 1364 1592 ἐπισκιάζει
1393 1529 1462 1582 τὰ
1498 1527 1683 1581 νοσσία

129 1623 307 1690 ἑαυτῆς
345 1623 440 1674 ὅλα
494 1622 617 1682 ταῖς
650 1618 908 1691 πτέρυξιν
949 1621 1123 1690 αὐτῆς
1172 1620 1682 1691 περιλαμϐάνουσα,

129 1718 253 1770 οὕτω
295 1716 388 1769 καὶ
438 1717 471 1786 ἡ
508 1716 606 1769 τοῦ
665 1716 801 1770 Θεοῦ
832 1715 1065 1786 δύναμις
1099 1714 1227 1782 ὅλην
1255 1715 1548 1786 περιέλαϐε
1583 1715 1683 1785 τὴν

129 1811 380 1880 ’Παρθένον
401 1827 413 1840 ·
452 1810 551 1862 καὶ
571 1809 728 1863 τοῦτο
764 1809 886 1862 ἑστι
919 1809 979 1863 16
1009 1809 1348 1867 ὲπισκιάσατ.
1409 1811 1600 1875 ’Λλλος
1628 1811 1682 1864 δέ

1788 603 1910 660 l.le0
1937 616 1989 661 et
2022 607 2253 674 ignoscit
2284 610 2332 663 ei
2386 609 2628 676 angelus,
2665 619 2718 664 et
2763 626 2868 666 non
2921 618 3247 668 condemnat
3303 625 3360 668 ut

1787 698 2132 764 Zachariam,
2164 703 2255 756 sed
2310 703 2481 773 magis
2507 706 2721 757 modum
2755 707 2932 759 docet.
2972 705 3105 760 Nam
3151 707 3361 761 Zaeha~

1785 792 1896 844 rias
1921 793 2115 846 merito
2173 797 2582 860 condemnatur,
2642 797 2828 851 habuit
2910 801 3056 852 enim
3116 806 3358 870 exempla

1788 883 1977 949 multa,
2009 886 2443 954 quandoquidem
2479 896 2532 940 et
2582 887 2762 942 multa:
2796 891 3005 944 szeriles
3054 904 3310 962 peperunt
3343 913 3356 946 ε

1787 974 1993 1045 Virgini
2029 988 2206 1030 autem
2239 977 2440 1031 nullum
2471 979 2774 1048 exetnplum
2807 995 2940 1034 erat.
2981 983 3214 1052 Spiritus
3254 987 3358 1038 ila-

1785 1083 1910 1136 que,
1965 1069 2118 1131 dicit,
2150 1080 2368 1124 sanctus
2395 1074 2571 1125 veniet
2619 1088 2782 1143 super
2809 1087 2876 1141 te,
2917 1075 3200 1131 fecundum
3241 1082 3363 1134 red-

1785 1159 1920 1214 deus
1955 1171 2164 1214 uterum
2209 1175 2380 1227 tuum,
2409 1171 2464 1216 et
2491 1165 2726 1219 condens
2757 1182 2970 1221 carue'u
3007 1171 3362 1223 consubstan-

1789 1249 1899 1302 tiali
1935 1248 2133 1304 Verbo.
2172 1249 2354 1307 Virtus
2419 1269 2547 1307 vero
2619 1253 2882 1310 Altissiini
2935 1257 3103 1312 Filius
3134 1270 3215 1314 est
3248 1261 3360 1314 Dei.

1785 1339 2036 1394 Christus
2067 1343 2210 1395 enim
2246 1344 2334 1397 Dei
2383 1346 2556 1399 virtus
2579 1356 2681 1400 est.
2711 1348 3063 1404 Ohnmbrabil
3100 1353 3215 1416 tibi,
3253 1353 3358 1406 hoc

1789 1443 1874 1486 est
1935 1446 2185 1504 conteget
2214 1449 2285 1500 te,
2319 1437 2422 1491 hoc
2444 1447 2545 1502 est,
2585 1440 2824 1509 undique
2880 1452 2930 1497 te
2985 1445 3362 1500 circumdabit.

1788 1525 1937 1579 Sicut
1963 1528 2078 1581 avis
2102 1530 2389 1583 obumbrat
2424 1532 2596 1599 pullos
2617 1547 2744 1588 suos
2776 1545 2918 1588 totos
2956 1537 3054 1589 alis
3080 1540 3194 1592 suis
3219 1553 3364 1592 οοιυ⁴

1787 1623 2050 1687 plectens,
2079 1622 2224 1674 itaet
2259 1622 2436 1676 divina
2503 1624 2676 1679 virtus
2741 1637 2905 1680 totam
2955 1631 3218 1697 virginem
3270 1647 3365 1700 ap-

1787 1713 2088 1779 prehendit,
2125 1723 2178 1766 et
2208 1714 2309 1767 hoc
2339 1723 2423 1769 est
2455 1716 2800 1772 obumbrare.
2835 1720 2986 1774 Alius
3016 1733 3194 1776 autem
3216 1727 3364 1792 quis-

1788 1804 1929 1873 piam
1968 1803 2216 1861 fortassis
2245 1808 2406 1874 dicet,
2434 1809 2577 1878 quod
2603 1809 2745 1865 sicut
2795 1813 2972 1878 pictor
2996 1817 3231 1881 primum
3271 1818 3364 1869 de-

130 1921 198 1966 τις
220 1903 373 1972 τυχὸν
407 1903 546 1972 ἐρεῖ,
575 1904 660 1956 ὃτι
689 1902 878 1972 ὥσπερ
903 1904 930 1956 6
954 1902 1244 1973 ζωγράφος
1275 1903 1494 1972 πρῶτον
1526 1904 1681 1956 σκιά-

1796 1898 1974 1962 liueat,
2004 1902 2058 1952 e't
2089 1900 2306 1954 umbras
2329 1901 2555 1970 inducit,
2590 1913 2644 1958 et
2670 1904 2862 1959 deinde
2888 1906 3188 1976 perfectum
3221 1908 3365 1964 colo.

132 1994 219 2058 ζει,
248 1990 364 2047 εἶτα
401 1992 612 2046 τέλειον
635 1994 1080 2064 χρωματουργεῖ,
1111 1993 1255 2047 οὓτω
1282 1995 1373 2047 καὶ
1392 1995 1420 2046 6
1456 1993 1680 2063 Κύριος,

129 2085 270 2149 αὺτδς
301 2085 474 2156 ἐαυτῷ
498 2085 603 2155 τὴν
637 2086 818 2156 σάρκα
841 2085 1214 2155 δημιουργῶν,
1235 2085 1330 2138 καὶ
1368 2087 1468 2156 τὴν
1497 2087 1684 2140 εἰκόνα

131 2174 210 2228 τοῦ
236 2174 520 2245 ἀνθρώπου
553 2175 917 2240 διαπλάττων,
965 2175 1180 2245 πρῶτον
1229 2175 1452 2229 ἐσκίασε
1481 2177 1686 2246 ταύτην

134 2272 182 2323 ἐν
226 2273 286 2342 τῇ
329 2272 514 2342 μήτρᾳ
552 2273 650 2340 τῆς
687 2269 986 2340 Παρθένου,
1029 2271 1095 2324 ὲκ
1137 2270 1246 2324 τῶν
1285 2271 1534 2340 αἱμάτων
1586 2272 1687 2340 τῆς

131 2364 466 2434 ἁειπαρθένου
531 2364 709 2436 σάρκα
760 2363 1086 2435 συμπήξας,
1139 2360 1257 2417 εἶτα
1305 2364 1426 2417 κατ’
1484 2363 1682 2432 ὀλίγων

137 2455 401 2526 μορφώσας
427 2457 630 2528 αὐτήν.
664 2456 825 2510 Ἀλλὰ
845 2455 1004 2510 τοῦτο
1031 2455 1335 2526 ἀμφίϐολον
1359 2472 1372 2486 °
1396 2457 1446 2509 οἰ
1465 2457 1563 2527 μὲν
1579 2457 1687 2527 γὰρ

134 2551 381 2618 λέγουσιν,
443 2553 535 2604 ὅτι
594 2549 712 2620 ἅμα.
749 2550 829 2621 τῷ
866 2550 959 2603 τὸν
1012 2549 1217 2622 Κύριον
1252 2550 1572 2604 ὲπισκιάσαι
1618 2552 1685 2622 τῇ

137 2645 295 2714 μήτρᾳ
318 2644 414 2715 τῆς
471 2643 783 2715 Παρθένου,
829 2643 990 2707 εὐθὺς
1023 2642 1227 2696 τέλειον
1255 2638 1322 2714 ἦν
1375 2643 1437 2696 τὸ
1467 2642 1686 2714 βρέφος⁹

133 2738 175 2790 οἰ
203 2737 252 2790 δὲ
293 2737 350 2790 οὐ
401 2737 812 2808 παραδέχονται
842 2735 1023 2791 τοῦτο.
1077 2736 1277 2790 ’Δκουε
1312 2735 1498 2805 γάρτί
1531 2750 1688 2806 φησιο

137 2832 212 2884 Διὸ
228 2833 312 2885 καὶ
345 2831 404 2886 τδ
440 2832 794 2901 γεννώμενον
821 2831 997 2899 ἆγιον,
1031 2830 1302 2896 τουτέστι,
1326 2831 1386 2882 τὸ
1415 2831 1555 2883 κατὰ
1595 2830 1692 2899 μέ-

142 2941 215 2995 ρος
246 2926 294 2977 ὲν
320 2927 385 2996 τῇ
431 2926 623 2995 μήτρᾳ.
682 2942 776 2978 σου
816 2924 1184 2996 αὐξανόμενον
1212 2963 1229 2990 ,
1261 2926 1354 2977 καὶ
1399 2924 1500 2978 οὒκ
1529 2924 1689 2987 εὐθὺς

141 3017 315 3070 τέλειον
346 3016 622 3087 ὑπάρξαν.
688 3016 1091 3089 Ἐμφράττεται
1124 3017 1179 3070 δὲ
1215 3016 1310 3069 καὶ
1339 3015 1588 3069 ἐντεῦθεν
1629 3017 1690 3069 τὸ

144 3110 292 3181 στόμα
322 3111 413 3164 τοῦ
456 3109 786 3184 Νεστορίου·
824 3111 1030 3172 ἐκεῖνος
1063 3109 1172 3180 γὰρ
1197 3103 1348 3160 εἶπεν
1378 3109 1482 3173 ὅτι,
1519 3110 1630 3178 Οὐχ
1663 3110 1690 3161 6

1791 2007 1900 2044 rem
1931 1993 2101 2056 addit,
2168 1993 2239 2048 ita
2269 2004 2323 2048 et
2359 1995 2621 2050 Dominus
2656 1997 2767 2065 ipse
2815 1999 2916 2052 sibi
2956 2015 3175 2054 carnem
3239 2017 3367 2054 cou-

1787 2081 1940 2144 deus,
1968 2091 2022 2134 et
2050 2083 2337 2150 imaginem
2368 2083 2602 2139 hominis
2634 2085 2894 2150 formans,
2959 2091 3188 2157 primum
3221 2092 3368 2144 deli-

1787 2177 1972 2231 neavit
2003 2177 2218 2231 illamin
2259 2188 2414 2234 utero
2454 2177 2714 2251 Virginis,
2754 2195 3032 2253 compacta
3061 2201 3126 2238 ex
3149 2187 3368 2256 sangui-

1788 2269 1950 2324 nibus
1981 2284 2196 2340 semper
2225 2271 2452 2340 virginis
2483 2288 2671 2337 carne.
2703 2291 2862 2343 quam
2895 2276 3085 2332 deinde
3109 2280 3364 2348 paulatim

1790 2362 2041 2432 ﬁguravit
2077 2381 2090 2416 :
2120 2364 2212 2417 sed
2247 2364 2349 2419 hoc
2371 2365 2610 2420 dubium.
2663 2361 2800 2422 Sunt
2830 2370 2973 2423 enim
3025 2372 3116 2441 qui
3182 2373 3368 2427 dicunt

1789 2453 1931 2522 quod
1966 2454 2055 2508 ubi
2095 2453 2355 2509 Dominus
2405 2457 2748 2512 obumbravit
2801 2461 2962 2531 277
3013 2473 3224 2517 uterum
3259 2464 3369 2518 vir-

1789 2545 1952 2615 ginis.
1987 2546 2166 2600 statim
2203 2545 2476 2616 perfectus
2510 2548 2672 2604 fuerit
2697 2550 2913 2616 infans;
2947 2554 3034 2607 alii
3065 2564 3242 2609 autem
3265 2555 3368 2610 hoc

1791 2652 1893 2692 non
1921 2639 2207 2706 recipiunt.
2253 2641 2386 2694 Audi
2417 2641 2558 2696 enim
2587 2642 2715 2712 quid
2749 2644 2913 2709 dicat,
2962 2646 3086 2700 Ideo
3139 2656 3193 2701 et
3223 2651 3366 2718 quod

1790 2738 2043 2783 nascetur
2081 2739 2349 2796 sanctum,
2401 2732 2502 2786 hoc
2561 2743 2664 2798 est,
2720 2735 2861 2802 quod
2920 2737 3282 2805 particulatim
3312 2739 3364 2792 in

1792 2830 1946 2875 utero
1974 2825 2191 2889 crescit,
2221 2833 2274 2878 et
2295 2841 2399 2877 non
2421 2825 2605 2878 statim
2637 2825 2935 2895 perfectum
2960 2829 3196 2884 exsistit.
3226 2829 3369 2885 Con-

1792 2914 1884 2969 fun
1911 2915 2034 2970 litur
2060 2927 2239 2972 autem
2271 2929 2326 2973 et
2350 2919 2582 2974 hocloco
2611 2920 2908 2977 Nestorius.
2937 2921 3031 2979 Ille
3062 2924 3202 2977 enim
3233 2923 3372 2977 dixit

1792 3011 1937 3077 quod
1979 3028 2082 3065 non
2111 3010 2273 3066 fuerit
2305 3011 2472 3068 Filius
2500 3013 2592 3069 Dei
2648 3000 2700 3068 in
2756 3025 2911 3070 utero
2936 3017 3156 3084 Virginis
3180 3017 3367 3086 quies-

1791 3113 1944 3163 cens,
1984 3101 2297 3157 iucarnatus
2332 3121 2344 3156 :
2376 3103 2482 3184 sed
2507 3107 2680 3159 nudus
2711 3106 2871 3160 homo
2894 3121 2923 3161 e
2972 3105 3179 3175 virgine
3208 3104 3371 3160 fuerit

144 3197 249 3261 Υἱὸς
274 3198 360 3252 τοῦ
393 3198 528 3252 Θεοῦ
562 3202 622 3254 ὲν
654 3201 718 3270 τῇ
758 3199 938 3270 μήτρᾳ
993 3199 1092 3268 τῆς
1155 3199 1433 3268 Παρθένου
1463 3198 1690 3270 οἰκήσας

1796 3205 1972 3258 natus,
1997 3204 2291 3264 posteaque
2321 3195 2570 3252 habuerit
2600 3197 2762 3252 Deum
2801 3197 3000 3254 factum
3047 3200 3148 3254 sibi
3201 3201 3370 3254 cmni-

144 3291 424 3362 ὲσαρκώθη,
449 3291 570 3345 ἀλλ’
602 3291 888 3360 ἄνθρωπος
921 3290 1076 3360 ψιλὸς
1101 3291 1164 3343 ὲκ
1193 3291 1292 3360 τῆς
1329 3290 1548 3359 Μαρίας
1570 3306 1692 3352 γεν-

135 3381 319 3450 νηθεὶς,
359 3384 591 3455 ὓστερον
626 3382 750 3453 ἔσχε
774 3383 865 3436 τὸν
912 3381 1044 3435 Θεὸν
1079 3383 1458 3451 παρεπόμενον
1514 3379 1688 3452 αὐτῷ.

148 3475 385 3530 ’Ᾱκουέτω
420 3473 520 3530 οῦν
547 3478 630 3529 ὅτι
660 3478 721 3527 16
749 3473 1086 3545 γεννώμενον
1107 3476 1164 3528 ἐν
1185 3476 1251 3543 τῇ
1283 3476 1484 3545 μήτρᾳ.
1515 3473 1692 3526 ἐκεῖνο

141 3561 199 3635 ἦν
237 3568 354 3632 Υἱὸς
385 3568 522 3622 Θεοῦ
543 3585 556 3598 ·
593 3566 705 3621 ἀλλ’
730 3568 830 3620 οὐκ
875 3566 1004 3621 ἄλλο
1039 3567 1136 3637 μὲν
1170 3569 1515 3636 ἐκυοφοριείτο
1537 3567 1594 3617 ὲν
1621 3567 1688 3636 τῇ

141 3666 326 3734 μήτρα,
362 3663 519 3726 ἄλλος
563 3662 620 3715 δὲ
651 3662 680 3713 6
746 3659 875 3723 Υἱὸς
922 3658 1016 3712 τοῦ
1051 3658 1187 3711 Θεοῦ
1209 3675 1222 3687 ·
1253 3656 1388 3711 ἀλλὰ
1433 3651 1512 3719 εἷς
1543 3657 1637 3708 καὶ
1665 3658 1692 3709 6

146 3755 280 3817 αὐτὸς
296 3751 378 3826 ἦν,
405 3757 430 3808 6
464 3757 567 3823 τῆς
590 3754 870 3824 Παρθένου
887 3769 942 3805 τε
978 3753 1069 3805 καὶ
1094 3750 1187 3804 τοῦ
1219 3749 1353 3803 Θεοῦ
1391 3748 1694 3820 Υἱός.”ορα

139 3847 190 3898 δὲ
219 3849 320 3912 πῶς
352 3849 448 3918 τὴν
483 3849 654 3913 ά,·ίαν
707 3845 913 3916 Τριάδα
956 3845 1208 3914 ἐξέφηνε,
1256 3841 1480 3912 Πνεῦμα
1515 3841 1691 3909 ἅγιον,

141 3940 349 4011 δύναμιν
375 3945 460 3995 τὸν
491 3942 646 4004 Υἰὸν,
680 3941 967 4010 Ὕψιστον,
995 3940 1087 3992 τὶν
1111 3938 1331 4008 Πατέρα
1351 3935 1645 4006 ὀνομάσας.

211 4053 225 4083 ι
260 4036 356 4086 Καὶ
388 4035 497 4088 ἰδοῦ
537 4033 820 4086 Ἐλισάϐετ
870 4033 904 4102 ἡ
941 4031 1209 4100 συγγενής
1245 4046 1360 4092 σου,
1418 4027 1512 4079 καὶ
1557 4025 1695 4096 αὑτὴ

149 4128 471 4199 συνειληφυῖι
527 4130 645 4181 υἰῖιν
705 4129 762 4179 ὲν
817 4127 964 4196 γήρᾳ
1019 4123 1226 4192 αὐτῆς
1262 4120 1357 4174 καὶ
1393 4114 1547 4184 οἵ)τοῖ
1590 4120 1695 4190 μὴν

147 4219 279 4284 2-410;
305 4224 447 4276 ἐστὶν
478 4223 620 4292 αὐτῇ
648 4223 712 4290 τῇ
746 4218 1056 4288 καλουμένῃ
1081 4215 1293 4285 στείρᾳ,
1326 4215 1407 4267 ὅτι
1445 4215 1546 4267 οὐκ
1570 4214 1697 4268 ἁδυ-

149 4314 340 4380 νιτήσει
366 4313 519 4383 παρὰ
548 4312 624 4381 τῷ
655 4309 772 4379 Θεῷ
803 4310 912 4362 πᾶν
951 4310 1125 4378 ῥῆμα.
1162 4301 1301 4358 Eine
1351 4305 1407 4358 δὲ
1435 4305 1693 4376 Μαριάμ·

149 4399 262 4455 Ἰδοὺ
286 4405 491 4475 ἡδοὺλη
527 4404 749 4473 Κυρίου,
775 4402 984 4469 γένοιτό
1020 4418 1109 4470 μοι
1134 4401 1274 4454 κατὰ
1298 4399 1357 4452 τὸ
1387 4399 1541 4469 ῥῆμά
1565 4415 1656 4450 σου
1674 4410 1692 4427 °

151 4495 228 4544 ml.
268 4495 500 4565 ἀπῆλθεν
533 4497 626 4546 ἀπ’
673 4494 842 4561 αὐτῆς
887 4495 914 4547 6
966 4495 1216 4560 ἅγγελος.
1275 4509 1293 4542 ι
1342 4491 1696 4560 Ἀπορήσειεν

1795 3294 1924 3339 tem.
1966 3285 2166 3340 Audiat
2205 3288 2365 3356 igitur
2393 3291 2534 3358 quod
2580 3290 2708 3343 illud
2757 3291 2899 3360 quod
2960 3292 3285 3347 nascebatur
3316 3292 3368 3346 in

1793 3385 1968 3441 utero,
2002 3387 2119 3430 erat
2152 3378 2324 3434 Filius
2355 3379 2469 3434 Dei.
2503 3381 2570 3435 Et
2613 3398 2716 3436 non
2750 3383 2884 3437 alius
2943 3385 3162 3454 quidem
3209 3383 3372 3438 fastus

1792 3478 1873 3522 est
1911 3470 2071 3535 uteri,
2121 3471 2259 3527 alius
2309 3482 2488 3528 autem
2523 3473 2690 3528 Filius
2716 3474 2832 3541 Dei,
2864 3481 2955 3530 sed
2989 3491 3127 3530 unus
3146 3485 3200 3529 et
3229 3475 3370 3529 idem

1794 3562 1894 3617 l'uit
1932 3563 2097 3619 Filius
2140 3565 2402 3632 Virginis,
2433 3578 2490 3622 et
2533 3565 2703 3644 Filius
2735 3568 2849 3622 Dei.
2902 3567 3035 3624 Vide
3081 3571 3207 3623 item
3237 3583 3372 3638 quo-

1795 3657 1957 3712 modo
1987 3669 2230 3714 sanctam
2256 3656 2578 3714 Trinitatem
2638 3661 2950 3726 declaravit,
2975 3661 3162 3716 dicens
3195 3661 3370 3728 Spiri-

1798 3757 1907 3802 tum
1949 3762 2216 3816 sanrtum,
2275 3755 2521 3808 virtutem
2595 3752 2812 3822 Filium,
2864 3755 3222 3823 Altissimum,
3265 3752 3374 3808 Pa-

1797 3849 1954 3896 trem.

1867 4023 2033 4079 Vsus.
2065 4023 2248 4080 56-38.
2281 4043 2300 4078 ι
2335 4025 2510 4096 Atque
2551 4039 2677 4082 ecce
2703 4025 2978 4084 Elisaheth
3029 4040 3251 4100 cognata
3284 4040 3370 4084 tua

1796 4127 1850 4175 et
1884 4119 2000 4187 ipsa
2033 4119 2277 4188 concepit.
2337 4120 2500 4173 lilium
2552 4120 2606 4173 in
2669 4131 2947 4176 senectute
2999 4137 3117 4191 sua,
3178 4133 3231 4178 et
3289 4123 3374 4178 hic

1799 4212 2001 4266 mensis
2043 4220 2126 4266 est
2158 4219 2345 4267 sextus
2371 4212 2446 4265 illi
2478 4226 2597 4282 quae
2637 4213 2918 4268 dicebatur
2947 4213 3148 4270 sterilis
3182 4234 3194 4270 :
3247 4217 3374 4285 quia

1800 4319 1904 4359 non
1937 4304 2039 4358 erit
2067 4304 2399 4370 impossibile
2423 4305 2563 4372 apud
2599 4303 2764 4359 Deum
2799 4318 2959 4360 omne
2995 4307 3238 4364 verbum.
3287 4307 3377 4359 Di-

1797 4398 1875 4451 xit
1903 4406 2081 4451 autem
2109 4395 2308 4450 Maria:
2351 4393 2488 4450 Ecce
2521 4397 2714 4451 ancilla
2751 4396 2982 4464 Domini,
3017 4399 3110 4451 tiat
3134 4398 3261 4456 mihi
3294 4413 3377 4452 sc-

1799 4493 2035 4544 cundum
2066 4490 2288 4544 verbum
2343 4500 2512 4546 tuum.
2545 4491 2622 4544 Ac
2671 4490 2924 4545 discessit
2975 4491 3044 4545 ab
3099 4491 3186 4544 illa
3215 4507 3378 4560 ange-

150 4587 204 4637 ἂν
247 4604 322 4650 τις
353 4589 464 4650 πῶς
495 4583 564 4657 ἦν
597 4585 866 4655 συγγενὴς
895 4585 990 4654 τῆς
1020 4584 1292 4654 Παρθένου
1325 4583 1358 4652 ἡ
1393 4580 1690 4634 Ἑλισάὸετ⁶

1803 4580 1904 4635 lus.
1943 4598 1962 4632 ι
2000 4580 2333 4636 Dubitaverit
2368 4583 2597 4635 fortasse
2629 4582 2895 4650 quispiam
2947 4581 3218 4652 quomodo
3266 4581 3379 4635 Eli-

151 4679 250 4744 εἰγε
275 4681 306 4750 η
335 4682 428 4750 μὲν
458 4679 732 4750 Παρθένος
785 4679 848 4729 ἐκ
887 4677 985 4748 τῆς
1022 4676 1190 4729 Ἰούδα
1238 4675 1409 4744 φυλῆς
1453 4669 1543 4744 ἦν,
1574 4673 1609 4742 ἡ
1638 4671 1696 4725 δὲ

162 4769 438 4838 Ἐλισάὸετ,
488 4777 554 4826 ἐκ
579 4773 685 4826 τῶν
718 4769 1035 4841 θυγατέρων
1071 4769 1284 4839 Ἀαρών
1309 4784 1322 4797 ο
1341 4769 1368 4818 ὁ
1397 4767 1503 4836 γὰρ
1538 4765 1698 4834 νόμος

153 4863 381 4918 ἐκέλευεν
419 4867 529 4919 ἀπὸ
563 4865 663 4934 τῆς
724 4867 892 4935 αὐτῆς
943 4863 1111 4933 φυλῆς
1146 4865 1272 4923 τοὺς
1316 4859 1528 4929 γάμους
1554 4857 1701 4924 γίνε-

157 4955 294 5008 σθαν
317 4957 453 5011 ὥστε
480 4959 577 5011 καὶ
603 4957 660 5010 αἰ
691 4956 1006 5026 συγγένειαι
1053 4957 1110 5008 έν
1139 4955 1250 5015 τοῖς
1277 4952 1385 5004 ἀπὸ
1402 4951 1498 5019 τῆς
1529 4947 1700 5016 αὐτῆς

157 5051 307 5123 ’ξυλῆς
331 5049 477 5107 οὖσιν
524 5054 888 5125 εὑρίσκονται.
938 5053 1092 5105 Ἐστι
1127 5050 1227 5121 μὲν
1261 5043 1356 5102 οὖν
1406 5047 1582 5100 εἰπεῖν
1604 5042 1701 5097 καὶ

156 5141 226 5194 ὅτι
261 5145 360 5198 ἀπὸ
393 5149 487 5217 τῆς
519 5146 897 5217 αἰχμαλωσίας
948 5143 1319 5214 συνεχέθησαν
1348 5139 1418 5192 τὰ
1446 5139 1577 5208 γένη
1599 5152 1615 5168 ⁶
1643 5135 1704 5190 τὺ

159 5231 206 5286 δὲ
238 5240 504 5306 κρεῖττον,
553 5237 734 5294 10610.
781 5235 995 5308 ’Δαρὼν
1036 5237 1270 5304 γυναῖκα
1298 5231 1537 5302 ἠγάγετο
1567 5227 1704 5281 Ἑλι-

166 5325 332 5390 σάδετ,
357 5328 632 5400 θυγατέρα
659 5329 823 5382 οὖσαν
856 5327 950 5380 τοῦ
988 5322 1305 5397 Ἀμιναδάϐ,
1335 5323 1391 5386 ὃς
1417 5316 1484 5392 ἦν
1512 5322 1576 5374 ὲκ
1607 5319 1704 5389 τῆς

170 5418 320 5474 Ἰούδα
349 5422 538 5491 φυλῆς.
593 5423 757 5492 Ὁρᾷς
787 5422 869 5474 ὅτι
918 5420 1123 5474 άνωυεν
1170 5419 1264 5471 καὶ
1315 5415 1422 5469 ἀπὸ
1473 5409 1701 5482 Ἀαρὼν,

163 5513 406 5584 συγγενὴς
453 5511 519 5584 ἣν
547 5517 579 5577 ἡ
611 5514 872 5576 Θεοτόκος
902 5513 1000 5581 τῆς
1031 5510 1314 5563 Ἐλισάϐετ
1339 5524 1354 5565 ς
1414 5505 1567 5557 Ἐπεὶ
1595 5502 1705 5571 γὰρ

165 5601 294 5669 ἡτοῦ
338 5607 543 5676 ’Δαρὼν
571 5607 707 5674 γυνὴ
743 5607 807 5656 ἐκ
866 5606 962 5674 τῆς
1001 5604 1174 5657 Ἰούδα
1209 5602 1482 5669 κατήγετο
1511 5597 1705 5666 φυλῆς,

167 5695 246 5758 ἀφ’
274 5692 334 5766 ἧς
373 5695 436 5768 ἦν
467 5701 559 5752 καί⁹
599 5702 632 5770 ὴ
675 5698 970 5761 Θεοτόκος,
1003 5699 1037 5766 ἠ
1069 5697 1125 5748 δὲ
1165 5695 1449 5747 Ἐλισάϐετ
1487 5696 1550 5744 ἐκ
1599 5691 1707 5743 τῶν

170 5781 460 5858 θυγατέρων
500 5789 729 5860 Ἀαρὼν,
758 5789 981 5848 εἰκότως
1020 5787 1286 5855 συγγενὴς
1317 5785 1414 5851 τῆς
1441 5781 1705 5834 Θεοτόκου

170 5871 204 5943 ἡ
240 5877 538 5938 Ἐλισάῦετ·
571 5885 604 5954 ἡ
640 5882 749 5954 γὰρ
777 5883 1081 5951 προμήτωρ
1107 5879 1298 5948 αὐτῆς,
1343 5877 1640 5942 τουτέστιν,
1673 5874 1708 5944 ἡ

1801 4674 1989 4728 saheth
2046 4681 2272 4742 cognata
2309 4672 2701 4727 fueritMarim.
2738 4673 2902 4744 Virgo
2949 4673 3095 4728 enim
3153 4672 3266 4742 ipsa
3312 4689 3376 4726 ex

1803 4766 1946 4819 tribu
1969 4762 2103 4819 Juda
2130 4765 2250 4830 fuit,
2277 4764 2554 4818 Elisabeth
2589 4773 2771 4818 autem
2804 4765 2871 4820 de
2933 4765 3145 4819 ﬁliabus
3169 4764 3375 4818 Aaron.

1802 4855 1936 4910 Nam
1978 4857 2060 4911 lex
2098 4858 2356 4926 praecepit
2397 4855 2652 4927 c0njugcs
2702 4872 2768 4910 ex
2790 4857 2978 4911 eadem
3013 4855 3152 4909 tribu
3209 4870 3375 4910 esse:

1802 4959 1857 5002 et
1887 4951 1957 5004 ita
1987 4948 2332 5018 cognationes
2370 4962 2437 5002 ex
2492 4962 2595 5001 una
2621 4949 2761 5001 tribu
2843 4957 3023 5001 erant.
3078 4943 3378 5000 Dicendum

1803 5044 1968 5113 igitur
1990 5042 2134 5112 quod
2167 5057 2194 5093 a
2225 5040 2540 5112 captivitate
2577 5039 2799 5094 confusa
2846 5047 2975 5093 sunt
3025 5053 3243 5108 genera.
3313 5037 3384 5094 Et

1805 5135 1997 5190 melius
2035 5135 2107 5188 ita
2137 5135 2378 5189 dicitur:
2419 5134 2597 5187 Aaron
2649 5146 2869 5185 uxorem
2906 5127 3378 5196 duxitElisabeth,

1805 5239 1926 5291 qua:
1959 5223 2064 5277 illia
2101 5223 2200 5276 luit
2261 5221 2583 5287 Aminadab,
2631 5219 2720 5289 qui
2773 5218 2873 5272 fuit
2905 5234 2968 5272 ex
3025 5217 3163 5272 tribu
3223 5215 3380 5272 Juda.

1806 5312 1975 5369 Vides
1998 5315 2144 5384 quod
2176 5313 2246 5368 ab
2288 5313 2443 5366 initio
2467 5323 2518 5364 et
2556 5313 2620 5366 ab
2647 5310 2826 5364 Aaron
2863 5320 3087 5379 cognata
3141 5307 3238 5362 fuit
3276 5306 3385 5361 Eli-

1812 5409 2003 5463 sabeth
2043 5407 2135 5462 Dei
2167 5404 2466 5461 Genilrix‘l
2512 5405 2649 5471 Quia
2703 5405 2844 5458 enim
2901 5417 3036 5457 uxor
3085 5404 3264 5456 Aaron
3315 5413 3382 5456 ex

1806 5502 1940 5558 Juda
1983 5499 2285 5560 descendit,
2315 5514 2344 5552 ο
2385 5513 2487 5562 qua
2524 5498 2663 5550 tribu
2723 5496 2823 5550 fuit
2873 5495 2964 5549 Dei
3015 5496 3281 5558 Geuitrix,
3329 5503 3386 5550 et

1810 5593 2085 5649 Elisaheth
2113 5593 2208 5644 fuit
2234 5607 2295 5644 ex
2331 5590 2542 5643 ﬁliabus
2565 5591 2768 5653 Aaron,
2805 5589 2998 5642 merito
3032 5587 3122 5640 Dei
3143 5585 3383 5640 Genitrix

1809 5694 2038 5754 cognata
2069 5683 2265 5737 dicitur
2283 5681 2580 5745 Elisabeth,
2617 5695 2738 5734 nam
2772 5694 2968 5748 proava
3003 5679 3135 5746 ejus,
3174 5677 3274 5730 hoc
3302 5681 3386 5730 est

1812 5791 1952 5832 uxor
1988 5774 2316 5838 Aaron,l'uit
2355 5789 2419 5830 ex
2450 5777 2590 5828 tribu
2645 5773 2801 5829 Juda.
2843 5772 3139 5829 Considera
3205 5777 3384 5821 autem

1817 5883 1867 5928 et
1928 5868 2271 5941 cognationis
2326 5869 2797 5940 consequentiam.
2866 5863 3138 5921 Elisabeth
3206 5859 3385 5913 Aaron
