3866 6448
474 345 581 411 707

476 566 543 606 ex
575 547 662 604 illa
695 542 1049 602 descendens.
1074 540 1179 598 Sed
1204 543 1483 597 videamus
1506 540 1634 610 quid
1666 539 1814 595 dicat
1846 538 2011 607 Virgo
2037 554 2050 590 :

481 659 501 697 ι
537 638 678 694 Ecce
710 634 903 690 ancilla
935 633 1168 699 Domini,
1205 633 1297 687 flat
1331 630 1461 685 mihi
1507 629 1803 685 secundum
1830 626 2055 680 verbum

476 741 648 787 tuum.
690 745 709 780 ι
741 725 947 782 Tabula
978 739 1096 780 sum
1123 721 1374 794 pictoris,
1410 720 1600 790 pingat
1663 717 1841 787 pictor
1905 714 2050 785 quod

477 821 732 886 voluerit,
769 820 931 874 faciat
961 818 1100 873 Deus
1123 815 1267 885 quod
1298 812 1553 868 voluerit.
1583 810 1763 879 Atque
1793 810 1865 863 i-ta
1895 807 2057 863 etiam

477 911 622 978 quod
653 909 801 980 prius
831 906 1075 962 dixerat:
1113 904 1394 972 Quomodo
1436 902 1542 957 erit
1590 900 1733 956 hoc?
1795 914 1902 954 non
1960 898 2060 952 fuit

480 999 896 1064 incredulitatis,
919 998 1015 1053 sed
1039 995 1295 1052 desiderii
1317 993 1627 1049 addiscendi
1651 992 1895 1047 modum.
1923 988 2058 1046 Nam

479 1091 528 1147 si
560 1090 982 1150 dis-credidisset.
1040 1089 1354 1156 neutiquam
1416 1084 1684 1139 dixisset:
1727 1102 1747 1137 ι
1790 1082 1931 1138 Ecce
1960 1095 2059 1137 an-

481 1182 603 1239 cilla
640 1181 876 1246 Domini,
914 1179 1006 1234 iiat
1037 1178 1168 1233 mibi
1197 1175 1498 1232 secundum
1529 1174 1750 1229 verbum
1820 1181 1996 1227 tuum.
2036 1189 2056 1223 ι

481 1274 638 1331 Disce
668 1286 846 1329 autem
876 1272 1016 1341 quod
1031 1270 1268 1339 Gabriel,
1291 1270 1460 1338 siquis
1480 1268 1887 1337 interpretatur,
1921 1265 2061 1319 idem

482 1376 573 1423 est.
596 1367 738 1438 quod
770 1368 932 1421 bomo
963 1365 1126 1420 Deus.
1164 1362 1329 1417 Maria
1355 1375 1504 1427 vero,
1527 1360 1765 1423 domina,
1796 1357 2060 1412 Nazareni

483 1471 686 1526 autem,
724 1458 1106 1516 sanctificatio.
1133 1456 1326 1512 Merito
1349 1456 1515 1526 igitur
1545 1468 1669 1509 cum
1725 1451 1873 1507 nasci
1895 1450 2061 1505 voluit

484 1553 627 1608 Deus
662 1552 847 1615 homo,
878 1551 1076 1605 missus
1105 1558 1189 1603 est
1216 1546 1456 1612 Gabriel,
1488 1546 1593 1600 hoc
1627 1557 1711 1601 est
1749 1546 1913 1599 homo
1943 1541 2060 1597 Dci.

484 1644 588 1700 Sed
614 1645 667 1698 in
699 1651 891 1698 saneto
921 1641 1040 1697 loco
1077 1643 1139 1696 tit
1164 1639 1443 1707 salutatio,
1474 1640 1579 1695 hoc
1630 1647 1715 1695 est
1771 1638 1826 1692 in
1889 1635 2066 1694 Naza-

1408 334 1985 398 THEOPHYLACTI
2018 330 2427 396 ΒυιῧΛΙὶίίΕ
2454 326 2808 391 ARCHIEP.
3630 324 3717 391 ’ἴθῖ

387 462 391 471 “
475 472 634 526 uxor,
670 453 943 512 Elisabetb
974 451 1142 510 etiam
1226 451 1507 509 Zacharias
1558 466 1717 517 uxor,
1802 459 2057 517 tanquam

2183 447 2257 499 τοῦ
2311 445 2521 516 ’Λαρὼν
2551 443 2713 515 γυνὴ,
2757 446 2823 497 ἐκ
2852 441 2951 513 τῆς
2989 441 3163 495 Ἰούδα
3208 438 3393 509 φυλῆς
3421 431 3507 509 ἦν.
3552 440 3717 498 Σκόπει

2157 540 2214 593 δὲ
2253 539 2348 593 καὶ
2388 539 2449 591 τὸ
2487 538 2586 608 τῆς
2617 553 2721 606 συγ
2737 537 2956 602 γενείοις
2986 529 3509 606 παρακολούθημα·
3544 532 3722 589 Ἐλωί.

2159 629 2277 694 ϐετ,
2331 633 2365 701 η
2388 629 2486 684 τοῦ
2531 627 2744 697 Ἀαρὼν
2790 626 2964 697 γυνή’
3004 623 3311 687 Ελισάϐετ,
3342 622 3439 675 καὶ
3465 624 3499 693 ἡ
3525 622 3611 677 τοῦ
3637 626 3721 678 Za-

2158 723 2374 796 χαρεου,
2412 723 2488 786 ὡς
2532 722 2590 788 ἐξ
2620 722 2835 791 ἐκείνης
2856 720 3217 789 καταγομένη
3246 759 3259 771 .
3303 713 3450 768 Ἀλλ’
3478 710 3655 786 ίδωμεν
3684 720 3722 773 τί

2162 831 2327 884 φησιν
2356 815 2391 884 ή
2443 811 2717 884 Παρθένος
2737 826 2753 842 ·
2788 830 2807 863 ι
2864 810 2996 864 Ἰδοὺ
3026 811 3058 878 ἠ
3090 809 3261 877 δούλη
3292 805 3523 874 Κυρίου,
3551 807 3723 876 γένοιτό

2166 923 2256 978 μοι
2286 906 2428 960 κατὰ
2455 907 2516 959 τὸ
2544 906 2702 976 ῥῆμά
2729 921 2845 960 σου.
2888 922 2907 955 ι
2944 901 3114 967 Πίναξ
3152 901 3281 969 εἰμὶ
3319 898 3724 968 ζωγραφικό;”ό

2167 998 2419 1070 βούλεται
2473 999 2502 1051 ό
2528 998 2800 1068 γραφεὺς,
2836 995 3130 1067 γραφέτω’
3188 992 3221 1046 ὃ
3271 990 3447 1055 θέλει,
3485 993 3724 1047 multum

2164 1090 2401 1163 Κύριος’
2453 1089 2594 1143 ὥστε
2627 1090 2723 1143 καὶ
2752 1088 2782 1142 ὃ
2810 1085 2930 1142 εἷπε
2978 1086 3282 1158 πρότερον,
3337 1083 3467 1147 Πῶς
3496 1084 3630 1138 ἔσται
3658 1103 3727 1153 μοι

2162 1183 2360 1249 τοῦτος
2401 1184 2504 1237 οὐκ
2532 1183 2794 1246 ἀπιστίας
2825 1177 2914 1253 ἦν,
2944 1179 3059 1233 ἀλλ’
3100 1176 3420 1246 ἐπιθυμίας
3450 1175 3542 1230 τοῦ
3571 1177 3726 1246 μαθεῖν

2163 1277 2255 1330 τ’λν
2286 1274 2491 1348 τρόπον
2511 1289 2524 1305 ·
2556 1277 2605 1328 εἰ
2627 1276 2737 1345 γὰρ
2767 1275 3009 1345 ἠπίστει,
3041 1272 3143 1324 οὐκ
3175 1270 3250 1323 ἂν
3289 1262 3473 1333 εἶπεν,
3506 1288 3524 1319 ι
3567 1269 3726 1340 Ἰδοῦή

2163 1369 2323 1440 δούλη
2365 1366 2597 1439 Κυρίου,
2649 1366 2986 1436 γένοιτόεμοι
3019 1361 3164 1417 κατά
3240 1362 3307 1415 τὸ
3365 1360 3516 1433 ῥῆμά
3568 1378 3667 1416 σου.
3708 1383 3722 1416 i

2164 1460 2415 1516 Μάνθανε
2441 1460 2499 1514 δὲ
2520 1460 2602 1513 ὅτι
2631 1458 2871 1529 Γαϐριὴλ
2898 1458 2997 1527 μὲν
3020 1453 3425 1527 ἑρμηνεύεται,
3452 1453 3726 1522 ἅνθρωπος

2170 1553 2347 1620 Θεός·
2393 1552 2629 1622 Μαριὰμ
2655 1551 2733 1614 δὲ,
2771 1550 2971 1618 xvpla'
3004 1548 3274 1619 Ναζαρὲτ
3298 1546 3357 1599 δὲ
3383 1586 3398 1605 ,
3445 1545 3720 1615 ἀγιασμός.

2168 1648 2414 1710 Εἰκότως
2438 1642 2532 1699 οὖν
2559 1646 2687 1698 ὅταν
2717 1642 2909 1714 ἔμελλε
2939 1640 3203 1711 γενέσθαι
3230 1642 3261 1693 ὁ
3293 1637 3436 1702 Θεὸς
3462 1638 3724 1707 ἄνθρωπος,

485 1720 630 1793 retb.
662 1735 762 1792 Ubi
797 1734 943 1792 enim
974 1735 1136 1803 Deus,
1165 1733 1237 1789 ibi
1263 1733 1401 1789 nihil
1451 1733 1746 1803 impurum,
1772 1730 1907 1786 nihil
1957 1745 2062 1785 non

2183 1739 2567 1796 ὶποστέλλεται
2597 1739 2626 1791 ὀ
2662 1736 2926 1807 Γαϐριὴλ,
2981 1735 3041 1798 ὃς
3075 1730 3457 1805 ἑρμηνεύεται
3487 1730 3724 1803 ἄνθρωπος

486 1842 760 1891 sanctum.

562 2089 728 2146 Vens.
758 2087 949 2146 5942.
987 2107 1005 2142 ι
1040 2089 1354 2161 Exsurgens
1373 2098 1561 2145 autem
1587 2086 1755 2142 Maria
1789 2086 1845 2142 in
1880 2086 2071 2143 diebus

488 2186 599 2253 his,
621 2185 755 2241 abiit
781 2186 834 2238 in
869 2193 1124 2240 montana
1152 2198 1275 2239 cum
1330 2183 1677 2237 festinatione
1716 2182 1768 2236 iu
1792 2180 2070 2236 civitatem

486 2273 647 2341 Juda,
686 2285 739 2330 et
767 2277 990 2330 intravit
1036 2276 1088 2330 in
1122 2276 1341 2330 domum
1370 2273 1672 2340 Zachariae,
1703 2288 1769 2328 ac
1817 2272 2074 2327 salutavit

492 2369 785 2425 Elisabetb.
822 2369 991 2440 278
1029 2367 1091 2423 Et
1143 2366 1348 2422 factum
1385 2375 1493 2431 est,
1526 2375 1587 2422 ut
1619 2364 1829 2421 audivit
1862 2365 2073 2420 saluta-

493 2450 691 2517 iionem
723 2462 903 2516 Maria:
938 2459 1241 2527 Elisabetlt,
1273 2461 1418 2516 saliit
1447 2460 1625 2515 infans
1657 2460 1713 2514 in
1753 2470 1910 2514 utero
1933 2458 2073 2525 ejus,

491 2564 545 2610 et
578 2555 779 2625 repleta
807 2561 890 2609 est
930 2553 1133 2622 Spiritu
1171 2566 1364 2608 sancto
1396 2551 1697 2618 Elisabctb,
1724 2551 2075 2608 exclamavit-

498 2662 606 2715 que
642 2662 771 2702 voce
801 2661 1016 2718 magna,
1065 2656 1116 2701 et
1144 2646 1316 2699 dixit:
1345 2643 1634 2699 Benedicta
1671 2656 1725 2700 tu
1785 2645 1925 2700 inter
1954 2660 2074 2696 mu-

494 2738 676 2805 lieres,
710 2749 763 2793 et
795 2740 1110 2794 benedictus
1142 2737 1351 2792 fructus
1383 2739 1590 2793 ventris
1620 2737 1720 2790 tui.
1765 2754 1784 2788 ι
1815 2735 1949 2791 Cum
1976 2752 2077 2789 au-

494 2834 663 2887 disset
687 2830 850 2900 Virgo
877 2834 945 2885 ab
978 2829 1168 2901 angelo
1220 2831 1366 2899 quod
1399 2831 1745 2896 concepisset
1778 2827 2075 2892 Elisabeth,

495 2926 678 2978 statim
719 2922 853 2978 abiit
885 2924 953 2977 ad
984 2923 1154 2984 illaut,
1192 2932 1247 2977 et
1301 2923 1544 2993 gaudens
1574 2923 1641 2977 de
1677 2924 1818 2976 bono
1871 2936 2076 2989 cogna-

502 3029 568 3076 ta:
589 3060 605 3085 ,
635 3027 691 3074 ct
741 3018 928 3073 volens
959 3027 1018 3073 ut
1071 3019 1495 3089 prudentissima
1524 3016 1730 3085 majore
1751 3017 2080 3072 certitudine

498 3114 699 3167 certior
736 3112 884 3166 reddi
912 3128 1040 3166 num
1067 3126 1191 3165 vera
1245 3111 1469 3165 dixisset
1507 3111 1598 3178 qui
1650 3117 1978 3179 apparuerat
2003 3108 2077 3173 ei,

495 3210 556 3257 ut
583 3218 649 3257 ex
693 3203 795 3256 huc
824 3218 922 3257 nec
952 3203 1018 3257 de
1039 3217 1137 3255 sun
1168 3201 1461 3256 dubitaret.
1500 3200 1748 3256 Prudens
1773 3203 1918 3255 enim
1955 3216 2077 3255 cum

496 3303 662 3360 esset,
694 3293 912 3348 timebat
942 3309 1007 3347 ne
1034 3293 1173 3348 forte
1202 3294 1564 3361 deciperetur,
1587 3302 1643 3347 et
1674 3307 1778 3346 non
1810 3305 1869 3347 ut
1900 3292 2080 3348 inere-

498 3386 645 3450 dula,
675 3387 769 3440 sed
804 3396 861 3439 ut
887 3384 1122 3454 diligens
1154 3400 1268 3439 rem
1300 3387 1583 3453 explorare
1609 3383 1843 3438 volebat.
1873 3382 2083 3438 Zacha-

501 3476 613 3530 rias
641 3474 827 3544 itaque
852 3474 905 3528 in
950 3476 1223 3529 montanis
1272 3475 1500 3537 habitat,
1539 3482 1594 3530 et
1650 3483 1932 3544 prOpterea
1959 3474 2085 3529 illuc

504 3565 663 3621 abiit.
703 3565 765 3619 At
795 3566 1031 3621 Joannes
1072 3576 1325 3635 suscepto
1356 3565 1616 3636 singulari
1643 3582 1809 3637 supra
1846 3566 2086 3636 reliquos

501 3658 751 3713 homines
774 3657 916 3713 deuo
938 3657 1022 3712 vel
1073 3673 1313 3723 munere,
1343 3659 1576 3713 exsultat
1603 3659 1656 3713 in
1681 3670 1834 3714 utero
1858 3657 2083 3714 matris:

502 3751 645 3805 unde
671 3760 727 3805 et
758 3750 931 3819 major
963 3758 1047 3804 est
1073 3751 1367 3820 prophetis.
1397 3749 1530 3805 Nam
1558 3751 1648 3805 alii
1672 3751 1894 3821 quidem
1936 3766 2080 3822 prte-

503 3843 757 3897 dixeruut
790 3843 969 3895 futura
1016 3853 1300 3912 postquam
1374 3845 1484 3898 nati
1539 3856 1707 3899 sunt:
1762 3844 1854 3898 ille
1905 3854 2085 3898 autent

501 3948 622 3988 cum
665 3934 841 3990 adhuc
868 3946 1013 3992 esset
1041 3938 1094 3991 itt
1119 3937 1519 4009 uteromatris,
1544 3937 1774 4008 gratiam
1804 3935 1962 3990 talem
1997 3951 2086 3989 as-

501 4037 723 4080 secutus
757 4025 878 4084 fuit.
908 4028 1038 4083 Vide
1068 4028 1212 4083 enim
1254 4044 1272 4084 :
1335 4030 1596 4083 salutavit
1644 4026 1811 4099 Virgo
1841 4028 2084 4083 Elisabc-

503 4114 680 4183 tham,
718 4119 819 4172 hoc
843 4125 948 4181 est,
973 4120 1125 4188 prior
1155 4118 1387 4174 allocuta
1418 4128 1522 4174 est.
1552 4119 1666 4173 Vox
1691 4120 1875 4188 itaque
1911 4115 2090 4184 Virgi-

506 4206 591 4261 nis
644 4221 744 4261 vox
780 4219 897 4263 erat
944 4209 1208 4264 iucaruati
1246 4210 1302 4264 iu
1350 4211 1438 4265 illa
1472 4210 1587 4276 Dei,
1612 4220 1665 4265 et
1694 4212 1895 4266 idcirco
1924 4210 2087 4264 etiam

508 4295 994 4353 thcursoremin
1071 4308 1231 4354 utero
1254 4300 1431 4370 gratia
1493 4312 1819 4368 prosecutus
1878 4309 1981 4366 est,
2037 4308 2092 4355 et

518 4388 837 4458 prephetam
860 4388 1009 4444 fecit.
1077 4390 1421 4462 Quaecunque
1448 4395 1592 4447 enim
1622 4394 1757 4447 dixit
1812 4390 2088 4446 Elisabeth

2098 1802 2145 1862 B
2174 1832 2341 1895 θεός.
2378 1829 2514 1883 ἀλλὰ
2543 1828 2637 1882 καὶ
2682 1829 2741 1879 έν
2778 1802 2919 1897 ἇγίῳ
2960 1802 3115 1896 τόπῳ
3133 1802 3361 1893 γίνεται
3391 1822 3421 1875 ὁ
3457 1802 3725 1891 ἀσπασμὸς,

2107 1985 2110 1988 ,
2170 1924 2477 1990 τουτέστιν,
2509 1922 2569 1975 ὲν
2598 1919 2855 1990 Ναζαρέτ
2875 1935 2891 1952 ο
2924 1919 3060 1972 ὅπου
3095 1916 3213 1990 γὰρ
3234 1916 3400 1980 Θεὸς,
3425 1914 3571 1968 οὐδὲν
3590 1914 3722 1985 ἀναγ-

2175 2036 2290 2074 νον.

2250 2130 2269 2164 ι
2321 2111 2631 2166 Ἀναστᾶσα
2662 2110 2719 2164 δὲ
2743 2107 2980 2181 Μαριὰμ
3008 2098 3072 2161 ιν
3089 2108 3215 2170 ταῖς
3239 2104 3491 2176 ἡμέραις
3516 2100 3718 2165 ταύταις,

2173 2202 2449 2274 ἐπορεύθη
2485 2205 2565 2266 εἰς
2592 2202 2693 2273 τὴν
2741 2201 2956 2271 ὀρεινὴν
2986 2200 3129 2270 μετὰ
3166 2198 3443 2266 σπουδῆς,
3485 2196 3560 2257 είς
3599 2196 3718 2246 πόλιν

2188 2295 2392 2349 Ἰούδα·
2446 2295 2541 2348 καὶ
2590 2293 2843 2362 εἰσῆλθεν
2872 2296 2952 2349 είς
2985 2293 3076 2346 τὸν
3122 2286 3280 2344 οἷκον
3335 2287 3611 2359 Ζαχαρίου,
3655 2287 3720 2339 καὶ

2175 2386 2464 2456 ἠσπάσατο
2500 2383 2599 2455 τὴν
2629 2382 2936 2437 Ἐλισάϐει.
2964 2382 3071 2435 Καὶ
3094 2381 3349 2449 ἐγένετο,
3380 2380 3451 2441 ὡς
3480 2379 3718 2449 ηκουσενὴ

2189 2479 2469 2534 Ἐλισάϐετ
2491 2477 2583 2531 τὸν
2618 2477 2910 2544 ἀσπασμὸν
2934 2475 3033 2545 τῆς
3072 2473 3333 2544 Μαρίας,
3402 2469 3719 2540 ἐσκίρτησετὸ

2182 2567 2376 2637 βρέφος
2403 2567 2461 2618 ιν
2485 2567 2552 2634 τῇ
2579 2564 2759 2635 κοιλίᾳ
2790 2563 2966 2633 αὐτῆς
2984 2574 3000 2591 ⁸
3028 2565 3120 2615 καὶ
3149 2561 3411 2634 ἐπλήσθη
3456 2558 3717 2629 Πνεύματσς

2180 2661 2401 2729 ἁγίουή
2449 2657 2754 2721 Ἐλισὰϐετ,
2809 2656 2905 2709 καὶ
2961 2654 3295 2726 ἀνεφώνησε
3351 2655 3499 2724 φωνῇ
3551 2652 3715 2722 μεγὰὶῃ

2181 2752 2274 2804 καὶ
2306 2736 2467 2803 εἶπεν
2490 2763 2507 2778 ο
2539 2749 2896 2818 Εὐλογημένη
2933 2749 2997 2802 σὺ
3042 2751 3100 2801 ὲν
3123 2745 3376 2816 γυναιξὶ,
3412 2744 3501 2797 καὶ
3535 2743 3714 2810 εὐλογη-

2185 2839 2345 2913 μένος
2392 2842 2421 2895 ό
2474 2840 2689 2912 καρπὸς
2721 2841 2819 2912 τῆς
2854 2840 3064 2905 κοιλίας
3116 2857 3241 2893 σου.
3319 2857 3339 2889 ι
3387 2837 3450 2890 Ἦ
3497 2833 3714 2905 Παρθένος

2181 2937 2470 2992 ἀκούσασα
2501 2937 2653 3009 παρὰ
2670 2937 2765 2990 τοῦ
2794 2936 3051 3005 ἀγγέλου,
3098 2936 3180 2989 ὅτι
3232 2934 3525 2988 συνέλαϐεν
3554 2935 3580 3001 ἡ
3610 2929 3712 2983 Ἑλι-

2183 3029 2365 3092 σάϐετ,
2403 3029 2607 3099 ἔδραμε
2639 3028 2777 3099 πρὸς
2807 3028 3049 3098 ἐκείνην,
3087 3027 3204 3098 ἅμα
3237 3027 3340 3096 μὲν
3370 3024 3617 3095 χαίρουσα
3645 3021 3712 3071 ἐπὶ

2182 3120 2258 3191 τῷ
2316 3120 2505 3189 ἀγαθῷ
2530 3120 2630 3190 τῆς
2667 3120 2987 3187 συγγενοῦς,
3023 3119 3139 3188 ἅμα
3185 3119 3246 3171 δὲ
3284 3116 3384 3170 καὶ
3414 3114 3483 3178 ὡς
3533 3126 3712 3164 συνετωο

2184 3214 2344 3284 τάτη,
2382 3211 2875 3283 πληροφορηθῆναι
2943 3210 3175 3263 θέλουσα
3243 3208 3486 3269 τελείως,
3516 3206 3557 3257 εί
3582 3201 3711 3270 ἀληθῆ

2185 3302 2341 3358 εἶπεν
2369 3306 2398 3357 ὸ
2441 3304 2632 3373 φανεὶς
2669 3303 2831 3375 αὐτῇ,
2874 3303 2960 3356 ἵνα
2997 3305 3062 3356 ὲκ
3122 3302 3325 3356 τούτου
3387 3299 3476 3352 καὶ
3514 3294 3621 3365 περὶ
3643 3290 3708 3343 τοῦ

2184 3397 2389 3451 οἰκείου
2413 3397 2489 3466 μὴ
2523 3395 2864 3466 ἀμφιϐάλλει.
2907 3393 3182 3463 Ἀσφαλὴς
3225 3395 3340 3462 γὰρ
3371 3388 3518 3446 οὖσα.
3546 3383 3711 3453 ἐφοϐεῖ-

2186 3504 2247 3542 το
2278 3490 2477 3558 μήπως
2510 3485 2761 3557 πλανηθῇ
2781 3504 2794 3515 ·
2831 3485 2926 3539 καὶ
2956 3486 3054 3554 οὐχ
3080 3484 3156 3546 ὡς
3190 3480 3519 3543 ἀπιστοῦσα,
3549 3472 3708 3533 ἀλλ’ὡς

2189 3582 2583 3649 ἀκριϐέστερον
2625 3580 2819 3648 μαθεῖν
2847 3576 3153 3648 βουλομένη
3202 3576 3267 3628 τὸ
3292 3573 3533 3644 πρᾶγμα.
3563 3567 3636 3619 Ἐν
3660 3566 3707 3633 τῇ

2186 3673 2369 3742 ὀρεινῇ
2399 3667 2492 3725 οὖν
2511 3670 2645 3742 ᾤκει
2680 3672 2709 3724 ὁ
2734 3671 3039 3743 Ζαχαρίας,
3077 3668 3170 3722 καὶ
3211 3667 3305 3721 διὰ
3335 3664 3487 3718 τοῦτο
3525 3661 3706 3731 ἔδραμεν

2187 3768 2335 3819 ἐκεῖ·
2371 3765 2400 3817 ό
2455 3765 2515 3819 δὲ
2551 3765 2823 3834 Ἰωάννης,
2882 3761 3159 3832 ἐξαίρετόν
3206 3779 3262 3815 τι
3308 3760 3549 3831 χάρισμα
3594 3749 3708 3819 ’παρ’ὶ

2187 3860 2314 3921 τοὺς
2338 3857 2560 3921 λοιποὺς
2585 3857 2905 3929 ἀνθρώπους
2931 3855 3135 3920 λαϐὼν,
3172 3856 3377 3927 σκιρτᾷ
3405 3853 3460 3905 ἐν
3484 3851 3541 3919 τῇ
3569 3844 3702 3912 κοιλίᾳ

2187 3951 2287 4020 τῆς
2346 3950 2573 4021 μητρὸς.
2614 3950 2737 4004 ὅθεν
2783 3950 2880 4003 καὶ
2921 3948 3124 4020 μείζων
3178 3948 3292 4002 τῶν
3344 3940 3628 4016 προφητῶν.
3659 3936 3705 3987 Οἱ

2196 4044 2293 4113 μὲν
2331 4044 2461 4114 γὰρ,
2490 4043 2629 4113 μετὰ
2662 4042 2723 4096 τὸ
2772 4042 3100 4112 γεννηθῆναι
3164 4040 3584 4113 προεφήτευσαν,
3612 4030 3635 4082 ό
3664 4025 3705 4079 δὲ

2191 4135 2273 4189 ἔτι
2296 4139 2353 4190 ὲν
2381 4138 2449 4206 τῇ
2486 4136 2666 4207 κοιλίᾳ
2704 4136 2804 4206 τῆς
2854 4136 3058 4207 μητρὸς
3101 4134 3200 4199 ὢν,
3235 4131 3442 4205 ἠξιώθη
3472 4125 3553 4180 τοῦ
3577 4116 3706 4175 τοιού-

2190 4243 2287 4280 του
2319 4226 2673 4297 χαρίσματος.
2703 4225 2848 4295 Ὅρα
2911 4228 3042 4296 γάρ’
3086 4226 3371 4295 ἠσπάσατο
3408 4222 3439 4291 ἠ
3486 4212 3702 4285 Παρθένος

2190 4320 2290 4389 τὴν
2326 4319 2625 4385 Ἐλισάϐετ,
2687 4320 2935 4374 τουτέστι
2998 4321 3458 4393 προσηγόρευσεν.
3488 4311 3549 4365 Ἦ

2191 4409 2285 4461 οὖν
2316 4408 2416 4478 τῆς
2443 4409 2720 4482 Παρθένου
2782 4408 2879 4463 τοῦ
2930 4412 2988 4463 ὲν
3029 4410 3169 4480 αὐτῇ
3204 4403 3562 4480 σαρκουμένου
3603 4396 3700 4447 Θεοῦ

507 4483 829 4552 prOphetice
854 4482 919 4536 ad
949 4481 1196 4549 Mariam,
1228 4501 1332 4538 non
1356 4489 1516 4539 verba
1542 4485 1762 4540 fuerunt
1787 4484 2078 4548 Elisabcth,

2196 4502 2348 4573 φωνὴ
2378 4498 2483 4574 ἦν’
2515 4502 2611 4555 καὶ
2659 4501 2748 4555 διὰ
2787 4502 2946 4556 τοῦτο
3002 4503 3098 4556 καὶ
3145 4500 3239 4554 τὸν
3285 4497 3574 4568 Ηρόδρομον
3597 4482 3700 4550 ὲντῗι

508 4573 603 4627 sed
638 4571 858 4627 infantis
886 4591 899 4627 :
932 4589 994 4629 os
1051 4583 1232 4629 autem
1286 4577 1564 4632 Elisabeth
1594 4586 1798 4631 tantum
1818 4576 2091 4631 ministra-

508 4664 608 4730 vit,
648 4665 789 4719 sicut
816 4675 872 4719 et
904 4679 966 4720 os
1022 4665 1205 4722 Maria:
1252 4668 1575 4724 ministravit
1611 4669 1747 4723 Filio
1795 4670 1887 4724 Dei
1911 4672 2000 4740 qui
2036 4672 2089 4727 in

510 4767 666 4811 utero
694 4757 812 4828 ejus
837 4766 973 4815 erat.
1024 4757 1232 4830 Quippe
1270 4775 1391 4815 cum
1439 4762 1764 4816 exsultasset
1823 4777 1958 4833 puer
2036 4763 2089 4817 in

510 4859 687 4914 utero,
750 4862 878 4907 tunc
934 4852 1152 4923 impleta
1212 4864 1300 4909 est
1370 4854 1575 4925 Spiritu
1623 4855 1922 4911 Elisabeth.
1971 4854 2088 4910 Nisi

511 4944 657 4997 enim
690 4959 824 5014 puer
853 4946 1197 5011 exsultasset,
1221 4963 1326 5001 non
1355 4949 1740 5018 propltetasset
1766 4948 1879 5004 illa.
1905 4947 2092 5019 Itaque

512 5036 868 5090 sicutdicunt
902 5038 1194 5107 prophetas
1238 5041 1475 5108 primum
1518 5050 1699 5096 mente
1744 5044 2006 5097 excedere
2037 5051 2092 5096 et

513 5125 750 5181 divinum
776 5128 904 5197 quid
949 5130 1082 5196 pati,
1118 5144 1184 5184 ac
1227 5140 1339 5184 tum
1381 5131 1617 5201 denique
1664 5132 2087 5202 prophetizare:

500 5216 586 5291 fita
617 5230 672 5275 et
693 5218 929 5277 Joannes
954 5223 1093 5276 forte
1128 5223 1279 5291 prius
1310 5224 1530 5278 saltavit
1552 5237 1614 5279 ut
1666 5225 1910 5279 divinum
1940 5223 2095 5294 quid-

515 5311 637 5366 dam
663 5311 900 5381 patieus,
930 5321 1113 5382 postea
1145 5327 1244 5382 per
1289 5329 1352 5370 os
1425 5315 1618 5369 matris
1673 5315 2092 5384 propltetizavit.

515 5402 654 5469 Quid
680 5415 857 5459 autem
887 5407 1325 5474 prophetizavit?
1359 5426 1378 5459 ι
1408 5406 1700 5464 Benedicta
1735 5418 1790 5462 tu
1818 5408 1871 5462 in
1909 5408 2096 5464 mulie-

516 5494 688 5550 ribus.
723 5514 743 5548 ι
781 5497 984 5553 Deinde
1004 5500 1132 5570 quia
1159 5500 1342 5555 multa:
1387 5509 1590 5556 sancta:
1630 5500 1887 5555 mulieres
1931 5514 2094 5571 pepe-

516 5595 708 5640 rerunt
739 5587 1033 5657 improbos,
1070 5599 1128 5644 ut
1160 5587 1405 5645 Rebecca
1453 5590 1620 5657 Esau,
1665 5590 1796 5646 dicit
1831 5607 1846 5645 :
1901 5590 2006 5647 Sed
2042 5599 2100 5647 et

515 5676 724 5733 fructus
754 5680 960 5736 ventris
993 5683 1067 5736 tui
1095 5681 1433 5738 benedictus.
1467 5683 1643 5739 Aliter
1689 5698 1905 5755 quoque
1935 5686 2098 5742 intel-

517 5768 608 5840 ligi
633 5780 844 5842 potest:
870 5771 1164 5833 Benedicta
1198 5784 1254 5831 tu
1286 5775 1339 5830 in
1381 5775 1720 5844 mulieribus,
1753 5777 1949 5837 deinde
1984 5782 2099 5838 vel-

2198 4595 2384 4665 μήτρᾳ
2419 4594 2752 4664 ἐχαρίτωσε,
2803 4594 2899 4647 καὶ⁵
2931 4592 3158 4663 ἐποίησε
3205 4585 3595 4663 προφητεῦσαι·
3626 4576 3697 4628 ὃσι

2193 4688 2303 4758 γὰρ
2328 4683 2484 4739 εἶπεν
2515 4688 2548 4756 ἡ
2566 4686 2847 4740 Ἑλισάϐετ
2875 4684 3230 4756 προφητικῶς
3253 4683 3385 4753 πρὸς
3404 4679 3493 4749 τὴν
3514 4666 3696 4739 Μαρίαν,

2193 4780 2254 4830 οὐ
2278 4778 2377 4847 τῆς
2421 4778 2702 4831 Ἐλισάϐετ
2726 4773 2869 4849 ἦσαν
2901 4778 3141 4848 ῥήματα.
3178 4776 3314 4830 ἀλλὰ
3360 4770 3449 4825 τοῦ
3486 4765 3696 4837 βρέφους·
3808 4810 3809 4819 χ

2194 4869 2257 4923 τὸ
2290 4870 2465 4940 στόμα
2493 4869 2550 4922 δὲ
2595 4871 2756 4939 μόνον
2802 4872 2902 4940 τῆς
2943 4869 3227 4923 Ἐλισάϐετ
3250 4866 3520 4937 ὑπούργει,
3555 4855 3695 4916 ὥσπερ

2195 4965 2291 5018 καὶ⁸
2323 4964 2386 5017 τὸ
2438 4964 2614 5036 στόμα
2667 4964 2763 5037 τῆς
2796 4966 3016 5036 Μαρίας
3082 4966 3392 5035 ὑπούργησε
3450 4957 3519 5027 τῷ
3567 4953 3615 5005 ἐν
3648 4944 3692 5013 τῇ

2199 5058 2383 5128 μήτρᾳ
2413 5058 2583 5127 αὐτῆς
2611 5058 2727 5111 ὄντι
2757 5058 2872 5128 Υἱῴ
2896 5059 2991 5112 τοῦ
3034 5059 3200 5113 Θεοῖν
3235 5058 3588 5131 σκιρτήσαντος
3616 5040 3692 5108 γάρ
3808 5062 3809 5067 ‘

2195 5150 2288 5203 τοῦ
2331 5150 2561 5220 βρέφους
2592 5152 2648 5203 ὲν
2669 5153 2736 5223 τῇ
2771 5153 2993 5222 γαστρὶ,
3026 5152 3148 5205 τότε
3178 5149 3418 5220 ἐπλήσθη
3444 5136 3691 5223 Πνεῦμαῖοιῖ

2194 5243 2230 5310 ἡ
2273 5242 2576 5296 Ἐλισάϐετ.
2606 5242 2668 5295 Εἰ
2704 5220 2778 5313 μὴ
2826 5220 2937 5314 γὰρ
2958 5244 3019 5296 τὸ
3059 5243 3257 5315 βρέφος
3289 5239 3590 5309 ἐσκίρτησεν.
3614 5220 3685 5276 οὐκ

2198 5328 2265 5382 ἂν
2293 5332 2699 5399 προεφήτευσεν
2730 5331 2869 5402 αὕτη
2890 5348 2903 5362 ·
2935 5331 3127 5405 ὥσπερ
3168 5329 3264 5387 οὖν
3311 5346 3433 5401 φασι
3467 5322 3570 5380 τοὺς
3592 5324 3687 5405 πρίν

2199 5398 2373 5490 φήτάῖ
2398 5424 2565 5494 πρδτε
2577 5441 2667 5494 ρον
2692 5398 3076 5496 ἐξισταμένους
3096 5398 3202 5479 ’καὶ
3227 5398 3682 5479 ἐνθουσιῶντας.εἶν³

2199 5514 2588 5586 προφητεύειν,
2627 5516 2770 5571 οὔτω
2797 5519 2938 5588 τάχα
2996 5519 3092 5578 καὶ
3141 5520 3169 5572 ό
3212 5518 3447 5583 Ἰωάννης
3486 5506 3683 5573 πρότερον

2199 5607 2550 5679 ἐσκίρτησεν,
2578 5604 2691 5663 οἷον
2717 5611 3032 5679 ἐνθουσιῶν,
3064 5607 3184 5666 εἶτα
3223 5611 3311 5666 διὰ
3342 5606 3433 5662 τοῦ
3479 5594 3677 5662 στδματος

2199 5701 2300 5767 τῆς
2357 5700 2564 5770 μητρὸς
2622 5706 3038 5775 προεφήτευσε’
3102 5705 3155 5758 τί
3211 5706 3268 5759 δὲ
3332 5687 3677 5775 προεφήτευσξῇ

2207 5804 2228 5840 t
2256 5763 2612 5865 Εὐλογημένη
2631 5763 2696 5849 ait
2731 5763 2788 5850 ιῦ
2818 5763 3082 5862 γυναιξίν.
3123 5816 3142 5850 ι
3190 5791 3320 5853 Εἶτα
3358 5763 3514 5853 ἐπειδῆ
3539 5763 3672 5830 “ml
