3812 6544
192 391 294 457 ιω
918 379 1362 442 Εκιιιιιιιιτιο
1395 380 1475 439 IN
1516 379 1752 440 EVANG

1862 377 2017 439 .IUM
2054 378 2291 441 LUC/E.
2325 405 2393 414 —
2424 380 2582 444 CAP.
2626 382 2677 444 ῐ.
3216 432 3219 437 ‹
3316 382 3423 448 710

191 494 453 554 γυναῖκες
482 494 635 559 ’³γιαι
680 489 940 563 βεϐήλους
971 491 1179 554 ἔτεκον,
1207 490 1339 560 ὼςὴ
1373 488 1644 541 Ῥεϐέκκα
1662 488 1752 540 τὸν

1862 489 1932 542 ιιιί
1961 488 2229 559 quispiam
2286 488 2579 559 interroget
2636 492 2842 561 quare?
2883 493 3055 565 ipsam
3104 500 3320 551 eattsam
3349 499 3428 552 di-

203 582 393 647 Ἠσαῦ,
450 583 617 651 φησιν
648 585 760 648 ὔτι,
799 582 960 637 Ἀλλὰ
1002 583 1096 636 καὶ
1124 584 1152 634 ό
1192 580 1402 652 καρπὸς
1423 582 1521 649 τῆς
1551 579 1752 644 κοιλίας

1862 579 1929 635 cit
1958 596 1977 637 :
2007 579 2337 636 Benedictus
2377 581 2524 636 enim
2591 582 2796 639 fructus
2832 586 3034 640 ventris
3073 586 3174 652 tui,
3202 588 3302 642 hoc
3322 597 3425 652 est,

185 690 278 727 σου
307 675 696 745 εὐλογημένος·
729 676 823 729 καὶ
848 676 1020 738 ἄλλως
1038 676 1092 727 δὲ
1124 675 1473 745 νοηθήσεται,
1511 673 1752 741 Εὐλογη-

1862 671 1998 729 Deus
2027 673 2169 728 enim
2223 682 2311 729 est
2360 672 2572 728 l‘ructus
2613 675 2700 731 ille
2746 677 2955 731 ventris
2982 677 3078 732 tui.
3105 676 3430 750 Benedictus

187 767 319 836 μένη
343 769 412 822 σὺ
433 770 492 821 ἰν
513 767 755 836 γυναιξίν
775 783 790 798 ο
825 763 946 821 εἶτα
974 766 1164 839 ὥσπερ
1185 766 1563 837 ἐρωτήσαντός
1584 782 1751 831 τινος,

1862 762 1997 815 enim
2033 761 2186 817 solus
2214 761 2378 828 Deus,
2422 762 2563 817 sicut
2607 774 2664 819 et
2700 765 2862 819 David
2917 766 3068 831 dicit,
3109 766 3432 823 Benedictus

180 856 353 921 dicti;
375 860 525 928 λέγει
558 860 657 931 τὴν
704 858 904 913 αἰτίαν.
937 856 1314 926 Εὐλογημένος
1347 857 1456 926 γὰρ
1483 857 1510 908 ὁ
1540 854 1752 949 καρπός

1862 853 1945 922 qui
1971 854 2138 909 venit.
2173 853 2464 910 Consuevit
2482 857 2629 910 enim
2657 857 2936 927 Scriptura
2968 859 3427 928 coniunctionem,
3468 892 3482 949 ε

184 949 281 1017 τῆς
326 950 534 1013 κοιλίας
571 967 689 1011 σου,
725 949 993 1013 τουτέστι,
1037 947 1171 1009 Θεὸς
1224 946 1333 1016 γὰρ
1363 947 1391 998 ό
1420 944 1630 1014 καρπὸς
1657 943 1752 1012 τῆς

1862 953 1925 1011 et,
1972 958 2089 1014 pro,
2136 947 2297 1009 enim,
2349 947 2642 1013 accipere:
2691 956 2770 1011 ut,
2825 950 2897 1003 Da
2954 952 3111 1005 nobis
3148 943 3479 1027 auxilium,
3532 980 3537 983 -

184 1040 386 1103 κοιλίας
417 1058 533 1108 σου,
563 1040 932 1111 εὐλογημένος
969 1039 1078 1110 γὰρ
1114 1038 1273 1108 μόνος
1300 1037 1329 1088 ὁ
1352 1036 1485 1097 Θεός
1509 1052 1522 1066 ·
1545 1034 1619 1098 ὡς
1647 1036 1742 1088 καὶ

182 1136 212 1186 ὁ
239 1135 400 1188 Δαυῖὂ
427 1136 608 1204 λέγει’
638 1133 1016 1203 Εὐλογημένος
1038 1134 1064 1185 ό
1094 1131 1385 1202 ἐρχόμενος
1404 1145 1418 1159 ·
1456 1127 1614 1181 εἴωθε
1643 1126 1750 1197 7&9

187 1227 218 1295 ἠ
244 1226 431 1297 Γραφὴ
460 1226 576 1288 τὸν,
615 1227 739 1292 καὶ,
764 1225 1059 1294 σύνδεσμον
1088 1223 1209 1276 ἀντὶ
1239 1221 1355 1287 τοῦ,
1381 1219 1493 1288 γὰρ
1514 1257 1529 1282 ,
1569 1236 1750 1290 παρα-

187 1318 474 1388 λαμῦἀνειν
497 1334 512 1350 ο
558 1316 632 1381 ὡς
662 1317 746 1381 τὸ,
775 1318 872 1381 Δὸς
922 1318 1053 1386 ἡμῖν
1102 1313 1380 1385 βοήθειαν,
1412 1310 1507 1366 καὶ
1544 1310 1752 1381 ματαία

193 1409 426 1479 σωτηρία
469 1406 781 1479 ἀνθρώπου,
808 1408 931 1460 ἀντὶ
956 1407 1073 1470 τοῦ,
1110 1404 1332 1459 Mani;
1357 1402 1467 1474 7&9
1508 1403 1751 1472 σωτηρία

194 1499 519 1573 ἀνθρώπου·’
556 1499 652 1553 καὶ
699 1498 882 1564 πάλιν,
947 1500 1020 1552 Σὺ
1074 1497 1381 1567 ὡργίσῦης,
1442 1496 1537 1548 καὶ
1588 1495 1752 1565 ἡμεῖς

198 1592 525 1665 ἡμάρτομεν,
556 1594 680 1649 ἀντὶ
706 1591 824 1659 τοῦ,
856 1592 1045 1662 Ἡμεῖς
1077 1592 1187 1661 γὰρ
1208 1591 1554 1660 ἡμάρτομεν·
1583 1589 1737 1658 Καρο

1853 1044 1909 1091 ει
1964 1050 2099 1089 vana
2131 1037 2282 1091 salus
2313 1037 2587 1093 hominis:
2632 1040 2735 1095 hoc
2777 1051 2881 1107 est,
2932 1041 3079 1095 Vana
3110 1046 3255 1099 enim
3281 1040 3465 1101 salus

1851 1127 2112 1184 hominis.
2144 1126 2212 1182 Et
2256 1129 2452 1184 iterum
2486 1129 2607 1186 :Tu
2656 1133 2826 1187 iratus
2856 1132 3028 1200 fuisti,
3067 1145 3124 1190 et
3161 1152 3262 1191 nos
3307 1153 3433 1204 pec-

1848 1219 2111 1285 cavimus,
2145 1219 2249 1274 hoc
2308 1230 2418 1287 est,
2443 1236 2541 1276 nos
2573 1223 2715 1278 enim
2761 1226 3124 1293 peccavimus.
3172 1226 3431 1282 Fructum

1848 1322 2030 1366 autem
2085 1313 2294 1369 ventris
2354 1312 2447 1369 Dei
2472 1312 2770 1371 Genitricis
2824 1316 2958 1373 dicit
3020 1316 3332 1386 Dominum,
3380 1331 3435 1376 et

1848 1401 1970 1457 ideo
1999 1403 2119 1457 sine
2151 1404 2267 1459 viro
2303 1416 2651 1474 conceptum.
2680 1405 2844 1462 Pueri
2871 1408 3019 1463 enim
3075 1410 3169 1465 alii
3227 1413 3434 1467 fructus

1850 1502 1979 1549 sunt
2018 1503 2276 1564 patrum:
2320 1496 2569 1552 Christus
2603 1513 2730 1555 vero
2786 1499 2958 1555 solius
2998 1502 3205 1556 ventris
3250 1501 3435 1559 Mariae

1850 1587 2060 1645 fruetus
2090 1605 2108 1646 :
2143 1588 2257 1660 ipsa
2286 1593 2427 1646 enim
2457 1592 2569 1648 sola
2600 1595 2746 1651 hunc
2779 1597 3015 1655 fructum
3045 1599 3285 1668 protulit.

201 1692 289 1745 πὺν
311 1692 364 1743 δὲ
395 1691 493 1761 τῆς
519 1688 730 1753 κοιλίας
754 1685 875 1742 εἷπε
904 1688 1005 1759 τῆς
1028 1686 1294 1741 Θεοτόκου
1324 1685 1415 1739 τὸν
1447 1684 1674 1753 Κύριον.
1699 1683 1834 1737 διότι
1854 1684 1985 1739 ἄνευ
2034 1684 2226 1756 ἀνδρὸς
2251 1688 2285 1757 ὴ
2314 1686 2510 1758 κύησις
2529 1704 2543 1720 ·
2569 1692 2617 1744 οῖ
2648 1691 2748 1763 μὲν
2789 1692 2896 1765 γὰρ
2930 1694 3080 1749 ἄλλοι
3102 1696 3292 1761 παῖδες
3325 1696 3433 1752 τῶν

201 1785 435 1854 πιτέρων
464 1785 569 1837 εἰσὶ
595 1783 870 1853 καρποὶ,ὁ
901 1781 959 1835 δὲ
988 1781 1221 1851 Χριστὸς
1248 1782 1416 1851 μόνης
1444 1780 1543 1852 τῆς
1565 1779 1889 1850 κοιλίας-τῆς
1918 1781 2187 1836 Θεοτόκου
2217 1784 2429 1854 καρπός
2446 1800 2461 1815 ⁸
2488 1787 2627 1858 μόνη
2643 1790 2752 1861 γὰρ
2771 1790 2934 1845 αὐτὸν
2949 1792 3343 1866 ἑκυοφόρησεν.

265 1897 282 1929 ι
320 1878 426 1932 Καὶ
476 1877 641 1931 πόθεν
670 1894 761 1947 μοι
795 1876 975 1941 τοῦτο,
1015 1876 1103 1929 ἵνα
1152 1874 1283 1949 ἑλοῃ
1330 1876 1367 1947 ἡ
1400 1877 1603 1947 Μήτηρ
1658 1873 1752 1927 τοῦ

1938 1876 2098 1932 Vitas.
2143 1878 2332 1934 45-45.
2368 1899 2386 1932 t
2424 1880 2493 1936 Et
2519 1885 2660 1939 unde
2698 1886 2797 1942 boc
2828 1889 2980 1955 mihi,
3023 1899 3081 1943 ut
3107 1894 3285 1949 veniat
3318 1895 3435 1951 Illa-

1861 1976 1944 2022 ter
1966 1968 2178 2024 Domini
2214 1973 2317 2025 mei
2345 1972 2412 2026 ad
2447 1975 2577 2029 me?
2616 1976 2758 2034 Ecce
2776 1981 2920 2035 enim
2950 1992 3006 2036 ut
3037 1982 3177 2041 facta
3209 1996 3293 2042 est
3331 2004 3432 2044 vox

1859 2060 2205 2119 salutationis
2237 2073 2343 2120 tua:
2389 2067 2443 2121 in
2478 2068 2702 2126 auribus
2758 2073 2918 2138 meis,
2975 2077 3273 2133 exsultavit
3319 2094 3433 2150 pra:

1858 2156 2056 2226 gaudio
2085 2155 2265 2212 infans
2297 2159 2466 2231 279
2493 2162 2547 2216 in
2579 2171 2732 2219 utero
2782 2179 2922 2222 meo.
2981 2166 3046 2223 Et
3088 2168 3247 2226 beata
3312 2187 3433 2243 quae

1857 2247 2111 2315 credidit,
2141 2252 2396 2321 quoniam
2439 2253 2793 2321 perﬂeientur
2813 2273 2877 2312 ea
2907 2276 3028 2330 qua:
3059 2262 3200 2318 dicta
3228 2275 3355 2319 sunt
3381 2267 3430 2321 ei

1855 2354 1888 2394 a
1918 2341 2164 2396 Domino.
2207 2361 2228 2396 ι
2273 2342 2428 2398 Sicut
2459 2356 2641 2414 postea
2691 2346 2926 2406 Joannes
2957 2354 3257 2421 Christum,
3301 2372 3423 2411 cum

1857 2432 2097 2488 venisset
2135 2444 2193 2487 ut
2214 2434 2602 2505 baptizaretur,
2629 2440 2905 2509 prohibuit
2936 2454 3158 2516 prapter
3179 2462 3434 2504 reveren-

1859 2523 2009 2591 tiam,
2041 2525 2228 2580 dicens
2265 2543 2280 2581 :
2324 2527 2435 2596 Ego
2469 2544 2575 2584 non
2635 2546 2753 2586 sum
2805 2534 3048 2605 dignus",
3108 2541 3186 2595 sic
3214 2550 3266 2595 et
3290 2557 3435 2596 nunc

1858 2630 1957 2685 per
1984 2626 2211 2672 matrem
2238 2634 2389 2674 suam
2432 2620 2709 2691 loquitur:
2746 2625 2900 2682 Unde
2929 2629 3058 2684 mihi
3096 2630 3219 2699 hor,
3253 2643 3309 2688 ιιι
3337 2649 3433 2689 ve-

1857 2706 1972 2759 niat
2026 2719 2198 2762 mater
2252 2710 2465 2766 Domini
2527 2714 2628 2768 mei
2683 2716 2748 2771 ad
2806 2719 2931 2773 tne?
2990 2722 3296 2792 priusquam
3339 2740 3434 2795 pa-

1857 2800 1963 2853 riat
1995 2798 2303 2868 Dominum,
2341 2815 2567 2860 matrem
2613 2822 2812 2865 vocans
2843 2826 2984 2876 eam,
3023 2818 3223 2883 quae'in
3279 2828 3434 2874 utero

1856 2891 2099 2961 gerebat.
2133 2892 2279 2948 Alias
2298 2896 2442 2949 enim
2489 2899 2800 2968 priusquam
2857 2903 3086 2970 pariant,
3125 2922 3233 2960 non
3284 2909 3429 2964 sole-

206 2983 259 3034 οὗ
286 2981 387 3052 ,χρὴ
430 2981 671 3052 μητέρας
701 2979 986 3050 ὀνομάζειν
1044 2978 1133 3032 διὰ
1168 2979 1260 3032 τὸν
1311 2977 1477 3047 φόὸον
1507 2976 1608 3047 τῆς
1640 2980 1752 3049 ἀμ-

1862 2997 1977 3035 mus
2004 2994 2203 3037 matres
2237 3000 2441 3040 vocare
2466 2998 2685 3057 propter
2727 3002 2927 3045 mctmn
2987 2996 3288 3050 abortiendi
3322 3017 3335 3052 :
3376 2999 3428 3053 in

209 3074 456 3137 ελώσεως,
485 3073 734 3127 τουτέστι
783 3072 883 3141 τῆς
909 3071 1201 3141 ἀποϐολῆς.
1246 3070 1371 3123 Ἐπὶ
1403 3069 1462 3122 δὲ
1485 3069 1582 3140 τῆς
1602 3070 1751 3140 Παρ·

1862 3072 2063 3141 virgine
2091 3086 2271 3129 autem
2306 3076 2439 3131 nihil
2492 3079 2598 3134 tale
2629 3082 2892 3149 suspicari
2919 3087 3220 3154 Oportebat.
3248 3086 3314 3142 Et
3348 3089 3432 3144 id-

209 3168 345 3220 ῡὲνου
390 3167 540 3219 οὐδὲν
585 3165 825 3219 τοιοῦτον
876 3163 1254 3217 ὑπωπτεύετο.
1312 3161 1411 3215 Διὰ
1464 3162 1748 3216 τοῦτοκαὶ

1862 3166 2001 3221 circo
2044 3168 2360 3237 priusquam
2391 3170 2593 3239 parias,
2633 3186 2805 3230 mater
2855 3186 2909 3232 et
2964 3180 3121 3234 beata
3177 3196 3237 3237 es
3285 3191 3363 3248 tu,
3398 3198 3432 3237 ο

208 3261 301 3327 πρὸ
328 3256 413 3310 τοῦ
441 3257 621 3310 τεκεῖν
649 3257 830 3325 μήτηρ
877 3253 971 3307 καὶ
1003 3252 1249 3323 μακαρία
1285 3251 1553 3322 ὑπάρχεις
1584 3252 1673 3317 σὺ,
1707 3244 1752 3304 ὦ

1862 3255 2046 3322 Maria,
2074 3272 2193 3328 qua:
2263 3262 2559 3329 credidisti,
2597 3267 2722 3336 quia
2760 3268 3127 3339 implebantur
3158 3285 3221 3328 ea
3250 3244 3370 3345 qua:
3399 3290 3428 3330 a

207 3350 398 3420 Μαρία,
433 3352 465 3421 ἡ
491 3348 830 3402 πιστεύσασα
855 3348 936 3400 ὅτι
976 3345 1127 3400 ἔσται
1158 3346 1433 3408 τελείωσις
1459 3346 1570 3408 τοῖς
1597 3343 1751 3398 λελα-

1862 3347 2084 3405 Domino
2113 3352 2208 3406 tibi
2247 3352 2390 3408 dicta
2425 3365 2573 3412 sunt.

210 3442 435 3512 λ.ι;μένοις
467 3460 550 3494 σοι
571 3442 722 3511 παρᾶ
757 3438 988 3510 Κυρίου.

202 1968 385 2040 Κυρίου
423 1984 523 2037 μου
555 1965 837 2036 πρὸς.μέ;
881 1966 1013 2020 Ἰδοὺ
1044 1966 1154 2037 γὰρ
1180 1966 1255 2030 ὡς
1289 1966 1563 2035 ὲγένετοὴ
1600 1964 1751 2034 φωνὴ

198 2062 280 2115 τοῦ
328 2060 615 2130 ἀσπασμοῦ
648 2075 740 2111 σου
804 2059 882 2121 εις
911 2058 980 2113 τὰ
1028 2051 1143 2113 ὧτά
1193 2074 1325 2129 μου,
1354 2057 1646 2128 ἐσκίρτησε
1692 2054 1754 2115 τὸ

205 2154 378 2224 βρέφος
412 2154 468 2204 ὲν
495 2150 818 2217 ἀγαλλιάσει
848 2151 907 2203 ὲν
934 2152 1002 2221 τῇ
1034 2149 1217 2221 κοιλίᾳ
1262 2167 1387 2219 μου.
1436 2149 1547 2202 Καὶ
1574 2164 1755 2219 μακα-

203 2246 280 2315 ρία
311 2245 342 2314 η
375 2242 736 2307 πιστεύσασα,
767 2244 850 2296 ὃτι
881 2241 1034 2296 ἔσται
1062 2241 1344 2301 τελείωσις
1370 2242 1482 2305 τοῖς
1520 2239 1755 2311 λελαλη-

205 2336 366 2405 μένοις
394 2336 530 2407 αὐτῇ
581 2336 736 2405 παρὰ
779 2335 1005 2406 Κυρίου.
1048 2353 1067 2388 ι
1114 2335 1327 2405 Ὥσπερ
1387 2334 1615 2405 ὕστερον
1663 2335 1753 2391 ἑλ-

204 2430 344 2482 υὸντα
380 2429 469 2482 τὶν
496 2427 731 2499 Χριστὸν
794 2429 875 2490 εἰς
902 2426 963 2480 τὸ
1013 2425 1385 2497 βαπτισθῆναι
1421 2428 1451 2481 ό
1494 2426 1750 2496 Ἰωάννης

205 2519 388 2574 ἐκώλυε
416 2520 485 2573 δι’
518 2521 828 2584 εὐλάϐειαν,
858 2520 1033 2588 λέγων
1058 2537 1072 2551 ·
1114 2518 1232 2573 Οὐκ
1269 2520 1388 2589 εἰμί¹
1417 2519 1587 2586 ἄξιος,
1610 2518 1753 2572 οὕτω

198 2613 285 2663 ικαὶ
306 2610 394 2665 νῦν
415 2611 500 2663 διὰ
532 2613 631 2681 τῆς
664 2612 870 2681 μητρὸς
890 2610 1054 2664 αὐτοῦ
1083 2610 1380 2679 φθέγγεται
1407 2627 1421 2641 ·
1455 2609 1627 2663 Πόθεν
1660 2627 1749 2681 μοι

203 2687 361 2766 τοῦτο,
388 2701 473 2755 ἵνα
502 2701 632 2773 ἔλθῃ
672 2703 706 2773 η
741 2702 941 2773 Μήτηρ
970 2701 1066 2756 τοῦ
1100 2700 1308 2772 Κυρίου
1340 2717 1442 2772 μου
1477 2701 1619 2773 πρὸς
1647 2700 1746 2771 μές

206 2794 379 2865 πρὶνῆ
416 2795 549 2867 τέκῃ
577 2795 669 2847 τὸν
701 2792 930 2864 Κύριον,
979 2792 1195 2864 μητέρα
1241 2792 1339 2863 τὴν
1369 2792 1746 2864 κυοςιοροῦσαν

206 2890 477 2960 ὀιομάζων.
510 2887 640 2941 Ἐπὶ
665 2887 765 2959 μὲν
791 2888 902 2959 γὰρ
930 2887 1038 2940 τῶν
1068 2886 1263 2951 ἄλλων,
1285 2886 1468 2958 πρὶνῆ
1498 2886 1752 2955 τέκωσιν,

274 3553 293 3586 ι
328 3533 430 3588 Καὶ
469 3529 589 3587 εἷπε
625 3533 891 3602 Μαριάμ’
936 3529 1245 3599 Μεγαλύνει
1278 3532 1312 3601 ἠ
1341 3532 1486 3605 ψυχή
1534 3550 1634 3603 μου
1664 3531 1756 3586 τὸν

211 3625 425 3697 Κύριον·
455 3629 547 3678 καὶ
584 3623 883 3695 ἡγαλλίασε
912 3621 973 3675 τὸ
1004 3622 1220 3686 πνεῦμά
1252 3640 1353 3695 μου
1388 3626 1481 3680 ἐπὶ
1524 3624 1600 3696 τῷ
1629 3622 1748 3696 Θεῷ

210 3721 279 3790 τῷ
300 3719 498 3791 Σωτῆρί
537 3736 676 3790 μου,
715 3718 797 3771 ὅτι
822 3715 1119 3785 ἐπέϐλεψεν
1159 3717 1253 3769 ἐπὶ
1286 3716 1383 3786 τὴν
1425 3717 1755 3772 ταπείνωσιν

213 3816 295 3883 τῆς
314 3813 496 3885 δούλης
522 3811 686 3866 αὑτοῦ
708 3828 723 3843 ο
753 3811 861 3864 ἰδοὺ
896 3810 1006 3882 γὰρ
1037 3810 1146 3863 ἀπὸ
1176 3810 1272 3864 τοῦ
1300 3810 1395 3865 νῦν
1424 3809 1757 3881 μακαριοῦσί

215 3922 275 3971 με
306 3906 465 3958 πᾶσαι
513 3904 572 3958 αἱ
621 3901 838 3972 γενεαὶ,
883 3903 966 3955 ὅτι
1014 3901 1240 3972 ἐποίησέ
1286 3918 1378 3972 μοι
1429 3901 1694 3972 μεγαλεῖα
1728 3902 1758 3955 ὁ

216 3998 442 4059 ἑυνατός·
497 3997 592 4050 καὶ
636 3995 791 4063 ἅγιον
833 3993 896 4046 τὸ
934 3991 1107 4064 ὄνομα
1138 3992 1326 4049 αὐτοῦ.
1365 3992 1479 4047 Καὶ
1515 3993 1576 4046 τὸ
1612 3991 1758 4057 ἔλεος

215 4086 359 4141 αξιτοῦ
399 4090 477 4152 εἰς
506 4087 701 4156 γενεὰν
734 4086 831 4139 καὶ
875 4085 1071 4153 γενεὰν
1110 4087 1221 4147 τοῖς
1266 4084 1621 4155 φοϐουμένοις
1661 4085 1759 4138 αύ-

216 4180 310 4234 τόν.
362 4199 380 4231 ι
439 4180 504 4234 Ἦ
555 4178 831 4250 Παρθένος
876 4177 1200 4248 τελεώτερον
1245 4177 1757 4250 πληροφορηθεῖσα,

212 4270 456 4341 δοξολογεῖ
475 4272 565 4325 τὸν
603 4272 759 4337 Θεὸν,
796 4270 992 4341 ἐκείνῳ
1046 4270 1424 4341 ὲπιγράφουσα
1458 4271 1518 4325 τὸ
1550 4270 1756 4343 Θαῦμα,

213 4364 298 4434 οὐχ
329 4365 509 4435 ἑαυτῇ.
547 4362 785 4426 Ἐκεῖνος
816 4362 922 4433 7&9
941 4403 957 4428 ,
992 4367 1189 4433 φησιν,
1212 4363 1508 4434 ἐπέϐλεψεν
1538 4364 1627 4417 ἐπ’
1660 4366 1760 4436 ἐμὲ

212 4457 297 4525 τὴν
343 4455 631 4527 ταπεινὴν,
688 4456 789 4507 οὐκ
843 4453 955 4521 ἐγὼ
1006 4455 1142 4525 πρὸς
1189 4458 1397 4509 ἐκεῖνον
1449 4456 1756 4527 ἀνέόλεψα·

210 4547 393 4609 ἐκεῖνός
428 4564 493 4617 με
524 4547 793 4615 ἠλέησεν,
836 4545 937 4598 οὐκ
971 4544 1083 4613 ἐγὼ
1134 4546 1295 4599 αὑτὸν
1344 4547 1586 4619 ἐζήτησα
1609 4563 1626 4580 ⁶
1663 4548 1752 4601 καὶ

1866 4540 2013 4595 illutn
2045 4556 2151 4596 non
2192 4543 2437 4612 quasivi.
2477 4543 2543 4599 Et
2573 4558 2640 4598 ex
2681 4545 2784 4599 hoc
2827 4554 3070 4616 tempore
3106 4547 3317 4601 beatam
3349 4562 3435 4603 me

196 4640 303 4692 ὰςεὸ
337 4638 429 4690 τοῦ
472 4637 566 4690 νῦν
622 4634 955 4707 μακαριοῦσί
1004 4653 1075 4707 με
1120 4638 1290 4691 πᾶσαι
1334 4640 1390 4691 αι
1438 4640 1665 4707 γινεαίο
1698 4642 1752 4692 οὗ

1863 4634 2044 4690 dicent
2094 4649 2284 4691 omnes
2327 4639 2707 4704 generationes
2751 4656 2765 4692 :
2815 4653 2920 4692 non
2971 4638 3085 4694 sola
3122 4638 3431 4705 Elisabcth,

194 4732 329 4802 μόνη
368 4729 645 4784 Ἐλισάὸετ
670 4768 686 4794 ,
720 4728 855 4782 ἀλλὰ
879 4729 975 4782 καὶ
1009 4729 1068 4782 αί
1102 4728 1208 4783 τῶν
1242 4730 1644 4782 πιστευσάντων
1673 4746 1752 4800 γε-

1862 4725 1952 4781 sed
1981 4736 2036 4781 et
2055 4740 2240 4781 eorum
2264 4728 2542 4795 generatio
2565 4728 2659 4797 qui
2682 4728 3029 4784 crediderint.
3056 4728 3234 4796 Quare
3255 4737 3432 4783 autem

195 4822 307 4876 ινεαὶ
328 4838 341 4852 ·
370 4822 509 4875 διατι
539 4820 595 4874 δὲ
627 4818 1021 4891 μκαριοῦσινς
1044 4814 1111 4871 Ἀ
1125 4835 1194 4889 ρα
1220 4817 1307 4872 διὰ
1336 4818 1433 4890 τὴν
1472 4819 1611 4889 ἐμὴν
1628 4820 1752 4889 ἀρε-

1862 4816 2076 4870 beatam
2120 4831 2206 4870 me
2246 4817 2467 4873 dicent?
2500 4816 2621 4873 Non
2660 4829 2879 4888 propter
2918 4836 3093 4875 meam
3135 4822 3390 4875 virtutem
3416 4860 3434 4887 ,

185 4917 322 4989 :ﬁv;
362 4914 532 4985 Οὐχίυ
572 4912 688 4967 ἀλλ’
727 4914 810 4966 ὃτι
840 4911 1062 4981 ἐποίησε
1091 4910 1209 4980 μετ’
1245 4910 1379 4980 ἐμοῦ
1422 4910 1687 4981 μεγαλεῖα
1731 4912 1752 4963 ὁ

1866 4908 1958 4961 sed
1990 4910 2116 4977 quia
2146 4908 2273 4963 fecit
2305 4924 2513 4967 mecmn
2538 4925 2732 4980 magna
2758 4913 2851 4981 qui
2884 4922 3075 4981 potens
3107 4921 3211 4967 est.
3240 4911 3439 4967 Poten-

175 5009 339 5068 Θεός.
403 5004 639 5058 Δυνατὺν
670 5002 727 5055 δὲ
755 5000 1038 5071 ὠνόμασεν
1067 5000 1250 5067 αὑτὸν,
1284 5000 1370 5052 ἵνα
1406 4999 1594 5071 μηδεὶς
1634 5002 1752 5055 ἁπι-

1871 5008 1975 5052 Iem
2010 5008 2191 5054 autem
2226 5002 2468 5055 nominat
2519 5002 2719 5067 Deum,
2772 5010 2832 5057 ut
2874 5016 2942 5057 ne
2991 5003 3116 5070 quis
3166 5003 3438 5058 discredat

1929 3525 2093 3583 Vens.
2131 3528 2321 3586 ιιι-50.
2379 3548 2398 3582 ι
2443 3529 2510 3584 Et
2552 3533 2629 3586 ait
2673 3532 2876 3589 Maria:
2914 3533 3217 3607 Magniﬁcat
3249 3538 3429 3594 anima

1859 3635 1977 3676 mea
2009 3621 2292 3676 Dotninum
2314 3663 2329 3689 ,
2374 3634 2430 3678 et
2457 3625 2749 3680 exsultavit
2780 3627 3000 3695 spiritus
3020 3694 3023 3695 ν
3044 3643 3195 3684 meus
3236 3631 3288 3686 in
3322 3632 3430 3687 Deo

1860 3712 2144 3769 Servatore
2166 3729 2304 3769 meo.
2330 3715 2464 3783 Quia
2491 3719 2728 3786 respexit
2749 3721 2817 3773 ad
2842 3694 3194 3776 humilitatem
3223 3724 3433 3779 ancilla:

1859 3821 2007 3871 suae,
2050 3821 2176 3862 ecce
2205 3808 2349 3862 enim
2381 3824 2447 3863 ex
2495 3810 2599 3866 hoc
2639 3812 2854 3868 beatam
2888 3830 2974 3870 me
3016 3817 3197 3873 dicent
3245 3834 3434 3875 omnes

1860 3897 2254 3965 generationes.
2301 3898 2436 3964 Quia
2472 3899 2600 3954 fecit
2634 3902 2763 3955 tnihi
2807 3905 3089 3973 magniﬁca
3122 3907 3210 3975 qui
3242 3920 3434 3978 potens

1859 4000 1979 4056 cst,
2018 4000 2073 4045 et
2111 4000 2356 4046 sanctum
2403 4007 2599 4048 nomen
2629 3992 2767 4062 ejus.
2812 3994 2877 4049 Et
2909 3997 3275 4053 misericordia
3319 4000 3434 4066 ejus

1862 4084 1914 4139 in
1941 4086 2249 4154 progeniem
2273 4093 2328 4139 et
2355 4087 2662 4157 progeniem
2691 4087 3001 4143 timentibus
3031 4104 3177 4145 eum.
3212 4109 3231 4142 ι
3274 4091 3433 4162 Virgo

1861 4177 2062 4231 certior
2105 4177 2312 4231 reddita
2344 4179 2411 4232 de
2444 4177 2576 4232 factu
2616 4190 2878 4249 concepto
2921 4181 3191 4251 gloriﬁcat
3222 4182 3387 4239 Deum
3412 4224 3428 4249 ,

1863 4267 1938 4321 illi
1985 4269 2306 4324 miraculum
2336 4270 2677 4336 attribuens,
2720 4288 2823 4327 non
2867 4274 3100 4343 sibiipsi.
3139 4273 3232 4331 Ille
3264 4277 3431 4344 enim,
3516 4318 3527 4333 .

1863 4357 2016 4424 dicit,
2069 4361 2309 4429 respexit
2353 4361 2408 4415 iu
2457 4376 2542 4417 me
2572 4362 2826 4416 humilem
2852 4404 2868 4429 ,
2906 4381 3008 4418 non
3053 4380 3156 4434 ego
3188 4366 3254 4420 ad
3284 4367 3431 4421 illum

1864 4451 2099 4520 respexi.
2146 4449 2239 4506 Ille
2285 4467 2371 4507 me
2407 4464 2733 4521 prosecutus
2760 4466 2843 4509 est
2882 4455 3293 4522 misericordia,
3319 4464 3434 4527 'ego

175 5100 365 5169 στήσῃ
397 5099 507 5159 τοῖς
536 5092 849 5164 λεγομένοις
873 5132 889 5157 ,
923 5091 1280 5160 λογισάμενος
1317 5091 1398 5145 ὅτι
1432 5095 1533 5145 οὐκ
1564 5092 1761 5146 ἀδύνα-

169 5193 272 5255 τός
308 5195 431 5243 ἐστι
457 5189 629 5242 ταῦτα
660 5188 883 5257 ποιῆσαι
907 5185 934 5237 ὁ
966 5186 1191 5257 Κύριος.
1222 5183 1414 5253 Ἃγιον
1443 5184 1498 5238 δὲ
1547 5180 1667 5238 εἷπε
1698 5184 1758 5237 τὸ

94 5344 97 5345 ν
161 5288 360 5355 ὄνομα
413 5280 617 5342 αὐτοῦ,
658 5278 895 5350 δηλοῦσα
934 5278 1016 5330 ὅτι
1047 5278 1199 5330 οὐδὲν
1236 5274 1520 5346 μολύνεται
1562 5280 1618 5330 ὲν
1662 5293 1757 5346 γυ-

159 5375 374 5437 ναικὸς
407 5374 591 5443 μήτρᾳ
622 5370 1132 5441 συλλαμϐανόμενος
1157 5371 1184 5421 ό
1211 5366 1618 5438 καθαρώτατος,
1643 5369 1761 5423 ἀλλ’

151 5471 341 5535 ἅγιος
384 5463 555 5533 μένει.
593 5462 705 5514 Οὐκ
734 5463 813 5525 εἰς
855 5463 956 5530 ἐμὲ
991 5459 1047 5512 is
1089 5459 1256 5529 μόνην
1282 5459 1342 5512 τὸ
1380 5458 1525 5520 ἔλεος
1557 5459 1758 5527 αὐτοῦ,

146 5559 323 5617 ἀλλὰ
377 5556 474 5609 καὶ
511 5557 589 5619 εἰς
641 5557 848 5618 πάντας
887 5552 1016 5617 τοὺς
1060 5550 1428 5622 φοϐουμένους
1462 5551 1624 5605 αὐτόν
1652 5568 1668 5584 ο
1711 5552 1760 5604 οῖ

1869 5089 1956 5146 his
1994 5106 2112 5160 quae
2144 5106 2173 5145 a
2212 5107 2272 5147 se
2304 5092 2583 5156 dicuntur,
2614 5094 2964 5149 considerans
2992 5095 3134 5163 quod
3168 5096 3309 5150 Deus
3343 5095 3435 5152 illa

1866 5182 2049 5239 facere
2076 5194 2267 5253 potens
2281 5183 2382 5242 'sit.
2403 5187 2579 5241 Porro
2612 5194 2857 5242 sanctum
2883 5201 3079 5241 nomen
3109 5186 3225 5256 ejus
3254 5199 3436 5255 vocat,

1867 5274 2153 5330 declarans
2184 5276 2325 5346 quod
2354 5291 2461 5329 non
2494 5277 2805 5345 inquinetur
2839 5275 3227 5332 mundissimus
3264 5276 3354 5333 ille
3381 5278 3436 5333 in

1866 5374 2023 5420 utero
2050 5374 2364 5435 conceptus,
2403 5366 2498 5419 sed
2540 5375 2759 5421 sanctus
2787 5373 3022 5421 maneat.
3056 5364 3243 5436 Neque
3266 5366 3321 5420 in
3352 5381 3438 5421 me

1856 5456 2093 5519 ‘sola'est
2120 5457 2489 5513 misericordia
2513 5458 2627 5528 ejus
2646 5496 2662 5523 ,
2693 5457 2787 5513 sed
2818 5458 2872 5512 in
2903 5472 3094 5514 omnes
3123 5461 3211 5528 qui
3249 5459 3440 5513 timent

1870 5547 2042 5605 illum.
2094 5548 2194 5618 Qui
2234 5550 2378 5605 enim
2430 5564 2536 5605 non
2587 5551 2779 5606 timent
2819 5551 3029 5622 ipsum,
3078 5551 3174 5609 sed
3216 5552 3437 5605 omnino

142 5650 285 5723 γὰρ
322 5644 406 5716 μὴ
436 5645 762 5715 φοόούμενοι
796 5644 980 5712 αὑτὸν,
1016 5643 1155 5699 ἀλλὰ
1179 5643 1356 5712 πάντη
1393 5641 1623 5709 ἀνάξιοι,
1663 5642 1752 5696 οὐκ

1872 5640 2074 5711 indigni
2124 5649 2283 5709 sunt,
2338 5657 2440 5698 non
2476 5654 2841 5715 assequuntur
2886 5642 3330 5701 misericordiam.

238 5824 264 5858 '
334 5817 558 5892 ιιιιιιις
578 5835 661 5886 ιιι,
699 5818 785 5875 ll.
