3866 6448
470 351 574 421 711

1393 352 1977 420 THEOPHYLACTI
2015 354 2433 422 BULGARUE
2465 354 2820 421 ARCHIEP.

3612 362 3698 432 712

468 466 872 539 generationem
924 478 1104 524 autem
1160 476 1217 524 et
1248 470 1653 541 generationem
1701 473 1890 528 dicens
1936 487 2046 528 esse

2169 474 2479 531 ὲλεοῦνται.
2533 476 2630 538 El;
2659 474 2853 543 γενεάν
2889 471 2945 528 δὲ
2990 474 3085 529 καὶ
3110 473 3305 544 γενεὰν
3342 474 3560 531 εἰποῦσα
3585 475 3698 539 εἶναι

469 559 904 615 misericordiam
963 559 1095 628 Dei,
1154 562 1388 616 ostendit
1431 562 1574 632 quod
1622 564 2049 620 misericordiam

466 660 827 721 assequemur
869 662 927 707 et
979 652 1030 705 in
1083 654 1338 722 praesenti
1383 656 1619 719 saeculo,
1648 665 1706 709 et
1745 656 1796 710 in
1833 656 2048 718 lntnro,

467 759 661 814 nempe
690 744 1072 800 aterno.-Natn
1106 747 1194 800 hic
1214 748 1526 817 centuplum
1550 747 1847 817 accipiunt,
1867 758 1922 803 et
1945 748 2054 803 illic

468 837 627 907 longe
648 838 900 907 amplius.
924 838 1158 895 Attende
1187 847 1365 895 autem
1388 841 1531 910 quod
1549 841 1780 910 primum
1805 840 2051 912 magniﬁ-

468 934 557 980 cat
585 930 763 981 anima
804 927 1115 993 Dominum,
1145 935 1200 983 et
1223 929 1416 984 deinde
1443 930 1667 999 spiritus
1685 930 1920 983 exsultat
1949 946 1965 983 :
1994 937 2053 982 ut

466 1021 645 1076 simile
667 1022 793 1090 quid
817 1021 1019 1087 dicant,
1050 1022 1360 1093 magniﬁcat
1397 1020 1588 1082 Deum,
1606 1022 1696 1091 qui
1715 1023 1876 1093 digne
1899 1023 2051 1093 juxta

473 1114 640 1169 Deum
674 1115 938 1169 ambulat.
987 1114 1223 1170 Vocatus
1266 1130 1326 1170 es
1357 1115 1722 1179 Christianus,
1766 1130 1873 1170 non
1914 1125 2054 1170 atte-

467 1220 646 1260 nuans
668 1221 865 1261 nomen
885 1206 1267 1275 etdignitatem
1286 1206 1491 1263 Christi
1508 1205 1757 1262 faciendo
1778 1207 1922 1277 quod
1945 1221 2048 1262 non

463 1310 700 1368 oportet,
744 1300 840 1356 sed
892 1299 1246 1371 magniﬁcans
1288 1298 1567 1369 operando
1596 1315 1827 1371 magna,
1883 1299 2051 1353 ctele-

465 1394 680 1462 stiaqne
713 1407 895 1461 opera.
925 1393 992 1447 Et
1028 1401 1158 1448 tunc
1192 1392 1361 1447 etiam
1397 1392 1624 1462 spiritus
1651 1402 1774 1447 tuus
1807 1391 2051 1447 exsulta-

463 1486 542 1540 bit
564 1525 580 1553 ,
615 1487 717 1541 hoc
771 1496 889 1553 est,
922 1474 1206 1556 spirituale
1239 1485 1439 1540 donum
1486 1484 1628 1553 quod
1665 1483 1923 1554 accepisti
1956 1498 2052 1554 per

463 1578 676 1650 egregia
703 1594 865 1649 opera
893 1618 911 1644 ,
940 1578 1241 1634 exsultabit
1270 1587 1325 1633 et
1370 1577 1637 1648 proﬁciet.
1679 1577 1745 1633 Et
1774 1590 1880 1631 non
1919 1590 2053 1632 con-

463 1672 744 1736 trahetur,
777 1678 865 1735 et,
920 1682 978 1726 ut
1027 1672 1101 1725 ita
1153 1671 1369 1735 dicam,
1413 1668 1848 1725 mortilicabitnr.
1895 1668 2051 1725 Scias

463 1775 721 1831 praeterea
760 1765 928 1820 videri
963 1762 1304 1834 Scripturam
1341 1762 1665 1832 simpliciter
1694 1761 1837 1817 idem
1863 1760 2050 1817 dicere

462 1852 713 1920 spiritum
758 1865 814 1910 et
846 1831 1166 1922 animamv',
1207 1854 1427 1925 proprie
1457 1831 1641 1909 tamen
1681 1851 2048 1909 diﬂ'ert..Ani-
2073 1831 2123 1892 Β

464 1945 658 1999 malem
704 1945 849 2001 enim
894 1945 1060 2017 280
1097 1945 1371 2003 hominem
1420 1944 1554 2000 dicit
1582 1959 1710 2001 eum
1762 1945 1854 2015 qui
1888 1942 2047 2014 ju'sta

462 2047 714 2092 naturam
742 2037 907 2103 vivit,
938 2046 995 2092 et
1038 2038 1290 2094 humanis
1333 2037 1639 2094 rationibus
1666 2038 1876 2107 regitur
1898 2075 1917 2101 ,
1967 2035 2047 2092 si-

460 2131 680 2200 quando
708 2129 960 2186 esuriens
988 2130 1283 2196 comedat,
1328 2130 1455 2187 odio
1487 2128 1686 2185 habeat
1727 2129 2008 2186 inimicum
2028 2166 2047 2193 ,

459 2231 516 2275 et
544 2219 598 2275 in
622 2236 858 2287 summa,
886 2222 934 2277 si
967 2221 1101 2276 nihil
1125 2237 1289 2291 supra
1313 2222 1589 2279 hominem
1616 2233 1896 2294 appareat.
1921 2222 2047 2294 Spi-

462 2314 712 2369 ritualem
738 2330 890 2383 vero,
924 2314 1019 2386 qui
1043 2315 1385 2373 transcendit
1408 2315 1554 2387 leges
1581 2327 1814 2386 naturae,
1844 2326 1902 2373 et
1936 2333 2044 2374 non

462 2405 701 2461 humano
733 2421 884 2463 more
925 2408 1089 2477 sapit.
1132 2407 1200 2463 Et
1244 2408 1362 2465 haec
1390 2419 1471 2464 est
1506 2407 1813 2465 din‘erentia
1848 2411 2046 2465 animle

464 2508 521 2552 ct
550 2499 777 2568 spiritus
806 2498 861 2552 in
894 2498 1198 2570 Scriptura.
1233 2499 1424 2556 Medici
1461 2499 1691 2557 forsitan
1744 2500 1861 2557 hac
1889 2501 2050 2557 aliter

462 2588 817 2656 discernunt,
853 2590 949 2647 sed
982 2590 1145 2649 nobis
1187 2591 1469 2664 Scriptura
1509 2591 1662 2648 cordi
1698 2601 1818 2660 est,
1851 2590 2048 2649 medici

460 2696 590 2737 vero
624 2681 864 2740 valeant.

532 2943 700 3003 Vens.
732 2946 925 3003 51-56.
970 2966 989 2999 ι
1029 2944 1183 3002 Fecit
1222 2947 1391 3003 robur
1438 2946 1495 3002 in
1530 2947 1754 3005 brachio
1794 2962 1933 3015 suo,
1962 2948 2046 3004 di-

462 3041 662 3111 spersit
680 3040 944 3110 superbos
962 3040 1294 3110 cogitatione
1312 3039 1496 3096 cordis
1518 3040 1782 3111 ipsorum.
1800 3038 2048 3096 Detraxit

460 3145 709 3206 potentes
730 3140 797 3193 de
823 3137 1068 3203 sedibus,
1087 3147 1144 3193 et
1162 3137 1423 3193 esaltavit
1449 3138 1703 3193 humiles.
1730 3133 2045 3193 Esttrientes

461 3229 707 3298 implevit
744 3230 937 3295 bonis,
969 3242 1026 3286 et
1065 3229 1262 3288 divites
1300 3230 1506 3287 dimisit
1541 3232 1752 3288 inanes.
1795 3230 2048 3301 Suscepit

461 3320 627 3376 Israel
658 3337 888 3393 puerum
919 3338 1099 3388 suum,
1128 3332 1187 3377 ut
1221 3338 1428 3379 memor
1456 3333 1601 3379 esset
1630 3322 2044 3379 misericordia

464 3413 622 3471 Sicut
649 3414 865 3470 locutus
906 3424 989 3471 est
1017 3415 1084 3470 ad
1112 3424 1296 3485 patres
1338 3424 1589 3482 nostros,
1642 3414 1953 3482 Abraham,
1993 3425 2049 3471 et

462 3507 656 3563 semini
690 3507 839 3578 ejus,
882 3508 934 3562 in
969 3507 1246 3564 saeculum.
1272 3508 1469 3564 Mansit
1498 3515 1681 3565 autem
1720 3506 1892 3564 Maria
1921 3520 2044 3563 cum

463 3599 554 3654 illa
608 3600 884 3656 mensibus
911 3599 1132 3656 circiter
1167 3600 1359 3666 tribus,
1388 3611 1445 3657 et
1485 3617 1703 3658 reversa
1737 3611 1822 3657 est
1861 3601 1914 3656 in
1944 3602 2037 3657 do-

461 3707 611 3746 mum
641 3707 817 3748 suam.
859 3711 878 3744 ι
909 3691 1201 3749 Brachium
1236 3691 1442 3763 patris,
1475 3691 1666 3749 Filius.
1695 3691 1848 3749 Fecit
1880 3692 2047 3763 igitur

462 3785 630 3839 robur
671 3794 726 3839 et
769 3784 1021 3840 virtutem
1076 3801 1142 3841 ac
1196 3785 1499 3856 potentiam
1546 3796 1739 3842 contra
1795 3794 2043 3840 naturam

461 3873 606 3929 Deus
626 3881 682 3930 et
703 3873 862 3929 Pater
884 3874 936 3929 in
951 3873 1087 3932 Filio
1107 3891 1225 3932 suo.
1244 3875 1531 3934 lncarnato
1553 3878 1699 3934 enim
1729 3878 1887 3945 Filio,
1903 3879 2043 3935 victa

461 3975 545 4022 est
573 3976 765 4022 natura
793 4006 807 4032 ,
850 3967 1069 4039 Virgine
1098 3969 1378 4039 pariente,
1422 3968 1537 4026 Deo
1569 3970 1788 4029 homine
1831 3971 1975 4028 facto
2024 3990 2041 4027 :

459 4060 681 4116 homine
712 4075 840 4117 vero
869 4062 1141 4119 tleiiicato.
1171 4063 1238 4119 Et
1266 4066 1523 4135 dispersit
1556 4064 1814 4122 Dominus
1842 4079 2039 4136 super-

460 4152 560 4207 bos
608 4154 914 4220 dannones,
960 4154 1151 4225 ejectis
1185 4156 1292 4213 illis
1331 4172 1400 4212 ex
1437 4157 1690 4213 humanis
1717 4157 2002 4213 animabus
2024 4196 2041 4224 ,

460 4252 516 4296 et
552 4242 677 4298 aliis
721 4244 939 4313 quidem
987 4245 1042 4300 in
1082 4248 1336 4318 abyssum
1371 4249 1585 4313 missis,
1622 4248 1743 4305 aliis
1775 4257 1955 4304 autem
1988 4249 2041 4303 in

462 4349 677 4402 porcos.
725 4335 933 4391 Poterit
976 4348 1160 4393 autem
1191 4349 1245 4394 et
1274 4342 1341 4395 de
1371 4337 1574 4396 Judmis
1613 4341 1875 4413 intelligi,
1907 4355 2043 4412 quos

462 4429 721 4498 dispersit
770 4431 823 4485 in
866 4446 1080 4487 omnem
1119 4434 1396 4503 regionem
1448 4451 1463 4490 :
1514 4443 1568 4491 et
1615 4451 1762 4493 nunc
1807 4436 2042 4507 dispersi

461 4532 608 4577 sunt.
659 4522 830 4580 Porro
886 4527 1120 4583 detraxit
1171 4530 1336 4584 etiam
1381 4539 1633 4602 potentes
1673 4532 1739 4587 de
1784 4531 2040 4598 sedibus,
2070 4540 2122 4602 ι)

462 4614 734 4672 daemones
762 4617 886 4673 dico
907 4656 923 4685 ,
960 4621 1051 4690 qui
1088 4632 1278 4677 contra
1318 4622 1571 4680 homines
1604 4624 2000 4695 praevaluerant
2023 4665 2041 4693 ,

462 4717 519 4763 et
554 4712 709 4767 sedes
748 4710 801 4766 in
856 4711 1114 4771 humanis
1160 4714 1433 4771 habebant
1466 4717 1814 4785 pectoribus,
1848 4718 1901 4773 in
1937 4717 2045 4774 illis

2070 3190 2114 3251 ο

465 4803 895 4872 requiescentes.
928 4804 1068 4861 Sunt
1091 4815 1149 4863 et
1180 4805 1443 4864 Pharisaei
1475 4818 1745 4880 potentes,
1781 4810 2042 4867 nimirum

462 4907 528 4948 ea
579 4887 699 4963 quae
731 4909 1030 4966 pauperum
1055 4933 1074 4965 ,
1108 4898 1463 4971 diripientes,
1516 4910 1574 4957 et
1621 4902 1911 4959 cathedras
1946 4903 2045 4959 ha-

464 4985 598 5043 bent
633 4997 694 5043 ut
723 4990 1008 5056 doctores,
1047 5006 1075 5045 a
1109 4992 1309 5064 quibus
1338 4992 1569 5064 depositi
1600 5004 1749 5051 sunt.
1787 4996 1856 5052 Et
1892 4995 2045 5053 exal-

466 5081 599 5134 tavit
629 5080 881 5150 humiles,
924 5083 1168 5141 homines
1199 5100 1339 5156 quos
1380 5085 1697 5143 hnmiliarat
1721 5097 2002 5158 peceatum
2023 5126 2042 5155 ,

447 5172 550 5255 vel
582 5182 791 5243 gentes.
834 5176 1105 5233 Esaltavit
1130 5188 1311 5235 autem
1349 5178 1617 5251 adoptatis
1650 5179 1756 5235 illis
1786 5180 1839 5235 in
1882 5180 2040 5237 ﬁlios.

468 5261 632 5331 Igitur
671 5266 815 5321 sicut
841 5277 898 5321 et
942 5271 1253 5326 esurientes
1278 5272 1462 5328 dicere
1500 5272 1625 5329 licet
1656 5274 1876 5330 eosdem
1908 5288 2042 5344 gen-

466 5357 619 5425 tiles,
668 5368 857 5427 utpote
889 5378 993 5417 non
1029 5363 1294 5421 habentes
1331 5364 1414 5420 vel
1459 5364 1802 5436 Scriptores,
1848 5367 1935 5422 vel
1965 5367 2044 5423 le-

462 5464 605 5522 gem,
652 5450 740 5506 vel
772 5454 1044 5521 mandata,
1080 5470 1216 5527 quos
1260 5457 1503 5529 implevit
1534 5459 1690 5515 bonis
1732 5457 2045 5532 Scriptura-

465 5554 585 5597 rum
620 5558 635 5597 :
681 5543 751 5599 ita
785 5554 841 5598 et
879 5542 1095 5604 Judaeos
1124 5549 1319 5607 divites
1360 5559 1416 5608 et
1444 5551 1500 5606 in
1528 5550 1661 5623 lege,
1708 5566 1773 5608 ac
1804 5553 1858 5608 in
1893 5568 2044 5609 man-

458 5633 625 5702 datis,
650 5650 788 5706 quos
815 5637 980 5695 etiam
1007 5640 1189 5699 emisit
1211 5652 1367 5699 extra
1393 5653 1661 5701 terrenam
1686 5652 1741 5701 et
1762 5645 2040 5704 cwlestem

534 5815 557 5848 ⁸
591 5815 611 5871 ι
662 5816 792 5875 Cor.
827 5836 892 5887 ιι,
933 5821 1022 5877 l5.

2155 566 2216 621 τὸ
2247 566 2397 630 ἕλεος
2431 566 2524 620 τοῦ
2553 565 2720 633 Θεοῦ,
2753 565 2911 620 τοῦτο
2953 564 3223 637 ἐδήλωσεν
3244 606 3260 630 ,
3303 565 3386 619 ὃτι
3431 568 3524 621 καὶ
3567 571 3617 623 ὲν
3644 577 3697 645 τῇ

2155 662 2250 717 νῦν
2317 664 2483 733 γενεᾷ
2534 661 2847 723 ἐλεοῦνται,
2884 661 3133 714 τουτέστι
3179 659 3261 730 τῷ
3293 658 3390 713 νῦν
3429 660 3601 715 αἰῶνι·
3627 667 3699 719 καὶ

2157 754 2218 806 ἐν
2266 755 2332 824 τῇ
2382 751 2653 824 μελλούσῃ
2689 753 2853 822 γενεᾷ
2878 793 2892 817 ,
2934 750 3015 822 τῷ
3054 752 3351 824 ἀπεράντῳ
3378 751 3516 821 λέγω
3536 755 3698 811 αἰῶνι·

2157 845 2439 900 κάνταῦθα
2488 846 2598 916 γὰρ
2638 845 3178 900 ἑκατονταπλασίονα
3225 843 3585 916 λαμϐάνουσι,
3616 850 3697 903 κά-

2155 941 2307 991 κεῖσε
2341 935 2523 1009 πολλῷ
2567 937 2809 991 πλείονα.
2847 937 3090 1008 Πρόσχες
3118 936 3175 989 δὲ
3216 937 3302 989 ὃτι
3333 937 3584 1010 πρότερον
3623 956 3698 1009 με·

2156 1032 2379 1099 γαλύνει
2411 1034 2445 1102 ὴ
2490 1031 2640 1102 ψυχὴ
2671 1031 2763 1084 τόν
2788 1030 3027 1097 Κύριον,
3072 1026 3191 1084 εἷτα
3221 1031 3286 1083 τὸ
3330 1030 3540 1100 πνεῦμα
3566 1033 3702 1100 ἀγαλ-

2153 1122 2336 1176 λιᾶται
2359 1136 2374 1152 ⁸
2413 1118 2526 1175 οἷόν
2588 1138 2642 1174 τι
2673 1120 2817 1188 λέγω
2847 1140 2856 1147 ·
2886 1120 3197 1188 Μεγαλύνει
3232 1120 3327 1174 τὸν
3358 1119 3489 1173 Θεὸν
3518 1122 3546 1173 ὁ
3567 1123 3699 1188 ἀξίως

2153 1212 2248 1265 τοῦ
2294 1210 2429 1264 Θεοῦ
2490 1211 2878 1281 πορευόμενος.
2957 1210 3291 1280 Χριστιανὸς
3348 1210 3601 1282 ἐκλήθης,
3644 1215 3703 1284 μὴ

2156 1304 2465 1377 σμικρύνῃς
2510 1304 2574 1357 τὸ
2622 1304 2843 1374 ἀξίωμα
2880 1303 2975 1357 τοῦ
3025 1303 3268 1374 Χριστοῦ
3313 1306 3407 1356 καὶ
3437 1304 3493 1357 τὸ
3534 1305 3701 1376 δνομα,

2153 1397 2243 1451 διά
2287 1396 2382 1450 τοῦ
2441 1396 2707 1468 πράττειν
2752 1396 2822 1449 τὰ
2874 1396 2950 1466 μὴ
2997 1396 3215 1458 δέοντα,
3265 1396 3405 1449 ἀλλά
3445 1396 3702 1464 μεγάλυνον

2154 1490 2319 1552 αὐτὸ,
2366 1489 2611 1561 μεγάλας
2658 1489 2757 1543 καὶ⁵
2780 1489 3068 1560 οὐρανίους
3107 1488 3343 1555 πράξεις
3388 1488 3551 1541 τελῶν
3577 1507 3589 1519 ·
3627 1492 3702 1544 καὶ

2153 1582 2277 1637 τότε
2309 1582 2405 1635 καὶ
2427 1580 2489 1635 τὺ
2520 1580 2744 1651 πνεῦμά
2776 1596 2870 1634 σου
2905 1579 3332 1650 ἀγαλλιάσεται,
3391 1583 3621 1634 τουτέστι
3656 1581 3701 1635 τὸ

2154 1673 2530 1745 πνευματικὸν
2576 1676 2862 1745 χάρισμα,
2904 1674 2934 1728 δ
2970 1673 3162 1738 ἔλαϐες
3201 1673 3297 1727 διὰ
3331 1675 3441 1726 τῶν
3488 1675 3701 1744 μεγάλων

2154 1768 2443 1839 πράξεων,
2479 1768 2770 1840 σκιρτήσει
2814 1766 2908 1820 καὶ
2940 1767 3248 1840 προκόψειθ
3291 1763 3411 1820 ἀλλ’
3445 1768 3506 1820 οὐ
3539 1784 3703 1820 συστα-

2149 1862 2374 1933 λήσεται
2414 1861 2547 1929 καὶ,
2599 1856 2713 1914 οἷον
2754 1861 2959 1925 εἰπεῖν,
3011 1859 3448 1932 νεκρωθθμιεται.
3502 1860 3701 1915 rivum

2147 1952 2213 2007 δὲ
2242 1954 2328 2007 ὅτι
2380 1953 2413 2023 η
2451 1953 2646 2025 Γραφὴ
2723 1952 2909 2016 ἁπλῶς
2958 1951 3058 2023 μὲν
3102 1955 3163 2006 τὸ
3212 1951 3354 2006 αὐτὸ
3386 1950 3528 2005 δοκεῖ
3554 1951 3700 2019 λέγειν

2151 2041 2375 2116 πνεῦμα
2414 2046 2508 2098 καὶ
2534 2043 2751 2116 ψυχὴν,
2787 2043 2994 2115 κυρίως
3022 2043 3079 2097 δὲ
3118 2041 3462 2097 διαστέλλει·
3510 2042 3698 2113 ψυχικὸν

2155 2136 2258 2209 μὲν
2283 2136 2394 2207 γάρ
2427 2135 2718 2207 ἄνθρωπον
2746 2133 2896 2205 λέγει
2921 2134 3013 2189 τὸν
3050 2134 3192 2189 κατά
3223 2134 3393 2205 φύσιν
3424 2133 3606 2199 ζῶντε,
3627 2133 3699 2188 καὶ

2150 2229 2514 2303 ἀνθρωπίνοις
2591 2229 2875 2301 λογισμοῖς
2945 2227 3364 2300 διοικούμενον,
3433 2224 3538 2281 οἷον
3596 2228 3695 2281 ὅταν

2150 2324 2314 2393 πεινᾷ
2332 2363 2348 2390 ,
2377 2320 2630 2375 ἐσθίοντα
2654 2361 2670 2388 ,
2698 2320 2794 2375 τὸν
2818 2319 3014 2392 ἐχθρὸν
3057 2318 3329 2392 μισοῦντα
3350 2360 3367 2385 ,
3396 2320 3488 2372 καὶ
3516 2319 3695 2385 ἁπλῶς,

2153 2416 2321 2490 μηδὲν
2345 2415 2489 2487 ὑπὲρ
2535 2414 2699 2485 φύσιν
2747 2413 3156 2486 φανταζόμενον
3178 2430 3193 2445 ·
3244 2414 3599 2485 πνευματικὸν
3621 2415 3694 2481 δὲ,

2148 2509 2240 2564 τὸν
2282 2509 2710 2581 ὑπερανασὰντα
2747 2509 2877 2573 τοὺς
2926 2507 3025 2579 τῆς
3079 2508 3302 2578 φύσεως
3358 2509 3577 2579 νόμους,
3623 2509 3694 2560 καὶ

2154 2601 2326 2672 μηδὲν
2376 2600 2718 2672 ἀνθρώπινον
2774 2603 3114 2673 φρονοῦντα·
3169 2601 3269 2657 καὶ
3327 2600 3466 2671 αὕτη
3507 2600 3691 2671 emitti]

2147 2695 2385 2767 διαφορά
2416 2695 2598 2765 ψυχῆς
2642 2696 2738 2749 καὶ
2784 2693 3097 2765 πνεύματος
3129 2693 3186 2747 ἐν
3216 2696 3289 2765 τῇ
3343 2693 3559 2764 Γραφῇο
3586 2693 3695 2763 τάχα

2146 2789 2206 2844 δὲ
2237 2788 2415 2861 ῑατροὶ
2456 2787 2632 2850 ἄλλως
2664 2786 2839 2841 ταῦτα
2873 2785 3245 2857 διακρίνουσιν
3265 2800 3281 2817 ·
3307 2785 3424 2840 ἀλλ’
3454 2785 3575 2857 ὴμτν
3615 2783 3692 2854 τῆς

2148 2881 2377 2955 Γραφῆς
2408 2880 2599 2951 μέλει·
2639 2880 2815 2949 ἰατροὶ
2850 2879 2907 2934 δὲ
2944 2878 3383 2950 φθειρέσθωσαν.

2224 2991 2243 3023 ι
2300 2971 2559 3042 Ἐποίησε
2606 2971 2807 3043 κράτος
2840 2972 2900 3024 ὲν
2944 2970 3189 3044 βραχίονι
3236 2968 3445 3023 αὐτοῦ·
3486 2964 3689 3036 διεσκόρ·

2148 3078 2310 3116 πισεν
2337 3061 2727 3133 ὑπερηφάνους
2753 3060 2965 3134 διανοίᾳ
2990 3061 3222 3132 καρδίας
3253 3060 3438 3115 αὐτῶν
3463 3076 3477 3090 ·
3511 3057 3689 3113 καθεῖλε

2146 3155 2416 3220 δυνάστας
2449 3157 2560 3209 ἀπὺ
2609 3155 2817 3227 θρόνων
2839 3191 2883 3223 ,ι
2898 3156 2994 3209 καὶ
3035 3153 3222 3225 ῦψωσε
3254 3153 3566 3216 ταπεινούς·
3595 3167 3688 3203 πει-

2150 3248 2360 3313 νῶντας
2413 3247 2712 3319 ἐνέπλησεν
2762 3246 2987 3317 ἀγαθῶν
3007 3286 3023 3314 ,
3074 3246 3171 3300 καὶ
3238 3244 3589 3306 πλουτοῦντας
3625 3241 3690 3305 ὲξ-
3826 3240 3827 3311 ι

2151 3342 2440 3398 απίστειλε
2469 3341 2663 3406 κενούς
2686 3355 2702 3372 °
2723 3340 3048 3396 ἀντελάσετο
3076 3340 3302 3413 Ἰσραὴλ
3332 3338 3515 3404 παιδὸς
3535 3335 3686 3402 αὐτοῦ,
3826 3335 3827 3419 ἦ

2156 3432 2466 3505 μνησθῆναι
2518 3432 2742 3497 ἐλέους,
2793 3430 2980 3496 καθὼς
3032 3431 3265 3503 ὲλάλησε
3302 3432 3437 3504 πρὸς
3473 3433 3586 3493 τοὺς
3612 3445 3689 3480 πα-

2147 3527 2316 3598 τὲρας
2356 3524 2516 3597 ήμῶν
2547 3523 2626 3597 τῷ
2669 3523 2922 3597 Ἀϐραὰμ
2960 3526 3057 3579 καὶ
3083 3523 3162 3596 τῷ
3204 3526 3483 3596 σπέρματι
3522 3521 3683 3584 αὐτοῦ,

2149 3622 2231 3684 είς
2285 3618 2378 3673 τὸν
2428 3618 2625 3674 αἰῶνα.
2650 3618 2873 3689 Ἔμεινε
2923 3618 2980 3672 δὲ
3016 3618 3255 3690 Μαριὰμ
3300 3619 3399 3672 σὺν
3428 3616 3554 3686 αὐτῇ
3583 3614 3685 3668 ὡσεὶ

2153 3713 2330 3785 μῆνας
2354 3714 2528 3786 τρεῖς.
2559 3711 2665 3767 Καὶ
2694 3713 3038 3786 ὑπέστρεψεν
3072 3716 3153 3777 εἰς
3174 3714 3269 3767 τὸν
3293 3709 3442 3768 οἷκον
3472 3711 3634 3782 αὐτῆς.
3662 3728 3678 3761 ι

2148 3806 2400 3878 Βραχίων
2434 3804 2529 3860 τοῦ
2560 3806 2794 3878 Πατρδς,
2824 3806 3026 3877 ὁξΥίός.
3079 3806 3371 3875 Ἐποίησεν
3404 3800 3493 3859 οὖν
3525 3804 3683 3873 κράτος

2146 3900 2242 3955 καὶ
2290 3899 2521 3970 δύναμιν
2555 3899 2704 3954 κατά
2749 3898 2852 3970 τῆς
2885 3898 3104 3969 φύσεως
3169 3900 3198 3951 ό
3239 3897 3376 3962 Θεὸς
3412 3898 3500 3952 καὶ
3529 3894 3684 3965 Πατὴρ

2146 3994 2205 4047 ὲν
2234 3991 2311 4063 τῷ
2337 3992 2451 4063 Υίῷ
2502 3992 2692 4048 αὐτοῦ.
2740 3991 3125 4062 Σαρκωθέντος
3178 3991 3288 4061 γάρ
3323 3989 3418 4044 τοῦ
3450 3988 3685 4054 T105,“-

2146 4084 2330 4157 ηκήθη
2359 4086 2393 4156 ἡ
2429 4083 2619 4155 φύσις,
2650 4083 2922 4155 παρθένου
2948 4081 3248 4156 τεκούσης,
3283 4082 3419 4138 Θεοῦ
3449 4080 3683 4151 ἀνθρωπι-

2149 4176 2391 4242 σθέντος,
2441 4174 2732 4246 ἀνθρώπου
2785 4174 3117 4239 θεωθέντος’
3158 4174 3257 4229 καὶ
3297 4171 3684 4244 διεσκόρπισενό

2145 4269 2353 4342 Κύριος
2381 4269 2507 4333 τοὺς
2537 4268 2923 4338 ὑπερηφάνους
2949 4267 3232 4339 δαίμονας,
3258 4265 3497 4321 ὲκόαλὼν
3523 4262 3683 4323 αὐτοὺς

2144 4362 2253 4418 ἀπὸ
2296 4359 2405 4415 τῶν
2439 4360 2797 4432 ἀνθρωπίνων
2840 4358 3065 4430 ψυχῶν
3101 4361 3196 4413 καὶ
3240 4358 3337 4423 οὓς
3372 4358 3469 4429 μὲν
3517 4357 3586 4419 είς
3605 4351 3680 4422 τὴν

2146 4457 2382 4514 ἄϐυσσον
2412 4454 2660 4526 πάμψας,
2696 4452 2790 4517 οὓς
2818 4453 2877 4507 δὲ
2932 4452 3013 4516 εις
3041 4450 3169 4516 τοὺς
3207 4452 3444 4523 χοίρους.
3488 4447 3678 4502 Δύναται

2145 4551 2203 4606 δὲ
2234 4550 2326 4606 καὶ
2363 4551 2494 4620 περὶ
2518 4547 2628 4600 τῶν
2672 4545 2943 4600 Ἰουδαίων
2981 4545 3261 4615 νοηθῆναι,
3291 4543 3384 4608 οὓς
3415 4540 3681 4610 διεσκόρπι-

2149 4660 2242 4698 σεν
2270 4644 2350 4706 είς
2394 4643 2575 4696 πᾶσαν
2613 4641 2798 4712 χώραν
2819 4679 2835 4705 ,
2870 4640 2965 4694 καὶ
3002 4638 3101 4693 νῦν
3136 4638 3521 4711 διεσπαρμένοι
3552 4631 3641 4687 εἰσί
3660 4645 3672 4660 ·

2146 4733 2364 4789 καθεῖλε
2398 4733 2457 4788 δὲ
2489 4732 2584 4788 καὶ
2610 4731 2878 4795 δυνάστας
2907 4730 3018 4785 ἀπὸ
3047 4730 3283 4803 θρόνων,
3309 4730 3434 4792 τοὺς
3461 4728 3677 4798 δαίμονας

2144 4828 2290 4896 λέγω
2310 4866 2325 4892 ,
2381 4826 2434 4881 οἳ
2464 4824 2929 4881 κατεδυνάστευον
2953 4823 3063 4878 τῶν
3098 4823 3399 4896 ἀνθρώπων
3418 4864 3434 4888 ,
3464 4821 3549 4877 καὶ
3580 4816 3679 4889 θρό-

2148 4936 2274 4983 νους
2307 4915 2454 4991 εἶχον
2491 4917 2594 4982 τάς
2636 4917 2986 4985 ἀνθρωπίνας
3025 4915 3234 4989 ψυχὰς,
3275 4918 3333 4970 ὲν
3371 4916 3548 4977 αὑταῖς
3571 4913 3676 4965 ἀνα·

2150 5012 2451 5084 παυόμενοι
2476 5027 2490 5042 ’
2523 5009 2658 5064 ἀλλά
2679 5010 2777 5064 καὶ⁵
2805 5011 2856 5063 oi
2878 5011 3164 5081 Φαρισαῖοι
3220 5008 3510 5071 δυνάσται,ξ
3531 5003 3596 5065 ὡς
3621 4999 3676 5051 τὰ

2146 5106 2256 5159 τῶν
2284 5102 2517 5173 πτωχῶν
2549 5102 3022 5175 καθαρπάζοντες,
3057 5101 3281 5174 θρόνους
3302 5100 3358 5154 δὲ
3385 5101 3594 5169 ἔχοντες,
3614 5090 3672 5152 ὡς

2150 5194 2500 5261 διδάσκαλοι,
2552 5195 2645 5265 ἀφ’
2683 5188 2758 5249 ὧν
2806 5192 3194 5268 καθῃρέθησαν
3220 5211 3234 5225 ο
3270 5192 3364 5247 καὶ
3394 5189 3561 5261 ὖψωσε
3596 5198 3673 5235 τα-

2152 5285 2375 5348 πεινοὺς
2434 5285 2560 5349 τοὺς
2590 5283 2939 5354 ἀνθρώπους,
2970 5283 3064 5349 οὓς
3093 5282 3445 5338 ἐταπείνωσεν
3471 5280 3502 5351 η
3532 5277 3673 5346 ἁμαρ·

2143 5376 2254 5444 τία,
2280 5376 2314 5448 ἢ
2345 5377 2413 5431 τά
2438 5375 2568 5448 ἔθνη
2588 5391 2605 5407 ο
2636 5376 2819 5446 ῦψωσε
2839 5377 2950 5449 γὰρ
2966 5376 3161 5443 ταῦτα,
3191 5375 3453 5429 υἱοθεσίαν
3481 5361 3670 5441 χαρισᾶ-

2147 5484 2307 5539 μενος
2328 5468 2534 5532 αὐτοῖς.
2563 5469 2777 5539 ’Ὠσπερ
2798 5468 2892 5524 οῦν
2916 5469 3011 5525 καὶ
3037 5469 3331 5531 πεινῶντας
3349 5468 3467 5526 τοὺς
3486 5458 3664 5518 αὐτοὺς,

2142 5561 2272 5623 τοὺς
2295 5559 2355 5624 ἐξ
2378 5559 2552 5615 ἐθνῶν
2574 5561 2737 5630 λέγω·
2760 5562 2821 5615 οὐ
2840 5563 2950 5634 γὰρ
2968 5558 3114 5635 εἶχον
3143 5561 3381 5632 Γμφάς,
3408 5558 3439 5629 ἢ
3462 5555 3616 5624 νόμον,
3641 5547 3667 5616 ἦ

2142 5649 2402 5716 ἐντολάς*
2424 5650 2722 5723 ἐνέπλησεν
2767 5651 2991 5721 ἀγαθῶν
3026 5652 3133 5707 τῶν
3174 5648 3471 5722 Γραφικῶν,
3495 5643 3601 5705 τοὺς
3622 5635 3665 5688 εὶ

2449 5734 2479 5761 δ
