3866 6448
567 256 677 326 ῗ15

1491 252 2077 315 THEOPHYLACTI
2108 254 2516 315 BULGAIUE
2546 254 2893 315 ARCIIIEP.

3636 256 3710 329 716

567 371 833 440 matrique
886 380 995 422 sum
1031 365 1455 422 communicavit
1497 365 1697 421 donum
1742 366 2114 438 propheticum

2244 366 2470 434 ἐλάλησε
2533 366 2657 436 περὶ
2690 367 2782 418 τοὺ
2818 364 3116 434 ὀνόματος,
3158 364 3236 418 ὅτι
3295 367 3521 443 Ἰωάννης
3550 374 3637 428 ἐστὶ
3672 382 3713 432 τι

567 465 734 519 Porro
780 458 1070 515 Zacharias
1098 473 1219 513 cum
1250 472 1360 511 non
1406 466 1589 528 posset
1624 466 1756 512 nutu
1798 458 2144 513 manifestare

567 574 789 623 nomen,
833 556 964 625 petit
998 553 1245 609 tabellas.
1278 550 1344 608 Et
1386 552 1511 623 quia
1543 551 1868 623 astipulatus
1900 560 1981 606 est
2014 566 2143 606 sen-

566 652 746 707 tentiae
773 650 956 705 uxoris
985 651 1040 703 in
1070 648 1285 702 nomine
1312 645 1489 718 pueri,
1512 645 1895 715 obstupescunt
1918 660 2139 700 omnes:

566 760 669 800 non
707 742 851 799 enim
900 740 1099 797 eratin
1141 739 1461 810 cognatione
1503 752 1691 793 eorum
1722 737 1987 806 quispiam
2027 735 2143 806 ejus

566 834 823 900 nominis,
859 843 918 889 ut
940 832 1063 903 quis
1082 831 1266 888 dicere
1293 830 1461 901 possit
1498 830 1641 901 quod
1674 838 1800 885 ante
1831 820 2043 898 tempus
2072 828 2141 884 de

561 931 665 985 hoc
705 929 865 984 ambo
907 925 1213 983 tractarint.
1256 921 1493 979 Joannes
1527 920 1677 992 juxta
1734 920 2138 991 interpretatio-

562 1039 683 1078 nem
713 1031 814 1089 est,
849 1018 945 1076 Dei
984 1016 1156 1091 gratia
1186 1034 1200 1074 :
1247 1016 1475 1088 proinde
1508 1022 1561 1070 et
1594 1022 1750 1086 pater
1773 1013 1916 1069 illius
1954 1013 2135 1070 statim

562 1123 840 1170 assecutus
875 1113 1137 1183 gratiam,
1191 1110 1427 1182 primum
1462 1111 1528 1167 de
1562 1108 1804 1174 Christo,
1846 1106 2041 1163 deinde
2074 1106 2139 1162 de

562 1218 727 1273 puero
753 1202 1112 1274 pt'ophetizat.

631 1470 793 1525 Vens.
832 1467 1023 1525 65-75.
1067 1487 1085 1521 ι
1128 1465 1192 1524 Et
1239 1466 1414 1524 lactus
1440 1474 1524 1522 est
1563 1467 1723 1522 timor
1756 1479 1918 1535 super
1947 1479 2137 1522 omnes

556 1563 762 1618 vicinos
787 1568 1005 1628 eorum,
1039 1566 1096 1618 et
1130 1560 1183 1616 in
1229 1562 1340 1616 tota
1373 1567 1629 1615 montana
1676 1559 1899 1630 regione
1939 1556 2139 1615 Iudaeae

555 1653 970 1722 divulgabantur
989 1650 1170 1707 omnia
1199 1650 1364 1708 verba
1390 1651 1522 1716 haec,
1546 1660 1600 1706 et
1621 1660 1919 1721 posuerunt
1941 1663 2133 1705 omnes

550 1742 641 1813 qui
671 1742 955 1797 audierant
986 1742 1039 1795 in
1064 1739 1227 1796 corde
1249 1752 1371 1807 suo,
1398 1711 1641 1794 dicentes
1667 1755 1681 1792 :
1710 1736 1968 1805 Quisnam
1997 1750 2117 1806 puer

2230 1761 2322 1807 τες
2366 1745 2415 1797 οί
2465 1742 2802 1808 ἀκούσαντες
2847 1711 3001 1814 ἐν’τῇ
3034 1740 3234 1814 καρδίᾳ
3282 1740 3472 1806 αὐτῶν,
3504 1741 3721 1810 λέγοντες”

549 1833 639 1889 hic
665 1833 810 1890 erit?
858 1826 923 1887 Et
965 1816 1158 1887 manus
1192 1831 1403 1886 Domini
1449 1837 1723 1885 eratcum
1773 1827 1883 1883 illo.
1916 1824 1984 1880 Et
2026 1824 2129 1880 Za-

548 1927 768 1981 charias
797 1930 951 1996 pater
980 1924 1098 1995 ejus
1137 1923 1375 1993 repletus
1404 1928 1488 1976 est
1521 1919 1725 1991 Spiritu
1756 1929 1970 1984 sancto,
2003 1931 2145 1997 pro-1

548 2018 898 2088 pbetavitque
949 2016 1137 2073 dicens
1197 2031 1214 2072 :
1277 2015 1605 2071 Benedictus
1662 2012 1920 2070 Dominus
1979 2011 2126 2067 Deus

548 2108 736 2175 Israel,
779 2110 904 2180 quia
936 2109 1178 2166 visitavit
1214 2117 1267 2165 et
1297 2108 1420 2163 fecit
1467 2107 1893 2177 redemptionem
1927 2105 2125 2177 populo

548 2215 667 2257 suo.
710 2200 776 2256 Et
818 2200 1078 2256 excitavit
1109 2213 1281 2257 cornu
1320 2198 1510 2254 salutis
1545 2199 1702 2253 nobis
1742 2197 1794 2253 in
1823 2197 1984 2255 domo
2016 2198 2125 2253 Da-

550 2292 639 2347 vid
670 2292 820 2363 pueri
853 2292 935 2347 sui
969 2310 981 2346 :
1016 2292 1157 2348 sicut
1186 2290 1351 2362 282
1385 2290 1598 2346 locutus
1630 2296 1715 2344 est
1769 2302 1867 2357 per
1894 2301 1959 2343 os
1997 2301 2124 2343 san-

547 2397 760 2442 ctorum
786 2425 801 2451 ,
835 2385 926 2456 qui
970 2399 999 2438 a
1050 2383 1248 2440 seculo
1283 2392 1416 2439 sunt
1448 2382 1829 2454 prophetarum
1875 2393 2121 2437 suorum.

548 2479 790 2535 Salutem
840 2490 905 2533 ex
942 2477 1179 2533 inimicis
1212 2477 1434 2543 nostris,
1475 2486 1531 2531 et
1574 2475 1641 2530 de
1684 2489 1846 2529 manu
1881 2472 2121 2529 omnium

543 2571 634 2641 qui
671 2568 908 2624 oderunt
957 2583 1079 2624 nos.
1139 2565 1212 2623 Ut
1266 2566 1471 2622 faceret
1521 2565 1955 2622 misericordiam
1996 2578 2121 2620 cum

544 2660 792 2732 patribus
849 2659 1090 2726 nostris,
1132 2668 1187 2714 et
1230 2672 1439 2714 memor
1471 2665 1618 2714 esset
1672 2654 1980 2713 testamenti
2038 2651 2123 2709 sui

542 2751 740 2809 sancti.
764 2750 924 2808 Juxta
943 2749 1324 2822 jusjurandum
1350 2753 1498 2819 quod
1518 2748 1724 2819 juravlt
1748 2749 1815 2804 ad
1844 2746 2120 2804 Abraham

541 2856 752 2918 patrem
785 2855 1057 2911 nostrum,
1087 2852 1146 2898 ut
1173 2844 1331 2898 daret
1358 2842 1536 2899 nobis.
1574 2840 1645 2898 Ut
1675 2841 1812 2896 citra
1848 2841 2118 2904 timorem,

540 2941 609 2996 de
634 2954 798 3000 manu
830 2937 1175 2993 inimicorum
1205 2943 1515 2991 nostrorum
1546 2934 1780 3001 liberati,
1817 2935 2121 2990 serviamus

541 3032 644 3104 ipsi
692 3032 747 3088 in
789 3030 1079 3087 sanctitate
1127 3035 1182 3084 et
1224 3027 1433 3098 justitia
1483 3042 1664 3083 coram
1702 3029 1853 3097 ipso,
1911 3026 2117 3082 cunctis

2222 3028 2438 3104 τρεύειν
2470 3029 2619 3099 αύτῷ
2670 3033 2729 3084 ἐν
2775 3031 3016 3103 ὁσιότητι
3067 3031 3162 3085 καὶ
3211 3030 3521 3101 δικαιοσύνῃ
3560 3027 3720 3080 ἐνώπιον

537 3125 734 3183 diebus
762 3124 890 3179 vitat
919 3133 1139 3178 nostrae.
1184 3140 1204 3174 ι
1250 3120 1448 3178 Factus
1480 3129 1567 3177 est
1611 3123 1774 3176 timor
1801 3134 1965 3191 super
1995 3134 2111 3173 om-

2244 460 2414 529 ὄνομα
2448 458 2612 512 αὐτοῦ
2646 476 2657 489 ·
2706 458 2843 528 τάχα
2872 458 2927 511 δὲ
2960 457 3054 510 καὶ
3081 458 3108 510 ὁ
3148 458 3387 532 Ἰωάννης
3427 464 3561 528 αὐτὸς
3588 468 3714 539 ἐαυτῷ

2245 552 2539 621 περιέθηκε
2572 551 2631 604 τὺ
2655 551 2821 623 ὄνομα
2848 567 2863 581 ⁸
2898 554 2964 620 τῇ
2998 552 3107 622 γὰρ
3150 550 3311 621 μητρὶ
3345 552 3488 616 αὐτὸς
3515 559 3713 626 μετέδωκε

2244 644 2335 697 τοῦ
2379 642 2718 715 προφητικοῠ
2794 644 3154 714 χαρίσματος.
3202 644 3299 696 Διὰ
3342 645 3573 715 νεύματος
3594 651 3636 703 δέ
3665 656 3715 723 μὴ

2240 735 2538 805 δυνάμενος
2596 732 2624 785 6
2676 732 2953 805 Ζαχαρίας
3028 732 3265 801 δηλῶσαι
3320 733 3377 785 τὸ
3419 734 3587 805 ὄνομα,
3620 742 3718 792 αίτεῖ

2242 825 2575 880 πινακίδιον·
2609 825 2705 879 καὶ
2728 824 2918 895 ἐπειδὴ
2956 823 3293 895 ὼμοφώνησε
3335 827 3396 896 τῇ
3421 830 3605 894 γυναικὶ
3629 834 3716 901 περὶ

2237 918 2300 972 τὸ
2323 918 2494 988 ὄνομα
2540 915 2634 970 τοῦ
2670 915 2881 981 παιδὸς,
2919 914 3312 987 ἐκπλήττονται
3342 917 3521 980 πάντες
3541 935 3553 949 ·
3577 921 3625 972 ού
3644 921 3719 991 γὰρ

2239 1006 2306 1083 ἣν
2337 1013 2394 1066 ἐν
2429 1012 2494 1082 τῇ
2548 1008 2841 1080 συγγενείᾳ
2887 1007 3090 1071 αὐτῶν,
3139 1008 3227 1061 ἵνα
3247 1024 3328 1071 τις
3359 1007 3450 1079 ἔχῃ
3482 1010 3638 1073 εἰπεῖν,
3664 1012 3720 1065 ὅτι

2238 1103 2346 1172 πρὸ
2371 1101 2563 1173 καιροῦ
2593 1101 2750 1155 τοῦτο
2779 1100 3049 1172 ἐμελέτων
3071 1099 3386 1170 ἀμφότεροι.
3460 1101 3661 1171 Ἰωάννης
3684 1105 3720 1157 δὲ

2237 1194 2605 1267 ἑρμηνεύεται
2650 1190 2787 1247 Θεοῦ
2844 1192 3006 1265 χάρις
3032 1207 3047 1222 ·
3111 1191 3190 1244 διὸ
3219 1193 3312 1245 καὶ
3348 1194 3375 1244 6
3418 1193 3575 1264 πατὴρ
3604 1195 3720 1248 αὐτοῦ

2238 1285 2443 1349 εὐθέως
2472 1285 2820 1358 χαριτωθεὶς,
2852 1285 3186 1356 προφητεύει
3211 1282 3336 1355 περί
3365 1302 3417 1337 τε
3440 1285 3525 1338 τοῦ
3549 1287 3721 1356 Χριστοῦ

2239 1375 2529 1448 πρότερον,
2554 1375 2653 1430 καὶ
2677 1375 2804 1448 περὶ
2833 1375 2929 1429 τοῦ
2964 1374 3152 1440 παιδὸς
3183 1374 3424 1447 ὕστερον.

2317 1485 2334 1518 ι
2378 1464 2490 1521 Καὶ
2522 1465 2738 1535 ἐγένετο
2764 1464 2857 1519 ἐπὶ
2887 1468 3097 1531 πάντας
3133 1466 3297 1537 φόϐος
3320 1466 3440 1529 τοὺς
3465 1470 3722 1539 περιοικούν-

2240 1574 2340 1622 τας
2374 1557 2573 1621 αύτούς
2600 1573 2617 1591 ο
2654 1558 2749 1612 καὶ
2805 1559 2864 1611 ἐν
2912 1556 3011 1629 ὅλῃ
3046 1560 3114 1628 τῇ
3165 1558 3348 1629 ὀρεινῇ
3396 1557 3486 1626 τῆς
3534 1558 3723 1624 Ἰουδαίας

2239 1648 2535 1704 διελαλεῖτο
2556 1650 2733 1703 πάντα
2762 1650 2829 1704 τὰ
2858 1650 3082 1723 ῥήματα
3106 1648 3281 1702 ταῦτα
3299 1665 3314 1680 ο
3342 1649 3431 1702 καὶ
3457 1648 3610 1702 ἔθεντο
3629 1652 3722 1704 πάν-

2228 1837 2298 1891 Τί
2324 1835 2433 1907 ἄρα
2462 1836 2523 1890 τὸ
2547 1835 2754 1891 παιδίον
2777 1836 2937 1890 τοῦτο
2975 1835 3165 1900 ἐσταις
3210 1834 3322 1888 Καὶ
3356 1834 3466 1905 χεὶρ
3498 1834 3661 1902 Κυρίου
3679 1831 3724 1903 ἦν

2233 1930 2354 2000 μετ’
2384 1929 2571 1983 αὐτοῦ.
2606 1928 2719 1983 Καὶ
2756 1928 3033 2000 Ζαχαρίας
3071 1930 3100 1981 6
3133 1925 3318 1998 πατὴρ
3362 1926 3512 1980 αὐτοῦ
3540 1927 3722 1995 ἐπλήσθη

2228 2016 2555 2087 Πνεύματος
2582 2018 2765 2086 ἁγίου,
2821 2020 2917 2071 καὶ
2944 2017 3322 2088 προεφήτευσε
3353 2057 3368 2081 ,
3401 2014 3555 2083 λέγων
3576 2032 3588 2046 ’
3606 2017 3724 2070 Εὐλο-

2227 2108 2396 2180 γητὸς
2434 2109 2640 2180 Κύριος
2679 2111 2707 2163 6
2737 2108 2875 2174 Θεδς
2915 2108 3011 2163 τοῦ
3066 2108 3320 2179 Ἰσραὴλ,
3354 2110 3433 2162 ὅτι
3462 2109 3725 2175 ἐπεσκέσηῖιατι

2228 2201 2325 2255 καὶ
2369 2200 2597 2273 ἐποίησε
2650 2201 2918 2276 λύτρωσιν
2965 2200 3046 2272 τῷ
3074 2200 3190 2271 λαῷ
3231 2201 3430 2256 αὑτοῦ·
3478 2202 3559 2254 καὶ
3591 2201 3725 2271 ἡγειρε

2227 2293 2400 2365 κέρας
2430 2294 2707 2365 σωτηρίας
2758 2295 2891 2364 ἡμῖν
2932 2295 2990 2348 ἐν
3024 2292 3104 2364 τῷ
3133 2294 3272 2365 οἴκῳ
3303 2293 3461 2346 Δασιδ
3485 2293 3565 2345 τοῦ
3591 2292 3725 2352 παιδὸς

2227 2385 2393 2441 αὑτοῦ
2418 2403 2434 2419 ο
2466 2385 2650 2451 καθὼς
2683 2385 2916 2458 ἐλάλησα
2939 2386 3029 2440 διὰ
3065 2386 3337 2457 στόματος
3368 2384 3470 2437 τῶν
3494 2384 3634 2448 ἁγίων
3653 2382 3726 2434 τῶν
3806 2404 3807 2443 ;

2226 2478 2323 2532 ἀπ’
2368 2477 2563 2543 αίῶνος
2611 2479 2911 2550 προφητῶν
2947 2477 3152 2532 αὐτοῦ’
3196 2476 3468 2547 σωτηρίαν
3494 2475 3547 2540 ἐξ
3576 2474 3722 2544 ἐχθρῶν
3806 2522 3807 2535 γ

2225 2571 2404 2643 ήμῶνν
2439 2571 2533 2626 καὶ
2565 2574 2630 2624 ὲκ
2657 2548 2847 2642 ἠχειρδς
2874 2570 3093 2625 πάντων
3118 2569 3230 2623 τῶν
3275 2568 3560 2638 μισούντων
3587 2568 3721 2636 ἡμᾶς’
3806 2548 3807 2563 “

2226 2662 2452 2734 ποιῆσαι
2508 2663 2658 2727 ἐλεος
2707 2662 2848 2733 μετὰ
2890 2660 3000 2716 τῶν
3028 2661 3285 2732 πατέρων
3324 2660 3494 2730 ἡμῶν,
3525 2659 3605 2712 καὶ
3631 2674 3719 2726 μνη-
3806 2660 3807 2729 ᾖ

2225 2755 2421 2825 σθῆναι
2474 2754 2740 2826 διαθήκης
2798 2752 2960 2821 ἁγίας
3013 2752 3202 2808 αὐτοῦ.
3261 2753 3463 2822 Ὅρκον
3504 2743 3559 2803 οὗ
3599 2747 3720 2817 Gigas:

2226 2845 2365 2919 πρὸς
2405 2845 2659 2917 Ἀϐραὰμ
2690 2844 2782 2900 τὸν
2831 2845 3047 2917 πατέρα
3090 2844 3271 2916 ήμῶν,
3324 2842 3417 2896 τοῦ
3447 2842 3608 2895 δοῦναι
3637 2840 3721 2908 ἡμῖν

2223 2939 2463 3009 ἀφόσως,
2489 2939 2554 2991 ἐκ
2588 2938 2768 3009 χειρὸς
2795 2938 2904 2991 τῶν
2933 2937 3145 3009 ἐχθρῶν
3171 2937 3333 3007 ἡμῶν
3364 2928 3641 3009 ῥυσθέντας,
3660 2931 3719 2984 λε-

2223 3123 2391 3180 αῠτοῦ
2419 3123 2603 3189 πάσας
2615 3122 2714 3187 τὰς
2737 3123 2950 3196 ἡμέρας
2975 3124 3075 3192 τῆς
3104 3123 3251 3191 ζωῆς
3283 3121 3457 3193 ἡμῶν.
3487 3139 3505 3174 ι
3547 3118 3721 3185 Ἐγένετο

537 3230 640 3273 nes
660 3256 677 3283 ,
710 3222 934 3287 propter
964 3213 1286 3269 miraculum
1318 3212 1589 3283 loquentis
1629 3211 1926 3267 Zacharia-.
1963 3210 2117 3267 Sicut

2222 3215 2316 3268 ἐπὶ
2342 3216 2552 3279 πάντας
2597 3214 2784 3285 φόϐος,
2816 3216 2906 3269 διὰ
2929 3212 2992 3268 τὸ
3020 3214 3328 3285 παράδοξον
3358 3214 3455 3282 τῆς
3485 3210 3569 3267 τοῦ
3600 3212 3719 3278 Ζαχα-

535 3305 681 3363 enim
711 3305 864 3376 prius
888 3318 1012 3361 cum
1035 3303 1420 3368 obmutuisset,
1453 3310 1737 3372 stupuerat
1767 3300 2012 3369 populus,
2044 3300 2117 3353 ita

2222 3308 2339 3377 ρίου
2368 3306 2737 3377 ἐκλαλήσεως.
2782 3306 2995 3377 Ὠσπερ
3025 3305 3135 3376 γὰρ
3170 3306 3266 3359 ἐπὶ
3295 3308 3362 3376 τῇ
3396 3306 3565 3374 σιωπῇ
3590 3301 3718 3367 ἐξέστη

536 3398 700 3454 etiam
728 3410 875 3453 nunc
903 3410 1027 3452 cum
1056 3394 1298 3450 redditus
1319 3402 1405 3449 est
1437 3394 1484 3448 ei
1512 3407 1711 3448 sermo.
1744 3390 1974 3462 Propter
2012 3391 2116 3445 duo

2222 3396 2246 3447 6
2279 3395 2427 3458 λαὸς,
2463 3394 2609 3449 οὕτω
2655 3395 2752 3449 καὶ
2778 3396 2871 3449 ἐπὶ
2895 3395 2976 3465 τῷ
3016 3395 3252 3467 λαλῆσαι
3290 3396 3451 3449 αὐτόν
3473 3410 3487 3424 θ
3516 3394 3582 3457 ὡς
3601 3389 3720 3445 εἰνόιᾶ

537 3487 702 3557 igitur
733 3485 990 3541 miracula
1028 3486 1143 3539 haec
1175 3481 1488 3554 cogitabant
1530 3482 1597 3536 de
1637 3489 1764 3537 nato
1802 3479 1946 3550 quod
1977 3479 2117 3533 mqu

538 3588 624 3635 tos
655 3576 1007 3649 pracelleret.
1045 3575 1209 3631 Facta
1245 3583 1425 3629 autem
1461 3582 1588 3629 sunt
1632 3574 1744 3628 haec
1777 3572 1959 3627 otnnia
2002 3570 2117 3627 siu-

530 3671 704 3742 gulari
730 3657 959 3743 quadam
990 3667 1413 3738 dispensatione,
1446 3675 1504 3721 ut
1525 3665 1617 3737 qui
1648 3667 1713 3720 de
1745 3665 1964 3721 Christo
1992 3678 2113 3733 pro-

531 3763 909 3836 phetizaturus
936 3769 1104 3827 esset,
1137 3760 1241 3816 [ide
1272 3759 1467 3830 dignus
1493 3758 1806 3821 haberetur,
1838 3763 1893 3811 et
1925 3768 2114 3812 omnes

531 3875 598 3923 ex
658 3859 773 3930 ipsa
835 3857 1119 3914 nativitate
1164 3852 1392 3910 Joannis
1444 3852 1705 3908 certiores
1756 3848 2114 3905 redderentur

532 3950 677 4022 quod
701 3947 882 4005 multis
905 3946 1078 4018 major
1113 3953 1280 4001 esset.
1304 3943 1580 4000 Benedicit
1603 3951 1783 3996 autem
1820 3938 2113 3994 Zacharias

531 4042 726 4107 Deum,
766 4041 894 4112 quia
930 4041 1245 4096 visitaverat
1298 4035 1586 4093 lsraelitas.
1636 4034 1703 4088 Et
1743 4030 1985 4103 profecto
2020 4046 2112 4088 vc-

532 4143 688 4189 nerat
731 4134 799 4188 ad
826 4147 957 4189 oves
988 4145 1109 4202 quae
1151 4128 1375 4201 perditae
1408 4135 1568 4184 erant
1604 4127 1672 4183 de
1701 4127 1863 4183 domo
1904 4124 2068 4182 lsrael
2094 4165 2109 4192 ,

530 4226 624 4282 sed
659 4224 904 4296 plerique
939 4219 1260 4278 beneﬁcium
1306 4219 1424 4290 ejus
1466 4221 1744 4290 suscipere
1785 4218 2108 4281 noluerunt,

529 4318 672 4375 unde
705 4331 862 4374 veros
901 4314 1175 4377 Israeiitas
1210 4315 1416 4373 invisit.
1455 4313 1525 4370 Et
1571 4313 1795 4383 quinam
1828 4320 1955 4367 sunt
1993 4309 2109 4363 illi?

528 4405 597 4462 lli
629 4407 719 4477 qui
758 4407 1124 4463 crediderunt.
1171 4406 1443 4462 Excitavit
1468 4413 1650 4460 autem
1689 4417 1861 4458 cornu
1890 4399 2103 4466 salutis,

2222 4408 2432 4480 ὶληθῶς
2483 4408 2828 4480 Ἰσραηλίτας
2885 4408 3265 4478 ἐπεσκέψατο,
3328 4405 3519 4467 οἵτινές
3560 4396 3725 4454 statvo!

530 4503 633 4558 hoc
669 4509 774 4567 est,
817 4500 1069 4555 virtutem
1100 4508 1160 4556 et
1197 4513 1422 4571 regnum
1454 4495 1714 4553 salutare.
1745 4495 1928 4551 Cornu
1957 4493 2102 4550 enim

530 4593 613 4648 vel
646 4592 947 4665 potentiam
986 4591 1254 4663 signiﬁcat
1277 4634 1293 4660 ,
1343 4599 1570 4649 cornuta
1608 4591 1754 4646 enim
1804 4587 2103 4645 animantia

522 4685 579 4742 in
624 4699 794 4741 cornu
851 4685 1019 4740 robur
1070 4684 1305 4749 habent,
1353 4684 1436 4739 vel
1486 4698 1710 4755 regnum
1756 4701 1769 4737 :
1831 4697 1898 4737 ex
1932 4692 2100 4736 cornu

522 4779 673 4834 enim
707 4792 863 4847 reges
892 4776 1312 4857 iniungebantur.
1334 4776 1521 4845 Itaque
1544 4774 1795 4831 Christus
1824 4782 1881 4829 et
1908 4781 2102 4842 palen.

525 4871 597 4925 tia
620 4878 704 4925 est
739 4879 796 4925 et
836 4884 1064 4940 regnum
1093 4868 1291 4925 Patris.
1325 4868 1632 4924 Excitatum
1679 4867 1841 4938 igitur
1869 4872 1952 4920 est
1999 4878 2102 4918 no-

522 4963 607 5019 bis
634 4976 807 5018 cornu
843 4961 1069 5030 salutis,
1112 4960 1389 5017 Christus.
1441 4958 1743 5015 Videbatur
1773 4958 1918 5013 enim
1967 4956 2101 5011 dor-

523 5056 684 5122 mire,
735 5066 1091 5112 contemnens
1135 5053 1431 5111 multorum
1481 5062 1725 5124 peccata,
1768 5051 2102 5122 longanimi-

520 5156 685 5202 tatem
708 5146 764 5201 in
795 5146 1210 5202 simulacrorum
1242 5148 1435 5201 insano
1465 5146 1612 5200 cultu
1654 5160 1765 5216 pra:
1800 5159 1863 5199 se
1893 5144 2096 5210 ferens,

517 5238 614 5296 sed
650 5239 704 5295 in
754 5239 1066 5295 novissimis
1102 5239 1436 5310 temporibus
1481 5239 1796 5294 incarnatus
1828 5234 2097 5294 excitatus

517 5338 623 5392 est,
656 5338 712 5384 et
756 5330 1015 5386 contrivit
1043 5344 1233 5386 omnes
1263 5332 1354 5402 qui
1384 5332 1619 5386 oderunt
1659 5345 1757 5386 nos
1803 5331 2095 5393 dremones,

519 5436 628 5477 non
672 5421 784 5493 jam
828 5422 967 5477 ultra
1009 5412 1330 5494 longanimis
1388 5433 1442 5478 et
1495 5425 1786 5478 dormiens.
1835 5422 2003 5475 l‘orro
2041 5422 2093 5476 in

517 5513 701 5570 domo
727 5513 896 5570 David
939 5516 1204 5572 excitatus
1232 5524 1349 5580 est,
1378 5517 1481 5572 hoc
1520 5524 1639 5581 est,
1679 5518 1729 5569 in
1771 5514 2089 5570 Bethleem:

513 5603 626 5661 illic
658 5607 801 5662 enim
836 5616 996 5663 natus
1022 5616 1121 5663 est.
1168 5605 1442 5662 Bethleem
1489 5617 1670 5661 autem
1715 5608 1884 5673 patria
1929 5605 2095 5659 David

507 5706 660 5766 erat,
705 5699 845 5756 sicut
869 5699 1032 5757 locuti
1077 5700 1302 5756 fuerunt
1343 5697 1636 5769 prophetae.
1703 5700 1905 5754 Omnes
1948 5700 2091 5753 enim

2217 3482 2328 3536 τῶν
2361 3482 2456 3538 δύο
2489 3483 2698 3537 τούτων
2729 3482 3028 3554 θαυμάτων
3051 3524 3067 3551 ,
3122 3482 3544 3555 συλλογισωνται
3583 3482 3720 3541 πάντες

2217 3579 2352 3648 περὶ
2399 3577 2497 3632 τοῦ
2543 3576 2853 3648 τεχθέντος,
2888 3577 2964 3641 ὡς
3012 3576 3155 3648 ὑπὲρ
3195 3578 3326 3640 τοὺς
3375 3575 3587 3640 πολλούς
3628 3576 3719 3626 ἐστι.

2218 3640 2403 3722 Ταύτα
2421 3667 2488 3721 ’δὲ
2520 3640 2697 3721 πάντα
2722 3640 2960 3736 ἐγίνοντο
2990 3640 3374 3738 οἰκονομικῶς,
3403 3668 3486 3721 ἵνα
3506 3670 3532 3719 ὁ
3550 3658 3721 3734 περὶτοῦ
3806 3640 3807 3705 Ῐ

2215 3760 2455 3831 Χριστοῦ
2509 3760 2719 3831 μέλλων
2763 3762 3158 3832 μαρτυρήσειν,
3190 3761 3503 3827 ἀξιόπιστος
3544 3760 3632 3827 ειη.
3662 3756 3723 3808 καὶ

2216 3852 2420 3916 πάντες
2459 3852 2956 3924 πληροφορηθῶσιν
3003 3853 3061 3919 ἐξ
3091 3853 3263 3923 αὐτῆς
3290 3854 3391 3922 τῆς
3418 3850 3507 3906 τοῦ
3544 3850 3724 3905 Ἰωάννου

2214 3947 2551 4017 γεννήσεως,
2576 3948 2660 3999 ὅτι
2692 3945 2832 4018 ὑπὲρ
2856 3947 2983 4010 to);
3012 3945 3245 4009 πολλούς
3287 3948 3455 4001 ἐστιν.
3488 3938 3726 4009 Εὐλογείῶ
3806 3952 3807 4018 ς

2212 4039 2242 4093 6
2281 4038 2556 4112 Ζαχαρίας
2595 4038 2686 4093 τδν
2720 4038 2893 4104 ¹Θεὸν,
2925 4037 3002 4105 ὡς
3033 4037 3480 4110 ἐπισκεῖωάμενον
3508 4035 3611 4097 τοὺς
3658 4033 3727 4085 Ἰσ-
3806 4033 3807 4075 1

2218 4133 2517 4203 ραηλίτας·
2555 4131 2634 4203 τῷ
2683 4131 2797 4186 ὄντι
2840 4135 2951 4204 γὰρ
3001 4135 3083 4196 είς
3134 4134 3203 4186 τὰ
3241 4133 3489 4204 πρόὸατα
3537 4125 3644 4197 ἦλθε
3683 4121 3728 4173 τὰ

2212 4223 2532 4279 ἀπολωλότα
2584 4224 2735 4279 οἴκου
2794 4224 3040 4296 Ἰσραὴλ,
3090 4224 3205 4278 ἀλλ’
3257 4225 3363 4278 οὐκ
3439 4222 3665 4293 ἠθέλησαν
3692 4213 3726 4264 oi

2216 4314 2466 4380 πλείονες
2518 4316 2697 4370 αὐτῶν
2745 4314 3004 4382 δέξασθαι
3047 4310 3148 4387 τὴν
3196 4317 3360 4388 χάριν
3387 4331 3399 4347 ο
3431 4313 3506 4368 διὸ
3542 4306 3729 4366 καὶπῶς

2211 4503 2622 4565 πιστεύσαντες.
2648 4499 2878 4568 Ἔγειρε
2907 4500 2964 4554 δὲ
2993 4500 3162 4569 κέρας
3195 4499 3491 4569 σωτηρίας,
3521 4493 3723 4549 τουτέστι.

2211 4592 2440 4665 δύναμιν
2480 4594 2574 4647 καὶ
2621 4592 2905 4665 βασιλείαν
2947 4593 3218 4663 σωτήριον
3243 4607 3258 4622 ·
3311 4592 3374 4645 τὸ
3418 4590 3518 4660 γὰρ
3550 4579 3721 4655 κέραςῆ

2211 4684 2443 4756 δύναμιν
2491 4664 2784 4756 σημαίνειο
2816 4685 2885 4739 τὰ
2928 4685 3037 4756 γὰρ
3085 4683 3407 4753 κερασφόρα
3447 4680 3551 4745 ζῶα
3580 4680 3626 4729 ἐν
3645 4673 3725 4731 τοῖς
3806 4664 3807 4685 ³

2210 4778 2407 4850 κέρασι
2441 4776 2538 4848 τὴν
2586 4777 2818 4847 δύναμιν
2867 4778 3105 4849 ἔχουσιν,
3137 4777 3170 4845 ἢ
3205 4775 3484 4848 βασιλείαν
3508 4789 3521 4803 ·
3558 4769 3622 4836 τῷ
3650 4765 3723 4831 γάρ

2207 4869 2401 4942 κέρατι
2457 4871 2702 4940 ἐχρίοντο
2747 4871 2797 4922 oi
2842 4869 3105 4937 βασιλεῖς.
3163 4869 3236 4922 30
3274 4863 3372 4922 οὖν
3416 4860 3626 4938 Χριστὸς
3660 4852 3725 4909 καὶ

2206 4960 2437 5032 δύναμίς
2487 4964 2604 5015 ἐστι
2640 4960 2737 5015 καὶ
2792 4960 3040 5032 βασιλεία
3086 4958 3183 5013 τοῦ
3219 4958 3470 5032 Πατρόςο
3515 4945 3722 5021 ἐξηγέρίη

2207 5056 2299 5111 οὖν
2330 5059 2466 5129 ἡμῖν
2498 5057 2668 5127 κέρας
2723 5057 2995 5125 σωτηρίας
3027 5057 3057 5109 ὁ
3109 5055 3365 5124 Χριστός.
3421 5050 3604 5103 Ἐδόκει
3642 5037 3720 5107 γὰρ

2211 5150 2514 5206 ὑπνώττειν
2539 5192 2554 5218 ,
2594 5148 3086 5220 παραὸλεπὸμενος
3116 5146 3214 5211 τὰς
3253 5143 3449 5207 πολλὰς
3481 5135 3718 5210 ἁμαρτίας,
3806 5168 3807 5171 η

2207 5244 2304 5298 καὶ
2359 5241 2734 5313 μακροθυμῶν
2778 5241 2872 5295 ἐπὶ
2905 5243 2972 5312 τῇ
3008 5237 3371 5308 είδωλομανίᾳ
3395 5252 3410 5267 ·
3443 5232 3549 5287 ἀλλ’
3577 5230 3623 5281 ἐν
3644 5221 3724 5313 τνῖς

2206 5309 2458 5405 ἐσχάτοις
2479 5309 2794 5403 -σαρκωθεὶς
2822 5309 3057 5403 καιροῖς,
3082 5330 3355 5402 ἐξηγέρθη
3381 5327 3470 5381 καὶ
3491 5309 3720 5385 συνέτρτίίθ
3806 5324 3807 5327 “

2204 5429 2411 5491 πάντας
2438 5427 2564 5490 τοὺς
2597 5426 2889 5496 μισοῦντας
2915 5428 3063 5497 ἡμᾶς
3087 5426 3367 5494 δαίμονας.
3407 5416 3599 5488 Μηκέτι
3623 5410 3698 5497 ἀνα

2207 5519 2471 5588 σχόμενος
2521 5492 2724 5569 bravon
2758 5517 2854 5570 καὶ
2905 5492 3277 5587 μακροθυμεῖν
3300 5529 3312 5541 ’
3363 5513 3421 5564 ἐν
3456 5508 3526 5578 τῷ
3549 5492 3719 5567 0533‘?ag

2204 5611 2369 5663 Δαόιδ
2417 5608 2688 5679 ἐξηγέρθη
2716 5648 2733 5671 ,
2777 5610 3055 5662 τουτέστιν
3106 5610 3164 5661 ἐν
3211 5603 3472 5679 Βηθλεέμ,
3507 5596 3606 5650 ἐκεῖ
3640 5591 3719 5679 γάρ

2203 5699 2467 5770 ἐγεννήθη
2497 5674 2514 5729 ἱ
2531 5674 2540 5677 ⁷
2568 5674 2602 5771 ἡ
2630 5674 2688 5753 δέ
2714 5698 2983 5769 Βηθλεέμ,
3020 5698 3235 5759 πάντως
3266 5674 3419 5756 πόλις
3462 5686 3545 5742 τοῦ
3576 5674 3715 5736 mea.
