3866 6448
145 306 238 373 'ii7
853 297 1294 359 ENARBATIO
1332 295 1414 356 IN
1441 291 1672 356 EVANC

1840 293 1938 353 ΗΜ
1976 297 2210 359 LUCXE.
2239 324 2310 339 --
2341 302 2498 363 CAP.
2532 303 2578 362 Ι.
3263 304 3367 370 718

145 416 309 475 milia;
338 412 594 480 ἐλάλησαν
622 410 669 461 οἱ
710 409 1007 478 προφῆται.
1061 408 1268 471 Πάντες
1295 406 1404 476 γὰρ
1438 406 1565 478 περὶ
1593 404 1672 471 τῆς

1839 420 1860 459 e
1906 405 2280 464 incarnatione
2316 410 2476 466 locuti
2511 422 2654 467 sunt.
2686 408 2939 469 Michaeas
2970 415 3134 468 etiam
3174 415 3366 472 domus

145 505 446 581 σαρκώσεως
480 497 649 555 εἷπον.
685 502 745 554 '0
772 501 828 554 δὲ
859 501 1117 571 Μιχαίας,
1161 499 1254 553 καὶ
1289 498 1382 553 τοῦ
1417 498 1571 550 οἴκου
1599 496 1672 547 τοί

1836 495 1964 549 tavid
1995 536 2010 562 ,
2071 496 2349 555 Bethleem
2394 503 2536 566 dico,
2596 504 2927 559 mentionem
2979 504 3110 561 facit
3142 507 3363 563 dicens:

142 600 305 663 Δαϐἱδ,
334 600 430 669 τῆς
464 596 711 667 Βηθλεὲμ
748 596 910 666 λέγω,
945 596 1245 668 μέμνηται,
1275 594 1453 663 λέγων
1480 611 1495 626 ·
1534 612 1555 644 r
1585 594 1669 648 Κα

1853 587 1918 645 Et
1946 598 2002 649 tu
2025 589 2325 660 Bethleem,
2351 594 2662 663 neutiquam
2689 596 2909 652 minima
2937 612 3019 666 es,
3045 612 3113 655 ex
3145 608 3197 656 te
3224 603 3368 655 enim

142 689 523 762 σὺ,Βηθλεὲμ,
552 689 807 759 οὐδαμῶς
851 687 1109 760 ἐλαχίστη
1162 684 1232 742 sl.
1294 688 1391 741 Ἐκ
1442 684 1538 740 σοῦ
1591 684 1669 754 γὰι

1841 680 2103 749 gradietur
2137 683 2247 739 dux
2297 684 2362 739 “.
2417 703 2436 738 ι
2488 684 2640 742 Fecit
2694 696 2872 744 autem
2934 690 3368 747 misericordiam

141 785 455 856 ἐξελεύσεται
481 784 804 856 ἡγούμενος.
840 800 859 834 ι
903 782 1157 853 Ἐποίησε
1186 780 1244 834 δὲ
1269 780 1437 845 ἔλεος,
1466 779 1530 832 οὐ
1556 793 1668 849 μετέ

1842 788 1905 828 on
1957 774 2133 829 solum
2173 789 2294 831 cum
2344 777 2657 836 viventibus
2681 819 2697 845 ,
2732 780 2826 837 sed
2876 791 2932 838 et
2965 797 3088 838 cum
3123 785 3369 854 patribus

138 880 236 935 τῶν
266 878 476 944 ζώντων
531 876 724 946 μόνον,
781 873 916 928 ἀλλά
951 875 1044 928 καὶ
1094 874 1234 945 μετά
1272 873 1380 927 τῶν
1439 872 1662 942 πατέρω

1837 866 2020 922 ostris.
2065 867 2272 925 Christi
2301 869 2445 927 enim
2471 872 2646 942 gratia
2673 872 2837 928 etiam
2871 872 2926 929 in
2959 874 3079 932 illos
3117 877 3210 946 qui
3237 876 3364 931 olim

143 972 311 1044 ήμῶνυ
350 969 440 1024 τοῦ
484 969 593 1039 γὰρ
623 966 860 1039 Χριστοῦ
894 969 927 1038 ή
969 967 1129 1037 χάρις
1152 1008 1167 1034 ,
1202 966 1295 1020 καὶ
1331 966 1411 1029 εἰς
1449 965 1670 1018 ἐκείνου.

1845 957 2030 1022 ιονιυι,
2062 958 2357 1031 pertingit,
2400 970 2459 1016 ut
2512 963 2658 1017 verbi
2721 964 2896 1034 gratia
2954 982 2969 1020 :
3019 966 3175 1047 Dedit
3216 969 3372 1024 nobis

138 1064 416 1134 ἀνέδραμε,
469 1060 594 1124 τοὺς
645 1059 746 1130 ἤδη
800 1058 1170 1129 τεθνηκότας·
1225 1052 1339 1110 οἷόν
1389 1074 1444 1110 τι
1501 1056 1647 1125 λέγω

1845 1049 2100 1106 iventihus
2129 1066 2277 1122 spem
2302 1054 2741 1122 resurrectionis,
2765 1064 2818 1111 et
2850 1071 3197 1128 resurgemus
3230 1071 3254 1116 ξ·
3278 1064 3372 1116 sed

139 1153 359 1208 Δέδωκεν
399 1152 531 1222 ἡμῖν
569 1151 684 1214 τοῖς
736 1148 904 1213 ζῶσιν
939 1148 1128 1202 ἐλπίδα
1178 1148 1564 1213 ἀναστάσεως,
1597 1164 1666 1201 κα

1843 1154 1904 1195 on
1939 1141 2039 1196 soli
2079 1157 2178 1199 nos
2209 1144 2352 1199 hanc
2376 1145 2607 1216 gratiam
2643 1160 3023 1218 assequemur,
3057 1151 3152 1205 sed
3181 1159 3239 1205 et
3279 1153 3370 1222 qui

139 1241 577 1313 ἀναστησόμεθα⁶
639 1239 755 1294 ἀλλ’
804 1241 864 1294 οὐ
917 1239 1069 1311 μόνοι
1119 1241 1283 1309 ἡμεῖς
1338 1239 1545 1310 ταύτης
1593 1239 1666 1309 τῆ

1846 1243 1922 1289 tte
1943 1249 2044 1290 nos
2070 1233 2313 1291 defuncti
2349 1237 2586 1293 fuerant.
2621 1239 2808 1296 Omnis
2844 1241 2991 1296 enim
3021 1251 3216 1298 natura
3247 1243 3373 1299 boni

137 1337 335 1407 χάριτος
381 1332 826 1403 ἀξιωθησόμεθα,
865 1330 1001 1384 ἀλλὰ
1046 1331 1142 1384 καὶ¹
1177 1333 1226 1383 oi
1268 1329 1664 1402 προτετελευτη

1844 1326 2070 1397 irticcps
2095 1325 2215 1383 fuit.
2256 1326 2349 1383 Vel
2390 1328 2550 1386 aliter
2574 1329 2729 1387 Fecit
2772 1333 3204 1391 misericordiam
3245 1349 3371 1392 cum

135 1426 274 1484 κότες
299 1440 312 1454 ·
346 1426 492 1478 πᾶσα
540 1423 651 1494 γὰρ
698 1423 731 1491 ή
767 1421 930 1491 φύσις
978 1420 1139 1491 ἔτυχε
1169 1419 1264 1474 τοῦ
1306 1420 1513 1490 ἀγαθοῦ
1539 1437 1555 1455 ο
1598 1438 1662 1474 κα

1846 1417 2045 1472 ιιι-ἰὺυε
2069 1432 2136 1474 eo
2164 1419 2306 1490 quod
2333 1434 2484 1490 spem
2520 1422 2735 1479 illorum
2769 1424 3032 1495 implevit.
3068 1426 3373 1498 Adimpleta

135 1516 286 1578 ἄλλως
316 1515 371 1568 δὲ
405 1514 664 1585 εποίησεν
710 1512 859 1576 ἔλεος
902 1511 1041 1582 μετὰ
1072 1511 1183 1565 τῶν
1225 1512 1515 1583 πατέρων,
1558 1509 1660 1563 καθ

1846 1510 1936 1563 tim
1969 1510 2224 1567 viderunt
2264 1528 2604 1585 quaecunque
2637 1515 2704 1571 de
2722 1515 2943 1573 Christo
2969 1529 3369 1589 exspectaram.

134 1612 219 1672 τὰς
246 1609 459 1672 ἐλπίδας
489 1606 831 1679 ἐπλήρωσεν.
870 1607 1011 1659 Ὅσα
1051 1607 1160 1676 γὰρ
1202 1604 1567 1676 προσεδόκων,
1599 1605 1661 1656 ἐτι

1846 1602 1903 1659 ed
1931 1610 1986 1657 et
2031 1601 2171 1658 lilios
2198 1617 2326 1660 suos
2352 1619 2472 1659 cum
2519 1605 2704 1662 vident
2739 1614 2923 1677 patres
2971 1607 3171 1664 talibus
3215 1609 3373 1665 bonis

143 1700 209 1770 τῷ
230 1697 463 1770 Χριστῷ,
486 1694 627 1751 εἶδον
656 1694 1034 1753 τελειωθέντα’
1063 1695 1198 1750 ἀλλά
1221 1695 1285 1767 δὴ
1309 1696 1404 1750 καὶ
1431 1696 1502 1751 τά
1527 1696 1670 1749 τέκνι

1847 1696 1931 1762 ui,
1972 1696 2206 1764 gaudent
2257 1705 2311 1751 et
2350 1697 2641 1768 participes
2675 1706 2805 1754 sunt
2834 1698 3067 1767 laetitiis,
3114 1700 3372 1770 pet-inde

135 1791 291 1845 αὐτῶν
315 1832 327 1853 ,
360 1791 409 1843 oi
449 1789 690 1862 πατέρες
740 1788 1032 1860 βλέποντες
1070 1789 1414 1844 ἀπολαύοντα
1445 1788 1555 1845 τῶν
1601 1808 1662 1844 το

1846 1784 1961 1857 33
1995 1799 2059 1840 ac
2091 1787 2134 1841 si
2164 1785 2218 1840 in
2250 1799 2309 1842 se
2341 1785 2537 1842 collata
2565 1795 2769 1842 essent.
2799 1785 2965 1856 Cujus
2989 1797 3174 1844 autem
3198 1786 3373 1849 testa-

137 1882 318 1936 τούτων
363 1882 609 1951 ἀγαθῶν,
640 1882 912 1954 χαίρουσι,
942 1882 1035 1953 καὶ
1080 1881 1328 1937 κοινωνοὶ
1363 1881 1466 1953 τῆς
1494 1883 1664 1955 εύφρο

1842 1877 1964 1932 uenti
2002 1886 2058 1934 et
2088 1877 2246 1948 cujus
2307 1876 2614 1947 jusjurandi
2645 1877 2787 1949 quod
2825 1878 3097 1934 Abraham
3129 1876 3369 1947 factum,

136 1973 278 2043 σύνης
311 1975 610 2044 γινόμενοι,
646 1975 726 2038 είς
758 1974 986 2038 ἑαυτοὺς
1014 1972 1076 2027 τὸ
1108 1973 1258 2038 ἔλεος
1314 1974 1663 2045 ἀναδέχονται

1923 1970 2100 2026 linit?
2138 1970 2230 2027 Vel
2266 1975 2491 2027 omnino
2533 1970 2695 2042 hujus
2729 1989 2744 2025 :
2790 1990 2811 2024 ι
2847 1971 3179 2029 Benedicens
3214 1972 3377 2029 bene-
3447 1970 3450 1974 ’

71 2085 75 2096 ·
140 2062 286 2127 Ποίας
317 2063 369 2123 δὲ
408 2063 679 2135 διαθήκης
724 2060 995 2135 ἐμνήσθη,
1037 2063 1131 2117 καὶ
1162 2063 1318 2117 ποίου
1357 2064 1518 2136 ὅρκου
1553 2083 1594 2118 π

1855 2079 1972 2119 cam
2005 2074 2077 2131 te,
2108 2075 2164 2120 et
2198 2063 2566 2134 multiplicans
2604 2065 2973 2137 multiplicabo
3000 2076 3051 2121 te
3076 2066 3138 2121 ".
3178 2084 3196 2118 ι
3234 2063 3375 2123 Vere

135 2156 212 2208 τδν
252 2156 496 2227 Ἀϐραὰμ
563 2162 896 2228 γενομένους
950 2155 1021 2211 Ἢ
1062 2158 1281 2222 πάντως
1309 2158 1427 2223 τοῦ,
1466 2176 1486 2211 ι
1526 2159 1662 2213 Εύλο

1849 2172 1941 2212 inc
1974 2157 2362 2228 multiplicatus
2393 2159 2693 2223 Abraham,
2729 2174 2854 2213 cum
2884 2158 2936 2214 ei
2964 2157 3061 2214 lilii
3086 2172 3166 2214 ex
3196 2159 3376 2215 omnl-

136 2246 233 2314 γῶν
276 2249 558 2320 εὐλογήσω
595 2265 688 2313 σε,
740 2248 837 2302 καὶ
890 2247 1180 2321 πληθύνων
1230 2249 1488 2321 πληθυνῶ
1530 2268 1609 2307 σε.

1847 2262 1901 2303 ns
1953 2247 2205 2319 gentibus
2248 2247 2490 2319 adoptati
2537 2257 2663 2304 sunt
2696 2263 2792 2318 per
2832 2250 3017 2305 ﬁdem.
3059 2247 3191 2304 Nam
3230 2248 3374 2304 sicut

148 2338 462 2410 Ἐπλῃθΰνθη
480 2340 594 2412 γὰρ
617 2340 787 2405 ὅντως
803 2340 896 2394 νῦν
918 2342 948 2396 ό
983 2341 1254 2414 Ἀϐραὰμ,
1281 2342 1499 2397 πάντων
1522 2343 1675 2398 ἔθνῶι

1845 2341 1889 2395 le
1919 2341 2181 2407 credidit,
2229 2341 2303 2395 ita
2348 2341 2439 2398 isti
2482 2355 2581 2410 per
2608 2342 2770 2396 lldem
2798 2343 3187 2412 appropiarunt
3215 2343 3267 2397 ei
3307 2342 3372 2397 ι’.

138 2429 538 2501 υἱοθετηθέντων
597 2431 750 2500 αὐτῷ
800 2432 889 2488 διὰ
949 2432 1051 2503 τῆς
1110 2433 1389 2497 πίστεως’
1441 2435 1518 2498 ὡς
1577 2434 1665 2506 γάι

1848 2432 2072 2489 iberavit
2099 2444 2281 2490 autem
2316 2449 2415 2489 nos
2454 2435 2520 2489 de
2557 2435 2792 2489 inimicis
2826 2435 2946 2490 sine
2976 2436 3189 2491 timore.
3220 2434 3375 2506 Saepe

137 2520 315 2583 ἐκεῖνος
342 2521 691 2586 ἐπίστευσεν,
712 2521 856 2577 οὕτω
882 2523 979 2577 καὶ
1007 2522 1182 2578 ταῦτα
1205 2523 1296 2578 διὰ
1316 2523 1418 2595 τῆς
1449 2525 1664 2578 πίστεωι

1846 2530 2033 2583 berant
2088 2525 2343 2597 quidam,
2397 2532 2489 2581 sed
2546 2541 2651 2581 non
2717 2526 2838 2583 sine
2895 2538 3086 2582 nostro
3138 2528 3373 2596 timore,

135 2609 462 2682 ᾠηιώθησαν
490 2627 506 2641 ·
574 2612 847 2683 ἐρρύσατο
902 2614 960 2668 δὲ
998 2616 1162 2687 ἡμᾶς·
1199 2618 1265 2670 ἑκ
1322 2617 1432 2671 τῶν
1478 2615 1662 2688 ἐχθρῶ

1845 2633 1970 2689 gone
2026 2627 2080 2673 et
2118 2617 2423 2674 certamine
2458 2636 2472 2672 :
2510 2616 2757 2674 Christus
2788 2632 2939 2686 vero,
2979 2633 3103 2673 cum
3138 2633 3237 2674 nos
3269 2634 3372 2675 non

138 2699 328 2767 ἀφόϐως
351 2718 366 2733 ·
393 2700 661 2766 πολλάκις
687 2704 794 2775 γάρ
814 2720 959 2769 τινες
986 2704 1207 2777 ῥύονται
1232 2706 1352 2778 μὲν,
1383 2705 1517 2760 ἀλλὰ
1549 2707 1665 2776 μετέ

1853 2712 2219 2778 borassentus,
2249 2726 2350 2782 pro
2386 2711 2544 2767 nobis
2576 2710 2874 2767 cruciﬁxus
2903 2722 3014 2778 est,
3043 2721 3096 2768 et
3126 2706 3376 2768 liberavit

139 2790 280 2859 φόϐου
310 2793 405 2848 καὶ
440 2793 678 2862 ἀγώνων
706 2796 917 2853 πολλῶν
945 2800 1041 2852 καὶ
1080 2799 1321 2871 πολέμου
1348 2817 1360 2834 ν
1396 2802 1423 2855 ό
1465 2800 1525 2854 δὲ
1555 2802 1666 2868 Χριη

1850 2814 1897 2853 ιε
1935 2801 2053 2854 sine
2094 2799 2320 2866 timore,
2359 2799 2459 2853 hoc
2486 2795 2852 2868 est,'absque
2892 2799 3153 2869 periculo.
3195 2800 3377 2867 Quare

140 2882 263 2947 στδς,
295 2885 458 2956 μηδὲν
493 2884 658 2955 ἡμῶν
685 2889 1090 2954 κοπιασάντων,
1123 2890 1264 2960 ὑπὲρ
1303 2890 1463 2961 ἡμῶν
1496 2892 1662 2946 ἔσται»

1852 2903 1977 2948 item
2025 2891 2277 2947 liberavit
2317 2892 2459 2947 nos?
2502 2890 2644 2947 Num
2687 2902 2909 2963 propter
2957 2893 3140 2947 cibum
3188 2902 3243 2948 et
3282 2908 3379 2964 po-

140 2974 265 3046 ριὶιθη
285 2993 299 3007 ο
324 2977 417 3030 καί¹
441 2978 722 3049 ἐρρύσατο
746 2979 930 3041 λοιπὸν
963 2983 1113 3052 ἡμᾶς
1135 2981 1372 3052 ἀφόϐως,
1410 2983 1667 3038 τουτέστιε

1848 2984 1960 3039 nn?
1993 2982 2109 3039 Non
2161 3002 2176 3039 :
2211 2986 2305 3039 sed
2348 2994 2406 3039 ιιι
2446 2986 2751 3039 serviamus
2785 2983 2888 3049 illi,
2910 2999 3016 3038 non
3055 2983 3244 3049 semel,
3278 2997 3375 3040 ne-

139 3069 429 3161 ἀκινδύνως,
452 3072 614 3161 Διατί
639 3072 695 3125 δὲ
723 3073 991 3161 ἐρρύσατο
1025 3075 1196 3146 ἡμᾶς,
1222 3071 1333 3147 ἆρα
1356 3077 1450 3131 διὰ
1476 3077 1537 3132 τὸ
1567 3096 1666 3150 τρυ

1850 3091 1902 3131 ιθ
1928 3077 2137 3132 duobus
2161 3076 2373 3140 diebus,
2405 3075 2498 3131 sed
2528 3075 2783 3131 omnibus
2817 3075 3030 3131 diebus.
3063 3075 3377 3130 Serviamus

140 3156 252 3224 φᾷνς
298 3157 428 3229 Οὐχί
454 3175 473 3192 σ
531 3158 669 3223 ἀλλὰ
694 3160 788 3214 τοῦ
823 3162 1109 3233 λατρεύειν
1137 3165 1314 3235 αὐτῷ,
1363 3166 1463 3237 οὐχ
1505 3168 1654 3235 ἅπαξ

1847 3180 1978 3225 item
2016 3185 2123 3224 non
2170 3170 2281 3225 sola
2306 3166 2572 3238 corporali
2611 3166 2931 3222 adoratione
2957 3178 3012 3222 et
3046 3165 3374 3230 ministerio,

137 3245 238 3300 υῦδὲ
261 3248 348 3302 δύο
370 3250 608 3323 ἡμέρας,
640 3252 776 3311 ἀλλά
796 3255 976 3318 πάσας
1001 3255 1099 3319 τὰς
1125 3255 1340 3329 ἡμέρας
1366 3273 1381 3289 ο
1409 3258 1663 3331 λατρεύει

1845 3262 1893 3317 ad
1930 3264 1982 3317 in
2018 3262 2307 3317 sanctitate
2342 3269 2396 3317 et
2425 3260 2656 3330 justitia.
2704 3256 2802 3313 Est
2834 3267 3016 3313 autem
3071 3256 3334 3312 sanctitas
3356 3297 3372 3320 ,

138 3336 217 3401 δὲ,
269 3342 325 3394 οὐ
372 3342 464 3397 διὰ
524 3344 846 3417 σωματικῆς
904 3347 1064 3415 μόνον
1115 3352 1545 3423 προσκυνήσεως
1598 3371 1665 3409 κα

1846 3354 2005 3410 istitia
2047 3334 2175 3423 erga
2217 3352 2383 3408 Deum
2413 3368 2428 3408 :
2457 3351 2671 3423 juStitia
2724 3364 2877 3416 vero,
2916 3364 3043 3420 erga
3074 3348 3373 3404 homines:

140 3428 435 3502 ὑπουργίας,
464 3433 591 3489 ἀλλ’
634 3436 697 3491 ἐν
739 3436 1104 3505 ὁσιότητινκαὶ
1140 3440 1458 3518 δικαιοσύνῃ
1482 3462 1496 3479 σ
1534 3447 1667 3503 Ἕστ

1848 3447 2118 3517 texempli
2168 3445 2364 3518 gratia,
2389 3445 2435 3502 si
2480 3445 2604 3516 quis
2634 3443 2907 3499 abstineat
2952 3457 2984 3497 a
3020 3442 3193 3498 sacris
3226 3451 3280 3495 et
3307 3440 3375 3496 ad

138 3519 414 3598 διόσιότης
458 3526 597 3598 μιν,
643 3527 708 3582 τὸ
752 3529 890 3601 πρὸς
916 3528 1050 3584 Θεὸν
1100 3532 1343 3588 δίκαιον*
1378 3536 1665 3594 διιιαιοσύν⁴

1845 3541 1982 3594 ivina
2017 3554 2121 3595 non
2153 3538 2367 3595 accedit
2392 3539 2576 3606 impie,
2602 3536 2698 3592 sed
2724 3535 3125 3590 venerabilihus
3152 3547 3372 3589 omnem

136 3614 204 3682 δὲ,
231 3618 286 3672 τὸ
314 3620 447 3691 πρὸς
489 3619 812 3692 ἀνθρώπους
839 3641 851 3654 ·
880 3617 1013 3691 οἷον,
1048 3624 1144 3679 ἐάν
1172 3644 1254 3690 τις
1287 3630 1560 3701 ἀπέχηται
1595 3633 1663 3702 μὲ

1848 3647 2060 3687 onorem
2099 3631 2341 3697 exhibet,
2395 3631 2444 3684 is
2478 3638 2704 3684 sanctus
2742 3635 2846 3683 est.
2900 3625 3166 3681 Similiter
3201 3634 3255 3681 et
3282 3627 3375 3695 qui

139 3705 232 3759 τῶν
254 3710 432 3782 ιερῶν,
465 3711 567 3767 καὶ
592 3713 693 3767 οὐκ
715 3715 967 3786 ἑπιχειρῇ
994 3718 1107 3780 τοῖς
1133 3717 1300 3784 θείοις
1329 3719 1527 3786 ἀθέως,
1558 3724 1666 3777 ἀλλι

1850 3730 2031 3779 morat
2061 3720 2332 3792 parentes,
2359 3731 2581 3777 sanctus
2600 3729 2681 3775 est
2710 3738 2723 3773 :
2757 3734 2880 3773 nam
2910 3726 2964 3773 et
2990 3717 3066 3772 illi
3092 3714 3164 3772 dii
3194 3716 3377 3772 dome-

139 3798 299 3855 πᾶσαν
331 3804 505 3876 τιμήν
547 3805 806 3879 ἀποσώζῃ
854 3808 991 3879 πρὸς
1024 3809 1092 3863 τὰ
1120 3811 1313 3881 τίμια,
1354 3814 1383 3866 ό
1418 3813 1662 3879 τοιοῦτος

1852 3816 1942 3872 ici.
1976 3817 2047 3871 At
2076 3816 2121 3872 si
2155 3815 2276 3883 quis
2303 3829 2411 3868 non
2444 3812 2607 3867 fuerit
2635 3826 2855 3877 avarus,
2889 3825 2997 3866 non
3037 3822 3225 3878 rapax,
3268 3821 3377 3863 non

139 3891 265 3958 ὅσιος
289 3913 303 3928 ·
335 3899 543 3969 όμοίως
573 3900 669 3953 καὶ
712 3902 743 3955 ό
768 3901 894 3964 τοὺς
937 3907 1116 3970 γονεῖς
1156 3904 1471 3976 σεϐόμενος,
1507 3907 1652 3971 ὅσιος

1848 3921 1911 3972 ιτ,
1951 3921 2056 3961 ιιοιι
2093 3903 2325 3970 adulter,
2377 3917 2481 3956 non
2528 3908 2819 3965 scortator,
2863 3900 2908 3956 is
2934 3898 3117 3970 justus
3143 3897 3375 3952 dicetur.

138 3985 222 4038 καὶ
245 3978 384 4044 οὗτοι
413 3991 532 4061 γὰρ
571 3991 685 4047 θεοὶ
726 3994 1046 4049 κατοικίδιοι
1068 4011 1082 4025 ο
1115 3995 1165 4048 εί
1195 3995 1253 4049 δέ
1285 4013 1371 4060 τις
1393 3998 1454 4051 οὑ
1489 3998 1665 4053 πλεονη

1847 4014 1988 4072 aque
2017 4006 2232 4070 oportet
2270 3995 2479 4051 servire
2517 3993 2626 4048 Deo
2664 3993 2720 4048 in
2751 3993 3043 4048 sanctitate
3065 4030 3081 4057 ,
3131 3990 3235 4045 hoc
3260 3999 3374 4054 est,

138 4072 284 4147 ἕκτης
327 4082 438 4152 ειη,
486 4082 587 4153 οὐχ
633 4082 836 4154 ἅρπαξ,
869 4085 930 4138 οὐ
971 4084 1230 4157 κλέπτης,
1264 4088 1325 4141 οὐ
1378 4091 1583 4160 μοιχὸς,
1632 4109 1661 4145 ο

1850 4090 2102 4149 :verentia
2127 4103 2254 4159 erga
2285 4087 2466 4142 divina
2493 4102 2508 4141 :
2543 4094 2598 4142 et
2624 4084 2858 4156 iustitia,
2893 4083 2998 4139 hoc
3030 4093 3133 4149 est,
3157 4082 3377 4137 laudata

139 4165 336 4235 πόρνος·
363 4173 393 4224 ό
418 4170 689 4242 τοιοῦτος,
707 4173 941 4239 δίκαιος.
967 4173 1158 4241 Οὕτως
1183 4176 1279 4233 οὖν
1306 4179 1389 4234 δεῖ
1411 4180 1665 4254 λατρεύει

1851 4209 1857 4240 l
1903 4184 2067 4241 rebus
2118 4181 2369 4238 humanis
2424 4179 2558 4234 vita.
2621 4176 2979 4233 Serviendum
3024 4175 3256 4245 denique
3294 4182 3378 4229 est

137 4255 262 4327 Θεῷ,
295 4261 354 4316 ἐν
386 4262 658 4334 ὁσιότητι,
696 4267 762 4337 τῇ
798 4267 936 4335 πρὸς
978 4267 1045 4323 τά
1075 4268 1196 4323 θεῖα
1230 4270 1374 4339 λέγω
1416 4273 1664 4349 εὐλαϐείᾳ

1852 4294 1986 4334 iram
2048 4278 2201 4348 ipso,
2245 4289 2350 4329 non
2385 4285 2571 4329 coram
2621 4270 2935 4325 hominibus
2960 4308 2976 4334 ,
3011 4269 3153 4323 sicut
3185 4268 3240 4322 hi
3286 4268 3379 4337 qui

139 4348 222 4443 ul
266 4349 609 4427 δικαιοσύνῃ,
642 4356 709 4425 τῇ
758 4356 894 4425 πρὸς
949 4357 1018 4410 τὰ
1061 4357 1383 4430 ἀνθρώπινα
1435 4348 1666 4423 stature

1804 4368 2115 4428 hominibus
2147 4368 2363 4438 placere
2389 4364 2595 4429 volunt,
2620 4371 2680 4417 ut
2714 4361 3014 4432 hypocrita:
3044 4359 3269 4415 faciunt.

142 4440 401 4517 πολιτείᾳ·
440 4445 735 4520 λατρεύειν
763 4448 821 4502 δὲ
878 4448 1112 4506 ἐνώπιον
1180 4455 1369 4523 αὐτοῦ,
1420 4460 1495 4531 μὴ
1535 4440 1771 4527 ἐνώπιον
1806 4469 1943 4543 τῶν,
1969 4462 2315 4533 ἀνθρώπιον,
2369 4458 2445 4523 ὡς
2492 4460 2541 4512 οἱ
2588 4456 3044 4529 ἀνθρωπάρεσκοι
3098 4453 3193 4508 καὶ
3247 4452 3382 4507 ὐπο-

140 4539 323 4607 κριταί.

205 4649 223 4684 ι
262 4635 369 4690 Καὶ
398 4635 497 4703 σὺ,
521 4638 750 4705 παιδίον,
785 4642 1069 4713 προφήτης
1117 4644 1372 4715 Ὑψίστου
1408 4651 1657 4728 κληθήσῃ
1679 4674 1697 4692 .
1729 4667 1732 4717 ί

1879 4654 2040 4708 Vens.
2068 4645 2253 4703 76-80.
2287 4646 2388 4698 «Et
2422 4654 2496 4708 tn,
2528 4656 2684 4715 puer,
2707 4638 3257 4715 prephetalAltissimi
3288 4653 3378 4691 vov-

139 4728 479 4815 ⁴ιτροιιτορεύσῃ
525 4728 635 4800 γὰρ
674 4732 782 4802 πρὸ
814 4732 1112 4804 προσώπου
1143 4738 1374 4809 Κυρίου,
1409 4744 1666 4815 ἑτοιμάσα

1851 4745 2035 4807 lberis,
2112 4738 2330 4810 praeibis
2385 4736 2529 4789 enim
2587 4744 2713 4786 ante
2783 4732 2974 4785 faciem
3033 4729 3243 4786 Domini
3316 4731 3378 4783 ad

141 4810 276 4879 ὀδοὺς
300 4817 495 4885 αὐτοῦ,
536 4819 634 4873 τοῦ
676 4819 861 4875 δοῦναι
907 4824 1108 4891 γνῶσιν
1144 4828 1418 4900 σωτηρίας
1469 4810 1547 4905 τῷ
1585 4836 1668 4891 λαι

1853 4836 2103 4895 trandum
2133 4830 2248 4884 vias
2277 4826 2424 4897 ejus;
2463 4824 2527 4879 ad
2563 4823 2793 4878 dandam
2851 4822 3134 4878 scientiam
3192 4819 3380 4877 salutis

140 4902 309 5007 αύτοῦ,
342 4909 402 4961 ὲν
435 4909 629 4977 ἀφέσει
689 4911 976 4982 ἁμαρτιῶν
1019 4916 1217 4970 αὐτῶν.
1258 4920 1356 4974 Διά
1416 4902 1667 4997 σπλάγχν

1850 4926 2002 4999 ripqu
2051 4923 2241 4992 ipsius,
2280 4934 2376 4989 per
2424 4916 2798 4972 remissionem
2846 4924 3191 4984 peccatorum
3240 4910 3377 4993 ejus.

142 4991 306 5085 ὲλιαυς
359 4999 500 5054 θεοῦ
559 5000 741 5072 ἡμῶν,
775 5005 834 5057 ὲν
890 4998 970 5069 οἷς
1017 5008 1357 5079 ἐπεσκέψατο
1397 5013 1542 5085 ἡμᾶς
1573 4991 1669 5071 ἀνα

1855 4991 1911 5075 εἰ·
1974 4991 2182 5072 viscera
2209 5008 2595 5066 misericordia:
2636 5007 2728 5063 Dei
2770 5004 3040 5071 nostri,in
3069 5003 3269 5074 quibus
3301 4991 3382 5055 vi"-

296 5087 357 5155 ἐξ
401 5089 595 5161 ὕψους,
627 5094 891 5163 ἐπιφᾶναι
939 5097 1053 5160 τοῖς
1098 5100 1157 5151 ὲν
1201 5101 1383 5156 σκότει
1423 5084 1516 5158 καὶ
1575 5125 1671 5161 σκιι

1861 5110 1991 5165 tavit
2042 5122 2141 5162 nos
2201 5105 2383 5162 oriens
2455 5116 2521 5157 ex
2585 5100 2716 5155 alto.
2786 5096 2854 5152 lit
2913 5096 3251 5151 illucesceret
3301 5090 3383 5148 his

145 5174 361 5272 θανάτου
421 5186 773 5256 καθημένοις,
822 5187 919 5242 τοῦ
968 5190 1302 5248 κατευθῦναι
1361 5196 1487 5262 τοὺς
1535 5200 1672 5255 πόδα

1855 5200 1901 5256 ni
1943 5201 1996 5254 in
2044 5194 2283 5251 tenebris
2340 5203 2393 5248 et
2429 5191 2620 5246 umbra
2654 5187 2845 5244 mortis
2898 5185 3112 5246 sedent.
3143 5185 3210 5238 ad
3254 5183 3382 5238 diri-

146 5267 289 5363 tlpﬁw
324 5274 408 5338 είς
444 5276 562 5330 όδὺν
598 5279 842 5350 είρήνης.
894 5281 969 5334 Τὸ
999 5282 1056 5336 δὲ
1105 5284 1317 5338 παιδίον
1351 5286 1550 5359 ηὔξανε
1606 5307 1673 5345 κα

1853 5290 2014 5346 endos
2043 5288 2208 5358 pedes
2244 5292 2458 5338 nostros
2498 5280 2553 5334 in
2589 5279 2728 5332 viam
2782 5274 2953 5347 pacis.
3009 5271 3153 5327 Puer
3202 5281 3380 5324 autem

146 5358 493 5450 εκραταιοῦτο
527 5370 820 5441 πνεύματι,
857 5374 953 5428 καὶ
994 5368 1063 5445 ἧν
1097 5376 1155 5429 ἐν
1184 5379 1302 5440 ταῖς
1327 5358 1552 5450 ἐρήμοις
1599 5382 1673 5436 ἕω

1856 5381 2110 5444 rescebat,
2142 5387 2193 5432 et
2231 5371 2695 5432 corroborabatur
2720 5368 2937 5439 spiritu,
2961 5374 3017 5421 et
3041 5372 3162 5418 erat
3187 5364 3241 5418 in
3291 5362 3383 5416 de-

145 5447 345 5523 ήμιρας
376 5459 697 5529 ἀναδείξεως
725 5464 891 5520 αὑτοῦ
923 5466 1059 5537 πρὸς
1091 5447 1444 5541 τδνηἿσραήλξ
1489 5490 1508 5524 ι
1543 5474 1672 5528 Ξὲνο

1854 5475 1975 5529 artis
2008 5471 2181 5527 donec
2203 5468 2417 5523 veniret
2441 5466 2557 5521 dies
2572 5477 2682 5533 quo
2708 5457 3078 5518 ostendendus
3096 5462 3211 5512 erat
3243 5453 3381 5524 apud

146 5546 385 5612 φαίνεται
418 5552 481 5607 τδ
505 5552 682 5626 λέγειν
710 5559 801 5613 τὸν
827 5561 1104 5630 Ζαχαρίαν
1121 5562 1258 5632 πρὸς
1310 5563 1370 5617 τὸ
1400 5565 1631 5632 παιδίον,
1665 5570 1673 5619 i

1855 5565 2108 5621 traelitas.
2178 5582 2198 5615 ι
2260 5560 2467 5616 Mirum
2523 5558 2734 5614 videtur
2781 5555 2926 5626 quod
2978 5550 3269 5608 Zacharias
3315 5547 3382 5601 ad

214 5726 257 5759 “
283 5727 448 5787 Mich.
472 5747 522 5799 ν,
551 5733 607 5789 ‘2.
685 5735 727 5768 η
761 5734 896 5793 Gen.
932 5752 1064 5803 χιιι,
1098 5737 1181 5791 l7.
1259 5738 1302 5770 ¹¹
1326 5735 1484 5794 Rom.
1527 5752 1600 5804 ιν,
1650 5740 1697 5795 1.
