3866 6448
104 470 189 540 721
785 468 1231 530 ENARMTt-o
1273 467 1354 528 IN
1396 441 1684 529 EVANGE

1791 467 1894 529 ΗΜ
1927 466 2166 529 LUCBE.
2209 493 2276 504 -—
2308 466 2467 528 CAP.
2507 469 2588 529 ιῐ.

3214 462 3322 528 ’122

106 583 297 650 rftsist;
337 577 666 648 ἀνθρώπων
693 577 808 648 ἅμα
850 578 906 631 δὲ
951 580 1043 632 καὶ
1081 579 1166 632 ἵνα
1225 576 1536 641 ἀξιόπιστος
1573 579 1656 646 εἴη

1797 578 2031 634 xcellens
2059 578 2216 634 alios.
2242 579 2421 634 Latuit
2471 587 2648 633 autem
2689 577 2741 632 in
2773 579 3021 645 desertis,
3044 578 3214 632 donec
3240 578 3324 632 vi-

109 674 294 747 μέλλων
340 672 470 742 περὶ⁹
512 671 753 741 Χριστοῦ
802 665 1120 742 κηρύττειν,
1154 667 1241 723 οἷα
1278 669 1342 740 δὴ
1388 670 1654 740 ἐρημίτης

108 770 188 821 κέὶ
232 765 366 835 ὑπὲρ
411 769 540 828 τοὺς
590 763 818 826 πολλοὺς
861 762 935 816 ὧν
967 781 979 792 ·
1020 762 1322 832 ἐκρύπτετο
1354 763 1411 816 δέ
1443 764 1500 815 ἐν
1534 765 1655 825 ταῖς

111 855 502 927 ἐρήμοιςάχρις
527 851 586 912 οὗ
634 856 928 927 εὐδόκησεν
957 857 985 908 ό
1027 855 1156 919 Θεὸς
1180 855 1460 922 ἀναδεῖξαι
1494 856 1656 910 αὐτὸν

110 967 135 1000 τ
150 950 175 1018 ξ)
211 947 510 1020 Ὶσραηλίτῃ
553 947 686 1019 λαῷ.

681 1063 935 1117 ΚΕΦΑΑ.
974 1061 1050 1116 Β’.

115 1175 233 1242 Περὶ
268 1173 371 1247 τῆς
387 1175 765 1247 datm-1302779
798 1177 936 1247 Περὶ
987 1177 1092 1230 τοῦ
1137 1176 1248 1243 τῆς
1285 1178 1516 1247 Μαρίας
1564 1194 1660 1230 το-

174 1244 362 1316 κετοῦ,
397 1247 534 1312 Περὶ
591 1243 710 1316 τῷν
763 1243 1082 1314 ποιμένων.
1134 1249 1271 1316 Περὶ
1323 1243 1658 1316 Σὺμεῶνος.

174 1312 303 1386 Περί
343 1315 568 1386 ’Λννξης
607 1314 716 1381 τῆς
746 1312 1133 1386 προέσήτιδος.
1157 1312 1295 1385 Περὶ
1340 1312 1538 1386 Ἰησοῦ
1564 1312 1668 1372 εὑ-

174 1381 448 1453 ρεθέντος
475 1384 546 1436 ἐν
571 1386 738 1456 μέσῳ
760 1381 877 1439 τῶιλ
897 1385 991 1438 διδ
995 1381 1306 1442 ασκάλιιὶν.

183 1517 199 1548 ι
243 1497 488 1563 Ἐγένετο
521 1497 580 1549 δὲ
627 1499 686 1550 ἐν
732 1501 864 1574 ταῖς
889 1500 1126 1570 ἡμέραις
1165 1503 1423 1567 ἐκείναις,
1475 1501 1665 1571 ἐξῆλθε

1761 685 1877 722 sum
1913 669 2012 724 luit
2043 671 2153 727 Deo
2194 670 2560 725 lsraelitarum
2597 669 2790 738 populo
2837 669 2986 726 illum
3029 667 3324 724 ostenden-

1760 760 1884 814 dum
1919 774 2058 816 esse.

2273 1070 2435 1142 235
2458 1067 2686 1125 CAPUT
2732 1067 2800 1122 ιι.

1763 1186 1838 1242 De
1886 1184 2263 1253 conscriptione
2320 1183 2479 1253 orbis.
2529 1181 2602 1235 De
2651 1178 2922 1253 puerperio
2978 1173 3213 1253 Mari_a’._
3253 1173 3331 1229 De

1835 1243 2155 1326 pastoribus.
2207 1253 2284 1308 De
2311 1252 2612 1326 _Symeoue.
2649 1243 2725 1304 De
2766 1243 2918 1303 Anna
2978 1243 3327 1316 prophetissa.

1837 1323 1913 1382 De
1934 1325 1964 1381 Ι
1971 1343 2059 1381 esu
2091 1324 2441 1394 repertointer
2463 1323 2722 1376 doctores.

1838 1503 2150 1571 VERS.',1~7.
2174 1502 2425 1556 «Factum
2450 1508 2533 1554 est
2554 1507 2732 1553 autem
2758 1496 2812 1550 in
2831 1494 3023 1551 diebus
3045 1490 3171 1556 illis,
3203 1489 3338 1546 exiit

117 1593 273 1657 δόγμα
324 1589 475 1659 παρὰ
536 1590 811 1662 Καίσαρος
875 1593 1187 1660 Αὐγούστου
1252 1592 1667 1664 ἀπογράφεσθαι

1791 1601 2039 1654 lecretum
2059 1611 2084 1648 ο
2099 1593 2249 1648 Caesa
2259 1607 2314 1647 re
2336 1590 2576 1660 Augusto
2592 1597 2650 1643 ut
2672 1593 2984 1643 censeretur
3006 1579 3333 1638 totusorbis.

122 1684 281 1735 πᾶσαν
329 1680 427 1750 τὴν
458 1681 821 1751 οἰκουμένηνο
861 1682 1000 1752 αὕτη
1032 1685 1065 1753 ὴ
1124 1684 1440 1754 ἀπογραφὴ,
1475 1682 1664 1753 πρώτη

1793 1692 1892 1746 lac
1945 1687 2235 1757 descriptio
2289 1683 2460 1754 prima
2521 1682 2663 1736 facta
2727 1689 2816 1735 est
2866 1675 3116 1749 praeside.
3166 1671 3338 1744 Syria:

122 1771 314 1839 ἐγένετο
349 1773 780 1841 ἡγεμονεύοντος
813 1772 912 1842 τῆς
960 1773 1160 1844 Συρίας
1201 1774 1476 1844 Κυρηνίου
1501 1790 1514 1804 ·
1568 1773 1664 1828 καὶ

1791 1783 2002 1855 lyreno.
2028 1777 2096 1834 Et
2142 1779 2294 1832 ibant
2322 1787 2514 1830 omnes
2550 1781 2610 1827 ut
2637 1772 3048 1843 proﬁterentur,
3084 1767 3135 1819 in
3183 1777 3335 1818 suam

123 1861 420 1931 ἐπορεύοντο
457 1862 659 1926 πάντες
711 1863 1130 1934 ἀπογράφεσθαι
1176 1866 1406 1929 ἕκαστος
1446 1869 1528 1928 εἰς
1569 1865 1668 1936 τὴν

1791 1875 1999 1944 [nisque
2047 1871 2344 1928 civitatem.
2400 1865 2656 1922 Ascendit
2717 1871 2898 1918 autem
2950 1869 3004 1915 et
3049 1856 3250 1926 Joseph
3307 1869 3338 1907 a

127 1955 244 2005 ἰδέαν
273 1953 446 2007 πόλιν.
485 1953 690 2022 Ἀνέϐη
738 1953 796 2007 δέ
844 1957 939 2009 καὶ
985 1955 1187 2026 Ἰωσὴφ
1215 1955 1323 2010 ἀπὸ
1350 1957 1453 2026 τῆς
1506 1955 1668 2008 Γαλι-

1791 1964 1989 2020 ialilaaa
2015 1963 2082 2018 de
2117 1960 2338 2018 civitate
2386 1955 2656 2010 Nazareth
2693 1955 2746 2006 in
2777 1947 3114 2012 Judaeam,in
3147 1945 3340 2000 civita-

125 2047 263 2109 λαξας
318 2047 380 2098 ἐκ
441 2046 650 2110 πόλεως
698 2045 971 2116 Ναζαρὲτ,
1004 2048 1082 2111 εἰς
1128 2048 1228 2116 τὴν
1277 2048 1553 2114 Ἰουδαίαν,
1589 2050 1677 2112 εἰς.

129 2136 268 2190 πόλιν
291 2138 470 2202 Δαυῒδ,
505 2139 632 2210 ἥτις
695 2139 941 2193 καλεῖται
992 2140 1258 2210 Βηθλεέμ,
1291 2140 1378 2194 διά
1431 2144 1490 2195 τδ
1531 2139 1672 2196 εἶναι

132 2231 270 2282 αὑτὸν
314 2229 371 2294 ἐξ
405 2231 562 2284 οἴκου
601 2230 697 2284 καὶ
737 2233 976 2303 πατριᾶς
1030 2231 1216 2298 Δαυῖδ,
1247 2233 1673 2305 ἀπογράψασθαι

134 2323 216 2376 σὺν
241 2322 466 2392 Μαριάμ
500 2325 570 2393 τῇ
605 2324 1062 2396 μεμνηστευμένῃ
1089 2324 1237 2395 αύτῷ
1256 2327 1494 2394 γυναικὶ,
1537 2325 1680 2400 οὔσῃ

133 2416 323 2485 ἐγκύῳ·
357 2414 578 2482 ἐγένετο
614 2416 671 2470 δέ
706 2418 762 2469 ἐν
814 2417 894 2488 τῷ
936 2412 1076 2471 εἶναι
1109 2417 1308 2482 αὐτοὺς
1342 2421 1478 2482 ἐκεῖ,
1512 2419 1678 2489 ἐπλή-

135 2506 282 2574 θηπαν
318 2506 370 2558 αἱ
402 2507 616 2577 ἡμέραι
660 2504 757 2559 τοῦ
797 2508 977 2560 τεκεῖν
1019 2507 1192 2576 αὐτήν
1227 2523 1242 2538 ο
1264 2507 1358 2560 καὶ
1388 2508 1538 2561 ἔτεκε
1587 2507 1677 2562 τὸν

135 2597 241 2648 Υἱὸν
269 2597 430 2665 αὐτῆς
459 2595 556 2650 τὸν
600 2597 966 2669 πρωτότοκον,
1000 2599 1094 2651 καὶ
1129 2599 1553 2671 ἐσπαργάνωσεν
1582 2601 1679 2652 αύ-

136 2690 212 2740 τῖν
240 2690 324 2740 καὶ
352 2689 642 2742 ἀνέκλινεν
669 2689 832 2742 αὐτὸν
863 2690 921 2743 ἐν
948 2692 1013 2762 τῇ
1048 2689 1224 2761 φάτνῃ
1246 2706 1259 2719 ’
1291 2690 1428 2744 διότι
1462 2691 1560 2744 οὐκ
1609 2687 1680 2762 ἦν

137 2780 294 2842 αὐτοῖς
327 2780 484 2844 τόπος
521 2784 581 2834 ἐν
599 2782 674 2851 τῷ
698 2781 1073 2850 καταλύματι.
1117 2801 1136 2834 ι
1166 2783 1264 2836 Διὰ
1293 2783 1449 2836 τοῦτο
1470 2783 1680 2852 γίνεται

138 2873 425 2944 ἀπογραφὴ,
463 2874 554 2926 ἵνα
603 2873 822 2926 πάντων
879 2871 1140 2927 ἐλθόντων
1193 2875 1274 2937 είς
1327 2873 1424 2936 τὰς
1474 2874 1681 2938 οἰκείας

141 2966 392 3034 πατρίδας,
429 2965 636 3038 ἀνέλθῃ
668 2967 762 3018 καὶ⁵
793 2966 827 3036 ἡ
849 2965 1130 3036 Παρθένος
1159 2967 1237 3029 είς
1265 2965 1365 3035 τὴν
1395 2963 1668 3036 Βηθλεέμ,

139 3056 201 3120 ὡς
251 3059 444 3113 οἰκείαν
487 3057 756 3128 πατρίδα,
804 3057 898 3111 καὶ
930 3056 1075 3111 οὕτω
1116 3057 1280 3129 τεχθῇ
1323 3059 1351 3112 ό
1395 3057 1596 3128 Κύριος
1625 3059 1683 3112 ἐν

142 3151 378 3222 Βηθλεέμ,
431 3154 530 3208 καὶ
576 3153 835 3224 πληρωθῇ
867 3154 900 3221 ὴ
930 3153 1268 3223 προφητεία’
1303 3151 1408 3206 ἔδει
1453 3152 1508 3205 δέ
1546 3151 1684 3206 Θεοῦ

143 3243 240 3305 ἐνὸς
271 3244 556 3312 μέλλοντος
590 3243 799 3298 παῦσαι
839 3242 939 3314 τὴν
990 3242 1299 3309 πολυθεῖαν,
1338 3244 1431 3296 καὶ
1456 3243 1552 3297 ἕνα
1590 3243 1686 3314 βα-

145 3303 283 3388 σιλέα
339 3303 640 3406 κρατῆσαι,
683 3334 776 3388 τὸν
830 3303 1122 3405 Κάίσαρα·
1181 3303 1757 3406 ἀπογράφεταωδέσ

144 3426 268 3480 καὶὸ
306 3429 540 3498 Χριστὸς
577 3428 714 3498 μετὰ
747 3428 989 3496 πάντων,
1025 3426 1132 3481 ἔδει
1173 3426 1284 3498 γὰρ
1325 3426 1420 3479 καὶ
1453 3428 1544 3480 τὸν
1573 3426 1684 3479 K0-

149 3535 264 3586 ριον,
312 3526 376 3592 τῇ
413 3523 716 3596 οἰκουμένῃ
769 3521 1287 3592 συναπογραφῆναι,
1339 3521 1427 3575 ἵνα
1481 3522 1682 3593 ἁγιάσῃ

145 3610 253 3674 τοὺς
282 3613 792 3687 ἀπογραφομένους,
829 3614 925 3668 καὶ
949 3615 1277 3684 καταργήσῃ
1302 3611 1400 3684 τὴν
1420 3613 1685 3667 δουλείαν·

146 3699 308 3772 diem
332 3706 437 3777 γὰρ
471 3705 856 3776 περιτμηθεὶς,
886 3707 1206 3776 κατήργησε
1239 3703 1336 3775 τὴν
1361 3705 1688 3776 περιτομὴν,

127 3792 304 3858 ὀὕτως
347 3798 692 3868 άπογραφεὶς
726 3798 800 3860 ὡς
829 3797 1033 3862 δοῦλος,
1067 3797 1384 3866 κατήργησε
1430 3795 1528 3866 τὴν
1572 3796 1690 3848 δου-

149 3882 276 3938 λείαν
298 3891 389 3959 τῆς
410 3891 634 3959 φύσεως
674 3889 852 3960 ἡμῶν.
885 3890 1000 3943 Οὐκ
1054 3888 1134 3942 ἔτι
1180 3889 1289 3960 γὰρ
1320 3887 1495 3942 δοῦλοί
1555 3889 1691 3940 εἰσιν

151 3971 437 4045 ἀνθρώπων,
496 3979 548 4031 οἱ
592 3979 670 4049 τῷ
719 3978 905 4050 Κυρίῳ
938 3978 1300 4043 δουλεύοντες,
1333 3976 1409 4040 ὡς
1447 3977 1476 4029 ό
1532 3977 1693 4029 ’Λπό-

153 4065 310 4131 στολος
371 4071 523 4140 λέγει
558 4087 572 4100 °
637 4090 656 4122 ο
716 4070 809 4141 Μὴ
849 4059 1064 4139 γίνεσθε
1088 4070 1262 4123 δοῦλοι
1284 4067 1588 4140 ἀνθρώπων
1620 4083 1634 4097 ·
1666 4085 1686 4120 ι

151 4156 246 4210 ἀλλ’
271 4161 314 4212 εἰ
365 4165 459 4217 καὶ
492 4161 570 4232 τῷ
609 4160 824 4232 σώματι
855 4162 1059 4226 δοῦλοι,
1095 4161 1366 4231 ἐλεύθεροι
1417 4159 1496 4230 τῷ
1526 4158 1693 4214 πνεύ-

154 4265 288 4316 ματι,
317 4253 385 4323 μὴ
413 4258 480 4326 τῇ
514 4254 741 4326 ἀσεϐείᾳ
773 4253 880 4307 τῶν
906 4253 1182 4307 δεσποτῶν
1221 4251 1683 4322 συναπαγόμενοιζ

154 4338 470 4408 Πρωτότοκον
524 4347 583 4400 δέ
640 4346 765 4400 Υἱδν
818 4346 1069 4416 ὠνόμασε
1127 4346 1228 4416 τῆς
1269 4344 1549 4415 Παρθένου
1606 4343 1697 4397 τὸν

154 4431 353 4503 Κύριον,
391 4439 573 4493 καίτοι
611 4439 686 4510 μὴ
723 4439 979 4510 δευτέρου
1028 4439 1172 4502 τινὸς
1217 4438 1524 4508 τεχθέντος,
1553 4436 1698 4488 εἰκό-

155 4537 273 4587 τως·
312 4532 653 4600 πρωτότοκος
709 4531 821 4602 γὰρ
875 4531 1117 4600 λέγεται,
1146 4533 1174 4584 ὁ
1221 4531 1438 4601 πρῶτος
1486 4528 1699 4600 τεχθεὶς

1777 2069 1882 2116 tem
1931 2055 2122 2120 David,
2151 2067 2271 2124 quae
2299 2057 2522 2106 vocatur
2563 2046 2864 2109 Bethleem,
2921 2056 2986 2098 eo
3011 2040 3155 2110 quod
3197 2045 3346 2092 esset

1775 2151 1841 2206 de
1879 2149 2044 2204 domo
2078 2156 2131 2201 et
2163 2144 2362 2200 familia
2393 2140 2582 2204 David,
2617 2147 2676 2194 ut
2704 2135 3053 2206 proﬁteretur
3080 2145 3202 2187 cum
3232 2128 3344 2182 Ma-

1775 2243 1854 2298 ria
1891 2243 2217 2310 desponsata
2251 2234 2352 2290 sibi
2381 2247 2568 2296 uxore,
2595 2245 2715 2301 quae
2738 2236 2857 2284 erat
2900 2236 3207 2296 praegnans.
3240 2220 3344 2275 Ac-

1776 2333 1907 2390 cidit
1933 2342 2134 2392 autem,
2159 2343 2281 2384 cum
2325 2333 2505 2382 essent
2534 2324 2630 2389 ibi,
2666 2319 2919 2391 completi
2943 2326 3069 2375 sunt
3094 2315 3212 2370 dies
3244 2327 3347 2382 pa-

1780 2427 1988 2492 riendi;
2020 2419 2506 2493 etpeperitFilium
2525 2430 2684 2472 suum
2712 2411 3154 2486 primogenitum,
3173 2421 3236 2462 ac
3267 2403 3348 2458 ia-

1779 2519 1908 2577 sciis
1924 2532 2047 2572 eum
2067 2513 2288 2571 involvit
2310 2510 2696 2577 reclinavitque
2713 2521 2834 2562 eum
2859 2505 2910 2560 in
2933 2501 3181 2574 praesepi,
3201 2497 3346 2568 quod

1780 2625 1884 2668 non
1919 2619 2063 2664 esset
2085 2610 2164 2663 eis
2204 2606 2353 2661 locus
2380 2605 2433 2659 in
2452 2601 2807 2658 diversorio.»
2840 2595 3128 2666 Propterea
3166 2592 3224 2646 lit
3251 2591 3346 2646 de-

1781 2705 2028 2774 scriptio,
2046 2713 2122 2763 ut.
2152 2717 2273 2756 cum
2298 2713 2485 2755 omnes
2515 2698 2570 2752 in
2589 2711 2715 2752 suas
2737 2693 2942 2764 patrias
2970 2690 3134 2754 irent,
3160 2701 3350 2742 ascen-

1783 2799 1936 2853 deret
1961 2806 2014 2849 et
2049 2793 2210 2862 Virgo
2246 2795 2299 2846 in
2330 2790 2625 2854 Bethleem,
2677 2802 2798 2857 qua:
2840 2784 2956 2854 ejus
2999 2781 3172 2851 patria
3208 2784 3348 2842 erat,

1783 2897 2207 2956 nascereturque
2245 2884 2325 2939 sic
2391 2881 2650 2937 Dominus
2699 2880 2752 2932 in
2799 2876 3115 2931 Bethleltem
3175 2871 3240 2933 ¹³,
3283 2885 3350 2924 ac

1784 2980 2100 3050 impleretur
2131 2975 2430 3048 prephetia.
2466 2973 2699 3029 Decebat
2728 2980 2908 3026 autem
2938 2977 3016 3033 ut,
3043 2980 3166 3022 cum
3207 2962 3352 3018 Deus

1786 3087 1930 3127 unus
1957 3071 2251 3126 multorum
2285 3068 2512 3123 deorum
2552 3064 2723 3120 cultui
2751 3063 2911 3119 linem
2942 3070 3091 3116 esset
3121 3053 3349 3126 imposi-

1787 3171 1964 3229 turus,
1990 3172 2132 3215 unus
2178 3158 2342 3214 etiam
2395 3172 2514 3226 rex,
2548 3169 2740 3225 nempe
2793 3153 2996 3217 Caesar,
3027 3151 3346 3219 imperaret.

1787 3255 1960 3310 Porro
2007 3253 2258 3310 Christus
2283 3265 2404 3306 cum
2437 3250 2689 3305 omnibus
2742 3247 3090 3303 describitur.
3125 3242 3356 3314 Oportet

1789 3348 1935 3404 enim
1983 3347 2148 3402 etiam
2201 3345 2489 3402 Dominum
2539 3356 2662 3399 cum
2713 3350 2825 3397 toto
2859 3340 2991 3395 orbe
3035 3335 3268 3400 censeri,
3300 3341 3361 3386 ut.

1787 3441 2158 3496 sanctiﬁcaret
2212 3453 2309 3494 eos
2350 3436 2444 3508 qui
2496 3443 2816 3500 censentur,
2845 3431 3195 3498 aboleretque
3235 3441 3355 3482 ser-

1788 3532 2014 3586 vitutem
2037 3550 2049 3584 :
2070 3528 2328 3599 quoniam
2349 3529 2491 3583 sicut
2511 3523 2864 3582 circumcisus
2882 3518 3356 3576 circumcisionem

1789 3625 2024 3680 abolevit
2052 3623 2117 3688 “,
2147 3625 2219 3678 ita
2255 3622 2560 3690 descriptus
2589 3621 2731 3676 sicut
2788 3630 3004 3678 servus,
3037 3613 3357 3670 servitutem

1791 3726 2002 3771 natum
2019 3727 2221 3771 nostra:
2251 3715 2507 3770 abolevit.
2544 3711 2662 3767 Non
2705 3712 2852 3766 enim
2883 3708 3025 3764 ultra
3056 3715 3184 3762 sunt
3217 3704 3362 3760 servi

1793 3809 2095 3872 hominum,
2126 3809 2218 3877 qui
2278 3806 2505 3862 Domino
2565 3805 2838 3868 serviunt,
2881 3803 3032 3858 sicut
3072 3798 3363 3869 Apostolus

1795 3900 1962 3955 dicit:
2005 3918 2022 3952 ι
2045 3897 2221 3954 Nolite
2241 3899 2355 3954 ﬁeri
2381 3898 2521 3954 servi
2539 3897 2822 3952 hominum
2843 3895 2888 3928 "
2919 3913 2932 3948 :
2963 3912 2984 3946 ι
3023 3891 3117 3948 sed
3144 3889 3361 3946 tametsi

1793 4005 2020 4061 corpore
2063 3990 2235 4046 simus
2292 3989 2457 4056 servi,
2491 3989 2685 4058 spiritu
2744 3998 2922 4042 tamen
2960 3997 3148 4040 sumus
3187 3981 3363 4048 liberi,

1795 4097 1970 4152 neque
2023 4097 2147 4138 cum
2197 4083 2475 4152 impietate
2531 4080 2872 4136 dominorum
2949 4077 3112 4135 simul
3145 4074 3368 4130 abduci-

1797 4189 1938 4228 mur.
1996 4173 2430 4253 Primogenitum’
2464 4186 2592 4227 vero
2637 4170 2833 4226 Filium
2889 4167 3187 4226 nominavit
3241 4165 3363 4222 Viro

1797 4266 1940 4337 ginis
2000 4265 2312 4330 Dominum,
2372 4265 2618 4332 quamvis
2673 4264 2882 4319 nullum
2934 4261 3230 4318 secundum
3275 4274 3370 4328 pe-

1797 4356 1962 4426 perit.
2016 4357 2182 4427 ldque
2234 4358 2449 4412 merito.
2492 4356 2892 4426 Primogenitus
2951 4354 3098 4409 enim
3148 4351 3365 4418 dicitur,

1797 4449 1890 4516 qui
1921 4449 2128 4516 primus
2161 4457 2319 4502 natus
2345 4458 2450 4512 est,
2486 4447 2698 4503 etiamsi
2733 4461 2840 4501 non
2891 4453 3150 4501 nascatur
3181 4451 3366 4512 postea

1799 4543 2089 4595 secundus.
2121 4540 2179 4594 ln
2203 4542 2523 4611 praesepium
2571 4549 2748 4595 autem
2779 4538 3098 4603 reclinatur,
3135 4536 3280 4590 forte
3309 4545 3371 4588 ut

157 4614 244 4668 xiv
290 4621 360 4691 μὴ
395 4623 647 4693 δεύτερος
677 4623 975 4694 ἐπετὲχθη·
1016 4625 1071 4676 ἐν
1101 4623 1281 4694 φάτνῃ
1331 4621 1388 4674 δέ
1435 4619 1684 4675 κατακλί-

1803 4632 1984 4686 statim
2027 4633 2093 4685 ab
2156 4631 2313 4686 initio
2359 4631 2484 4684 vitae
2524 4630 2889 4700 frugalitatem
2942 4644 3044 4684 nos
3106 4629 3370 4682 doceret:

158 4717 304 4771 νεται,
333 4713 470 4783 τάχα
503 4713 601 4782 μὲν
648 4713 742 4765 καὶ
769 4712 1049 4767 εὐτέλειαν
1101 4714 1247 4782 ἡμᾶς
1282 4710 1342 4775 ἐξ
1372 4710 1546 4780 ἀρχῆς
1571 4727 1698 4762 παι·

159 4792 305 4852 δεύων
341 4816 354 4832 ·
399 4805 540 4876 τάχα
601 4805 657 4858 δέ
710 4806 804 4858 καὶ
861 4805 1201 4875 συμϐολικῶς
1244 4805 1504 4857 δεικνύων
1541 4844 1556 4868 ,
1607 4804 1692 4856 ὃτι

160 4885 439 4964 ἐπεδήμησε
485 4897 563 4966 τῷ
612 4897 803 4966 κόσμῳ
831 4895 1026 4967 τούτῳ,
1065 4895 1218 4964 τόπῳ
1251 4894 1366 4946 ὄντι
1406 4893 1562 4964 ἡμῶν
1592 4893 1699 4947 τῶν

160 4980 254 5038 τοῖς
303 4983 511 5055 ἀλόγοις
558 4989 814 5058 κτήνεσιν
868 4987 1246 5058 όμοιωθέντων
1267 5002 1282 5017 ο
1310 4985 1500 5056 ὥσπερ
1535 4985 1641 5057 γὰρ
1667 4989 1700 5057 ἡ

163 5069 311 5143 φάτνῃ
329 5078 432 5132 τῶν
457 5081 668 5148 ἀλόγων
697 5081 897 5144 οἰκεῖος
922 5081 1108 5143 τόπος,
1142 5078 1287 5130 οὕτω
1319 5078 1414 5131 καὶ
1438 5079 1464 5129 ό
1499 5078 1697 5147 κόσμος

1803 4721 1942 4777 forte
1969 4721 2131 4776 etiam
2161 4723 2392 4790 quodam
2431 4719 2676 4791 symbolo
2699 4719 2996 4774 declaravit
3035 4719 3176 4787 quod
3219 4730 3376 4786 pere-

1804 4811 2050 4882 grinatus
2083 4811 2155 4866 sit
2212 4812 2263 4865 in
2299 4812 2402 4866 hoc
2437 4811 2657 4876 mundo,
2691 4810 2786 4880 qui
2829 4809 2982 4865 locus
3031 4816 3220 4864 noster
3265 4816 3371 4872 est,

1805 4903 1894 4971 qui
1920 4902 2089 4957 brutis
2121 4901 2487 4956 animantibus
2504 4901 2802 4970 comparati
2821 4914 3030 4956 sumus.
3047 4898 3198 4954 Sicut
3226 4897 3373 4952 enim

1805 5007 2045 5063 praesepe
2071 4992 2612 5062 propriusbrutorum
2641 4992 2790 5048 locus
2820 5001 2924 5058 est,
2945 4991 3018 5045 ita
3039 4988 3200 5044 nobis
3219 4987 3375 5042 locus

1805 5086 2064 5158 proprius
2096 5096 2180 5142 est
2224 5086 2495 5152 mundus;
2525 5087 2758 5141 mundus
2793 5084 2978 5154 itaque
3005 5095 3246 5152 praisepe
3273 5091 3376 5146 est,

163 5154 462 5239 οὖτοςήμῶν
494 5189 507 5202 ο
532 5172 682 5228 ἐστιν
731 5169 823 5227 οὖν
859 5175 892 5243 ἡ
923 5173 1122 5242 φάτνῃ,
1163 5171 1192 5222 ό
1222 5170 1426 5240 κόσμος
1458 5187 1472 5200 ·
1509 5170 1694 5239 ἡμεῖς,

162 5254 387 5354 τᾶοάλογα
414 5282 429 5299 ο
460 5265 545 5319 ἵνα
569 5267 625 5320 δὲ
657 5268 802 5336 ἡμᾶς
825 5266 1170 5336 λυτρώσηται
1201 5265 1298 5339 τῆς
1325 5263 1572 5331 ἀλογίας,
1604 5263 1696 5316 διὰ

164 5356 296 5401 τουτο
320 5354 542 5411 ἐνταῦθα
580 5359 935 5428 παρεγένετο.

1809 5361 1910 5416 fuit
1935 5362 2253 5417 reclinatus.

167 5523 179 5534 ἢ
222 5454 246 5538 .t
282 5442 383 5498 Καὶ
415 5451 668 5520 ποιμένες
696 5446 835 5521 ἦσαν
865 5451 920 5502 ἐν
963 5452 1029 5520 τῇ
1060 5450 1211 5521 χώρᾳ
1232 5453 1298 5522 τῇ
1331 5450 1466 5520 αὐτῇ
1493 5451 1684 5520 ἀγραυ-

1885 5453 2046 5509 Vsus.
2072 5454 2224 5510 8-H.
2264 5473 2283 5504 ι
2307 5454 2374 5508 Et
2402 5463 2647 5524 pastores
2678 5462 2836 5509 erant
2860 5455 2911 5508 in
2942 5453 3159 5524 regione
3187 5449 3374 5505 eadem

167 5539 375 5632 Λουντες,
406 5543 496 5594 καὶ
535 5541 902 5610 φυλάσσοντες
945 5542 1190 5609 φυλακὰς
1242 5543 1340 5611 τῆς
1369 5543 1562 5603 νυκτὸς
1607 5541 1684 5594 ἐπ’

1809 5546 2154 5608 rusticantes,
2209 5552 2265 5598 et
2311 5544 2648 5600 excubantes
2704 5545 2962 5598 excubias
3010 5551 3167 5598 nocte
3219 5553 3380 5608 super

166 5627 250 5707 ’ξην
280 5627 503 5701 ποίμνην
551 5633 751 5694 αὐτῶν.
784 5633 876 5686 καὶ
927 5633 1035 5686 ἰδοὺ
1081 5633 1311 5702 ἄγγελος
1347 5633 1552 5702 Κυρίου
1598 5635 1684 5686 ἐττ⁴

1806 5649 2024 5704 gregem
2065 5650 2220 5689 suum
2260 5645 2354 5691 :et
2381 5650 2510 5692 ecce
2527 5637 2752 5707 angelus
2778 5635 2990 5692 Domini
3043 5634 3211 5690 astitit
3245 5631 3373 5696 illis,

165 5702 278 5783 ἐστη
305 5720 473 5790 αὐτοῖς
504 5743 518 5755 ·
551 5727 645 5779 καὶ
670 5725 794 5793 δόξα
832 5725 1035 5798 Κυρίου
1062 5725 1433 5797 περιέλαμψεν
1463 5725 1684 5788 αὐτούς⁴

1806 5736 1861 5782 et
1895 5702 2118 5785 claritas
2161 5728 2378 5788 Domini
2406 5702 2766 5789 circum'lulsit
2792 5728 2933 5796 illos,
2968 5738 3024 5784 et
3080 5727 3377 5782 timuerunt

1801 5194 1904 5234 nos
1929 5192 2057 5232 vero
2079 5180 2270 5234 bruta:
2303 5186 2361 5232 ut
2381 5189 2558 5234 autem
2581 5192 2679 5232 nos
2727 5178 3062 5232 redimereta
3095 5175 3375 5230 brutorum

1810 5285 1972 5324 sensu
1992 5279 2047 5323 et
2068 5269 2566 5337 irrationabilitate,
2592 5279 2879 5339 propterea
2909 5277 2965 5323 et
2995 5266 3111 5336 ipse
3139 5263 3230 5320 tali
3261 5265 3380 5320 loco

234 5885 272 5920 η
308 5889 456 5951 )licli.
493 5915 544 5964 ν,
575 5901 632 5954 ε.
711 5901 752 5934 ιι
794 5900 974 5957 Galat.
1011 5920 1064 5968 ν,
1117 5903 1170 5958 5.
1223 5869 1348 5959 ἴθι
1395 5903 1520 5959 Cor.
1569 5915 1664 5969 νη,
1698 5901 1788 5959 as.
