3896 6452
553 471 657 533 727

1468 469 2048 532 TIIEOPHYLACTI
2090 451 2502 530 BULGARI/E
2541 465 2898 550 ARCHIEP.
3635 466 3712 532 tu

555 596 850 657 conceptus
882 588 1046 644 fuerit
1073 588 1371 645 Dominus:
1404 604 1507 644 non
1533 599 1714 646 autem
1740 591 1835 647 illo
1860 596 2122 645 momentc

2243 586 2467 656 Κύριος,
2496 587 2561 640 οὐ
2597 586 2704 657 μὴν
2739 584 2875 655 αὕτῇ
2898 582 2965 653 τῇ
3000 582 3201 651 στιγμῇ
3231 578 3348 633 καθ’
3375 580 3436 651 ἢν
3460 579 3486 632 ὁ
3510 579 3713 649 Ἀγγελος

556 696 667 751 quo
696 681 918 751 angelus
946 680 1112 746 dixit;
1147 684 1240 736 sed
1272 684 1413 735 forte
1444 691 1795 751 posteaquam
1841 679 2135 745 complevit

553 785 856 828 sermones.
873 771 1042 843 288
1057 770 1180 827 Herc
1197 780 1377 827 autem
1398 788 1502 828 non
1521 773 1817 828 dixerimus
1834 770 2129 827 deﬁnitive.

556 861 765 933 Impleti
799 874 979 918 autem
1011 874 1138 919 sunt
1170 864 1283 919 dies
1315 864 1655 936 purgationis
1687 865 1900 919 illorum
1934 877 2131 919 secun-

556 952 683 1006 dum
744 953 911 1022 legem
967 954 1123 1010 Mosi.
1181 955 1325 1011 Bene
1396 955 1533 1011 dixit
1606 957 1903 1012 secundum
1960 955 2131 1023 legem

557 1041 687 1096 Mosi
721 1040 765 1074 ¹⁸
794 1060 809 1099 :
835 1059 957 1097 nam
994 1046 1293 1101 secundum
1322 1047 1607 1102 veritatem
1634 1046 1779 1101 nulla
1811 1046 2135 1101 necessitate

561 1134 724 1204 Virgo
756 1137 1161 1208 astringebatur
1200 1149 1517 1209 exspectare
1550 1140 1668 1195 dies
1705 1138 2129 1210 puriﬁcationis,

556 1225 647 1294 qui
677 1238 804 1283 sunt
827 1229 1207 1300 quadraginta,
1247 1239 1375 1287 nato
1403 1246 1572 1287 mare.
1619 1229 1831 1286 Dictum
1854 1231 2001 1286 enim
2048 1241 2134 1286 est

555 1317 610 1370 in
639 1315 778 1386 lege,
809 1317 999 1374 Mulier
1027 1336 1148 1390 quae
1174 1311 1427 1392 suscepto
1461 1325 1671 1379 semine
1698 1324 2050 1394 conceperit,
2079 1331 2134 1378 et

556 1409 826 1478 pepererit
869 1413 1190 1467 masculum.
1227 1411 1394 1491 Virgo
1423 1423 1606 1469 autem
1649 1430 1757 1470 non
1791 1416 2039 1485 concepit
2067 1415 2134 1470 de

553 1499 794 1565 semine,
843 1502 935 1557 sed
975 1519 1041 1558 ex
1073 1504 1277 1573 Spiritu
1307 1517 1495 1563 sancto
1523 1509 1730 1577 peperit
1768 1526 1782 1564 :
1813 1508 1956 1563 unde
1989 1506 2132 1562 nulla

555 1588 697 1645 Illam
724 1593 1023 1649 necessitas
1050 1597 1314 1665 urgebat;
1339 1597 1434 1652 sed
1464 1598 1651 1654 volens
1682 1599 1906 1669 implere
1933 1598 2125 1668 legem,

554 1682 701 1738 venit
734 1684 788 1737 in
830 1685 1111 1756 templum.
1146 1686 1329 1754 Quare
1357 1698 1535 1745 autem
1566 1691 1622 1745 in
1655 1690 1893 1745 masculo
1923 1699 2129 1757 septem

551 1774 688 1842 dies,
740 1777 793 1830 in
844 1781 1073 1835 muliere
1124 1795 1254 1836 vero
1289 1783 1373 1838 his
1422 1783 1689 1838 totidem?
1731 1783 1918 1838 Mulier
1960 1784 2126 1848 enim,

2236 678 2440 748 ἔλεγεν,
2485 679 2620 733 ἀλλά
2667 677 2861 747 τυχὸν,
2910 676 2998 730 ὅτε
3066 672 3367 727 συνετέλεσε
3410 673 3522 735 τοὺς
3556 674 3713 741 λόγους,

2236 772 2423 826 Ταῦτα
2451 771 2507 824 δὲ
2542 771 2603 824 οὐ
2643 768 2993 840 δογματικῶς
3032 768 3283 836 λέγομεν.
3333 764 3713 835 Ἐπλήσθησανδὲ

2236 862 2295 917 αί
2338 862 2543 931 ἡμέραι
2595 859 2690 915 τοῦ
2739 860 3085 929 καθαρισμοῦ
3130 856 3309 910 αὐτῶν
3338 856 3469 910 κατά
3496 856 3573 910 τδν
3597 858 3714 929 νόμον

2235 953 2498 1017 Μωσέως.
2531 952 2730 1015 Καλῶς
2758 946 2879 1004 εἶπε
2905 949 3047 1004 κατά
3068 949 3159 1001 τδν
3179 946 3339 1015 νόμον
3365 947 3591 1009 Μωσέως·
3616 949 3715 1002 κατὰ

2235 1043 2343 1113 γὰρ
2389 1044 2488 1111 τὴν
2535 1041 2817 1113 ἀλήθειαν,
2850 1041 2950 1094 ούκ
2991 1036 3137 1109 εἶχεν
3183 1037 3476 1107 ἀνάγκηνή
3511 1036 3717 1107 Παρθένος

2235 1134 2550 1205 περιμένειν
2597 1134 2699 1197 τὰς
2742 1132 2958 1204 ἡμέρας
3027 1130 3123 1212 τοῦ
3182 1128 3528 1198 καθαρισμοῦ,
3571 1129 3717 1195 αἵτινες

2232 1218 2373 1292 ἦσαν
2416 1222 2854 1293 τεσσαράκοντα,
2893 1219 2987 1274 ἐπὶ
3037 1220 3226 1290 ἄρσενι
3265 1216 3512 1288 τεχθέντι.
3550 1217 3718 1286 Είριγτσι

2233 1316 2343 1385 γάρ
2373 1315 2431 1367 ὲν
2462 1313 2542 1384 τῷ
2583 1313 2765 1385 νόμῳζ·
2790 1311 2935 1383 Γυνὴ
2976 1311 3100 1381 ητις
3135 1310 3232 1363 ὲάν
3276 1308 3630 1379 σπερματισθῇ,
3652 1310 3718 1361 καὶ

2233 1407 2367 1476 τέκῃ
2415 1405 2614 1475 ἀρσεν·
2659 1405 2692 1474 ἡ
2745 1402 2804 1456 δὲ
2874 1401 3151 1472 Παρθένος
3203 1400 3303 1454 οὐκ
3353 1399 3717 1470 ὲσπερματίσοη,

2231 1495 2348 1551 ἀλλ’
2383 1499 2449 1549 ὲκ
2494 1493 2814 1564 Πνεύματος
2862 1491 3021 1560 ἀγίου
3065 1490 3283 1543 ἔτεκεν·
3324 1488 3456 1541 ὥστε
3498 1489 3581 1540 οὐκ
3615 1485 3717 1552 εἶχεν

2233 1589 2504 1659 ἀνάγκην,
2529 1586 2665 1641 ἀλλά
2686 1584 2971 1658 πληρῶσαι
2994 1585 3087 1637 τὸν
3106 1582 3271 1652 νόμον
3301 1580 3530 1643 Θέλουσα,
3552 1580 3719 1651 ἀνῆλθεν

2233 1682 2313 1744 είς
2345 1680 2405 1733 τὸ
2441 1679 2607 1744 ἱερὸν.
2644 1676 2745 1730 Διά
2773 1676 2906 1729 τίδὲ
2937 1676 3030 1727 ἐπὶ
3063 1676 3164 1745 μὲν
3189 1671 3375 1743 ἄρσενι
3408 1671 3532 1761 ἑπτὰ
3553 1670 3718 1740 ἡμέραι,

2232 1771 2325 1824 ἐπὶ
2348 1771 2405 1825 δὲ
2436 1769 2626 1841 Θηλείᾳ
2654 1766 2866 1835 διπλαῖς
2895 1766 3035 1836 Γυνὴ
3065 1765 3200 1835 γάρ,
3225 1763 3407 1834 φησὶν,
3431 1760 3517 1813 ὲάν
3538 1777 3720 1831 σπερμα-
3818 1780 3819 1787 η

553 1868 747 1936 inquit,
785 1869 831 1925 si
856 1881 1112 1941 suscepto
1139 1874 1347 1930 semine
1375 1876 1677 1929 masculum
1704 1876 1995 1944 pepererit,
2025 1876 2122 1929 im-

2230 1864 2409 1935 τισθῇ.
2459 1863 2550 1916 καὶ
2593 1862 2730 1933 τέκῃ
2779 1859 2970 1931 ἄρσεν,
3020 1856 3163 1911 ἑπτὰ
3214 1856 3419 1949 ἡμέρας
3478 1853 3719 1949 dicionem

553 1960 752 2015 manda
800 1962 905 2016 erit
945 1973 1153 2034 septem
1197 1966 1387 2022 diebus
1427 1984 1442 2020 :
1487 1967 1569 2021 sin
1612 1977 1792 2022 autem
1840 1968 2125 2033 feminam,

552 2052 831 2108 immunda
867 2055 972 2111 erit
1014 2056 1226 2112 duabus
1273 2058 1722 2115 hebdomadibus.
1763 2059 2031 2128 Quoniam
2066 2074 2127 2114 ea

550 2156 671 2210 quae
692 2145 963 2212 pepererit
994 2144 1140 2214 quod
1164 2148 1464 2201 masculum
1499 2158 1606 2212 est,
1641 2150 1936 2204 secundum
1959 2149 2127 2204 Adam

549 2234 605 2289 in
632 2236 890 2291 mundum
942 2238 1172 2293 induxit.
1229 2241 1360 2309 Qum
1387 2256 1513 2295 vero
1546 2241 1687 2311 quod
1719 2241 2003 2307 muliebre,
2038 2254 2128 2296 se-

548 2327 779 2380 cundam
810 2326 975 2382 Evam
1017 2330 1316 2399 pepererit,
1359 2346 1455 2387 vas
1496 2341 1653 2401 putre
1687 2339 1743 2386 et
1780 2331 1980 2396 debile,
2012 2346 2129 2386 am-

547 2417 770 2483 phoram
806 2419 1117 2487 contritam,
1170 2422 1420 2477 baculum
1458 2421 1818 2494 deceptionis,
1858 2422 2123 2477 inductri-

547 2524 665 2563 cem
711 2509 1108 2567 inobetlientiaa.
1163 2511 1316 2579 Quod
1365 2522 1545 2567 autem
1598 2513 1762 2578 dicit,
1810 2511 1983 2568 Omne
2031 2514 2126 2568 ad-

543 2600 795 2670 aperiens
861 2602 1076 2659 vulvam
1148 2613 1397 2661 sanctum
1454 2604 1684 2662 Domino
1727 2623 1745 2661 :
1793 2606 2012 2676 proprie
2058 2606 2125 2662 ad

544 2691 826 2749 Christum
859 2696 1034 2750 solum
1064 2698 1321 2766 pertinet.
1366 2696 1487 2767 Ipse
1510 2700 1654 2752 enim
1674 2698 1887 2769 aperuit
1911 2698 2124 2752 vulvam

548 2782 823 2855 Virginis,
868 2801 990 2841 cum
1038 2787 1159 2843 aliis
1206 2788 1291 2842 vir
1332 2789 1543 2859 aperiat
1589 2788 1820 2844 vulvam.
1853 2788 2123 2845 Caeterum

544 2884 645 2939 par
673 2878 948 2927 turturum
992 2872 1175 2929 olIerri
1212 2873 1376 2944 jussit
1409 2878 1494 2930 lex
1514 2918 1527 2941 ,
1559 2877 1851 2932 ostendens
1885 2879 2025 2947 quod
2056 2892 2125 2933 ex

544 2974 698 3021 casto
717 2965 969 3036 conjugio
994 2979 1317 3037 procreatus
1341 2969 1435 3023 sit.
1463 2968 1659 3023 Dicunt
1686 2970 1830 3024 enim
1858 2980 2122 3025 turturem

543 3070 664 3111 esse
688 3066 898 3112 castum
923 3058 1148 3125 animal,
1203 3074 1433 3130 cumque
1459 3059 1743 3131 coniugem
1770 3063 1990 3127 amittit,
2015 3076 2121 3117 non

541 3150 787 3203 secundo
832 3164 891 3204 se
923 3151 1160 3219 copulet.
1195 3153 1327 3207 Cum
1357 3164 1534 3208 autem
1570 3169 1675 3207 non
1716 3153 1979 3208 haberent
2010 3163 2125 3209 tur-

544 3252 716 3306 tures,
741 3241 1045 3298 offerebant
1068 3248 1203 3300 duos
1237 3244 1411 3317 pullos
1432 3246 1829 3314 columbarum,
1855 3255 1914 3304 ut
1937 3247 2119 3302 multi-
2149 3230 2195 3290 ε

541 3332 763 3400 plicatio
808 3335 979 3405 prolis
1028 3336 1184 3391 ﬁeret
1234 3336 1345 3391 vita
1405 3338 1557 3409 pueri
1605 3336 1783 3394 illius:
1836 3338 2125 3395 fecundum

543 3424 687 3480 cnim
718 3425 919 3480 animal
947 3426 1218 3485 columba.

616 3515 786 3572 Vens.
821 3515 1019 3574 25-32.
1054 3535 1075 3569 ι
1121 3518 1188 3574 Et
1211 3532 1341 3575 ecce
1384 3521 1547 3576 homo
1580 3530 1700 3577 erat
1734 3521 2124 3593 Hierosolymis

543 3608 632 3663 cui
674 3624 869 3664 nomen
916 3608 1164 3677 Simeon,
1209 3621 1263 3667 et
1294 3613 1457 3670 homo
1506 3615 1607 3671 iste
1634 3615 1819 3684 justus
1861 3630 1925 3671 ac
1969 3616 2121 3685 pius,
2148 3602 2160 3613 ’

544 3708 871 3771 exspectans
892 3701 1317 3758 consolationem
1352 3702 1542 3771 Israel,
1570 3715 1621 3761 et
1648 3705 1882 3776 Spiritus
1905 3715 2125 3763 sanctus

543 3800 660 3844 erat
693 3806 856 3862 super
881 3807 1004 3848 eum
1036 3810 1051 3848 :
1085 3802 1140 3848 et
1174 3809 1495 3865 responsum
1539 3808 1824 3866 acceperat
1856 3814 1885 3851 a
1918 3795 2121 3867 Spiritu

543 3890 762 3948 sancto,
795 3898 900 3939 non
932 3884 1176 3940 visurum
1210 3900 1271 3942 se
1305 3895 1558 3955 mortem,
1594 3889 1702 3943 nisi
1738 3889 1887 3958 prius
1917 3889 2123 3944 videret

541 3974 818 4030 Christum
844 3975 1076 4033 Domini.
1103 3977 1168 4033 Et
1186 3980 1335 4033 venit
1360 3994 1457 4048 per
1476 3979 1739 4051 Spiritum
1760 3981 1817 4035 in
1841 3981 2116 4051 templum.

542 4065 609 4119 Et
637 4082 759 4121 cum
792 4066 1113 4125 inducerent
1144 4085 1370 4141 puerum
1396 4069 1580 4127 Jesum
1604 4082 1858 4142 parentes
1887 4083 1946 4129 ut
1973 4072 2121 4130 lace-

544 4168 666 4213 rent
705 4163 1008 4215 secundum
1058 4164 1510 4219 consuetudinem
1571 4164 1705 4236 legis
1736 4181 1834 4236 pro
1881 4181 1968 4233 eo,
2005 4169 2121 4237 ipse

539 4264 757 4319 quoque
807 4251 1019 4318 accepit
1056 4267 1182 4306 cum
1230 4255 1283 4306 in
1332 4252 1487 4310 ulnas
1536 4270 1695 4321 suas,
1750 4266 1804 4310 et
1839 4256 2120 4314 benedixit

538 4339 733 4404 Deum,
766 4352 829 4395 ac
862 4341 999 4395 dixit
1031 4360 1044 4396 :
1092 4340 1245 4397 Nunc
1278 4344 1513 4399 absolvis
1543 4361 1761 4401 servum
1799 4356 1972 4413 tuum,
2011 4348 2119 4404 Do-

538 4429 705 4496 mine,
739 4432 1035 4488 secundum
1065 4435 1286 4490 verbum
1316 4445 1488 4503 tuum,
1521 4439 1572 4492 in
1608 4452 1740 4508 pace
1771 4456 1785 4493 :
1811 4439 1937 4510 quia
1966 4439 2119 4497 vide-

536 4529 665 4574 runt
704 4521 849 4575 oculi
887 4523 991 4579 mei
1038 4524 1276 4581 salutare
1309 4535 1494 4594 tuum,
1544 4529 1687 4597 quod
1739 4529 1942 4599 parasti
1986 4539 2113 4585 ante

537 4609 729 4664 {aciem
754 4613 999 4667 omnium
1027 4614 1345 4684 populorum
1375 4617 1593 4672 :lumen
1636 4620 1703 4673 ad
1728 4619 2114 4675 revelationem

535 4700 798 4769 gentium,
831 4712 886 4758 et
915 4705 1140 4774 gloriam
1188 4706 1361 4776 plebis
1408 4717 1511 4763 tuze
1556 4709 1746 4766 Israel.
1799 4727 1818 4761 ι
1848 4708 1963 4765 Non
1999 4722 2117 4766 erat

533 4793 753 4849 Simeon
781 4798 1057 4863 sacerdos,
1088 4798 1182 4854 sed
1214 4798 1375 4856 homo
1399 4800 1569 4854 Deum
1600 4815 1811 4867 amans,
1840 4811 1893 4856 et
1919 4817 2115 4872 exspe-

531 4896 686 4943 ctans
707 4889 922 4960 quando
951 4892 1133 4945 veniat
1155 4891 1406 4948 Christus
1431 4894 1811 4950 consolaturus
1833 4894 2109 4963 Hebraeos,

531 4986 586 5031 et
614 4978 949 5034 liberaturus
983 4996 1012 5032 a
1041 4981 1306 5035 servitute
1344 4984 1589 5051 peccati,
1636 4983 1779 5038 forte
1809 4992 1865 5039 et
1909 4999 1970 5039 ea
2001 4998 2108 5052 qua

526 5065 794 5124 Romanis
838 5079 892 5126 et
943 5071 1137 5125 Herodi
1191 5073 1528 5127 serviebant.
1572 5072 1708 5128 Nam
1756 5075 1847 5144 qui
1890 5075 2108 5129 Christo

530 5160 737 5225 credit,
769 5160 906 5215 liber
937 5172 1020 5216 est
1050 5178 1273 5230 revera,
1309 5175 1363 5219 et
1396 5165 1699 5220 honoratur
1730 5182 1759 5219 a
1799 5167 2015 5236 regibus
2043 5181 2108 5221 ac

535 5252 845 5308 hominibus
890 5253 1164 5310 Omnibus.
1210 5255 1346 5312 Vide
1388 5258 1700 5328 apOstolos,
1739 5274 1842 5312 non
1889 5258 2110 5312 fuerunt

533 5343 676 5398 servi
708 5343 1118 5401 Romanorum?
1142 5349 1240 5404 sed
1270 5360 1761 5404 nuncwenerantur
1788 5364 1883 5404 eos
1911 5349 2109 5405 Roma-

528 5448 723 5488 norum
771 5451 949 5506 reges.
1005 5439 1196 5510 Itaque
1256 5441 1355 5495 hos
1405 5456 1526 5496 cum
1576 5451 1757 5496 essent
1809 5442 2101 5509 Israelitat,

527 5525 845 5584 consolatus
876 5538 960 5585 est
1001 5530 1274 5588 Christus.
1306 5533 1475 5589 Porro
1504 5533 1593 5590 hic
1625 5533 1844 5590 Simeon
1897 5533 2102 5604 Spiritu

2136 4577 2193 4639 D

2232 1958 2406 2011 ἔσται·
2439 1955 2535 2008 ὲάν
2560 1954 2617 2007 δὲ
2647 1952 2804 2025 Θῆλυ,
2829 1951 2912 2015 δὶς
2938 1950 3097 2004 ἑπτά.
3136 1945 3359 2017 Ἐπειδὴ
3384 1947 3417 2014 ἡ
3441 1945 3527 2017 μὲν
3547 1943 3718 1998 τεκοῦσα

2230 2051 2292 2104 τὸ
2316 2050 2511 2121 ἄρσεν,
2544 2046 2795 2117 δεύτερον
2831 2045 3002 2115 Ἀδὰμ
3027 2046 3107 2106 είς
3136 2041 3232 2094 τὸν
3265 2042 3458 2108 κόσμον
3480 2038 3716 2106 εισήγαγεν·

2232 2145 2263 2212 ἡ
2324 2143 2384 2195 δὲ
2442 2140 2502 2195 τὸ
2549 2138 2717 2209 θῆλυ,
2752 2135 3014 2206 δευτέραν
3048 2132 3196 2189 Εὕαν
3247 2131 3445 2195 ἔτεκεν,
3487 2134 3539 2182 τὸ
3576 2128 3717 2198 σαθρὸν

2233 2234 2451 2297 σκεῦος,
2479 2232 2543 2286 τὸ
2578 2230 2804 2292 ἀσθενὲς
2839 2229 3081 2296 ἀγγεῖον,
3118 2226 3180 2279 τὸ
3219 2221 3631 2293 συντετριμμένον
3651 2237 3716 2273 κε-

2233 2327 2450 2397 ράμιον,
2477 2325 2576 2395 τὴν
2604 2320 2906 2393 βακτηρίαν
2935 2322 3035 2391 τῆς
3064 2319 3309 2387 ἀπάτης,
3339 2316 3433 2385 τὴν
3459 2313 3716 2385 χειραγωγὸν
3818 2324 3819 2395 l

2226 2419 2329 2486 τῆς
2361 2415 2673 2487 παρακοῆς.
2720 2413 2826 2469 Τοῦ
2858 2413 2914 2466 δὲ
2949 2412 3115 2479 νόμου
3147 2409 3419 2479 λέγοντος⁶
3462 2408 3561 2461 Πᾶν
3594 2407 3637 2458 τδ
3665 2406 3716 2459 δι’

2228 2514 2446 2581 ανοῖγον
2473 2512 2707 2582 μήτραν,
2736 2509 2891 2577 ἆγιον
2914 2506 2992 2578 τῷ
3019 2505 3247 2578 Κυρίῳ,
3275 2506 3351 2567 είς
3380 2501 3585 2572 Χριστὸν
3606 2501 3714 2572 μόνον

2229 2604 2434 2673 κυρίως
2465 2601 2625 2674 ἐξέϐη
2650 2601 2835 2655 τοῦτο·
2869 2600 3031 2663 αὐτὸς
3054 2598 3168 2668 γὰρ
3193 2595 3423 2668 διήνοιξε
3451 2594 3537 2665 τὴν
3565 2593 3715 2662 μήτραν
3818 2616 3819 2669 ἦ

2225 2695 2325 2763 τῆς
2356 2693 2660 2761 Παρθένου,
2688 2690 2813 2745 ἐπεὶ⁴
2841 2693 2962 2753 ταῖς
2991 2706 3054 2758 γε
3075 2688 3268 2749 ἄλλαις
3294 2683 3712 2769 μητράσιν,ὁάνὴρ

2226 2785 2488 2856 διανοίγει
2536 2785 2636 2856 τὴν
2679 2784 2915 2855 μήτραν.
2969 2781 3169 2850 Ζεῦγος
3217 2770 3275 2833 δὲ
3305 2778 3556 2851 τρυγόνων
3596 2788 3713 2844 προσ·

2226 2881 2419 2951 φέρειν
2449 2877 2730 2930 ἐκέλευσεν
2753 2878 2782 2929 ὀ
2800 2879 2965 2945 νόμος
2980 2914 2994 2935 ,
3013 2871 3278 2926 δεικνύων
3302 2871 3383 2925 ὅτι
3399 2868 3497 2923 ἀπὸ
3512 2869 3713 2935 σώφρονες

2228 2970 2489 3039 συζυγίας
2515 2970 2549 3037 ἠ
2580 2966 2923 3021 παιδοποιία⁸
2954 2964 3088 3033 φασὶ
3116 2964 3233 3032 γὰρ
3256 2960 3356 3033 τὴν
3382 2958 3610 3031 τρυγόνα,
3640 2956 3713 3008 UE)-

2226 3080 2263 3133 φ
2270 3080 2361 3134 ρον
2382 3056 2521 3116 εἶναι
2548 3058 2687 3125 ζῶον
2705 3097 2722 3123 ,
2749 3058 2891 3111 ὥστε
2914 3056 3009 3109 καὶ
3028 3052 3409 3107 ἀποϐαλοῦσαν
3429 3050 3512 3105 τὸν
3532 3048 3713 3116 σύζυγον,

2229 3154 2304 3226 μὴ
2338 3153 2795 3223 δευτερογαμεϊν·
2832 3150 2885 3203 εί
2911 3148 2969 3201 δὲ
3008 3149 3084 3217 μὴ
3113 3142 3266 3218 εἶχον
3296 3147 3570 3218 τρυγόνας,
3597 3157 3713 3213 προσ·

2228 3248 2424 3318 ἔφερον
2451 3244 2544 3299 δύο
2578 3242 2831 3304 νεοσσοὺς
2856 3240 3216 3311 περιστερῶν,
3253 3240 3340 3293 ἴνα
3372 3239 3459 3291 ἐπὶ
3498 3234 3715 3301 animoan

2227 3337 2507 3411 γένηταιὴ
2538 3336 2652 3406 ζωὴ
2685 3334 2779 3389 τοῦ
2802 3333 2992 3396 παιδὸς
3024 3332 3274 3386 ἐκείνου·
3311 3332 3344 3401 ή
3369 3330 3469 3402 γάρ
3496 3325 3715 3399 περιστερὰ

2228 3431 2522 3486 πολύτοκον
2546 3429 2706 3493 ζῶον.
3191 3426 3217 3440 ”

2300 3543 2321 3577 ι
2353 3524 2464 3577 Καὶ
2493 3522 2603 3576 ἰδοὺ
2624 3515 2694 3591 ἦν
2721 3518 3008 3590 ἄνθρωπος
3036 3519 3095 3572 ἐν
3133 3515 3485 3588 Ἰερουσαλὴμ
3502 3556 3515 3579 ,
3539 3506 3576 3580 ᾧ
3597 3511 3716 3579 ὄνομα

2227 3613 2480 3686 Συμεών·
2507 3613 2602 3667 καὶ
2625 3613 2655 3665 ὁ
2674 3610 2961 3681 ἄνθρωπος
2981 3600 3394 3676 οὗτος,“δίκαιος
3420 3606 3507 3661 καὶ
3530 3601 3714 3670 εὐλαϐὴς,

2226 3705 2656 3777 προσδεχόμενος
2681 3701 3029 3773 παράκλησιν
3057 3700 3171 3753 τοῦ
3188 3699 3424 3774 Ἰσραήλ·
3453 3697 3539 3752 καὶ
3556 3692 3717 3762 Πνεῦμι

2226 3800 2379 3868 ἆγιον
2408 3793 2475 3869 ἦν
2508 3796 2595 3850 ἐπ’
2643 3795 2829 3859 αὐτὸν,
2880 3794 2975 3847 καὶ
3006 3788 3077 3865 ἦν
3110 3793 3262 3863 αὐτῷ
3290 3785 3716 3864 κεχρηματισμένον

2224 3891 2329 3944 ὑπὸ
2376 3888 2471 3943 τοῦ
2526 3887 2847 3958 Πνεύματος
2885 3885 2982 3939 τοῦ
3021 3886 3217 3953 ἁγίου,
3266 3885 3342 3955 μὴ
3390 3884 3510 3937 ἰδεῖν
3549 3879 3717 3933 Odm»

2223 3982 2353 4052 πρὶν
2398 3979 2432 4049 ἢ
2474 3978 2562 4051 ῐδῃ
2589 3979 2685 4032 τὸν
2726 3976 2964 4047 Χριστὸν
2997 3976 3204 4046 Κυρίου
3227 3992 3241 4006 ·
3281 3975 3376 4027 καὶ
3407 3970 3554 4045 ἦλθεν
3591 3971 3638 4020 ὲν
3665 3963 3717 4033 τῷ

2221 4072 2502 4143 Πνεύματι
2536 4072 2616 4134 είς
2646 4071 2707 4123 τὸ
2747 4068 2925 4141 ἱερόν·
2968 4068 3063 4121 καὶ
3107 4068 3166 4121 ιν
3208 4066 3291 4138 τῷ
3328 4063 3610 4133 εἰσαγαγεῖν
3630 4055 3717 4116 τοὺς

2220 4167 2399 4234 γονεῖς
2422 4163 2483 4217 τὸ
2510 4161 2724 4216 παιδίον
2766 4159 2975 4232 Ἰησοῦν
2994 4199 3010 4226 ,
3049 4159 3144 4213 τοῦ
3178 4161 3405 4230 ποιῆσαι
3430 4155 3602 4214 αὐτοὺς
3618 4147 3718 4203 κατά

2218 4256 2280 4310 τὸ
2297 4253 2608 4324 εἰθισμένον
2626 4251 2722 4306 τοῦ
2745 4252 2911 4320 νόμου
2932 4251 3062 4321 περὶ
3078 4249 3267 4316 αὐτοῦ,
3288 4249 3383 4302 καὶ
3397 4246 3545 4308 αὐτὸς
3560 4240 3717 4305 ἐδέξατο

2220 4346 2350 4402 αὐτὸ
2372 4347 2454 4409 είς
2484 4344 2583 4408 τάς
2605 4343 2849 4411 ἀγκάλας
2877 4341 3042 4396 αὑτοῦ
3059 4356 3077 4372 ·
3109 4340 3206 4395 καὶ
3237 4340 3492 4409 εὐλόγησε
3514 4336 3591 4389 τὸν
3606 4331 3714 4393 Θεὸν,

2222 4439 2317 4491 καὶ
2347 4432 2505 4490 εἷπε·
2543 4435 2658 4488 Νῦν
2694 4434 2954 4499 ἀπολύεις
2993 4434 3084 4488 τὸν
3127 4432 3315 4487 δοῦλόν
3354 4448 3462 4493 σου,
3499 4427 3715 4483 Δέσποτα,

2219 4528 2363 4582 κατὰ
2389 4530 2448 4582 τὸ
2478 4527 2630 4600 ῥῆμά
2656 4544 2777 4590 σου,
2824 4527 2883 4579 ὲν
2911 4527 3102 4597 εἰρήνῃ
3121 4541 3137 4556 ο
3168 4525 3250 4579 ὅτι
3277 4519 3417 4578 εἶδον
3442 4521 3488 4575 οί
3514 4509 3716 4586 ὀφθαλμοί

2220 4639 2321 4691 μου
2353 4620 2414 4673 τὸ
2454 4619 2721 4690 σωτήριόν
2753 4634 2845 4671 σου
2872 4657 2887 4682 ,
2914 4617 2943 4670 ὂ
2990 4618 3294 4688 ἡτοίμασας
3324 4614 3459 4668 κατά
3490 4610 3715 4681 πρόσωπα*

2219 4712 2436 4765 πάντων
2472 4712 2584 4765 τῶν
2614 4709 2790 4763 λαῶν·
2829 4710 2945 4779 φῶς
2981 4709 3059 4771 είς
3089 4706 3434 4776 ἀποκάλυψιν
3455 4701 3626 4761 ἐθνῶν,
3649 4691 3715 4746 καὶ

2219 4804 2381 4870 δόξαν
2410 4803 2541 4858 λαοῦ
2576 4819 2671 4855 σου
2715 4801 2953 4873 Ἰσραήλ.
2988 4819 3007 4852 ι
3045 4801 3158 4854 Ούκ
3179 4795 3249 4870 ἦν
3280 4798 3453 4869 ἱερεὺς
3477 4797 3503 4848 ὁ
3525 4785 3714 4860 Συμεὼν

2213 4894 2329 4947 ἀλλ’
2358 4892 2645 4963 ἄνθρωπος
2667 4891 2943 4963 θεοφιλὴς,
2965 4890 3062 4944 καὶ
3086 4890 3505 4963 προσδεχόμενος
3522 4885 3592 4937 δτι
3608 4875 3716 4933 ἕλεῶ

2216 5001 2368 5037 σεται
2396 4985 2424 5038 ὁ
2458 4983 2716 5054 Χριστὸς,
2748 4981 3285 5053 παραμυθησόμενος
3311 4980 3432 5040 τοὺς
3469 4969 3710 5041 Ἐσραίουίι

2216 5078 2311 5129 καὶ
2352 5075 2644 5129 ἀπολύσων
2670 5075 2768 5145 τῆς
2800 5074 3045 5136 δουλείας
3078 5072 3177 5143 τῆς
3208 5071 3313 5125 ὑπὸ
3342 5070 3436 5139 τὴν
3476 5059 3709 5136 ἁμαρτίαν,

2212 5169 2352 5239 τάχα
2385 5168 2441 5219 δὲ
2473 5167 2566 5221 καὶ
2595 5169 2695 5236 τῆς
2725 5166 2830 5219 ὑπὸ
2859 5167 2986 5229 τοὺς
3031 5164 3331 5233 Ῥωμαίους
3355 5158 3550 5214 καὶτὸν
3580 5147 3711 5219 Ἥρώ·

2213 5261 2311 5329 δην
2330 5275 2345 5291 ·
2378 5261 2405 5311 ὁ
2428 5259 2534 5328 γάρ
2565 5257 2644 5327 τῷ
2665 5256 2888 5327 Χριστῷ
2921 5254 3236 5319 πιστεύσας,
3263 5252 3527 5321 ἐλεύθερος
3551 5241 3709 5314 τῷδντι

2214 5352 2385 5413 ἐστὶν,
2421 5350 2526 5402 ὑπὸ
2551 5348 2816 5419 βασιλέων
2847 5348 2940 5401 καὶ
2973 5347 3191 5401 πάντων
3222 5346 3327 5399 τῶν
3364 5340 3629 5412 ἀνθρώπων
3650 5347 3708 5382 τι·

2216 5442 2485 5512 μώμενος.
2516 5442 2621 5497 Ἴδε
2635 5442 2760 5504 τοὺς
2792 5441 3144 5503 ἀποστόλους·
3174 5439 3275 5491 οὐκ
3300 5433 3436 5508 ἦσαν
3461 5430 3611 5486 δοῦλοι
3630 5419 3708 5530 αξη

2221 5538 2509 5607 Ῥωμαίων
2536 5553 2552 5570 ο
2578 5536 2716 5590 ἀλλά
2760 5535 2857 5588 νῦν
2893 5534 3094 5605 τιμῶσι
3122 5534 3214 5586 καὶ
3254 5524 3614 5602 προσκυνοῦσιν
3634 5524 3705 5607 ati-

526 5631 720 5677 sancto
759 5632 942 5680 motus
978 5626 1221 5683 ascendit
1254 5628 1305 5681 in
1341 5629 1597 5697 templum
1629 5629 1845 5697 quando
1879 5628 2103 5684 adduxit

2225 5605 2345 5692 τοὺς
2367 5630 2417 5681 nl
2468 5627 2757 5697 Ῥωμαίων
2790 5626 3061 5696 βασιλεῖς·
3099 5624 3208 5677 ίδοὺ
3237 5618 3329 5676 οὖν
3354 5618 3545 5677 τούτοις
3572 5605 3705 5720 πῗρά⁴

531 5714 812 5770 Dominum
852 5717 1045 5785 Mater,
1078 5729 1132 5773 et
1160 5730 1412 5790 suscepto
1455 5720 1578 5787 illo,
1624 5721 1789 5777 Deum
1822 5723 2102 5779 confessus

2225 5722 2402 5792 τλησις
2434 5721 2659 5789 γέγονεν
2693 5722 2719 5773 ὁ
2744 5719 2999 5791 Χριστὸς,
3043 5715 3396 5789 Ἰσραηλίταις
3421 5706 3704 5764 οὗσιν·οὗτος

602 5893 646 5925 ³³
673 5895 846 5952 Levit.
882 5914 983 5957 χιι.
1012 5898 1064 5958 5,
1103 5898 1161 5951 4.
