3896 6452
171 480 280 544 ἾΞΕ)

884 430 1327 536 manante
1369 470 1449 532 1N
1480 432 1982 531 EVANGELIUM
2021 467 2254 529 ωερε.
2287 491 2356 503 —-
2387 466 2548 528 CAP.
2590 463 2677 525 II.

3329 460 3438 525 733

175 590 272 646 οὖν
300 590 330 643 ό
357 587 618 660 Συμεὼν,
662 585 943 656 Πνεύματι
973 585 1114 656 ἁγίῳ
1149 583 1490 655 κινούμενος,
1537 579 1770 648 ἀνῆλθεν

1888 590 1976 637 est.
2002 579 2193 635 Dicere
2215 580 2381 651 289
2396 581 2566 646 enim,
2599 579 2752 635 Nunc
2765 577 2997 635 absolvis
3022 589 3238 635 servum
3261 581 3435 634 tuum.

177 682 258 744 είς
285 679 349 733 τὸ
384 677 563 749 ἱερὸν,
596 677 685 730 ὅτε
715 677 958 747 ἀνήγαγε
991 676 1084 730 τὸν
1123 677 1329 747 Κύριον
1362 675 1394 743 ή
1433 674 1636 744 μήτηρο
1672 671 1768 727 καὶ

180 771 491 840 δεξάμενος
526 768 708 832 αὐτὸν,
744 768 877 822 Θεὸν
905 768 1179 840 ὁμολογεῖ·
1213 768 1275 822 τὸ
1321 769 1431 839 γὰρ
1466 767 1640 820 είπεῖν
1673 762 1768 818 νῦν

179 858 446 922 ἀπολύεις
479 876 570 930 με,
603 857 868 924 Δέσποτα,
898 858 1288 929 ὁμολογοῦντός
1332 859 1503 920 ἐστιν,
1533 858 1614 911 ὅτι
1653 854 1769 911 Κύ-

183 968 297 1022 ριος
328 950 507 1014 αὑτός
548 953 665 1003 ἔστι
702 948 850 1018 ζωῆς
879 949 974 1003 καὶ
1007 948 1261 1003 θανάτου.
1303 948 1448 1018 Ὅρα
1480 946 1538 1001 δὲ
1570 946 1685 1009 πῶς
1717 948 1768 1000 οἱ

180 1042 329 1110 ἅγιοι
350 1083 368 1108 ,
414 1040 622 1111 δεσμὸν
654 1041 963 1109 λογίζονται
991 1040 1052 1096 τὸ
1088 1038 1246 1109 σῶμα
1267 1054 1282 1068 ο
1332 1038 1412 1092 διὸ
1454 1037 1552 1091 καὶ
1580 1036 1730 1106 λέγει
1750 1052 1765 1066 ·

179 1137 294 1191 Νῦν
327 1135 618 1202 ἀπολύεις,
654 1136 730 1201 ὡς
760 1136 866 1190 ἀπὸ
895 1136 1119 1206 δεσμοῦ·
1154 1134 1299 1189 κατά
1322 1133 1385 1188 τὸ
1415 1133 1567 1205 ῥῆμά
1597 1149 1690 1185 σου
1712 1130 1771 1187 δὲ

179 1224 322 1290 εἶπε,
351 1228 447 1281 διὰ
471 1229 565 1280 τὸν
591 1227 840 1298 χρησμδν
871 1225 930 1280 ὃν
963 1226 1178 1291 ἔλαϐεν,
1214 1227 1297 1279 ὅτι
1323 1224 1385 1278 οὐ
1417 1224 1492 1295 μὴ
1522 1221 1770 1295 ἀποθάνῃ

180 1321 283 1383 ἕως
317 1313 383 1374 οὗ
410 1319 503 1391 ῖδῃ
534 1318 627 1374 τὸν
639 1319 874 1391 Χριστόν
895 1335 909 1349 ·
936 1319 998 1372 τὸ
1022 1318 1102 1385 δὲ,
1136 1319 1207 1372 ἐν
1238 1315 1473 1386 εἰρήνῃ,
1502 1315 1623 1370 ἀντὶ
1650 1314 1768 1381 τοῦ,

180 1414 240 1465 ὲν
267 1410 589 1465 ἀναπαύσει
608 1428 621 1442 °
654 1409 762 1475 ἕως
796 1410 896 1479 μὲν
923 1410 1035 1482 γὰρ
1066 1411 1132 1482 ζῇ
1163 1412 1192 1464 0
1217 1409 1523 1481 ἄνθρωπος,
1566 1407 1771 1479 ταράτο

184 1521 357 1568 τεται,
387 1502 542 1557 καθά
566 1502 662 1557 καὶ
690 1500 855 1556 Δαυῒδ
876 1501 1044 1571 λέγει’
1074 1499 1362 1556 ἀποθανὼν
1377 1499 1453 1566 δὲ,
1475 1496 1767 1571 εἰρηνεύειο

186 1597 277 1649 καὶ
306 1595 494 1659 ἄλλως
523 1595 582 1649 δὲ
606 1594 667 1649 τὸ
695 1595 753 1648 ἐν
783 1594 980 1667 εἰρήνῃ
1011 1595 1247 1663 νοήσεις,
1284 1592 1583 1657 τουτέστιν,
1614 1591 1672 1645 ὲν
1702 1593 1770 1663 τῇ

184 1694 282 1757 τῆς
306 1687 532 1751 ἐλπίδος
559 1686 845 1756 ἀπολήψει.
882 1688 1020 1757 Πρὶν
1050 1686 1147 1756 μὲν
1173 1684 1283 1755 γὰρ
1310 1684 1426 1750 ἴδω,
1471 1683 1607 1753 φησὶ
1633 1723 1649 1748 ,
1678 1681 1774 1737 τὸν

187 1778 415 1849 Κύριον,
460 1779 567 1831 οὐκ
609 1777 891 1849 είρήνευον
930 1778 1042 1839 τοῖς
1081 1776 1408 1846 λογισμοῖς,
1457 1772 1774 1844 προσδοκῶν

190 1868 349 1923 αὺτὸν
393 1870 494 1923 καλ⁸
541 1869 629 1922 ἀεὶ
675 1868 978 1939 φροντίζων
1015 1868 1146 1923 πότε
1193 1866 1510 1921 ἐλεύσεταισ
1545 1865 1644 1921 νῦν
1691 1864 1771 1929 δὲ,

192 1959 315 2013 ίδὼν
363 1958 536 2012 αὑτὸν
572 1958 668 2013 καὶ
717 1957 1043 2030 εἰρηνεύσας
1088 1958 1185 2010 καὶ
1234 1955 1658 2028 ἀποφροντίσας,
1705 1952 1773 2006 ἵν’

192 2048 361 2112 οὕτως
389 2048 557 2113 εῖπω,
590 2048 919 2118 ἀπολύομαι·
956 2048 1221 2118 σωτήριον
1251 2047 1307 2100 δὲ
1332 2042 1478 2109 εἷπε,
1510 2045 1611 2115 τὴν
1643 2044 1776 2115 σάρ-

195 2156 361 2195 κωσιν
407 2139 509 2193 τοῦ
559 2139 918 2208 Μονογενοῦς,
947 2139 1015 2211 ἢν
1062 2140 1362 2209 ἡτοίμασεν
1407 2137 1437 2190 0
1486 2136 1621 2201 θεὸς
1668 2134 1777 2205 πρὸ

196 2231 412 2285 πάντων
444 2231 563 2285 τῶν
589 2229 822 2286 αίώνων·
848 2230 988 2285 κατά
1017 2232 1309 2302 πρόσωπον
1341 2230 1398 2284 δὲ
1426 2230 1642 2284 πάντων
1666 2228 1776 2283 τῶν

195 2324 340 2379 λαῶν
367 2324 584 2395 ταύτην
604 2325 706 2394 τὴν
736 2324 1011 2393 σωτηρίαν
1040 2325 1359 2395 ἡτοίμασεν·
1385 2324 1475 2378 ῖνα
1497 2324 1607 2396 γὰρ
1628 2323 1776 2395 σώσῃ

197 2418 287 2472 τὸν
312 2417 555 2485 κόσμον,
589 2416 686 2470 καὶ
716 2416 802 2468 ἵνα
830 2417 997 2469 πᾶσιν
1025 2414 1338 2485 ἑμφανισθῇ
1367 2415 1400 2484 ἡ
1442 2412 1608 2467 αὐτοῦ
1644 2412 1781 2482 σάρ-

203 2526 399 2574 κωσις,
445 2491 641 2562 τούτοιῖ
686 2506 873 2561 ἕνεκεν
920 2504 1229 2577 ἐσαρκὼθη.
1298 2504 1374 2557 T0
1416 2503 1475 2558 δὲ
1514 2505 1780 2574 σωτήριον

204 2602 352 2656 τοῦτο
395 2600 521 2670 φῶς
566 2601 713 2654 ἐστιν
759 2601 841 2663 εἰς
870 2596 1215 2667 ἀποκάλυψιν
1245 2596 1436 2662 ἐθνῶν,
1466 2597 1776 2661 τουτέστιν,

206 2693 282 2756 είς
322 2692 613 2764 φωτισμὸν
654 2691 761 2745 τῶν
806 2692 1208 2759 ὲσκοτισμένων
1255 2689 1445 2756 ἐθνῶν,
1492 2690 1585 2743 καὶ
1622 2688 1780 2756 δόξαν

206 2786 307 2840 τῶν
364 2785 748 2856 Ἰσραηλιτῶν·
793 2784 922 2849 δόξα
951 2785 1060 2856 γάρ
1094 2785 1123 2838 0
1155 2781 1393 2854 Χριστὸς
1437 2781 1532 2835 τοῦ
1565 2779 1783 2852 ἀληθῶς

205 2877 329 2933 λαοῦ
362 2879 459 2932 τοῦ
512 2878 753 2950 Ἰσραὴλ,
786 2877 922 2932 καθὸ
965 2878 1024 2945 ὲξ
1057 2877 1238 2932 αὐτῶν
1284 2875 1650 2931 ἀνατέταλκεο
1686 2874 1783 2929 καὶ

206 2967 710 3038 ἱγκαλλωπίζονται
735 2968 912 3040 τούτῳ
935 2969 986 3022 οἱ
1011 2968 1181 3031 δντως
1205 2966 1566 3036 εὐγνώμονες.
1596 2965 1783 3020 Ταῦτα

207 3058 235 3110 0
257 3056 501 3128 Συμεών.
544 3059 702 3111 Δοκεῖ
726 3057 784 3110 δέ
826 3074 918 3128 μοι
958 3056 1052 3111 καὶ
1077 3056 1146 3110 τὰ
1171 3056 1265 3109 τοῦ
1296 3055 1455 3110 Δαυῖδ
1489 3056 1581 3109 ἐπὶ
1609 3054 1784 3126 τούτῳ

216 3149 473 3222 ἁρμόζειν
500 3151 577 3220 τῷ
602 3152 673 3203 Συ
681 3149 868 3221 μεῶνιο
893 3150 1250 3221 Μακρότητος
1271 3148 1496 3220 ἡμερῶν
1518 3147 1784 3221 ἐμπλήσω

214 3241 385 3308 αὐτὸν,
413 3243 517 3296 καὶ
539 3241 697 3308 δείξω
732 3240 880 3312 αύτῷ
902 3241 962 3293 τὸ
997 3240 1265 3311 σωτήριόν
1294 3255 1421 3307 μου.

285 3350 303 3384 ι
333 3334 443 3387 Καὶ
465 3329 540 3402 ἧν
578 3331 776 3404 Ἰωσὴφ
802 3332 952 3403 καὶή
983 3332 1162 3403 μήτηρ
1189 3329 1375 3397 αὑτοῦ,
1407 3329 1782 3399 θαυμάζοντες

216 3424 305 3478 ἐπὶ
354 3427 473 3489 τοῖς
524 3424 883 3495 λαλουμένοις
936 3425 1067 3496 περὶ
1115 3422 1303 3478 αὐτοῦ’
1353 3423 1452 3477 καὶ¹
1491 3422 1783 3494 εὐλόγησεν

217 3515 402 3581 αὐτοὺς
431 3516 688 3584 Συμεὼν,
726 3518 822 3571 καὶ
859 3513 980 3570 εἷπε
1008 3517 1145 3587 πρὸς
1174 3516 1410 3588 Μαριὰμ
1443 3515 1541 3584 τὴν
1573 3516 1785 3586 μητέρα

218 3605 393 3662 αὐτοῦ’
424 3609 568 3663 Ἰδοὺ
597 3603 771 3691 οὗτος,
790 3611 971 3688 ¹κεῖται
993 3610 1072 3672 είς
1117 3608 1322 3662 πτῶσιν
1352 3608 1447 3662 καὶ
1487 3608 1786 3663 ἀνάστασιν

220 3698 415 3755 πολλῶν
436 3703 503 3755 ὲν
522 3699 602 3770 τῷ
622 3699 862 3773 Ἰσραὴλ,
888 3702 983 3755 καὶ
1002 3701 1081 3765 εἰς
1107 3703 1331 3772 σημεῖον
1351 3700 1783 3770 ἀντιλεγόμενονο

223 3792 308 3845 καὶ
332 3794 423 3847 σοῦ
472 3793 531 3847 δὲ
574 3794 743 3864 αὐτῆς
788 3794 887 3865 τὴν
911 3793 1092 3864 ψυχὴν
1122 3793 1455 3848 διελεύσεται
1508 3792 1785 3865 ῥομφαία,

222 3883 360 3948 ὅπως
388 3886 458 3939 ἂν
492 3886 952 3955 ἀποκαλυφθῶσιν
980 3888 1046 3939 ὲκ
1078 3886 1288 3940 πολλῶν
1323 3885 1564 3955 καρδιῶν
1608 3884 1789 3939 διαλο-

225 3979 423 4046 γισμοί.
472 3995 492 4028 ι
528 3976 805 4049 Εὐλόγησε
838 3977 937 4047 μὲν
982 3978 1331 4049 ἀμφοτέρους
1361 3981 1389 4031 0
1421 3978 1666 4047 Συμεών
1697 3976 1790 4030 τὸν

226 4064 278 4116 δὲ
307 4068 663 4137 νομιζόμενον
692 4069 907 4138 πατέρα
934 4068 1115 4137 ἀφεὶς,
1149 4070 1284 4139 πρὸς
1314 4067 1412 4138 τὴν
1445 4066 1661 4138 ἀληθῶς
1688 4086 1794 4139 μη-

227 4158 349 4228 τέρα
375 4159 700 4231 ἐφθέγγετο·
733 4161 886 4228 Ἰδοὺ,
913 4163 1098 4233 φησὶν,
1131 4154 1287 4227 οὗτος
1319 4165 1496 4216 κεῖται
1532 4165 1612 4227 εἱς
1640 4161 1793 4216 πτῶ-

229 4262 305 4301 σιν
343 4254 435 4304 καὶ
484 4251 782 4306 ἀνάστασιν
823 4251 1033 4307 πολλῶν
1080 4254 1138 4306 ὲν
1170 4252 1249 4324 τῷ
1303 4252 1541 4325 Ἰσραήλ’
1588 4253 1793 4309 πτῶσιν

231 4341 341 4410 μὲν,
376 4346 491 4400 τῶν
528 4347 603 4418 μὴ
632 4347 996 4401 πιστευόντων
1021 4364 1036 4379 υ
1096 4349 1394 4403 ἀνάστασιν
1423 4349 1502 4412 δὲ,
1548 4349 1655 4403 τῶν
1700 4368 1793 4403 πι-

233 4437 541 4491 στευόντων
571 4437 604 4507 ἢ
629 4437 725 4490 καὶ
746 4437 941 4503 ἄλλως,
971 4439 1050 4502 εἰς
1077 4438 1282 4493 πτῶσιν
1313 4442 1491 4495 κεῖται
1518 4441 1546 4494 0
1568 4439 1791 4512 Κύριος,

230 4523 329 4580 τῶν
355 4528 410 4581 ὲν
443 4531 562 4591 ταῖς
590 4527 788 4599 ψυχαῖς
830 4529 988 4600 ἡμῶν
1033 4531 1219 4586 κακῶν
1250 4549 1265 4562 ·
1300 4534 1380 4596 είς
1412 4535 1710 4587 ἀνάστασιν
1735 4533 1793 4600 δὲ

234 4616 332 4669 τῶν
357 4619 605 4689 ἀγαθῶν.
642 4598 1116 4691 Πίπτειίπορνεία,
1142 4622 1423 4678 ἀνίσταται
1445 4598 1791 4694 σωφροσύνη’

234 4711 320 4762 καὶ
345 4710 522 4774 ἄλλως
545 4710 603 4763 δὲ
624 4711 847 4764 δύναται
873 4711 1155 4781 νοηθῆναι*
1184 4715 1358 4766 κεῖται
1382 4713 1492 4785 γὰρ
1514 4717 1541 4767 ὁ
1562 4713 1798 4787 Χριστὸς

235 4800 552 4868 είς¹πτῶσιν,
576 4802 699 4855 ἀντὶ
728 4802 823 4855 τοῦ
838 4801 1038 4855 Μέλλει
1063 4803 1255 4856 παθεῖν
1282 4803 1465 4869 αὐτὸς,
1495 4805 1591 4861 καὶ
1612 4805 1799 4857 πεσεῖν

192 4914 203 4925 κ
236 4894 308 4955 είς
327 4894 576 4961 θάνατον,
607 4897 703 4951 καὶ
736 4888 1035 4969 ἀναστῆναι
1073 4897 1339 4968 μέλλουσι.
1364 4896 1567 4962 πολλοὶ,
1604 4897 1801 4950 πεσόν-

238 4997 320 5046 τος
343 4986 530 5043 αὐτοῦ.
576 4988 761 5054 Στίξον
792 4988 883 5043 οὖν
909 4991 967 5042 ἐν
984 4988 1084 5060 τῷ,
1111 4991 1191 5051 είς
1211 4988 1441 5040 πτῶσινο
1471 4983 1589 5042 εἶτα
1616 4989 1800 5059 ἄρξαι,

240 5077 328 5129 καὶ
360 5078 652 5133 ἀνάστασιν
699 5079 909 5134 πολλῶν
944 5094 960 5109 ·
987 5083 1214 5151 σημεῖον
1254 5080 1331 5146 δὲ,
1378 5083 1406 5134 ὁ
1439 5080 1691 5152 σταυρὸς,
1741 5079 1800 5144 0;

248 5166 397 5239 μέχρι
415 5170 510 5225 τοῦ
540 5171 635 5226 νῦν
655 5171 1013 5243 ἀντιλέγεται,
1042 5174 1319 5228 τουτέστιν
1340 5175 1400 5226 ού
1425 5172 1796 5245 παραδέχεται

248 5260 387 5327 παρὰ
415 5261 523 5315 τῶν
554 5263 830 5318 ἀπίστων.
866 5265 1102 5332 Λέγεται
1131 5264 1187 5317 δὲ
1220 5267 1444 5334 σημεῖον
1481 5264 1573 5317 καὶ
1604 5266 1638 5335 ἡ
1670 5264 1803 5336 σάρ-

246 5362 402 5416 κωσις
428 5353 522 5407 τοῦ
558 5355 783 5426 Κυρίου·
822 5357 916 5411 καὶ
946 5356 1097 5423 ξένον
1123 5359 1369 5427 σημεῖον.
1406 5356 1537 5419 Θεὸς
1566 5356 1676 5429 γὰρ
1706 5356 1803 5411 ἄν·

244 5436 451 5509 θρωπος
474 5448 687 5516 γέγονε·
718 5450 813 5502 καὶ
842 5449 1133 5520 παρθένος,
1166 5451 1371 5522 μήτηρ·
1408 5452 1469 5503 τὺ
1495 5450 1551 5503 δὲ
1580 5452 1804 5520 σημεῖον

247 5530 416 5600 τοῦτο,
447 5537 481 5606 ἡ
526 5538 801 5610 σάρκωσις
831 5539 975 5607 λέγω
1005 5539 1098 5594 τοῦ
1136 5540 1399 5611 Χριστοῦ,
1436 5541 1798 5609 ἀντιλέγεται·

251 5620 297 5672 οἱ
329 5626 420 5693 μὲν
451 5630 579 5702 γὰρ,
605 5632 664 5698 ἐξ
706 5632 938 5702 οὐρανοῦ
967 5633 1027 5686 τὸ
1061 5634 1224 5704 σῶμά
1255 5651 1446 5703 φασιν·
1475 5635 1524 5687 οἱ
1549 5632 1631 5697 δὲ,
1666 5633 1807 5686 κατὰ

254 5723 552 5782 φαντασίαν
571 5726 619 5777 οί
637 5725 712 5789 δὲ,
733 5725 861 5779 ἄλλο
879 5743 929 5779 τι
948 5726 1268 5797 φλυαροῦσι.
1293 5728 1402 5780 Καὶ
1424 5724 1518 5781 σοῦ
1542 5727 1597 5781 δὲ
1617 5725 1805 5795 αὐτῆς,

324 5896 363 5927 ¹⁹
390 5899 524 5957 Psal.
575 5920 793 5970 ωιιιικ,
830 5904 883 5967 7,
959 5907 1003 5937 ’°
1038 5905 1175 5961 Psal.
1224 5919 1311 5964 xc.
1355 5904 1416 5957 l6

1807 3249 1857 3312 ε

1824 4594 1872 4650 D

1873 670 2117 733 Domine,
2143 670 2451 725 confitentis
2478 680 2599 735 εει,
2628 669 2770 740 quod
2797 668 2912 738 ipse
2933 667 3015 733 sit,
3040 666 3300 722 Dominus
3316 664 3440 719 vitae

1871 776 1933 815 ac
1961 761 2171 816 mortis.
2211 758 2342 815 Vide
2377 770 2557 815 autem
2590 761 2861 830 quomodo
2886 758 3058 814 sancti
3093 773 3192 828 pro
3223 755 3442 813 vinculo

1870 868 2069 921 corpus
2110 853 2331 907 habent.
2362 851 2570 907 Idcirco
2597 852 2725 908 dicit
2757 869 2773 909 :
2799 850 2956 907 Nunc
2985 849 3254 914 absolvis,
3282 845 3440 917 quasi

1871 958 1900 999 a
1929 943 2146 999 vinculo
2185 962 2198 999 :
2229 942 2526 1000 secundum
2569 941 2799 997 verbum
2848 952 2999 995 tuum
3019 979 3035 1006 ,
3068 946 3287 1010 prapter
3314 952 3442 992 ora-

1870 1037 2051 1093 culum
2086 1036 2228 1107 quod
2261 1044 2547 1106 acceperat
2588 1037 2730 1105 quod
2778 1049 2885 1089 non
2929 1040 3074 1088 esset
3110 1031 3441 1091 moriturus,

1871 1130 2043 1187 donec
2079 1130 2288 1186 videret
2325 1128 2626 1184 Christum.
2657 1126 2717 1182 In
2752 1139 2885 1196 pace
2923 1132 3141 1189 autem,
3184 1121 3288 1179 hoc
3324 1130 3442 1186 est,

1871 1224 2082 1294 quiete,
2113 1238 2239 1278 nam
2263 1222 2425 1277 homo
2453 1219 2630 1291 quoad
2659 1219 2792 1273 vivit
2820 1219 3073 1272 turbatur
3104 1214 3146 1247 "
3168 1254 3183 1279 ,
3219 1214 3364 1269 sicut
3391 1221 3447 1266 et

1873 1314 2043 1369 David
2073 1313 2206 1369 dicit
2231 1331 2246 1368 :
2275 1320 2523 1367 mortuus
2551 1324 2681 1366 vero
2720 1322 2909 1378 pacem
2942 1305 3129 1361 habet.
3159 1302 3258 1358 Vel
3289 1301 3448 1356 aliter

1871 1406 2116 1478 intellige
2153 1422 2170 1460 :
2210 1405 2270 1460 In
2322 1418 2489 1474 pace,
2534 1402 2638 1458 hoc
2689 1408 2805 1466 est,
2864 1396 2979 1468 spei
3040 1393 3445 1452 consecutioue.

1873 1498 2195 1570 Priusquam
2216 1540 2232 1566 ,
2258 1496 2455 1567 inquit,
2480 1480 2734 1550 vidissem
2768 1490 3053 1547 Dominum
3075 1529 3091 1556 ,
3117 1502 3225 1542 non
3255 1493 3449 1557 pacata

1873 1603 2054 1651 mente
2084 1607 2266 1658 eram,
2297 1598 2624 1660 exspectans
2655 1587 2828 1652 illum,
2861 1597 2917 1640 et
2942 1597 3158 1653 semper
3183 1578 3450 1636 sollicitus

1875 1684 2090 1756 quando
2121 1683 2307 1738 veniat
2347 1696 2361 1733 :
2406 1695 2550 1735 nunc
2585 1688 2767 1733 autem
2808 1677 2926 1745 ipso
2968 1673 3117 1736 viso,
3158 1680 3214 1726 et
3252 1683 3442 1741 pacem

1876 1783 2200 1830 consecutus
2218 1812 2234 1837 ,
2265 1780 2321 1827 et
2347 1767 2708 1826 sollicitudine
2735 1766 3028 1828 liberatus,
3055 1772 3115 1816 ut
3141 1760 3219 1815 sic
3245 1759 3447 1818 dicam.

1879 1867 2151 1923 absolvor.
2183 1863 2434 1919 Salutare
2457 1870 2636 1916 autem
2661 1899 2678 1926 ,
2702 1855 3006 1913 incarnatio
3036 1848 3312 1922 Unigeniti
3341 1856 3448 1913 est,

1877 1975 2040 2032 quam
2087 1965 2215 2012 ante
2258 1953 2454 2010 saecula
2498 1950 2681 2006 omnia
2738 1948 2878 2002 Deus
2924 1943 3270 2016 praeparavit.
3310 1940 3451 1995 Ante

1860 2051 2068 2123 glaciem
2098 2061 2225 2103 vero
2256 2044 2497 2101 omnium
2521 2038 2841 2112 p0pulorum
2870 2040 3032 2091 istam
3058 2033 3289 2088 salutem
3313 2046 3453 2103 pra:-

1874 2142 2118 2217 paravit,
2153 2148 2210 2193 ut
2233 2137 2470 2194 salvaret
2495 2134 2754 2189 mundum
2774 2174 2789 2199 ,
2815 2139 2869 2185 et
2897 2137 2954 2183 ut
2974 2125 3228 2183 omnibus
3251 2122 3449 2194 liquida

1878 2218 2878 2304 ﬁat"cjus'incaruatio-,rcnjus‘gratja
2905 2228 2960 2275 et
2990 2217 3450 2272 incantatus-est.

1878 2326 2136 2382 Salutare
2167 2333 2384 2391 quoque
2424 2319 2564 2382 hoc,
2607 2316 2791 2370 lumen
2827 2321 2911 2368 est
2958 2311 3025 2365 ad
3069 2305 3451 2363 revelationem

1877 2417 2147 2488 gentium,
2187 2415 2288 2469 hoc
2314 2418 2432 2476 est,
2465 2408 2532 2462 ad
2559 2405 2978 2463 illustrationem
3021 2400 3265 2470 gentium
3297 2397 3454 2452 obte-

1878 2485 2226 2564 nebratarum
2247 2544 2263 2570 ,
2289 2510 2343 2559 et
2364 2500 2589 2574 gloriam
2614 2496 3011 2552 Israelitarum.
3034 2489 3286 2545 Christus
3309 2485 3453 2542 enim

1879 2599 2047 2672 gloria
2075 2605 2156 2652 est
2185 2593 2366 2666 populi
2398 2591 2488 2662 qui
2520 2603 2646 2643 vere
2675 2584 2846 2642 lsrael
2903 2584 3201 2639 secundum
3225 2576 3365 2648 quod
3387 2591 3455 2631 ex

1879 2666 1971 2749 ἷιιο
1999 2699 2152 2746 ortus
2183 2695 2263 2741 est
2282 2725 2299 2750 ,
2331 2684 2461 2738 etin
2492 2683 2593 2736 hoc
2624 2685 2893 2735 ornantur
2921 2673 3013 2744 qui
3037 2670 3254 2740 sapiunt
3279 2682 3344 2722 ac
3373 2666 3459 2720 in—

1879 2782 2150 2851 telligunt.
2176 2777 2302 2833 Haec
2331 2775 2576 2830 Simeon.
2605 2770 2871 2826 Videntur
2895 2773 3075 2820 autem
3103 2760 3234 2817 mihi
3259 2765 3314 2814 et
3338 2772 3460 2828 qua:

1882 2849 2022 2929 dicta
2050 2878 2226 2926 sunta
2259 2866 2451 2931 David,
2490 2861 2781 2921 convenire
2819 2854 3103 2914 Simeoni:
3136 2870 3157 2905 ι
3199 2849 3464 2920 Longitu-

1883 2955 2487 3027 dincdierumimplebo
2511 2968 2658 3020 eum,
2682 2960 2738 3019 et
2776 2947 3056 3006 ostendam
3097 2942 3174 2999 illi
3228 2939 3462 2998 salutare

1866 3054 2141 3112 meum“.
2176 3073 2195 3106 ι

1956 3326 2124 3382 Vens.
2150 3322 2344 3380 55-55.
2375 3339 2394 3372 ι
2433 3319 2496 3372 Ει
2528 3322 2684 3372 erant
2710 3321 2863 3385 pater
2907 3318 2963 3367 et
3000 3315 3175 3364 mater
3214 3318 3331 3375 ejus
3362 3301 3465 3360 mi-

1886 3427 2069 3476 rantes
2110 3430 2271 3485 super
2304 3414 2389 3469 bis
2417 3425 2538 3481 quae
2580 3407 2901 3464 dicebantur
2929 3401 2995 3457 de
3038 3399 3152 3453 illo.
3189 3395 3256 3451 Et
3297 3395 3464 3450 bene-

1887 3513 2024 3569 dixit
2045 3511 2152 3566 illis
2176 3508 2395 3564 Simeon
2422 3524 2435 3561 :
2463 3512 2518 3559 et
2539 3501 2677 3558 dixit
2698 3499 2767 3554 ad
2789 3496 3013 3551 Mariam
3043 3500 3271 3547 matrem
3294 3488 3414 3557 eius
3441 3501 3460 3542 :

1886 3606 2029 3660 Ecce
2058 3605 2271 3672 positus
2298 3608 2379 3654 est
2407 3597 2497 3652 hic
2528 3596 2585 3651 in
2617 3592 2859 3656 ruinam,
2907 3596 2962 3643 et
3008 3580 3466 3641 resurrectionem

1889 3695 2182 3751 multorum
2214 3693 2268 3745 iu
2301 3688 2490 3752 Israel,
2515 3696 2572 3742 et
2595 3685 2647 3740 in
2673 3683 2886 3750 signum
2918 3677 3003 3732 cui
3038 3671 3465 3731 contradicetur.

1890 3788 2029 3856 Quin
2074 3794 2130 3840 et
2162 3795 2308 3838 tuam
2350 3780 2523 3851 ipsius
2556 3776 2796 3831 animam
2830 3767 3137 3842 penetrabit
3166 3764 3377 3835 gladius
3409 3767 3470 3816 ut

1892 3855 2210 3949 retegantur
2239 3889 2306 3929 ex
2333 3870 2518 3927 multis
2545 3867 2803 3923 cordibus
2828 3861 3206 3931 cogitationes.
3242 3874 3262 3909 ι
3295 3855 3469 3909 Bene-

1892 3970 2029 4025 dixit
2055 3965 2274 4037 quidem
2300 3960 2564 4017 ambobus
2593 3956 2816 4013 Simeon
2844 3973 2859 4010 :
2887 3953 3091 4023 rejecto
3112 3960 3290 4005 autem
3317 3956 3470 4018 patre

1893 4063 2167 4131 putativo,
2208 4058 2275 4114 ad
2308 4072 2489 4112 veram
2523 4063 2755 4109 matrem
2793 4049 3009 4104 locutus
3041 4057 3124 4102 est
3156 4062 3172 4100 :
3211 4044 3351 4099 Ecce
3380 4041 3473 4096 hic

1892 4157 2101 4229 positus
2128 4163 2208 4209 est
2237 4151 2292 4206 in
2323 4149 2533 4205 ruinam
2556 4186 2571 4211 ,
2605 4154 2659 4201 et
2693 4139 3146 4199 resurrectionem
3181 4134 3470 4190 multorum

1896 4228 1949 4306 in
1978 4246 2166 4305 lsrael.
2192 4246 2424 4302 Ruinam
2460 4240 2677 4311 quidem
2708 4235 2837 4291 dicit
2869 4247 3057 4290 eorum
3091 4228 3182 4300 qui
3219 4242 3327 4284 non
3355 4239 3474 4281 cre-

1897 4341 2186 4404 diderunt,
2235 4338 2326 4408 qui
2372 4347 2504 4390 vero
2552 4329 2936 4392 crediderunt,
2988 4318 3472 4378 resurrectionem.

1899 4433 1995 4489 Vel
2029 4433 2190 4489 etiam
2232 4429 2394 4484 aliter
2439 4445 2453 4482 :
2488 4426 2549 4479 In
2599 4422 2816 4478 ruinam
2852 4416 3062 4488 positus
3095 4423 3177 4468 est
3216 4409 3476 4465 Dominus

1899 4526 2164 4580 malorum
2206 4536 2327 4592 qua:
2375 4519 2429 4573 in
2483 4515 2771 4571 animabus
2817 4507 3019 4565 nostris
3058 4525 3072 4561 :
3124 4505 3179 4559 in
3228 4513 3476 4557 resurre-

1900 4619 2135 4674 ctionem
2189 4591 2318 4667 vero
2373 4612 2660 4665 bonorum.
2724 4602 2882 4659 Cadit
2941 4595 3256 4660 foruicatio,
3305 4591 3477 4660 surgit

1901 4708 2260 4763 continentia.
2318 4702 2418 4756 Vel
2471 4700 2631 4754 aliter
2683 4708 2900 4766 quoque
2949 4688 3174 4758 intelligi
3228 4691 3405 4756 potest
3457 4698 3472 4736 :

1902 4800 2117 4855 Positus
2149 4803 2237 4851 est
2263 4794 2407 4849 enim
2439 4790 2699 4846 Dominus
2726 4788 2779 4842 in
2822 4784 3065 4845 ruinam.
3098 4781 3201 4835 hoc
3225 4784 3330 4841 est,
3363 4774 3480 4845 ipse

1903 4905 2160 4964 passurus
2187 4895 2292 4954 est,
2327 4896 2382 4941 et
2405 4897 2632 4940 casurus
2653 4889 2739 4936 est
2768 4879 2823 4934 in
2853 4885 3081 4931 mortem
3116 4889 3131 4926 :
3163 4880 3217 4926 et
3243 4883 3366 4924 cum
3388 4879 3480 4922 ce-

1907 4983 2102 5041 ciderit
2135 4984 2271 5047 ipse,
2300 4984 2589 5048 resurgent
2623 4972 2800 5028 multi.
2829 4970 3095 5024 Punctum
3130 4970 3308 5017 autem
3341 4973 3480 5028 pone

1907 5090 2030 5130 cum
2062 5072 2296 5136 dixeris,
2335 5071 2391 5123 in
2424 5068 2635 5123 ruinam
2684 5079 2698 5117 :
2736 5060 2929 5117 deinde
2960 5056 3165 5125 incipe,
3208 5059 3264 5107 et
3301 5064 3482 5104 resur-

1905 5166 2202 5222 rectionem
2227 5161 2541 5216 multorum.
2566 5154 2787 5225 Signum
2807 5158 3007 5213 autem,
3029 5160 3187 5212 crux,
3209 5142 3295 5198 cui
3315 5153 3484 5211 usque

1908 5261 1961 5315 in
1996 5259 2101 5314 boc
2135 5265 2351 5325 tempus
2375 5247 2787 5311 contradicitur,
2818 5242 2919 5296 hoc
2944 5249 3052 5303 est,
3081 5251 3186 5292 non
3225 5233 3484 5304 recipitur

1909 5352 1978 5406 ab
2019 5346 2333 5406 incredulis.
2363 5342 2571 5397 Dicitur
2599 5346 2655 5393 et
2686 5332 2991 5390 incarnatio
3007 5326 3222 5384 Domini
3249 5326 3481 5396 signum,

1908 5450 1964 5497 et
1987 5437 2235 5495 mirabile
2272 5436 2503 5505 signum.
2550 5429 2694 5484 Deus
2719 5425 2864 5481 enim
2895 5418 3057 5477 hom’o
3086 5417 3216 5485 fuit,
3251 5424 3305 5472 et
3331 5415 3484 5485 virgo

1906 5542 2113 5596 mater;
2161 5528 2287 5584 huic
2332 5533 2511 5580 autem
2547 5521 2742 5591 signo,
2791 5511 3186 5577 incarnationi,
3228 5509 3483 5578 inquam,

1907 5625 2108 5682 Christi
2139 5617 2551 5678 contradicitur.
2593 5611 2825 5682 Quidam
2865 5609 3010 5665 enim
3041 5604 3228 5661 dicunt
3262 5611 3485 5655 carnem

1908 5741 1937 5779 e
1957 5719 2120 5792 290
2134 5716 2293 5782 coelo,
2317 5712 2536 5785 quidam
2555 5720 2687 5767 vero
2700 5712 3044 5777 apparenter,
3060 5695 3278 5770 quidam
3300 5700 3480 5747 autem
