3896 6452
144 434 257 502 713

859 440 1302 506 ENARRATIO
1347 444 1426 506 IN
1470 444 1972 508 EVANGELIUM
2011 447 2247 508 LUCE.
2276 473 2345 484 -
2375 448 2536 509 CAP.
2577 449 2669 513 II.’

3322 448 3429 514 734

234 573 257 604 ι
293 555 404 606 Καὶ
440 548 768 625 ἐπορεύοντο
801 555 851 608 οί
885 557 1062 625 γονεῖς
1116 556 1284 611 αὑτοὺ
1342 558 1462 612 κατ’
1519 557 1639 622 ἔτος
1667 559 1747 622 είς

1925 556 2093 614 Vsus.
2144 559 2329 615 λιι-50.
2362 578 2380 611 ‹
2417 558 2483 614 Et
2513 559 2663 613 ibant
2706 566 2957 629 parentes
2989 557 3105 628 ejus
3136 561 3435 630 quotannis

163 645 531 717 ἰερουσαλημ
567 649 633 717 τῇ
664 646 827 718 ἑορτῇ
857 646 954 702 τοὺ
1004 648 1234 718 Πάσχα·
1270 649 1367 703 καὶ
1402 650 1493 702 ὅτε
1525 650 1749 717 ἐγένετο

154 739 296 793 ἐτῶν
348 740 579 804 δώδεκα,
644 739 968 794 ἀναϐάντων
1019 741 1205 796 αὑτῶν
1257 743 1339 805 είς
1400 740 1749 812 Ἱεροσόλυμα

153 827 298 881 κατά
343 827 406 880 τὸ
474 826 596 892 ἔθος
632 828 732 899 τῆς
781 829 999 900 ἑορτῆς,
1051 832 1148 885 καὶ
1200 828 1613 887 τελειωσάντων
1646 831 1746 895 τὰς

152 919 394 990 ἡμέρας,
449 920 510 974 ὲν
586 919 665 991 τῷ
740 921 1104 994 ὑποστρέφειν
1162 922 1384 988 αὑτοὺς,
1452 923 1748 994 ἀπέμεινεν

163 1011 381 1084 Ἰησοῦς
408 1016 438 1066 6
469 1014 603 1077 παῖς
631 1016 692 1067 ὲν
728 1015 1110 1088 Ἰερουσαλὴμ,
1164 1018 1260 1071 καὶ
1291 1021 1392 1073 οὑκ
1450 1019 1593 1089 ἔγνω
1634 1018 1749 1073 Ἰω-

151 1103 265 1174 σὴφ
295 1103 396 1159 καὶ
437 1106 469 1176 ἡ
497 1104 682 1178 μήτηρ
712 1106 881 1160 αὑτοῦ
904 1120 917 1134 ·
949 1107 1279 1179 νομίσαντες
1309 1109 1366 1164 δὲ
1390 1108 1555 1165 αὑτὸν
1587 1112 1648 1164 ὲν
1676 1111 1745 1182 τῇ

150 1199 379 1272 συνοδίᾳ
437 1194 602 1267 εἶναι,
661 1195 829 1271 ἦλθον
883 1199 1102 1271 ἡμέρας
1135 1202 1252 1267 ὁδόν
1275 1219 1288 1233 ”
1326 1203 1422 1256 καὶ
1453 1201 1748 1276 ἀνεζήτουν

146 1292 320 1345 αὑτὸν
364 1293 424 1345 ἐν
470 1293 585 1356 τοῖς
619 1292 907 1362 συγγενέσι
951 1292 1044 1346 καὶ
1094 1295 1151 1346 ἐν
1182 1295 1294 1354 τοῖς
1323 1296 1617 1362 γνωστοῖς·
1653 1295 1749 1350 καὶ

150 1386 230 1455 μὴ
261 1383 519 1455 εὑρόντες
543 1383 728 1448 αὑτὸν,
758 1384 1104 1455 ὑπέστρεψαν
1150 1387 1235 1449 είς
1273 1384 1630 1457 Ἰερουσαλὴμ
1650 1385 1749 1457 ζη-

143 1474 375 1539 τοῦντες
410 1475 595 1536 αὑτὸν,
623 1476 717 1528 καὶ
746 1475 979 1543 ἐγένετο,
1015 1475 1134 1544 μεθ’
1169 1476 1384 1548 ἡμέρας
1415 1478 1564 1549 τρεῖς
1590 1471 1747 1548 εὗρον

141 1569 321 1623 αὑτὸν
355 1573 416 1623 ἐν
460 1567 540 1639 τῷ
590 1567 743 1640 ἱερῷ,
778 1566 1140 1639 καθεζόμενον
1188 1569 1245 1621 ὲν
1280 1568 1430 1640 μέσῳ
1465 1568 1572 1622 τῶν
1601 1568 1750 1622 διδα-

145 1662 398 1724 σκάλων,
436 1663 530 1715 καὶ
562 1660 832 1714 ἀκούοντα
870 1660 1075 1723 αὑτῶν,
1117 1661 1213 1714 καὶ
1261 1659 1628 1739 ἐπερωτῶντοα
1651 1660 1751 1714 αὑ-

141 1753 300 1816 τούς.
356 1753 669 1819 Ἐξίσταντο
697 1752 755 1808 δὲ
782 1754 987 1817 πάντες
1026 1753 1076 1806 οἱ
1120 1751 1410 1816 ἀκούοντες
1429 1753 1618 1818 αὑτοῦ,
1658 1754 1751 1806 ἐπὶ

138 1847 213 1915 τῇ
249 1845 473 1897 συνέσει
507 1844 600 1896 καὶ
619 1845 740 1907 ταῖς
762 1844 1120 1916 ἀποκρίσεσιν
1161 1842 1328 1897 αὑτοῦ
1351 1859 1366 1874 ο
1401 1845 1497 1897 καὶ
1531 1842 1734 1907 ἰδόντες

139 1939 340 2005 αὑτὸν,
369 1936 754 2009 ἐξεπλάγησαν
781 1953 796 1966 ’
824 1939 917 1991 καὶ
944 1936 1267 2009 πρδλαὺτδν
1295 1939 1327 2008 ἡ
1366 1937 1556 2010 μήτηρ
1582 1936 1747 1989 αὑτοῦ

137 2024 299 2083 εἷπε
340 2031 565 2095 Τέκνον,
604 2030 659 2083 τί
687 2029 953 2098 ἐποίησας
979 2031 1115 2100 ήμῖν
1148 2028 1354 2095 οὑτως;
1432 2028 1567 2082 Ἰδοὺ
1590 2031 1618 2082 ὁ
1642 2045 1748 2082 πα-

136 2123 255 2195 τήρ
286 2139 385 2177 σου
419 2121 596 2193 κάγὼ,
624 2121 956 2194 ὀδυνώμενοι
998 2121 1303 2194 ἑζητοῦμέν
1328 2139 1413 2178 σε.
1482 2122 1592 2176 Καὶ
1627 2118 1747 2176 εἷπε

136 2214 291 2285 πρὸς
319 2213 550 2278 αὑτοὺςο
576 2213 645 2266 Τί
687 2214 769 2268 ὅτι
800 2210 1043 2283 ἐζητεῖτέ
1074 2229 1141 2283 με
1167 2231 1182 2281 ;
1210 2214 1326 2268 Οὑκ
1353 2212 1530 2285 ⁴ᾔδειτε
1577 2214 1658 2267 ὅτι
1690 2216 1747 2268 ἐν

134 2309 261 2368 τοῖς
317 2305 417 2358 τοῦ
479 2305 693 2377 Πατρός
723 2322 824 2375 μου
880 2303 963 2357 δεῖ
1004 2298 1144 2358 εἶναί
1197 2321 1302 2376 με;
1358 2305 1470 2359 Καὶ
1503 2306 1659 2359 αὐτοὶ
1685 2307 1747 2359 οὑ

135 2398 401 2469 συνῆκαν
422 2398 483 2452 τὸ
511 2397 665 2469 ῥῆμα
696 2396 724 2451 ὅ
758 2396 1023 2468 ἐλάλησεν
1065 2396 1270 2462 αὐτοῖς.
1300 2417 1318 2451 ι
1355 2398 1747 2453 Συνανασαίνει

133 2492 263 2554 τοῖς
290 2490 547 2560 γονεῦσιν
580 2490 662 2555 είς
706 2487 1088 2563 Ἰερουσαλὴμ,
1122 2491 1209 2544 ἵνα
1231 2491 1320 2545 διὰ
1356 2492 1577 2546 πάντων
1598 2491 1749 2565 δείξῃ

134 2583 232 2636 ὅτι
259 2583 365 2636 οὑκ
390 2580 542 2636 ἔστιν
571 2581 839 2646 ἀντίθεος,
880 2581 991 2635 οὐδ’
1038 2582 1425 2637 ἀντιτάσσεται
1450 2584 1563 2648 τοῖς
1597 2599 1749 2637 νενο-

142 2676 583 2747 μοθετημένοις’
633 2674 1046 2730 τελειωσάντων
1098 2676 1155 2729 δὲ
1203 2676 1301 2740 τὰς
1350 2676 1589 2749 ὴμέρας,
1648 2679 1748 2744 τὰς

139 2766 294 2821 ἑπτὰ
324 2766 530 2839 δηλαδὴ
555 2765 650 2820 τοῦ
679 2764 898 2839 Πάσχα,
933 2767 1234 2838 ἀπέμεινεν
1261 2769 1323 2820 ἐν
1359 2769 1744 2841 Ἰερουσαλήμ.

141 2859 447 2933 Συνεζήτει
474 2860 533 2913 δὲ
566 2859 706 2931 μετά
731 2860 840 2914 τῶν
876 2860 987 2931 Γρα
999 2862 1285 2931 μματέων,
1312 2861 1422 2916 ἀπὸ
1460 2861 1554 2915 τοῦ
1580 2854 1748 2937 νόμου

144 2953 378 3024 ἐρωτῶν
407 2951 607 3017 αὐτούς
628 2969 644 2984 ·
684 2954 781 3007 καὶ
817 2952 1101 3019 ἐξίσταντο
1142 2954 1366 3018 πάντες.
1434 2952 1598 3028 Ὁρᾷς
1629 2954 1748 3023 πῶς

148 3045 494 3117 προέκοπτεν
523 3045 614 3099 ἐπὶ
661 3046 824 3119 σοφίᾳ
843 3086 859 3113 ,
896 3047 987 3101 διὰ
1018 3045 1114 3100 τοῦ
1137 3046 1504 3116 γινώσκεσθαι
1533 3048 1748 3111 πολλοῖς

148 3140 248 3193 καὶ
278 3140 660 3211 θαυμάζεσθαι
687 3156 702 3204 ;
759 3140 792 3210 ή
818 3139 941 3209 γὰρ
1000 3139 1265 3209 ἔκφανσις
1297 3140 1395 3210 τῆς
1425 3139 1619 3208 σοφίας
1649 3139 1748 3193 αὑ-

150 3231 286 3298 τοῦ,
317 3230 458 3301 αὑτη
487 3232 635 3285 ἐστὶν
678 3231 711 3300 ή
746 3230 1003 3303 προκοπὴ
1052 3230 1242 3284 αὑτοῦ.
1288 3228 1509 3301 Πατέρα
1562 3230 1620 3284 δὲ
1655 3229 1747 3282 τὸν

165 3321 369 3393 Ἰωσὴφ
430 3323 691 3394 ὀνομάζει
751 3323 785 3393 ή
834 3312 1128 3386 Θεοτόκος,
1189 3320 1363 3375 εἰδυῖα
1400 3321 1500 3391 μὲν
1527 3321 1603 3386 ὡς
1646 3322 1746 3376 οὑκ

160 3415 278 3468 ἔστι
322 3415 546 3487 πατήρ·
590 3414 731 3484 πλὴν
765 3412 854 3467 διὰ
898 3412 1024 3477 τοὺς
1064 3413 1377 3477 Ἰουδαίους,
1414 3414 1501 3467 ἵνα
1549 3413 1623 3486 μὴ
1654 3432 1743 3469 νο-

163 3506 332 3577 μισθῇ
362 3507 431 3558 ὲκ
480 3503 737 3576 πορνείας
797 3499 959 3567 εῖναι,
994 3504 1208 3575 πατέρα
1262 3504 1427 3557 αὑτοῦ
1483 3503 1631 3572 λέγει
1656 3503 1747 3558 τὸν

167 3599 366 3669 Ἰωσήφ
390 3614 406 3628 ·
464 3598 640 3673 ἄλλως
670 3613 731 3650 τε
775 3597 865 3649 καὶ
916 3597 1123 3668 πατρὸς
1149 3596 1480 3668 κηδεμονίαν
1506 3596 1746 3662 ἔνδειξά-

159 3707 319 3762 μενον
343 3730 359 3755 ,
424 3690 519 3744 καὶ
577 3688 884 3761 ὑπουργίαν
928 3688 987 3741 ἐν
1049 3690 1118 3761 τῇ
1173 3689 1479 3761 ἀνατροφῇ,
1520 3689 1746 3755 εἰκότως

156 3782 444 3853 ὠνόμασεν
467 3780 631 3834 αὑτὸν
664 3779 879 3852 πατέρα
898 3795 912 3810 ·
941 3778 1142 3833 ὡσανεὶ
1170 3779 1443 3849 τιμῶντος
1465 3779 1628 3833 αὑτὸν
1653 3779 1747 3834 τοὺ

155 3878 313 3946 ἀγίου
344 3874 666 3947 Πνεῦματος
706 3876 772 3947 τῇ
820 3873 914 3929 τοῦ
967 3874 1171 3946 πατρὸς
1216 3874 1583 3946 προσηγορίᾳ.
1650 3874 1749 3928 Διά

154 3971 285 4037 τί,δὲ
309 3970 538 4041 ἐζήτουν
566 3969 728 4023 αὑτόν
751 3983 768 4036 ς
793 3963 860 4023 *Α
873 3985 943 4041 pa
976 3965 1245 4040 ὑπόληψιν
1271 3966 1495 4037 ἔχοντες
1528 3967 1611 4021 ὅτι
1642 3968 1749 4021 ἁπ-

158 4064 360 4120 όλωλεν
385 4064 419 4134 ἢ
441 4062 777 4134 πεπλάνηται
803 4063 876 4125 ὡς
898 4063 1026 4126 παῖς
1050 4077 1065 4130 ;
1091 4062 1161 4116 Ἀ
1171 4078 1334 4130 παγε.
1352 4058 1492 4115 Οὑτε
1513 4061 1622 4131 γὰρ
1649 4059 1747 4131 τῆς

156 4157 443 4227 πανσόφου
472 4156 694 4228 Μαρίας
726 4154 885 4213 τοῦτο
911 4152 1005 4229 ἦν,
1041 4154 1246 4227 μυρίας
1280 4153 1585 4224 δεξαμένης
1615 4153 1746 4224 περὶ

155 4249 323 4304 αὑτοῦ
346 4248 747 4319 ἀποκαλύψεις,
781 4247 907 4303 οὑτε
938 4246 1032 4303 τοῦ
1078 4248 1303 4317 Ἰωσὴφ,
1333 4246 1429 4301 τοῦ
1456 4248 1551 4301 καὶ
1579 4245 1747 4302 αὑτοῦ

157 4342 651 4413 ἀποκαλυφθέντος
678 4344 761 4397 ὅτι
786 4345 851 4397 ὲκ
878 4341 1201 4412 Πνεὺματος
1230 4339 1386 4409 ἁγίου
1410 4338 1580 4396 ἐστίν.
1601 4338 1746 4394 Ἀλλ’

155 4436 391 4507 ἐζήτουν
441 4435 627 4502 αὑτὸν,
691 4436 890 4506 μήπως
941 4433 1157 4503 ἀπέστη
1188 4433 1284 4487 ἀπ’
1313 4429 1514 4501 αὑτῶν,
1548 4434 1747 4503 μήπως

157 4524 550 4579 καταλέλοιπεν
610 4523 833 4585 αὑτούς.
899 4521 1054 4577 Ἐπεὶ
1110 4521 1169 4576 δὲ
1214 4516 1374 4592 εὗρον
1418 4521 1606 4587 αὑτὸν,
1647 4521 1748 4593 δρα

1851 651 2282 725 Hierosolymam
2313 654 2365 708 in
2400 654 2488 710 die
2525 651 2660 707 festo
2720 651 2965 708 Paschze.
3003 652 3069 708 Et
3093 671 3212 709 cum
3257 654 3429 706 fut-tus

1849 757 1996 802 esset
2026 761 2292 802 annorum
2319 745 2624 812 duodecim,
2683 744 3101 801 ascendentibus
3151 746 3257 801 illis
3298 747 3431 801 Ilie-

1847 838 2181 910 rosolymam
2252 838 2550 895 secundum
2632 837 3079 894 consuetudinem
3132 838 3237 894 diei
3284 838 3429 904 festi,

1848 934 2352 1005 consummatisque
2381 933 2572 990 diebus
2595 947 2718 990 cum
2740 933 2980 988 redirent
3013 931 3112 998 illi,
3170 933 3431 985 remansit

1849 1040 1985 1101 puer
2012 1023 2169 1082 Iesus
2195 1025 2606 1098 Hierosolymis,
2628 1035 2683 1081 et
2712 1041 2817 1079 non
2850 1033 3218 1092 cognoverunt
3239 1039 3432 1092 pureu-

1851 1129 1937 1176 tes
2020 1118 2161 1189 ejus.
2219 1118 2487 1175 Cteterum
2529 1119 2634 1172 rati
2693 1115 2845 1170 illum
2868 1130 2990 1171 esse
3042 1116 3097 1170 in
3152 1114 3428 1177 eumitatu,

1854 1218 2125 1268 venerunt
2183 1210 2382 1266 itinere
2437 1209 2564 1275 diei,
2598 1218 2654 1265 et
2725 1205 3076 1278 requirebant
3128 1221 3251 1259 enm
3289 1208 3433 1259 inter

1852 1315 2121 1378 cognatos
2144 1315 2201 1361 et
2227 1304 2369 1360 inter
2412 1312 2590 1359 notos.
2657 1301 2879 1357 Etcum
2931 1315 3035 1355 non
3096 1298 3435 1353 invenissent

1854 1414 2003 1463 eum,
2040 1398 2242 1454 reversi
2278 1404 2406 1452 sunt
2434 1394 2886 1469 Hierosolymam,
2925 1398 3233 1461 quaerentes
3282 1403 3432 1444 eum.

1854 1489 1922 1544 Et
1957 1490 2156 1546 accidit
2181 1497 2300 1560 post
2334 1488 2594 1552 triduum,
2635 1487 2959 1542 invenerunt
2982 1483 3131 1539 illum
3152 1483 3207 1538 in
3235 1481 3436 1552 templo

1855 1582 2134 1638 sedentem
2160 1581 2211 1635 in
2246 1578 2422 1635 medio
2478 1581 2787 1642 doctorum,
2831 1576 3141 1631 audientem
3197 1575 3339 1635 illos.
3379 1585 3435 1629 et

1851 1673 2277 1743 interrogantem
2331 1685 2445 1726 eos.
2495 1668 2799 1739 Stupebant
2857 1676 3036 1722 autem
3094 1680 3282 1718 omnes
3339 1664 3431 1733 qui

1852 1780 1978 1822 eum
2006 1764 2319 1829 audiebant,
2359 1777 2520 1833 super
2538 1760 2893 1829 intelligentia
2919 1768 2973 1813 et
2997 1757 3273 1826 responsis
3293 1756 3432 1824 ejus,

1852 1867 1907 1912 et
1932 1856 2046 1911 viso
2079 1870 2167 1920 eo,
2192 1853 2444 1908 admirati
2468 1861 2614 1907 sunt.
2645 1849 2713 1904 Et
2763 1849 2900 1905 dixit
2961 1857 3138 1903 mater
3202 1847 3339 1919 ejus
3368 1848 3433 1899 aut

1853 1949 1999 2004 illum
2031 1964 2045 2000 :
2078 1947 2202 2012 Fili,
2227 1962 2323 2000 cur
2352 1944 2525 1999 fecisti
2558 1942 2715 1997 nobis
2734 1942 2815 1997 sic
2837 1942 2861 1995 Ἰ
2887 1941 3025 1996 Ecce
3050 1952 3202 2009 pater
3233 1948 3358 1994 tuus
3383 1948 3437 1993 et

1850 2056 1952 2114 ego
1985 2040 2235 2099 dolentes
2258 2037 2634 2110 qmerebamus
2659 2046 2732 2093 te.
2766 2034 2832 2090 Et
2863 2035 2938 2091 ait
2967 2033 3035 2089 ad
3088 2034 3210 2089 illos
3245 2049 3260 2087 :
3296 2032 3436 2101 Quid

1848 2141 1933 2188 est
1962 2131 2104 2204 quod
2146 2129 2477 2200 quaerebatis
2510 2127 2647 2184 me?
2676 2128 2762 2182 An
2810 2125 3136 2185 nesciebatis
3192 2124 3338 2196 quod
3378 2124 3433 2178 in

1851 2226 1937 2283 his
1963 2239 2085 2296 quae
2114 2221 2301 2278 Patris
2339 2223 2443 2275 mei
2486 2230 2636 2290 sunt,
2665 2227 2878 2290 oportet
2911 2233 2998 2276 me
3058 2218 3304 2275 esse?At
3362 2216 3434 2271 illi

1853 2334 1959 2377 non
2029 2317 2416 2373 intellexerunt
2486 2328 2818 2382 sermonem,
2889 2327 3049 2384 quem
3107 2311 3316 2368 locutus
3357 2323 3438 2367 cst

1852 2409 2009 2479 ipsis.
2048 2426 2066 2460 ι
2100 2407 2276 2464 Simul
2312 2405 2461 2462 venit
2485 2420 2608 2461 cum
2650 2405 2967 2475 parentibus
3010 2404 3062 2461 in
3110 2402 3435 2466 Jerusalem,

1853 2513 1910 2556 ut
1943 2516 2039 2573 per
2070 2500 2252 2558 omnia
2286 2498 2535 2554 ostendat
2555 2512 2617 2554 se
2639 2511 2749 2552 non
2785 2497 3160 2557 adversarium
3188 2497 3316 2560 Deo,
3344 2513 3439 2551 ιω·

1850 2609 1955 2665 que
1987 2606 2379 2666 repugnantem
2406 2592 2493 2648 bis
2513 2606 2631 2660 quae
2651 2606 2680 2649 a
2700 2590 2819 2661 lege
2837 2590 3009 2661 posita
3036 2589 3273 2649 fuerunt.
3301 2589 3435 2644 Cum

1850 2684 2210 2761 perfecissent
2239 2693 2420 2741 autem
2473 2684 2590 2739 dies
2646 2692 2876 2752 septem,
2936 2682 3157 2739 Pascha:
3205 2681 3434 2746 scilicet,

1851 2774 2052 2834 mansit
2089 2776 2140 2830 in
2169 2773 2492 2831 Jerusalem.
2513 2773 2834 2845 Disputabat
2850 2781 3031 2841 autem
3052 2785 3174 2826 cum
3196 2770 3434 2831 Scribis.

1856 2882 2059 2937 rogans
2087 2880 2180 2923 eos
2205 2866 2274 2922 de
2305 2866 2419 2938 lege
2455 2874 2548 2922 :et
2576 2867 2973 2936 obstupuerunt
3023 2877 3232 2919 omnes.
3280 2860 3440 2917 Vides

1855 2956 2129 3026 quomodo
2157 2955 2451 3025 profecerit
2471 2957 2524 3010 in
2550 2953 2837 3024 sapientia,
2855 2966 2918 3008 eo
2947 2952 3089 3021 quod
3120 2961 3437 3006 nosceretur

1851 3063 1880 3102 a
1916 3047 2121 3111 multis,
2160 3048 2293 3104 etin
2333 3047 2694 3102 admiratione
2741 3043 2926 3102 esset?
2985 3043 3250 3098 Emicatio
3291 3042 3435 3097 enim

1849 3140 2131 3209 sapientiae
2153 3138 2291 3207 ejus.
2322 3137 2601 3209 profectus
2621 3136 2738 3210 ipse
2765 3146 2869 3194 est.
2898 3135 3071 3191 Porro
3122 3137 3297 3206 ipsum
3341 3131 3439 3189 Jo-

1776 3264 1821 3326 Β
1852 3232 1986 3301 seplt
2030 3241 2239 3303 patrem
2271 3233 2517 3286 nominat
2541 3229 2634 3285 Dei
2659 3228 2930 3294 Genitrix,
2992 3226 3172 3283 sciens
3219 3224 3439 3297 quidem

1851 3343 1960 3383 non
2021 3341 2141 3385 esse
2162 3336 2372 3398 patrem
2411 3345 2425 3381 :
2451 3334 2821 3381 verumtamen
2846 3334 3070 3396 propter
3097 3319 3333 3388 Iudaeos,
3384 3329 3443 3376 ut

1854 3440 1923 3480 ne
1957 3425 2207 3483 videatur
2233 3439 2298 3479 ex
2335 3418 2695 3483 fornicatione
2720 3428 3042 3492 prognatus,
3066 3427 3276 3489 patrem
3324 3417 3442 3487 ejus

1850 3517 1983 3574 dicit
2007 3517 2233 3588 Joseplt.
2265 3512 2363 3572 Vel
2389 3515 2571 3571 aliter:
2608 3513 2876 3581 Quoniam
2909 3511 3226 3582 velntpater
3253 3524 3442 3570 curam

1853 3612 2008 3682 pueri
2037 3612 2287 3683 gerebat,
2320 3620 2376 3665 et
2411 3607 2574 3669 simul
2622 3606 3003 3665 conversando
3070 3604 3433 3668 ministrabat,

1854 3706 2047 3760 merito
2072 3701 2373 3758 nominavit
2393 3701 2544 3756 illum
2576 3710 2811 3771 patrem,
2850 3710 3106 3769 tanquam
3141 3696 3445 3755 honorante

1850 3794 2000 3849 illum
2079 3792 2283 3865 Spiritu
2377 3801 2569 3849 sancto
2648 3791 2825 3862 patris
2896 3788 3182 3844 vocabulo.
3265 3787 3446 3855 Quare

1852 3897 2029 3942 autem
2061 3885 2373 3957 quaerebant
2404 3883 2600 3939 illum?
2628 3880 2769 3937 Num
2808 3881 3230 3957 suspicabantur
3263 3878 3445 3947 perdi-

1855 3993 1965 4034 tum
1999 3977 2147 4033 illum
2192 3986 2287 4033 aut
2337 3978 2481 4047 quod
2533 3977 2842 4033 aberrasset
2871 3956 2960 4029 'ut
3013 3972 3186 4041 puer?
3248 3970 3447 4028 Absit!

1850 4070 2037 4142 Neque
2112 4071 2255 4125 enim
2329 4072 2433 4126 hoc
2501 4068 2914 4140 sapientissima:
2972 4065 3158 4124 Maria:
3254 4063 3444 4126 fuerit,

1849 4175 1968 4231 qua:
2006 4158 2273 4232 plurimas
2300 4158 2367 4214 de
2400 4159 2493 4215 illo
2525 4163 2814 4228 acceperat
2839 4155 3222 4221 revelationes,
3270 4165 3448 4222 neque

1847 4249 2072 4324 Joseplt,
2097 4252 2184 4308 cui
2211 4260 2266 4308 et
2288 4251 2389 4322 ipsi
2411 4251 2480 4308 de
2504 4251 2598 4307 illo
2635 4249 2935 4305 revelatum
2960 4257 3080 4303 erat
3102 4246 3245 4316 quod
3269 4261 3298 4300 a
3323 4244 3450 4316 Spi-

1852 4347 1959 4403 ritu
1992 4353 2183 4403 sancto
2224 4355 2391 4402 esset.
2423 4344 2621 4401 Verum
2674 4342 2999 4416 quaerebant
3044 4341 3216 4409 illum,
3251 4354 3317 4396 ne
3339 4354 3449 4409 quo

1852 4446 2011 4510 pacto
2031 4439 2099 4494 ab
2123 4439 2203 4494 eis
2231 4439 2474 4501 abiisset,
2493 4451 2670 4508 neque
2687 4435 2824 4494 forte
2842 4436 3159 4507 reliquisset
3175 4433 3317 4489 illos.
3342 4429 3444 4488 Ubi

1857 4540 2038 4587 autem
2072 4532 2399 4589 invenerunt
2428 4545 2577 4593 eum,
2606 4530 2727 4587 vide
2756 4530 3032 4601 quomodo
3053 4528 3186 4597 ipsis
3216 4540 3446 4597 respon-

156 4618 281 4681 πῶς
324 4616 512 4678 αὑτοῖς
567 4615 971 4687 ἀποκρίνεταιο
1027 4613 1127 4684 τῆς
1173 4613 1284 4686 γὰρ
1316 4612 1627 4688 Παρθένου,
1658 4613 1748 4666 τὸν

1858 4629 1974 4684 det.
2008 4628 2142 4684 Cum
2168 4627 2315 4684 enim
2340 4626 2507 4698 Virgo
2539 4623 2739 4695 Joseph
2767 4634 2981 4696 patrem
3026 4622 3144 4694 ejus
3194 4614 3467 4685 dixisset,'

169 4710 376 4781 Ἰωσὴφ
408 4710 621 4781 πατέρα
647 4707 915 4779 εἰπούσης
941 4705 1134 4772 αὑτοῦ,
1168 4705 1377 4769 ἐκεῖνός
1410 4723 1574 4777 φησιν
1595 4704 1752 4776 ’,Οὑκ

156 4784 335 4865 αὑτός
359 4802 509 4853 ἐστιν
544 4802 572 4854 ὁ
598 4799 806 4873 ἀληθής
850 4814 953 4870 μου
998 4798 1211 4870 Πατὴρ,
1258 4792 1296 4869 ἦ
1349 4797 1460 4867 γάρ
1489 4798 1555 4851 ἂν
1589 4799 1646 4851 ἐν
1674 4795 1752 4866 τῷ

156 4892 297 4963 οἴκῳ
322 4890 490 4945 αὑτοῦ
523 4891 696 4962 ἥμην·
736 4890 850 4944 ἀλλ’
882 4892 911 4945 ὁ
936 4890 1069 4952 Θεός
1102 4889 1218 4945 ἐστί
1256 4906 1359 4960 μου
1390 4890 1601 4961 Πατήρ.
1641 4890 1753 4944 Καὶ

155 4985 250 5039 διὰ
287 4984 446 5039 τοῦτο
480 4986 538 5039 έν
575 4983 654 5055 τῷ
688 4978 822 5056 οῐκῷ
877 4982 1042 5039 αὑτοῦ
1090 4985 1229 5054 εἰμι,
1267 4982 1541 5036 τουτέστιν
1588 4985 1645 5036 ἐν
1675 4981 1753 5053 τῷ

159 5079 277 5148 ναῷ
311 5077 502 5132 αὑτοῦ.
548 5075 692 5131 ’Δλλ’
719 5075 877 5131 αὑτοὶ
928 5075 992 5130 οὑ
1018 5075 1263 5144 συνῆκαν
1297 5073 1325 5127 ὃ
1360 5074 1625 5143 ἐλάλησεν
1654 5075 1752 5129 αὑ-

158 5172 309 5233 τοῖς’
345 5171 648 5240 μυστήριον
682 5168 794 5240 γὰρ
823 5162 914 5240 ἦν.

238 5279 261 5312 ε
298 5260 409 5315 Καὶ
441 5259 652 5330 κατέϐη
703 5257 823 5329 μετ’
881 5258 1088 5326 αὑτῶν,
1122 5258 1213 5312 καὶ
1265 5254 1428 5332 ἦλθεν
1448 5260 1528 5321 εἰς
1562 5259 1750 5325 Ναζα-

157 5361 283 5434 ρέτ.
350 5357 460 5413 Καὶ
492 5352 561 5428 ἦν
611 5353 1059 5426 ὑποτασσόμενος
1093 5356 1276 5420 αὑτοῖς
1305 5372 1320 5387 ο
1370 5358 1465 5410 καὶ
1495 5358 1529 5429 ή
1567 5357 1753 5428 μήτηρ

154 5448 335 5506 αὑτοῦ
368 5449 610 5522 διετήρει
639 5450 821 5504 πάντα
848 5448 918 5502 τὰ
945 5450 1167 5521 ῥήματα
1209 5449 1384 5504 ταῦτα
1425 5452 1483 5504 ἐν
1506 5453 1572 5520 τῇ
1613 5468 1751 5521 καρ·

152 5542 254 5614 δίᾳ
274 5540 468 5612 αὑτῆς.
501 5542 609 5595 Καὶ
645 5539 858 5612 Ἰησοῦς
882 5541 1193 5610 προέκοπτε
1228 5541 1393 5613 σοφίᾳ
1425 5542 1520 5594 καὶ
1543 5542 1749 5614 ἡλικίᾳ,

154 5637 265 5692 καὶ
297 5633 483 5706 χάριτι
506 5633 659 5706 παρά
687 5632 809 5704 Θεῷ
832 5634 926 5686 καὶ
947 5631 1278 5705 ἀνθρώποις.
1315 5653 1334 5685 ι
1379 5634 1752 5688 ’Υπετάσσετο

150 5728 277 5791 τοῖς
308 5727 551 5796 γονεῦσι,
585 5726 757 5781 τύπον
782 5726 958 5791 διδοὺς
987 5727 1081 5781 καὶ
1110 5728 1264 5797 ἡμῖν,
1294 5728 1369 5790 ὡς
1394 5726 1461 5781 ἂν
1498 5730 1611 5792 τοῖς
1648 5746 1753 5782 πα.

148 5822 359 5889 τράσιν
388 5820 822 5891 ὑποταττώμεθα
844 5837 856 5850 ·
892 5821 1183 5892 συνετήρει
1226 5820 1283 5873 δὲ
1308 5818 1477 5874 ταῦτα
1505 5823 1681 5876 πάντα
1716 5824 1749 5893 ή

153 5913 467 5985 Παρθένος.
522 5914 654 5969 θεῖα
708 5913 816 5985 γὰρ
849 5906 917 5985 ἦν
959 5913 1025 5968 τά
1070 5930 1129 5967 τε
1180 5912 1531 5987 πραττόμενα
1561 5915 1652 5968 καὶ
1684 5913 1751 5967 τὰ

1860 4720 1954 4775 ille
1978 4719 2112 4775 dixit
2154 4738 2167 4775 :
2193 4717 2314 4775 Non
2343 4717 2430 4771 bic
2460 4730 2624 4807 verus
2652 4722 2806 4787 pater
2837 4729 2987 4771 meus
3011 4723 3116 4779 est,
3161 4708 3365 4779 alioqui
3391 4709 3446 4762 in

1861 4813 2021 4867 domo
2056 4811 2175 4880 ejus
2197 4802 2558 4864 mansissent}
2584 4809 2677 4863 sed
2727 4805 2866 4863 Deus
2916 4814 3002 4864 est
3054 4802 3217 4858 Pater
3274 4813 3446 4862 meus,

1861 4915 1916 4960 et
1944 4911 2231 4973 propterea
2262 4900 2315 4955 iu
2347 4901 2509 4956 domo
2533 4899 2681 4955 illius
2716 4913 2862 4962 Sum,
2895 4896 3000 4977 hoc
3030 4904 3134 4961 est,
3171 4893 3223 4948 in
3254 4892 3452 4961 templo

1860 4993 2024 5049 illius.
2057 4991 2254 5047 Verum
2298 4992 2399 5062 ipsi
2450 5006 2559 5046 non
2614 4989 3002 5044 intellexerunt
3063 4985 3193 5057 quid
3237 4983 3451 5041 locutus

1862 5085 2024 5157 292
2054 5094 2198 5140 esset
2229 5084 2311 5141 eis
2338 5102 2352 5138 :
2375 5091 2774 5139 sacramentum
2802 5082 2947 5137 enim
2979 5088 3117 5134 erat.

1936 5266 2104 5322 Vsus.
2169 5264 2261 5331 51,
2287 5264 2380 5320 52.
2412 5281 2433 5317 ι
2469 5264 2534 5322 Et
2561 5262 2845 5325 descendit
2884 5276 3010 5319 cum
3060 5260 3161 5325 eis,
3195 5250 3458 5330 venitque

1862 5357 2180 5414 Nazaretb:
2238 5365 2470 5427 eratque
2522 5355 2772 5430 subditus
2823 5353 2954 5411 illis.
3013 5351 3080 5407 Et
3117 5363 3291 5409 mater
3332 5352 3451 5423 ejus

1862 5449 2227 5508 conservabat
2261 5450 2444 5507 omnia
2469 5450 2631 5505 verba
2652 5449 2769 5507 haec
2795 5449 2846 5505 in
2870 5447 3034 5507 corde
3057 5462 3178 5503 suo.
3202 5446 3271 5499 Et
3289 5445 3451 5503 .lesns

1861 5543 2179 5614 proﬁciebat
2212 5543 2503 5614 sapientia,
2526 5552 2580 5599 et
2614 5550 2794 5608 aetate,
2825 5550 2882 5597 et
2908 5541 3080 5614 gratia
3108 5545 3247 5609 apud
3279 5538 3446 5593 Deum

1860 5633 2304 5692 atauebomines.
2325 5651 2344 5686 ι
2369 5632 2631 5689 Subditus
2648 5632 2749 5688 fuit
2767 5635 3102 5712 parentibus,
3128 5632 3256 5687 dato
3276 5630 3446 5686 etiam

1863 5728 2020 5783 nobis
2036 5727 2286 5794 exemplo
2314 5737 2371 5781 ut
2387 5726 2639 5796 patribus
2668 5727 2845 5781 simus
2859 5727 3194 5781 obedientes.
3216 5724 3450 5779 Consar-

1859 5819 2221 5874 vabatautem
2264 5820 2375 5873 haec
2403 5819 2586 5873 omnia
2610 5819 2798 5889 Virgo.
2847 5816 3035 5872 Divina
3078 5818 3224 5869 enim
3284 5824 3447 5869 erant

1860 5926 1981 5983 qum
2027 5909 2345 5970 dicebantur
2381 5924 2432 5967 et
2471 5910 2768 5983 agebantur
2811 5926 2840 5966 a
2869 5922 3058 5980 puero,
3106 5922 3211 5963 non
3288 5905 3449 5976 quasi
