  <div class='ocr_page' id='page_1' title='image "/cluster/home/n/w/nwhite01/storage/ocr_20150623/123/hvd.32044019208198/375.png"; bbox 0 0 3896 6452; ppageno 0'>
   <div class='ocr_carea' id='block_1_1' title="bbox 495 416 603 483">
    <p class='ocr_par' dir='ltr' id='par_1_1' title="bbox 495 416 603 483">
     <span class='ocr_line' id='line_1_1' title="bbox 495 416 603 483; baseline -0.037 0"><span class='ocrx_word' id='word_1_1' title='bbox 495 416 603 483; x_wconf 71' lang='grc'><strong>735</strong></span> 
     </span>
    </p>
   </div>
   <div class='ocr_carea' id='block_1_2' title="bbox 1428 403 2833 471">
    <p class='ocr_par' dir='ltr' id='par_1_2' title="bbox 1428 403 2833 471">
     <span class='ocr_line' id='line_1_2' title="bbox 1428 403 2833 471; baseline -0.005 0"><span class='ocrx_word' id='word_1_2' title='bbox 1428 410 1996 471; x_wconf 70' lang='lat' dir='ltr'><strong>THEOPHYLACTI</strong></span> <span class='ocrx_word' id='word_1_3' title='bbox 2032 407 2445 469; x_wconf 77' lang='lat' dir='ltr'><strong>DULGARLE</strong></span> <span class='ocrx_word' id='word_1_4' title='bbox 2477 403 2833 464; x_wconf 80' lang='lat' dir='ltr'><strong>ARCHIEP.</strong></span> 
     </span>
    </p>
   </div>
   <div class='ocr_carea' id='block_1_3' title="bbox 3638 393 3728 462">
    <p class='ocr_par' dir='ltr' id='par_1_3' title="bbox 3638 393 3728 462">
     <span class='ocr_line' id='line_1_3' title="bbox 3638 393 3728 462; baseline 0.033 -3"><span class='ocrx_word' id='word_1_5' title='bbox 3638 393 3728 462; x_wconf 81' lang='lat'><strong>736</strong></span> 
     </span>
    </p>
   </div>
   <div class='ocr_carea' id='block_1_4' title="bbox 497 485 2086 594">
    <p class='ocr_par' dir='ltr' id='par_1_4' title="bbox 497 522 2069 594">
     <span class='ocr_line' id='line_1_4' title="bbox 497 522 2069 594; baseline -0.01 -7"><span class='ocrx_word' id='word_1_6' title='bbox 497 529 786 587; x_wconf 85' lang='lat' dir='ltr'><strong>duodecim</strong></span> <span class='ocrx_word' id='word_1_7' title='bbox 809 539 1100 590; x_wconf 86' lang='lat' dir='ltr'><strong>annorum,</strong></span> <span class='ocrx_word' id='word_1_8' title='bbox 1125 525 1218 580; x_wconf 89' lang='lat' dir='ltr'><strong>sed</strong></span> <span class='ocrx_word' id='word_1_9' title='bbox 1252 522 1404 594; x_wconf 87' lang='lat' dir='ltr'><strong>quasi</strong></span> <span class='ocrx_word' id='word_1_10' title='bbox 1435 523 1696 591; x_wconf 78' lang='lat' dir='ltr'><strong>perfecto.</strong></span> <span class='ocrx_word' id='word_1_11' title='bbox 1722 522 1856 576; x_wconf 84' lang='lat' dir='ltr'><strong>Vide</strong></span> <span class='ocrx_word' id='word_1_12' title='bbox 1891 531 2069 574; x_wconf 83' lang='lat' dir='ltr'><strong>autem</strong></span> 
     </span>
    </p>
   </div>
   <div class='ocr_carea' id='block_1_5' title="bbox 2194 485 3728 594">
    <p class='ocr_par' dir='ltr' id='par_1_5' title="bbox 2194 495 3728 587">
     <span class='ocr_line' id='line_1_5' title="bbox 2194 495 3728 587; baseline -0.007 -16"><span class='ocrx_word' id='word_1_13' title='bbox 2194 495 2448 587; x_wconf 50' lang='grc' dir='ltr'>λεγόμενα</span> <span class='ocrx_word' id='word_1_14' title='bbox 2472 514 2622 584; x_wconf 78' lang='grc' dir='ltr'>παρὰ</span> <span class='ocrx_word' id='word_1_15' title='bbox 2652 512 2745 566; x_wconf 83' lang='grc' dir='ltr'><strong>τοῦ</strong></span> <span class='ocrx_word' id='word_1_16' title='bbox 2775 511 2986 574; x_wconf 64' lang='grc' dir='ltr'>παιδος,</span> <span class='ocrx_word' id='word_1_17' title='bbox 3009 511 3103 564; x_wconf 74' lang='grc' dir='ltr'>καὶ</span> <span class='ocrx_word' id='word_1_18' title='bbox 3132 510 3230 580; x_wconf 73' lang='grc' dir='ltr'>οὐχ</span> <span class='ocrx_word' id='word_1_19' title='bbox 3255 510 3327 576; x_wconf 83' lang='grc' dir='ltr'><strong>ὡς</strong></span> <span class='ocrx_word' id='word_1_20' title='bbox 3353 510 3728 576; x_wconf 75' lang='grc' dir='ltr'>δωδεκαιτοῦ,ο</span> 
     </span>
    </p>
   </div>
   <div class='ocr_carea' id='block_1_6' title="bbox 502 612 2075 691">
    <p class='ocr_par' dir='ltr' id='par_1_6' title="bbox 502 612 2075 691">
     <span class='ocr_line' id='line_1_6' title="bbox 502 612 2075 691; baseline -0.006 -16"><span class='ocrx_word' id='word_1_21' title='bbox 502 621 772 691; x_wconf 87' lang='lat' dir='ltr'><strong>quomodo</strong></span> <span class='ocrx_word' id='word_1_22' title='bbox 793 619 896 672; x_wconf 88' lang='lat' dir='ltr'><strong>hoc</strong></span> <span class='ocrx_word' id='word_1_23' title='bbox 926 617 1044 671; x_wconf 86' lang='lat' dir='ltr'><strong>loco</strong></span> <span class='ocrx_word' id='word_1_24' title='bbox 1070 614 1401 684; x_wconf 71' lang='lat' dir='ltr'><strong>evangelista</strong></span> <span class='ocrx_word' id='word_1_25' title='bbox 1428 614 1813 681; x_wconf 71' lang='lat' dir='ltr'><strong>interpretatur</strong></span> <span class='ocrx_word' id='word_1_26' title='bbox 1836 613 1962 681; x_wconf 85' lang='lat' dir='ltr'><strong>quid</strong></span> <span class='ocrx_word' id='word_1_27' title='bbox 2002 612 2075 665; x_wconf 93' lang='lat' dir='ltr'><strong>sit</strong></span> 
     </span>
    </p>
   </div>
   <div class='ocr_carea' id='block_1_7' title="bbox 467 701 2074 781">
    <p class='ocr_par' dir='ltr' id='par_1_7' title="bbox 467 701 2074 781">
     <span class='ocr_line' id='line_1_7' title="bbox 467 701 2074 781; baseline -0.006 -17"><span class='ocrx_word' id='word_1_28' title='bbox 467 710 763 781; x_wconf 78' lang='lat' dir='ltr'><strong>‘proﬁecrc</strong></span> <span class='ocrx_word' id='word_1_29' title='bbox 780 707 1076 780; x_wconf 77' lang='lat' dir='ltr'><strong>sapientia;</strong></span> <span class='ocrx_word' id='word_1_30' title='bbox 1100 706 1283 761; x_wconf 83' lang='lat' dir='ltr'><strong>subdit</strong></span> <span class='ocrx_word' id='word_1_31' title='bbox 1303 706 1470 770; x_wconf 86' lang='lat' dir='ltr'><strong>enim,</strong></span> <span class='ocrx_word' id='word_1_32' title='bbox 1492 715 1544 759; x_wconf 88' lang='lat' dir='ltr'><strong>et</strong></span> <span class='ocrx_word' id='word_1_33' title='bbox 1560 713 1740 759; x_wconf 68' lang='lat' dir='ltr'><strong>astate.</strong></span> <span class='ocrx_word' id='word_1_34' title='bbox 1763 701 2074 757; x_wconf 72' lang='lat' dir='ltr'><strong>Proiectum</strong></span> 
     </span>
    </p>
   </div>
   <div class='ocr_carea' id='block_1_8' title="bbox 502 795 2076 872">
    <p class='ocr_par' dir='ltr' id='par_1_8' title="bbox 502 795 2076 872">
     <span class='ocr_line' id='line_1_8' title="bbox 502 795 2076 872; baseline -0.005 -16"><span class='ocrx_word' id='word_1_35' title='bbox 502 816 681 858; x_wconf 79' lang='lat' dir='ltr'><strong>autem</strong></span> <span class='ocrx_word' id='word_1_36' title='bbox 715 804 913 869; x_wconf 66' lang='lat' dir='ltr'><strong>aetatis,</strong></span> <span class='ocrx_word' id='word_1_37' title='bbox 945 802 1224 872; x_wconf 80' lang='lat' dir='ltr'><strong>sapientiae</strong></span> <span class='ocrx_word' id='word_1_38' title='bbox 1253 799 1550 868; x_wconf 85' lang='lat' dir='ltr'><strong>profectum</strong></span> <span class='ocrx_word' id='word_1_39' title='bbox 1577 813 1694 853; x_wconf 87' lang='lat' dir='ltr'><strong>esse</strong></span> <span class='ocrx_word' id='word_1_40' title='bbox 1721 797 1876 852; x_wconf 86' lang='lat' dir='ltr'><strong>dicit.</strong></span> <span class='ocrx_word' id='word_1_41' title='bbox 1931 795 2076 851; x_wconf 83' lang='lat' dir='ltr'><strong>Gra-</strong></span> 
     </span>
    </p>
   </div>
   <div class='ocr_carea' id='block_1_9' title="bbox 503 891 2074 965">
    <p class='ocr_par' dir='ltr' id='par_1_9' title="bbox 503 891 2074 965">
     <span class='ocr_line' id='line_1_9' title="bbox 503 891 2074 965; baseline -0.004 -14"><span class='ocrx_word' id='word_1_42' title='bbox 503 898 636 951; x_wconf 87' lang='lat' dir='ltr'><strong>tiam</strong></span> <span class='ocrx_word' id='word_1_43' title='bbox 671 911 798 950; x_wconf 83' lang='lat' dir='ltr'><strong>vero</strong></span> <span class='ocrx_word' id='word_1_44' title='bbox 831 895 1067 950; x_wconf 85' lang='lat' dir='ltr'><strong>habebat</strong></span> <span class='ocrx_word' id='word_1_45' title='bbox 1099 897 1240 965; x_wconf 88' lang='lat' dir='ltr'><strong>apud</strong></span> <span class='ocrx_word' id='word_1_46' title='bbox 1289 894 1457 948; x_wconf 87' lang='lat' dir='ltr'><strong>Deum</strong></span> <span class='ocrx_word' id='word_1_47' title='bbox 1507 901 1562 945; x_wconf 91' lang='lat' dir='ltr'><strong>et</strong></span> <span class='ocrx_word' id='word_1_48' title='bbox 1613 891 1755 961; x_wconf 90' lang='lat' dir='ltr'><strong>apud</strong></span> <span class='ocrx_word' id='word_1_49' title='bbox 1804 891 2074 955; x_wconf 85' lang='lat' dir='ltr'><strong>homines,</strong></span> 
     </span>
    </p>
   </div>
   <div class='ocr_carea' id='block_1_10' title="bbox 507 980 2073 1055">
    <p class='ocr_par' dir='ltr' id='par_1_10' title="bbox 507 980 2073 1055">
     <span class='ocr_line' id='line_1_10' title="bbox 507 980 2073 1055; baseline -0.006 -14"><span class='ocrx_word' id='word_1_50' title='bbox 507 989 608 1042; x_wconf 90' lang='lat' dir='ltr'><strong>hoc</strong></span> <span class='ocrx_word' id='word_1_51' title='bbox 632 997 735 1052; x_wconf 87' lang='lat' dir='ltr'><strong>est,</strong></span> <span class='ocrx_word' id='word_1_52' title='bbox 802 986 994 1054; x_wconf 80' lang='lat' dir='ltr'><strong>agebat</strong></span> <span class='ocrx_word' id='word_1_53' title='bbox 1045 1000 1108 1040; x_wconf 86' lang='lat' dir='ltr'><strong>ea</strong></span> <span class='ocrx_word' id='word_1_54' title='bbox 1169 999 1289 1055; x_wconf 72' lang='lat' dir='ltr'><strong>qua:</strong></span> <span class='ocrx_word' id='word_1_55' title='bbox 1341 986 1447 1039; x_wconf 89' lang='lat' dir='ltr'><strong>Deo</strong></span> <span class='ocrx_word' id='word_1_56' title='bbox 1505 980 1836 1051; x_wconf 75' lang='lat' dir='ltr'><strong>beueplacita</strong></span> <span class='ocrx_word' id='word_1_57' title='bbox 1891 985 2073 1043; x_wconf 83' lang='lat' dir='ltr'><strong>erant,</strong></span> 
     </span>
    </p>
   </div>
   <div class='ocr_carea' id='block_1_11' title="bbox 503 1069 2074 1146">
    <p class='ocr_par' dir='ltr' id='par_1_11' title="bbox 503 1069 2074 1146">
     <span class='ocr_line' id='line_1_11' title="bbox 503 1069 2074 1146; baseline -0.003 -17"><span class='ocrx_word' id='word_1_58' title='bbox 503 1086 557 1130; x_wconf 89' lang='lat' dir='ltr'><strong>et</strong></span> <span class='ocrx_word' id='word_1_59' title='bbox 599 1094 716 1146; x_wconf 80' lang='lat' dir='ltr'><strong>quae</strong></span> <span class='ocrx_word' id='word_1_60' title='bbox 750 1078 961 1132; x_wconf 87' lang='lat' dir='ltr'><strong>laudata</strong></span> <span class='ocrx_word' id='word_1_61' title='bbox 990 1077 1060 1131; x_wconf 90' lang='lat' dir='ltr'><strong>ab</strong></span> <span class='ocrx_word' id='word_1_62' title='bbox 1087 1077 1414 1131; x_wconf 87' lang='lat' dir='ltr'><strong>hominibus.</strong></span> <span class='ocrx_word' id='word_1_63' title='bbox 1443 1074 1684 1128; x_wconf 86' lang='lat' dir='ltr'><strong>Primum</strong></span> <span class='ocrx_word' id='word_1_64' title='bbox 1714 1083 1896 1126; x_wconf 86' lang='lat' dir='ltr'><strong>autem</strong></span> <span class='ocrx_word' id='word_1_65' title='bbox 1934 1069 2074 1139; x_wconf 87' lang='lat' dir='ltr'><strong>apud</strong></span> 
     </span>
    </p>
   </div>
   <div class='ocr_carea' id='block_1_12' title="bbox 507 1161 2076 1236">
    <p class='ocr_par' dir='ltr' id='par_1_12' title="bbox 507 1161 2076 1236">
     <span class='ocr_line' id='line_1_12' title="bbox 507 1161 2076 1236; baseline -0.005 -17"><span class='ocrx_word' id='word_1_66' title='bbox 507 1167 698 1233; x_wconf 85' lang='lat' dir='ltr'><strong>Deum,</strong></span> <span class='ocrx_word' id='word_1_67' title='bbox 736 1178 786 1221; x_wconf 91' lang='lat' dir='ltr'><strong>ct</strong></span> <span class='ocrx_word' id='word_1_68' title='bbox 815 1176 1000 1236; x_wconf 88' lang='lat' dir='ltr'><strong>postea</strong></span> <span class='ocrx_word' id='word_1_69' title='bbox 1032 1167 1174 1235; x_wconf 86' lang='lat' dir='ltr'><strong>apud</strong></span> <span class='ocrx_word' id='word_1_70' title='bbox 1198 1165 1464 1220; x_wconf 89' lang='lat' dir='ltr'><strong>homines.</strong></span> <span class='ocrx_word' id='word_1_71' title='bbox 1489 1163 1728 1216; x_wconf 89' lang='lat' dir='ltr'><strong>Primum</strong></span> <span class='ocrx_word' id='word_1_72' title='bbox 1746 1161 1888 1215; x_wconf 87' lang='lat' dir='ltr'><strong>enim</strong></span> <span class='ocrx_word' id='word_1_73' title='bbox 1913 1174 2076 1228; x_wconf 88' lang='lat' dir='ltr'><strong>opor-</strong></span> 
     </span>
    </p>
   </div>
   <div class='ocr_carea' id='block_1_13' title="bbox 502 1254 1662 1326">
    <p class='ocr_par' dir='ltr' id='par_1_13' title="bbox 502 1254 1662 1326">
     <span class='ocr_line' id='line_1_13' title="bbox 502 1254 1662 1326; baseline -0.003 -17"><span class='ocrx_word' id='word_1_74' title='bbox 502 1267 578 1313; x_wconf 74' lang='lat' dir='ltr'><strong>tet</strong></span> <span class='ocrx_word' id='word_1_75' title='bbox 617 1255 726 1312; x_wconf 88' lang='lat' dir='ltr'><strong>Deo</strong></span> <span class='ocrx_word' id='word_1_76' title='bbox 756 1258 988 1326; x_wconf 85' lang='lat' dir='ltr'><strong>placere,</strong></span> <span class='ocrx_word' id='word_1_77' title='bbox 1024 1266 1078 1311; x_wconf 87' lang='lat' dir='ltr'><strong>et</strong></span> <span class='ocrx_word' id='word_1_78' title='bbox 1109 1256 1300 1311; x_wconf 88' lang='lat' dir='ltr'><strong>deinde</strong></span> <span class='ocrx_word' id='word_1_79' title='bbox 1333 1254 1662 1309; x_wconf 89' lang='lat' dir='ltr'><strong>hominibus.</strong></span> 
     </span>
    </p>
   </div>
   <div class='ocr_carea' id='block_1_14' title="bbox 1082 1450 1478 1508">
    <p class='ocr_par' dir='ltr' id='par_1_14' title="bbox 1082 1450 1478 1508">
     <span class='ocr_line' id='line_1_14' title="bbox 1082 1450 1478 1508; baseline -0.003 0"><span class='ocrx_word' id='word_1_80' title='bbox 1082 1451 1331 1508; x_wconf 77' lang='lat' dir='ltr'><strong>&#39;CAPUT</strong></span> <span class='ocrx_word' id='word_1_81' title='bbox 1395 1450 1478 1507; x_wconf 88' lang='lat' dir='ltr'><strong>Ill.</strong></span> 
     </span>
    </p>
   </div>
   <div class='ocr_carea' id='block_1_15' title="bbox 514 1657 2083 1726">
    <p class='ocr_par' dir='ltr' id='par_1_15' title="bbox 514 1657 2083 1726">
     <span class='ocr_line' id='line_1_15' title="bbox 514 1657 2083 1726; baseline 0.002 -16"><span class='ocrx_word' id='word_1_82' title='bbox 514 1658 588 1712; x_wconf 79' lang='lat' dir='ltr'><strong>De</strong></span> <span class='ocrx_word' id='word_1_83' title='bbox 627 1661 1000 1719; x_wconf 77' lang='lat' dir='ltr'><strong>prn‘dicatione</strong></span> <span class='ocrx_word' id='word_1_84' title='bbox 1028 1658 1277 1711; x_wconf 78' lang='lat' dir='ltr'><strong>Joannis.</strong></span> <span class='ocrx_word' id='word_1_85' title='bbox 1307 1657 1384 1711; x_wconf 86' lang='lat' dir='ltr'><strong>De</strong></span> <span class='ocrx_word' id='word_1_86' title='bbox 1410 1658 1854 1726; x_wconf 74' lang='lat' dir='ltr'><strong>interrogantibus</strong></span> <span class='ocrx_word' id='word_1_87' title='bbox 1913 1659 2083 1714; x_wconf 84' lang='lat' dir='ltr'><strong>Joan-</strong></span> 
     </span>
    </p>
   </div>
   <div class='ocr_carea' id='block_1_16' title="bbox 579 1727 2081 1796">
    <p class='ocr_par' dir='ltr' id='par_1_16' title="bbox 579 1727 2081 1796">
     <span class='ocr_line' id='line_1_16' title="bbox 579 1727 2081 1796; baseline 0.002 -16"><span class='ocrx_word' id='word_1_88' title='bbox 579 1745 713 1781; x_wconf 82' lang='lat' dir='ltr'><strong>nem.</strong></span> <span class='ocrx_word' id='word_1_89' title='bbox 748 1729 823 1783; x_wconf 89' lang='lat' dir='ltr'><strong>De</strong></span> <span class='ocrx_word' id='word_1_90' title='bbox 855 1728 1062 1782; x_wconf 80' lang='lat' dir='ltr'><strong>llerode</strong></span> <span class='ocrx_word' id='word_1_91' title='bbox 1092 1741 1137 1780; x_wconf 83' lang='lat' dir='ltr'><strong>et</strong></span> <span class='ocrx_word' id='word_1_92' title='bbox 1181 1727 1407 1796; x_wconf 66' lang='lat' dir='ltr'><strong>Joanne.</strong></span> <span class='ocrx_word' id='word_1_93' title='bbox 1444 1727 1519 1782; x_wconf 89' lang='lat' dir='ltr'><strong>De</strong></span> <span class='ocrx_word' id='word_1_94' title='bbox 1573 1729 1832 1796; x_wconf 78' lang='lat' dir='ltr'><strong>baptismo</strong></span> <span class='ocrx_word' id='word_1_95' title='bbox 1892 1729 2081 1784; x_wconf 78' lang='lat' dir='ltr'><strong>Salva-</strong></span> 
     </span>
    </p>
   </div>
   <div class='ocr_carea' id='block_1_17' title="bbox 579 1783 1424 1869">
    <p class='ocr_par' dir='ltr' id='par_1_17' title="bbox 579 1783 1424 1869">
     <span class='ocr_line' id='line_1_17' title="bbox 579 1783 1424 1869; baseline 0.004 -19"><span class='ocrx_word' id='word_1_96' title='bbox 579 1803 728 1852; x_wconf 80' lang='lat' dir='ltr'><strong>toris.</strong></span> <span class='ocrx_word' id='word_1_97' title='bbox 757 1798 836 1852; x_wconf 82' lang='lat' dir='ltr'><strong>De</strong></span> <span class='ocrx_word' id='word_1_98' title='bbox 861 1799 1167 1869; x_wconf 68' lang='lat' dir='ltr'><strong>genealogia</strong></span> <span class='ocrx_word' id='word_1_99' title='bbox 1208 1783 1424 1853; x_wconf 71' lang='lat' dir='ltr'><strong>Clu-isti.</strong></span> 
     </span>
    </p>
   </div>
   <div class='ocr_carea' id='block_1_18' title="bbox 585 2058 2083 2130">
    <p class='ocr_par' dir='ltr' id='par_1_18' title="bbox 585 2058 2083 2130">
     <span class='ocr_line' id='line_1_18' title="bbox 585 2058 2083 2130; baseline 0.001 -17"><span class='ocrx_word' id='word_1_100' title='bbox 585 2061 751 2114; x_wconf 73' lang='lat' dir='ltr'><strong>Vens.</strong></span> <span class='ocrx_word' id='word_1_101' title='bbox 779 2060 890 2115; x_wconf 73' lang='grc'><strong>1-5.</strong></span> <span class='ocrx_word' id='word_1_102' title='bbox 927 2079 946 2112; x_wconf 81' lang='grc' dir='ltr'><strong>ι</strong></span> <span class='ocrx_word' id='word_1_103' title='bbox 984 2059 1139 2113; x_wconf 83' lang='lat' dir='ltr'><strong>Anno</strong></span> <span class='ocrx_word' id='word_1_104' title='bbox 1178 2067 1356 2113; x_wconf 86' lang='lat' dir='ltr'><strong>autent</strong></span> <span class='ocrx_word' id='word_1_105' title='bbox 1391 2058 1601 2114; x_wconf 88' lang='lat' dir='ltr'><strong>decimo</strong></span> <span class='ocrx_word' id='word_1_106' title='bbox 1653 2059 1839 2128; x_wconf 87' lang='lat' dir='ltr'><strong>quinto</strong></span> <span class='ocrx_word' id='word_1_107' title='bbox 1872 2059 2083 2130; x_wconf 89' lang='lat' dir='ltr'><strong>imperii</strong></span> 
     </span>
    </p>
   </div>
   <div class='ocr_carea' id='block_1_19' title="bbox 511 2149 2084 2218">
    <p class='ocr_par' dir='ltr' id='par_1_19' title="bbox 511 2149 2084 2218">
     <span class='ocr_line' id='line_1_19' title="bbox 511 2149 2084 2218; baseline 0.002 -13"><span class='ocrx_word' id='word_1_108' title='bbox 511 2150 977 2213; x_wconf 66' lang='lat' dir='ltr'><strong>&#39;l‘iberiiCresaris,</strong></span> <span class='ocrx_word' id='word_1_109' title='bbox 997 2149 1187 2206; x_wconf 84' lang='lat' dir='ltr'><strong>Pontio</strong></span> <span class='ocrx_word' id='word_1_110' title='bbox 1209 2149 1381 2205; x_wconf 87' lang='lat' dir='ltr'><strong>Pilato</strong></span> <span class='ocrx_word' id='word_1_111' title='bbox 1401 2151 1626 2218; x_wconf 66' lang='lat' dir='ltr'><strong>pra-side</strong></span> <span class='ocrx_word' id='word_1_112' title='bbox 1647 2151 1864 2218; x_wconf 64' lang='lat' dir='ltr'><strong>Judmm,</strong></span> <span class='ocrx_word' id='word_1_113' title='bbox 1886 2162 2084 2208; x_wconf 88' lang='lat' dir='ltr'><strong>tetrar-</strong></span> 
     </span>
    </p>
   </div>
   <div class='ocr_carea' id='block_1_20' title="bbox 511 2240 2086 2312">
    <p class='ocr_par' dir='ltr' id='par_1_20' title="bbox 511 2240 2086 2312">
     <span class='ocr_line' id='line_1_20' title="bbox 511 2240 2086 2312; baseline 0.003 -18"><span class='ocrx_word' id='word_1_114' title='bbox 511 2245 610 2296; x_wconf 81' lang='lat' dir='ltr'><strong>cba</strong></span> <span class='ocrx_word' id='word_1_115' title='bbox 663 2257 791 2297; x_wconf 84' lang='lat' dir='ltr'><strong>vero</strong></span> <span class='ocrx_word' id='word_1_116' title='bbox 820 2240 1052 2296; x_wconf 71' lang='lat' dir='ltr'><strong>Galilteze</strong></span> <span class='ocrx_word' id='word_1_117' title='bbox 1103 2240 1337 2307; x_wconf 86' lang='lat' dir='ltr'><strong>Herode,</strong></span> <span class='ocrx_word' id='word_1_118' title='bbox 1391 2240 1641 2312; x_wconf 84' lang='lat' dir='ltr'><strong>Philippo</strong></span> <span class='ocrx_word' id='word_1_119' title='bbox 1701 2257 1879 2297; x_wconf 86' lang='lat' dir='ltr'><strong>autem</strong></span> <span class='ocrx_word' id='word_1_120' title='bbox 1919 2243 2086 2306; x_wconf 80' lang='lat' dir='ltr'><strong>fratre</strong></span> 
     </span>
    </p>
   </div>
   <div class='ocr_carea' id='block_1_21' title="bbox 509 2332 2086 2406">
    <p class='ocr_par' dir='ltr' id='par_1_21' title="bbox 509 2332 2086 2406">
     <span class='ocr_line' id='line_1_21' title="bbox 509 2332 2086 2406; baseline 0.004 -22"><span class='ocrx_word' id='word_1_121' title='bbox 509 2336 625 2401; x_wconf 69' lang='lat' dir='ltr'><strong>ejus</strong></span> <span class='ocrx_word' id='word_1_122' title='bbox 661 2335 930 2388; x_wconf 87' lang='lat' dir='ltr'><strong>tetrarcha</strong></span> <span class='ocrx_word' id='word_1_123' title='bbox 971 2332 1188 2387; x_wconf 76' lang='lat' dir='ltr'><strong>lturzea:</strong></span> <span class='ocrx_word' id='word_1_124' title='bbox 1222 2344 1276 2388; x_wconf 91' lang='lat' dir='ltr'><strong>et</strong></span> <span class='ocrx_word' id='word_1_125' title='bbox 1310 2332 1715 2389; x_wconf 76' lang='lat' dir='ltr'><strong>Trachonitidis</strong></span> <span class='ocrx_word' id='word_1_126' title='bbox 1757 2336 2012 2406; x_wconf 74' lang='lat' dir='ltr'><strong>regionis,</strong></span> <span class='ocrx_word' id='word_1_127' title='bbox 2032 2347 2086 2392; x_wconf 89' lang='lat' dir='ltr'><strong>et</strong></span> 
     </span>
    </p>
   </div>
   <div class='ocr_carea' id='block_1_22' title="bbox 512 2426 2084 2497">
    <p class='ocr_par' dir='ltr' id='par_1_22' title="bbox 512 2426 2084 2497">
     <span class='ocr_line' id='line_1_22' title="bbox 512 2426 2084 2497; baseline 0.003 -18"><span class='ocrx_word' id='word_1_128' title='bbox 512 2427 738 2497; x_wconf 79' lang='lat' dir='ltr'><strong>Lysauia</strong></span> <span class='ocrx_word' id='word_1_129' title='bbox 765 2426 1018 2480; x_wconf 84' lang='lat' dir='ltr'><strong>Abilenes</strong></span> <span class='ocrx_word' id='word_1_130' title='bbox 1052 2428 1346 2492; x_wconf 86' lang='lat' dir='ltr'><strong>tetrarcha,</strong></span> <span class='ocrx_word' id='word_1_131' title='bbox 1401 2427 1500 2480; x_wconf 89' lang='lat' dir='ltr'><strong>sub</strong></span> <span class='ocrx_word' id='word_1_132' title='bbox 1552 2427 1897 2497; x_wconf 88' lang='lat' dir='ltr'><strong>pontiﬁcibus</strong></span> <span class='ocrx_word' id='word_1_133' title='bbox 1927 2429 2084 2484; x_wconf 79' lang='lat' dir='ltr'><strong>Anna</strong></span> 
     </span>
    </p>
   </div>
   <div class='ocr_carea' id='block_1_23' title="bbox 509 2518 2085 2588">
    <p class='ocr_par' dir='ltr' id='par_1_23' title="bbox 509 2518 2085 2588">
     <span class='ocr_line' id='line_1_23' title="bbox 509 2518 2085 2588; baseline 0.003 -16"><span class='ocrx_word' id='word_1_134' title='bbox 509 2532 562 2572; x_wconf 85' lang='lat' dir='ltr'><strong>et</strong></span> <span class='ocrx_word' id='word_1_135' title='bbox 588 2519 814 2588; x_wconf 86' lang='lat' dir='ltr'><strong>Caipha,</strong></span> <span class='ocrx_word' id='word_1_136' title='bbox 851 2518 1054 2573; x_wconf 82' lang='lat' dir='ltr'><strong>factum</strong></span> <span class='ocrx_word' id='word_1_137' title='bbox 1086 2531 1172 2574; x_wconf 90' lang='lat' dir='ltr'><strong>est</strong></span> <span class='ocrx_word' id='word_1_138' title='bbox 1217 2521 1439 2574; x_wconf 82' lang='lat' dir='ltr'><strong>verbum</strong></span> <span class='ocrx_word' id='word_1_139' title='bbox 1471 2518 1562 2573; x_wconf 88' lang='lat' dir='ltr'><strong>Dei</strong></span> <span class='ocrx_word' id='word_1_140' title='bbox 1617 2535 1778 2588; x_wconf 87' lang='lat' dir='ltr'><strong>super</strong></span> <span class='ocrx_word' id='word_1_141' title='bbox 1823 2519 2085 2576; x_wconf 89' lang='lat' dir='ltr'><strong>Joannem</strong></span> 
     </span>
    </p>
   </div>
   <div class='ocr_carea' id='block_1_24' title="bbox 511 2610 2087 2668">
    <p class='ocr_par' dir='ltr' id='par_1_24' title="bbox 511 2610 2087 2668">
     <span class='ocr_line' id='line_1_24' title="bbox 511 2610 2087 2668; baseline 0.003 -5"><span class='ocrx_word' id='word_1_142' title='bbox 511 2610 787 2665; x_wconf 62' lang='lat' dir='ltr'><strong>Zacharias</strong></span> <span class='ocrx_word' id='word_1_143' title='bbox 819 2611 985 2664; x_wconf 90' lang='lat' dir='ltr'><strong>ﬁlium</strong></span> <span class='ocrx_word' id='word_1_144' title='bbox 1014 2612 1066 2665; x_wconf 92' lang='lat' dir='ltr'><strong>in</strong></span> <span class='ocrx_word' id='word_1_145' title='bbox 1100 2611 1334 2666; x_wconf 89' lang='lat' dir='ltr'><strong>deserto.</strong></span> <span class='ocrx_word' id='word_1_146' title='bbox 1365 2610 1431 2665; x_wconf 86' lang='lat' dir='ltr'><strong>Et</strong></span> <span class='ocrx_word' id='word_1_147' title='bbox 1468 2612 1616 2666; x_wconf 83' lang='lat' dir='ltr'><strong>venit</strong></span> <span class='ocrx_word' id='word_1_148' title='bbox 1649 2612 1700 2666; x_wconf 92' lang='lat' dir='ltr'><strong>in</strong></span> <span class='ocrx_word' id='word_1_149' title='bbox 1753 2629 1968 2668; x_wconf 91' lang='lat' dir='ltr'><strong>omnem</strong></span> <span class='ocrx_word' id='word_1_150' title='bbox 1999 2629 2087 2668; x_wconf 88' lang='lat' dir='ltr'><strong>re-</strong></span> 
     </span>
    </p>
   </div>
   <div class='ocr_carea' id='block_1_25' title="bbox 511 2702 2084 2776">
    <p class='ocr_par' dir='ltr' id='par_1_25' title="bbox 511 2702 2084 2776">
     <span class='ocr_line' id='line_1_25' title="bbox 511 2702 2084 2776; baseline 0.003 -20"><span class='ocrx_word' id='word_1_151' title='bbox 511 2705 722 2774; x_wconf 74' lang='lat' dir='ltr'><strong>gionem</strong></span> <span class='ocrx_word' id='word_1_152' title='bbox 779 2702 1063 2758; x_wconf 83' lang='lat' dir='ltr'><strong>ﬁnitimam</strong></span> <span class='ocrx_word' id='word_1_153' title='bbox 1103 2702 1350 2770; x_wconf 89' lang='lat' dir='ltr'><strong>Jordani,</strong></span> <span class='ocrx_word' id='word_1_154' title='bbox 1407 2705 1706 2774; x_wconf 64' lang='lat' dir='ltr'><strong>praedicans</strong></span> <span class='ocrx_word' id='word_1_155' title='bbox 1761 2705 2084 2776; x_wconf 84' lang='lat' dir='ltr'><strong>baptismum</strong></span> 
     </span>
    </p>
   </div>
   <div class='ocr_carea' id='block_1_26' title="bbox 509 2781 2086 2866">
    <p class='ocr_par' dir='ltr' id='par_1_26' title="bbox 509 2781 2086 2866">
     <span class='ocr_line' id='line_1_26' title="bbox 509 2781 2086 2866; baseline 0.004 -19"><span class='ocrx_word' id='word_1_156' title='bbox 509 2795 865 2866; x_wconf 59' lang='lat' dir='ltr'><strong>paenitentiae,</strong></span> <span class='ocrx_word' id='word_1_157' title='bbox 901 2795 953 2849; x_wconf 91' lang='lat' dir='ltr'><strong>in</strong></span> <span class='ocrx_word' id='word_1_158' title='bbox 993 2796 1366 2856; x_wconf 88' lang='lat' dir='ltr'><strong>remissionem</strong></span> <span class='ocrx_word' id='word_1_159' title='bbox 1425 2808 1792 2866; x_wconf 86' lang='lat' dir='ltr'><strong>peccatorum.</strong></span> <span class='ocrx_word' id='word_1_160' title='bbox 1834 2817 1852 2850; x_wconf 78' lang='grc' dir='ltr'><strong>ι</strong></span> <span class='ocrx_word' id='word_1_161' title='bbox 1914 2781 2086 2854; x_wconf 66' lang='lat' dir='ltr'><strong>Recte</strong></span> 
     </span>
    </p>
   </div>
   <div class='ocr_carea' id='block_1_27' title="bbox 511 2877 2089 2962">
    <p class='ocr_par' dir='ltr' id='par_1_27' title="bbox 511 2877 2089 2962">
     <span class='ocr_line' id='line_1_27' title="bbox 511 2877 2089 2962; baseline 0.002 -18"><span class='ocrx_word' id='word_1_162' title='bbox 511 2905 720 2944; x_wconf 86' lang='lat' dir='ltr'><strong>memor</strong></span> <span class='ocrx_word' id='word_1_163' title='bbox 752 2898 910 2945; x_wconf 89' lang='lat' dir='ltr'><strong>estet</strong></span> <span class='ocrx_word' id='word_1_164' title='bbox 949 2891 1225 2959; x_wconf 85' lang='lat' dir='ltr'><strong>temporis,</strong></span> <span class='ocrx_word' id='word_1_165' title='bbox 1267 2898 1320 2946; x_wconf 88' lang='lat' dir='ltr'><strong>et.</strong></span> <span class='ocrx_word' id='word_1_166' title='bbox 1365 2892 1665 2962; x_wconf 88' lang='lat' dir='ltr'><strong>principum</strong></span> <span class='ocrx_word' id='word_1_167' title='bbox 1718 2877 1973 2946; x_wconf 83' lang='lat' dir='ltr'><strong>illorum:</strong></span> <span class='ocrx_word' id='word_1_168' title='bbox 2029 2900 2089 2947; x_wconf 86' lang='lat' dir='ltr'><strong>ut</strong></span> 
     </span>
    </p>
   </div>
   <div class='ocr_carea' id='block_1_28' title="bbox 510 2982 2089 3052">
    <p class='ocr_par' dir='ltr' id='par_1_28' title="bbox 510 2982 2089 3052">
     <span class='ocr_line' id='line_1_28' title="bbox 510 2982 2089 3052; baseline 0.001 -14"><span class='ocrx_word' id='word_1_169' title='bbox 510 2982 592 3038; x_wconf 75' lang='lat' dir='ltr'><strong>sic</strong></span> <span class='ocrx_word' id='word_1_170' title='bbox 624 2982 962 3038; x_wconf 88' lang='lat' dir='ltr'><strong>demonstret</strong></span> <span class='ocrx_word' id='word_1_171' title='bbox 992 2991 1232 3052; x_wconf 89' lang='lat' dir='ltr'><strong>tempore</strong></span> <span class='ocrx_word' id='word_1_172' title='bbox 1292 2982 1493 3038; x_wconf 89' lang='lat' dir='ltr'><strong>Christi</strong></span> <span class='ocrx_word' id='word_1_173' title='bbox 1541 2984 1804 3040; x_wconf 81' lang='lat' dir='ltr'><strong>defecisse</strong></span> <span class='ocrx_word' id='word_1_174' title='bbox 1834 2982 2089 3039; x_wconf 83' lang='lat' dir='ltr'><strong>Judaico-</strong></span> 
     </span>
    </p>
   </div>
   <div class='ocr_carea' id='block_1_29' title="bbox 509 3075 2086 3146">
    <p class='ocr_par' dir='ltr' id='par_1_29' title="bbox 509 3075 2086 3146">
     <span class='ocr_line' id='line_1_29' title="bbox 509 3075 2086 3146; baseline 0.002 -18"><span class='ocrx_word' id='word_1_175' title='bbox 509 3089 631 3128; x_wconf 84' lang='lat' dir='ltr'><strong>rum</strong></span> <span class='ocrx_word' id='word_1_176' title='bbox 668 3075 972 3144; x_wconf 89' lang='lat' dir='ltr'><strong>principum</strong></span> <span class='ocrx_word' id='word_1_177' title='bbox 1008 3076 1430 3140; x_wconf 88' lang='lat' dir='ltr'><strong>successionem,</strong></span> <span class='ocrx_word' id='word_1_178' title='bbox 1463 3076 1834 3146; x_wconf 62' lang='lat' dir='ltr'><strong>praesidiatum</strong></span> <span class='ocrx_word' id='word_1_179' title='bbox 1870 3075 2086 3145; x_wconf 90' lang='lat' dir='ltr'><strong>quidem</strong></span> 
     </span>
    </p>
   </div>
   <div class='ocr_carea' id='block_1_30' title="bbox 511 3165 2084 3236">
    <p class='ocr_par' dir='ltr' id='par_1_30' title="bbox 511 3165 2084 3236">
     <span class='ocr_line' id='line_1_30' title="bbox 511 3165 2084 3236; baseline 0.001 -14"><span class='ocrx_word' id='word_1_180' title='bbox 511 3165 686 3222; x_wconf 87' lang='lat' dir='ltr'><strong>Pilato</strong></span> <span class='ocrx_word' id='word_1_181' title='bbox 722 3167 936 3222; x_wconf 79' lang='lat' dir='ltr'><strong>homine</strong></span> <span class='ocrx_word' id='word_1_182' title='bbox 965 3167 1400 3236; x_wconf 78' lang='lat' dir='ltr'><strong>alteriusgentis,</strong></span> <span class='ocrx_word' id='word_1_183' title='bbox 1456 3169 1845 3223; x_wconf 86' lang='lat' dir='ltr'><strong>tetrarchatum</strong></span> <span class='ocrx_word' id='word_1_184' title='bbox 1903 3178 2084 3223; x_wconf 88' lang='lat' dir='ltr'><strong>autem</strong></span> 
     </span>
    </p>
   </div>
   <div class='ocr_carea' id='block_1_31' title="bbox 517 3257 2090 3329">
    <p class='ocr_par' dir='ltr' id='par_1_31' title="bbox 517 3257 2090 3329">
     <span class='ocr_line' id='line_1_31' title="bbox 517 3257 2090 3329; baseline 0.003 -17"><span class='ocrx_word' id='word_1_185' title='bbox 517 3257 748 3312; x_wconf 82' lang='lat' dir='ltr'><strong>Herodis</strong></span> <span class='ocrx_word' id='word_1_186' title='bbox 796 3258 1116 3313; x_wconf 79' lang='lat' dir='ltr'><strong>Ascalonita:</strong></span> <span class='ocrx_word' id='word_1_187' title='bbox 1176 3258 1298 3312; x_wconf 91' lang='lat' dir='ltr'><strong>ﬁliis</strong></span> <span class='ocrx_word' id='word_1_188' title='bbox 1334 3261 1643 3316; x_wconf 86' lang='lat' dir='ltr'><strong>tenentibus</strong></span> <span class='ocrx_word' id='word_1_189' title='bbox 1679 3279 1693 3315; x_wconf 86' lang='lat'><strong>:</strong></span> <span class='ocrx_word' id='word_1_190' title='bbox 1729 3261 2090 3329; x_wconf 69' lang='lat' dir='ltr'><strong>credaturque</strong></span> 
     </span>
    </p>
   </div>
   <div class='ocr_carea' id='block_1_32' title="bbox 511 3349 2090 3422">
    <p class='ocr_par' dir='ltr' id='par_1_32' title="bbox 511 3349 2090 3422">
     <span class='ocr_line' id='line_1_32' title="bbox 511 3349 2090 3422; baseline 0.004 -19"><span class='ocrx_word' id='word_1_191' title='bbox 511 3349 710 3403; x_wconf 84' lang='lat' dir='ltr'><strong>merito</strong></span> <span class='ocrx_word' id='word_1_192' title='bbox 741 3351 930 3404; x_wconf 86' lang='lat' dir='ltr'><strong>adesse</strong></span> <span class='ocrx_word' id='word_1_193' title='bbox 964 3349 1232 3415; x_wconf 86' lang='lat' dir='ltr'><strong>Christus,</strong></span> <span class='ocrx_word' id='word_1_194' title='bbox 1276 3350 1426 3417; x_wconf 81' lang='lat' dir='ltr'><strong>juxta</strong></span> <span class='ocrx_word' id='word_1_195' title='bbox 1458 3352 1794 3422; x_wconf 90' lang='lat' dir='ltr'><strong>prophetiam</strong></span> <span class='ocrx_word' id='word_1_196' title='bbox 1833 3351 2000 3406; x_wconf 84' lang='lat' dir='ltr'><strong>Jacob</strong></span> <span class='ocrx_word' id='word_1_197' title='bbox 2021 3354 2090 3409; x_wconf 81' lang='lat'><strong>“.</strong></span> 
     </span>
    </p>
   </div>
   <div class='ocr_carea' id='block_1_33' title="bbox 523 3439 2094 3513">
    <p class='ocr_par' dir='ltr' id='par_1_33' title="bbox 523 3439 2094 3513">
     <span class='ocr_line' id='line_1_33' title="bbox 523 3439 2094 3513; baseline 0.003 -19"><span class='ocrx_word' id='word_1_198' title='bbox 523 3459 544 3494; x_wconf 81' lang='grc' dir='ltr'><strong>ι</strong></span> <span class='ocrx_word' id='word_1_199' title='bbox 572 3439 799 3496; x_wconf 88' lang='lat' dir='ltr'><strong>Factum</strong></span> <span class='ocrx_word' id='word_1_200' title='bbox 835 3451 918 3497; x_wconf 92' lang='lat' dir='ltr'><strong>cst</strong></span> <span class='ocrx_word' id='word_1_201' title='bbox 938 3451 1141 3507; x_wconf 88' lang='lat' dir='ltr'><strong>autem,</strong></span> <span class='ocrx_word' id='word_1_202' title='bbox 1167 3442 1362 3510; x_wconf 90' lang='lat' dir='ltr'><strong>inquit,</strong></span> <span class='ocrx_word' id='word_1_203' title='bbox 1386 3444 1610 3498; x_wconf 88' lang='lat' dir='ltr'><strong>verbum</strong></span> <span class='ocrx_word' id='word_1_204' title='bbox 1633 3444 1724 3498; x_wconf 91' lang='lat' dir='ltr'><strong>Dei</strong></span> <span class='ocrx_word' id='word_1_205' title='bbox 1747 3459 1909 3513; x_wconf 88' lang='lat' dir='ltr'><strong>super</strong></span> <span class='ocrx_word' id='word_1_206' title='bbox 1928 3443 2094 3498; x_wconf 88' lang='lat' dir='ltr'><strong>Joan-</strong></span> 
     </span>
    </p>
   </div>
   <div class='ocr_carea' id='block_1_34' title="bbox 514 3533 2091 3606">
    <p class='ocr_par' dir='ltr' id='par_1_34' title="bbox 514 3533 2091 3606">
     <span class='ocr_line' id='line_1_34' title="bbox 514 3533 2091 3606; baseline 0.004 -22"><span class='ocrx_word' id='word_1_207' title='bbox 514 3547 685 3587; x_wconf 87' lang='lat' dir='ltr'><strong>nem:</strong></span> <span class='ocrx_word' id='word_1_208' title='bbox 724 3551 743 3584; x_wconf 77' lang='grc' dir='ltr'><strong>ι</strong></span> <span class='ocrx_word' id='word_1_209' title='bbox 788 3543 845 3586; x_wconf 85' lang='grc' dir='ltr'><strong>ιιι</strong></span> <span class='ocrx_word' id='word_1_210' title='bbox 889 3533 1069 3589; x_wconf 87' lang='lat' dir='ltr'><strong>discas</strong></span> <span class='ocrx_word' id='word_1_211' title='bbox 1100 3533 1246 3587; x_wconf 92' lang='lat' dir='ltr'><strong>illum</strong></span> <span class='ocrx_word' id='word_1_212' title='bbox 1283 3550 1392 3588; x_wconf 91' lang='lat' dir='ltr'><strong>non</strong></span> <span class='ocrx_word' id='word_1_213' title='bbox 1451 3545 1675 3603; x_wconf 88' lang='lat' dir='ltr'><strong>temere,</strong></span> <span class='ocrx_word' id='word_1_214' title='bbox 1732 3551 1904 3606; x_wconf 89' lang='lat' dir='ltr'><strong>neque</strong></span> <span class='ocrx_word' id='word_1_215' title='bbox 1955 3539 2091 3591; x_wconf 85' lang='lat' dir='ltr'><strong>citra</strong></span> 
     </span>
    </p>
   </div>
   <div class='ocr_carea' id='block_1_35' title="bbox 512 3624 2089 3700">
    <p class='ocr_par' dir='ltr' id='par_1_35' title="bbox 512 3624 2089 3700">
     <span class='ocr_line' id='line_1_35' title="bbox 512 3624 2089 3700; baseline 0.006 -23"><span class='ocrx_word' id='word_1_216' title='bbox 512 3625 852 3679; x_wconf 69' lang='lat' dir='ltr'><strong>Vocationctn</strong></span> <span class='ocrx_word' id='word_1_217' title='bbox 918 3625 983 3679; x_wconf 90' lang='lat' dir='ltr'><strong>ad</strong></span> <span class='ocrx_word' id='word_1_218' title='bbox 1048 3624 1446 3680; x_wconf 88' lang='lat' dir='ltr'><strong>testiﬁcandum</strong></span> <span class='ocrx_word' id='word_1_219' title='bbox 1517 3629 1730 3684; x_wconf 87' lang='lat' dir='ltr'><strong>Christo</strong></span> <span class='ocrx_word' id='word_1_220' title='bbox 1776 3631 2089 3700; x_wconf 86' lang='lat' dir='ltr'><strong>prosiliisse,</strong></span> 
     </span>
    </p>
   </div>
   <div class='ocr_carea' id='block_1_36' title="bbox 514 3715 2086 3791">
    <p class='ocr_par' dir='ltr' id='par_1_36' title="bbox 514 3715 2086 3791">
     <span class='ocr_line' id='line_1_36' title="bbox 514 3715 2086 3791; baseline 0.005 -22"><span class='ocrx_word' id='word_1_221' title='bbox 514 3717 610 3770; x_wconf 80' lang='lat' dir='ltr'><strong>sed</strong></span> <span class='ocrx_word' id='word_1_222' title='bbox 657 3717 842 3772; x_wconf 91' lang='lat' dir='ltr'><strong>divino</strong></span> <span class='ocrx_word' id='word_1_223' title='bbox 871 3727 1078 3770; x_wconf 88' lang='lat' dir='ltr'><strong>motum</strong></span> <span class='ocrx_word' id='word_1_224' title='bbox 1133 3715 1356 3785; x_wconf 89' lang='lat' dir='ltr'><strong>Spiritu.</strong></span> <span class='ocrx_word' id='word_1_225' title='bbox 1390 3717 1492 3773; x_wconf 89' lang='lat' dir='ltr'><strong>Per</strong></span> <span class='ocrx_word' id='word_1_226' title='bbox 1551 3721 1775 3775; x_wconf 81' lang='lat' dir='ltr'><strong>verbum</strong></span> <span class='ocrx_word' id='word_1_227' title='bbox 1842 3722 2086 3791; x_wconf 78' lang='lat' dir='ltr'><strong>intellige</strong></span> 
     </span>
    </p>
   </div>
   <div class='ocr_carea' id='block_1_37' title="bbox 515 3808 2087 3879">
    <p class='ocr_par' dir='ltr' id='par_1_37' title="bbox 515 3808 2087 3879">
     <span class='ocr_line' id='line_1_37' title="bbox 515 3808 2087 3879; baseline 0.004 -16"><span class='ocrx_word' id='word_1_228' title='bbox 515 3808 776 3879; x_wconf 88' lang='lat' dir='ltr'><strong>Spiritum</strong></span> <span class='ocrx_word' id='word_1_229' title='bbox 810 3819 1078 3875; x_wconf 90' lang='lat' dir='ltr'><strong>sanctum,</strong></span> <span class='ocrx_word' id='word_1_230' title='bbox 1119 3809 1203 3865; x_wconf 90' lang='lat' dir='ltr'><strong>vel</strong></span> <span class='ocrx_word' id='word_1_231' title='bbox 1240 3810 1549 3864; x_wconf 88' lang='lat' dir='ltr'><strong>mandatum</strong></span> <span class='ocrx_word' id='word_1_232' title='bbox 1579 3812 1695 3869; x_wconf 90' lang='lat' dir='ltr'><strong>Dei.</strong></span> <span class='ocrx_word' id='word_1_233' title='bbox 1730 3812 1956 3868; x_wconf 85' lang='lat' dir='ltr'><strong>Factum</strong></span> <span class='ocrx_word' id='word_1_234' title='bbox 2004 3823 2087 3869; x_wconf 87' lang='lat' dir='ltr'><strong>est</strong></span> 
     </span>
    </p>
   </div>
   <div class='ocr_carea' id='block_1_38' title="bbox 519 3901 2090 3976">
    <p class='ocr_par' dir='ltr' id='par_1_38' title="bbox 519 3901 2090 3976">
     <span class='ocr_line' id='line_1_38' title="bbox 519 3901 2090 3976; baseline 0.001 -19"><span class='ocrx_word' id='word_1_235' title='bbox 519 3910 700 3957; x_wconf 90' lang='lat' dir='ltr'><strong>autem</strong></span> <span class='ocrx_word' id='word_1_236' title='bbox 743 3902 794 3955; x_wconf 92' lang='lat' dir='ltr'><strong>in</strong></span> <span class='ocrx_word' id='word_1_237' title='bbox 826 3901 1042 3956; x_wconf 87' lang='lat' dir='ltr'><strong>deserto</strong></span> <span class='ocrx_word' id='word_1_238' title='bbox 1077 3901 1300 3956; x_wconf 87' lang='lat' dir='ltr'><strong>verbum</strong></span> <span class='ocrx_word' id='word_1_239' title='bbox 1321 3901 1413 3957; x_wconf 90' lang='lat' dir='ltr'><strong>Dei</strong></span> <span class='ocrx_word' id='word_1_240' title='bbox 1439 3904 1506 3957; x_wconf 92' lang='lat' dir='ltr'><strong>ad</strong></span> <span class='ocrx_word' id='word_1_241' title='bbox 1527 3901 1816 3972; x_wconf 83' lang='lat' dir='ltr'><strong>Joannem,</strong></span> <span class='ocrx_word' id='word_1_242' title='bbox 1850 3905 2090 3976; x_wconf 81' lang='lat' dir='ltr'><strong>quando-</strong></span> 
     </span>
    </p>
   </div>
   <div class='ocr_carea' id='block_1_39' title="bbox 521 3994 2088 4065">
    <p class='ocr_par' dir='ltr' id='par_1_39' title="bbox 521 3994 2088 4065">
     <span class='ocr_line' id='line_1_39' title="bbox 521 3994 2088 4065; baseline 0.002 -18"><span class='ocrx_word' id='word_1_243' title='bbox 521 3995 739 4065; x_wconf 87' lang='lat' dir='ltr'><strong>quidem</strong></span> <span class='ocrx_word' id='word_1_244' title='bbox 777 3996 919 4049; x_wconf 88' lang='lat' dir='ltr'><strong>enim</strong></span> <span class='ocrx_word' id='word_1_245' title='bbox 955 3994 1094 4049; x_wconf 92' lang='lat' dir='ltr'><strong>ﬁlios</strong></span> <span class='ocrx_word' id='word_1_246' title='bbox 1153 3997 1380 4049; x_wconf 68' lang='lat' dir='ltr'><strong>deserta:</strong></span> <span class='ocrx_word' id='word_1_247' title='bbox 1441 3996 1898 4065; x_wconf 89' lang='lat' dir='ltr'><strong>multiplicaturus</strong></span> <span class='ocrx_word' id='word_1_248' title='bbox 1947 4007 2088 4062; x_wconf 90' lang='lat' dir='ltr'><strong>erat,</strong></span> 
     </span>
    </p>
   </div>
   <div class='ocr_carea' id='block_1_40' title="bbox 512 4086 2092 4162">
    <p class='ocr_par' dir='ltr' id='par_1_40' title="bbox 512 4086 2092 4162">
     <span class='ocr_line' id='line_1_40' title="bbox 512 4086 2092 4162; baseline 0.003 -21"><span class='ocrx_word' id='word_1_249' title='bbox 512 4086 812 4142; x_wconf 86' lang='lat' dir='ltr'><strong>Ecclesiam</strong></span> <span class='ocrx_word' id='word_1_250' title='bbox 856 4087 979 4142; x_wconf 89' lang='lat' dir='ltr'><strong>dico</strong></span> <span class='ocrx_word' id='word_1_251' title='bbox 1012 4102 1074 4142; x_wconf 83' lang='lat' dir='ltr'><strong>ex</strong></span> <span class='ocrx_word' id='word_1_252' title='bbox 1111 4087 1384 4156; x_wconf 78' lang='lat' dir='ltr'><strong>gentibus,</strong></span> <span class='ocrx_word' id='word_1_253' title='bbox 1423 4088 1595 4158; x_wconf 78' lang='lat' dir='ltr'><strong>magis</strong></span> <span class='ocrx_word' id='word_1_254' title='bbox 1628 4104 1790 4158; x_wconf 90' lang='lat' dir='ltr'><strong>quam</strong></span> <span class='ocrx_word' id='word_1_255' title='bbox 1814 4089 1930 4157; x_wconf 85' lang='lat' dir='ltr'><strong>ejus</strong></span> <span class='ocrx_word' id='word_1_256' title='bbox 1972 4105 2092 4162; x_wconf 85' lang='lat' dir='ltr'><strong>quae</strong></span> 
     </span>
    </p>
   </div>
   <div class='ocr_carea' id='block_1_41' title="bbox 511 4175 2092 4251">
    <p class='ocr_par' dir='ltr' id='par_1_41' title="bbox 511 4175 2092 4251">
     <span class='ocr_line' id='line_1_41' title="bbox 511 4175 2092 4251; baseline 0.003 -18"><span class='ocrx_word' id='word_1_257' title='bbox 511 4179 680 4233; x_wconf 87' lang='lat' dir='ltr'><strong>habet</strong></span> <span class='ocrx_word' id='word_1_258' title='bbox 706 4178 906 4245; x_wconf 87' lang='lat' dir='ltr'><strong>virum,</strong></span> <span class='ocrx_word' id='word_1_259' title='bbox 938 4177 1040 4232; x_wconf 92' lang='lat' dir='ltr'><strong>hoc</strong></span> <span class='ocrx_word' id='word_1_260' title='bbox 1091 4186 1196 4244; x_wconf 84' lang='lat' dir='ltr'><strong>est,</strong></span> <span class='ocrx_word' id='word_1_261' title='bbox 1243 4175 1484 4233; x_wconf 69' lang='lat' dir='ltr'><strong>Judaica:</strong></span> <span class='ocrx_word' id='word_1_262' title='bbox 1539 4178 1858 4251; x_wconf 67' lang='lat' dir='ltr'><strong>Syuagogw,</strong></span> <span class='ocrx_word' id='word_1_263' title='bbox 1895 4183 2092 4238; x_wconf 90' lang='lat' dir='ltr'><strong>merito</strong></span> 
     </span>
    </p>
   </div>
   <div class='ocr_carea' id='block_1_42' title="bbox 521 4269 2089 4330">
    <p class='ocr_par' dir='ltr' id='par_1_42' title="bbox 521 4269 2089 4330">
     <span class='ocr_line' id='line_1_42' title="bbox 521 4269 2089 4330; baseline 0.003 -6"><span class='ocrx_word' id='word_1_264' title='bbox 521 4273 576 4324; x_wconf 91' lang='lat' dir='ltr'><strong>in</strong></span> <span class='ocrx_word' id='word_1_265' title='bbox 607 4271 828 4324; x_wconf 88' lang='lat' dir='ltr'><strong>deserto</strong></span> <span class='ocrx_word' id='word_1_266' title='bbox 859 4271 917 4322; x_wconf 90' lang='lat' dir='ltr'><strong>ﬁt</strong></span> <span class='ocrx_word' id='word_1_267' title='bbox 950 4271 1015 4323; x_wconf 90' lang='lat' dir='ltr'><strong>ad</strong></span> <span class='ocrx_word' id='word_1_268' title='bbox 1064 4269 1325 4326; x_wconf 86' lang='lat' dir='ltr'><strong>Joannem</strong></span> <span class='ocrx_word' id='word_1_269' title='bbox 1400 4272 1620 4325; x_wconf 88' lang='lat' dir='ltr'><strong>verbum</strong></span> <span class='ocrx_word' id='word_1_270' title='bbox 1678 4282 1731 4325; x_wconf 85' lang='lat' dir='ltr'><strong>et</strong></span> <span class='ocrx_word' id='word_1_271' title='bbox 1780 4275 2089 4330; x_wconf 89' lang='lat' dir='ltr'><strong>mandatum</strong></span> 
     </span>
    </p>
   </div>
   <div class='ocr_carea' id='block_1_43' title="bbox 515 4361 2088 4435">
    <p class='ocr_par' dir='ltr' id='par_1_43' title="bbox 515 4361 2088 4435">
     <span class='ocr_line' id='line_1_43' title="bbox 515 4361 2088 4435; baseline 0.006 -22"><span class='ocrx_word' id='word_1_272' title='bbox 515 4361 633 4415; x_wconf 85' lang='lat' dir='ltr'><strong>Dei.</strong></span> <span class='ocrx_word' id='word_1_273' title='bbox 659 4361 980 4415; x_wconf 71' lang='lat' dir='ltr'><strong>Prtedicavit</strong></span> <span class='ocrx_word' id='word_1_274' title='bbox 1000 4367 1180 4415; x_wconf 85' lang='lat' dir='ltr'><strong>autem</strong></span> <span class='ocrx_word' id='word_1_275' title='bbox 1205 4363 1468 4431; x_wconf 86' lang='lat' dir='ltr'><strong>baptisma</strong></span> <span class='ocrx_word' id='word_1_276' title='bbox 1497 4364 1832 4432; x_wconf 72' lang='lat' dir='ltr'><strong>poenitentiae</strong></span> <span class='ocrx_word' id='word_1_277' title='bbox 1857 4367 2088 4435; x_wconf 85' lang='lat' dir='ltr'><strong>p0pulis,</strong></span> 
     </span>
    </p>
   </div>
   <div class='ocr_carea' id='block_1_44' title="bbox 517 4451 2091 4524">
    <p class='ocr_par' dir='ltr' id='par_1_44' title="bbox 517 4451 2091 4524">
     <span class='ocr_line' id='line_1_44' title="bbox 517 4451 2091 4524; baseline 0.003 -18"><span class='ocrx_word' id='word_1_278' title='bbox 517 4452 622 4506; x_wconf 90' lang='lat' dir='ltr'><strong>hoc</strong></span> <span class='ocrx_word' id='word_1_279' title='bbox 650 4463 754 4516; x_wconf 90' lang='lat' dir='ltr'><strong>est,</strong></span> <span class='ocrx_word' id='word_1_280' title='bbox 786 4452 1167 4508; x_wconf 82' lang='lat' dir='ltr'><strong>confessionis.</strong></span> <span class='ocrx_word' id='word_1_281' title='bbox 1186 4451 1358 4508; x_wconf 87' lang='lat' dir='ltr'><strong>Porro</strong></span> <span class='ocrx_word' id='word_1_282' title='bbox 1390 4453 1653 4524; x_wconf 80' lang='lat' dir='ltr'><strong>baptisma</strong></span> <span class='ocrx_word' id='word_1_283' title='bbox 1699 4460 2091 4524; x_wconf 79' lang='lat' dir='ltr'><strong>coaperabatur</strong></span> 
     </span>
    </p>
   </div>
   <div class='ocr_carea' id='block_1_45' title="bbox 2175 601 3736 676">
    <p class='ocr_par' dir='ltr' id='par_1_45' title="bbox 2175 601 3736 676">
     <span class='ocr_line' id='line_1_45' title="bbox 2175 601 3736 676; baseline -0.006 -12"><span class='ocrx_word' id='word_1_284' title='bbox 2175 610 2312 664; x_wconf 79' lang='grc' dir='ltr'>ἀλλᾶ</span> <span class='ocrx_word' id='word_1_285' title='bbox 2340 607 2574 662; x_wconf 77' lang='grc' dir='ltr'><strong>τελείου.</strong></span> <span class='ocrx_word' id='word_1_286' title='bbox 2605 607 2752 676; x_wconf 83' lang='grc' dir='ltr'>Ὅρα</span> <span class='ocrx_word' id='word_1_287' title='bbox 2795 604 2853 657; x_wconf 81' lang='grc' dir='ltr'>δὲ</span> <span class='ocrx_word' id='word_1_288' title='bbox 2887 603 3003 666; x_wconf 79' lang='grc' dir='ltr'>πῶς</span> <span class='ocrx_word' id='word_1_289' title='bbox 3039 601 3275 656; x_wconf 81' lang='grc' dir='ltr'>ἐνταῦθα</span> <span class='ocrx_word' id='word_1_290' title='bbox 3302 605 3329 656; x_wconf 88' lang='grc' dir='ltr'>ὁ</span> <span class='ocrx_word' id='word_1_291' title='bbox 3357 601 3736 673; x_wconf 71' lang='grc' dir='ltr'>εὑαγγελιστὴς</span> 
     </span>
    </p>
   </div>
   <div class='ocr_carea' id='block_1_46' title="bbox 2173 693 3736 772">
    <p class='ocr_par' dir='ltr' id='par_1_46' title="bbox 2173 693 3736 772">
     <span class='ocr_line' id='line_1_46' title="bbox 2173 693 3736 772; baseline -0.004 -18"><span class='ocrx_word' id='word_1_292' title='bbox 2173 703 2494 772; x_wconf 77' lang='grc' dir='ltr'><strong>ἑρμηνεύων</strong></span> <span class='ocrx_word' id='word_1_293' title='bbox 2527 700 2582 754; x_wconf 84' lang='grc' dir='ltr'><strong>τί</strong></span> <span class='ocrx_word' id='word_1_294' title='bbox 2612 701 2725 752; x_wconf 85' lang='grc' dir='ltr'>ἐστι</span> <span class='ocrx_word' id='word_1_295' title='bbox 2752 698 2812 750; x_wconf 87' lang='grc' dir='ltr'>τὸ</span> <span class='ocrx_word' id='word_1_296' title='bbox 2836 699 3165 768; x_wconf 76' lang='grc' dir='ltr'>προκόπτειν</span> <span class='ocrx_word' id='word_1_297' title='bbox 3183 693 3373 765; x_wconf 71' lang='grc' dir='ltr'>σοφίᾳ,</span> <span class='ocrx_word' id='word_1_298' title='bbox 3415 694 3635 760; x_wconf 69' lang='grc' dir='ltr'>ἐπᾶγει,</span> <span class='ocrx_word' id='word_1_299' title='bbox 3659 697 3736 747; x_wconf 74' lang='grc' dir='ltr'>καὶ</span> 
     </span>
    </p>
   </div>
   <div class='ocr_carea' id='block_1_47' title="bbox 2175 786 3738 864">
    <p class='ocr_par' dir='ltr' id='par_1_47' title="bbox 2175 786 3738 864">
     <span class='ocr_line' id='line_1_47' title="bbox 2175 786 3738 864; baseline -0.005 -18"><span class='ocrx_word' id='word_1_300' title='bbox 2175 794 2382 864; x_wconf 83' lang='grc' dir='ltr'>ἡλικίᾳ.</span> <span class='ocrx_word' id='word_1_301' title='bbox 2430 793 2543 863; x_wconf 78' lang='grc' dir='ltr'><strong>Τὴν</strong></span> <span class='ocrx_word' id='word_1_302' title='bbox 2571 791 2681 861; x_wconf 84' lang='grc' dir='ltr'>γὰρ</span> <span class='ocrx_word' id='word_1_303' title='bbox 2714 789 3001 860; x_wconf 77' lang='grc' dir='ltr'>προκοπὴν</span> <span class='ocrx_word' id='word_1_304' title='bbox 3024 790 3122 856; x_wconf 79' lang='grc' dir='ltr'>τῆς</span> <span class='ocrx_word' id='word_1_305' title='bbox 3148 788 3390 858; x_wconf 71' lang='grc' dir='ltr'>ἡλικίας,</span> <span class='ocrx_word' id='word_1_306' title='bbox 3431 787 3532 854; x_wconf 78' lang='grc' dir='ltr'>τῆς</span> <span class='ocrx_word' id='word_1_307' title='bbox 3568 786 3738 852; x_wconf 67' lang='grc' dir='ltr'>σοφίας</span> 
     </span>
    </p>
   </div>
   <div class='ocr_carea' id='block_1_48' title="bbox 2175 878 3742 954">
    <p class='ocr_par' dir='ltr' id='par_1_48' title="bbox 2175 878 3742 954">
     <span class='ocr_line' id='line_1_48' title="bbox 2175 878 3742 954; baseline -0.007 -15"><span class='ocrx_word' id='word_1_308' title='bbox 2175 880 2316 939; x_wconf 76' lang='grc' dir='ltr'>εἶναι</span> <span class='ocrx_word' id='word_1_309' title='bbox 2338 886 2486 952; x_wconf 77' lang='grc' dir='ltr'>λέγει</span> <span class='ocrx_word' id='word_1_310' title='bbox 2515 883 2822 954; x_wconf 86' lang='grc' dir='ltr'>προκοπήν.</span> <span class='ocrx_word' id='word_1_311' title='bbox 2859 880 3218 950; x_wconf 87' lang='grc' dir='ltr'>Ἐχαριτοῦτο</span> <span class='ocrx_word' id='word_1_312' title='bbox 3245 880 3300 933; x_wconf 87' lang='grc' dir='ltr'>δὲ</span> <span class='ocrx_word' id='word_1_313' title='bbox 3337 879 3438 932; x_wconf 75' lang='grc' dir='ltr'>καὶ</span> <span class='ocrx_word' id='word_1_314' title='bbox 3470 878 3619 947; x_wconf 84' lang='grc' dir='ltr'><strong>παρά</strong></span> <span class='ocrx_word' id='word_1_315' title='bbox 3641 878 3742 946; x_wconf 81' lang='grc' dir='ltr'>Θεῷ</span> 
     </span>
    </p>
   </div>
   <div class='ocr_carea' id='block_1_49' title="bbox 2178 969 3745 1044">
    <p class='ocr_par' dir='ltr' id='par_1_49' title="bbox 2178 969 3745 1044">
     <span class='ocr_line' id='line_1_49' title="bbox 2178 969 3745 1044; baseline -0.003 -16"><span class='ocrx_word' id='word_1_316' title='bbox 2178 974 2272 1029; x_wconf 76' lang='grc' dir='ltr'>καὶ</span> <span class='ocrx_word' id='word_1_317' title='bbox 2297 973 2448 1044; x_wconf 84' lang='grc' dir='ltr'><strong>παρά</strong></span> <span class='ocrx_word' id='word_1_318' title='bbox 2470 972 2798 1043; x_wconf 85' lang='grc' dir='ltr'>ἀνθρώποις,</span> <span class='ocrx_word' id='word_1_319' title='bbox 2819 972 3090 1035; x_wconf 79' lang='grc' dir='ltr'><strong>τουτέστι,</strong></span> <span class='ocrx_word' id='word_1_320' title='bbox 3121 972 3216 1024; x_wconf 79' lang='grc' dir='ltr'>καὶ</span> <span class='ocrx_word' id='word_1_321' title='bbox 3243 970 3321 1039; x_wconf 83' lang='grc' dir='ltr'>τῷ</span> <span class='ocrx_word' id='word_1_322' title='bbox 3351 969 3477 1040; x_wconf 86' lang='grc' dir='ltr'>Θεῷ</span> <span class='ocrx_word' id='word_1_323' title='bbox 3498 969 3745 1038; x_wconf 80' lang='grc' dir='ltr'>εὐάρεστα</span> 
     </span>
    </p>
   </div>
   <div class='ocr_carea' id='block_1_50' title="bbox 2177 1060 3738 1136">
    <p class='ocr_par' dir='ltr' id='par_1_50' title="bbox 2177 1060 3738 1136">
     <span class='ocr_line' id='line_1_50' title="bbox 2177 1060 3738 1136; baseline -0.004 -19"><span class='ocrx_word' id='word_1_324' title='bbox 2177 1064 2439 1136; x_wconf 71' lang='grc' dir='ltr'>ἔπραττε,</span> <span class='ocrx_word' id='word_1_325' title='bbox 2474 1066 2570 1118; x_wconf 74' lang='grc' dir='ltr'>καὶ</span> <span class='ocrx_word' id='word_1_326' title='bbox 2603 1065 2716 1126; x_wconf 85' lang='grc' dir='ltr'>τοῖς</span> <span class='ocrx_word' id='word_1_327' title='bbox 2769 1062 3086 1133; x_wconf 82' lang='grc' dir='ltr'>ἀνθρώποις</span> <span class='ocrx_word' id='word_1_328' title='bbox 3113 1062 3399 1117; x_wconf 81' lang='grc' dir='ltr'>ἐπαινετά.</span> <span class='ocrx_word' id='word_1_329' title='bbox 3441 1060 3664 1131; x_wconf 86' lang='grc' dir='ltr'>Πρῶτον</span> <span class='ocrx_word' id='word_1_330' title='bbox 3693 1061 3738 1112; x_wconf 77' lang='grc' dir='ltr'>δὲ</span> 
     </span>
    </p>
   </div>
   <div class='ocr_carea' id='block_1_51' title="bbox 2178 1149 3745 1226">
    <p class='ocr_par' dir='ltr' id='par_1_51' title="bbox 2178 1149 3745 1226">
     <span class='ocr_line' id='line_1_51' title="bbox 2178 1149 3745 1226; baseline -0.004 -18"><span class='ocrx_word' id='word_1_331' title='bbox 2178 1155 2240 1209; x_wconf 80' lang='grc' dir='ltr'>τὸ</span> <span class='ocrx_word' id='word_1_332' title='bbox 2268 1155 2421 1226; x_wconf 86' lang='grc' dir='ltr'><strong>παρά</strong></span> <span class='ocrx_word' id='word_1_333' title='bbox 2441 1153 2580 1225; x_wconf 83' lang='grc' dir='ltr'>Θεῷ,</span> <span class='ocrx_word' id='word_1_334' title='bbox 2613 1150 2734 1207; x_wconf 77' lang='grc' dir='ltr'>εἶτα</span> <span class='ocrx_word' id='word_1_335' title='bbox 2758 1154 2821 1206; x_wconf 73' lang='grc' dir='ltr'>τὸ</span> <span class='ocrx_word' id='word_1_336' title='bbox 2855 1153 3007 1222; x_wconf 83' lang='grc' dir='ltr'><strong>παρά</strong></span> <span class='ocrx_word' id='word_1_337' title='bbox 3033 1153 3363 1224; x_wconf 80' lang='grc' dir='ltr'>ἀνθρώποις.</span> <span class='ocrx_word' id='word_1_338' title='bbox 3397 1151 3627 1222; x_wconf 83' lang='grc' dir='ltr'>Πρῶτον</span> <span class='ocrx_word' id='word_1_339' title='bbox 3657 1149 3745 1221; x_wconf 70' lang='grc' dir='ltr'><strong>γὰρ</strong></span> 
     </span>
    </p>
   </div>
   <div class='ocr_carea' id='block_1_52' title="bbox 2178 1238 3450 1319">
    <p class='ocr_par' dir='ltr' id='par_1_52' title="bbox 2178 1238 3450 1319">
     <span class='ocr_line' id='line_1_52' title="bbox 2178 1238 3450 1319; baseline -0.002 -19"><span class='ocrx_word' id='word_1_340' title='bbox 2178 1247 2262 1301; x_wconf 84' lang='grc' dir='ltr'>δεῖ</span> <span class='ocrx_word' id='word_1_341' title='bbox 2287 1245 2364 1316; x_wconf 83' lang='grc' dir='ltr'>τῷ</span> <span class='ocrx_word' id='word_1_342' title='bbox 2385 1245 2505 1316; x_wconf 82' lang='grc' dir='ltr'><strong>Θεῷ</strong></span> <span class='ocrx_word' id='word_1_343' title='bbox 2531 1245 2810 1319; x_wconf 80' lang='grc' dir='ltr'><strong>ἀρέσκειν,</strong></span> <span class='ocrx_word' id='word_1_344' title='bbox 2832 1238 2952 1298; x_wconf 78' lang='grc' dir='ltr'>εἶτα</span> <span class='ocrx_word' id='word_1_345' title='bbox 2973 1248 3085 1310; x_wconf 87' lang='grc' dir='ltr'>τοῖς</span> <span class='ocrx_word' id='word_1_346' title='bbox 3109 1245 3450 1318; x_wconf 83' lang='grc' dir='ltr'>ἀνθρώποις.</span> 
     </span>
    </p>
   </div>
   <div class='ocr_carea' id='block_1_53' title="bbox 2799 1446 3164 1501">
    <p class='ocr_par' dir='ltr' id='par_1_53' title="bbox 2799 1446 3164 1501">
     <span class='ocr_line' id='line_1_53' title="bbox 2799 1446 3164 1501; baseline -0.003 0"><span class='ocrx_word' id='word_1_347' title='bbox 2799 1447 3056 1501; x_wconf 72' lang='grc' dir='ltr'><strong>ΚΕΦΑΛ.</strong></span> <span class='ocrx_word' id='word_1_348' title='bbox 3091 1446 3164 1500; x_wconf 80' lang='lat' dir='ltr'><strong>I&quot;.</strong></span> 
     </span>
    </p>
   </div>
   <div class='ocr_carea' id='block_1_54' title="bbox 2185 1622 3745 1724">
    <p class='ocr_par' dir='ltr' id='par_1_54' title="bbox 2185 1622 3745 1724">
     <span class='ocr_line' id='line_1_54' title="bbox 2185 1622 3745 1724; baseline 0 -17"><span class='ocrx_word' id='word_1_349' title='bbox 2185 1622 2322 1724; x_wconf 67' lang='grc' dir='ltr'>Περὶ</span> <span class='ocrx_word' id='word_1_350' title='bbox 2348 1655 2456 1720; x_wconf 82' lang='grc' dir='ltr'>τῆς</span> <span class='ocrx_word' id='word_1_351' title='bbox 2490 1653 2598 1707; x_wconf 86' lang='grc' dir='ltr'><strong>τοῦ</strong></span> <span class='ocrx_word' id='word_1_352' title='bbox 2643 1653 2916 1708; x_wconf 76' lang='grc' dir='ltr'><strong>Ἰωάννου</strong></span> <span class='ocrx_word' id='word_1_353' title='bbox 2951 1655 3276 1724; x_wconf 80' lang='grc' dir='ltr'>κηρύξεως.</span> <span class='ocrx_word' id='word_1_354' title='bbox 3332 1653 3476 1721; x_wconf 79' lang='grc' dir='ltr'>Περὶ</span> <span class='ocrx_word' id='word_1_355' title='bbox 3520 1653 3638 1706; x_wconf 74' lang='grc' dir='ltr'>τῶν</span> <span class='ocrx_word' id='word_1_356' title='bbox 3659 1656 3745 1708; x_wconf 72' lang='grc' dir='ltr'>ἕετ-</span> 
     </span>
    </p>
   </div>
   <div class='ocr_carea' id='block_1_55' title="bbox 2255 1724 3746 1794">
    <p class='ocr_par' dir='ltr' id='par_1_55' title="bbox 2255 1724 3746 1794">
     <span class='ocr_line' id='line_1_55' title="bbox 2255 1724 3746 1794; baseline 0.001 -17"><span class='ocrx_word' id='word_1_357' title='bbox 2255 1724 2687 1794; x_wconf 78' lang='grc' dir='ltr'>ερωτησάντων</span> <span class='ocrx_word' id='word_1_358' title='bbox 2730 1725 2856 1780; x_wconf 77' lang='grc' dir='ltr'>,τὸν</span> <span class='ocrx_word' id='word_1_359' title='bbox 2926 1724 3227 1794; x_wconf 78' lang='grc' dir='ltr'><strong>Ἰωάννην.</strong></span> <span class='ocrx_word' id='word_1_360' title='bbox 3302 1725 3446 1794; x_wconf 74' lang='grc' dir='ltr'>Περὶ</span> <span class='ocrx_word' id='word_1_361' title='bbox 3520 1724 3746 1790; x_wconf 78' lang='grc' dir='ltr'>Ἡρώδου</span> 
     </span>
    </p>
   </div>
   <div class='ocr_carea' id='block_1_56' title="bbox 2260 1793 3747 1863">
    <p class='ocr_par' dir='ltr' id='par_1_56' title="bbox 2260 1793 3747 1863">
     <span class='ocr_line' id='line_1_56' title="bbox 2260 1793 3747 1863; baseline 0.001 -16"><span class='ocrx_word' id='word_1_362' title='bbox 2260 1795 2358 1848; x_wconf 82' lang='grc' dir='ltr'><strong>καὶ</strong></span> <span class='ocrx_word' id='word_1_363' title='bbox 2412 1793 2705 1850; x_wconf 70' lang='grc' dir='ltr'>Ἰωάννου.</span> <span class='ocrx_word' id='word_1_364' title='bbox 2741 1795 2881 1863; x_wconf 77' lang='grc' dir='ltr'>Περὶ</span> <span class='ocrx_word' id='word_1_365' title='bbox 2909 1795 3014 1848; x_wconf 86' lang='grc' dir='ltr'><strong>τοῦ</strong></span> <span class='ocrx_word' id='word_1_366' title='bbox 3041 1793 3470 1863; x_wconf 71' lang='grc' dir='ltr'>,βαπτίσματος</span> <span class='ocrx_word' id='word_1_367' title='bbox 3517 1794 3619 1848; x_wconf 85' lang='grc' dir='ltr'><strong>τοῦ</strong></span> <span class='ocrx_word' id='word_1_368' title='bbox 3647 1798 3747 1848; x_wconf 84' lang='grc' dir='ltr'><strong>Σω-</strong></span> 
     </span>
    </p>
   </div>
   <div class='ocr_carea' id='block_1_57' title="bbox 2114 1864 3506 1935">
    <p class='ocr_par' dir='ltr' id='par_1_57' title="bbox 2114 1864 3506 1935">
     <span class='ocr_line' id='line_1_57' title="bbox 2114 1864 3506 1935; baseline 0.001 -19"><span class='ocrx_word' id='word_1_369' title='bbox 2114 1871 2160 1930; x_wconf 76' lang='grc' dir='ltr'><strong>Β</strong></span> <span class='ocrx_word' id='word_1_370' title='bbox 2257 1864 2457 1932; x_wconf 66' lang='grc' dir='ltr'>τῆμος.</span> <span class='ocrx_word' id='word_1_371' title='bbox 2495 1865 2634 1932; x_wconf 78' lang='grc' dir='ltr'>Περὶ</span> <span class='ocrx_word' id='word_1_372' title='bbox 2661 1867 3048 1935; x_wconf 75' lang='grc' dir='ltr'><strong>γενεαλογίας</strong></span> <span class='ocrx_word' id='word_1_373' title='bbox 3081 1865 3185 1919; x_wconf 85' lang='grc' dir='ltr'><strong>τοῦ</strong></span> <span class='ocrx_word' id='word_1_374' title='bbox 3216 1864 3506 1933; x_wconf 66' lang='grc' dir='ltr'>Χριστοῦ.</span> 
     </span>
    </p>
   </div>
   <div class='ocr_carea' id='block_1_58' title="bbox 2265 2060 3744 2134">
    <p class='ocr_par' dir='ltr' id='par_1_58' title="bbox 2265 2060 3744 2134">
     <span class='ocr_line' id='line_1_58' title="bbox 2265 2060 3744 2134; baseline -0.001 -19"><span class='ocrx_word' id='word_1_375' title='bbox 2265 2083 2284 2115; x_wconf 72' lang='grc' dir='ltr'><strong>ι</strong></span> <span class='ocrx_word' id='word_1_376' title='bbox 2320 2064 2408 2118; x_wconf 89' lang='grc' dir='ltr'>Ἐν</span> <span class='ocrx_word' id='word_1_377' title='bbox 2426 2063 2534 2118; x_wconf 83' lang='grc' dir='ltr'>ἐτει</span> <span class='ocrx_word' id='word_1_378' title='bbox 2565 2064 2621 2117; x_wconf 85' lang='grc' dir='ltr'>δὲ</span> <span class='ocrx_word' id='word_1_379' title='bbox 2653 2064 3130 2134; x_wconf 76' lang='grc' dir='ltr'><strong>πεντεκαιδεκάτῳ</strong></span> <span class='ocrx_word' id='word_1_380' title='bbox 3160 2063 3260 2132; x_wconf 84' lang='grc' dir='ltr'>τῆς</span> <span class='ocrx_word' id='word_1_381' title='bbox 3287 2062 3589 2133; x_wconf 80' lang='grc' dir='ltr'><strong>ἡγεμονίας</strong></span> <span class='ocrx_word' id='word_1_382' title='bbox 3609 2060 3744 2114; x_wconf 70' lang='grc' dir='ltr'>Τιϐε-</span> 
     </span>
    </p>
   </div>
   <div class='ocr_carea' id='block_1_59' title="bbox 2189 2153 3743 2228">
    <p class='ocr_par' dir='ltr' id='par_1_59' title="bbox 2189 2153 3743 2228">
     <span class='ocr_line' id='line_1_59' title="bbox 2189 2153 3743 2228; baseline -0.003 -20"><span class='ocrx_word' id='word_1_383' title='bbox 2189 2156 2308 2228; x_wconf 83' lang='grc' dir='ltr'>ρίου</span> <span class='ocrx_word' id='word_1_384' title='bbox 2341 2157 2645 2227; x_wconf 81' lang='grc' dir='ltr'>Καίσαρος,</span> <span class='ocrx_word' id='word_1_385' title='bbox 2670 2153 3101 2228; x_wconf 71' lang='grc' dir='ltr'><strong>ἡγεμονεύοντος</strong></span> <span class='ocrx_word' id='word_1_386' title='bbox 3135 2155 3359 2208; x_wconf 75' lang='grc' dir='ltr'>Ποντίου</span> <span class='ocrx_word' id='word_1_387' title='bbox 3410 2153 3640 2207; x_wconf 76' lang='grc' dir='ltr'>Πιλάτου</span> <span class='ocrx_word' id='word_1_388' title='bbox 3663 2157 3743 2223; x_wconf 80' lang='grc' dir='ltr'>τῆς</span> 
     </span>
    </p>
   </div>
   <div class='ocr_carea' id='block_1_60' title="bbox 2201 2246 3744 2318">
    <p class='ocr_par' dir='ltr' id='par_1_60' title="bbox 2201 2246 3744 2318">
     <span class='ocr_line' id='line_1_60' title="bbox 2201 2246 3744 2318; baseline -0.004 -16"><span class='ocrx_word' id='word_1_389' title='bbox 2201 2247 2485 2313; x_wconf 86' lang='grc' dir='ltr'>Ἰουδαίας,</span> <span class='ocrx_word' id='word_1_390' title='bbox 2515 2249 2610 2301; x_wconf 75' lang='grc' dir='ltr'>καὶ</span> <span class='ocrx_word' id='word_1_391' title='bbox 2653 2247 3085 2318; x_wconf 81' lang='grc' dir='ltr'><strong>τετραρχοῦντος</strong></span> <span class='ocrx_word' id='word_1_392' title='bbox 3112 2247 3213 2317; x_wconf 73' lang='grc' dir='ltr'>τῆς</span> <span class='ocrx_word' id='word_1_393' title='bbox 3264 2246 3562 2310; x_wconf 73' lang='grc' dir='ltr'><strong>Γαλιλαίας</strong></span> <span class='ocrx_word' id='word_1_394' title='bbox 3593 2246 3744 2314; x_wconf 76' lang='grc' dir='ltr'>’Πρώο</span> 
     </span>
    </p>
   </div>
   <div class='ocr_carea' id='block_1_61' title="bbox 2187 2335 3740 2408">
    <p class='ocr_par' dir='ltr' id='par_1_61' title="bbox 2187 2335 3740 2408">
     <span class='ocr_line' id='line_1_61' title="bbox 2187 2335 3740 2408; baseline -0.003 -15"><span class='ocrx_word' id='word_1_395' title='bbox 2187 2340 2298 2405; x_wconf 89' lang='grc' dir='ltr'>δου,</span> <span class='ocrx_word' id='word_1_396' title='bbox 2330 2340 2598 2393; x_wconf 82' lang='grc' dir='ltr'>Φιλίππου</span> <span class='ocrx_word' id='word_1_397' title='bbox 2636 2340 2693 2393; x_wconf 84' lang='grc' dir='ltr'>δὲ</span> <span class='ocrx_word' id='word_1_398' title='bbox 2746 2338 2839 2392; x_wconf 85' lang='grc' dir='ltr'><strong>τοῦ</strong></span> <span class='ocrx_word' id='word_1_399' title='bbox 2882 2338 3114 2407; x_wconf 81' lang='grc' dir='ltr'>ἀδελφοῦ</span> <span class='ocrx_word' id='word_1_400' title='bbox 3147 2339 3314 2393; x_wconf 80' lang='grc' dir='ltr'>αὐτοῦ</span> <span class='ocrx_word' id='word_1_401' title='bbox 3339 2335 3740 2408; x_wconf 72' lang='grc' dir='ltr'>τετραρχοῦντος</span> 
     </span>
    </p>
   </div>
   <div class='ocr_carea' id='block_1_62' title="bbox 2187 2430 3742 2504">
    <p class='ocr_par' dir='ltr' id='par_1_62' title="bbox 2187 2430 3742 2504">
     <span class='ocr_line' id='line_1_62' title="bbox 2187 2430 3742 2504; baseline -0.003 -18"><span class='ocrx_word' id='word_1_402' title='bbox 2187 2433 2284 2503; x_wconf 77' lang='grc' dir='ltr'>τῆς</span> <span class='ocrx_word' id='word_1_403' title='bbox 2321 2433 2624 2504; x_wconf 81' lang='grc' dir='ltr'>Ἰτουραίας</span> <span class='ocrx_word' id='word_1_404' title='bbox 2657 2433 2751 2486; x_wconf 68' lang='grc' dir='ltr'>καὶ</span> <span class='ocrx_word' id='word_1_405' title='bbox 2786 2431 3186 2502; x_wconf 84' lang='grc' dir='ltr'>Τραχωνίτιδος</span> <span class='ocrx_word' id='word_1_406' title='bbox 3220 2430 3425 2502; x_wconf 83' lang='grc' dir='ltr'>χώρας,</span> <span class='ocrx_word' id='word_1_407' title='bbox 3466 2432 3566 2484; x_wconf 72' lang='grc' dir='ltr'>καὶ</span> <span class='ocrx_word' id='word_1_408' title='bbox 3593 2433 3742 2484; x_wconf 83' lang='grc' dir='ltr'>Λυσα-</span> 
     </span>
    </p>
   </div>
   <div class='ocr_carea' id='block_1_63' title="bbox 2187 2521 3740 2594">
    <p class='ocr_par' dir='ltr' id='par_1_63' title="bbox 2187 2521 3740 2594">
     <span class='ocr_line' id='line_1_63' title="bbox 2187 2521 3740 2594; baseline -0.003 -18"><span class='ocrx_word' id='word_1_409' title='bbox 2187 2523 2302 2576; x_wconf 90' lang='grc' dir='ltr'>νίου</span> <span class='ocrx_word' id='word_1_410' title='bbox 2338 2525 2436 2594; x_wconf 83' lang='grc' dir='ltr'>τῆς</span> <span class='ocrx_word' id='word_1_411' title='bbox 2491 2523 2796 2594; x_wconf 77' lang='grc' dir='ltr'>Ἀδηληνῆς</span> <span class='ocrx_word' id='word_1_412' title='bbox 2846 2521 3298 2594; x_wconf 79' lang='grc' dir='ltr'>τετραρχοῦντος,</span> <span class='ocrx_word' id='word_1_413' title='bbox 3341 2523 3435 2574; x_wconf 72' lang='grc' dir='ltr'><strong>ἐπὶ</strong></span> <span class='ocrx_word' id='word_1_414' title='bbox 3465 2521 3740 2592; x_wconf 79' lang='grc' dir='ltr'>ἀρχιερέων</span> 
     </span>
    </p>
   </div>
   <div class='ocr_carea' id='block_1_64' title="bbox 2192 2613 3740 2685">
    <p class='ocr_par' dir='ltr' id='par_1_64' title="bbox 2192 2613 3740 2685">
     <span class='ocr_line' id='line_1_64' title="bbox 2192 2613 3740 2685; baseline -0.001 -17"><span class='ocrx_word' id='word_1_415' title='bbox 2192 2616 2362 2668; x_wconf 84' lang='grc' dir='ltr'>Ἀννα</span> <span class='ocrx_word' id='word_1_416' title='bbox 2400 2617 2493 2668; x_wconf 75' lang='grc' dir='ltr'>καὶ</span> <span class='ocrx_word' id='word_1_417' title='bbox 2550 2615 2796 2682; x_wconf 79' lang='grc' dir='ltr'>Καῖοὶφα,</span> <span class='ocrx_word' id='word_1_418' title='bbox 2849 2614 3068 2682; x_wconf 81' lang='grc' dir='ltr'>ἐγένετο</span> <span class='ocrx_word' id='word_1_419' title='bbox 3101 2616 3252 2685; x_wconf 77' lang='grc' dir='ltr'>ῥῆμα</span> <span class='ocrx_word' id='word_1_420' title='bbox 3286 2613 3424 2666; x_wconf 87' lang='grc' dir='ltr'>Θεοῦ</span> <span class='ocrx_word' id='word_1_421' title='bbox 3457 2615 3555 2665; x_wconf 73' lang='grc' dir='ltr'>ἐπὶ</span> <span class='ocrx_word' id='word_1_422' title='bbox 3591 2614 3740 2667; x_wconf 76' lang='grc' dir='ltr'>Ἰωάν-</span> 
     </span>
    </p>
   </div>
   <div class='ocr_carea' id='block_1_65' title="bbox 2181 2699 3740 2777">
    <p class='ocr_par' dir='ltr' id='par_1_65' title="bbox 2181 2699 3740 2777">
     <span class='ocr_line' id='line_1_65' title="bbox 2181 2699 3740 2777; baseline -0.003 -18"><span class='ocrx_word' id='word_1_423' title='bbox 2181 2723 2285 2777; x_wconf 84' lang='grc' dir='ltr'><strong>νην</strong></span> <span class='ocrx_word' id='word_1_424' title='bbox 2316 2705 2406 2758; x_wconf 71' lang='grc' dir='ltr'><strong>τὸν</strong></span> <span class='ocrx_word' id='word_1_425' title='bbox 2438 2704 2530 2758; x_wconf 89' lang='grc' dir='ltr'><strong>τοῦ</strong></span> <span class='ocrx_word' id='word_1_426' title='bbox 2563 2705 2836 2777; x_wconf 83' lang='grc' dir='ltr'>Ζαχαρίου</span> <span class='ocrx_word' id='word_1_427' title='bbox 2874 2707 2990 2759; x_wconf 79' lang='grc' dir='ltr'>υἱὸν</span> <span class='ocrx_word' id='word_1_428' title='bbox 3018 2706 3074 2758; x_wconf 87' lang='grc' dir='ltr'><strong>ἐν</strong></span> <span class='ocrx_word' id='word_1_429' title='bbox 3104 2708 3172 2777; x_wconf 77' lang='grc' dir='ltr'>τῇ</span> <span class='ocrx_word' id='word_1_430' title='bbox 3221 2705 3451 2775; x_wconf 85' lang='grc' dir='ltr'>ἐρήμῳ·</span> <span class='ocrx_word' id='word_1_431' title='bbox 3483 2705 3580 2757; x_wconf 85' lang='grc' dir='ltr'>καὶ</span> <span class='ocrx_word' id='word_1_432' title='bbox 3606 2699 3740 2773; x_wconf 75' lang='grc' dir='ltr'>ἦλθεν</span> 
     </span>
    </p>
   </div>
   <div class='ocr_carea' id='block_1_66' title="bbox 2188 2796 3738 2869">
    <p class='ocr_par' dir='ltr' id='par_1_66' title="bbox 2188 2796 3738 2869">
     <span class='ocr_line' id='line_1_66' title="bbox 2188 2796 3738 2869; baseline -0.002 -18"><span class='ocrx_word' id='word_1_433' title='bbox 2188 2801 2267 2864; x_wconf 84' lang='grc' dir='ltr'>εἱς</span> <span class='ocrx_word' id='word_1_434' title='bbox 2301 2800 2479 2852; x_wconf 81' lang='grc' dir='ltr'>πᾶσαν</span> <span class='ocrx_word' id='word_1_435' title='bbox 2515 2798 2615 2868; x_wconf 77' lang='grc' dir='ltr'>τὴν</span> <span class='ocrx_word' id='word_1_436' title='bbox 2668 2798 2978 2868; x_wconf 82' lang='grc' dir='ltr'>περίχωρον</span> <span class='ocrx_word' id='word_1_437' title='bbox 3025 2796 3120 2850; x_wconf 88' lang='grc' dir='ltr'><strong>τοῦ</strong></span> <span class='ocrx_word' id='word_1_438' title='bbox 3159 2797 3451 2869; x_wconf 79' lang='grc' dir='ltr'>Ἰορδάνου,</span> <span class='ocrx_word' id='word_1_439' title='bbox 3478 2796 3738 2868; x_wconf 76' lang='grc' dir='ltr'><strong>κηρύσσων</strong></span> 
     </span>
    </p>
   </div>
   <div class='ocr_carea' id='block_1_67' title="bbox 2189 2885 3740 2960">
    <p class='ocr_par' dir='ltr' id='par_1_67' title="bbox 2189 2885 3740 2960">
     <span class='ocr_line' id='line_1_67' title="bbox 2189 2885 3740 2960; baseline -0.003 -19"><span class='ocrx_word' id='word_1_440' title='bbox 2189 2887 2473 2960; x_wconf 74' lang='grc' dir='ltr'>βάπτισμα</span> <span class='ocrx_word' id='word_1_441' title='bbox 2507 2887 2793 2958; x_wconf 85' lang='grc' dir='ltr'>μετανοίας</span> <span class='ocrx_word' id='word_1_442' title='bbox 2823 2889 2902 2950; x_wconf 86' lang='grc' dir='ltr'>εἰς</span> <span class='ocrx_word' id='word_1_443' title='bbox 2927 2887 3124 2956; x_wconf 74' lang='grc' dir='ltr'>ἄφεσιν</span> <span class='ocrx_word' id='word_1_444' title='bbox 3152 2887 3462 2958; x_wconf 82' lang='grc' dir='ltr'>ἁμαρτιῶν.</span> <span class='ocrx_word' id='word_1_445' title='bbox 3503 2905 3523 2938; x_wconf 74' lang='grc' dir='ltr'><strong>ο</strong></span> <span class='ocrx_word' id='word_1_446' title='bbox 3551 2885 3740 2955; x_wconf 75' lang='grc' dir='ltr'>Μέμνη-</span> 
     </span>
    </p>
   </div>
   <div class='ocr_carea' id='block_1_68' title="bbox 2187 2978 3736 3051">
    <p class='ocr_par' dir='ltr' id='par_1_68' title="bbox 2187 2978 3736 3051">
     <span class='ocr_line' id='line_1_68' title="bbox 2187 2978 3736 3051; baseline -0.003 -16"><span class='ocrx_word' id='word_1_447' title='bbox 2187 3000 2275 3036; x_wconf 88' lang='grc' dir='ltr'><strong>ται</strong></span> <span class='ocrx_word' id='word_1_448' title='bbox 2310 2981 2404 3034; x_wconf 86' lang='grc' dir='ltr'><strong>τοῦ</strong></span> <span class='ocrx_word' id='word_1_449' title='bbox 2460 2998 2520 3033; x_wconf 88' lang='grc' dir='ltr'><strong>τε</strong></span> <span class='ocrx_word' id='word_1_450' title='bbox 2576 2981 2769 3051; x_wconf 86' lang='grc' dir='ltr'>χρόνου</span> <span class='ocrx_word' id='word_1_451' title='bbox 2820 2980 2915 3032; x_wconf 74' lang='grc' dir='ltr'>καὶ</span> <span class='ocrx_word' id='word_1_452' title='bbox 2954 2979 3062 3032; x_wconf 83' lang='grc' dir='ltr'>τῶν</span> <span class='ocrx_word' id='word_1_453' title='bbox 3104 2980 3382 3051; x_wconf 79' lang='grc' dir='ltr'>ἀρχόντων</span> <span class='ocrx_word' id='word_1_454' title='bbox 3414 2979 3631 3042; x_wconf 80' lang='grc' dir='ltr'>δικαίως</span> <span class='ocrx_word' id='word_1_455' title='bbox 3676 2978 3736 3040; x_wconf 83' lang='grc' dir='ltr'><strong>ὡς</strong></span> 
     </span>
    </p>
   </div>
   <div class='ocr_carea' id='block_1_69' title="bbox 2191 3069 3736 3145">
    <p class='ocr_par' dir='ltr' id='par_1_69' title="bbox 2191 3069 3736 3145">
     <span class='ocr_line' id='line_1_69' title="bbox 2191 3069 3736 3145; baseline -0.005 -17"><span class='ocrx_word' id='word_1_456' title='bbox 2191 3074 2256 3129; x_wconf 80' lang='grc' dir='ltr'>ἂν</span> <span class='ocrx_word' id='word_1_457' title='bbox 2277 3075 2426 3145; x_wconf 80' lang='grc' dir='ltr'>δείξῃ</span> <span class='ocrx_word' id='word_1_458' title='bbox 2463 3075 2546 3126; x_wconf 85' lang='grc' dir='ltr'>ὅτι</span> <span class='ocrx_word' id='word_1_459' title='bbox 2599 3073 2906 3125; x_wconf 80' lang='grc' dir='ltr'>ἐκλελοίπει</span> <span class='ocrx_word' id='word_1_460' title='bbox 2952 3073 2986 3138; x_wconf 81' lang='grc' dir='ltr'><strong>ὴ</strong></span> <span class='ocrx_word' id='word_1_461' title='bbox 3034 3071 3254 3142; x_wconf 84' lang='grc' dir='ltr'>διαδοχὴ</span> <span class='ocrx_word' id='word_1_462' title='bbox 3306 3071 3418 3125; x_wconf 84' lang='grc' dir='ltr'><strong>τῶν</strong></span> <span class='ocrx_word' id='word_1_463' title='bbox 3461 3069 3736 3126; x_wconf 79' lang='grc' dir='ltr'>Ἰουδαϊκῶν</span> 
     </span>
    </p>
   </div>
   <div class='ocr_carea' id='block_1_70' title="bbox 2189 3163 3734 3239">
    <p class='ocr_par' dir='ltr' id='par_1_70' title="bbox 2189 3163 3734 3239">
     <span class='ocr_line' id='line_1_70' title="bbox 2189 3163 3734 3239; baseline -0.005 -20"><span class='ocrx_word' id='word_1_464' title='bbox 2189 3167 2492 3239; x_wconf 76' lang='grc' dir='ltr'>ἀρχόντων,</span> <span class='ocrx_word' id='word_1_465' title='bbox 2523 3165 2616 3218; x_wconf 72' lang='grc' dir='ltr'>ἐπὶ</span> <span class='ocrx_word' id='word_1_466' title='bbox 2643 3164 2909 3236; x_wconf 87' lang='grc' dir='ltr'>Χριστοῦ,</span> <span class='ocrx_word' id='word_1_467' title='bbox 2950 3163 3378 3234; x_wconf 71' lang='grc' dir='ltr'>ἡγεμονεύοντος</span> <span class='ocrx_word' id='word_1_468' title='bbox 3403 3163 3504 3233; x_wconf 84' lang='grc' dir='ltr'>μὲν</span> <span class='ocrx_word' id='word_1_469' title='bbox 3537 3163 3734 3215; x_wconf 64' lang='grc' dir='ltr'>Πιλάτου</span> 
     </span>
    </p>
   </div>
   <div class='ocr_carea' id='block_1_71' title="bbox 2193 3253 3735 3328">
    <p class='ocr_par' dir='ltr' id='par_1_71' title="bbox 2193 3253 3735 3328">
     <span class='ocr_line' id='line_1_71' title="bbox 2193 3253 3735 3328; baseline -0.003 -17"><span class='ocrx_word' id='word_1_470' title='bbox 2193 3257 2483 3328; x_wconf 81' lang='grc' dir='ltr'>ἀνθρώπου</span> <span class='ocrx_word' id='word_1_471' title='bbox 2514 3255 2856 3321; x_wconf 80' lang='grc' dir='ltr'>ἀλλοεθνοῦς,</span> <span class='ocrx_word' id='word_1_472' title='bbox 2891 3255 3338 3326; x_wconf 77' lang='grc' dir='ltr'>τετραρχοῦντων</span> <span class='ocrx_word' id='word_1_473' title='bbox 3360 3256 3417 3308; x_wconf 81' lang='grc' dir='ltr'>δὲ</span> <span class='ocrx_word' id='word_1_474' title='bbox 3443 3254 3553 3307; x_wconf 82' lang='grc' dir='ltr'><strong>τῶν</strong></span> <span class='ocrx_word' id='word_1_475' title='bbox 3591 3253 3735 3324; x_wconf 77' lang='grc' dir='ltr'><strong>Ἡρώ-</strong></span> 
     </span>
    </p>
   </div>
   <div class='ocr_carea' id='block_1_72' title="bbox 2192 3345 3734 3412">
    <p class='ocr_par' dir='ltr' id='par_1_72' title="bbox 2192 3345 3734 3412">
     <span class='ocr_line' id='line_1_72' title="bbox 2192 3345 3734 3412; baseline -0.004 -8"><span class='ocrx_word' id='word_1_476' title='bbox 2192 3351 2282 3404; x_wconf 92' lang='grc' dir='ltr'><strong>δου</strong></span> <span class='ocrx_word' id='word_1_477' title='bbox 2306 3349 2402 3404; x_wconf 86' lang='grc' dir='ltr'><strong>τοῦ</strong></span> <span class='ocrx_word' id='word_1_478' title='bbox 2443 3349 2823 3404; x_wconf 78' lang='grc' dir='ltr'>’Λσκαλονίτου</span> <span class='ocrx_word' id='word_1_479' title='bbox 2853 3349 2982 3402; x_wconf 84' lang='grc' dir='ltr'>υίῶν</span> <span class='ocrx_word' id='word_1_480' title='bbox 3026 3349 3120 3403; x_wconf 59' lang='grc' dir='ltr'><strong>καί⁸</strong></span> <span class='ocrx_word' id='word_1_481' title='bbox 3176 3348 3406 3411; x_wconf 86' lang='grc' dir='ltr'>είκὸτως</span> <span class='ocrx_word' id='word_1_482' title='bbox 3458 3345 3734 3412; x_wconf 84' lang='grc' dir='ltr'>πιστευθείη</span> 
     </span>
    </p>
   </div>
   <div class='ocr_carea' id='block_1_73' title="bbox 2193 3437 3732 3514">
    <p class='ocr_par' dir='ltr' id='par_1_73' title="bbox 2193 3437 3732 3514">
     <span class='ocr_line' id='line_1_73' title="bbox 2193 3437 3732 3514; baseline -0.005 -18"><span class='ocrx_word' id='word_1_483' title='bbox 2193 3444 2485 3514; x_wconf 76' lang='grc' dir='ltr'>ἐπιστῆναι</span> <span class='ocrx_word' id='word_1_484' title='bbox 2536 3445 2563 3496; x_wconf 84' lang='grc' dir='ltr'>ὀ</span> <span class='ocrx_word' id='word_1_485' title='bbox 2609 3441 2869 3512; x_wconf 77' lang='grc' dir='ltr'>Χριστὸς,</span> <span class='ocrx_word' id='word_1_486' title='bbox 2899 3440 3043 3495; x_wconf 78' lang='grc' dir='ltr'>κατὰ</span> <span class='ocrx_word' id='word_1_487' title='bbox 3071 3441 3168 3511; x_wconf 76' lang='grc' dir='ltr'>τὴν</span> <span class='ocrx_word' id='word_1_488' title='bbox 3199 3439 3292 3493; x_wconf 89' lang='grc' dir='ltr'><strong>τοῦ</strong></span> <span class='ocrx_word' id='word_1_489' title='bbox 3319 3437 3522 3492; x_wconf 80' lang='grc' dir='ltr'>Ἰακὼϐ</span> <span class='ocrx_word' id='word_1_490' title='bbox 3557 3453 3732 3510; x_wconf 66' lang='grc' dir='ltr'>προφη-</span> 
     </span>
    </p>
   </div>
   <div class='ocr_carea' id='block_1_74' title="bbox 2192 3529 3732 3602">
    <p class='ocr_par' dir='ltr' id='par_1_74' title="bbox 2192 3529 3732 3602">
     <span class='ocr_line' id='line_1_74' title="bbox 2192 3529 3732 3602; baseline -0.006 -13"><span class='ocrx_word' id='word_1_491' title='bbox 2192 3535 2364 3588; x_wconf 83' lang='grc' dir='ltr'>τείαν.</span> <span class='ocrx_word' id='word_1_492' title='bbox 2420 3553 2438 3586; x_wconf 79' lang='grc' dir='ltr'><strong>ι</strong></span> <span class='ocrx_word' id='word_1_493' title='bbox 2495 3533 2744 3601; x_wconf 79' lang='grc' dir='ltr'>Ἐγένετο</span> <span class='ocrx_word' id='word_1_494' title='bbox 2771 3531 2852 3596; x_wconf 83' lang='grc' dir='ltr'>δὲ,</span> <span class='ocrx_word' id='word_1_495' title='bbox 2902 3533 3058 3602; x_wconf 74' lang='grc' dir='ltr'>φησὶ,</span> <span class='ocrx_word' id='word_1_496' title='bbox 3095 3531 3247 3602; x_wconf 80' lang='grc' dir='ltr'>ῥῆμα</span> <span class='ocrx_word' id='word_1_497' title='bbox 3277 3529 3415 3584; x_wconf 86' lang='grc' dir='ltr'>Θεοῦ</span> <span class='ocrx_word' id='word_1_498' title='bbox 3451 3531 3542 3583; x_wconf 78' lang='grc' dir='ltr'>ἐπὶ</span> <span class='ocrx_word' id='word_1_499' title='bbox 3583 3531 3732 3584; x_wconf 73' lang='grc' dir='ltr'>Ἰωάν-</span> 
     </span>
    </p>
   </div>
   <div class='ocr_carea' id='block_1_75' title="bbox 2192 3613 3732 3698">
    <p class='ocr_par' dir='ltr' id='par_1_75' title="bbox 2192 3613 3732 3698">
     <span class='ocr_line' id='line_1_75' title="bbox 2192 3613 3732 3698; baseline -0.009 -17"><span class='ocrx_word' id='word_1_500' title='bbox 2192 3642 2320 3698; x_wconf 59' lang='grc' dir='ltr'>νην</span> <span class='ocrx_word' id='word_1_501' title='bbox 2357 3645 2375 3676; x_wconf 75' lang='grc' dir='ltr'><strong>ι</strong></span> <span class='ocrx_word' id='word_1_502' title='bbox 2408 3625 2496 3678; x_wconf 83' lang='grc' dir='ltr'><strong>ἴνα</strong></span> <span class='ocrx_word' id='word_1_503' title='bbox 2522 3624 2587 3676; x_wconf 75' lang='grc' dir='ltr'>σὺ</span> <span class='ocrx_word' id='word_1_504' title='bbox 2620 3623 2818 3694; x_wconf 84' lang='grc' dir='ltr'>μάθῃς,</span> <span class='ocrx_word' id='word_1_505' title='bbox 2843 3621 2924 3674; x_wconf 80' lang='grc' dir='ltr'>ὅτι</span> <span class='ocrx_word' id='word_1_506' title='bbox 2946 3621 3048 3673; x_wconf 82' lang='grc' dir='ltr'><strong>οὐκ</strong></span> <span class='ocrx_word' id='word_1_507' title='bbox 3074 3619 3412 3690; x_wconf 81' lang='grc' dir='ltr'>αὐτόκλητος</span> <span class='ocrx_word' id='word_1_508' title='bbox 3466 3613 3590 3690; x_wconf 81' lang='grc' dir='ltr'>ἦλθε</span> <span class='ocrx_word' id='word_1_509' title='bbox 3620 3632 3732 3687; x_wconf 76' lang='grc' dir='ltr'>μαρ-</span> 
     </span>
    </p>
   </div>
   <div class='ocr_carea' id='block_1_76' title="bbox 2191 3707 3732 3789">
    <p class='ocr_par' dir='ltr' id='par_1_76' title="bbox 2191 3707 3732 3789">
     <span class='ocr_line' id='line_1_76' title="bbox 2191 3707 3732 3789; baseline -0.008 -18"><span class='ocrx_word' id='word_1_510' title='bbox 2191 3719 2430 3789; x_wconf 78' lang='grc' dir='ltr'>τυρῆσαι</span> <span class='ocrx_word' id='word_1_511' title='bbox 2455 3717 2584 3787; x_wconf 73' lang='grc' dir='ltr'>περὶ</span> <span class='ocrx_word' id='word_1_512' title='bbox 2619 3713 2880 3786; x_wconf 87' lang='grc' dir='ltr'>Χριστοῦ,</span> <span class='ocrx_word' id='word_1_513' title='bbox 2911 3713 3047 3766; x_wconf 75' lang='grc' dir='ltr'>ἀλλὰ</span> <span class='ocrx_word' id='word_1_514' title='bbox 3094 3711 3219 3782; x_wconf 86' lang='grc' dir='ltr'>θείῳ</span> <span class='ocrx_word' id='word_1_515' title='bbox 3248 3710 3567 3781; x_wconf 84' lang='grc' dir='ltr'>κινούμενος</span> <span class='ocrx_word' id='word_1_516' title='bbox 3593 3707 3732 3762; x_wconf 74' lang='grc' dir='ltr'>Πνεύ·</span> 
     </span>
    </p>
   </div>
   <div class='ocr_carea' id='block_1_77' title="bbox 2196 3804 3731 3882">
    <p class='ocr_par' dir='ltr' id='par_1_77' title="bbox 2196 3804 3731 3882">
     <span class='ocr_line' id='line_1_77' title="bbox 2196 3804 3731 3882; baseline -0.007 -20"><span class='ocrx_word' id='word_1_517' title='bbox 2196 3813 2327 3882; x_wconf 84' lang='grc' dir='ltr'><strong>μάτι</strong></span> <span class='ocrx_word' id='word_1_518' title='bbox 2353 3827 2368 3843; x_wconf 76' lang='grc' dir='ltr'><strong>ο</strong></span> <span class='ocrx_word' id='word_1_519' title='bbox 2400 3811 2463 3863; x_wconf 82' lang='grc' dir='ltr'>τὸ</span> <span class='ocrx_word' id='word_1_520' title='bbox 2489 3809 2597 3880; x_wconf 83' lang='grc' dir='ltr'><strong>γὰρ</strong></span> <span class='ocrx_word' id='word_1_521' title='bbox 2623 3808 2796 3880; x_wconf 81' lang='grc' dir='ltr'>ῥῆμα,</span> <span class='ocrx_word' id='word_1_522' title='bbox 2830 3806 2863 3878; x_wconf 82' lang='grc' dir='ltr'>ἢ</span> <span class='ocrx_word' id='word_1_523' title='bbox 2891 3806 2952 3859; x_wconf 73' lang='grc' dir='ltr'>τὸ</span> <span class='ocrx_word' id='word_1_524' title='bbox 2992 3805 3214 3875; x_wconf 87' lang='grc' dir='ltr'>Πνεῦμα</span> <span class='ocrx_word' id='word_1_525' title='bbox 3248 3805 3307 3856; x_wconf 84' lang='grc' dir='ltr'>τὸ</span> <span class='ocrx_word' id='word_1_526' title='bbox 3343 3804 3500 3872; x_wconf 79' lang='grc' dir='ltr'>ἅγιον</span> <span class='ocrx_word' id='word_1_527' title='bbox 3531 3804 3731 3872; x_wconf 78' lang='grc' dir='ltr'>νοήσεις,</span> 
     </span>
    </p>
   </div>
   <div class='ocr_carea' id='block_1_78' title="bbox 2192 3896 3728 3976">
    <p class='ocr_par' dir='ltr' id='par_1_78' title="bbox 2192 3896 3728 3976">
     <span class='ocr_line' id='line_1_78' title="bbox 2192 3896 3728 3976; baseline -0.008 -19"><span class='ocrx_word' id='word_1_528' title='bbox 2192 3903 2225 3974; x_wconf 76' lang='grc' dir='ltr'>ἦ</span> <span class='ocrx_word' id='word_1_529' title='bbox 2251 3901 2350 3976; x_wconf 81' lang='grc' dir='ltr'>τὴν</span> <span class='ocrx_word' id='word_1_530' title='bbox 2371 3901 2670 3974; x_wconf 78' lang='grc' dir='ltr'>πρόσταξιν</span> <span class='ocrx_word' id='word_1_531' title='bbox 2696 3900 2788 3954; x_wconf 78' lang='grc' dir='ltr'><strong>τοῦ</strong></span> <span class='ocrx_word' id='word_1_532' title='bbox 2824 3898 2984 3953; x_wconf 88' lang='grc' dir='ltr'>Θεοῦ.</span> <span class='ocrx_word' id='word_1_533' title='bbox 3033 3898 3121 3951; x_wconf 86' lang='grc' dir='ltr'>Ἐν</span> <span class='ocrx_word' id='word_1_534' title='bbox 3145 3899 3210 3968; x_wconf 80' lang='grc' dir='ltr'><strong>τῇ</strong></span> <span class='ocrx_word' id='word_1_535' title='bbox 3240 3897 3434 3966; x_wconf 83' lang='grc' dir='ltr'>ἐρήμῳ</span> <span class='ocrx_word' id='word_1_536' title='bbox 3464 3896 3521 3949; x_wconf 79' lang='grc' dir='ltr'>δὲ</span> <span class='ocrx_word' id='word_1_537' title='bbox 3546 3896 3728 3963; x_wconf 80' lang='grc' dir='ltr'>ἐγένετο</span> 
     </span>
    </p>
   </div>
   <div class='ocr_carea' id='block_1_79' title="bbox 2191 3984 3725 4066">
    <p class='ocr_par' dir='ltr' id='par_1_79' title="bbox 2191 3984 3725 4066">
     <span class='ocr_line' id='line_1_79' title="bbox 2191 3984 3725 4066; baseline -0.009 -18"><span class='ocrx_word' id='word_1_538' title='bbox 2191 3995 2253 4047; x_wconf 78' lang='grc' dir='ltr'>τὸ</span> <span class='ocrx_word' id='word_1_539' title='bbox 2274 3995 2341 4066; x_wconf 79' lang='grc' dir='ltr'><strong>ρῆ</strong></span> <span class='ocrx_word' id='word_1_540' title='bbox 2354 4012 2430 4064; x_wconf 88' lang='grc' dir='ltr'><strong>μα</strong></span> <span class='ocrx_word' id='word_1_541' title='bbox 2449 3992 2544 4046; x_wconf 88' lang='grc' dir='ltr'><strong>τοῦ</strong></span> <span class='ocrx_word' id='word_1_542' title='bbox 2583 3992 2718 4046; x_wconf 88' lang='grc' dir='ltr'>Θεοῦ</span> <span class='ocrx_word' id='word_1_543' title='bbox 2766 3990 2904 4063; x_wconf 79' lang='grc' dir='ltr'>πρὸς</span> <span class='ocrx_word' id='word_1_544' title='bbox 2939 3989 3225 4058; x_wconf 82' lang='grc' dir='ltr'>Ἰωάννην·</span> <span class='ocrx_word' id='word_1_545' title='bbox 3277 3988 3400 4039; x_wconf 78' lang='grc' dir='ltr'>ἐπεὶ</span> <span class='ocrx_word' id='word_1_546' title='bbox 3432 3987 3540 4057; x_wconf 80' lang='grc' dir='ltr'>γὰρ</span> <span class='ocrx_word' id='word_1_547' title='bbox 3565 3984 3725 4056; x_wconf 76' lang='grc' dir='ltr'>ἔμελλε</span> 
     </span>
    </p>
   </div>
   <div class='ocr_carea' id='block_1_80' title="bbox 2192 4076 3730 4155">
    <p class='ocr_par' dir='ltr' id='par_1_80' title="bbox 2192 4076 3730 4155">
     <span class='ocr_line' id='line_1_80' title="bbox 2192 4076 3730 4155; baseline -0.007 -17"><span class='ocrx_word' id='word_1_548' title='bbox 2192 4085 2260 4138; x_wconf 85' lang='grc' dir='ltr'><strong>τά</strong></span> <span class='ocrx_word' id='word_1_549' title='bbox 2294 4086 2458 4140; x_wconf 85' lang='grc' dir='ltr'>τέκνα</span> <span class='ocrx_word' id='word_1_550' title='bbox 2487 4085 2585 4155; x_wconf 83' lang='grc' dir='ltr'>τῆς</span> <span class='ocrx_word' id='word_1_551' title='bbox 2615 4085 2847 4155; x_wconf 87' lang='grc' dir='ltr'>ἐρήμου,</span> <span class='ocrx_word' id='word_1_552' title='bbox 2877 4081 2977 4150; x_wconf 83' lang='grc' dir='ltr'>τῆς</span> <span class='ocrx_word' id='word_1_553' title='bbox 3006 4079 3114 4133; x_wconf 88' lang='grc' dir='ltr'><strong>τῶν</strong></span> <span class='ocrx_word' id='word_1_554' title='bbox 3145 4078 3314 4133; x_wconf 84' lang='grc' dir='ltr'>ἐθνῶν</span> <span class='ocrx_word' id='word_1_555' title='bbox 3339 4077 3484 4146; x_wconf 78' lang='grc' dir='ltr'>λέγω</span> <span class='ocrx_word' id='word_1_556' title='bbox 3535 4076 3730 4145; x_wconf 78' lang='grc' dir='ltr'>Ἐκκλη-</span> 
     </span>
    </p>
   </div>
   <div class='ocr_carea' id='block_1_81' title="bbox 2195 4171 3728 4245">
    <p class='ocr_par' dir='ltr' id='par_1_81' title="bbox 2195 4171 3728 4245">
     <span class='ocr_line' id='line_1_81' title="bbox 2195 4171 3728 4245; baseline -0.007 -14"><span class='ocrx_word' id='word_1_557' title='bbox 2195 4178 2334 4244; x_wconf 85' lang='grc' dir='ltr'>σίας,</span> <span class='ocrx_word' id='word_1_558' title='bbox 2364 4177 2592 4230; x_wconf 83' lang='grc' dir='ltr'>πλείονα</span> <span class='ocrx_word' id='word_1_559' title='bbox 2632 4175 2888 4245; x_wconf 85' lang='grc' dir='ltr'>γενέσθαι</span> <span class='ocrx_word' id='word_1_560' title='bbox 2919 4175 3029 4228; x_wconf 84' lang='grc' dir='ltr'><strong>τῶν</strong></span> <span class='ocrx_word' id='word_1_561' title='bbox 3067 4174 3166 4243; x_wconf 79' lang='grc' dir='ltr'>τῆς</span> <span class='ocrx_word' id='word_1_562' title='bbox 3197 4171 3428 4244; x_wconf 85' lang='grc' dir='ltr'>ἐχούσης</span> <span class='ocrx_word' id='word_1_563' title='bbox 3459 4172 3549 4225; x_wconf 73' lang='grc' dir='ltr'><strong>τὸν</strong></span> <span class='ocrx_word' id='word_1_564' title='bbox 3575 4171 3728 4239; x_wconf 56' lang='grc' dir='ltr'>ἄνδρα,</span> 
     </span>
    </p>
   </div>
   <div class='ocr_carea' id='block_1_82' title="bbox 2191 4262 3729 4338">
    <p class='ocr_par' dir='ltr' id='par_1_82' title="bbox 2191 4262 3729 4338">
     <span class='ocr_line' id='line_1_82' title="bbox 2191 4262 3729 4338; baseline -0.007 -16"><span class='ocrx_word' id='word_1_565' title='bbox 2191 4270 2456 4331; x_wconf 80' lang='grc' dir='ltr'>τουτέστι,</span> <span class='ocrx_word' id='word_1_566' title='bbox 2486 4269 2585 4338; x_wconf 80' lang='grc' dir='ltr'>τῆς</span> <span class='ocrx_word' id='word_1_567' title='bbox 2627 4266 2924 4334; x_wconf 81' lang='grc' dir='ltr'>Ἰουδαϊκῆς</span> <span class='ocrx_word' id='word_1_568' title='bbox 2949 4263 3311 4333; x_wconf 82' lang='grc' dir='ltr'>Συναγωγῆς,</span> <span class='ocrx_word' id='word_1_569' title='bbox 3358 4264 3583 4326; x_wconf 86' lang='grc' dir='ltr'>είκότως</span> <span class='ocrx_word' id='word_1_570' title='bbox 3609 4264 3658 4314; x_wconf 86' lang='grc' dir='ltr'>ὲν</span> <span class='ocrx_word' id='word_1_571' title='bbox 3681 4262 3729 4327; x_wconf 77' lang='grc' dir='ltr'>τῇ</span> 
     </span>
    </p>
   </div>
   <div class='ocr_carea' id='block_1_83' title="bbox 2191 4355 3730 4433">
    <p class='ocr_par' dir='ltr' id='par_1_83' title="bbox 2191 4355 3730 4433">
     <span class='ocr_line' id='line_1_83' title="bbox 2191 4355 3730 4433; baseline -0.005 -19"><span class='ocrx_word' id='word_1_572' title='bbox 2191 4363 2382 4433; x_wconf 85' lang='grc' dir='ltr'>ἐρήμῳ</span> <span class='ocrx_word' id='word_1_573' title='bbox 2449 4360 2564 4413; x_wconf 81' lang='grc' dir='ltr'>δντι</span> <span class='ocrx_word' id='word_1_574' title='bbox 2615 4359 2829 4428; x_wconf 83' lang='grc' dir='ltr'>γίνεται</span> <span class='ocrx_word' id='word_1_575' title='bbox 2864 4357 2941 4428; x_wconf 83' lang='grc' dir='ltr'>τῷ</span> <span class='ocrx_word' id='word_1_576' title='bbox 3005 4358 3230 4428; x_wconf 75' lang='grc' dir='ltr'>Ἰωάννῃ</span> <span class='ocrx_word' id='word_1_577' title='bbox 3280 4357 3345 4409; x_wconf 83' lang='grc' dir='ltr'>τὸ</span> <span class='ocrx_word' id='word_1_578' title='bbox 3399 4356 3552 4427; x_wconf 83' lang='grc' dir='ltr'>ῥῆμα</span> <span class='ocrx_word' id='word_1_579' title='bbox 3605 4355 3730 4418; x_wconf 73' lang='grc' dir='ltr'>καὶῄ</span> 
     </span>
    </p>
   </div>
   <div class='ocr_carea' id='block_1_84' title="bbox 2193 4448 3730 4525">
    <p class='ocr_par' dir='ltr' id='par_1_84' title="bbox 2193 4448 3730 4525">
     <span class='ocr_line' id='line_1_84' title="bbox 2193 4448 3730 4525; baseline -0.007 -19"><span class='ocrx_word' id='word_1_580' title='bbox 2193 4452 2486 4525; x_wconf 71' lang='grc' dir='ltr'>πρόσταξις</span> <span class='ocrx_word' id='word_1_581' title='bbox 2517 4451 2609 4504; x_wconf 84' lang='grc' dir='ltr'><strong>τοῦ</strong></span> <span class='ocrx_word' id='word_1_582' title='bbox 2641 4450 2800 4504; x_wconf 85' lang='grc' dir='ltr'>Θεοῦ.</span> <span class='ocrx_word' id='word_1_583' title='bbox 2849 4449 3154 4519; x_wconf 86' lang='grc' dir='ltr'>Ἐκήρυσσε</span> <span class='ocrx_word' id='word_1_584' title='bbox 3177 4449 3234 4501; x_wconf 86' lang='grc' dir='ltr'>δὲ</span> <span class='ocrx_word' id='word_1_585' title='bbox 3270 4448 3557 4518; x_wconf 75' lang='grc' dir='ltr'>βάπτισμα</span> <span class='ocrx_word' id='word_1_586' title='bbox 3592 4461 3730 4516; x_wconf 76' lang='grc' dir='ltr'>μετα-</span> 
     </span>
    </p>
   </div>
   <div class='ocr_carea' id='block_1_85' title="bbox 517 4535 2086 4617">
    <p class='ocr_par' dir='ltr' id='par_1_85' title="bbox 517 4542 2085 4617">
     <span class='ocr_line' id='line_1_85' title="bbox 517 4542 2085 4617; baseline 0.003 -20"><span class='ocrx_word' id='word_1_587' title='bbox 517 4543 625 4597; x_wconf 87' lang='lat' dir='ltr'><strong>illis</strong></span> <span class='ocrx_word' id='word_1_588' title='bbox 657 4542 713 4597; x_wconf 90' lang='lat' dir='ltr'><strong>in</strong></span> <span class='ocrx_word' id='word_1_589' title='bbox 766 4543 1143 4598; x_wconf 88' lang='lat' dir='ltr'><strong>remissionem</strong></span> <span class='ocrx_word' id='word_1_590' title='bbox 1199 4555 1571 4611; x_wconf 84' lang='lat' dir='ltr'><strong>peccatorum,</strong></span> <span class='ocrx_word' id='word_1_591' title='bbox 1607 4563 1727 4615; x_wconf 75' lang='lat' dir='ltr'><strong>qua:</strong></span> <span class='ocrx_word' id='word_1_592' title='bbox 1771 4562 1864 4617; x_wconf 89' lang='lat' dir='ltr'><strong>per</strong></span> <span class='ocrx_word' id='word_1_593' title='bbox 1913 4549 2085 4616; x_wconf 87' lang='lat' dir='ltr'><strong>bapti-</strong></span> 
     </span>
    </p>
   </div>
   <div class='ocr_carea' id='block_1_86' title="bbox 2194 4535 3729 4617">
    <p class='ocr_par' dir='ltr' id='par_1_86' title="bbox 2194 4535 3729 4608">
     <span class='ocr_line' id='line_1_86' title="bbox 2194 4535 3729 4608; baseline -0.008 -12"><span class='ocrx_word' id='word_1_594' title='bbox 2194 4544 2337 4606; x_wconf 78' lang='grc' dir='ltr'>νοίας</span> <span class='ocrx_word' id='word_1_595' title='bbox 2358 4545 2470 4605; x_wconf 87' lang='grc' dir='ltr'>τοῖς</span> <span class='ocrx_word' id='word_1_596' title='bbox 2493 4542 2660 4605; x_wconf 82' lang='grc' dir='ltr'>λαοῖς.</span> <span class='ocrx_word' id='word_1_597' title='bbox 2691 4541 3001 4603; x_wconf 78' lang='grc' dir='ltr'>τουτέστιν,</span> <span class='ocrx_word' id='word_1_598' title='bbox 3035 4537 3466 4608; x_wconf 82' lang='grc' dir='ltr'>ἐξαγορεύσεως.</span> <span class='ocrx_word' id='word_1_599' title='bbox 3507 4536 3659 4590; x_wconf 86' lang='grc' dir='ltr'>Τοῦτο</span> <span class='ocrx_word' id='word_1_600' title='bbox 3689 4535 3729 4586; x_wconf 77' lang='grc' dir='ltr'>δὲ</span> 
     </span>
    </p>
   </div>
   <div class='ocr_carea' id='block_1_87' title="bbox 513 4632 2088 4709">
    <p class='ocr_par' dir='ltr' id='par_1_87' title="bbox 513 4632 2088 4709">
     <span class='ocr_line' id='line_1_87' title="bbox 513 4632 2088 4709; baseline 0.003 -21"><span class='ocrx_word' id='word_1_601' title='bbox 513 4649 689 4688; x_wconf 87' lang='lat' dir='ltr'><strong>smum</strong></span> <span class='ocrx_word' id='word_1_602' title='bbox 717 4632 922 4688; x_wconf 88' lang='lat' dir='ltr'><strong>Christi</strong></span> <span class='ocrx_word' id='word_1_603' title='bbox 965 4636 1142 4688; x_wconf 91' lang='lat' dir='ltr'><strong>datur.</strong></span> <span class='ocrx_word' id='word_1_604' title='bbox 1181 4634 1367 4704; x_wconf 87' lang='lat' dir='ltr'><strong>Neque</strong></span> <span class='ocrx_word' id='word_1_605' title='bbox 1403 4637 1564 4708; x_wconf 77' lang='lat'><strong>293</strong></span> <span class='ocrx_word' id='word_1_606' title='bbox 1613 4639 1757 4693; x_wconf 90' lang='lat' dir='ltr'><strong>enim</strong></span> <span class='ocrx_word' id='word_1_607' title='bbox 1825 4638 2088 4709; x_wconf 75' lang='lat' dir='ltr'><strong>baptisina</strong></span> 
     </span>
    </p>
   </div>
   <div class='ocr_carea' id='block_1_88' title="bbox 512 4724 2090 4800">
    <p class='ocr_par' dir='ltr' id='par_1_88' title="bbox 512 4724 2090 4800">
     <span class='ocr_line' id='line_1_88' title="bbox 512 4724 2090 4800; baseline 0.003 -21"><span class='ocrx_word' id='word_1_608' title='bbox 512 4724 736 4781; x_wconf 89' lang='lat' dir='ltr'><strong>Joannis</strong></span> <span class='ocrx_word' id='word_1_609' title='bbox 777 4728 1156 4784; x_wconf 90' lang='lat' dir='ltr'><strong>remissionem</strong></span> <span class='ocrx_word' id='word_1_610' title='bbox 1187 4742 1530 4800; x_wconf 88' lang='lat' dir='ltr'><strong>peccatorum</strong></span> <span class='ocrx_word' id='word_1_611' title='bbox 1591 4733 1847 4795; x_wconf 88' lang='lat' dir='ltr'><strong>habebat,</strong></span> <span class='ocrx_word' id='word_1_612' title='bbox 1873 4732 1966 4786; x_wconf 89' lang='lat' dir='ltr'><strong>sed</strong></span> <span class='ocrx_word' id='word_1_613' title='bbox 2023 4731 2090 4784; x_wconf 86' lang='lat' dir='ltr'><strong>ad</strong></span> 
     </span>
    </p>
   </div>
   <div class='ocr_carea' id='block_1_89' title="bbox 513 4818 2093 4893">
    <p class='ocr_par' dir='ltr' id='par_1_89' title="bbox 513 4818 2093 4893">
     <span class='ocr_line' id='line_1_89' title="bbox 513 4818 2093 4893; baseline 0.004 -21"><span class='ocrx_word' id='word_1_614' title='bbox 513 4818 889 4876; x_wconf 89' lang='lat' dir='ltr'><strong>remissionem</strong></span> <span class='ocrx_word' id='word_1_615' title='bbox 914 4822 1270 4880; x_wconf 80' lang='lat' dir='ltr'><strong>conferebat:</strong></span> <span class='ocrx_word' id='word_1_616' title='bbox 1311 4826 1411 4879; x_wconf 88' lang='lat' dir='ltr'><strong>hoe</strong></span> <span class='ocrx_word' id='word_1_617' title='bbox 1458 4833 1562 4890; x_wconf 88' lang='lat' dir='ltr'><strong>est,</strong></span> <span class='ocrx_word' id='word_1_618' title='bbox 1609 4825 1946 4893; x_wconf 61' lang='lat' dir='ltr'><strong>prmparabat</strong></span> <span class='ocrx_word' id='word_1_619' title='bbox 1993 4826 2093 4879; x_wconf 89' lang='lat' dir='ltr'><strong>ho-</strong></span> 
     </span>
    </p>
   </div>
   <div class='ocr_carea' id='block_1_90' title="bbox 515 4913 2093 4988">
    <p class='ocr_par' dir='ltr' id='par_1_90' title="bbox 515 4913 2093 4988">
     <span class='ocr_line' id='line_1_90' title="bbox 515 4913 2093 4988; baseline 0.002 -22"><span class='ocrx_word' id='word_1_620' title='bbox 515 4913 688 4968; x_wconf 84' lang='lat' dir='ltr'><strong>mines</strong></span> <span class='ocrx_word' id='word_1_621' title='bbox 720 4923 777 4967; x_wconf 88' lang='lat' dir='ltr'><strong>ut</strong></span> <span class='ocrx_word' id='word_1_622' title='bbox 802 4916 1110 4984; x_wconf 85' lang='lat' dir='ltr'><strong>acciperent</strong></span> <span class='ocrx_word' id='word_1_623' title='bbox 1133 4917 1339 4972; x_wconf 80' lang='lat' dir='ltr'><strong>Christi</strong></span> <span class='ocrx_word' id='word_1_624' title='bbox 1370 4917 1657 4988; x_wconf 90' lang='lat' dir='ltr'><strong>baptisma,</strong></span> <span class='ocrx_word' id='word_1_625' title='bbox 1694 4918 1833 4986; x_wconf 91' lang='lat' dir='ltr'><strong>quod</strong></span> <span class='ocrx_word' id='word_1_626' title='bbox 1861 4915 2093 4972; x_wconf 81' lang='lat' dir='ltr'><strong>habebat</strong></span> 
     </span>
    </p>
   </div>
   <div class='ocr_carea' id='block_1_91' title="bbox 515 5004 1300 5073">
    <p class='ocr_par' dir='ltr' id='par_1_91' title="bbox 515 5004 1300 5073">
     <span class='ocr_line' id='line_1_91' title="bbox 515 5004 1300 5073; baseline 0.004 -14"><span class='ocrx_word' id='word_1_627' title='bbox 515 5004 891 5060; x_wconf 82' lang='lat' dir='ltr'><strong>remissionem</strong></span> <span class='ocrx_word' id='word_1_628' title='bbox 938 5017 1300 5073; x_wconf 86' lang='lat' dir='ltr'><strong>peccatorum.</strong></span> 
     </span>
    </p>
   </div>
   <div class='ocr_carea' id='block_1_92' title="bbox 591 5269 2090 5342">
    <p class='ocr_par' dir='ltr' id='par_1_92' title="bbox 591 5269 2090 5342">
     <span class='ocr_line' id='line_1_92' title="bbox 591 5269 2090 5342; baseline 0.001 -17"><span class='ocrx_word' id='word_1_629' title='bbox 591 5269 761 5326; x_wconf 69' lang='lat' dir='ltr'><strong>Vens.</strong></span> <span class='ocrx_word' id='word_1_630' title='bbox 793 5272 908 5338; x_wconf 80' lang='lat'><strong>5,6.</strong></span> <span class='ocrx_word' id='word_1_631' title='bbox 942 5290 961 5324; x_wconf 76' lang='grc' dir='ltr'><strong>ι</strong></span> <span class='ocrx_word' id='word_1_632' title='bbox 989 5271 1144 5328; x_wconf 87' lang='lat' dir='ltr'><strong>Sicut</strong></span> <span class='ocrx_word' id='word_1_633' title='bbox 1167 5278 1426 5342; x_wconf 77' lang='lat' dir='ltr'><strong>scriptum</strong></span> <span class='ocrx_word' id='word_1_634' title='bbox 1446 5281 1528 5326; x_wconf 90' lang='lat' dir='ltr'><strong>est</strong></span> <span class='ocrx_word' id='word_1_635' title='bbox 1551 5273 1604 5326; x_wconf 91' lang='lat' dir='ltr'><strong>in</strong></span> <span class='ocrx_word' id='word_1_636' title='bbox 1625 5273 1762 5328; x_wconf 89' lang='lat' dir='ltr'><strong>libro</strong></span> <span class='ocrx_word' id='word_1_637' title='bbox 1779 5287 2090 5328; x_wconf 90' lang='lat' dir='ltr'><strong>sermonum</strong></span> 
     </span>
    </p>
   </div>
   <div class='ocr_carea' id='block_1_93' title="bbox 521 5361 2086 5432">
    <p class='ocr_par' dir='ltr' id='par_1_93' title="bbox 521 5361 2086 5432">
     <span class='ocr_line' id='line_1_93' title="bbox 521 5361 2086 5432; baseline 0.001 -15"><span class='ocrx_word' id='word_1_638' title='bbox 521 5361 676 5418; x_wconf 67' lang='lat' dir='ltr'><strong>Isaia:</strong></span> <span class='ocrx_word' id='word_1_639' title='bbox 708 5365 982 5432; x_wconf 74' lang='lat' dir='ltr'><strong>propheta:</strong></span> <span class='ocrx_word' id='word_1_640' title='bbox 997 5365 1227 5420; x_wconf 87' lang='lat' dir='ltr'><strong>dicentis</strong></span> <span class='ocrx_word' id='word_1_641' title='bbox 1257 5381 1272 5418; x_wconf 89' lang='lat'><strong>:</strong></span> <span class='ocrx_word' id='word_1_642' title='bbox 1303 5363 1412 5420; x_wconf 79' lang='lat' dir='ltr'><strong>Vox</strong></span> <span class='ocrx_word' id='word_1_643' title='bbox 1436 5364 1722 5420; x_wconf 87' lang='lat' dir='ltr'><strong>clamantis</strong></span> <span class='ocrx_word' id='word_1_644' title='bbox 1757 5365 1811 5418; x_wconf 91' lang='lat' dir='ltr'><strong>in</strong></span> <span class='ocrx_word' id='word_1_645' title='bbox 1829 5364 2041 5419; x_wconf 90' lang='lat' dir='ltr'><strong>deserto</strong></span> <span class='ocrx_word' id='word_1_646' title='bbox 2072 5381 2086 5418; x_wconf 93' lang='lat'><strong>:</strong></span> 
     </span>
    </p>
   </div>
   <div class='ocr_carea' id='block_1_94' title="bbox 519 5455 2088 5524">
    <p class='ocr_par' dir='ltr' id='par_1_94' title="bbox 519 5455 2088 5524">
     <span class='ocr_line' id='line_1_94' title="bbox 519 5455 2088 5524; baseline 0 -15"><span class='ocrx_word' id='word_1_647' title='bbox 519 5455 718 5509; x_wconf 83' lang='lat' dir='ltr'><strong>Parate</strong></span> <span class='ocrx_word' id='word_1_648' title='bbox 751 5455 891 5508; x_wconf 90' lang='lat' dir='ltr'><strong>viam</strong></span> <span class='ocrx_word' id='word_1_649' title='bbox 951 5455 1190 5519; x_wconf 86' lang='lat' dir='ltr'><strong>Domini,</strong></span> <span class='ocrx_word' id='word_1_650' title='bbox 1239 5465 1418 5511; x_wconf 87' lang='lat' dir='ltr'><strong>rectas</strong></span> <span class='ocrx_word' id='word_1_651' title='bbox 1466 5457 1627 5512; x_wconf 76' lang='lat' dir='ltr'><strong>facile</strong></span> <span class='ocrx_word' id='word_1_652' title='bbox 1677 5457 1902 5511; x_wconf 88' lang='lat' dir='ltr'><strong>semitas</strong></span> <span class='ocrx_word' id='word_1_653' title='bbox 1955 5455 2088 5524; x_wconf 87' lang='lat' dir='ltr'><strong>ejus.</strong></span> 
     </span>
    </p>
   </div>
   <div class='ocr_carea' id='block_1_95' title="bbox 523 5548 2096 5616">
    <p class='ocr_par' dir='ltr' id='par_1_95' title="bbox 523 5548 2096 5616">
     <span class='ocr_line' id='line_1_95' title="bbox 523 5548 2096 5616; baseline 0 -12"><span class='ocrx_word' id='word_1_654' title='bbox 523 5548 716 5604; x_wconf 82' lang='lat' dir='ltr'><strong>Omnis</strong></span> <span class='ocrx_word' id='word_1_655' title='bbox 771 5549 925 5604; x_wconf 87' lang='lat' dir='ltr'><strong>vallis</strong></span> <span class='ocrx_word' id='word_1_656' title='bbox 978 5548 1308 5616; x_wconf 90' lang='lat' dir='ltr'><strong>implebitur,</strong></span> <span class='ocrx_word' id='word_1_657' title='bbox 1353 5558 1407 5605; x_wconf 91' lang='lat' dir='ltr'><strong>et</strong></span> <span class='ocrx_word' id='word_1_658' title='bbox 1445 5552 1623 5605; x_wconf 91' lang='lat' dir='ltr'><strong>omnis</strong></span> <span class='ocrx_word' id='word_1_659' title='bbox 1655 5564 1810 5605; x_wconf 83' lang='lat' dir='ltr'><strong>mons</strong></span> <span class='ocrx_word' id='word_1_660' title='bbox 1842 5559 1897 5604; x_wconf 88' lang='lat' dir='ltr'><strong>et</strong></span> <span class='ocrx_word' id='word_1_661' title='bbox 1943 5549 2096 5604; x_wconf 91' lang='lat' dir='ltr'><strong>collis</strong></span> 
     </span>
    </p>
   </div>
   <div class='ocr_carea' id='block_1_96' title="bbox 526 5642 2091 5714">
    <p class='ocr_par' dir='ltr' id='par_1_96' title="bbox 526 5642 2091 5714">
     <span class='ocr_line' id='line_1_96' title="bbox 526 5642 2091 5714; baseline -0.002 -16"><span class='ocrx_word' id='word_1_662' title='bbox 526 5642 924 5708; x_wconf 71' lang='lat' dir='ltr'><strong>humiliabitur,</strong></span> <span class='ocrx_word' id='word_1_663' title='bbox 975 5653 1032 5698; x_wconf 89' lang='lat' dir='ltr'><strong>et</strong></span> <span class='ocrx_word' id='word_1_664' title='bbox 1077 5643 1208 5698; x_wconf 89' lang='lat' dir='ltr'><strong>ﬁent</strong></span> <span class='ocrx_word' id='word_1_665' title='bbox 1266 5660 1384 5714; x_wconf 83' lang='lat' dir='ltr'><strong>quae</strong></span> <span class='ocrx_word' id='word_1_666' title='bbox 1412 5643 1627 5714; x_wconf 90' lang='lat' dir='ltr'><strong>obliqua</strong></span> <span class='ocrx_word' id='word_1_667' title='bbox 1659 5653 1804 5710; x_wconf 81' lang='lat' dir='ltr'><strong>sunt,</strong></span> <span class='ocrx_word' id='word_1_668' title='bbox 1867 5643 2091 5712; x_wconf 88' lang='lat' dir='ltr'><strong>directa,</strong></span> 
     </span>
    </p>
   </div>
   <div class='ocr_carea' id='block_1_97' title="bbox 599 5823 1081 5888">
    <p class='ocr_par' dir='ltr' id='par_1_97' title="bbox 599 5823 1081 5888">
     <span class='ocr_line' id='line_1_97' title="bbox 599 5823 1081 5888; baseline -0.004 -9"><span class='ocrx_word' id='word_1_669' title='bbox 599 5825 641 5854; x_wconf 83' lang='lat'><strong>&quot;</strong></span> <span class='ocrx_word' id='word_1_670' title='bbox 675 5823 807 5879; x_wconf 83' lang='lat' dir='ltr'><strong>Gen.</strong></span> <span class='ocrx_word' id='word_1_671' title='bbox 841 5836 990 5888; x_wconf 69' lang='lat' dir='ltr'><strong>lux,</strong></span> <span class='ocrx_word' id='word_1_672' title='bbox 1027 5823 1081 5878; x_wconf 78' lang='lat'><strong>5.</strong></span> 
     </span>
    </p>
   </div>
   <div class='ocr_carea' id='block_1_98' title="bbox 2189 4628 3728 4705">
    <p class='ocr_par' dir='ltr' id='par_1_98' title="bbox 2189 4628 3728 4705">
     <span class='ocr_line' id='line_1_98' title="bbox 2189 4628 3728 4705; baseline -0.008 -17"><span class='ocrx_word' id='word_1_673' title='bbox 2189 4639 2249 4688; x_wconf 75' lang='grc' dir='ltr'>τὸ</span> <span class='ocrx_word' id='word_1_674' title='bbox 2273 4635 2559 4705; x_wconf 77' lang='grc' dir='ltr'>βάπτισμα</span> <span class='ocrx_word' id='word_1_675' title='bbox 2610 4633 2873 4702; x_wconf 84' lang='grc' dir='ltr'>συνήργει</span> <span class='ocrx_word' id='word_1_676' title='bbox 2936 4633 3121 4693; x_wconf 77' lang='grc' dir='ltr'>αὐτοῖς</span> <span class='ocrx_word' id='word_1_677' title='bbox 3155 4631 3236 4693; x_wconf 86' lang='grc' dir='ltr'><strong>είς</strong></span> <span class='ocrx_word' id='word_1_678' title='bbox 3292 4631 3390 4700; x_wconf 81' lang='grc' dir='ltr'>τὴν</span> <span class='ocrx_word' id='word_1_679' title='bbox 3429 4632 3614 4697; x_wconf 80' lang='grc' dir='ltr'>ἄφεσιν</span> <span class='ocrx_word' id='word_1_680' title='bbox 3647 4628 3728 4678; x_wconf 76' lang='grc' dir='ltr'>τῶν</span> 
     </span>
    </p>
   </div>
   <div class='ocr_carea' id='block_1_99' title="bbox 2190 4717 3728 4798">
    <p class='ocr_par' dir='ltr' id='par_1_99' title="bbox 2190 4717 3728 4798">
     <span class='ocr_line' id='line_1_99' title="bbox 2190 4717 3728 4798; baseline -0.008 -18"><span class='ocrx_word' id='word_1_681' title='bbox 2190 4724 2496 4798; x_wconf 84' lang='grc' dir='ltr'>ἁμαρτιῶν,</span> <span class='ocrx_word' id='word_1_682' title='bbox 2524 4724 2621 4794; x_wconf 80' lang='grc' dir='ltr'>τὴν</span> <span class='ocrx_word' id='word_1_683' title='bbox 2666 4725 2753 4778; x_wconf 77' lang='grc' dir='ltr'><strong>διὰ</strong></span> <span class='ocrx_word' id='word_1_684' title='bbox 2802 4723 2896 4775; x_wconf 86' lang='grc' dir='ltr'><strong>τοῦ</strong></span> <span class='ocrx_word' id='word_1_685' title='bbox 2955 4722 3333 4792; x_wconf 80' lang='grc' dir='ltr'>βαπτίσματος</span> <span class='ocrx_word' id='word_1_686' title='bbox 3387 4721 3483 4774; x_wconf 87' lang='grc' dir='ltr'><strong>τοῦ</strong></span> <span class='ocrx_word' id='word_1_687' title='bbox 3528 4717 3728 4790; x_wconf 81' lang='grc' dir='ltr'>Χριστοῦ</span> 
     </span>
    </p>
   </div>
   <div class='ocr_carea' id='block_1_100' title="bbox 2191 4813 3730 4887">
    <p class='ocr_par' dir='ltr' id='par_1_100' title="bbox 2191 4813 3730 4887">
     <span class='ocr_line' id='line_1_100' title="bbox 2191 4813 3730 4887; baseline -0.008 -17"><span class='ocrx_word' id='word_1_688' title='bbox 2191 4817 2496 4887; x_wconf 76' lang='grc' dir='ltr'>διδομένην.</span> <span class='ocrx_word' id='word_1_689' title='bbox 2541 4817 2614 4869; x_wconf 81' lang='grc' dir='ltr'><strong>Οὐ</strong></span> <span class='ocrx_word' id='word_1_690' title='bbox 2649 4817 2754 4885; x_wconf 86' lang='grc' dir='ltr'>γὰρ</span> <span class='ocrx_word' id='word_1_691' title='bbox 2783 4814 2847 4883; x_wconf 81' lang='grc' dir='ltr'>δὴ</span> <span class='ocrx_word' id='word_1_692' title='bbox 2877 4814 2938 4866; x_wconf 84' lang='grc' dir='ltr'>τὸ</span> <span class='ocrx_word' id='word_1_693' title='bbox 2981 4813 3229 4866; x_wconf 77' lang='grc' dir='ltr'>Ἰωάννου</span> <span class='ocrx_word' id='word_1_694' title='bbox 3266 4813 3549 4882; x_wconf 75' lang='grc' dir='ltr'>βάπτισμα</span> <span class='ocrx_word' id='word_1_695' title='bbox 3573 4813 3730 4878; x_wconf 62' lang='grc' dir='ltr'>ἄφεσιν</span> 
     </span>
    </p>
   </div>
   <div class='ocr_carea' id='block_1_101' title="bbox 2192 4903 3728 4979">
    <p class='ocr_par' dir='ltr' id='par_1_101' title="bbox 2192 4903 3728 4979">
     <span class='ocr_line' id='line_1_101' title="bbox 2192 4903 3728 4979; baseline -0.007 -17"><span class='ocrx_word' id='word_1_696' title='bbox 2192 4905 2338 4979; x_wconf 78' lang='grc' dir='ltr'>εἶχεν</span> <span class='ocrx_word' id='word_1_697' title='bbox 2369 4907 2676 4979; x_wconf 83' lang='grc' dir='ltr'>ἁμαρτιῶν,</span> <span class='ocrx_word' id='word_1_698' title='bbox 2697 4905 2812 4958; x_wconf 81' lang='grc' dir='ltr'>ἀλλ’</span> <span class='ocrx_word' id='word_1_699' title='bbox 2839 4905 2922 4967; x_wconf 87' lang='grc' dir='ltr'><strong>είς</strong></span> <span class='ocrx_word' id='word_1_700' title='bbox 2948 4903 3151 4973; x_wconf 82' lang='grc' dir='ltr'>ἄφεσιν</span> <span class='ocrx_word' id='word_1_701' title='bbox 3184 4903 3563 4967; x_wconf 79' lang='grc' dir='ltr'>συνεϐάλλετο,</span> <span class='ocrx_word' id='word_1_702' title='bbox 3607 4918 3728 4956; x_wconf 82' lang='grc' dir='ltr'>τουτ·</span> 
     </span>
    </p>
   </div>
   <div class='ocr_carea' id='block_1_102' title="bbox 2200 4995 3730 5069">
    <p class='ocr_par' dir='ltr' id='par_1_102' title="bbox 2200 4995 3730 5069">
     <span class='ocr_line' id='line_1_102' title="bbox 2200 4995 3730 5069; baseline -0.007 -16"><span class='ocrx_word' id='word_1_703' title='bbox 2200 5004 2338 5066; x_wconf 80' lang='grc' dir='ltr'>ἐστι,</span> <span class='ocrx_word' id='word_1_704' title='bbox 2378 4997 2765 5069; x_wconf 78' lang='grc' dir='ltr'>παρεσκεύαζε</span> <span class='ocrx_word' id='word_1_705' title='bbox 2799 4997 2929 5060; x_wconf 78' lang='grc' dir='ltr'>τοὺς</span> <span class='ocrx_word' id='word_1_706' title='bbox 2971 4996 3318 5065; x_wconf 84' lang='grc' dir='ltr'>ἀνθρώπους,</span> <span class='ocrx_word' id='word_1_707' title='bbox 3371 4996 3456 5048; x_wconf 81' lang='grc' dir='ltr'>ἵνα</span> <span class='ocrx_word' id='word_1_708' title='bbox 3512 4995 3730 5059; x_wconf 79' lang='grc' dir='ltr'>δέξωνται</span> 
     </span>
    </p>
   </div>
   <div class='ocr_carea' id='block_1_103' title="bbox 2199 5087 3729 5162">
    <p class='ocr_par' dir='ltr' id='par_1_103' title="bbox 2199 5087 3729 5162">
     <span class='ocr_line' id='line_1_103' title="bbox 2199 5087 3729 5162; baseline -0.003 -17"><span class='ocrx_word' id='word_1_709' title='bbox 2199 5091 2260 5146; x_wconf 83' lang='grc' dir='ltr'>τὸ</span> <span class='ocrx_word' id='word_1_710' title='bbox 2306 5091 2399 5144; x_wconf 84' lang='grc' dir='ltr'><strong>τοῦ</strong></span> <span class='ocrx_word' id='word_1_711' title='bbox 2453 5089 2696 5162; x_wconf 86' lang='grc' dir='ltr'>Χριστοῦ</span> <span class='ocrx_word' id='word_1_712' title='bbox 2738 5089 3046 5159; x_wconf 84' lang='grc' dir='ltr'>βάπτισμα,</span> <span class='ocrx_word' id='word_1_713' title='bbox 3098 5089 3159 5140; x_wconf 75' lang='grc' dir='ltr'>τὸ</span> <span class='ocrx_word' id='word_1_714' title='bbox 3185 5087 3306 5154; x_wconf 76' lang='grc' dir='ltr'>ἕχον</span> <span class='ocrx_word' id='word_1_715' title='bbox 3354 5087 3546 5155; x_wconf 78' lang='grc' dir='ltr'>ἄφεσιν</span> <span class='ocrx_word' id='word_1_716' title='bbox 3582 5089 3729 5156; x_wconf 77' lang='grc' dir='ltr'>ἁμαρ·</span> 
     </span>
    </p>
   </div>
   <div class='ocr_carea' id='block_1_104' title="bbox 2198 5183 2351 5238">
    <p class='ocr_par' dir='ltr' id='par_1_104' title="bbox 2198 5183 2351 5238">
     <span class='ocr_line' id='line_1_104' title="bbox 2198 5183 2351 5238; baseline 0.026 -4"><span class='ocrx_word' id='word_1_717' title='bbox 2198 5183 2351 5238; x_wconf 83' lang='grc' dir='ltr'>τιῶν.</span> 
     </span>
    </p>
   </div>
   <div class='ocr_carea' id='block_1_105' title="bbox 2277 5268 3726 5340">
    <p class='ocr_par' dir='ltr' id='par_1_105' title="bbox 2277 5268 3726 5340">
     <span class='ocr_line' id='line_1_105' title="bbox 2277 5268 3726 5340; baseline -0.001 -17"><span class='ocrx_word' id='word_1_718' title='bbox 2277 5292 2295 5323; x_wconf 80' lang='grc' dir='ltr'><strong>ι</strong></span> <span class='ocrx_word' id='word_1_719' title='bbox 2348 5273 2433 5333; x_wconf 84' lang='grc' dir='ltr'>Ὠς</span> <span class='ocrx_word' id='word_1_720' title='bbox 2456 5272 2762 5340; x_wconf 80' lang='grc' dir='ltr'>γέγραπται</span> <span class='ocrx_word' id='word_1_721' title='bbox 2788 5270 2844 5322; x_wconf 80' lang='grc' dir='ltr'><strong>ἐν</strong></span> <span class='ocrx_word' id='word_1_722' title='bbox 2864 5268 3030 5339; x_wconf 79' lang='grc' dir='ltr'>βίϐλῳ</span> <span class='ocrx_word' id='word_1_723' title='bbox 3052 5268 3227 5337; x_wconf 82' lang='grc' dir='ltr'>λόγων</span> <span class='ocrx_word' id='word_1_724' title='bbox 3262 5271 3486 5324; x_wconf 79' lang='grc' dir='ltr'>Ἡσαΐου</span> <span class='ocrx_word' id='word_1_725' title='bbox 3516 5270 3602 5324; x_wconf 85' lang='grc' dir='ltr'><strong>τοῦ</strong></span> <span class='ocrx_word' id='word_1_726' title='bbox 3627 5286 3726 5337; x_wconf 72' lang='grc' dir='ltr'>προσ</span> 
     </span>
    </p>
   </div>
   <div class='ocr_carea' id='block_1_106' title="bbox 2199 5360 3724 5434">
    <p class='ocr_par' dir='ltr' id='par_1_106' title="bbox 2199 5360 3724 5434">
     <span class='ocr_line' id='line_1_106' title="bbox 2199 5360 3724 5434; baseline 0 -21"><span class='ocrx_word' id='word_1_727' title='bbox 2199 5364 2394 5432; x_wconf 82' lang='grc' dir='ltr'>φήτου,</span> <span class='ocrx_word' id='word_1_728' title='bbox 2417 5362 2672 5429; x_wconf 79' lang='grc' dir='ltr'>λέγοντος</span> <span class='ocrx_word' id='word_1_729' title='bbox 2691 5377 2704 5391; x_wconf 85' lang='grc'>⁶</span> <span class='ocrx_word' id='word_1_730' title='bbox 2731 5360 2886 5430; x_wconf 78' lang='grc' dir='ltr'>Φωνὴ</span> <span class='ocrx_word' id='word_1_731' title='bbox 2914 5360 3144 5430; x_wconf 81' lang='grc' dir='ltr'>βοῶντος</span> <span class='ocrx_word' id='word_1_732' title='bbox 3173 5364 3230 5415; x_wconf 90' lang='grc' dir='ltr'><strong>ἐν</strong></span> <span class='ocrx_word' id='word_1_733' title='bbox 3257 5365 3321 5433; x_wconf 75' lang='grc' dir='ltr'>τῇ</span> <span class='ocrx_word' id='word_1_734' title='bbox 3347 5365 3556 5434; x_wconf 83' lang='grc' dir='ltr'>ἐρήμῳ,</span> <span class='ocrx_word' id='word_1_735' title='bbox 3588 5361 3724 5414; x_wconf 79' lang='grc' dir='ltr'>Ἑτοι-</span> 
     </span>
    </p>
   </div>
   <div class='ocr_carea' id='block_1_107' title="bbox 2203 5451 3722 5532">
    <p class='ocr_par' dir='ltr' id='par_1_107' title="bbox 2203 5451 3722 5530">
     <span class='ocr_line' id='line_1_107' title="bbox 2203 5451 3722 5530; baseline -0.006 -19"><span class='ocrx_word' id='word_1_736' title='bbox 2203 5459 2543 5530; x_wconf 23' lang='grc' dir='ltr'>μάσατε-τὴν</span> <span class='ocrx_word' id='word_1_737' title='bbox 2570 5457 2686 5509; x_wconf 81' lang='grc' dir='ltr'>ὁδὸν</span> <span class='ocrx_word' id='word_1_738' title='bbox 2726 5458 2958 5525; x_wconf 85' lang='grc' dir='ltr'>Κυρίου,</span> <span class='ocrx_word' id='word_1_739' title='bbox 3013 5453 3233 5516; x_wconf 83' lang='grc' dir='ltr'>εὐθείας</span> <span class='ocrx_word' id='word_1_740' title='bbox 3283 5459 3488 5509; x_wconf 75' lang='grc' dir='ltr'>ποιεῖτε</span> <span class='ocrx_word' id='word_1_741' title='bbox 3518 5454 3608 5517; x_wconf 88' lang='grc' dir='ltr'><strong>τάς</strong></span> <span class='ocrx_word' id='word_1_742' title='bbox 3634 5451 3722 5520; x_wconf 84' lang='grc' dir='ltr'>τρί-</span> 
     </span>
    </p>
   </div>
   <div class='ocr_carea' id='block_1_108' title="bbox 2205 5543 3721 5621">
    <p class='ocr_par' dir='ltr' id='par_1_108' title="bbox 2205 5543 3721 5621">
     <span class='ocr_line' id='line_1_108' title="bbox 2205 5543 3721 5621; baseline -0.007 -19"><span class='ocrx_word' id='word_1_743' title='bbox 2205 5551 2332 5614; x_wconf 79' lang='grc' dir='ltr'>ϐους</span> <span class='ocrx_word' id='word_1_744' title='bbox 2363 5550 2548 5604; x_wconf 83' lang='grc' dir='ltr'>αὑτοῦ.</span> <span class='ocrx_word' id='word_1_745' title='bbox 2585 5552 2742 5604; x_wconf 79' lang='grc' dir='ltr'>Πᾶσα</span> <span class='ocrx_word' id='word_1_746' title='bbox 2767 5548 2986 5621; x_wconf 83' lang='grc' dir='ltr'>φάραγξ</span> <span class='ocrx_word' id='word_1_747' title='bbox 3037 5546 3482 5619; x_wconf 85' lang='grc' dir='ltr'>πληρωθήσεται,</span> <span class='ocrx_word' id='word_1_748' title='bbox 3514 5543 3601 5600; x_wconf 78' lang='grc' dir='ltr'><strong>καὶ</strong></span> <span class='ocrx_word' id='word_1_749' title='bbox 3643 5543 3721 5595; x_wconf 55' lang='grc' dir='ltr'>πᾶν</span> 
     </span>
    </p>
   </div>
   <div class='ocr_carea' id='block_1_109' title="bbox 2206 5638 3718 5715">
    <p class='ocr_par' dir='ltr' id='par_1_109' title="bbox 2206 5638 3718 5715">
     <span class='ocr_line' id='line_1_109' title="bbox 2206 5638 3718 5715; baseline -0.003 -17"><span class='ocrx_word' id='word_1_750' title='bbox 2206 5644 2330 5712; x_wconf 78' lang='grc' dir='ltr'>ὅρος</span> <span class='ocrx_word' id='word_1_751' title='bbox 2365 5645 2458 5698; x_wconf 80' lang='grc' dir='ltr'>καὶ</span> <span class='ocrx_word' id='word_1_752' title='bbox 2492 5642 2678 5713; x_wconf 82' lang='grc' dir='ltr'>βουνὸς</span> <span class='ocrx_word' id='word_1_753' title='bbox 2702 5643 3194 5715; x_wconf 86' lang='grc' dir='ltr'>ταπεινωθήσεται,</span> <span class='ocrx_word' id='word_1_754' title='bbox 3217 5643 3313 5696; x_wconf 71' lang='grc' dir='ltr'>καὶ</span> <span class='ocrx_word' id='word_1_755' title='bbox 3343 5641 3496 5696; x_wconf 80' lang='grc' dir='ltr'>ἔσται</span> <span class='ocrx_word' id='word_1_756' title='bbox 3539 5638 3600 5694; x_wconf 77' lang='grc' dir='ltr'>τὰ</span> <span class='ocrx_word' id='word_1_757' title='bbox 3625 5651 3718 5689; x_wconf 75' lang='grc' dir='ltr'><strong>σκο⁴</strong></span> 
     </span>
    </p>
   </div>
  </div>
