3896 6452
201 224 315 289 ’137

931 225 1374 288 ENARRATIO
1411 226 1491 286 IN
1527 226 2026 288 EVANGELIUM
2065 230 2300 290 LUC.‘E.
2342 232 2593 291 -CAP.
2621 231 2740 291 III.

3282 289 3287 297 .
3389 237 3494 301 738

206 339 306 393 λιὰ
341 339 426 403 είς
459 336 702 403 εὐθεῖαν,
733 337 832 391 καὶ
863 337 920 390 αἱ
959 341 1213 410 τραχεῖαι
1241 339 1324 402 είς
1345 339 1498 401 ὁδοὺς
1525 338 1808 404 λείας,καὶ

1913 349 1968 396 et
2023 355 2214 412 aspera
2267 341 2318 396 in
2379 343 2495 398 vias
2539 345 2751 413 planas,
2783 353 2838 399 et
2883 345 3087 401 videbit
3142 348 3323 404 omnis
3356 362 3491 405 caro

215 431 418 502 δψεται
451 432 601 484 πᾶσα
623 429 762 502 σὰρξ
782 432 844 483 τὸ
872 431 1142 502 σωτήριον
1169 431 1264 485 τοῦ
1288 431 1448 484 Θεοῦ.
1502 425 1652 493 Ὁδὸς
1686 430 1808 500 μὲν,

217 527 251 592 ὴ
283 523 429 577 κατὰ
458 521 695 592 Χριστὸν
729 521 996 587 πολιτεία,
1041 524 1106 592 ἢν
1143 522 1356 576 κελεύει
1388 522 1808 593 ἑτοιμασθῆναι.

227 615 475 688 Ἔμελλε
511 614 621 685 γὰρ
643 614 767 667 ὅσον
798 612 952 666 οὔπω
984 615 1277 684 κηρύττειν
1303 618 1331 668 ὁ
1364 615 1592 686 Κύριος.
1619 615 1812 685 Τρίϐοι

229 711 314 776 δὲ,
338 709 395 762 αῖ
424 706 519 761 τοῦ
549 708 718 777 νόμου
749 706 981 770 ἐντολαὶ,
1014 706 1090 770 ὡς
1139 707 1238 778 ήδη
1270 706 1658 778 τετριμμέναι.
1713 709 1813 773 “Ag

215 801 442 864 εὐθείας
475 801 647 853 ποιεῖν
676 798 1047 853 διατάττεται.
1078 799 1413 871 Διέστρεφον
1453 800 1564 871 γὰρ
1593 799 1693 865 τὰς
1729 801 1814 852 ὲν-

213 892 386 957 τολὰς
415 893 466 946 οί
495 885 820 964 Φαρισαῖον
854 891 1080 946 δύναται
1111 891 1168 944 δὲ
1192 892 1454 963 νοηθῆναι
1486 893 1585 947 καὶ
1603 893 1745 960 ὁδὸς,
1775 895 1808 964 ἡ

214 988 368 1058 ψυχή
393 1002 408 1017 ⁶
439 987 617 1057 τρίὸοι
662 986 718 1038 δὲ
743 1027 756 1050 ,
791 985 860 1039 τὰ
890 986 1140 1056 νοήματα
1190 987 1285 1041 καὶ
1324 989 1380 1040 αἱ
1413 986 1665 1058 πράξεις.
1721 988 1815 1040 Δεῖ

211 1079 314 1136 οὖν
343 1082 493 1152 ἡμᾶς
517 1081 610 1134 καὶ
637 1079 735 1152 τήν
759 1079 938 1151 ψυχὴν
971 1079 1310 1150 ἑτοιμάζειν,
1339 1081 1431 1134 καὶ
1461 1081 1560 1145 τὰς
1583 1083 1813 1153 πράξεις

214 1173 318 1224 καὶ
352 1171 420 1224 τὰ
448 1172 698 1240 νοήματα
746 1168 903 1239 ἡμῶν
958 1169 1121 1222 εὐθέα
1177 1172 1376 1223 ποιεῖν.
1444 1165 1574 1223 Εἶτα
1621 1168 1811 1241 ὥσπερ

211 1260 542 1333 ὲρωτῶντός
592 1277 768 1323 τινοςο
816 1260 924 1313 Καὶ
987 1259 1103 1324 πῶς
1149 1258 1810 1330 κατορθώσωμεντοῦτος

211 1354 486 1425 δύσεργος
509 1353 617 1422 γὰρ
641 1353 673 1423 ή
697 1352 892 1422 ἀρετὴ,
943 1351 1037 1405 καὶ
1065 1351 1264 1414 πολλὰς
1299 1353 1588 1422 φάραγγας
1614 1353 1812 1424 ἔχουσα

212 1450 314 1502 καὶ
352 1445 665 1509 δυσκολίας,
723 1445 820 1498 καὶ
845 1445 952 1498 ἀπὸ
970 1445 1079 1498 τῶν
1100 1445 1354 1516 πονηρῶν
1389 1443 1692 1512 δυνάμεων,
1718 1445 1816 1497 καὶ

212 1539 466 1594 ἀπ’)’τῶν
490 1539 720 1594 ἐνοίκιον
750 1540 886 1609 ἡμῖν
919 1537 1110 1591 παθῶν
1137 1553 1152 1568 ο
1188 1538 1355 1607 φησίν
1403 1537 1481 1590 ὅτι
1527 1538 1694 1590 Οὐδὲν
1722 1540 1816 1610 €9-

212 1637 394 1705 γῶδες
421 1636 596 1701 ἔσται,
632 1635 771 1689 ἀλλὰ
801 1634 982 1688 πάντα
1015 1634 1131 1704 ρᾀ
1155 1649 1169 1663 ·
1200 1632 1261 1685 αῖ
1291 1649 1350 1684 τε
1385 1632 1493 1702 γὰρ
1529 1633 1813 1700 φάραγγες

217 1726 699 1798 πληρωθήσονται,
740 1725 1050 1788 τουτέστιν,
1081 1725 1137 1777 αἱ
1171 1723 1405 1792 φυσικαὶ
1440 1721 1600 1792 ἡμῶν
1650 1722 1812 1774 δυνά-

220 1836 372 1888 μεις,
420 1820 478 1871 αί
534 1817 671 1886 πρὸς
701 1820 761 1868 τὸ
806 1815 970 1869 καλὸν
1006 1813 1388 1882 ἀσθενήσασαι
1415 1813 1508 1866 καὶ
1544 1829 1812 1864 ταπεινω-

217 1911 424 1972 θεῖσαι,
459 1909 1016 1980 ἀνα-πληρωθήσονται
1047 1923 1062 1941 ⁶
1083 1907 1182 1961 καὶ
1203 1907 1312 1961 πᾶν
1335 1905 1460 1977 ὅρος
1489 1904 1584 1958 καὶ
1604 1903 1812 1974 βουνὸς,

217 2011 277 2062 αἱ
308 2007 685 2076 ἁντικείμεναι
713 2005 857 2073 λέγω
881 2004 1165 2074 δυνάμεις,
1194 2003 1250 2056 αἱ
1279 2002 1370 2056 διὰ
1397 2001 1496 2071 τὴν
1525 2001 1815 2070 ὑπερηφα-

216 2100 342 2154 νίαν
364 2099 642 2169 ἀρθεῖσαι,
666 2095 1201 2164 ταπεινωθήσονται.
1236 2092 1580 2162 Ἠσθένηταν
1611 2091 1721 2160 γὰρ
1739 2088 1814 2153 ὡς

218 2190 442 2259 ἀληθῶς
465 2189 525 2242 αἶ
551 2206 609 2240 τε
634 2186 1012 2257 ἀντικείμεναι
1034 2185 1318 2255 δυνάμεις,
1341 2185 1438 2237 καὶ
1469 2184 1526 2237 al
1555 2179 1816 2235 δοκοῦσαι

216 2282 357 2350 ἡμῖν
388 2279 632 2348 φυσικῶς
662 2277 950 2347 ἐγκεῖσθαι
992 2275 1308 2347 ἐπιθυμίαι.
1343 2277 1452 2328 Καὶ
1491 2275 1672 2327 πάντα
1694 2270 1816 2323 λεῖα

220 2371 520 2441 γεγόνασι·
575 2371 671 2423 καὶ
722 2372 802 2432 εἰς
843 2367 1062 2421 εὐθεῖαν
1087 2367 1158 2421 τὰ
1207 2366 1396 2420 σκολιὰ
1429 2364 1812 2436 μετήχθησαν.

229 2463 292 2520 '0
314 2463 426 2535 γὰρ
455 2461 712 2532 Χριστὸς,
746 2463 848 2524 τάς
867 2477 928 2514 τε
963 2459 1352 2529 ἀντικειμένας
1384 2456 1646 2526 δυνάμεις
1678 2472 1814 2508 κατ-

218 2560 490 2630 ήργησεν,
561 2555 772 2619 αἵτινες
830 2553 1065 2607 ἐνταῦθα
1087 2551 1336 2618 λέγονται
1362 2549 1463 2621 ὅρη
1488 2549 1581 2601 καὶ
1614 2547 1813 2616 βουνοί,

220 2649 320 2703 καὶ
356 2649 456 2712 τὰς
489 2646 728 2717 φυσικὰς
770 2644 930 2718 ἡμῶν
961 2645 1098 2715 πρὸς
1142 2644 1203 2696 τὸ
1237 2642 1403 2696 καλὸν
1432 2641 1677 2712 κινήσεις
1718 2642 1811 2693 ἁν-

221 2743 512 2809 εζὼωσενο
553 2740 619 2805 ἂς
658 2735 813 2792 εἶπεν
845 2741 874 2793 ὁ
897 2737 1299 2806 εὐαγγελιστὴς
1336 2736 1628 2805 φάραγγας
1671 2733 1812 2803 πλη-

223 2836 520 2908 ρουμένας.
556 2834 656 2887 Διὰ
687 2834 847 2888 τοῦτο
876 2832 986 2902 γὰρ
1024 2829 1339 2901 ὲσαρκώθη,
1399 2829 1486 2882 ἵνα
1518 2827 1616 2898 τὴν
1651 2827 1815 2895 φύσιν

221 2931 386 3004 ἡμῶν
411 2931 493 2993 εἰς
521 2929 582 2984 τὺ
609 2931 808 2983 οἰκεῖον
838 2925 1286 2996 ἀποκαταστήσῃ.
1313 2923 1418 2976 Καὶ
1455 2923 1626 2986 πᾶτα,
1658 2921 1812 2990 φησὶ,

1915 432 2152 488 salutare
2200 433 2321 488 Dei.
2365 453 2383 486 ι
2445 434 2540 489 Via
2610 435 2828 506 quidem
2873 452 3037 507 quam
3086 438 3239 508 jubet
3286 443 3492 511 parari,

1915 525 2020 578 vita
2049 533 2134 578 est
2161 524 2494 580 Christiana.
2527 525 2696 582 Paulo
2728 539 2850 596 post
2900 530 3044 584 enim
3102 533 3493 600 praedicaturus

1914 625 2032 670 erat
2086 617 2369 675 Dominus.
2405 617 2642 675 Semitas
2696 635 2828 675 vero
2863 622 3000 676 dicit
3059 624 3318 678 mandata
3359 624 3495 693 legis

1907 706 2019 776 iam
2045 709 2192 775 trita,
2222 725 2344 778 quae
2374 711 2622 781 praecipit
2668 722 2818 766 recta
2873 713 3071 768 facere.
3109 714 3496 770 Pervertebant

1913 802 2058 856 enim
2097 805 2352 858 mandata
2383 802 2666 859 Pharisaei.
2697 805 2881 860 Potest
2913 807 3040 860 item
3068 823 3162 876 per
3199 810 3342 862 viam
3381 808 3496 862 ani-

1880 909 2002 953 ,ma
2030 893 2295 964 intelligi;
2345 896 2553 951 semitae
2615 912 2746 952 vero
2800 897 3154 967 cogitationes
3201 909 3256 953 et
3305 916 3492 971 Opera.

1914 985 2141 1057 Oportet
2187 988 2350 1059 igitur
2413 997 2471 1042 ut
2527 1005 2622 1044 nos
2684 1005 3052 1059 praeparemus
3122 1001 3177 1044 et
3229 992 3491 1058 animam,

1917 1087 2207 1148 rectusque
2283 1080 2548 1135 faciamus
2605 1082 2961 1150 cogitationes
2993 1097 3055 1136 ac
3107 1097 3295 1151 opera.
3334 1083 3494 1138 Dein-

1917 1169 1983 1223 de
2057 1171 2212 1240 quasi
2268 1173 2642 1242 interrogante
2713 1175 2993 1244 quopiam,
3052 1173 3125 1228 Et
3177 1189 3283 1242 quo
3336 1183 3497 1242 pacto

1915 1261 2019 1316 hoc
2061 1262 2368 1317 faciemus?
2393 1265 2563 1320 virtus
2593 1265 2737 1318 enim
2771 1268 2936 1320 ardua
2975 1277 3059 1320 est
3121 1281 3186 1320 ac
3244 1265 3493 1330 difﬁcilis,

1916 1352 2224 1424 multosque
2279 1352 2561 1411 anfractus
2593 1357 2754 1410 habet
2786 1369 2842 1412 et
2880 1357 3252 1427 obliquitates,
3281 1368 3332 1412 et
3366 1372 3495 1426 pro-

1921 1457 2046 1515 pter
2089 1456 2390 1515 potestates
2422 1448 2784 1513 adversar-ias,
2826 1459 2880 1504 et
2926 1461 3146 1520 propter
3180 1449 3497 1504 atl'ectiones

1916 1553 2037 1608 quae
2074 1541 2126 1593 in
2160 1539 2315 1594 nobis
2364 1541 2644 1596 habitant:
2675 1542 2806 1596 dicit
2864 1557 2968 1596 non
3025 1541 3139 1596 fore
3181 1556 3494 1611 operosum,

1916 1631 2010 1684 sed
2049 1631 2274 1686 omnino
2305 1632 2486 1686 facile.
2519 1631 2652 1687 Nam
2689 1633 2879 1699 valles,
2939 1633 3134 1704 inquit,
3192 1633 3497 1704 implebun-

1907 1729 2024 1790 'tur,
2063 1725 2166 1780 hoc
2184 1735 2288 1790 est,
2323 1727 2598 1782 naturales
2641 1737 2843 1782 nostra:
2896 1737 3210 1796 potestates,
3248 1744 3369 1798 qua:
3425 1728 3493 1782 ad

1915 1817 2115 1871 bonum
2149 1816 2379 1873 infirmae
2411 1819 2570 1874 factae
2609 1829 2734 1874 sunt
2757 1831 2811 1873 et
2836 1819 3075 1887 deiectae,
3121 1821 3494 1890 replebuntur,

1914 1908 2203 1978 omnisque
2241 1926 2400 1966 mons
2433 1921 2488 1966 et
2513 1912 2689 1976 collis,
2723 1913 3049 1967 adversariae
3092 1914 3346 1967 nimirum
3395 1929 3496 1981 p0-

1917 2011 2164 2068 testates,
2249 2019 2370 2073 qua:
2431 2016 2652 2074 prepter
2743 2005 3052 2075 superbiam
3093 2021 3152 2062 se
3208 2006 3493 2068 extollunt,

1915 2093 2365 2151 humiliabuntur.
2398 2095 2540 2151 Vere
2573 2097 2717 2152 enim
2750 2097 3034 2154 infirmata
3051 2108 3178 2153 sunt
3202 2108 3495 2168 potestates

1917 2188 2022 2240 illae
2060 2189 2412 2255 adversaria,
2441 2199 2495 2244 et
2530 2190 2862 2258 cupiditates
2915 2207 3036 2261 quae
3081 2201 3274 2246 natura
3341 2192 3496 2248 nobis

1917 2279 2176 2332 videntur
2223 2279 2417 2334 insitae.
2467 2277 2633 2334 Facta
2667 2283 2831 2351 igitur
2888 2290 3014 2336 sunt
3057 2285 3242 2338 omnia
3289 2282 3494 2348 facilia,

1914 2381 1969 2428 et
1999 2372 2219 2443 obliqua
2251 2387 2409 2429 versa
2442 2378 2644 2430 suntin
2671 2386 2838 2431 recta.
2866 2376 3116 2432 Christus
3134 2379 3276 2433 enim
3300 2382 3495 2436 adver-

1915 2467 2090 2521 sarias
2120 2474 2413 2535 potestates
2455 2467 2726 2537 protrivit,
2751 2483 2868 2537 quae
2898 2469 3001 2524 hoc
3033 2470 3156 2524 loco
3189 2482 3402 2526 montes
3433 2489 3496 2528 ac

1917 2557 2082 2611 colles
2110 2557 2382 2624 dicuntur,
2400 2568 2454 2612 et
2483 2559 2758 2613 naturales
2784 2571 2996 2614 nostras
3024 2561 3406 2618 inclinationes
3428 2567 3496 2618 ad

1917 2648 2116 2703 bonum
2154 2650 2536 2713 revivificavit,
2578 2666 2714 2720 quas
2768 2653 2906 2707 dixit
2959 2654 3291 2724 evangelista
3329 2656 3497 2711 valles

1917 2755 2036 2811 qua:
2063 2742 2376 2810 implentur.
2408 2741 2544 2796 Nam
2599 2753 2885 2811 propterea
2940 2746 3256 2805 incarnatus
3288 2760 3395 2816 est,
3435 2763 3499 2807 ut

1919 2841 2172 2886 naturam
2260 2843 2500 2887 nostram
2549 2834 2887 2891 restitueret.
2925 2837 2991 2892 Et
3045 2841 3243 2905 omnis,
3297 2842 3494 2911 inquit,

1915 2942 2048 2996 caro
2093 2926 2296 2982 videbit
2365 2926 2600 2983 salutare
2654 2928 2772 2991 Dei,
2816 2945 2922 2985 non
2977 2930 3146 3012 Judaei
3207 2941 3411 2988 tantum
3444 2943 3498 2988 et

225 3023 368 3092 σὰρξ
401 3021 596 3092 δψεται
645 3021 705 3074 τ’)
745 3020 1011 3090 σωτήριον
1040 3015 1134 3071 τοῦ
1179 3013 1315 3069 Θεοῦ
1347 3031 1361 3046 °
1393 3013 1520 3081 οὐκ.
1561 3015 1640 3066 ἔτι
1686 3012 1809 3065 Ἴου·

1919 3022 2197 3094 proselyti,
2221 3021 2313 3076 sed
2346 3022 2524 3076 omnis
2549 3037 2700 3077 caro.
2731 3022 2944 3077 Etenim
2966 3023 3020 3078 in
3050 3038 3264 3078 omnem
3287 3035 3494 3080 terram

220 3113 365 3165 δαῖοι
401 3111 564 3182 μόνον
614 3109 712 3162 καὶ⁹
744 3108 1108 3178 προσήλυτοι,
1140 3106 1279 3161 ἀλλὰ
1304 3105 1400 3159 καὶ
1449 3107 1600 3158 πᾶσα
1633 3105 1769 3173 σάρξ
1796 3121 1810 3135 '

225 3207 305 3268 είς
324 3207 506 3258 πᾶσαν
530 3205 636 3274 γὰρ
664 3204 764 3273 τὴν
802 3203 906 3272 γῆν
938 3201 1146 3270 ἔφθασε
1167 3199 1229 3253 τὸ
1261 3198 1614 3268 Εὑαγγέλιον.
1637 3196 1814 3251 Πολλὰ

1919 3116 2168 3186 pervenit
2200 3113 2574 3184 Evangelium.
2617 3113 2844 3169 Possent
2873 3117 3092 3193 quidem
3122 3129 3178 3171 et
3205 3117 3306 3171 alia
3329 3118 3495 3172 multa

1914 3208 2042 3272 dici,
2077 3207 2170 3261 sed
2202 3207 2314 3261 lucc
2342 3215 2396 3261 ut
2431 3206 2803 3261 manifestiora
2836 3208 2977 3263 dicta
3013 3207 3141 3262 sint.

223 3297 321 3350 καὶ
356 3296 492 3351 ἄλλα
521 3291 589 3366 ἦν
622 3298 818 3362 εἰπεῖν,
871 3293 1014 3348 ἀλλὰ
1040 3295 1128 3348 διὰ
1177 3294 1238 3348 τὸ
1271 3293 1611 3362 σαφέστερον
1637 3291 1814 3344 ταῦτα
1918 3298 1936 3319 ⁴

228 3389 494 3459 λελέχθω.

301 3502 322 3533 ι
359 3482 584 3549 Ἔλεγεν
631 3476 723 3534 οὖν
752 3481 867 3543 τοῖς
899 3478 1366 3550 ἐκπορευομένοις
1398 3477 1578 3548 ὄχλοις
1611 3477 1813 3546 βαπτι-

225 3573 428 3644 σθῆναι
459 3573 552 3626 ύπ⁹
575 3571 766 3626 αὐτοῦ’
815 3572 1140 3642 Γεννήματα
1189 3570 1435 3640 ἐχιδνῶν,
1481 3570 1563 3632 τίς
1591 3570 1810 3623 ὑπέδει-

225 3665 318 3731 ξεν
343 3666 474 3738 ὑμῖν
509 3668 700 3735 φυγεῖν
729 3665 840 3718 ἀπὸ
895 3667 996 3735 τῆς
1032 3662 1332 3735 μελλούσης
1381 3664 1587 3733 ὀργῆς;
1645 3663 1812 3732 Ποιή-

226 3774 361 3812 σατε
381 3753 475 3812 οὖν
505 3757 756 3828 καρποὺς
782 3755 969 3822 ἀξίους
997 3757 1096 3825 τῆς
1131 3753 1446 3826 μετανοίας,
1482 3754 1578 3806 καὶ
1613 3754 1686 3824 μὴ
1710 3755 1811 3822 ἄρ-

227 3850 396 3924 ξησθε
419 3851 599 3919 λέγειν
621 3851 679 3903 ὲν
694 3850 928 3909 ἑαυτοῖςο
963 3847 1182 3916 Πατέρα
1207 3846 1404 3916 ἔχομεν
1424 3845 1516 3897 τὸν
1536 3844 1808 3915 Ἀδραάμο

224 3946 371 4015 λέγω
404 3945 514 4016 γὰρ
555 3946 706 4015 ὑμῖν,
759 3944 840 3997 ὅτι
866 3942 1087 3995 δύναται
1113 3943 1140 3994 ὁ
1167 3939 1298 4003 Θεὸς
1319 3939 1414 3993 καὶ
1433 3942 1496 3992 ἐκ
1519 3939 1628 3991 τῶν
1648 3939 1811 3993 λίθων

223 4038 432 4092 τούτων
471 4039 684 4108 ἐγεῖραι
731 4035 897 4089 τέκνα
934 4035 1012 4104 τῷ
1058 4032 1331 4104 Ἀϐραάμ.
1374 4033 1512 4103 Ἤδη
1561 4032 1618 4084 δὲ
1651 4033 1808 4104 καὶὴ

222 4131 383 4200 ἀξίνη
412 4129 548 4200 πρὸς
581 4127 681 4198 τήν
716 4125 874 4198 ῥίζαν
898 4126 1006 4179 τῶν
1040 4125 1275 4196 δένδρων
1308 4127 1510 4178 κεῖται.
1550 4127 1668 4178 Πᾶν
1711 4122 1807 4179 οὖν

222 4220 442 4289 δένδρον
491 4218 566 4288 μὴ
615 4217 804 4270 ποιοῦν
854 4215 1066 4286 καρπὸν
1123 4216 1308 4280 καλὸν,
1346 4215 1681 4268 ἐκκόπτεται
1715 4218 1810 4270 καὶ

223 4313 305 4376 είς
327 4311 439 4382 πῦρ
474 4308 748 4379 βάλλεται.
789 4327 808 4360 ι
857 4308 1188 4378 Γεννήματα
1219 4307 1446 4378 ἐχιδνῶν
1476 4307 1635 4362 καλεῖ
1680 4309 1807 4371 τοὺς

1984 3475 2149 3545 Vsus.
2171 3475 2295 3538 7-9.
2339 3495 2356 3528 ι
2413 3476 2634 3530 D‘cebat
2665 3491 2792 3547 ergo
2823 3477 2890 3532 ad
2920 3478 3107 3535 turbas
3136 3493 3258 3548 quae
3277 3479 3498 3534 exibant

1914 3581 1974 3625 ut
2018 3570 2429 3640 haptizareutur
2479 3570 2546 3623 ab
2600 3572 2715 3638 ipso
2759 3589 2772 3622 :
2815 3569 3110 3640 Progenies
3162 3574 3493 3640 viperarum,

1913 3663 2036 3731 quis
2065 3664 2219 3717 vobis
2274 3663 2708 3716 submonstravit
2765 3671 2823 3714 ut
2883 3661 3206 3731 fugeretisa
3261 3671 3494 3716 ventura

1914 3755 1992 3808 ira
2027 3755 2049 3807 ‘3
2081 3754 2264 3808 Facite
2291 3769 2423 3824 ergo
2470 3753 2680 3808 fructus
2707 3755 2899 3822 dignos
2937 3755 3292 3823 paenitentiae,
3323 3764 3378 3809 et
3427 3770 3497 3809 ne

1912 3843 2189 3913 cmperitis
2217 3844 2396 3898 dicere
2441 3844 2583 3898 intra
2627 3844 2876 3912 vosipsos
2906 3861 2921 3898 :
2957 3841 3173 3898 Patrem
3229 3843 3495 3900 habemus

1913 3937 2188 3990 Abraham
2225 3952 2240 3988 :
2272 3936 2391 3990 dico
2421 3937 2564 3990 enim
2599 3935 2777 3999 vobis,
2815 3943 3008 4003 potens
3032 3944 3116 3989 est
3144 3935 3286 3989 Deus
3316 3935 3386 3990 de
3415 3936 3496 3990 la-

1911 4028 2126 4096 pidibus
2157 4026 2277 4080 istis
2307 4027 2574 4080 suscitare
2606 4025 2741 4080 filios
2763 4025 2864 4096 ipsi
2885 4025 3136 4080 Abrahre.
3185 4024 3304 4080 Jam
3365 4042 3492 4082 vero

1911 4125 1964 4174 et
2001 4119 2207 4174 securis
2237 4117 2303 4172 ad
2327 4117 2563 4170 radicem
2597 4119 2854 4172 arborum
2915 4117 3088 4186 posita
3155 4128 3258 4174 est.
3303 4118 3490 4174 Omnis

1908 4229 2038 4281 ergo
2064 4213 2228 4266 arbor
2268 4228 2374 4266 non
2409 4211 2616 4265 faciens
2649 4211 2882 4266 fructum
2916 4213 3139 4278 bonum,
3195 4213 3486 4275 exciditur,

1909 4312 1962 4354 et
1993 4302 2044 4355 in
2064 4303 2252 4371 ignem‘
2275 4301 2584 4368 conjicitur.
2613 4320 2632 4353 ι
2663 4301 2959 4373 Progenies
2988 4303 3298 4371 viperarum
3321 4315 3479 4358 vocat

236 4405 549 4468 Ἰουδαίους,
577 4402 653 4465 ὡς
680 4402 810 4465 τοὺς
834 4402 1079 4470 πατέρας
1101 4401 1280 4455 αὐτῶν
1303 4401 1395 4454 καὶ
1433 4402 1534 4465 τὰς
1565 4401 1806 4474 μητέρας

1913 4393 2146 4460 Judros,
2176 4405 2430 4463 tanquam
2467 4393 2766 4464 aflligentcs
2795 4405 2976 4463 patres
3007 4405 3059 4450 et
3085 4407 3288 4450 matres
3333 4411 3484 4450 snas.

221 4496 527 4559 θλίϐοντας.
570 4495 681 4548 Καὶ
713 4495 822 4565 γὰρ
851 4493 1010 4546 τοῦτο
1042 4493 1104 4546 τὸ
1131 4491 1272 4557 ζῶον
1314 4493 1536 4563 λέγουσι
1558 4495 1659 4562 τὴν
1705 4496 1808 4564 μή-

217 4607 362 4662 τραν
389 4588 639 4651 διεσθίον,
663 4585 808 4640 οὕτω
844 4585 1168 4639 τίκτεσθαι·
1203 4585 1339 4640 ἀλλὰ
1383 4587 1477 4639 καὶ
1511 4587 1635 4647 τοὺς
1669 4603 1805 4655 προ-

222 4682 408 4752 φήτας
429 4680 775 4745 ἀπέκτεινον,
812 4678 904 4730 καὶ
929 4677 1054 4739 τοὺς
1081 4675 1455 4738 διδασκάλους.
1483 4675 1806 4729 Μέλλουσαν

213 4774 277 4830 δὲ
305 4773 496 4846 ὀργὴν,
527 4772 626 4842 τὴν
651 4771 869 4826 αἰώνιόν
901 4786 1034 4840 φησι
1059 4767 1304 4821 κόλασιν.
1325 4767 1550 4837 Καρποὶ
1577 4766 1632 4819 δὲ
1661 4766 1804 4830 ἄξιοι

211 4866 319 4936 τῆς
352 4864 662 4936 μετανοίας,
689 4864 751 4916 οὐ
777 4863 938 4933 μόνον
964 4863 996 4932 ή
1030 4857 1291 4928 ἀποφυγὴ
1321 4858 1415 4910 τοῦ
1442 4857 1639 4921 κακοῦ,
1669 4856 1805 4910 ἀλλὰ

213 4958 315 5012 καὶ
348 4958 383 5027 ή
443 4955 813 5026 ὲπεξεργασία
869 4953 963 5007 τοῦ
1005 4949 1235 5020 ἀγαθοῦ.
1271 4950 1443 5002 Τοῦτο
1488 4952 1597 5020 γὰρ
1637 4950 1804 5012 ὅντως

217 5047 438 5118 καρπὸς
487 5049 582 5100 καὶ
613 5046 860 5115 γέννημα
892 5045 991 5113 τῆς
1032 5041 1344 5113 μετανοίας,
1375 5040 1436 5094 τὸ
1465 5041 1802 5110 ἐργάσασθαι

213 5141 279 5192 τὸ
309 5139 536 5207 ἀγαθόν.
565 5141 656 5208 Μὴ
687 5137 926 5207 ἄρξησθε
973 5134 1029 5187 δὲ
1091 5133 1274 5201 λέγειν
1312 5135 1368 5186 ὲν
1426 5134 1665 5198 ἑαυτοῖς,
1718 5134 1802 5186 ὅτι

215 5229 476 5298 Εὖγενεῖς
497 5231 684 5299 ἐσμεν,
710 5230 803 5282 καὶ
830 5225 1160 5298 θαρροῦντες
1180 5226 1291 5286 τοῖς
1336 5223 1623 5294 πατράσιν,
1667 5225 1804 5294 άμε-

214 5322 349 5393 λῆτε
378 5322 479 5392 τῆς
509 5322 732 5393 ἀρετῆς.
760 5321 872 5374 Καὶ
906 5319 1016 5388 γὰρ
1050 5318 1146 5370 καὶ
1174 5318 1237 5369 ἐκ
1270 5316 1379 5369 τῶν
1405 5315 1570 5369 λίθων
1597 5317 1802 5369 τούτων

212 5417 507 5487 δυνήσεται
535 5417 562 5468 ὁ
593 5415 726 5476 Θεὸς
753 5412 830 5482 τῷ
875 5411 1196 5482 πατριάρχῃ
1229 5407 1425 5469 παῖδας
1458 5405 1659 5471 δοῦνιι,
1691 5407 1802 5459 ὦσ-

211 5525 326 5577 περ
367 5507 553 5578 σχεδὸν
588 5507 684 5559 καὶ
715 5504 907 5575 πρώην
935 5503 1213 5572 ἐποίησεν.
1254 5498 1321 5551 Ἦ
1357 5499 1462 5568 γὰρ
1493 5499 1674 5568 μήτρα
1705 5499 1802 5568 τῆς

213 5601 462 5672 Σάρρας,
508 5599 670 5653 λίθων
716 5594 851 5652 οὖσα
893 5594 1260 5668 σκληροτέρα,
1310 5593 1458 5660 ὅμως
1490 5593 1566 5654 εἰς
1617 5592 1801 5644 παιδο-

209 5694 414 5749 ποιίαν
449 5692 786 5765 ὲχαριτώθη·
825 5691 984 5762 ἀξίνη
1017 5690 1095 5756 δὲ,
1139 5690 1171 5758 ή
1205 5685 1323 5741 θεία
1350 5683 1607 5754 κρίσι;,ή
1643 5682 1800 5736 ἐκκό-

1910 4487 2151 4539 Tradunt
2174 4485 2318 4540 enim
2347 4486 2414 4539 de
2441 4486 2542 4539 hoc
2567 4484 2807 4550 animali,
2839 4486 2980 4552 quod
3011 4496 3226 4540 uterum
3247 4485 3484 4550 devoret,

1907 4587 1962 4630 et
1999 4577 2080 4630 sic
2137 4588 2415 4642 nascatur,
2447 4577 2526 4630 sic
2550 4585 2604 4630 et
2634 4576 2801 4630 Judazi
2839 4577 3133 4645 prophetas
3155 4586 3208 4630 et
3237 4576 3486 4630 doctores
3534 4569 3540 4574 ’

1907 4669 2247 4723 occidebant.
2304 4668 2595 4721 Venturam
2629 4667 2762 4720 iram
2787 4664 2952 4736 294
2981 4665 3110 4719 dicit
3165 4675 3483 4733 perpetuum

1907 4757 2256 4827 supplicium.
2305 4756 2542 4811 Fructus
2577 4766 2752 4810 autem
2779 4755 3112 4825 pmnitentim
3166 4771 3271 4808 non
3312 4754 3482 4809 solum

1906 4860 1988 4904 est
2018 4848 2143 4918 fuga
2181 4848 2328 4913 mali,
2362 4849 2455 4903 sed
2490 4848 2652 4902 etiam
2675 4848 2978 4904 elaboratio
3008 4847 3158 4901 boni.
3194 4845 3304 4902 Hoc
3334 4847 3477 4901 enim

1909 4956 2101 4996 revera
2131 4951 2216 4996 est
2241 4940 2490 5010 proferre
2517 4939 2748 4995 fructum
2772 4939 3124 5009 pmnitenliaz,
3181 4939 3227 4992 si
3283 4939 3481 4992 bonum

1906 5032 2114 5102 operati
2147 5030 2430 5086 fuerimus.
2469 5029 2547 5085 Ne
2573 5031 2848 5098 cmperitis
2888 5039 3069 5083 autem
3110 5029 3294 5084 dicere
3344 5030 3482 5083 intra

1905 5141 2004 5180 vos
2045 5142 2058 5178 :
2087 5124 2309 5180 Nobiles
2343 5139 2568 5180 Sllll‘lllS:
2603 5138 2734 5175 neve.
2756 5122 3093 5176 confidentes
3135 5121 3187 5174 in
3216 5121 3482 5189 patribus,

1905 5219 2162 5274 virtutem
2191 5217 2497 5286 negligatis.
2529 5214 2730 5268 Poterit
2753 5213 2897 5267 enim
2929 5212 3069 5268 Deus
3092 5228 3157 5267 ex
3213 5211 3483 5281 lapidibus

1907 5311 2024 5365 istis
2037 5309 2360 5379 patriarchae
2381 5307 2514 5360 filios
2529 5305 2680 5370 dare,
2699 5305 2842 5360 sicut
2861 5303 2971 5358 fere
2989 5305 3138 5374 prius
3151 5306 3310 5359 etiam
3333 5302 3481 5358 fecit.

1906 5401 2077 5457 Vulva
2107 5401 2252 5455 enim
2281 5398 2458 5452 Sarrm
2481 5397 2748 5466 lapidibus
2791 5405 2912 5452 erat
2973 5396 3184 5460 durior,
3241 5403 3480 5448 attamen

1905 5495 1972 5549 ad
2006 5491 2372 5564 procreandos
2417 5490 2554 5546 filios
2584 5491 2817 5561 gratiam
2855 5499 3146 5546 consecuta
3177 5498 3281 5544 est.
3315 5489 3484 5543 Porro

1905 5587 2111 5643 securis
2161 5586 2406 5640 divinum
2444 5584 2708 5653 judicium
2739 5593 2844 5649 est,
2879 5583 3174 5655 indlgnose
3200 5584 3308 5637 vita
3334 5595 3483 5636 rese-

1905 5694 2055 5735 cans.
2092 5677 2206 5736 Nisi
2238 5677 2406 5749 igitur
2429 5676 2804 5748 paenitentiam
2831 5677 3074 5748 egeritis,
3108 5676 3304 5744 inquit,
3333 5675 3496 5728 excix
