3896 6452
170 303 263 369 ’ΠΙ
910 305 1361 367 ENARRATIO
1401 306 1481 366 IN
1515 303 2018 368 EVANGELIUM
2052 310 2285 374 LUCAI.
2326 315 2559 376 -—CAI’.
2596 318 2712 379 III.

3324 316 3428 380 7:22

168 422 357 489 ἱμάντα
389 418 501 471 τῶν
538 418 901 491 ὑποδημάτων
934 421 1103 475 αὐτοῦ
1163 421 1345 485 ἱκανός
1390 422 1505 491 εἰμι
1547 420 1730 474 λῦσαι.

1849 428 1948 477 tem
2000 424 2115 483 haec
2143 428 2247 484 sibi
2275 429 2498 485 volunt?
2541 430 2843 503 Baptizabit
2880 445 2973 486 vos
3005 430 3058 486 iu
3107 428 3312 500 Spiritu
3355 444 3412 488 ct

166 511 227 565 Τί
248 511 302 564 δὲ
323 508 501 564 ταῦτα
518 509 737 582 δηλοῦσι
760 510 868 577 ;Τδ
890 512 1008 583 μὲν,
1031 512 1295 568 Βαπτίσει
1317 513 1460 583 ὑμᾶς
1485 513 1540 565 ὲν
1565 512 1741 565 Πνεύ-

170 620 294 675 ματι
326 602 421 657 καὶ
473 604 637 674 πυρὶ,
701 604 970 676 πρόδηλον
1026 608 1248 670 πάντως
1271 621 1286 637 ο
1319 607 1413 659 καὶ
1470 607 1580 677 γάρ
1629 607 1743 669 τοῖς

167 695 480 756 ἀποστόλοις
509 695 728 766 ἔπεμψε
754 696 816 750 τὸ
853 698 1098 770 πνεῦμα,
1125 698 1221 754 xui
1252 697 1478 769 πύριναι
1500 696 1742 767 γλῶσσαι

167 790 419 859 ὤφθησαν
450 789 813 860 μεριζόμεναι
842 791 1048 856 αὐτοῖς.
1090 791 1164 845 Τὸ
1193 791 1249 845 δὲ
1279 791 1353 863 μὴ
1382 790 1525 846 εῖναι
1558 792 1746 845 ἰκανὸν

165 882 314 935 λῦσαι
334 880 425 932 τὸν
458 881 668 949 ἱμάντα
705 880 816 935 τῶν
844 881 1207 953 ὑποδημάτων
1233 883 1420 946 αὐτοῦ,
1473 881 1612 935 κατὰ
1646 880 1746 952 μὲν

165 971 257 1043 τὴν
285 971 541 1041 προφανῆ
582 971 812 1039 ἔννοιαν,
836 973 921 1027 ὃτι
941 973 1075 1027 Οὐδὲ
1107 973 1337 1044 ἔσχατος
1362 971 1548 1036 δοῦλος
1577 971 1744 1027 αὐτοῦ

166 1065 272 1132 είμι
303 1061 453 1127 ἄξιος
485 1060 803 1115 τάττεσθαι.
839 1061 997 1116 Κατὰ
1028 1061 1085 1115 δὲ
1116 1063 1178 1116 τὸ
1212 1063 1612 1133 κρυφιώτερον,
1652 1061 1747 1116 δύο

168 1152 488 1222 ὑποδήματά
516 1152 628 1205 εἰσι
675 1152 770 1205 τοῦ
806 1153 1055 1223 Κυρίου,-
1092 1153 1127 1224 ἦ
1177 1170 1235 1206 τε
1266 1152 1325 1219 ἐξ
1385 1152 1618 1223 οὐρανοῦ
1652 1153 1746 1206 ἐπὶ

165 1246 255 1316 τὴν
301 1244 406 1313 γῆν
434 1243 728 1314 ἐπιδημία,
773 1245 867 1298 xui
895 1246 928 1314 ἡ
962 1246 1026 1299 ὲκ
1048 1245 1151 1315 γῆς
1175 1245 1267 1298 ἐπὶ
1297 1244 1390 1299 τὸν
1417 1243 1550 1316 ᾅδην
1571 1260 1586 1275 ’
1618 1244 1746 1298 τού·

167 1354 266 1390 των
285 1334 380 1388 οὖν
408 1333 519 1387 τῶν
548 1334 646 1388 δύο
670 1336 976 1405 ὲπιδημιῶν
1002 1337 1128 1398 τούς
1152 1336 1409 1408 τρόπους,
1432 1336 1494 1390 οὐ
1521 1334 1748 1390 δύναταί

165 1445 241 1491 τις
273 1426 454 1489 λῦσαι,
497 1426 623 1480 οὐδὲ
653 1427 700 1479 εἰ
733 1427 874 1480 κατὰ
908 1427 1162 1498 Ἰωάννην
1196 1428 1333 1483 ἐστί.
1397 1427 1494 1492 Τίς
1521 1427 1629 1500 γὰρ
1653 1428 1745 1482 δύο

169 1535 314 1571 ναται
343 1519 546 1585 εἰπεῖν,
582 1519 614 1589 ἢ
653 1517 771 1581 πῶς
797 1519 1109 1591 ἐσαρκώθη,
1148 1520 1182 1592 ἢ
1214 1521 1334 1585 πῶς
1364 1521 1637 1592 κατῆλθεν
1664 1524 1746 1587 είς

170 1609 324 1681 ᾅδηνς
385 1609 460 1663 Τὺ
490 1610 550 1664 δὲ
588 1603 665 1664 Οὐ
699 1611 760 1664 τὸ
787 1611 963 1666 πτύον
992 1613 1050 1665 ἐν
1095 1615 1162 1686 τῇ
1190 1615 1335 1685 χειρὶ
1363 1613 1554 1679 αὐτοῦ,
1587 1614 1747 1669 τοῦτο

173 1699 437 1769 σημαίνει,
483 1702 593 1765 ὅτι,
650 1702 713 1755 Ei
744 1703 839 1757 xui
890 1703 1143 1774 βαπτίσει
1191 1706 1357 1776 ὑμᾶς,
1394 1705 1469 1779 μὴ
1495 1705 1746 1777 νομίζετε

170 1764 252 1845 ετῖ
270 1791 368 1862 ἤδη
392 1764 726 1847 άθῶοίγὲστε
756 1811 771 1826 ο
806 1764 921 1848 ἀλλ’
965 1797 1015 1849 εί
1042 1796 1116 1868 μὴ
1153 1764 1244 1851 τὸν
1436 1764 1608 1852 ταῦτα
1631 1764 1744 1869 βίον
1778 1764 1825 1826 Β

173 1884 387 1952 ἄμωμον
409 1883 738 1953 ὲνδείξεσθε,
767 1888 1105 1943 κατακαύσει
1127 1891 1273 1961 ὑμᾶς
1297 1891 1431 1962 πυρὶ
1457 1890 1710 1964 ἀσϐέστῳ
1728 1909 1741 1924 ο

173 1976 361 2045 ἄχυρον
399 1977 510 2047 γάρ
543 1977 716 2043 ἐστιν,
762 1979 792 2032 6
819 1978 1069 2052 ἄκαρπον
1096 1980 1236 2052 ἔχων
1267 1981 1415 2049 νοῦν,
1465 1983 1559 2037 xui
1584 1984 1744 2054 μόνον

176 2063 426 2134 συρφετὸν
456 2066 632 2123 πολὺν
650 2068 923 2138 βιωτικῶν
950 2073 1292 2143 πραγμάτων
1331 2073 1743 2144 ἐπιφερόμενος.

180 2174 198 2207 ι
238 2156 411 2211 Πολλά
436 2158 493 2211 δὲ
526 2161 625 2214 xui
652 2159 817 2233 ἕτερα
847 2162 1200 2234 παρακαλῶν,
1241 2165 1625 2236 εὐηγγελίζετο
1652 2165 1746 2220 τὸν

174 2245 308 2301 λαόν.
344 2266 362 2299 ι
399 2249 763 2324 Παράκλησις
794 2253 904 2325 γὰρ
934 2238 1104 2319 ὅντως
1137 2257 1286 2310 ἐστὶν
1321 2259 1353 2329 η
1386 2256 1567 2330 ἀγαθὴ
1596 2257 1744 2311 διδα-

178 2338 359 2392 σκαλία
386 2357 402 2370 ’
431 2344 529 2395 xui
578 2344 899 2414 εὐαγγέλιον
931 2346 988 2399 δὲ
1017 2347 1241 2411 εἰκότως
1261 2347 1328 2402 ἂν
1346 2348 1590 2420 λεχθείη.

241 2448 259 2480 ι
301 2431 359 2484 ’0
387 2431 444 2485 δὲ
480 2432 738 2505 Ἡρώδης
787 2438 814 2490 6
866 2437 1189 2510 Τετράρχης
1248 2439 1607 2515 ἐλεγχόμενος
1652 2439 1745 2494 ὐπ’

176 2521 327 2575 αὐτοῦ
369 2524 500 2596 περὶ
535 2527 870 2598 Ἡρωδιάδος
923 2529 1024 2594 τῆς
1078 2532 1341 2599 γυναικὸς
1387 2530 1481 2585 τοῦ
1508 2530 1743 2600 ἀδελφοῦ

181 2612 355 2681 αὐτοῦ,
419 2618 515 2671 xui
578 2619 712 2690 περὶ
774 2622 995 2676 πάντων
1035 2615 1110 2679 ὧν
1140 2623 1366 2694 ἐποίησε
1407 2623 1661 2695 πονηρῶν
1716 2626 1745 2678 6

189 2703 440 2777 Ἡρώδης,
470 2709 785 2780 προσέθηκε
816 2712 913 2766 xui
949 2711 1108 2767 τοῦτο
1157 2714 1251 2767 ἐπὶ
1281 2716 1439 2779 πᾶσι,
1488 2694 1583 2768 xui
1613 2694 1748 2769 κατ-

180 2793 373 2849 ἐκλεισε
403 2798 494 2857 τὸν
538 2802 797 2873 Ἰωάννην
825 2803 882 2857 ιν
911 2807 979 2877 τῇ
1023 2807 1261 2878 φυλακῇ.
1312 2806 1561 2875 Ἐγένετο
1588 2805 1646 2859 δὲ
1686 2807 1745 2859 ἐν

179 2885 250 2954 τῷ
271 2886 633 2963 βαπτισθῆναι
656 2893 873 2949 ἅπαντα
900 2897 996 2949 τὸν
1027 2897 1178 2964 λαὸν,
1207 2899 1304 2953 καὶ
1340 2898 1518 2970 Ἰησοῦ
1549 2899 1746 2971 βαπτι-

182 2977 381 3043 σθέντος
402 2986 495 3038 xui
528 2989 996 3060 προσευχομένου,
1031 2991 1372 3064 ἀνεῳχθῆναι
1395 2992 1485 3047 τὸν
1514 2993 1745 3064 οὐρανὸν

182 3072 610 3162 καὶγκαταὸῆναι
637 3078 700 3131 τὸ
725 3079 949 3151 Πνεῦμα
981 3082 1042 3135 τὸ
1094 3081 1250 3152 ἅγιον
1286 3084 1587 3156 σωματικῷ
1615 3086 1743 3139 είδει
1773 3101 1817 3162 ο

181 3158 300 3214 ὡσεὶ
331 3167 664 3238 περιστερὰν
686 3171 775 3223 ἐπ’
821 3172 1005 3240 αὐτὸν,
1055 3178 1150 3227 xui
1198 3174 1383 3247 φωνὴν
1421 3175 1482 3241 ἐξ
1510 3178 1745 3248 οὐρανοῦ

184 3253 432 3319 γενέσθαι,
457 3256 730 3327 λέγουσαν
749 3279 766 3294 ο
800 3263 872 3316 Σὺ
894 3259 945 3316 εἴ
963 3264 993 3317 6
1025 3264 1153 3327 Υίός
1175 3283 1279 3335 μου
1311 3268 1338 3320 6
1362 3266 1666 3338 ἀγαπητὸς,
1688 3268 1747 3323 ἐν

186 3344 257 3395 σοὶ
277 3345 571 3420 ηὐδόκησα.
587 3368 607 3400 ι
643 3350 885 3417 Εἰκότως
909 3355 1278 3427 παρενέϐαλεν
1296 3358 1324 3410 6
1357 3356 1747 3426 εὐαγγελιστὴς

183 3434 394 3491 ενταῦθα
416 3439 487 3493 τά
508 3442 646 3512 napi
685 3442 953 3514 Ἡρώδου,
1007 3442 1292 3517 μονονουχὶ
1320 3448 1498 3502 τοιάδε
1529 3447 1704 3517 λέγων
1727 3463 1743 3480 ·

209 3528 245 3580 0
267 3528 358 3598 μὶν
373 3529 557 3602 ὄχλος,
584 3532 811 3590 τοιαῦτα
834 3537 964 3607 περὶ
996 3537 1241 3592 Ἰωάννου
1266 3537 1612 3607 διελογίζετο,
1633 3542 1660 3593 ὁ
1690 3539 1747 3593 δὲ

190 3615 417 3693 Ἡρώδης
461 3624 824 3695 ἐλεγχόμενος
876 3628 968 3681 ὐπ’
1018 3628 1207 3694 αὐτοῦ,
1274 3630 1589 3702 προσέθηκε
1650 3634 1746 3684 xui

181 3710 323 3765 τοῦτο
343 3714 433 3768 ἐπὶ
462 3718 627 3781 πᾶσι,
650 3717 712 3770 τὸ
739 3718 1094 3773 κατακλεῖσαι
1123 3721 1286 3776 αὐτὸν
1316 3725 1374 3776 ὲν
1395 3724 1460 3793 τῇ
1490 3723 1707 3794 φυλακῇ
1728 3738 1743 3755 ·

183 3800 361 3858 ὡσανεὶ
385 3802 479 3862 οὖν
516 3809 883 3880 σχετλιάζων,
911 3813 1088 3867 ταῦτα
1128 3814 1401 3885 διηγεῖται
1439 3816 1534 3870 xui
1571 3817 1747 3871 δεινο-

184 3894 376 3962 παθῶν,
450 3903 573 3970 εῐγε
614 3901 708 3955 τοῦ
736 3903 894 3973 ὄχλου
939 3906 1198 3979 τοιαύτην
1229 3907 1501 3978 ὑπόληψιν
1533 3910 1626 3964 ἐπὶ
1669 3911 1747 3980 τῷ

194 3981 392 4060 Ἰωάννῃ
443 3991 698 4061 ἔχοντος,
741 3994 770 4046 6
830 3991 1073 4065 Ἡρώδης
1118 3995 1344 4051 τοιαῦτα
1410 3998 1743 4066 ἐπεδείξατο.

185 4078 459 4147 ’Λνοξγεται
482 4083 543 4137 δὲ
577 4084 606 4137 6
629 4084 878 4155 οὐρανὸς,
904 4086 994 4141 ἵνα
1014 4085 1195 4161 δειχθῇ
1223 4090 1351 4160 ἡμῖν
1368 4090 1450 4144 ὄτι
1478 4092 1537 4145 τὸ
1558 4091 1748 4162 βάπτι-

1846 520 1980 591 igni,
2008 521 2353 577 manifestum
2377 524 2615 580 omnino.
2632 524 2843 580 Etenim
2875 524 3132 597 apostolis
3157 525 3418 595 Spiritum

1844 614 2014 681 misit,
2039 624 2095 670 et
2115 615 2287 686 ignem
2334 616 2530 688 linguae
2560 626 2927 687 apparuerunt
2962 618 3260 688 dispertita:
3290 618 3418 674 illis.

1844 704 1962 761 Non
1995 718 2175 763 autem
2206 708 2426 779 dignum
2469 723 2589 765 esse
2610 717 2669 762 ut
2693 709 2865 764 solvat
2898 710 3186 782 corrigiam
3209 709 3419 766 calcea-

1846 808 2176 867 ntentnrum,
2207 800 2353 856 clara
2377 800 2649 855 sententia
2677 810 2781 867 est,
2810 803 2952 871 quod
2978 818 3082 856 non
3104 802 3176 856 sit
3227 802 3421 871 dignus

1846 891 1935 959 qui
1960 891 2099 947 inter
2128 901 2407 948 extremos
2435 905 2622 947 servos
2649 892 2950 948 ordinetur.
2980 891 3037 946 in
3056 907 3214 949 sensu
3238 903 3421 949 autem

1845 984 2163 1052 occultiore,
2189 986 2295 1042 duo
2321 987 2683 1042 calceamenta
2723 984 2959 1052 Domini,
2993 995 3121 1040 sunt
3141 985 3429 1056 profectio-

1848 1092 1946 1131 nes
1975 1077 2093 1146 ejus
2110 1076 2249 1143 duae,
2273 1091 2378 1131 una
2404 1093 2435 1133 e
2460 1078 2613 1133 caelis
2642 1078 2695 1132 in
2722 1087 2948 1146 terram,
2998 1077 3170 1132 altera
3196 1091 3228 1132 e
3274 1086 3423 1131 terra

1850 1168 1903 1222 in
1959 1167 2241 1223 infernum
2284 1170 2520 1225 :barum
2568 1171 2711 1224 enim
2757 1170 2985 1224 duarum
3035 1168 3429 1239 profectionum

1847 1260 2067 1314 modum
2092 1276 2199 1315 non
2235 1270 2414 1329 potest
2446 1260 2713 1331 quispiam
2761 1261 2996 1327 solvere,
3037 1276 3109 1315 ne
3136 1260 3180 1315 si
3227 1257 3425 1314 Joanni

1851 1351 2069 1421 quidem
2098 1351 2295 1407 similis
2319 1351 2505 1407 fuerit.
2541 1352 2673 1419 Quis
2697 1353 2839 1406 enim
2880 1351 3153 1421 explicare
3203 1350 3423 1421 poterit,

1848 1451 1941 1496 aut
1965 1444 2238 1512 quomodo
2277 1441 2592 1498 incarnatus
2619 1443 2715 1506 sit,
2748 1453 2842 1498 aut
2874 1443 3144 1513 quomodo
3174 1443 3227 1499 in
3253 1441 3428 1496 infer-

1849 1549 1979 1588 num
2013 1532 2353 1589 descenderit
2382 1533 2548 1588 Nam
2575 1534 2932 1589 ventilabrum
2979 1534 3032 1590 in
3069 1549 3231 1589 manu
3286 1533 3424 1605 ejus,

1847 1623 1951 1680 hoc
1967 1624 2164 1695 signat,
2182 1622 2327 1693 quod
2352 1623 2504 1681 Licet
2525 1625 2812 1696 baptizarit
2835 1640 2952 1690 vos,
2976 1641 3043 1681 ne
3059 1627 3262 1697 putetis
3282 1626 3428 1696 quod

1848 1716 1959 1786 iam
1988 1718 2234 1773 insontes
2251 1717 2411 1773 sitis:
2457 1719 2551 1773 sed
2577 1718 2680 1774 nisi
2721 1718 2945 1786 posthac
3002 1718 3166 1773 vitam
3205 1718 3429 1788 egeritis

1850 1810 2278 1878 irnmaculatam,
2298 1822 2490 1866 exuret
2518 1826 2615 1866 vos
2650 1811 2757 1882 igni
2788 1811 3234 1880 inexstinguibili.
3264 1810 3425 1867 Pelea

1845 1904 1991 1959 enim
2014 1904 2206 1974 estqui
2230 1902 2578 1958 infecundam
2612 1913 2844 1958 mentem
2872 1903 3062 1967 habet,
3098 1911 3153 1957 et
3183 1913 3421 1959 tantum-

1847 1995 2007 2051 modo
2060 2010 2310 2066 magnam
2361 2010 2543 2050 rerum
2611 1994 2988 2066 temporalium
3032 2010 3217 2050 curam
3269 1998 3428 2065 gerit.

1851 2086 2067 2142 «Multa
2123 2094 2385 2143 autemet
2455 2087 2556 2141 alia
2631 2088 2931 2142 exhortans
3021 2088 3433 2158 evangelizahat

1847 2179 2061 2251 populo.
2094 2196 2112 2231 ι
2145 2177 2456 2234 Consolatio
2478 2177 2624 2233 enim
2654 2189 2711 2232 et
2743 2177 3078 2244 exhortatio,
3107 2193 3299 2234 revera
3347 2187 3431 2240 cst

1864 2267 2301 2339 doctrinaibona,
2326 2278 2382 2323 et
2404 2267 2526 2340 jure
2556 2268 2754 2323 dicitur
2783 2268 3122 2339 evangelium

1917 2429 2083 2485 Vens.
2116 2428 2307 2485 19-22.
2344 2447 2363 2481 ι
2414 2428 2659 2485 Herodes
2715 2438 2894 2483 autem
2959 2426 3253 2484 Tetrarcha
3304 2444 3426 2484 cum

1848 2521 2216 2589 corriperctur
2243 2522 2311 2574 ab
2342 2519 2435 2572 illo
2475 2520 2542 2573 de
2572 2517 2877 2574 IIerodiade
2902 2534 3075 2574 uxore
3103 2519 3290 2575 fratris
3324 2525 3431 2583 sui,

1849 2612 2023 2681 deque
2061 2610 2314 2666 omnibus
2353 2610 2511 2665 malis
2542 2625 2661 2678 qua:
2695 2609 2928 2664 faciebat
2971 2608 3234 2672 Herodes,
3285 2611 3435 2680 adje-

1847 2704 1918 2757 cit
1946 2711 2001 2757 et
2033 2702 2138 2758 hoc
2167 2717 2332 2772 super
2356 2703 2558 2768 omnia,
2599 2710 2655 2755 et
2685 2700 2902 2756 inclusit
2926 2702 3192 2758 Joannem
3226 2702 3278 2756 in
3306 2717 3432 2757 car-

1849 2809 2049 2849 cerem.
2085 2794 2310 2849 Factum
2340 2804 2424 2848 cst
2462 2804 2647 2849 autem
2686 2810 2813 2850 cum
2846 2795 3217 2865 baptizaretur
3248 2793 3430 2848 omnis

1846 2887 2097 2957 populus,
2128 2896 2185 2941 ut
2214 2897 2270 2940 et
2306 2884 2435 2941 Jesu
2473 2886 2751 2956 baptizato
2776 2895 2831 2941 et
2863 2894 3054 2940 orante
3085 2895 3329 2955 apertum
3360 2884 3434 2940 sit

1849 2980 2069 3044 ctelum,
2132 2992 2198 3036 ac
2251 2979 2536 3034 descendit
2593 2979 2831 3047 Spiritus
2886 2987 3109 3033 sanctus
3160 2976 3430 3046 corporali

1847 3073 2025 3142 specie
2044 3072 2199 3141 quasi
2225 3071 2473 3126 columba
2503 3072 2555 3125 in
2589 3072 2786 3141 ipsum,
2821 3082 2873 3125 et
2905 3086 3006 3125 vox
3032 3074 3097 3124 de
3123 3069 3262 3124 coelo
3289 3068 3434 3124 facta

1848 3174 1931 3220 est
1958 3179 2077 3234 qua:
2111 3163 2317 3218 diceret
2352 3180 2366 3217 :
2395 3163 2473 3217 Tu
2527 3178 2585 3218 es
2620 3162 2790 3217 Filius
2811 3163 2898 3218 ille
2924 3177 3078 3218 meus
3104 3162 3354 3224 dilectus,
3376 3162 3434 3214 in

1852 3267 1902 3313 te
1923 3257 2300 3326 complacitum
2320 3265 2403 3311 est
2429 3255 2582 3311 mihi.
2616 3274 2636 3308 ι
2670 3254 3160 3310 Meritoiutcrserit
3188 3254 3289 3308 hoc
3313 3253 3437 3307 loco

1847 3348 2178 3419 evangelista
2201 3347 2267 3403 de
2286 3347 2518 3416 Herode,
2537 3347 2689 3417 quasi
2708 3347 2764 3401 in
2794 3347 2937 3402 hunc
2960 3348 3177 3401 modum
3204 3345 3389 3400 dicens
3415 3365 3431 3401 :

1848 3440 2029 3495 Turba
2077 3440 2293 3511 quidem
2333 3439 2462 3495 talia
2517 3442 2584 3495 de
2619 3438 2828 3495 Joanne
2859 3437 3158 3502 sentiebat,
3194 3435 3433 3493 Herode8

1849 3540 2032 3586 autem
2075 3546 2198 3586 cum
2230 3530 2722 3599 reprehenderetur
2742 3530 2811 3584 ab
2839 3544 2926 3594 eo,
2959 3528 3124 3582 etiam
3151 3530 3217 3583 ad
3251 3527 3433 3582 omnia

1847 3625 1953 3679 alia
1983 3623 2222 3678 facinora
2253 3623 2452 3693 adjecit
2482 3631 2541 3677 ut
2567 3621 2872 3677 includeret
2904 3620 3050 3676 illum
3094 3620 3145 3674 in
3178 3636 3422 3675 carcere.

1848 3716 2044 3771 Narrat
2088 3716 2273 3786 itaque
2312 3715 2427 3770 haec
2476 3714 2735 3770 miserum
2782 3714 2931 3769 illum
2962 3721 3018 3768 et
3061 3728 3428 3768 a‘rutnnosum

1850 3807 2119 3872 indicans,
2152 3807 2592 3876 quandoquidem
2625 3806 2751 3860 talia
2800 3819 2968 3860 ausus
3020 3803 3219 3869 fuerat,
3276 3805 3432 3858 turba

1850 3907 2076 3964 tantam,
2097 3900 2405 3969 opinionem
2444 3897 2675 3954 habente
2711 3897 2777 3952 de
2822 3896 2989 3967 296
3021 3896 3254 3951 Joanne.
3284 3895 3431 3965 Ape-

1849 3990 1989 4046 ritur
2037 3998 2215 4047 autem
2261 3990 2481 4056 coelum,
2517 4001 2573 4044 ut
2604 3998 2938 4046 monstretur
2967 3989 3122 4044 nobis
3154 3990 3296 4058 quod
3332 3988 3431 4044 ba-

1848 4084 2047 4153 ptisma
2065 4083 2536 4154 aperiatpmnibus
2553 4081 2748 4138 caelum
2762 4123 2775 4144 ,
2792 4081 2935 4150 quod
2950 4081 3123 4134 Adam
3142 4080 3429 4136 clauserat.

184 4179 286 4259 εμα
309 4170 511 4242 ἀνοίγει
542 4175 678 4228 πᾶσι
711 4174 802 4227 τὸν
848 4176 1099 4246 οὐρανὸν,
1134 4178 1193 4231 ὃν
1243 4182 1270 4233 6
1313 4179 1485 4252 Ἀδὰμ
1510 4182 1741 4239 ἔκλεισε.

1849 4176 2139 4233 Descendit
2170 4182 2353 4231 autem
2386 4174 2619 4245 Spiritus
2666 4175 2721 4230 in
2771 4172 2983 4259 Jesunt,
3013 4183 3071 4228 ut
3110 4190 3175 4230 ex
3201 4174 3305 4229 hoc
3354 4173 3437 4230 di—

168 4257 390 4314 Κάτεισί
418 4282 476 4318 τε
508 4265 573 4319 τὸ
623 4265 849 4337 Πνεῦμα
892 4268 985 4320 ἐπὶ
1031 4268 1123 4322 τὸν
1163 4271 1390 4341 Ἰησοῦν,
1429 4273 1518 4327 ἴνα
1558 4276 1651 4328 καὶ
1681 4277 1745 4330 ἐκ

1849 4284 2065 4325 scamus
2095 4270 2238 4340 quod
2264 4278 2320 4323 et
2348 4267 2404 4323 in
2436 4282 2559 4333 nos,
2584 4282 2704 4322 cum
2724 4257 3089 4335 baptizamur,
3139 4264 3432 4322 descendat

183 4353 354 4408 τούτου
378 4359 642 4432 μάθωμεν
671 4363 755 4416 ὅτι
788 4365 883 4417 xui
926 4366 1062 4436 ἡμῖν
1106 4365 1526 4440 βαπτιζομένοις
1561 4370 1742 4424 ἔπεισι

1851 4360 2111 4434 Spiritus.
2140 4359 2327 4431 Neque
2357 4360 2501 4415 enim
2525 4358 2726 4428 Spiritu
2748 4357 3006 4413 Dominus
3026 4372 3161 4427 opus
3177 4356 3432 4420 habebat.

184 4446 236 4497 τὸ
250 4448 461 4521 Πνεῦμα
483 4471 499 4486 ·
543 4454 604 4508 οὐ
637 4456 745 4528 γὰρ
772 4456 835 4528 δὴ
863 4458 891 4510 6
925 4458 1127 4533 Κύριος
1148 4459 1325 4515 ἐδέετο
1355 4463 1449 4516 τοῦ
1482 4464 1745 4534 Πνεύμα-

1853 4456 1946 4511 sed
1974 4452 2158 4511 omnia
2204 4462 2428 4524 propter
2459 4466 2559 4508 nos
2611 4451 2764 4519 facit,
2800 4457 2854 4507 et
2909 4451 3166 4521 primitiae
3222 4450 3337 4518 ipse
3375 4447 3436 4503 fit

184 4554 282 4602 τος.
322 4543 483 4600 Ἀλλὰ
523 4548 703 4602 πάντα
731 4549 801 4602 δι’
833 4551 980 4620 ἡμᾶς
1004 4554 1167 4617 ποιεῖ,
1206 4554 1298 4607 xui
1329 4555 1553 4627 ἀπαρχὴ
1583 4556 1745 4622 αὐτὸς

1853 4548 2094 4603 Omnium
2122 4561 2241 4616 qua:
2273 4560 2375 4603 nos
2410 4544 2681 4616 sumpturi
2729 4559 2919 4602 sumus
2966 4543 3216 4614 posthac,
3250 4549 3307 4596 ut
3345 4544 3437 4595 tiat

185 4630 369 4695 γίνεται
422 4640 677 4706 πάντων,
729 4633 805 4696 ὧν
855 4643 1153 4713 ἐμέλλομεν
1208 4647 1371 4716 ἡμεῖς
1439 4646 1744 4717 λαμϐάνειν

1854 4638 2254 4710 primogenitus
2298 4638 2352 4692 in
2383 4638 2570 4694 multis
2600 4637 2883 4695 fratribus.
2925 4638 2988 4691 in
3022 4635 3205 4709 specie
3252 4643 3433 4689 autem

187 4717 412 4795 ὕστερον,
443 4733 519 4796 ὠς
546 4733 613 4786 ἂν
644 4733 986 4804 πρωτότοκος
1018 4736 1075 4787 ὲν
1130 4736 1345 4801 πολλοῖς
1376 4736 1621 4808 ἀδελφοῖς
1647 4739 1742 4807 γέ-

1850 4730 2113 4787 columbae
2131 4731 2430 4797 descendit,
2462 4729 2806 4785 ntdiscamus
2837 4729 2979 4799 quod
3007 4737 3318 4782 mansuetos
3338 4741 3435 4781 nos

185 4828 359 4884 νηται·
408 4822 487 4889 ὡς
536 4825 839 4898 περιστερὰ
858 4826 937 4894 δὲ,
986 4827 1077 4880 ἵνα
1110 4827 1370 4900 μάθωμεν
1422 4830 1504 4883 ὅτι
1531 4832 1742 4903 πράους

1849 4835 1971 4878 εεεε
1988 4829 2260 4892 oporteat,
2287 4833 2352 4875 ac
2380 4821 2627 4874 mundos.
2657 4819 2727 4875 Et
2758 4819 2898 4874 sicut
2929 4828 3171 4887 tempore
3196 4816 3308 4871 Noe
3336 4831 3431 4870 cu-

186 4904 318 4994 !iila;
347 4908 484 4971 εἶναι
517 4914 713 4971 δεῖκαὶ
742 4917 1016 4990 καθαρούς
1037 4937 1050 4949 ’
1082 4921 1178 4974 xui
1201 4922 1283 4974 ὅτι
1310 4921 1499 4994 ὥσπερ
1526 4922 1619 4976 ἐπὶ
1649 4923 1743 4977 τοῦ

1849 4910 2031 4967 lumba
2077 4910 2407 4982 signiﬁcavit
2427 4909 2698 4979 quievisse
2742 4909 2879 4964 iram
2907 4908 3004 4964 Dei
3029 4910 3095 4973 ”,
3127 4908 3205 4962 sic
3244 4917 3297 4960 ct
3331 4909 3431 4962 hoc

185 4990 316 5065 Νῶε,
369 5008 670 5079 περιστερὰ
721 5010 960 5078 ἐμήνυσε
991 5012 1089 5082 τὴν
1116 5011 1463 5065 κατάπαυσιν
1514 5012 1614 5082 τῆς
1647 5012 1741 5066 τοῦ

1849 5003 2477 5075 loco,8piritusfsanctus
2497 5002 2804 5058 conciliavit
2832 5016 2931 5057 nos
2967 5003 3098 5068 Dco,
3135 4999 3277 5054 facto
3303 5014 3433 5069 pec-

186 5083 307 5141 Θεοῦ
336 5092 524 5168 ὀργῆς,
555 5099 697 5153 οὕτω
740 5103 834 5155 xui
877 5102 1131 5173 ἐνταῦθα,
1164 5102 1225 5158 τδ
1253 5103 1475 5175 Πνεῦμα
1501 5104 1562 5158 τὸ
1588 5104 1744 5174 ἅγιον

1849 5099 1947 5156 cati
1970 5098 2192 5155 diluvio.
2220 5096 2287 5152 Et
2316 5096 2485 5153 Filius
2508 5096 2705 5152 audita
2752 5093 2913 5150 Patre
2968 5106 3159 5148 vocent
3188 5090 3433 5157 allatam,

190 5184 504 5257 κατῄλλαξεν
533 5193 681 5264 ἡμᾶς
720 5192 797 5264 τῷ
846 5194 985 5266 Θεῷ,
1019 5196 1408 5267 κατακλυσμὸν
1439 5197 1534 5267 τῆς
1558 5197 1743 5269 ἁμαρο

1849 5203 2160 5249 monstrans
2187 5193 2331 5264 quod
2357 5200 2413 5248 et
2442 5191 2604 5246 nobis
2641 5190 2732 5259 qui
2771 5188 3130 5257 baptizamur,
3185 5185 3431 5255 adoptio-

190 5270 297 5363 :‘G;
340 5285 747 5363 ’ποιησάμενον
810 5287 903 5341 xui
941 5286 1070 5352 Υἱὸς
1112 5287 1168 5342 δὲ
1204 5289 1414 5356 ἀκούει,
1466 5290 1614 5361 παρὰ
1648 5291 1744 5344 τοῦ

1849 5298 1966 5340 nem
1995 5283 2225 5339 filiorum
2255 5284 2348 5338 Dei
2368 5281 2594 5352 largitus
2614 5280 2709 5335 sit.
2740 5279 2797 5335 In
2831 5286 2883 5335 te
2905 5279 3044 5334 bene
3071 5275 3328 5348 placitum
3352 5281 3435 5329 est

196 5358 390 5455 Ρατρδς
413 5376 725 5450 ἐνεχθείσης
754 5379 853 5449 τῆς
879 5382 1088 5452 φωνῆς,
1139 5382 1352 5446 δεικνὺς
1380 5383 1461 5435 ὅτι
1495 5358 1589 5436 xui
1618 5384 1745 5455 ἡμῖν

1851 5376 2010 5445 mihi,
2042 5376 2147 5433 hoc
2175 5384 2281 5443 est,
2312 5375 2362 5430 in
2388 5382 2440 5432 te
2465 5373 2700 5445 quietem
2727 5367 2932 5444 accepi.

198 5450 615 5546 βᾳπτιζομένεις,
644 5470 745 5540 τὴν
782 5450 1061 5525 υἱοθεσίαν
1104 5475 1396 5546 ἐχαρίσατο
1457 5472 1547 5528 Ἐν
1572 5450 1671 5531 soi"
1696 5474 1752 5529 δὲ

201 5543 467 5622 εὐδόκησα,
506 5560 626 5612 ἀντὶ
657 5559 776 5625 τοῦ,
802 5543 1217 5636 ἐπανεπαύθηνξ

268 5729 311 5763 ²²
345 5732 475 5794 Gen.
503 5755 620 5808 vm,
649 5742 733 5798 Η.
